3978 6588
162 389 290 452 337

1186 399 1605 460 PRECEPTA
1652 401 2092 463 EDUCATION
2107 403 2176 462 IS
2211 402 2487 464 REGLE.

3332 405 3436 468 333

158 509 269 562 καὶ
322 506 422 570 τὰς
469 509 744 579 μηχανὰς,
776 511 875 583 οὐχ
919 507 1084 585 ἦττον
1131 509 1289 586 οἶμαι
1340 517 1452 570 τῶν
1508 518 1768 587 πονηρῶν

1882 520 2112 574 hostium
2145 521 2386 590 intellige
2419 517 2763 588 superjectus
2791 528 2955 588 atque
2985 518 3294 585 machinas,
3327 537 3438 577 non

157 601 511 671 ἀνθρώπων,
537 602 569 673 ἦ
602 602 702 667 τὰς
746 607 854 658 τῶν
894 605 1164 676 δαιμόνων
1193 607 1372 662 αὐτῶν
1391 623 1406 640 ⁶
1436 603 1514 664 ὧν
1559 608 1754 678 καιρὸς

157 696 247 757 εἰς
283 694 350 747 τὸ
397 698 675 766 σπαρῆναι
705 697 767 750 τὸ
794 697 895 767 τῆς
925 699 1164 764 διανοξας
1193 701 1356 770 ἡμῶν
1391 701 1590 772 ἀμελές
1615 702 1757 755 ἐστι.

159 787 328 869 Πρός
356 803 421 855 γε
455 788 556 859 τὴν
588 787 761 858 αὔξην
802 789 836 858 ἠ
879 790 1111 862 δύναμις
1143 792 1204 846 τὸ
1239 792 1373 864 πρὸς
1407 793 1506 856 τὰς
1539 794 1760 858 ιντολὰς

157 877 466 948 ὀλιγώρως
494 880 646 950 ἡμᾶς
673 879 842 950 ἔχειν.
868 881 1030 935 Ὥστε
1053 881 1118 936 τὸ
1163 883 1333 938 κακὸν
1363 882 1582 953 άληθῶς
1619 883 1759 952 μᾶλο

159 969 260 1022 λον
295 969 570 1040 ἡμέτερόν
592 970 731 1033 ἐστι,
764 971 874 1023 τῶν
905 971 1282 1040 ὲκλελυμένων
1309 973 1407 1028 καὶ
1432 973 1760 1026 ἀναπεπτω-

159 1063 379 1127 κότων,
433 1061 467 1130 ἢ
522 1061 632 1116 τῶν
682 1063 883 1127 ἔξωθεν
940 1063 1174 1133 ιχθρῶν,
1215 1059 1300 1127 οἷς
1349 1067 1382 1134 ἡ
1437 1064 1536 1134 τῆς
1582 1063 1762 1133 λύμης

161 1152 341 1219 ἰσχὺς
389 1151 558 1221 ἡτῶν
591 1151 835 1216 ἐκείνους
871 1152 1180 1222 δεχομένων
1229 1154 1498 1224 χαυνότης
1544 1151 1763 1214 πάντως

160 1241 357 1297 ιστξν.

898 1423 1034 1480 KH'.

240 1508 333 1566 Ἠ
360 1512 471 1566 τῶν
510 1513 596 1579 ἐφ’
625 1513 761 1583 ἡμῖν
791 1513 853 1566 ὃν
879 1515 941 1567 τό
975 1531 1032 1568 τε
1077 1516 1374 1571 πεπεῖσθαι
1403 1519 1518 1582 τοῖς
1547 1519 1769 1588 δαίμοσι

1867 612 2048 668 minus
2079 613 2453 681 improborum
2482 614 2563 680 (ut
2585 611 2835 680 equidem
2869 612 3126 683 arbitror)
3154 612 3436 668 hominum

1862 717 2026 771 quam
2063 704 2306 771 ipsorum
2362 703 2671 757 dwmonum
2703 720 2717 756 :
2784 719 3018 772 quorum
3054 706 3440 773 opportunitas

1868 795 1934 850 ad
1971 805 2268 851 sementem
2331 795 2633 850 faciendam
2671 805 2872 852 nostrm
2905 797 3107 852 mentis
3138 805 3220 852 est
3250 796 3437 854 indili-

1869 885 2049 955 gentia
2078 901 2093 950 ;
2128 887 2508 940 succrescendi
2564 902 2693 940 vero
2725 887 2961 943 facultas
2991 904 3020 944 a
3049 898 3236 944 nostra
3268 891 3321 944 iu
3347 891 3444 944 ob—

1870 977 2159 1032 servandis
2201 978 2488 1046 praeceptis
2535 978 2833 1034 oscitantia
2883 977 3271 1046 proficiscitur.
3322 980 3436 1045 Quc

1873 1069 1955 1130 ﬁt,
1987 1070 2190 1125 malum
2249 1057 2306 1124 ut
2353 1070 2536 1139 potius
2596 1079 2845 1125 nostrum
2883 1071 2954 1124 sit
2991 1070 3441 1138 exrstimandum,

1870 1164 1961 1230 qui
1999 1162 2255 1217 dissoluti
2288 1172 2343 1217 et
2387 1163 2564 1232 supini
2615 1178 2830 1226 sumus,
2867 1178 3030 1231 quam
3085 1173 3440 1216 externorum

1870 1253 2106 1308 hostium
2131 1271 2144 1306 ε
2165 1269 2396 1324 quorum
2424 1253 2602 1308 omnis
2624 1253 2676 1308 in
2707 1253 3106 1322 corrumpendo
3132 1255 3213 1308 vis
3269 1253 3446 1305 muni-

1871 1359 1944 1398 no
1973 1346 2170 1414 pendet
2201 1347 2268 1399 ah
2315 1345 2532 1399 illorum
2571 1343 2825 1412 segnitie,
2853 1343 2946 1412 qui
3000 1359 3096 1398 eos
3122 1343 3441 1397 admittunt.

2536 1434 2775 1489 XXVIII.

1943 1528 2079 1582 Tam
2124 1529 2504 1597 obtemperare
2537 1527 2885 1583 daemonibus
2931 1541 2994 1580 ac
3032 1527 3307 1595 pestiferis
3343 1527 3440 1580 ho-

160 1607 268 1660 καὶ
327 1610 439 1668 τοῖς
495 1605 723 1675 φθόροις
768 1608 1102 1678 ἀνθρώποις,
1137 1611 1198 1663 τό
1244 1626 1305 1664 τε
1355 1611 1651 1666 διαπτύσαι
1701 1613 1771 1666 τὰ

1882 1619 2138 1684 minibus,
2177 1635 2339 1688 quam
2375 1619 2717 1679 earumdem,
2762 1620 2828 1671 ad
2859 1617 3095 1687 pessima
3150 1617 3445 1671 cohortan-
3498 1685 3502 1692 ἱ

159 1699 387 1751 τούτων
421 1697 791 1768 βουλεύματα,
818 1701 1232 1769 παραινούντων
1254 1705 1389 1772 ἡμῖν
1413 1704 1480 1757 τὰ
1499 1705 1770 1774 χείριστα.

162 1792 243 1844 “re
274 1791 374 1843 τὸν
419 1791 602 1844 αὐτῶν
647 1791 932 1845 αἰτιᾶσθαι
978 1793 1197 1860 φθόνον,
1232 1795 1326 1848 καὶ
1377 1795 1438 1849 τδ
1468 1797 1773 1878 κακόηθες,

163 1883 333 1950 ἡμᾶς
377 1882 580 1944 αὐτοὺς
609 1881 786 1944 αἰτίας
821 1881 1269 1953 ἐλευθεροῦντας,
1297 1886 1521 1940 ἐπειδάν
1566 1903 1618 1939 τι
1651 1887 1762 1952 τῶν

164 1973 369 2027 κακῶν
411 1974 749 2042 ἐνεργῶμεν.
780 1975 985 2042 ματαία
1031 1975 1233 2045 σκῆψις
1275 1977 1370 2030 καὶ
1401 1977 1569 2048 λῆρος
1601 1957 1763 2048 έσχαο

165 2081 292 2127 τος.
324 2063 514 2128 Οὸδεὶς
543 2065 653 2134 γὰρ
679 2064 1017 2118 οὐδεπώποτ’
1051 2066 1117 2121 ἂν
1150 2067 1370 2123 ἔπεισεν
1408 2070 1598 2124 οὐδένα
1630 2072 1765 2123 πάν-

162 2173 284 2208 των
335 2155 665 2226 ἀνθρώπων,
705 2156 781 2228 μὴ
827 2156 1231 2229 βεϐουλημένον
1260 2161 1596 2231 πεισθῆναι.
1636 2163 1763 2226 Πῶς

165 2247 326 2316 γάρς
366 2246 530 2301 Ὥστε
576 2249 808 2320 γνώμης
853 2249 914 2302 τὸ
948 2249 1265 2306 πεπεῖσθαι.
1294 2252 1466 2306 Τοῦτο
1499 2253 1554 2306 δὲ
1599 2255 1761 2308 ἐκούο

171 2357 300 2392 σιον
330 2339 428 2393 καὶ
459 2339 749 2410 ἡμέτερον,
773 2341 836 2395 ού
860 2339 968 2394 τῶν
997 2342 1256 2412 θύραθεν.
1287 2345 1347 2396 Ei
1377 2345 1480 2414 μὲν
1505 2345 1597 2400 οῦν
1624 2348 1763 2418 πρὸς

172 2436 308 2502 βεαν
337 2437 472 2505 ἡμῖν
502 2436 714 2504 ἐγίνετο
746 2437 806 2490 τὸ
842 2437 1160 2504 πεπεῖσθαι,
1184 2439 1346 2503 ἄλλος
1392 2443 1459 2495 ἄν
1509 2460 1593 2496 σοι
1630 2444 1765 2513 παρ’

169 2527 340 2597 ἡμῶν
390 2527 611 2595 ἐγένετο
654 2527 812 2598 λόγος
837 2543 853 2559 ⁸
896 2528 1086 2601 ἐπειδὴ
1119 2531 1176 2584 δὲ
1210 2533 1586 2603 προαιρέσεως
1624 2538 1764 2604 ἠμεο

170 2622 366 2690 τέρας,
395 2618 605 2688 ταύτης
651 2619 708 2672 δὲ
740 2620 931 2688 κύριος
972 2621 1132 2688 μόνος
1163 2624 1192 2674 ό
1231 2625 1590 2693 κεκτημένος,
1621 2626 1762 2694 άγαυ

171 2711 331 2779 πητᾶ
383 2709 455 2762 τά
492 2708 772 2778 λεχθέντα.
812 2710 1002 2779 Ἀρκεῖ
1051 2710 1160 2778 γὰρ
1213 2712 1386 2766 ταῦτα
1438 2713 1609 2779 δεῖξαι
1661 2716 1756 2769 τὸν

174 2801 472 2870 ἄνθρωπον
507 2799 730 2866 άγαθδν,
765 2801 829 2870 ἦν
860 2799 1040 2871 ἐθέλῃ,
1068 2802 1164 2853 καὶ
1206 2802 1378 2855 κακὸν
1417 2806 1768 2874 γιγνόμενον,

177 2896 265 2947 δτι
307 2892 494 2946 θέλει·
537 2892 672 2962 ὅπερ
722 2891 829 2945 ἔδει
880 2892 1098 2955 πάντως
1129 2892 1414 2961 δεδεῖχθαι.
1447 2896 1767 2964 Καταγελα-

180 2985 340 3039 στέον
370 2984 436 3055 δὴ
464 2984 532 3037 τὰ
556 2983 684 3046 τοὺς
708 2983 937 3048 πολλοὺς
962 2983 1232 3052 κηλοῦντα
1267 2986 1360 3039 καὶ
1391 2986 1766 3057 δεδιττόμενα,

181 3079 279 3131 καλ⁸
311 3078 542 3131 δοκείτω
581 3077 788 3132 διωκτά
837 3078 939 3148 μὲν
975 3077 1136 3147 μόνον
1167 3080 1374 3141 ἐκεῖνα,
1409 3079 1551 3136 ἅττα
1579 3081 1642 3154 δὴ
1674 3085 1768 3136 τὸν

1877 1713 2036 1775 tium,
2069 1712 2301 1765 consilia
2342 1725 2623 1780 respuere.
2677 1717 2867 1763 nostra
2898 1709 3069 1763 situm‘
3088 1718 3170 1762 est
3199 1709 3254 1760 in
3294 1717 3444 1775 pote-

1878 1812 2037 1859 state.
2063 1801 2395 1856 Eorumdem
2429 1811 2483 1856 et
2513 1800 2773 1856 invidiam
2802 1809 2854 1854 et
2887 1799 3150 1852 malitiam
3182 1813 3446 1852 accusare

1876 1911 2004 1952 cum
2069 1895 2196 1949 mali
2232 1893 2364 1962 quid
2411 1893 2789 1961 designamus,
2843 1901 3062 1945 nosmet
3116 1891 3263 1958 ipsos
3294 1892 3444 1944 omni

1869 1987 2027 2054 culpa
2054 1984 2358 2047 liberando,
2385 1992 2680 2052 praetextas
2703 1996 2872 2034 vanus
2893 1988 2996 2041 est,
3024 1989 3446 2048 extremumque

1870 2075 2163 2140 delirium;
2197 2075 2395 2144 quippe
2446 2087 2608 2126 uenio
2667 2085 2906 2138 unquam
2961 2070 3132 2123 ullum
3186 2070 3435 2123 omnium

1870 2167 2185 2223 mortalium
2241 2164 2519 2221 suadendo
2554 2163 2791 2232 impulit,
2825 2163 2918 2230 qui
2970 2161 3290 2230 persuaderi
3345 2179 3443 2214 nn-

1871 2258 2083 2312 luisset.
2112 2254 2232 2320 Quo
2259 2255 2406 2308 enim
2432 2255 2486 2308 in
2517 2264 2676 2324 pacto
2712 2253 2827 2306 ﬁeri
2881 2252 3096 2320 possit?
3122 2252 3178 2305 In
3207 2252 3450 2308 hominis

1871 2349 2038 2417 igitur
2089 2356 2171 2401 est
2207 2345 2440 2400 arbitrio
2476 2345 2664 2410 situm,
2717 2354 2774 2398 ut
2824 2344 3241 2413 persuadeatur.
3284 2344 3441 2409 Quod

1871 2449 2049 2495 autem
2089 2438 2176 2498 ,ita
2230 2445 2607 2506 comparatum
2659 2443 2765 2499 est,
2820 2434 3184 2489 voluntarium
3235 2444 3341 2497 est,
3383 2449 3446 2487 ac

1874 2540 2150 2596 nostrum,
2183 2545 2291 2584 non
2319 2529 2710 2584 extrariorum.
2745 2524 2899 2592 Quod
2933 2526 2976 2580 si
3007 2528 3058 2580 vi
3091 2527 3245 2580 fieret
3271 2525 3324 2578 in
3355 2541 3452 2578 no.

1874 2624 1959 2678 bis
2000 2622 2305 2692 persuasio,
2339 2621 2449 2675 alia
2483 2630 2766 2674 uteremur
2792 2619 3063 2673 oratione.
3118 2615 3274 2670 Nunc
3319 2631 3446 2671 cum

1875 2730 1902 2768 a
1939 2724 2128 2769 nostra
2154 2714 2392 2783 pendeat
2415 2711 2708 2778 electione,
2737 2711 2895 2778 cujus
2920 2709 3178 2764 dominus
3206 2717 3292 2763 est
3313 2708 3454 2762 dun-

1877 2817 2028 2862 taxat
2065 2808 2135 2872 is,
2164 2808 2256 2877 qui
2284 2822 2343 2860 ea
2374 2804 2637 2876 praeditus
2669 2815 2746 2858 est
2772 2819 2896 2874 quae
2927 2803 3183 2868 dicimus,
3216 2800 3454 2872 amplec-

1877 2900 2035 2954 tenda
2068 2900 2314 2953 veniunt.
2345 2897 2554 2966 Quippe
2583 2897 2722 2951 satis
2749 2905 2853 2960 cst,
2885 2895 2954 2950 iis
2983 2895 3224 2964 probari,
3245 2892 3450 2948 bonum

1875 3008 1997 3048 esse
2028 2991 2330 3056 hominem,
2375 2991 2418 3044 si
2455 2988 2582 3043 velit
2617 2997 2668 3042 ct
2706 2987 2908 3041 malum
2943 2985 3081 3050 fieri,
3117 2984 3248 3055 quia
3277 2983 3450 3038 velit:

1877 3087 2022 3155 quod
2079 3085 2305 3140 omnino
2339 3086 2781 3138 demonstratum
2815 3080 3082 3150 oportuit.
3112 3081 3189 3132 Ac
3224 3077 3455 3148 proinde

182 3171 396 3239 ἀγαθὸν
427 3171 563 3239 ἡμῖν
596 3170 893 3222 συνάπτειν
929 3167 1224 3238 δεσπότην,
1258 3172 1470 3238 φευκτά
1499 3174 1553 3226 δὲ
1586 3175 1764 3229 πάντα

1882 3179 2052 3232 risum
2079 3183 2382 3236 merentur,
2425 3189 2549 3244 quae
2599 3173 2794 3241 vulgus
2851 3171 3140 3225 hominum
3196 3169 3450 3238 decipere

183 3265 284 3317 καὶ
313 3262 551 3332 φοϐερὰ,
580 3263 682 3316 όσα
713 3264 806 3316 τδν
836 3262 998 3334 μόνον
1021 3261 1254 3333 φοϐερὸν
1284 3265 1612 3336 συγκρούειν
1639 3270 1772 3339 ημῖν

182 3354 436 3410 δύναται.

1881 3269 2250 3338 territareque
2303 3265 2504 3328 solent,
2556 3281 2618 3318 ac
2653 3263 3026 3324 statuendum,
3079 3277 3145 3316 ea
3212 3271 3453 3316 tantum-

1880 3363 2042 3418 modo
2068 3360 2394 3428 expetenda,
2423 3373 2546 3429 quae
2575 3358 2776 3411 bonum
2803 3354 2956 3409 illum
2981 3353 3263 3408 dominum
3296 3352 3458 3407 nobis

186 3450 518 3513 conciliare,
559 3446 820 3519 fugienda
865 3462 996 3504 vero
1037 3462 1160 3506 esse
1198 3464 1262 3508 ac
1297 3454 1584 3522 terribilia,
1633 3472 1979 3530 quaecunque
2029 3456 2206 3511 solum
2263 3454 2418 3509 illum
2471 3450 2771 3506 terribilem
2822 3448 3111 3503 adversum
3175 3460 3276 3501 nos
3325 3460 3466 3501 con-

188 3543 364 3596 citare
396 3548 646 3610 possunt.

462 3683 469 3689 .
925 3633 1053 3689 ΚΘ.

267 3726 488 3780 Πολλῶν
539 3742 602 3793 γε
659 3723 876 3795 θρήνων
937 3726 1108 3792 ἄξιον,
1175 3728 1429 3795 ἐξουσίαν
1485 3732 1774 3802 εἰληφότας

191 3819 362 3872 τέκνα
395 3814 534 3868 Θεοῦ
567 3816 847 3882 γενέσθαι,
873 3816 1060 3870 ἔπειτα
1092 3817 1368 3874 δουλεύειν
1400 3823 1607 3876 ἐθέλειν
1628 3840 1643 3854 °
1679 3827 1775 3878 καὶ

193 3913 389 3963 τούτου
415 3909 674 3980 τυχόντας
705 3909 899 3978 βοηθοῦ
927 3911 1066 3963 κατὰ
1097 3912 1206 3964 τῶν
1236 3913 1426 3966 παθῶν
1452 3933 1508 3968 τε
1544 3918 1638 3970 καὶ
1665 3917 1774 3970 τῶν

195 4001 491 4070 δαιμόνων,
549 3997 740 4069 ῶσπερ
775 4001 874 4068 τὴν
922 4000 1178 4070 βοήθειαν
1224 4005 1545 4070 φεύγοντας,
1581 4007 1776 4076 ἥττους

199 4095 426 4146 ἐκείνων
458 4090 785 4162 φαίνεσθαιο
826 4093 924 4145 καὶ
971 4095 1131 4162 χεῖρα
1164 4096 1474 4164 ὀρέγοντος,
1499 4097 1599 4161 τὰς
1640 4101 1780 4168 ἡμε-

183 4187 368 4255 ,τέρας
403 4185 717 4238 συστέλλειν
738 4200 752 4216 ’
796 4188 892 4238 καὶ
925 4185 1226 4255 δυναμένου
1264 4188 1451 4242 δοῦναι
1475 4190 1575 4258 τὴν
1605 4187 1777 4263 ἧτταν

200 4275 664 4340 ἀνακαλέσασθαι,
690 4276 789 4329 καὶ
833 4276 1160 4345 βουλομένου
1200 4279 1360 4333 τοῦτο
1399 4281 1777 4352 δωρήσασθαι,

204 4368 490 4438 μονονουχὶ
523 4365 807 4419 διαπτύειν
852 4367 1001 4437 ήμᾶς
1037 4367 1136 4436 τὴν
1182 4368 1363 4438 χάριν.
1397 4371 1563 4424 ’Δνευ
1597 4371 1654 4423 δὲ
1688 4376 1782 4425 καὶ

199 4461 434 4530 ταυτησὶ
482 4460 580 4530 τῆς
626 4458 941 4530 ὑπερφυοῦς
985 4460 1208 4530 ἀρωγῆς
1264 4479 1321 4514 τε
1380 4463 1476 4516 καὶ
1527 4463 1780 4534 βοηθείας

1875 4093 2150 4161 fugientes
2194 4090 2262 4142 ab
2294 4089 2374 4142 eis
2409 4087 2554 4140 vinci
2593 4103 2606 4140 :

2572 3627 2768 3684 XXIX.

1953 3727 2051 3784 Est
2077 3726 2305 3781 omnino
2330 3723 2516 3778 multis
2548 3738 2635 3776 res
2668 3722 2830 3786 digna
2868 3721 3142 3791 lacrymis.
3174 3737 3272 3776 nos
3301 3732 3456 3786 pote-

1884 3830 2080 3877 statem
2110 3819 2356 3886 adeptos,
2391 3825 2447 3869 ut
2469 3815 2766 3869 eﬂiciamur
2793 3813 2884 3867 Dei
2913 3815 3030 3876 filii,
3066 3815 3237 3868 nihilo
3272 3817 3458 3870 minus

1884 3912 2093 3969 servire
2150 3909 2330 3962 velle:
2398 3907 2568 3958 Deum
2643 3913 2836 3959 nactos
2904 3905 3290 3974 opitulatoretn
3347 3917 3453 3960 tam

1886 4012 2076 4057 contra
2101 4000 2251 4062 vitia,
2281 4012 2444 4065 quam
2471 3997 2620 4064 ipsos
2646 3995 2941 4061 daemonas,
2963 3997 3109 4050 velut
3131 4011 3286 4066 opem
3309 3997 3456 4052 illam

2677 4101 2895 4139 manum
2937 4087 3056 4154 ipso
3119 4089 3457 4158 porrigente,

1879 4193 2100 4240 nostras
2130 4199 2159 4238 a
2194 4182 2352 4236 nobis
2407 4181 2609 4236 attrahi
2653 4196 2776 4235 cum
2820 4181 2938 4250 ipse
2969 4192 3233 4250 praestare
3264 4184 3456 4252 possit,

1880 4274 2124 4329 utetiam
2160 4272 2287 4326 victi
2343 4271 2550 4325 cladem
2607 4272 3006 4338 resarciamus,
3069 4273 3235 4342 idque
3271 4275 3456 4342 largiri

1880 4371 2047 4437 velit;
2107 4385 2204 4424 nos
2237 4385 2266 4421 e
2297 4367 2582 4422 contrario
2636 4368 2869 4436 gratiam
2907 4368 3053 4421 illam
3111 4379 3320 4423 tantum
3350 4385 3458 4424 non

1880 4475 2166 4529 respuere.
2193 4459 2336 4526 Quin
2367 4469 2423 4513 et
2453 4458 2660 4528 absque
2693 4458 2796 4512 hac
2825 4458 3022 4526 insigni
3053 4473 3155 4528 0pc
3182 4471 3346 4529 atque
3369 4476 3462 4511 au-

201 4556 372 4606 πᾶσιν
398 4551 519 4622 ἰξὺν
551 4552 777 4617 ἀγαθοῖς
817 4547 956 4604 εἶναι
1013 4553 1490 4622 προαιρουμένοις,
1526 4555 1771 4624 σχέτλιον

1885 4553 2034 4618 xilio,
2070 4567 2193 4607 cum
2225 4551 2484 4604 omnibus
2506 4565 2629 4604 esse
2655 4550 2814 4604 bonis
2846 4551 3029 4611 liccat,
3061 4552 3327 4620 siquidem
3358 4550 3462 4603 hoc

199 4647 263 4699 τὸ
301 4645 377 4713 μὴ
434 4642 745 4711 βούλεσθαι.
778 4642 937 4712 Δύτῷ
973 4643 1081 4712 γὰρ
1123 4643 1269 4710 μόνῳ
1317 4643 1426 4698 τῶν
1463 4644 1684 4699 πάντων
1719 4648 1778 4711 ἐξ

202 4735 427 4805 ἀγαθῶν
483 4736 566 4796 εἰς
601 4734 841 4802 φαύλους
891 4734 1186 4803 ἐρχόμεθα.
1233 4735 1299 4788 Ἦ
1349 4736 1458 4806 γὰρ
1509 4737 1573 4808 δὴ
1617 4738 1779 4807 φύσις

202 4833 336 4903 ἡμῖν
361 4829 461 4897 τὴν
492 4826 720 4897 πρώτην
745 4827 924 4895 ἀγαθή
962 4843 1023 4878 τε
1050 4827 1190 4891 ὅλως
1221 4828 1458 4895 ἐγένετο,
1495 4833 1586 4884 καὶ
1617 4832 1674 4883 ὲν
1702 4831 1780 4900 τῷ

203 4919 356 4988 καλῷ
378 4921 654 4987 διαμείναι
682 4918 915 4988 δύναμιν
943 4919 1153 4988 εἴληφε.
1191 4920 1299 4972 Καὶ
1327 4921 1375 4972 εἰ
1417 4921 1554 4991 πρὸς
1583 4922 1643 4974 τὸ
1673 4925 1784 4990 χεῖ-

210 5031 304 5082 ρον
351 5012 452 5079 τὴν
498 5011 753 5080 βούλησιν
805 5012 1087 5066 αἱτάσθαι
1117 5011 1351 5075 δίκαιον,
1387 5012 1630 5080 δηλονότι
1686 5015 1782 5066 καὶ

207 5105 344 5174 πρὸς
396 5102 665 5172 θάτερονο
722 5103 888 5171 ἀρκεῖ
957 5103 1146 5156 λοιπὸν
1202 5101 1528 5173 βουληθῆναι
1577 5105 1674 5156 καὶ
1721 5103 1783 5158 τὸ

207 5195 354 5256 εξκδς
407 5195 726 5262 ἐνεργῆσαι,
764 5193 948 5264 ῥᾴδιον
981 5192 1042 5247 ὃν
1087 5195 1146 5247 τὸ
1195 5193 1438 5263 νικῆσαι,
1474 5197 1528 5250 ετ
1553 5212 1660 5250 τινι
1691 5197 1782 5250 καὶ

208 5287 470 5355 τρόπαιον
496 5286 592 5354 ἀφ’
619 5285 780 5355 ἡμῶν
808 5287 1060 5356 ἕστηκεν.

945 5379 1027 5430 Λ’.

282 5470 534 5523 ’Δπιιντα
578 5470 679 5539 μὲν
707 5470 807 5538 τῆς
856 5469 1067 5523 ἑαυτῶν
1097 5469 1272 5540 ἀρχῆς
1303 5471 1559 5541 ἤρτηται,
1591 5473 1685 5525 καὶ
1718 5472 1786 5542 δὴ

212 5564 302 5617 καὶ
353 5562 530 5616 ταῦτα
577 5562 648 5614 τὰ
699 5560 825 5614 καθ’
862 5563 1033 5629 ἡμᾶς.
1075 5562 1150 5614 Ού
1206 5561 1316 5631 γάρ
1352 5561 1522 5627 ἐστιν,
1566 5565 1783 5635 ἐκείνης

211 5653 376 5723 οὔσης
407 5652 637 5723 σαθρᾶς,
665 5653 736 5706 τὰ
778 5652 893 5722 μετ’
926 5651 1144 5723 ἐκείνην
1195 5652 1465 5723 ἱδρῦσθαι.
1501 5653 1601 5723 Εῐη
1639 5654 1686 5706 δ’
1712 5656 1782 5708 ἂν

211 5747 317 5799 τῶν
367 5745 652 5815 ἡμετέρων
703 5746 1049 5816 πραγμάτων
1101 5745 1269 5816 ἀρχὴ,
1317 5747 1413 5798 κοιλ⁷
1464 5745 1642 5816 βάσις,
1687 5748 1784 5800 καὶ

219 5839 361 5910 ῥεῖα.
409 5839 504 5892 καὶ
530 5838 584 5888 εἰ
615 5854 670 5890 τι
694 5837 957 5892 τοιοῦτον.
999 5840 1028 5889 ἡ
1081 5836 1270 5890 ποὼτη
1309 5838 1522 5892 κίνησις
1555 5841 1651 5892 τῖε
1679 5841 1783 5892 ψυ-

1883 4644 2107 4709 eligant,
2142 4643 2359 4710 indigna
2406 4659 2494 4697 res
2543 4654 2653 4706 est,
2691 4658 2798 4696 non
2844 4643 3004 4706 velle,
3036 4641 3170 4696 Nam
3211 4644 3313 4698 hoc
3343 4645 3462 4698 solo

1885 4736 1950 4790 de
1973 4735 2137 4788 bonis
2165 4735 2346 4803 pravis
2378 4732 2664 4790 efﬁcimur.
2711 4733 2924 4802 Quippe
2955 4743 3144 4787 natura
3179 4734 3340 4787 nobis
3395 4735 3464 4787 ab

1884 4825 2044 4880 initio
2069 4826 2206 4878 bona
2233 4840 2459 4893 prorsus
2483 4826 2720 4891 exsistit,
2749 4837 2801 4881 et
2824 4828 2876 4879 in
2904 4825 3048 4880 bono
3071 4827 3458 4893 perseverandi

1889 4923 2212 4985 potestatem
2244 4917 2478 4986 accepit.
2524 4917 2678 4982 Quod
2712 4918 2757 4971 si
2806 4918 3017 4984 justum
3064 4924 3165 4980 est,
3205 4917 3460 4984 imputari

1891 5005 2156 5057 voluntati
2183 5006 2603 5060 conversionem
2631 5007 2696 5059 ad
2718 5007 2939 5065 malum,
2971 5006 3109 5057 idem
3135 5008 3263 5058 etin
3292 5007 3463 5059 altero

1893 5094 2226 5150 faciendum.
2259 5095 2467 5150 Suilieit
2526 5096 2693 5165 igitur
2735 5095 2893 5156 velle,
2937 5095 3190 5163 quodque
3226 5111 3322 5165 par
3356 5109 3460 5157 est,

1893 5203 2081 5259 agere,
2107 5203 2229 5240 rum
2261 5189 2420 5241 facile
2451 5187 2523 5240 sit
2552 5187 2780 5240 victoria
2818 5186 2999 5254 potiri,
3031 5187 3157 5240 licet
3183 5187 3250 5240 ab
3279 5187 3463 5257 aliquo

1891 5283 1976 5336 vei
2009 5292 2272 5351 tropzeutn
2300 5281 2369 5333 de
2406 5280 2562 5333 nobis
2589 5279 2658 5332 sit
2680 5279 3000 5333 excitatum.

2591 5372 2756 5429 XXX.

1963 5467 2073 5523 Res
2125 5469 2398 5522 universae
2451 5482 2478 5520 a
2523 5482 2623 5521 suo
2680 5466 2952 5537 principio
2991 5469 3247 5537 pendent,
3302 5478 3464 5538 atque

1892 5561 2057 5614 etiam
2089 5571 2311 5614 nostrae.
2354 5559 2484 5612 Nam
2523 5559 2638 5612 fieri
2673 5559 2879 5628 nequit,
2913 5570 2970 5612 ut
3011 5560 3056 5614 si
3096 5561 3287 5628 fragile
3316 5561 3463 5628 prin-

1891 5653 2094 5720 cipiutn
2155 5652 2247 5713 sit,
2308 5649 2411 5706 ilxa
2444 5651 2556 5705 sint
2612 5663 2779 5718 atque
2817 5651 3054 5714 stabilia,
3112 5666 3232 5719 quae
3265 5664 3462 5704 conse-

1891 5755 2158 5811 quuntur.
2193 5741 2478 5798 Sitautem
2524 5745 2869 5814 negotiorum
2914 5751 3228 5796 nostrorum
3257 5741 3464 5809 princi-

1891 5839 2037 5891 nium
2095 5845 2150 5890 et
2175 5835 2321 5890 basis
2377 5849 2427 5890 et
2481 5837 2655 5894 radix.
2694 5837 2822 5891 etsi
2870 5835 2999 5905 quid
3053 5835 3155 5888 tale
3181 5833 3306 5901 {dici
3351 5832 3457 5886 alio
