3978 6566
263 342 375 407 341

1272 336 1684 400 ΡΠιΕΟΕΡΤΑ
1715 333 2234 397 EDUCATIONIS
2275 332 2560 396 REGI/E'.

3431 328 3533 393 ΜΞ

246 460 369 530 πρὸ
395 455 593 512 τούτου
628 454 764 529 μηδὲ
817 452 1088 525 ἐγχείρει*
1129 452 1273 525 δφρα
1301 470 1381 520 σε,
1407 452 1529 508 καθ’
1567 452 1839 523 Ὅμηρον,

1971 462 2127 512 nens,
2179 446 2363 515 agito:
2420 443 2567 512 quod
2609 442 2785 513 prius,
2820 456 2983 513 quam
3019 440 3234 507 feceris,
3268 443 3406 499 nihil
3438 447 3533 500 in-

248 554 459 608 τξωσιν

701 725 855 797 ἡμὲν
882 726 1029 789 νέοι,
1066 725 1177 795 ἠδὲ
1211 726 1511 796 γέροντες.
1750 756 1753 761 ι

250 820 575 891 Προσθέην
604 818 651 872 δ’
680 821 746 873 ἂν
787 818 985 887 ἔγωγε,
1017 817 1162 888 ὄφρα
1218 835 1275 872 σε
1319 817 1579 887 πολέμιος
1625 817 1847 888 φρίττῃ,

251 917 359 967 καὶ
388 915 633 985 ὑπήκοος
664 914 791 984 φιλῇ
813 933 828 947 ο
855 915 949 967 καὶ
976 913 1234 984 Θαυμάζῃ
1264 912 1365 989 μὲν
1389 912 1562 981 φίλος,
1591 909 1850 983 θαυμάζῃ

251 1008 318 1060 δὲ
353 1007 652 1076 συγγενὴς,
687 1006 785 1061 καὶ
820 1008 935 1070 τοῖς
964 1005 1070 1060 ὑπὸ
1118 1005 1213 1061 σοῦ
1253 1004 1675 1075 πεπραγμένοις
1712 1002 1850 1055 πάν-

252 1116 356 1165 τες
390 1101 830 1172 ἐκπλήττωνται.

1006 1190 1133 1246 ΔΔ’.
1168 1248 1175 1261 ,

342 1286 586 1357 ’Υψηλόν
612 1304 677 1355 γε
715 1285 992 1356 οὐδαμῶς,
1027 1286 1149 1339 οὐδὲ
1197 1286 1466 1357 μεγίστης
1506 1285 1850 1356 φρονήσεως,

252 1377 382 1430 οὐδὲ
419 1377 623 1447 πολλῆς
661 1378 1065 1446 γενναιότητος,
1098 1376 1160 1429 τὸ
1209 1376 1287 1447 μὴ
1323 1377 1444 1440 ταῖς
1472 1375 1741 1446 πρώταις,
1776 1374 1853 1437 ὡς

251 1473 325 1525 ἄν
355 1489 442 1534 τις
476 1471 649 1532 εἴποι,
677 1469 787 1524 τῶν
825 1471 1003 1540 ἔργων
1057 1470 1154 1525 καὶ
1188 1469 1473 1540 λογισμῶν
1523 1469 1855 1524 ἐπιπνεύσε-

250 1581 344 1616 σιν
373 1563 639 1631 ἀκίνητόν
674 1581 797 1616 τινα
829 1563 1137 1632 γίγνεσθαι,
1160 1565 1210 1617 ei
1244 1561 1320 1633 μὴ
1356 1564 1450 1615 καὶ
1485 1562 1547 1615 τὸ
1584 1561 1857 1632 προσδρα-

254 1657 386 1726 μεῖν
422 1656 520 1710 καὶ
545 1656 904 1726 οἰκειωθῆναι
934 1654 1100 1709 καλὸν
1127 1655 1192 1710 ἂν
1222 1655 1403 1718 εἴποις
1429 1652 1593 1716 εὐθὺς
1624 1653 1856 1723 φανέντι

252 1750 557 1820 πράγματι
599 1749 875 1820 βλαϐερῷ.
912 1749 1091 1802 Ὅπου
1153 1746 1263 1817 γὰρ
1319 1747 1583 1809 καὶητοῖς
1637 1745 1858 1812 ἀλόγοις

225 1840 551 1909 ’ἐμπέφυκὲ
577 1858 661 1905 τις
693 1841 871 1909 ἰσχὺς,
903 1839 965 1891 τὸ
1003 1839 1288 1908 συμφέρον
1316 1838 1424 1891 ἀπὸ
1454 1837 1549 1891 τοῦ
1583 1836 1857 1908 βλάπτον·
1885 1874 1933 1935 Β

248 1949 348 1991 τος
380 1931 767 2002 διακρίνουσα,
799 1930 867 1984 ἂν
913 1930 1051 2002 μηδὲ
1104 1930 1184 1992 εἰς
1235 1929 1354 1983 τσον
1393 1929 1577 1991 αὐτοῖς
1606 1926 1857 1998 ἔλθωμεν

250 2027 305 2079 οἱ
359 2025 511 2096 λόγῳ
570 2025 723 2096 μόνοι
777 2025 1159 2095 τετιμημένοι,
1214 2022 1332 2076 ἀλλ’
1389 2022 1603 2093 ἀρκέσῃ
1663 2021 1769 2090 μὲν
1824 2021 1855 2089 ὴ

250 2119 427 2186 φύσις
461 2118 718 2184 ἐκείνοις,
754 2118 890 2188 παρ’
921 2119 1058 2189 ἡμῖν
1113 2117 1170 2171 δὲ
1211 2117 1305 2171 καὶ
1337 2117 1400 2170 τὸ
1430 2117 1654 2185 λογικὸν
1687 2115 1857 2169 ἀσθε-

251 2212 349 2275 νὲς
383 2214 557 2282 φανῇ,
595 2211 715 2275 πῶς
749 2212 851 2282 μὲν
884 2213 946 2267 οὔ
1000 2210 1251 2283 σχέτλιον
1304 2210 1547 2280 κομιδῆς
1596 2209 1714 2273 πῶς
1755 2208 1857 2260 οὐκ

253 2304 537 2376 αἰσχύνης
570 2303 862 2359 ἀνάπλεων
879 2321 896 2371 ;

994 2484 1124 2538 ΛΕ’.

347 2577 556 2651 Ἰέραξ,
600 2578 791 2646 ἵππος,
846 2578 998 2648 ἰχθὺς
1036 2576 1181 2631 κατὰ
1226 2573 1409 2643 λόγον,
1440 2574 1502 2627 οὐ
1556 2572 1657 2626 σὺν
1710 2568 1855 2638 λόγῳ

252 2676 333 2730 τὰ
392 2676 749 2743 συμφέροντα
811 2671 1078 2742 πράττειν
1154 2667 1510 2738 πεηφύκασινο
1572 2663 1717 2717 ὥστε
1774 2663 1857 2716 δεῖ

239 2764 451 2835 ⁸1πολλῷ
488 2782 553 2834 γε
596 2763 803 2834 μᾶλλον
842 2762 988 2831 ἡμᾶς
1014 2762 1113 2814 σὺν
1136 2760 1283 2829 λόγῳ
1311 2758 1582 2825 πράττειν
1614 2755 1683 2807 τὰ
1712 2753 1855 2807 κατὰ

249 2858 465 2925 λόγον,
512 2858 953 2924 ἀπαιτουμένους
1011 2853 1166 2922 παρὰ
1227 2852 1329 2920 τῆς
1391 2849 1611 2917 φύσεως
1676 2845 1855 2915 ἀρχῆς

254 2952 621 3023 βλαπτοὺσης
679 2949 995 3021 ἁποπηδᾷν.
1043 2949 1121 3001 Ub
1184 2946 1291 3018 μὴν
1353 2944 1583 3005 ἐκείνοις
1640 2940 1852 3010 μέμψις

250 3044 475 3106 δικαία,
509 3042 669 3113 θυμῷ
712 3059 773 3095 τε
824 3044 920 3097 καὶ
962 3038 1233 3110 ἐπιθυμίᾳ
1287 3035 1665 3091 δουλεύουσιν.
1716 3031 1854 3086 Οὐδὲ

253 3139 376 3208 γὰρ
411 3139 592 3208 ψυχὴν
619 3136 848 3206 λογικὴν
880 3135 1132 3206 ἡγεμόνα
1178 3132 1287 3188 τῶν
1320 3131 1499 3201 ἔργων
1529 3130 1849 3199 κέκτηνται.

1953 538 2205 605 choabis,
2248 547 2308 592 ut
2340 539 2547 593 honore
2580 546 2633 591 te
2675 534 2932 600 alliciant,
2970 536 3274 591 secundum
3329 537 3533 594 Home-

1954 646 2104 695 rum,
2588 617 2595 624 ’

2400 721 2725 790 juvenesque
2777 733 3048 788 senesque.

1957 809 2170 877 Quibus
2200 810 2457 881 equidem
2513 809 2837 879 adiecerim,
2869 818 2929 864 ut
2964 818 3015 863 te
3048 807 3305 863 formidet
3336 809 3533 871 hostis,

1955 913 2010 960 et
2055 904 2311 960 subditus
2340 912 2536 959 amet:
2596 901 2906 957 admiretur
2956 901 3192 965 amicus,
3243 900 3536 970 itidemque

1956 1002 2225 1063 cognatus
2264 994 2569 1048 admiretur
2606 1009 2621 1048 :
2657 1001 2712 1048 et
2745 1007 2941 1047 omnes
2974 991 3040 1046 ad
3072 1006 3156 1057 ea,
3192 1008 3313 1063 qua:
3359 993 3455 1047 abs
3487 1002 3539 1047 te

1957 1094 2105 1155 gesta
2131 1083 2264 1150 sint,
2298 1083 2717 1153 obstupeSeant.

2627 1173 2871 1231 XXXIV.

2029 1265 2268 1323 Omnino
2308 1266 2542 1323 sublime
2573 1268 2831 1335 quiddam
2879 1282 2987 1321 non
3026 1275 3133 1333 est,
3164 1282 3263 1324 nec
3292 1269 3374 1323 vel
3418 1283 3535 1322 ma-

1960 1357 2120 1414 xima:
2155 1358 2484 1428 prudentiae,
2516 1359 2602 1414 vel
2657 1357 2856 1413 indolis
2889 1359 3046 1414 valde
3092 1374 3393 1428 generosas,
3426 1374 3534 1414 non

1959 1447 2026 1501 ad
2062 1447 2267 1517 primos
2316 1462 2545 1517 operum
2588 1456 2755 1517 atque
2790 1448 3187 1515 cogitationum
3219 1450 3303 1518 (ut
3342 1449 3418 1503 ita
3455 1449 3539 1503 di-

1960 1538 2156 1606 xerim)
2207 1539 2422 1595 amatus
2455 1550 2509 1597 et
2543 1555 2711 1595 auras
2752 1540 3041 1594 immotum
3080 1556 3202 1596 sese
3243 1542 3532 1610 praebere:
3604 1528 3613 1539 ’

1960 1630 2066 1685 nisi
2096 1630 2239 1685 forte
2268 1632 2562 1701 pulchrum
2594 1647 2717 1686 esse
2744 1632 2971 1698 dixeris,
3006 1647 3134 1687 mox
3161 1633 3227 1686 ad
3264 1633 3534 1701 olijectatn

1960 1738 2076 1779 rem
2106 1724 2324 1779 noxiam
2350 1728 2664 1790 accurrere,
2690 1736 2851 1794 atque
2879 1726 3025 1778 illam
3050 1726 3235 1780 statim
3258 1726 3533 1796 amplecti.

1962 1814 2093 1868 Nam
2142 1830 2267 1869 cum
2311 1815 2477 1869 etiam
2514 1815 2700 1870 brutis
2734 1816 3112 1872 animantibus
3161 1832 3190 1870 a
3230 1828 3424 1872 natura
3456 1820 3537 1871 vis

1960 1907 2210 1977 quadam
2248 1906 2319 1963 sit
2352 1906 2542 1973 indita,
2570 1921 2674 1977 qua
2701 1906 2847 1977 quod
2885 1907 3131 1976 expedit.
3161 1924 3192 1962 a
3251 1908 3416 1963 noxio
3454 1911 3540 1963 di-

1963 2009 2230 2057 scernunt
2261 2018 2275 2054 :
2304 2001 2397 2072 qui
2419 2017 2526 2057 non
2559 2001 2844 2071 indignum
2870 2003 3029 2058 valde
3048 2005 3142 2068 sit,
3172 2018 3278 2057 non
3307 2003 3541 2073 ignomi-

1962 2094 2067 2149 niae
2094 2095 2340 2164 plenum,
2371 2095 2416 2148 si
2456 2110 2579 2158 nos,
2611 2096 2703 2163 qui
2728 2094 2832 2149 soli
2863 2094 3077 2149 ratione
3116 2109 3309 2150 sumus
3337 2095 3538 2159 ornati,

1962 2172 2030 2240 ne
2057 2201 2217 2256 pares
2252 2186 2476 2255 quidem
2522 2185 2604 2241 eis
2639 2176 2837 2251 simus,
2871 2185 2967 2243 sed
3017 2186 3156 2257 ipsis
3189 2187 3411 2257 quidem
3447 2201 3543 2240 na-

1964 2286 2084 2333 tura
2117 2278 2377 2339 suﬂiciat,
2425 2280 2479 2333 in
2511 2280 2672 2336 nobis
2720 2289 2907 2336 autem
2949 2282 3182 2339 rationis
3211 2297 3431 2353 quoque
3460 2280 3543 2338 fa-

1960 2369 2139 2427 cultas
2169 2373 2528 2443 elanguescat

2632 2463 2853 2520 XXXV.

2028 2555 2328 2627 Accipiter,
2351 2572 2549 2627 equus,
2581 2559 2752 2629 piscis
2772 2561 3075 2615 secundum
3101 2561 3396 2628 rationem,
3429 2576 3538 2616 non

1959 2665 2082 2706 cum
2138 2649 2371 2716 ratione,
2408 2649 2591 2706 facere
2634 2652 2737 2707 sibi
2784 2652 3158 2708 conducibilia
3211 2652 3541 2709 naturaliter

1961 2741 2164 2797 solent.
2194 2740 2363 2797 Multo
2407 2743 2584 2813 magis
2617 2758 2722 2799 nos
2754 2742 2935 2799 facere
2972 2744 3174 2807 rationi
3204 2756 3537 2801 cosentanea

1957 2850 2081 2891 cum
2104 2835 2315 2890 ratione
2337 2835 2621 2902 debemus,
2643 2853 2672 2892 a
2701 2837 2903 2906 quibus
2926 2839 3042 2908 ipsa
3067 2846 3261 2893 natura
3282 2840 3539 2909 postulat,

1957 2937 2017 2981 ut
2046 2941 2076 2981 a
2109 2927 2277 2981 noxio
2315 2928 2589 2997 principio
2623 2929 2791 2984 veluti
2820 2930 3159 2987 resiliamus.
3190 2931 3283 2987 Illa
3314 2932 3539 3001 quidem

1955 3018 2277 3086 reprehendi
2304 3019 2455 3074 nullo
2480 3020 2608 3088 jure
2630 3029 2887 3090 possunt,
2914 3036 3039 3076 cum
3073 3022 3168 3077 ira:
3209 3023 3537 3094 libidinique

1955 3106 2217 3172 serviunt,
2248 3123 2353 3161 non
2386 3109 2531 3163 enim
2554 3111 2790 3165 animam
2828 3110 3039 3167 ratione
3065 3114 3342 3182 przeditam
3372 3114 3545 3170 facto-

267 3196 463 3301 ιιιλιές
491 3196 723 3300 δὲ’λόγιξ)
765 3196 1221 3297 κεκοσμῆμένους
1270 3196 1509 3295 χρὴ-τὸν
1547 3196 1857 3291 νοῦννὴνίο·

1967 3211 2078 3250 rum
2133 3196 2326 3251 ducem
2355 3198 2577 3253 habent.
2612 3202 2682 3254 At
2711 3216 2813 3256 nos
2842 3201 2933 3270 qui
2971 3203 3184 3257 ratione
3213 3218 3411 3261 sumus
3441 3220 3535 3259 or.

256 3341 361 3395 χον
397 3321 695 3392 ἐπιστῆσαι.
738 3322 852 3382 τοῖς
903 3319 1273 3386 ἀλογωτέροις
1317 3316 1561 3369 τουτοισὶ
1604 3314 1858 3372 πάθεσιν,

256 3418 337 3472 fv‘
444 3416 509 3469 τὸ
555 3416 774 3483 λογικὸν
804 3414 1051 3484 ἐνεργὸν,
1084 3414 1180 3465 καὶ
1218 3411 1360 3464 κατὰ
1391 3408 1575 3478 χώραν
1615 3408 1754 3478 μένῃ
1798 3408 1862 3459 τὸ

256 3501 468 3583 δῶρον,
502 3506 551 3578 ᾧ
577 3511 687 3564 τῶν
737 3509 917 3563 ἄλλων
962 3506 1292 3576 διιστάμεθα
1325 3502 1504 3568 ζώων.
1555 3502 1645 3564 Ὦς
1687 3497 1759 3571 ἦν
1790 3517 1857 3568 γε

262 3607 527 3672 κρεῖττον
576 3600 713 3670 μηδὲ
761 3599 861 3671 τὴν
912 3597 1088 3667 ἀρχὴν
1139 3593 1426 3664 εἰληφέναι
1469 3593 1569 3657 τὴν
1605 3590 1859 3661 χάριν,ἢ

260 3696 540 3757 λαϐόντας
580 3696 647 3749 ὲκ
693 3693 856 3758 Θεοῦ,
892 3692 1087 3747 ἔπειτα
1116 3688 1301 3753 κακῶς
1338 3687 1513 3755 αὐτὴν
1558 3686 1867 3740 διαθεῖναι,

999 3870 1141 3939 ΔΕΓ.

344 3968 565 4040 Ὠσπερ
614 3968 731 4030 τοϊς
783 3965 1005 4033 ἀλόγοις
1045 3965 1106 4017 τὸ
1164 3962 1311 4017 κατὰ
1367 3961 1549 4028 λόγον,
1584 3960 1730 4014 οὕτω
1765 3963 1859 4014 καὶ

267 4066 388 4125 τοῖς
436 4062 684 4129 λογικοῖς
729 4059 790 4112 τδ
834 4058 934 4112 σὺν
977 4056 1140 4127 λόγῳ.
1175 4055 1331 4124 Ἔχει
1367 4056 1425 4108 δὲ
1467 4054 1858 4122 τουτὶμτοὺμὸν

272 4155 416 4208 πολὺ
445 4155 545 4209 καὶ
582 4152 771 4223 μεῖζον
799 4149 895 4205 τοῦ
927 4150 1053 4205 κατ’
1083 4149 1269 4202 ἐκεῖνα
1293 4163 1309 4178 ·
1346 4149 1429 4200 ὅτι
1462 4146 1765 4201 τούκείνων
1791 4146 1858 4200 ἂν

270 4252 361 4322 εἴη
392 4246 646 4317 φυσικῶς
684 4241 948 4296 τοιούτων
985 4238 1301 4310 ὀρέγεσθαι,
1332 4237 1368 4293 ἃ
1403 4238 1463 4290 τὸ
1492 4238 1593 4309 ζῇν
1627 4238 1858 4302 ἐκείνοις

273 4345 586 4412 συνεστησι,
616 4338 711 4393 καὶ
741 4337 887 4389 ποιεῖ
920 4334 976 4385 τὸ
999 4337 1158 4401 γένος
1190 4332 1437 4399 διαρκεῖ-ι
1461 4331 1856 4400 ὲπιμήκιστον.

273 4435 445 4491 Τοῦτο
490 4432 550 4485 δὲ
602 4428 699 4483 καὶ
753 4427 856 4496 τῆς
916 4425 1195 4495 ἡμετέρας
1250 4423 1368 4474 ἐστὶ
1417 4422 1656 4489 φύσεως.
1696 4420 1770 4475 Τὸ
1809 4422 1857 4474 δν

1965 3291 2102 3353 nati,
2154 3299 2394 3345 mentem
2446 3291 2727 3361 praeﬁcere
2776 3296 3200 3350 moderatricem
3250 3297 3541 3353 altectibus

1962 3381 2114 3437 hisce
2146 3381 2324 3437 brutis
2352 3392 2572 3453 oportet
2602 3403 2617 3441 :
2650 3394 2717 3440 ut
2743 3386 2822 3441 vis
2876 3386 3108 3443 rationis
3143 3387 3329 3441 cllicax
3361 3390 3457 3454 sit,
3488 3401 3542 3445 et

1963 3474 2124 3529 donis
2150 3474 2284 3529 illud
2319 3475 2596 3530 incolume
2635 3477 2793 3532 nobis
2822 3488 3063 3543 maneat,
3095 3494 3204 3547 quo
3228 3480 3442 3535 czeteris
3473 3484 3541 3535 ah

1964 3567 2332 3624 animantibus
2350 3569 2765 3639 distinguimur.
2784 3569 3054 3626 Nimirum
3074 3583 3381 3642 praestaret,
3402 3574 3543 3627 hanc

1962 3662 2195 3730 gratiam
2243 3677 2346 3717 nos
2379 3677 2421 3727 ,α
2471 3662 2580 3718 Deo
2626 3680 2883 3733 prorsum
2921 3681 3032 3720 non
3071 3667 3347 3735 accepisse
3375 3683 3547 3738 quam

1962 3760 2244 3823 acCeptam
2288 3756 2428 3810 male
2462 3755 2753 3812 collocare.

2622 3848 2868 3904 XXXVI.

2033 3938 2152 3995 Non
2179 3940 2339 3995 aliter
2387 3951 2548 4009 atque
2588 3941 2782 4004 brutis,
2817 3942 2964 4013 quod
3007 3944 3313 3999 secundum
3368 3946 3536 4000 ratio-

1961 4047 2110 4098 nem,
2133 4034 2209 4087 ita
2228 4033 2440 4087 ratione
2462 4034 2722 4103 praeditis,
2745 4036 2889 4103 quod
2914 4050 3039 4089 cum
3065 4037 3296 4090 ratione.
3336 4035 3532 4091 Verum

1961 4124 2015 4178 in
2049 4139 2135 4178 me
2163 4126 2307 4191 quod
2339 4134 2443 4189 est,
2474 4126 2646 4179 multo
2678 4128 2855 4196 majus
2885 4137 2968 4181 est
2995 4144 3082 4191 eo,
3113 4133 3256 4196 quod
3291 4131 3344 4183 in
3380 4131 3536 4199 ipsis.

1956 4217 2094 4272 Nam
2137 4218 2193 4272 in
2226 4220 2309 4273 eis
2330 4228 2411 4273 est
2444 4219 2709 4273 naturalis
2734 4220 3000 4286 ejusmodi
3025 4211 3208 4276 rerum
3238 4225 3533 4291 appetitus,

1958 4325 2081 4381 qua:
2112 4327 2199 4365 res
2234 4326 2424 4365 eorum
2459 4312 2581 4366 vitae
2620 4313 2875 4381 praesidio
2914 4323 3064 4377 sont,
3101 4324 3154 4368 et
3183 4316 3444 4380 alliciunt,
3477 4327 3535 4370 ut

1959 4418 2130 4473 genus
2160 4405 2339 4472 ipsum
2389 4419 2552 4473 quam
2604 4404 2913 4460 diutissime
2962 4406 3140 4460 duret.
3181 4405 3296 4462 Hoc
3350 4419 3532 4462 autem

275 4529 547 4600 ἡμέτερον
575 4522 758 4583 αὐτοῖς
786 4517 1039 4587 οὐδαμῶς
1065 4517 1205 4573 ἐστι.
1242 4515 1317 4568 Τὸ
1360 4515 1460 4582 μὲν
1485 4516 1596 4584 γὰρ
1625 4515 1682 4566 ἐν
1713 4514 1856 4583 λόγῳ

1967 4504 2153 4551 nostra
2185 4512 2407 4566 quoque
2436 4506 2630 4551 natura
2676 4514 2969 4554 commune
3001 4516 3126 4554 eum
3166 4502 3300 4570 ipsis
3359 4504 3540 4564 habet,

577 4576 770 4681 1610‘)"
802 4610 864 4663 τὸ
900 4576 958 4661 δὲ
991 4576 1138 4660 κατὰ
1178 4607 1339 4675 λόγον
1360 4576 1473 4659 οὐκ
1494 4576 1575 4670 έέξζ
1610 4576 1854 4675 ἀνάγκαις

1967 4606 2088 4644 cum
2114 4591 2187 4673 ab
2216 4606 2302 4654 eo,
2345 4590 2491 4658 quod
2524 4600 2771 4660 nostrum
2797 4602 2907 4657 est,
2933 4592 3025 4646 illa
3052 4595 3207 4662 plane
3240 4595 3541 4650 destituan-

279 4713 334 4762 ἐν
389 4707 557 4774 λόγῳ.
581 4703 659 4758 Οὐ
708 4703 819 4771 γὰρ
869 4700 1262 4765 ἀντιστρέφειν
1317 4696 1571 4768 ἀνάγκη·
1610 4698 1747 4759 ὅλως
1801 4697 1859 4750 δὲ

279 4798 432 4853 sou-cl.
481 4795 543 4847 τὸ
576 4794 752 4862 eam
800 4789 980 4860 ψυχῆς
1015 4786 1290 4841 ἀθανάτου
1342 4786 1510 4855 μόνης
1534 4802 1548 4817 ·
1586 4788 1767 4839 ἐκεῖνο
1800 4785 1858 4838 δὲ

283 4892 371 4943 καὶ
398 4887 618 4957 φύσεως
652 4881 1005 4951 ἀναισθήτου.
1035 4878 1240 4949 Πολλῆς
1269 4877 1363 4930 οὖν
1397 4878 1568 4946 γέμον
1595 4878 1861 4949 αἰσχύνης

284 4998 340 5034 τε
375 4980 472 5033 καὶ
520 4976 726 5046 ζημίας
761 4973 895 5042 μηδὲ
940 4971 1082 5024 κατὰ
1106 4970 1264 5037 λόγον
1304 4968 1428 5037 ζῇν,
1455 4967 1549 5031 οὓς
1585 4968 1763 5037 χρεὼν
1804 4968 1864 5021 ἐν

285 5074 427 5143 λόγῳ
453 5071 621 5140 ζῆσαι
646 5087 660 5097 ’
700 5068 803 5124 οὐκ
831 5064 1140 5125 ἀπεικότως
1186 5062 1230 5115 δ’
1261 5062 1329 5114 ἂν
1359 5062 1574 5127 γένοιτο
1605 5062 1720 5123 τοῖς
1760 5059 1864 5131 ζῇν

286 5166 425 5220 κατὰ
484 5164 556 5215 τὰ
609 5160 785 5225 ἄλογα
839 5155 1298 5226 προαιρουμένοις
1351 5153 1463 5205 τῶν
1516 5151 1756 5220 λογικῶν
1802 5153 1864 5204 ’τὸ

291 5258 409 5329 μηδ’
443 5256 528 5317 εἰς
566 5255 682 5309 τσον
716 5252 949 5311 ἐκείνοις
982 5248 1266 5316 ἔρχεσθαι.
1301 5246 1513 5315 Ὕψους
1548 5246 1657 5315 γὰρ
1686 5246 1862 5314 ἀποῤ-

294 5348 559 5419 ραγέντας
608 5344 758 5414 ἡμᾶς
817 5341 1064 5401 ἑκόντας,
1098 5338 1244 5405 λέγω
1291 5336 1355 5406 δὴ
1389 5336 1484 5389 τοῦ
1531 5337 1671 5405 μετὰ
1701 5336 1899 5404 λόγουο

295 5441 497 5510 βιῶναι,
535 5438 637 5490 οὐκ
669 5434 898 5494 ἀπεικὸς
953 5430 1346 5500 παραδραμεῖν
1374 5428 1863 5497 καταφερομένους

292 5536 356 5587 τὰ
383 5531 526 5587 κατὰ
560 5526 743 5600 χώραν
774 5525 1007 5594 μένοντα
1034 5521 1144 5574 τῶν
1175 5520 1414 5587 ἀλόγων,
1454 5520 1550 5571 καὶ
1580 5519 1679 5585 τὴν
1709 5518 1863 5583 τάξιν

296 5627 541 5690 σώζοντα
572 5621 673 5692 τὴν
724 5618 963 5688 ἂξαρχῆς
1010 5614 1197 5675 αὐτοῖς
1231 5611 1547 5681 δεδομένην,
1580 5613 1675 5663 καὶ
1720 5609 1865 5663 κατὰ

294 5720 452 5783 λόγον
492 5713 733 5787 βιοῦντα.

1967 4692 2076 4735 tur.
2108 4679 2265 4746 Quod
2318 4682 2462 4735 enim
2525 4681 2580 4734 in
2635 4680 2871 4748 ratione,
2931 4682 3072 4737 idem
3133 4691 3187 4736 et
3236 4687 3537 4738 secundum
3648 4698 3653 4703 '

1968 4776 2277 4831 rationem:
2311 4762 2455 4846 quod
2495 4788 2677 4832 autem
2728 4778 3029 4833 secundum
3087 4777 3378 4843 rationem,
3431 4796 3541 4834 non

1967 4866 2130 4921 etiam
2152 4868 2465 4922 necessario
2481 4869 2533 4922 in
2553 4868 2765 4923 ratione
2787 4886 2802 4934 ;
2828 4869 3031 4937 quippe
3053 4884 3161 4921 non
3189 4881 3272 4923 est
3297 4885 3541 4939 necesse,

1971 4975 2199 5029 prorsus
2224 4970 2283 5016 ut
2316 4962 2421 5017 ista
2449 4975 2549 5016 ceu
2583 4963 2735 5029 paria
2797 4961 2899 5015 sibi
2936 4960 3329 5027 respondeant.
3363 4966 3540 5031 Atque

1970 5054 2072 5107 hoc
2104 5067 2237 5107 sane
2288 5053 2489 5107 donum
2542 5051 3028 5121 peculiare‘solius
3093 5062 3177 5106 est
3216 5051 3544 5107 immortalis

1971 5147 2205 5200 attinne:
2240 5145 2374 5199 illud
2422 5153 2600 5197 autem
2666 5146 2718 5196 in
2774 5153 3021 5197 naturam
3077 5159 3299 5213 quoque.
3347 5162 3544 5200 sensus

1969 5248 2246 5306 expertem
2297 5238 2463 5291 cadit.
2508 5234 2690 5303 Itaque
2744 5234 2901 5302 plena
2953 5251 3039 5289 res
3085 5247 3166 5290 est
3211 5236 3441 5306 insignis
3490 5246 3544 5291 et

1974 5330 2327 5397 turpitudinis
2379 5339 2434 5382 et
2487 5341 2662 5393 noxia,
2717 5343 2785 5381 ne
2824 5327 3188 5396 qttidemreos
3235 5332 3540 5383 secundum

1974 5422 2235 5477 rationem
2271 5421 2474 5483 virere,
2506 5417 2705 5486 quibus
2741 5417 2796 5471 in
2827 5434 2925 5473 usu
2974 5420 3202 5473 rationis
3249 5421 3543 5475 vivendum

1971 5522 2113 5569 erat.
2132 5511 2388 5580 Adeoque
2413 5526 2519 5563 non
2547 5509 2644 5564 abs
2676 5525 2732 5562 re
2756 5510 3044 5578 contigerit
3068 5510 3281 5565 ratione
3307 5511 3546 5578 praeditis

1973 5607 2066 5674 qui
2094 5606 2268 5658 bruto:
2290 5620 2373 5659 um
2410 5617 2563 5657 more
2602 5603 2782 5655 vivere
2810 5602 3036 5667 malunt,
3070 5602 3245 5657 brutis
3277 5617 3344 5655 ne
3389 5615 3546 5669 pares

1973 5697 2194 5766 quidem
2230 5696 2563 5753 b‘beantur.
2593 5690 2729 5747 Nam
2755 5703 2949 5760 spcute
2975 5702 3164 5747 nostra
3198 5708 3299 5745 nos
3337 5696 3399 5746 de
3427 5700 3546 5746 cut-

297 5814 440 5870 mine
473 5809 697 5867 sublimi
729 5805 993 5875 deiectos,
1025 5802 1172 5873 quod
1228 5800 1439 5859 scilicet
1475 5805 1563 5855 est
1608 5812 1733 5853 cum
1772 5794 1981 5852 ratione
2028 5791 2232 5855 virere,
2309 5788 2456 5848 acile
2525 5787 2781 5844 dabimus
2845 5788 3125 5856 praeterire
3181 5801 3377 5851 cursu,
3413 5787 3543 5841 dum
