3978 6640
411 331 476 392 34
487 332 516 390 3
1566 341 1667 399 MA
1679 342 1721 400 Ν
1738 342 1782 400 U
1793 343 1836 399 Ε
1849 343 1962 401 ωδ
2003 341 2452 404 PALASOLUGI
3697 335 3808 398 344

409 441 714 511 praecipites
752 443 982 507 ruimus.
1015 446 1176 499 etiam
1213 447 1441 503 rationis
1499 461 1747 519 expertes
1795 452 1997 507 bestias
2038 469 2160 524 quae
2209 471 2342 510 suos
2404 455 2546 508 intra
2597 453 2798 508 limites
2844 461 3102 517 manent,
3177 448 3632 518 ordinemque
3695 449 3805 504 sibi

412 540 792 608 praescriptum
819 540 888 595 ab
927 541 1084 596 initio
1155 555 1398 606 servant,
1431 553 1484 600 et
1533 547 1836 602 secundum
1892 549 2158 603 rationem
2210 551 2423 602 vivunt.

1044 634 1306 692 XXXVII.
2009 641 2060 698 Δ

485 723 716 792 Imperio
746 727 1119 781 convenientis
1149 728 1313 782 animi
1351 729 1560 783 fructus
1583 745 1740 784 verus
1776 740 1881 794 est,
1913 734 1982 786 ad

410 819 613 872 bonum
647 818 877 887 impelli,
907 835 934 873 a
970 821 1112 873 man
1138 822 1457 886 abhorrere,
1494 823 1782 891 diligenter
1807 825 1985 878 inten-

414 918 528 961 tum
557 921 688 962 esse
717 909 1017 978 profuturis
1063 912 1282 980 publice
1331 914 1512 967 rebus.
1571 915 1738 968 Amor
1793 913 1982 983 gloriae

412 983 786 1056 nobilissimus
819 1012 924 1066 est,
973 1015 1027 1056 et
1059 1007 1152 1073 qui
1185 1019 1382 1060 causas
1413 1006 1560 1075 ipsas
1610 1017 1869 1072 sectatur,
1911 1007 1982 1062 ob

352 1131 368 1191 ⁵
405 1107 547 1160 quas
581 1095 830 1167 homines
866 1095 1015 1164 diligi
1053 1096 1247 1159 solent,
1299 1097 1558 1151 admirari
1613 1099 1856 1165 stabilia,
1903 1099 1982 1154 rl-

360 1183 379 1264 }
413 1189 542 1238 dere
575 1183 718 1238 ﬂuxa
750 1186 969 1246 :odisse
996 1188 1223 1250 malum,
1255 1189 1465 1242 honesti
1493 1188 1798 1243 studiosum
1823 1204 1977 1256 esse;

414 1283 540 1344 apte
619 1288 995 1346 comparatum
1068 1293 1191 1334 esse
1257 1280 1327 1333 ad
1399 1281 1642 1346 bonum,
1719 1297 1982 1352 versaque

2815 635 2935 690 AZ'.

2155 732 2353 800 Ψυχῆς
2397 730 2612 802 καρπὸς
2661 729 2868 799 ἀληθὴς
2913 725 3232 798 ἡγεμονίᾳ
3303 723 3692 810 πρεπορσης
3759 726 3794 792 ἡ

2085 823 2222 892 πρὸς
2274 822 2515 891 τάγαθὸν
2578 823 2816 891 κίνησις,
2867 822 2899 890 ἡ
2959 818 3114 889 πρὸς
3180 816 3262 869 τὸ
3344 814 3557 870 κακὸν
3618 814 3792 867 ἁλλο-

2083 910 2332 984 τρίωσις,
2363 917 2395 983 ἡ
2436 913 2573 985 πρὸς
2612 913 2674 966 τὸ
2722 913 2876 983 κοινῇ
2931 913 3219 965 συνοῖσον
3281 907 3662 976 ἐπιμέλεια.
3717 909 3779 960 ἐ)

2083 1005 2244 1073 δόξης
2299 1005 2438 1074 ἔρως
2488 1005 2517 1057 ὀ
2563 1004 2968 1074 γενναιότατος,
2999 1003 3029 1054 ὁ
3079 1000 3222 1056 τῶν
3278 999 3401 1053 τοῦ
3467 999 3779 1066 φιλεῖσθαι

2087 1095 2436 1165 προφάσεων,
2469 1096 2528 1150 τὸ
2559 1095 2859 1164 Θαυμάςειν
2906 1094 3238 1163 βεϐηκότα,
3287 1091 3366 1144 τὸ
3414 1093 3772 1161 καταγελᾷν

2087 1188 2342 1259 ῥεόντων,
2380 1187 2440 1240 τὺ
2473 1187 2841 1256 μισοπόνηρον
2875 1187 2969 1238 καὶ
3011 1181 3372 1252 φιλόκαλον
3429 1177 3638 1233 εἶναι’
3676 1182 3769 1233 εὐ-

2085 1281 2239 1352 φυῶς
2297 1281 2397 1350 μὲν
2457 1281 2605 1350 ἔχειν
2659 1280 2799 1349 πρὸς
2850 1277 2911 1331 τὸ
2959 1278 3164 1341 καλὸν,
3225 1274 3348 1329 καὶ
3413 1271 3764 1326 τούναντίον

2083 1373 2275 1442 ἀφυῶς
2309 1372 2448 1443 πρὸς
2477 1373 2578 1442 τὴν
2602 1373 2712 1425 τῶν
2744 1371 2931 1424 κακῶν
2965 1369 3236 1440 μάθησιν
3261 1384 3280 1399 ο
3324 1367 3386 1420 εἰ
3439 1365 3648 1433 βούλει
3678 1365 3756 1430 δὲ,

2084 1469 2179 1518 καὶ⁵
2211 1465 2484 1534 ἀπεχθῶς.
2517 1465 2628 1518 Καὶ
2661 1464 2818 1517 τοῦτο
2847 1462 2994 1533 μάλα
3023 1477 3154 1524 πως
3192 1459 3348 1522 οἴει,
3381 1457 3754 1526 πορῤωτάτω

2087 1559 2186 1627 μὲν
2225 1558 2450 1611 ἑστάναι
2493 1558 2602 1611 τῶν
2635 1557 2896 1611 τοιούτων
2927 1552 3355 1620 διδαγμάτων,
3393 1549 3659 1601 πλεῖστα
3695 1546 3753 1598 δὲ

2087 1650 2473 1720 μεμαθηκέναι
2499 1649 2608 1702 τῶν
2641 1647 2836 1717 βελτίω
2858 1647 3032 1701 ποιεῖν
3065 1643 3446 1712 δυναμένων
3474 1655 3491 1670 ο
3528 1639 3743 1692 ἐθέλειν

2089 1744 2187 1812 μὲν
2253 1743 2545 1813 μανθάνειν
2593 1745 2662 1796 τὰ
2706 1738 3034 1810 τελεώτερα,
3087 1739 3211 1807 τῆς
3272 1735 3346 1790 δὲ
3417 1732 3740 1802 μαθήσεως

321 1859 324 1862 ~
414 1828 639 1893 tionem,
676 1839 728 1883 et
761 1829 982 1896 quidem
1012 1831 1149 1884 adeo
1180 1830 1448 1896 sitienter,
1484 1848 1548 1886 ac
1580 1833 1623 1888 si
1651 1849 1875 1902 prorsus
1901 1832 1985 1887 lit-

2091 1837 2264 1906 διψᾷν,
2290 1837 2480 1906 ὥσπερ
2511 1834 2576 1890 ἂν
2603 1836 2654 1888 εί
2698 1834 2834 1904 μηδὲ
2878 1832 2977 1902 τὴν
3001 1831 3196 1902 ἀρχὴν
3241 1825 3540 1887 παιδείας
3573 1821 3732 1889 ἐγεύ-

407 1928 648 1972 terarum
683 1921 863 1974 studia
899 1937 1004 1976 non
1033 1923 1405 1989 degustasses.
1438 1925 1572 1978 Eum
1608 1940 1862 1994 namque,
1885 1940 1984 1979 cu-

2091 1947 2184 1983 σω.
2231 1931 2326 1982 Δεῖ
2364 1929 2496 1998 γὰρ,
2552 1925 2819 1998 μισοῦντα
2841 1924 2908 1979 τὰ
2951 1922 3120 1985 κακὰ,
3175 1920 3531 1989 ἀπλήστως
3583 1913 3728 1988 ἔχειν

401 2013 493 2082 jus
525 2021 653 2063 nutu
679 2011 991 2080 judicioque
1013 2015 1192 2084 populi
1213 2016 1504 2082 ducuntur,
1531 2027 1587 2070 ut
1611 2019 1789 2071 odisse
1821 2017 1983 2083 mala,

2091 2022 2227 2092 πρὸς
2256 2021 2327 2075 τὰ
2355 2021 2516 2086 καλὰ,
2544 2015 2605 2073 οὗ
2630 2021 2696 2090 τῇ
2722 2019 2890 2090 ψήφῳ
2922 2016 3044 2070 λαοὶ
3072 2013 3403 2086 φέρονται.

406 2104 487 2160 sic
507 2102 798 2160 insntiabili
822 2108 1056 2176 quodam
1080 2109 1275 2162 affectu
1300 2110 1440 2163 bona
1467 2111 1723 2179 prosequi
1743 2118 1977 2179 oportet.

1058 2201 1346 2258 XXXVIII.

481 2279 646 2341 Μετίὲ
675 2303 774 2357 pro
797 2289 959 2357 nugis
978 2289 1283 2344 calumnias
1311 2291 1528 2358 habeto,
1565 2293 1664 2348 nisi
1689 2301 1745 2348 te
1780 2292 1980 2348 merito

409 2388 673 2448 tangant;
725 2391 890 2452 atque
932 2384 1033 2438 hoc
1096 2385 1364 2454 intelligo,
1402 2401 1528 2440 cum
1581 2387 1788 2457 aliquid
1850 2386 1978 2443 boni

407 2484 668 2542 prmstare
726 2475 886 2540 licet;
922 2485 977 2530 at
1019 2477 1133 2530 fieri
1183 2478 1392 2546 nequit,
1437 2487 1497 2533 ut
1537 2493 1631 2534 eas
1675 2479 1786 2534 ullo
1823 2481 1980 2533 modo

409 2564 658 2634 effugias.
715 2565 924 2637 Quippe
961 2569 1006 2622 si
1056 2567 1257 2624 falsum
1297 2569 1505 2624 crimen
1569 2570 1727 2624 vitari
1784 2571 1976 2638 possit,

412 2673 607 2728 magno
645 2658 696 2712 id
757 2673 890 2714 sane
927 2660 1325 2715 redimendum.
1383 2659 1518 2714 Nam
1578 2661 1812 2730 principi
1862 2662 1980 2715 viro

413 2765 479 2803 ne
498 2749 717 2819 quidem
746 2751 947 2820 iniusta
981 2753 1048 2805 de
1079 2766 1139 2807 se
1169 2751 1391 2822 querela
1426 2751 1836 2807 ﬂoccifacienda
1871 2763 1973 2808 est.

411 2839 608 2894 llultos
640 2841 782 2895 enim
817 2842 1164 2897 mendacium
1203 2843 1458 2912 perdidit,
1491 2852 1585 2914 aut
1616 2843 1662 2900 si
1703 2843 1838 2899 salvi
1865 2859 1981 2899 ma-

413 1371 533 1422 vice
584 1370 650 1422 ad
702 1369 1042 1432 discendum,
1074 1386 1196 1440 qnte
1221 1373 1359 1426 mala
1391 1383 1521 1427 sunt
1558 1375 1757 1442 inepte,
1796 1375 1902 1438 vel,
1934 1375 1980 1430 si

412 1462 606 1520 mavis.
627 1462 810 1515 animo
830 1478 1056 1531 prorsus
1081 1463 1349 1518 alieno.Et
1366 1465 1582 1535 quidem
1607 1466 1661 1518 in
1680 1465 1872 1534 primis
1889 1482 1980 1521 ar-

409 1553 702 1620 bitrabere,
726 1569 890 1621 quam
917 1555 1230 1622 longissime
1251 1557 1345 1610 tibi
1375 1558 1730 1613 recedendum
1754 1558 1821 1612 ab
1840 1558 1985 1627 ejus-

407 1644 554 1697 modi
582 1643 866 1709 doctrinis,
894 1647 1259 1715 disccndaque
1293 1649 1550 1718 plurima,
1576 1665 1699 1718 quae
1723 1649 1982 1704 melioren

405 1734 616 1791 allicere
642 1739 854 1806 possint
881 1753 894 1791 :
929 1739 1313 1806 perfectior-um
1342 1741 1406 1794 ad
1444 1742 1730 1811 petendam
1764 1756 1985 1811 percep-

2697 2203 2700 2205 “
2806 2195 2940 2254 AH'.

2081 2301 2104 2348 εδ
2182 2290 2355 2344 Υθλον
2397 2289 2534 2360 ἠγοῦ
2582 2303 2683 2350 τας
2723 2268 3003 2348 διαϐολὰς,
3053 2282 3108 2335 εί
3153 2281 3245 2356 μή
3305 2296 3418 2332 σου
3481 2274 3715 2336 δικαίως

2082 2383 2468 2437 καθάπτοιντο.
2500 2381 2659 2447 Λέγω
2692 2378 2737 2431 δ’
2763 2380 2895 2432 ὃταν
2925 2378 3024 2447 μὲν
3058 2375 3156 2444 ἐξῇ
3190 2393 3253 2427 τι
3306 2372 3538 2443 πρᾶξαι
3573 2385 3709 2438 χρη-

2083 2475 2240 2528 στὸνο
2277 2474 2493 2535 ὲκείνας
2539 2472 2596 2525 δὲ
2641 2472 2927 2542 ἀμήχανον
2972 2469 3278 2537 διαδρᾶναι
3345 2464 3704 2534 μογήσαντα.

2095 2567 2246 2620 Ἐπεὶ
2285 2567 2334 2618 εί
2386 2566 2564 2619 ἔνεστι
2623 2565 2822 2634 φυγεῖν
2873 2561 3055 2616 αἰτίαν
3105 2561 3217 2613 οὐκ
3272 2557 3693 2627 ἀληθειύουσαν,

2080 2659 2276 2713 πολλοῦ
2323 2675 2388 2726 γε
2437 2660 2542 2729 χρὴ
2567 2657 2729 2711 τοῦτο
2786 2655 3080 2727 πρίασθαι.
3113 2657 3224 2707 Δεῖ
3266 2655 3393 2722 γὰρ
3431 2650 3576 2722 μηδὲ
3606 2647 3702 2715 tiri

2081 2753 2265 2805 ἄδικον
2324 2751 2531 2822 μέμψιν
2579 2749 2737 2820 παρᾶ
2784 2747 2988 2817 φαῦλον
3037 2746 3201 2814 ἄγειν
3260 2747 3369 2798 τὸν
3429 2743 3689 2812 ἄρχοντα.

2083 2845 2320 2907 Πολλοὺς
2349 2844 2457 2912 γὰρ
2491 2842 2688 2912 ψεῦδος
2735 2840 3066 2910 διέφθειρεν,
3103 2839 3134 2907 ἢ
3175 2839 3285 2892 καὶ
3329 2837 3689 2904 σωζομένους

412 2940 627 2994 nerent,
665 2930 825 2985 laesit.
865 2931 1020 2996 Quod
1059 2932 1104 2986 si
1145 2947 1234 3002 res
1257 2933 1414 2986 aliter
1447 2934 1560 2987 ﬂeri
1586 2934 1795 3003 nequit,
1821 2933 1980 2990 factis

409 3021 654 3083 honestis
682 3022 954 3089 insistite;
993 3025 1282 3094 potiusque
1311 3025 1394 3078 vir
1436 3026 1612 3081 bonus
1646 3041 1784 3091 esse,
1819 3041 1978 3094 quam

413 3111 598 3168 haberi
638 3113 793 3167 velis.
830 3113 1091 3184 Adeoque
1121 3116 1216 3170 tibi
1276 3117 1409 3171 satis
1433 3125 1571 3180 esto,
1612 3116 1656 3171 si
1699 3126 1750 3171 te
1776 3117 1977 3172 bonum

417 3217 561 3267 esse,
633 3204 764 3270 Deo,
805 3204 1018 3260 tibimet
1073 3206 1199 3277 ipsi,
1236 3207 1507 3276 bonisque
1560 3208 1694 3263 viris
1742 3218 1978 3274 constet,

2081 2941 2364 3010 ἠδίκησεν.
2404 2939 2468 2991 Ei
2513 2937 2557 2990 δ’
2589 2938 2688 3006 οὐχ
2737 2931 2849 2989 οἶόν
2896 2951 2955 2988 τε
3004 2933 3167 2987 τοῦτο
3223 2932 3530 3000 γενέσθαι,
3562 2928 3682 2995 ἔχου

2082 3034 2189 3087 τῶν
2243 3031 2424 3085 καλῶν
2463 3031 2664 3100 ἔργων,
2693 3027 2834 3082 εἶναι
2870 3011 3100 3097 ’μᾶλλον
3153 3026 3422 3097 χρηστὸς
3452 3025 3614 3090 ἀνὴρ,
3651 3016 3682 3085 ἢ

2083 3126 2400 3196 νομίζεσθαι
2427 3124 2620 3178 θέλων.
2669 3123 2963 3193 ’Δγαπῴης
2985 3120 3030 3173 δ’
3063 3120 3150 3183 ἂν,
3184 3118 3318 3187 Θεῷ
3343 3117 3521 3177 καλὸς
3545 3129 3680 3181 γνω-

2087 3219 2392 3291 ριζόμενος,
2425 3218 2523 3271 καὶ
2574 3215 2777 3286 σαυτῷ,
2825 3215 2922 3267 καὶ
2971 3215 3086 3275 τοῖς
3135 3211 3388 3279 ἀγαθοῖς
3431 3207 3547 3261 τῶν
3587 3207 3676 3258 ἀν·

411 3310 552 3363 quos
594 3296 764 3351 latere
800 3297 889 3352 diu
943 3314 1048 3352 non
1093 3300 1320 3366 poteris,
1356 3300 1610 3380 etiamsi
1663 3300 1816 3355 velis.
1871 3301 1982 3356 l-loc

2091 3312 2250 3380 δρῶν,
2278 3309 2371 3374 οὒς
2424 3311 2483 3362 οὐ
2543 3308 2768 3362 δυνατὸν
2820 3306 3111 3359 λανθάνειν
3163 3303 3265 3356 ἐπὶ
3321 3298 3550 3373 μακρῷ,
3579 3295 3676 3348 κᾶν

411 3404 632 3458 quoque
671 3388 959 3458 cogitabis,
1006 3392 1168 3446 rebus
1203 3392 1478 3453 omnibus.
1515 3408 1638 3463 qua:
1674 3408 1795 3449 esse
1845 3410 1983 3464 pra:-

411 3481 764 3536 stantissimae
786 3483 1062 3548 videntur,
1103 3483 1309 3552 aliquid
1352 3483 1515 3538 etiam
1561 3485 1842 3540 adhaerere
1872 3502 1980 3541 non

416 3573 567 3626 boni.
598 3571 660 3626 Et
689 3581 954 3640 potestate
983 3573 1260 3642 prmditos,
1324 3574 1524 3642 quibus
1550 3583 1738 3644 aperte
1781 3585 1985 3629 morta-

417 3666 495 3722 les
523 3666 793 3726 assentari
825 3677 1248 3731 consueverunt,
1281 3681 1377 3720 ceu
1413 3667 1782 3722 necessarium
1819 3667 1982 3735 quid-

413 3761 563 3817 dam.
588 3758 1022 3814 obtrectationes
1047 3758 1400 3813 clandestinae
1422 3760 1774 3814 comitantur.
1803 3759 1984 3814 Enim.

413 3867 542 3906 vero
577 3852 622 3906 si
659 3867 781 3906 vera
818 3856 881 3906 de
920 3859 970 3905 te
1023 3859 1353 3922 sparguntur
1408 3853 1664 3917 crimina,
1719 3854 1986 3922 patienter

413 3945 578 4009 feras,
633 3956 684 3999 et
745 3943 974 4013 leipsmn
1037 3943 1278 4013 corrige;
1339 3957 1548 4012 proque
1584 3943 1982 3998 benellcionon

415 4036 721 4090 voluntario
782 4035 968 4090 ducito
1041 4034 1402 4089 correctionis
1465 4035 1829 4089 occasionem.
1888 4034 1984 4088 Sin

414 4130 566 4184 falsis
602 4125 1208 4198 conviciis'exagitaris,
1247 4125 1562 4182 consoletur
1603 4136 1655 4180 te
1709 4127 1981 4192 Christus,

415 4223 508 4291 qui
541 4222 814 4291 ejusmodi
855 4223 1023 4274 multa
1053 4235 1345 4289 perpessus
1381 4229 1486 4280 est,
1529 4227 1584 4273 et
1612 4218 1792 4272 adhuc
1844 4220 1986 4288 pati-

416 4325 542 4368 tur:
581 4329 644 4368 ac
679 4326 963 4382 praeterea,
1007 4311 1154 4382 quod
1183 4312 1287 4364 alia
1322 4309 1568 4380 qua-dam
1608 4320 1719 4371 tua,
1758 4309 1987 4366 fortasse

417 4424 526 4464 non
581 4407 731 4472 talia,
789 4405 971 4474 qualia
1031 4404 1305 4460 debebant
1354 4418 1497 4470 esse,
1556 4405 1643 4458 vel
1711 4404 1987 4473 aliquibus

417 4501 601 4568 ignota
627 4500 757 4562 sint,
791 4497 871 4550 vel
897 4497 1173 4551 omnibus.
1211 4494 1337 4552 Haec
1373 4511 1503 4567 ergo
1524 4511 1623 4567 pro
1668 4495 1790 4552 istis
1826 4511 1987 4568 repo-

417 4606 538 4655 nas,
570 4595 626 4644 et
663 4587 874 4643 facilius
910 4586 1218 4644 calumnias
1259 4585 1422 4640 feres.

1077 4677 1325 4736 XXXIX.

488 4773 747 4830 Iuniores
803 4775 1104 4841 priscorum
1151 4771 1437 4828 sententiis
1496 4787 1594 4827 ceu
1635 4771 1991 4828 fundamento

419 4871 656 4938 quodam
692 4877 925 4933 utentes,
953 4866 1000 4921 si
1029 4866 1158 4934 quid
1179 4866 1676 4934 ampliusipossint,
1698 4878 1989 4920 exstruere

419 4963 640 5017 debent.
667 4959 732 5013 Et
761 4959 978 5029 quidem
1016 4971 1117 5028 ego
1156 4958 1428 5012 neminem
1475 4956 1720 5010 omnium
1752 4957 1991 5012 arbitror
2021 5025 2027 5037 η-

2086 3403 2298 3475 ιθέλῃς.
2344 3400 2613 3472 Ἕνθυμοῦ
2661 3401 2721 3454 δὲ
2772 3402 3013 3464 κάκεῖνο,
3045 3398 3126 3450 ὅτι
3177 3398 3323 3451 πᾶσι
3376 3395 3672 3462 πράγμασι

2085 3500 2197 3561 τοῖς
2235 3493 2483 3567 ἀρίστοις
2528 3491 2668 3546 εἶναι
2711 3493 2932 3545 δοκοῦσι
2992 3489 3201 3558 συνέφυ
3245 3505 3304 3541 τι
3337 3484 3440 3540 καὶ
3475 3481 3582 3534 τῶν
3614 3477 3670 3529 οὗ

2087 3589 2268 3643 καλῶν
2287 3606 2300 3621 ν
2328 3589 2422 3640 καὶ
2455 3589 2574 3648 ταῖς
2605 3584 2879 3650 ἐξουσίαις
2920 3576 2983 3636 τὺ
3010 3581 3256 3650 φανερὸν
3292 3569 3668 3636 κολακευομέ-

2086 3699 2206 3744 ναις
2229 3680 2290 3749 τὸ
2338 3679 2526 3749 κρύφα
2570 3677 2931 3746 διασύρεσθαι
2965 3675 3041 3737 ὥς
3091 3691 3144 3726 τι
3192 3672 3313 3725 τῶν
3348 3663 3668 3735 ἀναγκαίων

2089 3747 2387 3853 ἐφέπεταιί
2415 3767 2557 3821 Ἀλλ’
2592 3769 2640 3820 εἱ
2689 3769 2788 3835 μὲν
2833 3765 3051 3833 ἀληθῶς
3096 3764 3395 3833 διαϐάλλῃ,
3429 3760 3562 3828 φέρε
3605 3769 3660 3853 τε

2087 3865 2182 3919 καὶ
2224 3847 2464 3932 διορθοῖ»,
2513 3864 2608 3915 καὶ
2663 3861 2982 3928 εὐεργεσίαν
3033 3858 3293 3912 ἀκούσιον
3342 3855 3533 3923 νόμιζε
3569 3847 3662 3916 τὴν

2087 3958 2186 4025 τῆς
2217 3954 2560 4025 διορθώσεως
2589 3954 2862 4022 ἀφορμήν.
2887 3953 2947 4005 Εἰ
2978 3953 3033 4006 δὲ
3071 3951 3132 4019 δὴ
3156 3950 3372 4019 ψευδῶς
3409 3944 3653 4011 διατῦρῃο

2088 4044 2523 4116 παραμυθείσοω
2575 4062 2634 4097 σε
2691 4045 2943 4112 Χριστὸς,
2973 4044 3108 4094 πολὺ
3155 4042 3312 4094 τουτὶ
3353 4036 3540 4091 παθών
3576 4048 3651 4088 τε.

2089 4137 2181 4190 καὶ
2224 4135 2302 4189 ἔτι
2333 4137 2558 4205 πάσχων
2582 4150 2598 4166 ο
2639 4136 2734 4188 καὶ
2781 4135 2862 4187 ὅτι
2917 4135 3080 4202 ἔτερα
3119 4134 3226 4186 τῶν
3258 4132 3368 4184 σῶν
3400 4131 3498 4182 οὐκ
3530 4126 3650 4177 ὄντα

2090 4230 2222 4292 fato;
2253 4223 2449 4299 οἷάπερ
2500 4227 2690 4297 ἐχρῆν,
2735 4226 2926 4295 λέληθέ
2976 4241 3154 4288 τινας,
3203 4224 3239 4294 ἢ
3289 4221 3384 4275 καὶ
3431 4219 3646 4273 πάντας·

2089 4320 2255 4372 Ταῦτ’
2288 4319 2518 4382 ἐκείνοις
2572 4320 2842 4382 ἀνατξοει.
2879 4317 2974 4373 καὶ
3024 4320 3156 4389 ῥᾷον
3184 4317 3356 4377 οἴσεις
3392 4324 3646 4376 συκοφαν·

2089 4427 2374 4482 τουμενος.

2817 4675 2932 4730 ΑΘ’.

2166 4769 2287 4838 Χρὴ
2315 4769 2565 4836 θεμέλιον
2591 4770 2815 4839 ἔχοντας
2842 4767 2956 4820 τῶν
2995 4766 3369 4838 ἀρχαιοτέρων
3393 4763 3488 4824 τὰς
3511 4753 3640 4826 γνώ-

2098 4879 2205 4933 μας
2227 4865 2354 4924 τοὺς
2381 4863 2700 4929 νεωτέρους,
2723 4861 3030 4930 οἰκοδομεῖν
3065 4860 3120 4913 εἴ
3143 4879 3197 4913 τι
3244 4860 3504 4913 δύναιντο.
3537 4849 3634 4905 Καὶ

2097 4954 2222 5024 μηδ’
2243 4957 2308 5008 ἂν
2331 4955 2427 5007 ἕνα
2452 4955 2558 5007 τῶν
2584 4956 2805 5007 πάντων
2829 4955 2939 5021 ἐγὼ
2969 4954 3176 5022 νομίζω
3206 4951 3419 5022 γραφὴν
3437 4944 3634 5000 δικαίαν

422 5053 619 5108 merito
650 5067 750 5107 nos
787 5055 1186 5115 incusaturum,
1218 5049 1264 5104 si
1293 5049 1500 5117 priscos
1535 5047 1658 5102 illos
1693 5049 1985 5117 intuentes,

2095 5050 2226 5118 ἡμῖν
2258 5047 2521 5108 ἐποίσειν,
2554 5047 2601 5098 εἰ
2638 5046 2774 5116 πρὸς
2818 5048 2945 5111 τοὺς
2980 5048 3372 5115 παλαιοτέρους
3399 5041 3627 5109 ὁρῶντες.

418 5160 720 5214 eorumque
758 5153 1022 5213 praecepta
1071 5157 1170 5210 pro
1220 5139 1502 5210 principiis
1536 5140 1820 5203 habentes,
1886 5156 1988 5196 no-
2031 5183 2053 5211 η

422 5252 538 5297 slra
575 5238 943 5307 perliciamus.
977 5235 1208 5302 Quidam
1235 5248 1367 5304 ergo
1406 5233 1490 5289 vir
1515 5233 1743 5304 insignis
1769 5233 1858 5288 cui
1890 5249 1992 5289 no.-

424 5347 544 5386 men
577 5327 935 5400 Pythagoras,
977 5327 1148 5390 dixit;

421 5446 495 5501 0b
523 5442 825 5512 malefacta
851 5441 1057 5508 dolens,
1091 5452 1140 5497 te
1169 5444 1455 5515 castigato,
1478 5443 1705 5515 vicissim
1725 5448 1865 5515 recta
1899 5455 1991 5493 ιιοο

489 5551 495 5556 -
682 5511 688 5512 ί
1310 5511 1327 5515 ⁷
1548 5512 1762 5585 [luptati
1793 5511 1925 5565 sint.

419 5603 655 5658 Carmen
688 5605 888 5672 ipsum,
921 5617 1054 5656 sane
1086 5603 1620 5670 praestantissimum,
1653 5601 1988 5671 appellatum

418 5707 502 5750 est
532 5711 780 5752 aureum.
815 5693 972 5750 Esset
1011 5703 1214 5759 autent,
1275 5708 1391 5748 mea
1440 5695 1654 5764 quidem
1711 5693 1991 5762 Opinione,

423 5791 593 5866 magis
621 5805 856 5856 aureum
904 5797 958 5844 ct
1010 5785 1307 5860 perfectius
1343 5825 1356 5851 ,
1397 5787 1440 5841 si
1502 5793 1764 5850 uioucret,
1820 5784 1989 5838 absti-

2094 5136 2191 5187 καὶ
2218 5135 2483 5187 τάκείνων
2512 5135 2686 5206 ἀρχὰς
2720 5138 3059 5204 ποιούμενοι,
3092 5138 3159 5190 τὰ
3190 5135 3432 5204 ἡμέτερα
3466 5124 3628 5180 αὐτῶν

2094 5227 2435 5296 ἐνεργοῖμεν.
2471 5227 2618 5296 Ἔφη
2665 5227 2759 5281 οὖν
2791 5245 2897 5292 τις,
2932 5229 3077 5298 μάλα
3111 5229 3271 5298 ἀνὴρ,
3326 5218 3620 5287 Πυθαγόρας

2092 5317 2334 5385 τοῦνομα
2357 5336 2373 5350 ο

2094 5434 2267 5488 Astra
2286 5431 2405 5502 μὲν
2442 5436 2774 5505 ἐκπρήξας,
2820 5435 3204 5505 ἐπιπλήσσω
3226 5451 3239 5465 ·
3277 5428 3506 5574 7.1131203:
3511 5418 3616 5548 υθέ.

3347 5520 3374 5556 τ
3400 5519 3435 5570 ρ
3547 5532 3558 5544 ο

3347 5520 3558 5556 recavo.

3347 5519 3405 5556 τε
3439 5519 3558 5551 που.

2104 5601 2212 5654 Καὶ
2236 5601 2296 5653 τὸ
2319 5599 2448 5660 ἔπος
2475 5598 2696 5668 ἄριστον
2721 5595 2805 5658 ὃν,
2829 5595 3266 5666 προσηγόρευται
3292 5519 3622 5664 χέυξοῦνῖην

2110 5693 2158 5747 δ’
2212 5693 2277 5746 ἂν
2336 5689 2491 5760 οἶμαι
2547 5688 2988 5758 χρυσειδέστερον
3047 5689 3128 5740 ἔτι
3187 5691 3282 5740 καὶ
3335 5679 3620 5742 τελεώτερον

2101 5786 2402 5856 ἀπέχισϐαι
2441 5784 2540 5858 μὲν
2565 5783 2674 5837 τῶν
2716 5780 2924 5852 κακῶν,
2957 5781 3067 5836 τῶν
3087 5781 3144 5835 δὲ
3179 5779 3467 5836 καλλίστων
3504 5779 3622 5834 πρα”’
