3978 6604
468 320 577 385 347

1641 285 2045 385 MANlJELlS
2081 318 2529 384 PAL/EOLOGI

3675 318 3790 384 318

465 433 594 503 pitis
624 432 825 487 habere
844 430 1139 495 rationem,
1165 429 1211 485 si
1245 431 1453 485 salvum
1483 446 1603 487 esse
1623 433 1783 489 debet
1814 436 2042 502 animal,

2172 437 2275 493 [θαι
2302 439 2371 491 τὰ
2401 441 2559 509 μέλη,
2590 442 2639 494 εἰ
2679 440 2763 495 δεῖ
2800 442 2863 496 τὸ
2914 444 3063 508 ζῶον
3085 440 3513 505 συνίστασθαι,
3548 438 3652 493 καὶ
3682 440 3779 511 τὴν

465 528 855 593 integrumque
884 524 1222 578 conservari.
1258 522 1390 577 Nam
1422 527 1752 589 membrum,
1783 529 1930 596 quod
1961 544 2045 582 re-

432 626 679 673 ’sectuut
712 627 819 680 est,
860 626 1213 686 posteaquam
1249 619 1635 686 reliquoruma
1656 603 1924 674 societate
1959 634 2047 673 re—

468 711 709 772 vulsum,
742 726 992 773 seorsum
1025 726 1147 764 esse
1179 710 1323 776 cepit
1353 728 1366 775 ;
1399 711 1501 763 hoc
1535 711 1656 779 ipso
1706 712 1921 767 scilicet
1960 721 2047 767 est

468 814 767 856 mortuum.
832 801 976 856 Idem
1006 803 1168 869 capiti
1202 818 1231 856 a
1259 803 1518 859 membris
1540 804 1811 874 dirempto
1830 807 2047 860 contin-

468 909 593 961 gere
622 910 848 949 necesse
872 904 979 959 est;
1008 897 1207 963 quippe
1228 911 1327 950 nec
1345 903 1510 965 caput
1545 911 1642 955 nec
1685 898 1925 952 membra
1967 899 2053 952 vi-

465 999 593 1039 νετυ
614 1001 863 1040 seorsum
894 999 1144 1056 possunt.

1160 1080 1339 1133 XLIV.

540 1189 775 1245 Omnino
797 1191 1014 1244 diiiicilc
1034 1203 1110 1244 cst
1133 1211 1280 1256 cum,
1301 1196 1393 1262 qui
1420 1197 1636 1263 paulum
1657 1197 1783 1265 quid
1809 1198 1935 1251 mali
1954 1200 2050 1252 de-

466 1282 723 1350 signavit,
759 1299 861 1334 non
892 1283 945 1335 in
973 1280 1177 1350 tnnjOra
1210 1287 1336 1338 vitia
1383 1288 1486 1339 labi
1525 1288 1710 1342 :velut
1764 1305 1911 1353 enm,
1957 1292 2049 1359 qui

466 1374 592 1427 boni
619 1373 749 1440 quid
778 1373 1067 1435 fecithnon
1097 1378 1260 1429 etiam
1312 1379 1535 1434 meliore
1603 1381 1787 1446 potiri.
1839 1383 2051 1449 Quippe

467 1467 667 1520 factum
699 1468 952 1521 vitiosum
986 1485 1124 1522 noxa
1154 1470 1474 1534 comitatur,
1509 1486 1573 1526 ac
1597 1474 1800 1527 malum
1829 1478 2052 1542 grav-ins

469 1557 652 1613 eiiicit.
685 1557 825 1623 Ipsae
853 1573 983 1612 vero
1003 1561 1279 1623 resbonac,
1311 1572 1518 1615 catenae
1541 1565 1825 1634 cujusdam
1845 1568 2041 1627 instar,

470 1651 702 1706 invicem
731 1651 1029 1717 cohaerent,
1048 1652 1211 1720 cujus
1232 1653 1411 1720 aliqua
1439 1668 1567 1722 pars
1588 1656 1921 1723 apprehendi
1946 1673 2051 1711 non

469 1752 672 1814 potest.
704 1742 839 1811 quin
863 1743 1113 1812 proxima
1141 1759 1360 1812 quoque
1380 1762 1473 1814 per
1501 1761 1619 1801 eam
1653 1749 1816 1803 simul
1849 1764 2049 1819 appre-

370 1870 393 1877 ρ
471 1834 760 1899 ttendatur,
790 1848 854 1889 ac
885 1849 982 1903 per
1011 1834 1170 1889 istam
1209 1851 1401 1890 rursus
1433 1837 1535 1890 alia
1559 1855 1572 1903 ;
1596 1852 1694 1906 per
1744 1841 2049 1908 quamlibet

464 1927 707 1996 denique
749 1937 980 1996 partem,
1007 1927 1335 1996 simpliciter
1360 1943 1573 1985 omnes.
1633 1936 1876 1989 Intentus
1911 1949 2046 2003 ergo

467 2017 629 2071 Iactis
665 2016 963 2085 praeclaris,
989 2026 1044 2072 et
1086 2017 1316 2087 gloriam
1367 2020 1723 2087 pauentibus.
1768 2037 1901 2077 cave
1958 2026 2045 2079 vel

470 2105 758 2159 minimum
785 2106 919 2173 quid
939 2105 1212 2161 illaudataa
1240 2107 1314 2161 rei
1337 2112 1628 2178 peregeris.
1650 2110 1883 2166 Habitus
1905 2114 2053 2169 enim

468 2212 502 2250 ιι
533 2196 715 2264 parvis
736 2196 973 2264 orditur,
992 2212 1285 2267 rerumque
1305 2199 1657 2256 minimarum
1683 2205 2053 2270 accessiones,

473 2290 576 2344 nisi
600 2289 876 2360 quoddam
902 2290 1207 2345 intercedat
1235 2291 1711 2360 impedimentum.
1758 2297 1811 2350 in
1866 2297 2050 2352 inlini-

473 2389 587 2434 tum
619 2382 1210 2450 progressaeLmaxima
1227 2397 1449 2453 quoque
1475 2400 1713 2456 corpora
1741 2389 2054 2445 necessario

474 2472 841 2542 superabunt.

1180 2566 1345 2623 XLV.

548 2677 693 2733 Fieri
734 2679 1027 2750 prmlectus
1052 2683 1230 2751 cupis,
1257 2683 1525 2754 bonisque
1574 2685 1831 2742 maximis
1865 2686 2052 2757 potiri.

478 2773 711 2842 praecipe
740 2773 925 2827 animo
953 2781 1067 2837 tuo,
1120 2789 1188 2828 ne
1240 2774 1601 2844 cogitationes
1649 2778 1736 2833 vel
1794 2778 2052 2850 exiguum

482 2862 717 2917 fructum
743 2865 1008 2919 allaturas
1038 2866 1309 2933 negligat:
1342 2869 1437 2922 sed
1470 2868 1723 2924 admittat
1746 2871 1924 2925 omnia
1953 2885 2053 2924 cu-

482 2954 629 3023 pide,
663 2954 865 3025 quibus
884 2958 1142 3013 meliores
1173 2958 1463 3015 cllicimur.
1485 2961 1540 3016 Si
1569 2963 1700 3031 quid
1728 2972 1910 3017 autem
1935 2964 2054 3018 ani-

481 3045 555 3100 mi
589 3050 994 3102 contentionem
1023 3049 1107 3102 vel
1140 3065 1331 3119 parum
1364 3053 1595 3119 relaxat,
1619 3070 1683 3108 ac
1715 3071 1825 3123 quo
1872 3056 2054 3110 minus

2148 530 2475 600 ὁλοκληρίαν
2535 533 2716 603 ἑαυτῷ
2765 537 3116 605 περισώζειν.
3147 536 3237 587 Τό
3308 552 3376 587 τε
3410 533 3533 604 γὰρ
3570 534 3781 602 τμηθὶν

2148 622 2256 674 τῶν
2288 623 2490 692 μελῶν,
2546 624 2646 693 τῆς
2686 628 2997 697 κοινότητος
3030 629 3284 688 ὲκστὰν,
3326 627 3435 680 καὶ
3471 625 3610 680 καθ’
3648 626 3780 683 αὐτὸ

2150 711 2406 775 γεγονὸς,
2455 712 2603 782 αὐτῷ
2653 729 2716 780 γε
2756 714 2930 785 τούτῳ
2962 716 3341 791 νενέκρωται.
3380 717 3508 779 Καὶ
3566 718 3780 784 κεφαλὴ

2151 801 2260 853 τῶν
2287 802 2465 870 μελῶν
2492 807 2823 874 χωρισθεῖσα
2875 806 3021 860 τοῦτ’
3060 808 3126 862 ἂν
3164 808 3356 871 εὐθὺς
3409 806 3609 863 πάθοι.
3661 808 3783 879 Ζωὴ

2152 892 2263 964 γάρ
2283 892 2411 947 οὔτε
2444 896 2682 967 κεφαλῇ,
2718 898 2840 952 οὔτε
2867 899 3080 968 μέλεσι,
3111 899 3321 971 χωρίς.

2876 1082 2928 1133 Μ
2933 1083 3005 1135 Δ’.

2228 1188 2481 1242 Χαλεπὸν
2532 1193 2766 1260 σμικρόν
2804 1210 2857 1245 τι
2906 1193 3192 1258 πράξαντα
3240 1195 3371 1248 τῶν
3424 1195 3649 1257 κακῶν,
3703 1198 3779 1266 μὴ

2155 1282 2267 1341 τοῖς
2324 1281 2536 1348 μείζοσι
2570 1287 2921 1351 περιπεσεῖν
2967 1285 3156 1353 ὥσπερ
3207 1286 3319 1341 καί
3380 1303 3441 1339 τι
3498 1288 3674 1340 καλὸν
3705 1289 3775 1358 μὴ

2161 1375 2454 1442 μετασχεῖν
2495 1372 2590 1425 τοῦ
2619 1372 2913 1442 βελτίονος.
2944 1379 3103 1448 Κακῇ
3133 1379 3259 1445 γὰρ’
3292 1378 3521 1447 πράξει
3563 1378 3628 1432 τὸ
3657 1379 3779 1449 βλά-

2157 1478 2291 1515 πτον
2321 1462 2625 1526 ἀκολουθεῖ,
2658 1466 2750 1517 καὶ
2793 1466 2853 1519 τὸ
2881 1467 3055 1520 δεινὸν
3084 1469 3414 1536 ἐργάζεται
3447 1469 3773 1540 χαλεπώτεο

2159 1570 2273 1623 ρον.
2312 1555 2497 1607 Ἔοικε
2529 1553 2585 1607 δὲ
2629 1557 2698 1608 τὰ
2728 1556 2910 1623 ἀγαθὰ
2963 1559 3125 1629 σειρᾷ
3175 1559 3459 1628 ἀλλήλων
3514 1560 3769 1629 ἐχόμενα,

2156 1640 2224 1714 ἧς
2254 1647 2354 1697 οὐκ
2391 1645 2470 1699 ἔνι
2519 1646 2720 1716 μέρους
2755 1648 3074 1717 λαϐόμενον,
3119 1649 3194 1720 μὴ
3243 1651 3323 1704 δι’
3362 1651 3595 1705 ἐκείνου
3623 1653 3772 1706 λαϐέ-

2159 1734 2281 1787 σθαι
2312 1753 2429 1799 πως
2461 1740 2555 1790 καὶ
2580 1738 2675 1791 τοῦ
2706 1739 3120 1811 πλησιάζοντος,
3157 1745 3261 1797 καὶ
3290 1743 3372 1796 δι’
3409 1744 3635 1797 ἐκείνου
3677 1748 3772 1798 πά-

2153 1828 2236 1881 λιν
2264 1830 2485 1900 ἑτέρου,
2518 1834 2615 1886 καὶ
2655 1834 3103 1898 πάντωνάπλῶς
3136 1836 3211 1889 δι’
3235 1838 3526 1891 ἑκάστου.
3571 1839 3766 1908 Προσέ-

2153 1938 2267 1991 χων
2296 1925 2479 1976 τοίνυν
2516 1925 2633 1986 τοῖς
2658 1925 2844 1989 καλοῖς
2868 1928 2966 1980 καὶ
3007 1927 3167 1991 δόξαν
3224 1930 3520 1998 φέρουσιν
3565 1928 3760 1997 ἔργοις.

2159 2013 2235 2082 μὴ
2264 2014 2569 2084 καταδέχου
2599 2016 2698 2070 καὶ
2737 2017 2799 2069 τὸ
2831 2017 3165 2087 φαυλότατον
3195 2020 3319 2073 τῶν
3364 2021 3478 2074 οὐκ
3515 2022 3757 2074 ἔπαινον.

2158 2105 2337 2174 μένων
2367 2105 2721 2176 δργάζισθαι.
2747 2108 2898 2173 Ἐξις
2926 2109 3035 2179 γὰρ
3062 2111 3170 2164 ἀπὸ
3203 2099 3491 2181 σμικρῶν
3514 2113 3754 2181 ἄρχεται.

2156 2198 2251 2250 καὶ
2273 2196 2333 2249 at
2353 2197 2467 2257 τῶν
2488 2198 2789 2269 ἐλαχίστων
2818 2203 3153 2273 προσθῆκαι,
3185 2204 3263 2272 ἦν
3299 2204 3383 2272 μὴ
3419 2203 3487 2256 τὸ
3514 2203 3759 2257 κωλῦσαν

2157 2288 2394 2352 ἐπέλθοι,
2420 2292 2500 2355 είς
2528 2292 2755 2363 ἄπειρον
2789 2295 3234 2365 ἑξενηνεγμέναι,
3269 2296 3381 2350 καὶ
3410 2296 3487 2350 τὰ
3535 2297 3760 2366 μέγιστα

2154 2379 2266 2433 τῶν
2291 2382 2562 2450 σωμάτων
2590 2385 2910 2453 ἀναγκαίως
2941 2386 3387 2459 ὑπερϐήσονται.

2826 2566 2849 2585 ⁸
2876 2562 3009 2618 ME’.

2232 2675 2334 2728 Ἢν
2362 2676 2636 2745 ἐπιθυμῇς
2664 2674 3021 2742 τελειότητος,
3055 2676 3148 2730 καὶ
3181 2676 3483 2745 μεγίστων
3510 2678 3572 2729 ὲν
3604 2673 3753 2746 μεθέ-

2162 2766 2241 2832 ξει
2271 2766 2451 2820 καλῶν
2475 2765 2749 2833 γενέσθαι,
2785 2767 3162 2835 παρακελεύου
3209 2770 3281 2839 τῇ
3314 2768 3496 2839 ψυχῇ,
3531 2767 3605 2838 μὴ
3634 2766 3746 2827 τοὺς

2163 2860 2334 2929 μικρὰ.
2358 2859 2702 2917 συνοίσοντας
2736 2858 3011 2927 ὐπερορᾷν
3043 2856 3390 2926 λογισμοὺςο
3425 2858 3546 2910 ἀλλ’
3585 2857 3750 2909 ἀσπα-

2161 2951 2289 3012 σίως
2320 2948 2573 3019 δέχεσθαι
2625 2951 2755 3007 πᾶν.
2791 2942 2835 3018 ᾧ
2892 2948 3138 3018 βελτίους
3193 2949 3540 3017 γιγνόμεθα.
3587 2947 3656 3001 Τὸ
3693 2945 3745 2998 δὲ

2165 3042 2341 3112 βραχὺ
2392 3042 2570 3111 ψυχῆς
2604 3041 2695 3094 τὸν
2741 3044 2894 3094 τόνον
2926 3039 3235 3111 ὑποχαλῶν,
3276 3042 3381 3094 καὶ
3411 3043 3481 3111 τῇ
3528 3039 3659 3105 πρὸς
3687 3038 3747 3088 τὰ

483 3134 551 3189 ad
577 3136 798 3191 meliora
824 3138 1186 3207 propendeat,
1213 3139 1460 3209 impedit,
1495 3143 1546 3196 id
1575 3145 1803 3200 omnino
1849 3161 1916 3200 ne
1954 3148 2056 3200 ad-

2172 3137 2395 3202 κρείττω
2436 3137 2577 3205 ῥοπῇ
2614 3136 3077 3205 προσιστάμενον,
3132 3134 3276 3202 μηδὲ
3320 3136 3425 3199 τὴν
3457 3132 3630 3203 ἀρχὴν
3666 3128 3744 3181 δέ·

489 3226 845 3283 mittat.Nam
879 3241 933 3285 ct
987 3231 1191 3285 ntalum
1239 3241 1292 3286 et
1351 3233 1580 3297 bonum,
1631 3237 2064 3307 cogitationibus

484 3315 759 3386 illapsum,
782 3319 835 3372 in
855 3333 994 3388 opus
1011 3320 1162 3375 exire
1187 3324 1541 3378 consuevitet
1562 3328 1646 3379 via
1667 3328 1900 3395 qualum
1926 3343 2048 3393 pro-

484 3407 801 3474 grediendo,
833 3397 887 3462 i'u
925 3409 1172 3464 habitqu
1206 3413 1461 3467 stabilem
1484 3417 1641 3481 quasi
1665 3431 2061 3473 concrescere:

487 3498 580 3566 qui
612 3513 734 3552 cum
759 3500 925 3553 animi
953 3499 1300 3558 facultatibus
1324 3519 1647 3574 augescens,
1679 3508 1785 3562 illis
1812 3509 1945 3576 ipsis
1970 3526 2066 3579 par

485 3604 608 3644 esse
629 3591 830 3652 studet,
863 3607 985 3659 qua!
1003 3609 1134 3647 sane
1166 3596 1394 3651 conlieri
1424 3599 1631 3669 nequit,
1657 3608 1715 3652 ut
1745 3599 1925 3669 aliqua
1964 3616 2067 3667 Ira-

488 3681 637 3737 tione
675 3689 983 3739 mutentur.
1278 3704 1279 3707 ‘

1176 3777 1366 3834 XLVI.
1454 3800 1457 3803 ·

562 3886 724 3944 Recte
740 3887 928 3957 facies,
945 3905 1008 3946 ac
1029 3888 1178 3945 valde
1195 3892 1410 3963 quidem
1432 3895 1851 3960 laudabiliter,si
1872 3896 2066 3964 proju-

490 3979 685 4035 cundis
702 3982 925 4052 optima,
946 3999 1069 4037 cum
1090 3982 1321 4056 utraque
1339 4004 1446 4042 non
1466 3988 1610 4053 licet,
1625 3989 1842 4058 diliges.
1860 3988 1969 4042 Iloc
1992 3989 2064 4041 ab

491 4083 709 4128 oratore
728 4077 995 4143 prolatum
1018 4086 1122 4141 est,
1141 4086 1305 4148 atque
1324 4081 1400 4134 uti
1416 4080 1525 4135 Deo
1541 4091 1779 4151 gratum,
1804 4081 1875 4134 ita
1904 4081 2062 4135 bonis

494 4178 525 4217 a
547 4164 678 4217 viris
699 4164 863 4218 etiam
896 4163 1224 4222 factitatum.
1253 4170 1307 4223 Si
1330 4170 1459 4238 quid
1494 4171 1547 4224 in
1580 4171 1873 4239 perniciem
1920 4170 2065 4225 nosti

496 4249 824 4313 desiturum,
842 4250 962 4319 ejus
980 4253 1266 4310 adversare
1287 4256 1646 4327 principium;
1672 4258 1886 4313 tametsi
1907 4259 2065 4312 blatt-

495 4341 647 4404 dum,
669 4342 885 4397 tametsi
904 4345 1204 4413 jucundum
1228 4348 1318 4412 sit,
1346 4350 1560 4405 tametsi
1585 4350 1915 4419 voluptatem
1941 4350 2064 4405 inli-

498 4432 666 4486 uitam
695 4434 1040 4501 polliCeatnr.
1071 4438 1206 4492 Nam
1238 4441 1438 4496 malum
1485 4459 1677 4513 reapse
1725 4445 1927 4498 malum
1975 4455 2061 4500 est

500 4539 564 4576 ac
590 4524 749 4591 plane
774 4525 1020 4591 stultum,
1051 4529 1131 4582 vel
1152 4528 1429 4597 inchoare,
1457 4533 1597 4602 quod
1624 4534 1883 4605 perlicere
1906 4535 2072 4599 nolis,

500 4616 582 4667 vel
612 4630 735 4671 cum
768 4632 950 4673 escam
972 4618 1118 4677 Ierro
1173 4621 1371 4680 videris
1403 4624 1637 4692 aiiixam,
1668 4638 1891 4697 pr0pter
1913 4643 2076 4698 appe-

505 4699 661 4761 titum
692 4709 916 4767 alterius
943 4721 1233 4783 utrumque
1260 4715 1544 4785 deglutirc.
1580 4718 1732 4784 Quod
1766 4722 1812 4776 si
1865 4730 2075 4777 mentes

505 4800 691 4870 aliquo
709 4803 839 4857 vitio
860 4815 1130 4874 corrupta:
1151 4822 1258 4861 non
1286 4807 1508 4874 iuerint,
1526 4812 1666 4867 haud
1689 4822 1970 4880 acceptum
1990 4829 2080 4868 es-

503 4906 564 4946 se
589 4895 788 4963 poterit
814 4895 925 4950 ullo
955 4898 1137 4961 modo,
1167 4904 1313 4969 quod
1358 4903 1425 4956 ad
1459 4912 1673 4972 tempus
1719 4906 1939 4974 quidem
1984 4904 2078 4975 ju-

507 4986 747 5042 cundum
779 4995 862 5044 cst
884 5005 900 5056 ;
929 4997 984 5044 at
1010 4976 1442 5048 comitcmbabet
1466 4993 1706 5052 dolorem
1727 4984 2075 5067 pcrpctuuuf.

1178 5104 1387 5163 XLVII.

590 5192 874 5251 Universis
901 5206 982 5251 est
1014 5212 1303 5254 commune
1323 5202 1668 5270 mortalibus,
1696 5213 1757 5258 ut
1776 5203 1965 5260 invitis
1978 5205 2081 5260 ali-

510 5284 644 5356 quid
668 5286 913 5342 accidere
940 5291 1113 5357 possit
1131 5308 1145 5345 :
1165 5300 1222 5346 at
1240 5302 1455 5361 sponte,
1475 5310 1597 5363 quae
1618 5295 1778 5350 noxia
1807 5305 1955 5357 sunt.
1972 5298 2081 5369 ad—

516 5380 830 5444 mittere,ne
847 5378 1024 5459 brutis
1043 5383 1261 5451 quidem
1286 5387 1562 5454 proprium
1594 5402 1609 5441 :
1638 5390 1856 5455 quando
1875 5398 2085 5459 contra-

516 5470 661 5525 rium
693 5485 911 5539 quoque
940 5456 1089 5539 prius
1115 5484 1198 5529 cst
1221 5475 1676 5532 demonstratum.
1698 5479 1875 5535 Semel
1896 5492 2086 5552 captus

517 5561 757 5620 esicave
781 5564 860 5617 bis
878 5566 1115 5634 capiare,
1137 5582 1206 5621 ne
1222 5569 1438 5637 capiare
1455 5572 1674 5642 saepius,
1689 5574 2089 5629 consuetudine

520 5654 853 5726 depravatus
881 5675 897 5723 ;
924 5673 1055 5713 neve
1089 5658 1231 5714 furto
1265 5658 1542 5729 t‘requcnti
1595 5664 1823 5720 vitiosus
1862 5666 2085 5732 evadas,

524 5760 780 5822 totusque
801 5751 1138 5824 turpitudine
1163 5754 1416 5821 rclcrtus,
1443 5754 1510 5810 ad
1532 5755 1733 5813 bonum
1758 5757 1935 5815 redire
1956 5758 2091 5814 ditii-

2166 3226 2379 3296 χεσθαι.
2418 3229 2523 3279 Καὶ
2556 3228 2617 3279 τὸ
2646 3228 2816 3280 κακὸν
2841 3227 2971 3298 γὰρ,
3007 3226 3100 3279 καὶ
3131 3226 3188 3279 τὸ
3215 3227 3460 3293 ἀγαθὸν,
3492 3225 3614 3285 ταῖς
3640 3220 3743 3274 δια-

2165 3319 2336 3381 νοίαις
2372 3321 2765 3388 συγγινόμενον
2821 3320 2900 3382 εἰς
2932 3320 3094 3389 ἔργον
3125 3318 3415 3373 ἐκϐαίνειν
3448 3317 3627 3378 εἴωθε,
3657 3313 3742 3366 καὶ

2164 3409 2267 3478 ὁδῷ
2299 3407 2530 3478 βαδίζον,
2560 3411 2640 3471 είς
2673 3408 2787 3473 ἕξιν
2828 3409 3139 3479 πήγνυσθαι
3159 3425 3173 3440 ο
3212 3411 3243 3477 ἢ
3283 3412 3409 3470 ταῖς
3442 3411 3543 3477 τῆς
3575 3403 3743 3476 ψυχῆς

2168 3500 2538 3569 συναυξομένη
2594 3500 2879 3567 δυνάμεσι,
2913 3500 3208 3570 φιλονεικεί
3242 3504 3312 3553 τὸ
3348 3500 3467 3552 ἴσον
3519 3496 3741 3555 ἐκείναις

2166 3593 2364 3663 ἔχουσα
2389 3591 2695 3661 φαίνεσθαι,
2727 3592 2793 3656 ἃς
2828 3592 3272 3663 μεταϐεϐλῆσθαι
3315 3595 3422 3664 οὐχ
3453 3588 3676 3646 οἷόντε.

2872 3775 3026 3841 Μετ’.
3640 3816 3649 3819 -

2241 3887 2418 3941 Καλὸν
2448 3887 2542 3963 καὶ
2571 3886 2692 3940 λίαν
2718 3888 3005 3941 ἐπαινετὸν
3062 3888 3182 3941 ἀντὶ
3205 3888 3318 3940 τῶν
3341 3886 3521 3958 ἡδέων
3546 3883 3609 3935 τὰ
3631 3878 3741 3949 βέλ-

2169 3996 2350 4045 τιστα,
2380 3981 2475 4033 ἐὰν
2508 3979 2582 4052 μὴ
2607 3980 2893 4050 ἀμφότερα
2923 3980 3039 4049 ἐξῇ,
3094 3979 3428 4048 λαμϐάνειν.
3458 3976 3612 4031 Οὕτω
3644 3986 3738 4024 που

2167 4072 2246 4141 τῷ
2278 4072 2467 4143 ῥήτορι
2525 4073 2763 4142 είρηται,
2791 4074 2885 4125 καὶ
2910 4072 3028 4143 Θεῷ
3052 4073 3224 4142 φίλον,
3258 4075 3358 4128 καὶ
3390 4073 3502 4132 τοῖς
3530 4066 3739 4134 ἀγαθοῖς

2166 4160 2393 4230 ἀνδράσι
2425 4160 2813 4231 διεπέπρακτο.
2845 4164 2908 4214 ’Ὀ
2938 4161 3000 4231 δὴ
3024 4162 3320 4230 γινώσκεις
3342 4163 3504 4233 λῆξον
3526 4162 3600 4222 είς
3625 4157 3736 4209 ελε-

2169 4251 2317 4323 θρον,
2348 4253 2540 4327 τούτου
2589 4253 2685 4323 τὴν
2720 4254 2891 4325 ἀρχὴν
2913 4256 3283 4325 ἀποστρέφου,
3325 4256 3435 4310 κᾶν
3528 4250 3729 4323 χαρίεσο

2170 4359 2259 4408 σα,
2297 4344 2400 4396 κᾶν
2505 4343 2732 4415 τερπνὴ.
2768 4328 2870 4399 κᾶν
2969 4347 3169 4421 μυρίαν
3194 4348 3392 4419 ἡδονὴν
3422 4340 3735 4413 ἐπαγγελλο-

2178 4434 2336 4505 μένη.
2373 4436 2553 4490 Δεινὸν
2583 4437 2692 4505 γὰρ
2714 4436 2905 4506 ὄντως,
2941 4438 3138 4503 δεινὸν,
3160 4441 3255 4493 καὶ
3277 4438 3560 4499 παντελῶς
3592 4435 3733 4499 ἀνέη-

2181 4543 2293 4590 τον,
2318 4527 2349 4596 ἢ
2381 4528 2597 4581 τελέσαι
2632 4529 2708 4600 μὴ
2737 4529 3065 4600 βουλόμενον
3098 4530 3391 4601 ἄρξασθαι.
3418 4531 3450 4600 ἢ
3476 4529 3534 4581 τὸ
3560 4525 3733 4588 δέλεαρ

2189 4619 2363 4672 ίδόντα
2396 4622 2697 4692 περιπαρὲν
2744 4620 2823 4691 τῷ
2855 4621 3081 4692 σιδήρῳ,
3126 4618 3245 4675 εἶτα
3270 4621 3362 4675 διὰ
3392 4620 3613 4687 θάτερον
3643 4628 3731 4664 και

2185 4715 2400 4768 ταπιεῖν
2437 4714 2741 4785 ἀμφότερα.
2772 4715 2950 4778 Ὅλως
2979 4716 3036 4770 δὲ
3059 4716 3155 4778 τὰς
3184 4715 3392 4785 φρένας
3418 4711 3494 4782 μὴ
3514 4708 3731 4780 βεϐλαμο

2191 4804 2371 4873 μένοις
2403 4806 2507 4858 ὑπό
2537 4823 2628 4858 του
2659 4806 2866 4869 πάθους
2890 4807 2989 4860 οὐκ
3020 4806 3087 4860 ἂν
3119 4810 3295 4861 ἐκεῖνο
3320 4808 3532 4876 γένοιτο
3572 4798 3729 4867 φίλον·

2186 4900 2215 4953 ὃ
2236 4900 2371 4971 πρὸς
2396 4899 2546 4971 ὥραν
2584 4901 2682 4971 μὲν
2721 4901 2841 4972 ἡδὺ,
2866 4900 3109 4972 λυπηρὸν
3142 4901 3199 4954 δὲ
3228 4902 3479 4955 πάντοτε.

2914 5105 3048 5162 MZ'.

2266 5202 2502 5256 ’Δκοντα
2558 5203 2658 5272 μέν
2684 5218 2738 5254 τι
2786 5199 2978 5263 παθεῖν
3026 5198 3335 5270 ἀνθρώποις
3366 5196 3498 5251 πᾶσι
3532 5186 3724 5245 κοινόν·

2188 5268 2392 5367 γνώμῃ
2420 5293 2477 5346 δὲ
2507 5268 2823 5364 προσίεσθαι
2854 5291 2924 5345 τὰ
2954 5268 3195 5361 βλαϐερὰ
3224 5291 3332 5344 οὐδ’
3359 5286 3565 5353 ἀλόγοις
3590 5279 3731 5345 ἴδιον⁸

2195 5389 2330 5442 ὅπου
2386 5403 2450 5454 γε
2508 5383 2949 5453 καὶθτούναντίον
2999 5383 3503 5454 προαποδέδεικται.
3564 5369 3722 5468 'Elfh'

2197 5477 2341 5544 ἅπαξ
2370 5494 2384 5537 ;
2419 5476 2590 5546 φεῦγε
2626 5477 2686 5529 τὸ
2714 5476 2793 5537 δὶς
2824 5475 3050 5540 ἁλῶναι,
3080 5475 3168 5529 ἴνα
3199 5475 3273 5544 μὴ
3302 5469 3554 5527 πολλάκις
3581 5458 3722 5546 ἁλῷςν

2198 5572 2265 5640 τῇ
2293 5544 2552 5639 συνηθείᾲ
2571 5566 2947 5638 παρενεχθεὶς,
2973 5567 3067 5618 καὶ
3091 5566 3154 5636 τῇ
3184 5564 3399 5634 συνεχεῖ
3427 5555 3585 5621 κλοπῇ
3612 5544 3722 5640 πρὸς

2200 5630 2456 5731 ἀπειρίάν
2476 5630 2852 5731 παρεκταοῇς,
2880 5660 2971 5712 καὶ
2998 5630 3258 5727 αἱσχῦνης
3278 5630 3346 5726 γε
3375 5646 3618 5719 πλησθῇίο
3646 5630 3719 5731 κτξδ

2205 5724 2346 5826 πρὸς
2392 5754 2450 5806 τὸ
2486 5724 2646 5807 καλὸν
2694 5724 3124 5821 δυσεπίσεροφος
3151 5724 3361 5821 με’ίνῄς.
3421 5743 3519 5797 Τὸν
3538 5732 3632 5804 γὰρ
3654 5724 3720 5780 εὶς

2390 5876 2403 5907 \
