3978 6564
274 462 386 525 353
1233 465 1645 526 PR/ECEPTA
1689 463 2206 528 EDUCATIONIS
2248 463 2531 529 REGI/ﬁ.
3425 468 3531 531 354

275 573 524 644 μάθησιν
555 574 670 640 δεῖς
703 574 882 630 Καλὸν
913 574 968 628 δὲ
995 575 1086 628 καὶ
1118 577 1216 647 ἡδὺ
1243 577 1426 647 θέαμα
1455 581 1548 632 καὶ
1572 580 1846 649 παράκλη-

1962 582 2006 637 si
2037 582 2106 638 ab
2126 584 2434 640 eruditione
2467 585 2830 640 destituatur:
2863 583 3082 654 quantis
3103 583 3402 654 laboribus,
3425 605 3533 657 quo

275 683 364 730 σις
399 667 518 736 ἅμα
545 668 681 737 πρὸς
713 666 965 735 τάγαθὸν,
997 668 1185 748 νεότης
1209 669 1525 739 φιλομαθῶς
1547 687 1607 723 τε
1631 671 1846 740 ἔχουσα,

2002 675 2169 739 ludio,
2215 676 2480 730 doctrinae
2523 675 2768 746 cognitio
2817 683 2901 729 est
2959 677 3324 743 comparanda
3353 679 3376 730 τ
3402 679 3532 730 Pul-
3569 692 3573 696 ‘

274 758 376 810 καὶ
421 760 673 827 ’ἐνεργεῖν
712 757 996 832 ἐθέλουσα,
1050 759 1078 814 δ
1137 761 1450 831 μεμάθηκε.
1487 761 1708 824 Σύνεσις
1737 761 1845 829 ,γὰι

1966 767 2158 822 chrum
2191 780 2324 821 sane
2346 766 2764 837 jucundumque
2799 769 3175 838 spectaculum
3229 778 3335 832 est,
3367 780 3422 824 et
3453 774 3537 823 in-

271 848 463 919 ἀγαθὴ
495 851 556 902 ού
588 851 704 913 τοῖς
745 855 993 915 συνετοῐς
1038 852 1415 933 άπλῶς,ιάλλὰ
1457 855 1569 916 τοῖς
1613 853 1842 907 ποιοῦσα

2002 857 2320 911 itamentum
2363 856 2638 926 quoddam
2676 856 2744 911 ad
2769 858 2994 925 bonum,
3051 858 3314 927 juventus
3358 867 3411 914 et
3445 859 3534 914 di-
3570 895 3573 899 -

278 939 470 1010 αὑτήν.
493 943 650 994 Δυοῐν
681 941 775 996 οῦν
796 942 996 1007 ὄντοιν,
1029 944 1224 1015 ἄρχειν
1256 962 1340 1009 τε,
1369 947 1461 999 καὶ
1498 946 1716 1016 ίδιῶτην
1753 948 1849 1002 ὑπ·

1965 948 2149 1004 scendi
2202 949 2419 1018 cupida,
2455 957 2512 1003 et
2558 950 2705 1018 quod
2757 949 2976 1014 didicit,
3019 950 3152 1019 ipsis
3190 951 3348 1006 factis
3395 967 3536 1021 pra:-

279 1033 497 1100 άρχειν,
534 1036 628 1086 καὶ
671 1036 936 1106 ἑκατέρου
963 1037 1345 1108 διαιρουμένου
1377 1040 1459 1102 είς
1485 1039 1547 1092 τὸ
1584 1038 1762 1101 καλῶς
1798 1055 1850 1091 τε

1963 1041 2381 1097 standi.Pcritia
2411 1057 2648 1112 namque
2671 1057 2783 1097 non
2837 1043 3156 1112 simpliciter
3214 1038 3407 1114 peritis
3447 1053 3534 1099 est

278 1125 372 1174 καὶ
407 1123 508 1192 μὴ,
545 1122 765 1198 ζηλωτὴ
810 1130 909 1195 μέν
946 1127 1198 1197 ξυνωρὶς,
1245 1130 1294 1183 εί
1339 1129 1400 1194 ἐξ
1433 1132 1641 1200 ἀμφοῖν
1687 1131 1849 1201 αὐτὴν

1960 1133 2120 1198 bona,
2167 1134 2263 1188 sed
2297 1134 2549 1202 peritiam
2584 1149 2739 1190 suam
2779 1134 3206 1190 declarantibus.
3238 1135 3374 1190 Cum
3403 1150 3531 1204 ergo

280 1213 707 1284 ξυναρμόσειας,
735 1219 766 1287 ἡ
800 1218 892 1271 τοῦ
912 1219 1102 1290 ἄρχειν
1128 1221 1222 1274 καὶ
1249 1221 1431 1284 καλῶς
1454 1238 1468 1252 ·
1496 1223 1558 1275 ού
1587 1222 1694 1294 μὴν
1718 1222 1766 1275 δ’
1793 1223 1851 1276 ἂν

1958 1225 2080 1277 duae
2104 1238 2192 1276 res
2213 1223 2344 1285 sint,
2368 1224 2661 1293 imperare,
2695 1239 2760 1278 ac
2801 1227 3070 1294 privatum
3120 1240 3261 1290 esse,
3297 1241 3529 1295 quorum

277 1308 362 1376 εἴη
401 1309 512 1360 τῶν
546 1310 646 1362 οὐκ
684 1313 1102 1382 ἐπαινουμένων
1135 1314 1196 1366 τδ
1218 1314 1313 1366 καὶ
1341 1315 1444 1386 τὴν
1472 1317 1673 1385 μοῖραν
1703 1317 1848 1384 στέρ-

1961 1325 2250 1385 utrumque
2306 1318 2666 1386 distinguitur
2695 1318 2750 1370 in
2783 1317 2858 1383 id,
2913 1320 3056 1388 quod
3088 1331 3264 1382 recte,
3313 1335 3532 1388 quoque

278 1415 448 1466 γοντα
499 1399 597 1469 τῆς
629 1402 902 1467 ἰδιωτείας
931 1404 991 1457 τὸ
1046 1405 1234 1476 σχῆμα
1279 1406 1480 1470 σώζειν
1529 1406 1604 1468 ὡς
1633 1405 1849 1476 ἄριστα.

1958 1408 2229 1464 secusﬁt:
2285 1409 2560 1478 egregium
2606 1423 2740 1463 sane
2784 1423 2882 1477 par
2937 1408 3122 1473 fuerit,
3159 1425 3222 1464 ex
3263 1409 3529 1463 ambobus

274 1491 543 1544 Λείπεται
575 1495 832 1548 κάκιστον
863 1493 1024 1562 εἶναι,
1054 1497 1448 1552 δυναστεύοντα
1477 1498 1687 1563 κακῶς,
1734 1495 1845 1566 Θεῷ

1958 1499 2278 1566 conflatum,
2334 1502 2607 1568 imperare
2659 1500 2890 1563 scilicet,
2944 1516 3008 1556 ac
3037 1508 3189 1557 recte
3236 1501 3529 1571 imperare.

275 1584 372 1634 καὶ
395 1586 663 1639 συνειδότι
684 1589 1070 1659 προσκρούειν,
1093 1590 1252 1662 δόξης
1268 1592 1453 1662 κενῆς,
1482 1591 1694 1644 καὶτοῦ
1721 1607 1846 1662 χρη·

1958 1591 2065 1646 Nec
2101 1592 2278 1646 laudis
2329 1606 2525 1660 expers
2579 1592 2702 1655 erit,
2739 1591 2832 1661 qui
2864 1601 3013 1647 sorte
3075 1607 3174 1646 sua
3222 1600 3529 1650 contentus,

274 1678 607 1747 ματίζεσθαι
641 1681 734 1733 καὶ
765 1680 1037 1752 ρᾳθυμείν
1059 1684 1246 1738 ἕνεκα.

1958 1684 2079 1739 vita:
2112 1684 2336 1755 privatae
2363 1684 2628 1738 rationem
2665 1699 2827 1752 quam
2859 1684 3066 1753 optime
3103 1692 3302 1737 tuetur.
3321 1681 3529 1742 Restat,

272 1789 398 1832 eSse
428 1778 752 1844 pessimum,
784 1781 876 1850 qui
906 1790 1174 1850 potestate
1209 1783 1460 1850 abutens,
1491 1781 1661 1838 Deum
1694 1779 1902 1852 pariter
1933 1790 1986 1835 et
2013 1779 2412 1836 conscientiam
2476 1778 2704 1834 offendit
2772 1793 2927 1834 vana:
2972 1778 3181 1850 gloriae,
3255 1793 3418 1849 oputu
3479 1785 3537 1834 et

275 1870 512 1939 ignaviae
540 1884 728 1926 causa.
1242 1933 1247 1938 ι

619 1977 621 1980 ⁴
933 2037 938 2040 _
1002 1961 1128 2017 NA“
1882 1973 1926 2029 Β

1882 1973 1926 2029 Β
2697 1961 2827 2018 LIV.

347 2053 518 2107 Ούδέν
547 2054 678 2122 ὑμῖν
703 2055 801 2119 τὰς
823 2052 1004 2120 λύπας
1025 2056 1278 2125 ἐντήκειν
1311 2053 1527 2120 εἴωθεν,
1554 2056 1632 2121 ὡς
1657 2057 1720 2109 τὸ
1735 2059 1857 2121 ταῖς

2029 2053 2270 2110 Blandiri
2302 2054 2715 2124 cupiditatibus,
2777 2055 2970 2126 eisque
3009 2053 3250 2110 deditum
3306 2067 3449 2118 esse,
3477 2052 3532 2108 id

275 2146 604 2214 ἐπιθυμίαις
650 2147 868 2200 ἔκδοτον
907 2144 1070 2202 εἶναι.
1123 2149 1318 2218 Ζητείν
1368 2148 1468 2216 μὲν
1501 2151 1608 2220 γὰρ
1638 2150 1846 2219 ἀνάγκη

1958 2163 2088 2203 vero
2119 2147 2356 2218 majores
2385 2147 2438 2201 in
2470 2147 2629 2202 nobis
2652 2148 2896 2203 excitare
2930 2149 3147 2202 dolores
3177 2147 3333 2212 solet,
3366 2161 3529 2216 quam

275 2241 366 2292 τὸν
391 2241 704 2308 ἐφιέμενον⁹
728 2241 788 2294 ἐν
815 2241 871 2294 δὲ
893 2240 970 2310 τῷ
995 2240 1095 2311 βίῳ
1123 2240 1192 2295 τά
1211 2241 1310 2307 τῆς
1331 2243 1633 2313 ἀποτυχίας
1655 2245 1846 2298 πλεον·

1958 2239 2108 2293 nulla
2132 2253 2220 2293 res
2245 2239 2369 2294 alia.
2405 2239 2540 2294 Nam
2567 2241 2660 2310 qui
2686 2241 2912 2310 appetit,
2945 2248 3154 2309 quaerat
3179 2255 3405 2294 necesse
3421 2247 3529 2293 est.

279 2333 452 2386 εκτεῖ.
515 2333 623 2385 Kal
658 2331 829 2384 πολλὰ
862 2348 945 2394 τις
974 2333 1202 2395 ἐλπίσας
1231 2333 1508 2404 εὑρήσειν,
1536 2335 1736 2403 ὀλίγων
1756 2335 1850 2404 μό-

1962 2328 2026 2382 At
2052 2329 2108 2382 in
2139 2329 2422 2384 hominum
2456 2329 2562 2382 vita
2590 2331 2823 2400 repulsa:
2863 2331 3360 2400 l'rustrationesque
3417 2329 3533 2400 spei

275 2423 360 2486 λις
408 2423 798 2494 ἐπιτετύχηκε.
837 2423 1001 2475 Τουτὶ
1053 2423 1109 2476 δὲ
1168 2423 1292 2493 ῥίζα
1321 2424 1418 2477 τοῦ
1461 2424 1744 2495 τήκεσθαι.
1782 2426 1846 2479 Τζ

1964 2419 2357 2490 frequentiores
2383 2426 2532 2479 sunt.
2583 2422 2782 2477 itidem
2842 2425 2933 2492 qui
2994 2425 3161 2478 multa
3195 2439 3254 2480 se
3290 2432 3535 2492 repertu-

278 2514 387 2586 ἄρα
421 2518 657 2586 πάσχειν
685 2515 1027 2582 λυπούμενον
1060 2515 1124 2568 ἐκ
1154 2516 1262 2570 τῶν
1288 2516 1598 2587 ἐπιθυμιῶν
1633 2518 1707 2582 ὡς
1739 2521 1849 2572 ἐπι-

1962 2528 2080 2567 rum
2114 2513 2358 2583 putabat,
2395 2516 2483 2568 vix
2521 2531 2692 2584 pauca
2746 2517 3126 2571 nanciscitur:
3160 2532 3220 2570 ea
3257 2530 3388 2570 vero
3416 2515 3533 2584 ido-

277 2607 481 2661 τοπολὺ
508 2609 778 2676 γίγνεται.
805 2609 916 2661 Kal
933 2608 1120 2661 λοιπὸν
1152 2609 1280 2661 νοῦν
1308 2610 1492 2679 ἔχουσι
1519 2612 1588 2664 τὰ
1607 2611 1708 2681 τῆς
1735 2614 1848 2664 ἐπι-

1962 2605 2094 2660 loris
2121 2615 2204 2661 est
2229 2607 2402 2673 radis,
2421 2618 2750 2677 quapropter
2776 2609 3114 2678 aegritudinis
3143 2623 3338 2663 sensus
3372 2623 3402 2662 e
3432 2623 3533 2663 cu-

280 2697 491 2766 θυμίας
528 2698 818 2764 κολάζειν·
867 2699 936 2752 ἶν’
983 2691 1112 2772 ﬁco
1141 2699 1336 2754 δάκνον
1388 2702 1569 2770 ὀλίγον
1614 2704 1851 2766 σπανίως

1964 2698 2277 2766 piditatibus
2301 2701 2621 2771 plerumque
2662 2703 2927 2756 nascitur.
2971 2700 3207 2771 Ideoque
3257 2709 3446 2766 restat,
3474 2709 3535 2757 ut

279 2789 751 2857 ἀποτυγχάνουσι.
779 2790 888 2842 Kal
912 2787 1087 2852 ἄλλως
1110 2789 1167 2842 δὲ
1197 2794 1508 2859 περινοστεῖ
1529 2791 1622 2844 τδν
1646 2791 1850 2861 ἀνθρώ-

1962 2799 2139 2845 mente
2170 2792 2378 2862 praediti
2415 2793 2696 2850 libidinem
2741 2795 2908 2849 animi
2947 2802 3275 2850 coerceant:
3306 2808 3415 2862 quo
3437 2807 3533 2863 spe

279 2901 443 2939 πινον
475 2884 594 2954 βίον
637 2882 1025 2952 συμπτώματά
1060 2899 1184 2935 τινα
1216 2882 1542 2950 πλήττοντα,
1586 2883 1682 2936 καὶ
1726 2884 1850 2954 ῥᾷον

1962 2895 2056 2934 sua
2088 2880 2356 2950 frustrati,
2385 2885 2624 2940 minores
2654 2886 2822 2940 animi
2847 2892 3064 2941 mo‘rsus
3091 2886 3291 2941 ferant.
3318 2885 3533 2956 Quippe

278 2980 343 3033 ἄν
360 2996 450 3042 τις
480 2973 689 3046 γένοιτο
714 2974 999 3044 πτηνὸιέξ
1019 2975 1330 3046 ἀνθρώπου,
1351 2975 1384 3046 ἦ
1408 2975 1639 3046 καθαρὸς
1664 2974 1849 3044 ὀφθείη

1964 2976 2286 3044 ceteroquin
2313 2976 2474 3030 etiam
2507 2992 2667 3032 casus
2685 2978 2868 3032 acerbi
2905 2979 3122 3048 quidam
3174 2979 3226 3032 in
3252 2979 3359 3032 vita
3389 2995 3535 3032 tuor-

277 3072 539 3124 τουτωνί.
570 3070 897 3141 Πειρᾶταιδ⁹
928 3069 1026 3122 οὖν
1054 3068 1256 3133 αὐτῶν,
1275 3067 1344 3136 ἢν
1371 3067 1599 3140 ἐπέλθῃ,
1629 3069 1747 3139 ούχὶ
1767 3085 1848 3121 το-

1961 3067 2147 3124 talium
2176 3069 2321 3124 velut
2345 3069 2724 3140 objurgantur,
2763 3078 2818 3125 et
2869 3069 3085 3124 facilius
3114 3085 3182 3124 ex
3216 3070 3436 3125 homine
3467 3069 3532 3124 ll-

283 3162 481 3216 σοῦτον
507 3162 716 3232 ἀγρίων
747 3163 775 3216 ὀ
806 3159 1270 3232 προύργιαίτερον
1299 3161 1528 3231 θέμενος
1574 3162 1787 3230 φέρειν,
1820 3160 1854 3216 ἃ

1958 3158 2035 3213 eri
2063 3159 2237 3228 possit
2281 3160 2419 3224 avis,
2449 3175 2612 3230 quam
2655 3167 2712 3213 ut
2765 3159 2832 3214 ab
2862 3160 3009 3214 hisce
3061 3174 3196 3230 pure
3249 3161 3529 3214 liberetur.

277 3253 364 3324 ,μὴ
392 3255 619 3308 δύναται
646 3253 893 3325 διορθοῦν
918 3269 932 3283 ο
961 3251 1120 3316 εἰδὼς
1153 3252 1231 3325 μὴ
1265 3247 1407 3308 εῖναι
1439 3253 1666 3308 δυνατὸν
1709 3252 1848 3327 λύπῃ

1967 3246 2162 3304 Verum
2212 3265 2330 3316 eos,
2378 3252 2422 3306 si
2455 3252 2676 3322 quidem
2719 3255 3002 3316 accedant,
3065 3267 3171 3308 non
3199 3253 3336 3308 adeo
3387 3254 3538 3306 diros

283 3345 342 3399 τὸ
372 3345 582 3402 λυποῦν
611 3348 934 3404 ἀποθέσθαι.

1958 3343 2256 3412 experitur,
2288 3343 2377 3411 qui
2414 3345 2784 3411 praestabilius
2838 3357 2960 3400 esse
3008 3352 3184 3412 putat,
3241 3358 3305 3398 ea
3361 3342 3529 3407 ferre,

1956 3447 2080 3501 quae
2111 3431 2386 3500 corrigere
2413 3447 2519 3486 non
2551 3433 2697 3495 licet,
2749 3447 2875 3487 cum
2916 3431 3034 3487 lleri
3060 3446 3167 3487 non
3227 3443 3388 3500 posse
3437 3443 3538 3484 no-

1625 3561 1631 3568 .
1958 3524 2050 3590 rit,
2085 3532 2143 3577 ut
2167 3523 2416 3578 dolorem
2456 3522 2648 3579 dolore
2677 3523 2928 3591 repellat.

1005 3621 1126 3678 NE’.
2702 3612 2811 3669 LV.

358 3714 678 3782 Φιλοσοφίαν
695 3713 1140 3785 ἐπιδεικνύμενός
1159 3712 1362 3776 τιςτῶν
1382 3713 1642 3782 ποιητῶν,
1664 3709 1855 3783 εἴρηκε

2027 3707 2228 3764 Volens
2289 3717 2445 3778 poeta
2494 3707 2715 3778 quidam
2758 3707 3058 3776 praedicare
3107 3709 3541 3782 philosophism,

277 3809 492 3862 -τοιάνδε
523 3805 638 3875 γνῶ
646 3821 754 3875 μην
771 3817 789 3859 τ

1957 3801 2282 3856 sententiam
2311 3799 2619 3868 huiusmodi
2651 3800 2878 3868 protulit
2902 3815 2916 3854 :

430 3899 555 3952 Dim
584 3898 756 3950 ἐστιν
769 3893 968 3966 εὑρεῖν
990 3895 1136 3960 ,βίον
1159 3894 1402 3949 ἄλυπον
1423 3895 1493 3948 ἐν
1520 3893 1746 3948 οὐδενί.

2025 3893 2300 3962 Nusquam
2333 3893 2555 3945 inveniri
2581 3894 2692 3945 uita
2724 3891 2903 3945 dolore
2944 3909 3132 3946 caretis
3147 3903 3338 3962 potest.

353 3992 566 4053 Πάντες
595 3989 693 4060 μὲν
719 3985 815 4041 οὖν
843 3988 1036 4056 ἐκείνῳ
1059 3985 1521 4056 συμφθέγξονται,
1539 3989 1636 4054 τῆς
1659 3989 1858 4054 πείρας

2032 3983 2167 4039 Huic
2198 3983 2358 4038 facile
2389 3985 2572 4038 cuncti
2627 3983 3016 4047 asscntientur,
3073 3987 3404 4056 experientia
3432 3989 3526 4040 do-

285 4082 648 4152 διδασκούσης
677 4079 908 4150 τάληθές
935 4095 951 4111 ο
985 4079 1133 4131 δοκεῖ
1158 4078 1215 4130 δέ
1245 4095 1336 4147 μοι
1369 4077 1490 4130 λίαν
1526 4084 1695 4148 σαφὲς
1725 4095 1856 4131 κατι

1958 4086 2114 4132 cente
2141 4076 2286 4145 quod
2315 4089 2504 4128 verum
2530 4083 2634 4130 est.
2669 4074 2801 4131 Mihi
2831 4077 3051 4146 quidem
3087 4079 3171 4132 vir
3201 4077 3295 4135 hic
3330 4080 3527 4134 diluci-

284 4173 644 4229 εσκευακέναι
673 4174 764 4224 τὸν
804 4172 997 4240 ἄνδρα.
1029 4171 1302 4234 Ἕκαστος
1324 4171 1432 4239 γάρ
1466 4171 1752 4223 ἐπίσταται
1793 4171 1855 4224 ἐκ

1958 4169 2024 4226 de
2042 4185 2153 4224 rem
2174 4169 2477 4239 esplicasse
2507 4170 2738 4225 videtur.
2772 4163 2983 4225 Etenim
3018 4171 3170 4226 novit
3191 4171 3292 4226 hoc
3316 4187 3379 4226 ex
3410 4171 3529 4228 suis

283 4267 392 4322 τῶν
445 4266 595 4318 ἰδίων
633 4263 1024 4334 ἀτυχημάτων,
1059 4265 1154 4316 καὶ
1190 4242 1388 4330 γένοιτ’
1420 4261 1489 4314 ἄν
1535 4259 1854 4322 διδάσκαλος

1958 4263 2188 4332 quisque
2218 4263 2437 4318 casibus
2471 4263 2740 4326 adversis,
2782 4263 2855 4316 ita
2891 4263 3133 4333 quidem,
3173 4273 3231 4318 ut
3267 4263 3430 4319 etiam
3461 4263 3528 4318 de

281 4360 390 4412 τῶν
420 4361 477 4411 ἐν
507 4357 584 4428 τῷ
604 4357 707 4427 βίῳ
735 4357 945 4412 κακῶν.
971 4355 1270 4423 Φιλόσοφον
1293 4353 1348 4406 δὲ
1372 4352 1546 4425 ἀληθῆ
1573 4353 1852 4422 νομιστέον

1958 4353 2083 4407 vita:
2118 4353 2277 4408 malls
2313 4355 2451 4408 alios
2491 4369 2711 4409 morere
2745 4354 2939 4423 possit.
2967 4354 3016 4409 ls
3041 4363 3224 4409 autem
3259 4369 3389 4409 vere
3407 4355 3529 4425 phi-

281 4451 376 4505 τδν
411 4449 617 4520 μᾶλλον
663 4449 846 4518 ἔργοις
881 4446 1123 4518 ἢλόγοις
1169 4446 1642 4516 ἐπιδεικνύμενον.
1675 4445 1774 4514 Εῐη
1812 4445 1852 4498 δ¹

1958 4445 2218 4516 losophus
2271 4446 2668 4500 existimandus
2731 4453 2834 4509 est,
2881 4445 2977 4514 qui
3033 4461 3092 4501 se
3149 4447 3528 4516 philos0phum

283 4546 350 4600 ἂν
378 4544 536 4606 οὗτος
576 4543 803 4604 ἐκεῖνος,
839 4537 867 4589 ὀ
898 4538 1079 4591 καλῶν
1109 4536 1257 4608 αύτῷ
1283 4538 1554 4607 κειμένων
1589 4537 1668 4599 είς
1705 4538 1854 4606 αι’ρε-

1960 4537 2119 4590 iaetis
2167 4536 2349 4605 potius
2411 4551 2574 4605 quam
2610 4536 2786 4591 verbis
2817 4537 3030 4604 probat.
3059 4538 3135 4591 Ac
3160 4539 3282 4592 talis
3311 4538 3529 4607 quidem

287 4655 372 4690 σιν
427 4637 489 4688 τὺ
515 4636 768 4706 κρεῖττον
801 4630 1156 4700 ἐκλεγόμενος
1180 4646 1195 4660 ο
1222 4629 1408 4682 κακῶν
1441 4629 1500 4682 δὲ
1531 4628 1855 4697 ἐπενεχθέν-

1959 4632 2006 4684 is
2041 4629 2224 4693 fuerit,
2248 4629 2342 4698 qui
2392 4629 2660 4684 honorum
2718 4629 2983 4683 electione
3029 4632 3329 4699 proposita,
3383 4630 3529 4700 quod

283 4747 413 4794 των,
441 4727 504 4781 τὸ
526 4725 858 4794 κουνρότερον
880 4723 1192 4791 δεχόμενος,
1224 4719 1401 4774 καὶτὸ
1435 4720 1533 4790 μὲν
1561 4719 1727 4773 καλὸν
1755 4735 1854 4773 κα-

1960 4722 2158 4776 melius
2181 4730 2285 4785 εει,
2332 4720 2518 4789 eligit;
2549 4721 2708 4775 malis
2754 4720 3108 4784 irruentibus,
3157 4721 3302 4790 quod
3357 4721 3531 4774 levius

283 4818 390 4883 λῶς
420 4816 808 4887 ἐργαζόμενος,
833 4815 893 4866 τὸ
919 4812 975 4865 δέ
1004 4811 1239 4879 χαλεπὸν
1268 4810 1610 4881 πειρώμενος
1640 4810 1854 4881 φέρειν,

1960 4821 2062 4878 εει,
2093 4811 2308 4881 accipit,
2345 4819 2399 4866 et
2423 4811 2514 4881 qui
2554 4825 2642 4875 eo,
2681 4812 2827 4879 quod
2871 4811 3070 4864 bonum
3101 4819 3202 4874 est,
3237 4819 3382 4864 recte
3427 4811 3531 4863 uti-

284 4911 358 4972 ὠς
397 4909 657 4978 ἐλάχιστα
695 4906 1049 4975 λυπούμενος.
1087 4920 1100 4934 ’

1957 4909 2066 4963 tur,
2104 4903 2358 4970 quodque
2413 4914 2598 4968 grave.
2631 4901 2710 4955 sic
2737 4901 2968 4956 tolerare
3019 4900 3317 4964 uititur,ut
3366 4915 3527 4968 quant

1958 4993 2246 5048 minimum
2276 4994 2476 5048 doloris
2514 4993 2731 5048 sentiat.

994 5083 1134 5152 Νφ.
2650 5079 2785 5136 LVI.

357 5183 546 5238 Ἥδιον
569 5181 792 5253 είρήνης
814 5178 987 5244 οὐδέν,
1012 5179 1073 5230 ού
1099 5177 1261 5247 μόρον
1280 5176 1422 5246 λέγω
1453 5175 1552 5246 τῆς
1577 5173 1857 5242 ίδιωτικῆς

2027 5173 2196 5228 Multo
2210 5171 2612 5242 iucundissima
2632 5187 2721 5227 res
2746 5180 2829 5227 est
2855 5170 3100 5226 omnium
3123 5187 3264 5242 pax;
3304 5188 3410 5228 nou
3439 5173 3525 5228 illa

297 5277 517 5345 ,αυτησὶ
545 5276 644 5341 τῆς
672 5273 796 5326 καθ’
839 5274 1091 5334 ἕκαστον,
1119 5269 1254 5322 ana
1284 5270 1350 5340 δὴ
1386 5270 1483 5324 καὶ
1513 5267 1609 5336 τῆς
1643 5267 1854 5336 κοινῆς,

1960 5276 2166 5321 tantum
2213 5265 2420 5334 privata
2482 5263 2846 5332 singulorum,
2901 5263 2997 5319 sed
3054 5265 3267 5334 publica
3309 5281 3531 5335 quoque

297 5371 382 5439 ,ἧς
420 5367 530 5422 τῶν
590 5367 868 5437 ἀρχόντων
906 5367 1041 5438 πρὸς
1071 5365 1362 5436 ἄρχοντας.
1415 5363 1524 5415 Kal
1570 5359 1750 5429 πολλῷ
1791 5373 1854 5426 γε

1960 5359 2266 5428 principum
2297 5370 2423 5426 erga
2456 5355 2774 5425 principes:
2804 5369 2968 5425 quam
3021 5357 3273 5426 equidem
3305 5357 3531 5425 privatae

294 5461 488 5531 μᾶλλον
517 5459 724 5528 ταύτην
751 5456 971 5527 ἐκείνης
1011 5458 1337 5527 προτίθημι,
1367 5455 1462 5508 am
1493 5455 1605 5515 τοῖς
1638 5451 1856 5512 πολλοῖς

1957 5452 2123 5520 longe
2146 5457 2440 5516 antepono,
2463 5447 2628 5501 veluti
2661 5447 2910 5517 pluribus
2936 5448 3151 5513 utilem,
3177 5456 3234 5502 et
3256 5447 3335 5502 illi
3371 5449 3524 5502 alteri

298 5551 580 5620 ὒφέλιμον,
611 5551 706 5603 καὶ
739 5550 1080 5620 χορηγοῦσαν
1111 5547 1318 5616 θατέρᾳ
1343 5548 1439 5607 τὰς
1469 5544 1746 5614 ἀφορμάς.
1791 5542 1854 5594 Εί

1958 5557 2152 5610 magna
2207 5540 2537 5611 praebentem
2580 5540 2658 5594 rei
2706 5540 2994 5595 familiaris
3053 5540 3318 5596 subsidia.
3378 5538 3527 5604 Qua—

295 5643 416 5713 γοῦν
438 5647 582 5708 ἐνὸν,
612 5643 754 5696 κατὰ
784 5643 876 5694 τὸν
909 5641 1053 5693 θεῖον
1093 5637 1442 5703 Ἀπόστολον,
1463 5637 1601 5705 μετὰ
1635 5635 1855 5688 πάντων

1957 5645 2176 5708 propter
2205 5635 2250 5688 si
2281 5632 2394 5686 ﬁeri
2441 5641 2633 5701 potest,
2665 5633 2810 5702 quod
2849 5645 3077 5702 magnus
3118 5629 3410 5700 Apostolus
3437 5628 3528 5684 ille

289 5741 555 5811 ιξρήνευε,
620 5740 713 5791 καὶ
768 5735 999 5804 μηδενὸς
1046 5735 1295 5806 ὑπάρξῃς
1344 5729 1548 5784 κακοῦο
1597 5726 1856 5813 ἀλλὰκαὶ

1959 5723 2225 5796 praecipit,
2267 5737 2456 5791 pacem
2490 5737 2614 5776 cum
2637 5723 2891 5776 omnibus
2929 5721 3099 5782 colas,
3133 5734 3236 5774 nec
3271 5716 3396 5770 msli
3423 5731 3526 5771 all-

283 5831 410 5894 τοῦς
435 5830 598 5884 τοῦτο
629 5827 916 5890 ποιοῦντας
947 5826 1126 5897 πειρῶ
1159 5813 1427 5878 κωλύεινΪ
1446 5821 1594 5890 Μηδέ
1630 5819 1854 5888 πολέμει

1959 5824 2076 5869 ctor
2098 5812 2260 5867 ullius
2291 5823 2411 5866 esto
2437 5828 2453 5866 :
2487 5811 2583 5867 sed
2602 5811 2719 5882 ejus
2744 5821 2994 5866 auctores
3022 5809 3287 5878 impedire
3314 5805 3520 5862 nititor.

284 5922 422 5992 πρὸς
448 5922 713 5990 ἀδελφοὺς
735 5920 860 5982 τοὺς
886 5919 994 5972 ἀπὸ
1018 5916 1282 5988 Χριστοῦ,
1303 5916 1439 5986 μήτε
1473 5913 1582 5986 μὴν
1613 5913 1746 5983 πρὸς
1773 5913 1855 5964 ὀν-

1957 5908 2101 5968 Neve
2137 5917 2324 5964 contra
2364 5905 2563 5962 fratres
2592 5905 2933 5961 Christianos
2966 5903 3165 5957 bellum
3200 5899 3393 5972 gerito,
3424 5914 3522 5953 nec
