3978 6616
485 441 594 505 3ἱῦ
1640 436 2039 499 MANUELIS
2080 438 2523 500 PALIEOLOGI
3182 492 3191 501 .
3623 439 3670 501 31
3682 442 3713 503 θ

480 551 740 604 adversus
774 546 939 601 alium
965 560 1373 617 quemcunque,
1402 546 1800 601 vet‘uarbat-am
1831 561 2048 617 quoque

2155 534 2410 617 τινοῦν’,ῆ
2437 544 2733 615 βαρόάρων
2754 544 2933 609 ἔθνος,
2964 545 3021 599 ὲν
3046 546 3307 609 σπονδαῖς
3333 562 3418 599 σοι
3442 550 3716 613 καταστὰν,

480 643 781 704 nationem,
810 640 1014 694 [cedere
1044 639 1142 692 tibi
1164 638 1408 706 junctam
1460 638 1604 705 quod
1640 638 1751 707 ipsa
1798 649 2048 694 sanctum

2163 637 2257 690 καὶ
2294 640 2487 707 τηρεῖν
2527 637 2694 700 αὑτὰς
2719 637 2925 691 ἐθέλον.
2947 638 3041 688 Δεῖ
3063 637 3120 689 δὲ
3145 637 3434 691 δεικνύναι
3463 638 3553 691 τὸν
3574 639 3720 709 ἄνδρα

479 747 535 789 et
562 732 880 787 inviolatum
927 746 1049 785 esse
1080 732 1227 785 velit.
1275 730 1554 784 Adversus
1574 730 1698 786 illos
1731 739 1934 795 autem,
1958 732 2048 800 qui

2160 730 2370 783 ἀδικεῖν
2398 728 2649 782 ἐθέλουσι
2676 731 2856 783 πάντα
2883 727 3106 799 τρόπον.
3135 730 3212 782 Οὐ
3243 729 3358 799 γάρ
3388 730 3588 797 ἀγαθὸν
3612 732 3720 784 dxi-

481 826 676 879 volunt
718 824 947 894 injurias
981 822 1205 888 inferre,
1258 822 1437 877 modis
1488 822 1741 878 omnibus
1791 823 1969 877 virum
2000 832 2048 880 te

2159 838 2324 890 νητον
2368 823 2450 884 είς
2495 822 2709 892 ἄμυναν
2757 818 2925 890 εἶναι,
2984 821 3123 877 ἀλλὰ
3165 821 3505 892 δυσκίνητον
3550 822 3725 894 acop-

483 916 744 987 praebeas.
787 914 904 970 Non
954 915 1102 970 enim
1163 915 1365 967 bonum
1403 922 1508 974 est,
1565 914 1631 968 ad
1678 912 2051 970 defensionem
2160 914 2291 984 τήν.

479 1011 640 1080 plane
671 1022 781 1064 non
818 1006 1043 1077 impelli,
1077 1003 1174 1063 sed
1213 1002 1501 1058 difficulter
1523 1004 1591 1057 ad
1635 1002 1774 1058 iram
1818 1004 2048 1060 moveri.

1181 1095 1338 1151 LVII.

547 1191 767 1247 Minime
801 1188 1009 1252 dubito,
1064 1186 1306 1244 fassuros
1335 1204 1550 1256 omnes,
1587 1191 1862 1245 hominem
1917 1188 2054 1244 stul-

484 1291 599 1336 tum
628 1296 770 1341 esse.
805 1279 899 1350 qui
929 1280 1098 1334 ullum
1130 1294 1356 1348 prorsus
1394 1280 1670 1335 hominem
1722 1288 1875 1349 putet
1917 1279 2051 1333 alie-

481 1389 632 1428 num.
663 1370 796 1426 Nam
828 1372 896 1425 ab
927 1385 1036 1425 uno
1069 1371 1333 1441 progeniti
1368 1386 1560 1426 sumus
1585 1385 1800 1435 omnes,
1836 1371 2050 1425 tametsi

479 1460 664 1525 lingua
695 1459 1121 1528 distinguantur,
1153 1469 1207 1513 et
1240 1459 1363 1513 aliis
1402 1459 1820 1530 quibuscunque
1862 1461 2047 1523 rebus,

480 1552 561 1608 vel
591 1553 707 1622 ipsa
740 1552 1021 1622 religione.
1076 1551 1418 1622 Quapropter
1444 1553 1717 1607 hominem
1766 1553 2048 1608 hominum

479 1644 749 1701 rationem
782 1643 982 1699 habere
1009 1632 1107 1712 par
1137 1653 1243 1707 est,
1268 1654 1323 1698 et
1361 1645 1637 1699 universis
1664 1653 1855 1713 optare
1879 1643 2047 1705 bona,

2880 1089 2989 1144 NZ'
3550 1120 3559 1125 -

2229 1181 2458 1250 Νομίζω
2486 1182 2696 1247 πάντας
2722 1182 2789 1237 ἂν
2838 1184 3008 1251 φάναι
3036 1181 3250 1252 ἠλίθιον
3282 1181 3575 1252 ἄνθρωπον
3600 1179 3719 1238 εῖναι

2157 1274 2250 1328 τὸν
2281 1275 2575 1343 νομίζοντα
2616 1275 2900 1347 ἀλλότριον
2932 1275 3289 1330 παντάπασιν
3349 1275 3628 1345 ἄνθρωπον
3651 1270 3717 1330 εἷς

2158 1376 2267 1413 ναι.
2302 1361 2505 1424 Πάντες
2554 1361 2664 1432 γάρ
2694 1362 2811 1425 ὲνδς
2838 1362 3055 1430 ἔκγονα,
3087 1363 3193 1417 κᾶν
3240 1363 3518 1434 διαλέκτῳ
3556 1364 3719 1433 διαφε-

2160 1452 2403 1523 ρώμεθα,
2439 1456 2545 1507 κᾶν
2570 1454 2919 1522 οἱστισινοῦν,
2954 1455 3055 1509 κᾶν
3086 1457 3239 1526 αὐτῷ
3268 1457 3595 1527 σεϐάσματι.
3625 1457 3719 1510 Καὶ

2156 1544 2338 1597 τοίνυν
2365 1545 2657 1613 ἄνθρωπον
2684 1547 2815 1600 ὄντα
2859 1545 3163 1617 ἀνθρώπων
3193 1548 3469 1618 κήδεσθαι
3499 1549 3594 1613 δεῖ,
3637 1550 3718 1601 καὶ

2161 1641 2517 1710 συνεύχεσθαι
2539 1646 2651 1705 τοῖς
2677 1643 2818 1705 ὅλοις
2844 1642 3049 1711 ἀγαθὰ,
3078 1645 3152 1707 ὡς
3182 1644 3433 1707 nemo;
3456 1643 3627 1713 θέμις,
3652 1642 3717 1704 ὡς

481 1745 746 1805 quantum
778 1732 901 1800 ejus
958 1742 1013 1787 et
1034 1732 1153 1787 ﬁeri
1207 1740 1407 1802 potest,
1447 1741 1502 1786 et
1531 1733 1613 1786 l'as
1665 1742 1767 1797 est,
1800 1744 1859 1786 et
1913 1730 2048 1785 licet.

2165 1732 2363 1799 ἔξεστι.
2398 1735 2566 1804 Κοινὴ
2617 1736 2727 1804 γὰρ
2758 1736 2791 1805 ὴ
2826 1734 3009 1803 φύσις,
3048 1738 3143 1789 καῖ
3197 1738 3376 1790 πᾶσιν
3429 1736 3616 1804 ἔδαφος
3647 1735 3713 1801 ἓν,

481 1823 694 1892 Quippe
712 1832 906 1877 natura
952 1825 1261 1878 communis
1298 1832 1401 1886 est,
1430 1808 1491 1878 el
1516 1825 1882 1894 pavimentum
1921 1839 2048 1878 cun-

2164 1827 2259 1879 καὶ
2288 1827 2463 1898 ὀροφὴ
2499 1826 2623 1897 μία,
2656 1827 2752 1882 καὶ
2799 1828 2859 1881 ἓν
2874 1845 2929 1880 τι
2953 1828 3091 1897 φῶς,
3123 1829 3222 1882 καὶ
3249 1823 3334 1891 εἷς
3361 1827 3472 1898 άὴρ
3492 1826 3719 1897 ἐφήπλω-

479 1917 582 1972 etis
609 1931 805 1979 unum,
844 1924 900 1970 et
930 1932 1095 1970 unum
1130 1924 1357 1981 tectum,
1390 1932 1606 1986 unaque
1657 1917 1768 1977 lux.
1798 1932 1938 1972 unus
1963 1932 2048 1970 aer

2161 1934 2250 1973 ται
2280 1919 2433 1989 παρὰ
2461 1919 2557 1971 τοῦ
2589 1919 2948 1990 δημιουργοῦ.
2978 1921 3086 1973 Καὶ
3117 1922 3313 1983 ἁπλῶς
3348 1922 3417 1974 τὰ
3445 1920 3572 1987 παρ’
3596 1920 3716 1972 ἐκεί-

477 2023 753 2078 espansus
780 2023 812 2063 a
839 2022 1022 2063 rerum
1069 2008 1293 2077 opiﬁce.-
1341 2007 1583 2079 Denique
1628 2007 1952 2076 simpliciter
1985 2008 2048 2061 ab

2162 2014 2254 2061 νου
2289 2010 2465 2064 κοινά.
2497 2010 2618 2079 Χρὴ
2654 2011 2837 2079 μέντοι
2879 2010 3222 2081 διαστέλλειν
3256 2010 3359 2063 τοῦ
3408 2010 3714 2082 πορρωτέρω

477 2114 543 2154 eo
574 2116 693 2169 qua:
732 2100 1176 2170 proﬁciscuntur,
1227 2102 1542 2154 emumunia
1572 2108 1719 2154 sunt.
1771 2096 2048 2153 Nihilomi-

2159 2102 2221 2155 τὸ
2250 2102 2432 2171 ἔγγιον
2464 2102 2685 2173 (βαθμοὶ
2707 2104 2815 2173 γὰρ
2835 2103 3076 2157 πλεῖστοι
3098 2105 3197 2173 τῆς
3227 2104 3612 2177 οἰκειότητος)’
3638 2104 3714 2154 καὶ

480 2210 642 2251 nusa
672 2195 965 2250 remotiore
1013 2196 1453 2259 discernendum,
1511 2193 1658 2264 quod
1711 2193 1933 2262 propius
1971 2201 2048 2247 est

2163 2196 2300 2247 πᾶσι
2332 2195 2432 2265 μὲν
2465 2194 2669 2263 ἀγαθὸν
2698 2191 2840 2250 εἶναι
2883 2197 2945 2250 τὸ
2980 2197 3104 2249 καθ’
3140 2199 3313 2250 αὐτόν
3343 2212 3360 2227 ⁸
3389 2198 3507 2259 τοῖς
3536 2194 3714 2264 μᾶλλον

483 2291 632 2357 (nam
665 2288 882 2357 plurimi
916 2297 1044 2342 sunt
1088 2287 1505 2342 necessitudinis
1545 2286 1792 2356 gradus),
1840 2300 1902 2339 ac
1934 2293 2056 2340 stu-

482 2381 741 2446 dendum,
775 2389 835 2435 ut
876 2394 1005 2450 erga
1066 2380 1373 2444 universos,
1435 2382 1580 2447 quod
1630 2378 1682 2431 in
1724 2388 1775 2432 te
1838 2377 2055 2447 quidem

2162 2286 2221 2339 δὲ
2279 2287 2568 2357 ἐγγυτάτω
2641 2289 2922 2357 ἀναλόγως
2986 2287 3366 2358 γνησιώτερον
3439 2286 3715 2356 προσφίρθ

2168 2378 2315 2434 σθαι.

481 2473 606 2538 erit,
635 2473 839 2527 bonum
868 2482 920 2526 te
954 2486 1155 2541 geras:
1183 2472 1279 2527 sed
1316 2470 1682 2542 propioribus,
1725 2484 1915 2524 eorum
1962 2468 2147 2524 habita
2186 2470 2419 2535 ratione,
2450 2470 2597 2527 velut
2657 2470 2893 2528 arctiore
2934 2480 2986 2529 te
3037 2472 3261 2529 vinculo
3303 2471 3554 2544 junctum
3581 2465 3717 2523 exhi-

480 2564 635 2619 beas.

1201 2657 1384 2713 LVIII.

556 2756 635 2810 Εο
681 2763 949 2823 tempore,
998 2766 1110 2822 quo
1176 2752 1548 2807 navicularius
1602 2768 1734 2808 aura
1796 2767 2056 2829 prospere

482 2846 646 2903 ﬂante
670 2860 735 2899 ac
770 2841 982 2912 placide
1016 2843 1130 2895 vela
1161 2842 1415 2912 implente
1448 2841 1668 2909 fruitur,
1702 2858 1826 2899 cum
1859 2858 2055 2913 magna

482 2938 692 2993 scilicet
721 2945 807 2991 est
830 2935 1117 2997 serenitas,
1151 2949 1249 2990 nec
1301 2936 1409 2991 ulla
1440 2950 1526 2991 res
1583 2936 1736 2990 triste
1794 2936 1924 3007 quid
1950 2936 2053 2990 mi-

484 3038 663 3094 natur,
695 3041 803 3081 non
835 3025 986 3096 prius
1004 3026 1073 3080 ob
1102 3041 1221 3080 eam
1246 3027 1659 3095 prosperitatem
1708 3027 1873 3083 libere
1898 3029 2050 3085 latus

483 3127 589 3184 est,
615 3132 782 3185 quam
824 3115 946 3169 navi
986 3125 1133 3169 recte
1169 3117 1532 3184 prospexerit,
1563 3126 1619 3170 ut
1656 3118 1899 3186 asperior
1932 3133 2051 3172 mu-

2870 2655 3002 2713 NH'.

2230 2744 2303 2804 Εὖ
2334 2748 2611 2821 πνεούσης
2640 2746 2935 2803 ἀπολαύων
2961 2746 3272 2818 ναύκληρος
3299 2744 3496 2818 αὔρας,
3519 2743 3710 2815 ἡμέρως

2157 2843 2302 2898 ῐατία
2331 2842 2664 2913 πληρούσης,
2695 2841 2912 2912 αἰθρίας
2942 2841 3040 2910 μὲν
3061 2839 3232 2911 οὔσης
3262 2832 3705 2908 πολλῆς,μηδενδς

2154 2935 2212 2989 δὲ
2243 2936 2569 3006 πράγματος
2596 2933 2946 2995 ἀπειλοῦντός
2980 2951 3032 2987 τι
3070 2933 3359 3003 δυσχερὲς,
3387 2932 3449 2985 οὐ
3479 2924 3709 2996 καθαρῶς

2155 3027 2235 3100 τῷ
2278 3027 2615 3097 εὐτυχήματι
2648 3026 2850 3096 χαίρει,
2901 3026 3034 3096 πρὶν
3078 3025 3403 3095 ῆδιάθιιται
3437 3020 3607 3081 καλῶς
3650 3016 3707 3067 τὰ

2157 3119 2300 3172 κατὰ
2327 3117 2427 3184 τὴν
2453 3115 2607 3179 ναῦν,
2639 3116 2715 3178 ὡς
2750 3114 2825 3185 μὴ
2854 3114 3086 3167 δεδιέναι
3116 3114 3468 3183 τραχυτέραν
3502 3105 3708 3179 μεταθο-

483 3208 622 3261 tatio
652 3206 942 3260 metuenda
978 3220 1088 3258 non
1119 3205 1210 3259 sit.
1244 3203 1309 3259 Et
1340 3206 1558 3275 quidem
1612 3208 1847 3276 peractis
1870 3208 2048 3263 omni-

2153 3210 2276 3278 λήν.
2302 3208 2421 3262 Κᾶν
2454 3208 2630 3260 πάντα
2669 3207 2852 3277 πράξῃ
2886 3206 2953 3260 τὰ
2985 3206 3251 3270 σώζοντα,
3290 3207 3395 3259 κᾶν
3424 3204 3523 3274 ὁρᾷ
3553 3203 3596 3254 οἱ
3624 3199 3705 3263 τὴν

484 3299 609 3360 bus,
638 3297 706 3353 ad
755 3296 1185 3351 incolumitatem
1252 3296 1676 3367 pertinentibus,
1731 3299 2049 3354 etiamsivi-

479 3394 605 3447 deat
643 3390 823 3459 navim
848 3400 901 3451 et
926 3388 1099 3445 ventis
1136 3398 1191 3442 et
1227 3389 1516 3447 concitatis
1551 3404 1740 3444 eorum
1770 3374 1819 3443 vi
1870 3391 2052 3445 llucti-

479 3489 581 3542 bus
610 3483 905 3537 Iirtuiurem
929 3496 1086 3544 esse;
1134 3497 1242 3535 non
1306 3493 1482 3536 tamen
1547 3491 1643 3535 aut
1689 3483 2049 3537 temeritatem

480 3575 686 3634 laudat.
741 3583 836 3626 aut
864 3572 1167 3625 admiratur
1199 3572 1523 3636 secordiam,
1556 3572 1649 3626 sed
1704 3572 1906 3641 vigilat,
1959 3575 2052 3627 sed

479 3664 692 3730 metuit,
715 3673 809 3718 seu
828 3672 1040 3731 portum
1067 3670 1237 3730 optat,
1262 3660 1407 3729 quod
1439 3662 1619 3731 iguma
1636 3660 1706 3715 sit
1731 3660 1778 3716 ei
1807 3662 1971 3717 sortis
1984 3676 2052 3716 ac

479 3756 576 3810 fati
615 3757 755 3809 alea.
796 3754 928 3809 Cum
959 3768 1092 3823 ergo
1121 3768 1209 3807 res
1256 3760 1364 3807 tua:
1392 3769 1559 3808 cursu
1616 3752 1866 3808 feruntur
1928 3768 2053 3824 pro-

478 3863 660 3914 spero,
716 3846 975 3918 pacisque
1028 3847 1190 3900 bonis
1227 3845 1447 3911 frueris,
1498 3844 1691 3899 bellica
1748 3846 1840 3899 lilii
1908 3861 2053 3901 curae

479 3949 663 4003 sunto,
705 3949 866 4007 teque
890 3939 1035 3991 velut
1067 3936 1134 3992 ad
1162 3938 1359 3990 bellum
1390 3937 1687 4004 gerendum
1718 3945 2053 3998 exerceto,et

478 4032 728 4086 subditos
763 4032 829 4087 ad
871 4030 974 4086 hoc
1009 4042 1133 4086 tuos
1180 4039 1504 4100 praeparato.
1564 4030 1738 4086 Simul
1765 4046 1860 4101 spe
1910 4030 2052 4086 bona

478 4124 673 4187 fretus,
702 4124 820 4191 ipse
856 4132 909 4176 te
949 4124 1291 4184 confirmato,
1327 4136 1397 4176 ne
1430 4121 1750 4189 langueseas
1779 4140 1793 4176 :
1824 4138 1925 4178 nec
1955 4124 2054 4177 mi-

481 4230 587 4269 nus
613 4214 858 4268 animum
888 4214 1322 4274 condocefacito,
1374 4213 1695 4267 temerarius
1723 4222 1779 4266 ut
1809 4228 1931 4267 esse
1965 4230 2052 4268 ca-

483 4319 637 4369 veas,
673 4305 718 4359 si
750 4305 973 4358 victoria
1004 4304 1070 4358 de
1127 4304 1375 4381 hostibus
1409 4303 1659 4371 potiaris.
1711 4304 2046 4359 lneertitudio

480 4411 606 4451 nem
633 4395 868 4465 denique
905 4396 1138 4449 fortuna:
1163 4395 1387 4458 veritus,
1419 4409 1633 4461 semper
1662 4397 1903 4464 opinare,
1938 4396 2049 4449 ﬁeri

478 4505 658 4557 posse,
690 4496 748 4541 ut
777 4487 997 4542 labaris.
1036 4485 1131 4540 Est
1154 4487 1298 4539 enim
1331 4483 1567 4546 dillicile,
1591 4502 1905 4555 prosperam
1930 4487 2053 4542 illos

2153 3299 2353 3353 ὁλκάδα
2388 3297 2627 3368 ἀνέμων,
2657 3297 2751 3351 καὶ
2774 3297 2883 3350 τῶν
2911 3296 3020 3350 ἀπὸ
3058 3296 3228 3351 τῶνδε
3263 3296 3544 3366 κυμάτων,
3578 3293 3707 3358 ἰσχυ-

2155 3389 2404 3460 ροτέραν,
2431 3389 2555 3443 οὔτε
2586 3387 2787 3459 θράσος
2811 3388 3116 3451 ἐπαινέσει,
3148 3386 3275 3441 οῦτε
3305 3386 3575 3458 ρᾳθυμίαν
3596 3381 3706 3434 θαυ-

2156 3484 2322 3554 μάσει
2349 3497 2365 3512 ⁸
2398 3481 2515 3535 ἀλλ’
2543 3482 2835 3551 ἀγρυπνεῖ,
2876 3480 3012 3534 ἀλλὰ
3043 3479 3307 3546 δέδοικεν,
3341 3479 3476 3534 ἀλλὰ
3508 3473 3703 3544 λιμένῡς

2153 3579 2389 3647 ἐφίεται,
2444 3578 2535 3630 τὸν
2571 3579 2672 3646 τῆς
2723 3578 2918 3646 μοίρας
2976 3575 3142 3630 κύσον
3180 3578 3286 3629 οὐκ
3335 3572 3698 3636 cunmm.

2154 3671 2323 3723 Ὅταν
2361 3670 2542 3722 τοίνυν
2579 3668 2723 3722 κατὰ.
2775 3668 2904 3737 ῥοῦν
2938 3685 3019 3720 σοι
3048 3670 3220 3739 τρέχῃ
3248 3667 3317 3720 τὰ
3351 3662 3699 3732 εὐτυχήματα.

2153 3763 2246 3815 καὶ
2273 3762 2382 3813 τῶν
2415 3764 2513 3829 τῆς
2541 3760 2771 3829 εἰρήνης
2803 3757 2983 3811 καλῶν
3010 3757 3321 3829 ἁπολαύῃς,
3353 3754 3422 3809 τὰ
3457 3743 3701 3817 πολεμικὰ

2155 3853 2470 3923 μελετάρθω
2511 3867 2614 3912 σοι,
2644 3851 2742 3904 καὶ
2767 3849 3016 3920 γύμναζε
3053 3849 3254 3902 σαυτὸν
3280 3848 3356 3910 ὡς
3385 3844 3515 3913 πρὸς
3561 3837 3700 3891 πόλε-

2156 3961 2257 4014 μον
2278 3960 2290 3972 ·
2320 3947 2413 3996 καὶ
2441 3942 2694 4012 ἑτοίμαζε
2718 3945 2854 4012 πρὸς
2888 3940 3046 3993 τοῦτο
3071 3940 3131 3991 τὸ
3163 3940 3431 4008 ὑπήκοον.
3461 3934 3564 3988 Καὶ
3588 3945 3695 3981 vtu-

2155 4035 2250 4105 ροῦ
2275 4034 2376 4105 μὲν
2407 4036 2525 4097 ταῖς
2554 4034 2738 4086 ἐλπίσι
2764 4036 2877 4095 ταῖς
2912 4035 3203 4102 χρησταῖς,
3225 4034 3376 4093 ὅπως
3410 4027 3485 4099 μή
3513 4019 3699 4091 νωθρὸς

2152 4128 2331 4192 γένοιο
2353 4139 2371 4155 ·
2446 4124 2645 4194 μελέτα
2683 4123 2739 4175 δὲ
2792 4123 2870 4194 μὴ
2895 4122 3301 4193 δθρασύνεσθαι,
3334 4123 3383 4175 ει
3414 4119 3519 4172 τῶν
3561 4112 3698 4167 πολε-

2154 4216 2293 4285 μίων
2323 4219 2678 4287 κρατήσειας.
2728 4216 2802 4272 Τὸ
2834 4219 2889 4272 δὲ
2918 4217 3086 4288 τύχης
3141 4217 3375 4285 ἀόρατον
3419 4205 3616 4269 δεδιὼς.
3645 4202 3697 4256 τδ

2155 4308 2425 4377 σφαλῆναι
2462 4310 2831 4381 προσδόκιμον
2864 4309 2977 4379 ἔχε.
3022 4309 3298 4376 Ἐνεγκεῖν
3330 4306 3438 4375 γάρ
3467 4296 3697 4367 εὐτυχίαν

2154 4400 2387 4468 χαλεπὸν
2418 4402 2543 4463 τοὺς
2578 4399 2654 4471 μὴ
2689 4399 3004 4470 μετριάζειν
3043 4399 3251 4465 εἰδότας
3283 4414 3297 4430 ⁶
3338 4391 3616 4463 δυστυχίαν
3647 4383 3696 4437 ἃ

2154 4492 2477 4545 ἀνέλπιστον
2513 4495 2704 4562 φέρειν
2731 4493 2917 4563 σχεδὸν
2945 4490 3229 4544 ἀδύνατον.

480 4586 756 4638 fortunam
784 4582 1070 4637 commode
1100 4581 1264 4653 l'e‘rre,
1290 4581 1383 4649 qui
1423 4583 1702 4635 moderate
1732 4597 1790 4635 se
1839 4598 2025 4653 gerere
2054 4587 2301 4643 nesciunt
2336 4604 2350 4640 :
2401 4586 2589 4658 ,iidem
2632 4595 2690 4641 ut
2740 4602 2893 4657 aequo
2938 4588 3122 4641 animo
3201 4582 3559 4642 calamitatem
3620 4573 3693 4627 in-

416 4728 441 4741 ..
475 4690 847 4751 exspectatam
885 4677 1081 4744 lerant,
1117 4694 1281 4748 prope
1315 4677 1429 4731 fieri
1456 4677 1657 4745 nequit.

1204 4772 1342 4829 LIX.

552 4874 606 4927 Id
634 4886 853 4939 quoque
879 4884 988 4923 non
1020 4867 1155 4920 levis
1180 4880 1301 4920 esse
1338 4863 1596 4918 momenti
1629 4866 1942 4932 praeclaram
1976 4867 2044 4920 ad

477 4966 924 5035 gubernationem
984 4962 1222 5014 duxeris.
1301 4955 1505 5013 Omnes
1560 4960 1704 5009 enim
1765 4957 2043 5026 principes

478 5058 676 5110 animis
728 5058 844 5108 suis
895 5051 1367 5120 tranquillitatem,
1430 5059 1688 5115 quantam
1747 5048 2042 5101 maximam

480 5156 730 5219 possunt,
760 5147 986 5201 solerter
1026 5157 1323 5211 procurare
1354 5142 1569 5195 debent.
1619 5137 1754 5192 Nam
1791 5140 1868 5192 uti
1902 5149 2042 5192 teuto

478 5248 736 5307 pestatem
770 5236 941 5291 nubes
972 5233 1212 5297 adducit,
1249 5234 1322 5286 ita
1358 5232 1805 5299 tranquillitatem
1833 5230 2042 5282 sereni—

477 5330 733 5383 taScﬂicit
764 5344 778 5381 :
807 5338 974 5393 utque
1006 5326 1194 5383 lumini
1243 5325 1635 5392 cogitationum
1693 5324 1925 5374 inartime
1948 5337 2041 5378 so-

479 5420 592 5473 lent
617 5417 831 5472 ollicere
864 5414 1317 5485 perturbationes,
1348 5413 1528 5466 mollis
1557 5428 1618 5465 ac
1646 5412 1873 5464 remissa
1907 5413 2037 5474 vita,

474 5511 732 5573 formido,
773 5507 1049 5563 temeritas
1079 5515 1133 5559 et
1188 5504 1453 5574 quidquid
1481 5514 1562 5557 est
1605 5504 1853 5571 utrisque
1906 5519 2039 5556 eon-

474 5604 673 5667 simile.
755 5601 839 5658 sic
906 5598 1295 5654 meditationes
1361 5606 1674 5667 opportune
1752 5595 2035 5659 institutae,

475 5694 907 5767 perturbationis
969 5698 1247 5759 expertes,
1299 5690 1381 5744 vel
1416 5689 1468 5742 in
1504 5688 1711 5765 primis_
1759 5684 2051 5745 homincm‘

472 5806 504 5841 e
534 5787 846 5841 difﬁcultate
906 5793 1139 5853 possunt
1197 5778 1515 5848 explicare:
1551 5780 1771 5848 quando
1813 5781 2037 5836 conticri

398 5870 417 5887 ’
483 5889 677 5941 notusl,
706 5886 760 5931 ut
784 5884 834 5932 et
855 5885 1009 5945 parta
1029 5874 1183 5943 prius
1208 5870 1379 5941 gloria
1397 5884 1496 5941 pro
1520 5868 1728 5925 viribus
1746 5880 2032 5942 augeatur,

2855 4779 2984 4832 NB'.

2219 4871 2370 4938 Μηδὲ
2402 4872 2579 4923 ὲκεῖνο
2612 4872 2810 4941 μικρὸν
2837 4869 2999 4941 ἡγοῦ,
3033 4872 3167 4940 πρὸς
3195 4872 3255 4924 τὸ
3282 4868 3498 4924 διοικεῖν
3528 4853 3687 4913 καλῶς

2145 4960 2429 5013 δύνασθαι.
2461 4959 2584 5029 Χρὴ
2618 4962 2728 5031 γὰρ
2776 4962 2981 5021 πάντας
3013 4961 3281 5029 ἄρχοντας
3323 4957 3551 5026 γαλήνην
3584 4945 3687 5031 τᾲῖς

2145 5053 2329 5103 αὐτῶν
2354 5051 2551 5120 ψυχαῖς
2583 5052 2673 5104 καὶ
2706 5053 2957 5121 προνοεῖν
2987 5052 3080 5103 καὶ
3105 5052 3427 5121 οἰκονομεῖν,
3448 5047 3562 5097 ὅσον
3589 5030 3685 5087 οἷόν

2143 5159 2225 5196 τε.
2259 5136 2516 5209 Χειμῖ-να
2551 5142 2652 5211 μὲν
2687 5144 2796 5212 γὰρ
2827 5144 2983 5208 νέφος
3013 5143 3232 5210 ἐπάγει,
3266 5141 3500 5209 γαλήνην
3526 5130 3578 5184 δὲ
3607 5125 3682 5178 αἱο

2146 5232 2274 5302 θρία
2313 5236 2494 5286 ποιεῖ·
2534 5235 2629 5288 καὶ
2675 5234 2971 5302 λογισμοὺς
3020 5234 3117 5298 μὲν
3147 5233 3380 5303 τυφλοῦν
3430 5222 3679 5293 πεφύκασι

2148 5325 2380 5393 μάλιστα
2413 5324 2675 5394 ταραχαὶ,
2707 5325 2800 5378 καὶ
2836 5324 2949 5394 βίος
2994 5324 3139 5387 ἄπας
3173 5327 3358 5395 ὑγρὸς,
3394 5319 3482 5374 καὶ
3511 5307 3677 5367 δειλίαν

2143 5406 2235 5467 καὶ
2272 5416 2572 5485 θρασύτης,
2608 5415 2704 5469 καὶ
2750 5417 2873 5469 ὅσον
2924 5417 3254 5487 ἀμφοτέροις
3288 5408 3675 5484 παραπλήσιον

2148 5507 2370 5575 μελέται
2411 5507 2465 5559 δὲ
2514 5509 2611 5560 σὺν
2643 5505 2719 5577 τῷ
2767 5508 2967 5578 καιρῷ,
2999 5511 3242 5579 ταραχῆς
3281 5505 3566 5571 ἐλεύθεραι.
3596 5488 3676 5543 δύ’

2144 5595 2311 5648 ναιντ’
2340 5598 2405 5650 ἂν
2452 5600 2686 5668 μάλιστα
2721 5600 2940 5652 πάντων
2971 5599 3293 5669 δυσχερείας
3319 5591 3673 5657 ἀπαλλάττειν,

2143 5688 2273 5741 ὅταν
2309 5690 2407 5741 οὐκ
2454 5688 2715 5743 ἀδύνατον
2762 5690 3045 5752 παντελῶς
3076 5694 3170 5745 καὶ
3203 5693 3300 5760 τὴν
3355 5681 3672 5760 ὑπάρχουσαν

2144 5779 2330 5844 αὔξειν
2354 5779 2606 5833 εῦκ).ειαν
2629 5774 2754 5833 ὅσον
2781 5780 2975 5848 ἔνεστι,
3001 5784 3096 5834 καὶ
3122 5779 3498 5852 προσπορίζειν
3517 5757 3673 5852 ἀγαθέ

2148 5873 2244 5925 σὺν
2274 5872 2349 5940 τῷ
2371 5872 2647 5942 διαμένειν
2670 5890 2681 5904 ’
2709 5875 2801 5924 καὶ
2824 5874 2980 5927 ταυτὶ
3008 5871 3184 5936 καλῶς
3214 5871 3574 5937 ἐπιστάμενος.
3601 5846 3667 5922 μὴ
