3978 6622
188 464 197 471 ’
228 495 348 560 357

1207 507 1623 599 PRIEQEPTA
1656 512 2097 574 EDUCATION
2109 513 2179 573 IS
2214 511 2494 577 REGIE.

3379 520 3490 585 358

222 611 614 664 καταπίπτειν
640 614 759 676 ταῖς
785 620 1114 688 συμφοραῖς,
1149 621 1273 690 μηδ’
1294 622 1573 694 εὐτυχίαις
1595 626 1824 697 ἔπαίρε-

1928 637 1983 684 ct
2016 627 2280 697 ampliora
2310 630 2451 683 bona
2483 644 2592 685 non
2636 638 2846 685 tantum
2888 631 3271 701 acquirantur,
3302 636 3396 690 sed
3433 629 3493 692 οι

224 703 413 767 σθαι,
473 704 608 774 μηδὲ
663 707 882 760 ἀνέσεσι
943 710 1383 779 μαλακίζεσθαι,
1435 718 1498 768 τὸ
1551 716 1819 787 ῥᾳθυμεῖν

224 794 525 865 ¹προῦργου
550 798 777 868 θέμενος
803 816 817 831 ⁸
862 801 1011 866 ὅπως
1049 805 1227 876 ψυχῆς
1256 808 1600 878 γενναιότητι
1625 810 1819 863 δεινῶν

224 885 509 954 ἀφύκτων
554 891 854 947 δοκούντων
895 894 1376 966 ἀπαλλαττόμενος
1416 897 1650 970 (ἀνάγκη
1708 902 1819 971 γὰρ

225 981 424 1034 αὐτῶν
449 982 702 1053 μετέχειν
742 985 1029 1057 ἄνθρωπον
1059 990 1212 1063 ὄντα)
1242 990 1431 1064 δείξῃς
1460 993 1681 1064 μεγέθει
1714 997 1818 1069 φύ-

230 1089 384 1138 σεως
418 1074 519 1145 τὴν
550 1075 831 1146 βασιλείαν
855 1080 1144 1141 ἀνθοῦσαν.

983 1343 1038 1383 1'!

983 1378 1059 1400 QD

312 1432 477 1488 Ἥκω
503 1452 587 1488 σοι
615 1435 789 1501 λέξων
816 1435 845 1491 ὃ
877 1438 1159 1509 πράττεις,
1191 1441 1384 1515 ὥσπερ
1417 1446 1468 1499 οῖ
1498 1449 1610 1510 τοῖς
1636 1446 1818 1500 θέουσι

166 1517 175 1523 ’
228 1528 707 1597 διακελευόμενοι,
740 1530 967 1584 Πλάτων
1013 1532 1143 1604 ἔφη.
1170 1535 1391 1605 Μηδένα
1420 1540 1606 1603 κακῶς
1635 1540 1819 1609 εἴπῃς,

228 1619 402 1689 θυμῷ
431 1619 720 1687 δουλεύων,
749 1620 782 1691 ἢ
807 1623 1168 1694 χαριζόμενος
1186 1641 1200 1655 °
1234 1627 1370 1697 μηδὲ
1395 1627 1599 1701 πλύνῃς
1630 1629 1822 1700 ὕϐρεσι

228 1710 619 1779 κακοδαίμονά
649 1729 791 1775 τινα,
828 1713 1055 1778 δικαίως
1086 1716 1153 1769 ἂν
1182 1715 1522 1790 ἐλεούμενον,
1552 1724 1605 1776 εί
1628 1739 1713 1786 τις
1746 1722 1822 1796 μὴ

225 1802 339 1870 τῆς
374 1801 589 1869 φύσεως
615 1804 715 1874 τῆς
744 1805 933 1874 κοινῆς
970 1805 1303 1863 ἐπιλάθοιτο.
1342 1811 1484 1883 Ἔφη
1522 1812 1577 1867 δέ
1606 1830 1689 1873 τις
1728 1813 1826 1867 καὶ

227 1894 349 1947 τῶν
380 1893 486 1960 ἔξω
520 1894 730 1964 σοφῶνι
779 1895 852 1949 Τὸ
877 1896 1121 1968 ὑϐρίζειν
1166 1901 1276 1953 τῶν
1315 1900 1472 1954 τοῦτο
1501 1903 1820 1969 ποιούντων,

227 1987 377 2057 οὐχὶ,
391 1988 499 2041 τῶν
528 1988 899 2059 ὑϐριζομένων
922 1967 1128 2060 γίνεται
1158 1991 1433 2065 ἔγκλημα.
1455 1967 1656 2067 Ούῖιὴν
1684 1967 1818 2050 ἀλλά
1857 1970 1897 2025 Β

232 2079 341 2132 καὶ
363 2079 493 2140 τοὺς
511 2080 685 2151 τούτῳ
706 2082 1106 2151 ἐντρυφῶντας,
1127 2085 1219 2138 καὶ⁸
1239 2086 1430 2156 συχνὸν
1449 2086 1556 2139 τῶν
1576 2086 1818 2154 ἀδελφῶν

230 2167 459 2235 γέλωτα
478 2171 863 2238 καταχέοντας,
886 2169 920 2243 ἢ
942 2171 1150 2225 πείθειν
1171 2174 1510 2244 ἀποσχέσθαι
1539 2176 1637 2247 τῆς
1661 2177 1818 2230 νόσου

230 2259 471 2329 ταύτης,
518 2262 552 2332 ἢ
598 2262 894 2331 πειρᾶσθαι
937 2267 1153 2328 πάντως
1197 2268 1446 2321 κωλύειν.
1479 2269 1662 2322 Κακία
1709 2271 1817 2338 γὰρ

235 2354 592 2422 προεστῶτος
619 2356 712 2408 καὶ
735 2355 882 2409 τοῦτ’
906 2356 973 2411 ἂν
1003 2357 1114 2428 εἴη,
1152 2359 1214 2412 τὸ
1248 2358 1348 2419 τὰς
1376 2360 1488 2415 τῶν
1516 2362 1693 2415 ἀλλων
1726 2378 1826 2415 κα-

235 2448 397 2507 κίας,
430 2445 549 2499 ἐνὸν
584 2447 820 2518 ἐπέχειν,
852 2449 947 2520 ὲᾷν
976 2449 1070 2503 επὶ
1100 2450 1170 2504 τά
1206 2453 1390 2522 πρόσω
1425 2458 1644 2525 χωρεῖν.

1919 720 2091 775 solida
2121 720 2502 791 durabiliaque
2528 723 2845 779 reddantur.
2868 724 3045 794 Atque
3089 725 3176 780 his
3200 737 3349 782 recte
3394 743 3494 783 co-

1919 811 2108 879 gnitis,
2141 827 2274 867 cave
2291 813 2696 869 calamitatibus
2727 817 3185 882 succumbas,nec
3218 822 3497 890 prosperis

1919 892 2198 970 efferaris,
2274 920 2376 959 nec
2442 907 2727 975 amplexus
2781 907 3051 976 ignaviam
3101 910 3360 966 dissolute
3420 914 3502 967 vi-

1923 996 2099 1048 vendo
2122 996 2420 1051 emolliaris
2458 1010 2568 1052 :.ut
2590 999 2758 1053 annui
2824 1000 2876 1054 vi
2938 1015 3201 1071 generosa
3235 1003 3500 1058 liberatus

1918 1096 1950 1136 c
1976 1082 2161 1147 malis,
2203 1099 2325 1152 quae
2360 1084 2695 1141 inevitabilia
2751 1088 3005 1144 videntur
3033 1094 3111 1157 (et
3142 1109 3330 1147 eorum
3377 1094 3497 1148 ﬁeri

1870 1188 1879 1195 ί
1922 1184 1974 1229 te
2004 1175 2343 1247 participem,
2404 1194 2528 1233 cum
2565 1182 2642 1235 sis
2672 1183 2858 1247 homo,
2903 1198 3126 1240 necesse
3155 1187 3306 1255 est),
3343 1187 3502 1242 indo-

1920 1268 1990 1325 lis
2013 1278 2067 1326 et
2098 1269 2303 1340 ingenii
2341 1271 2721 1355 magnitudine
2751 1290 2980 1346 regnum
3009 1275 3214 1332 florens
3252 1280 3484 1335 eiﬁcias.

2016 1374 2023 1385 '
2645 1365 2760 1421 LX.

1989 1453 2224 1510 Tradam
2259 1456 2377 1522 tibi,
2416 1459 2560 1535 quod
2597 1475 2749 1529 agas,
2773 1474 2965 1516 eorum
2999 1474 3172 1529 more,
3211 1464 3307 1531 qui
3364 1478 3495 1517 cur-

1923 1556 2103 1602 rentes
2137 1548 2390 1615 incitant,
2414 1560 2475 1605 ut
2494 1551 2573 1605 ait
2596 1550 2769 1607 Plato.
2811 1551 3110 1608 Maledictis
3158 1569 3287 1624 erga
3324 1556 3495 1609 nenii-

1923 1651 2048 1691 nem
2088 1639 2277 1702 lueris.
2330 1640 2629 1698 iracundiae
2689 1644 2939 1699 serviens
2982 1657 3075 1698 aut
3129 1647 3492 1714 gratiﬁcans:

1924 1743 2062 1785 neve
2107 1734 2456 1789 contumeliis
2511 1735 2812 1805 exagitaris
2863 1736 3141 1790 hominem
3194 1738 3495 1801 infelicem,

1925 1820 2405 1879 commiseratione
2468 1826 2694 1894 dignum
2757 1827 2959 1896 potius,
2999 1829 3047 1882 si
3100 1828 3225 1897 quis
3287 1839 3497 1883 natura;

1924 1914 2236 1968 communis
2293 1916 2543 1972 oblivisci
2603 1920 2759 1973 nolit.
2811 1919 2987 1973 Etiam
3034 1920 3105 1974 de
3156 1920 3496 1991 sapientibus

1924 2005 2177 2060 extrariis
2193 2006 2409 2076 quidam
2430 2010 2591 2074 dixit,
2609 2010 3060 2066 contumeliosam
3082 2012 3493 2066 insectationem

1926 2110 2032 2149 non
2061 2098 2141 2152 eis
2167 2099 2385 2154 crimini
2415 2101 2559 2168 dari,
2592 2104 2682 2173 qui
2724 2104 3029 2172 patiantur,
3067 2106 3161 2157 sed
3197 2103 3333 2173 ipsis
3363 2118 3495 2158 auc-

1927 2190 2161 2246 toribus.
2193 2190 2333 2256 Quin
2363 2203 2416 2246 et
2448 2193 2592 2259 illos,
2626 2197 2827 2265 quibus
2858 2198 2965 2251 hoc
2987 2198 3172 2250 vitium
3228 2197 3489 2265 voluptati

1924 2293 2027 2342 est,
2063 2281 2266 2351 quique
2302 2282 2587 2353 frequente
2612 2286 2883 2340 cachinno
2914 2285 3179 2340 fratribus
3208 2277 3474 2339 insultant

1931 2373 2012 2425 vel
2048 2376 2372 2440 yersuailere
2398 2376 2587 2442 debes,
2611 2379 2679 2433 ab
2708 2379 2811 2433 hoc
2830 2379 2907 2434 uti
2936 2380 3128 2433 morbo
3159 2377 3490 2437 abstineant,

1930 2462 2013 2517 vel
2040 2465 2266 2521 omnino
2306 2466 2440 2522 dare
2467 2483 2715 2538 cperam,
2745 2478 2808 2524 ut
2837 2485 2936 2525 eos
2971 2486 3001 2524 a
3052 2470 3297 2524 facinore
3332 2481 3493 2521 coer-
3535 2498 3539 2503 -

430 2537 565 2593 Nam
597 2550 650 2596 et
680 2541 783 2596 hoc
816 2543 950 2598 vitio
985 2543 1207 2600 dabitur
1234 2547 1336 2613 illi,
1362 2549 1601 2617 quicum
1625 2534 1894 2624 potestate
1918 2566 2025 2622 est,
2058 2560 2126 2623 si,
2201 2576 2326 2616 cum
2376 2534 2615 2620 aliorum
2685 2534 2934 2620 inhibere
2978 2563 3111 2618 vitia
3162 2561 3357 2633 possit,
3429 2574 3493 2616 ea

232 2631 425 2685 libere
449 2633 705 2702 progredi
750 2634 912 2690 sinat.

971 2729 1093 2786 EA’.

314 2822 420 2874 Σον
450 2821 518 2875 ἂν
552 2821 639 2891 εἴη
669 2822 892 2875 κάκεῖνο
926 2823 1214 2892 πράττειν,
1245 2824 1341 2877 κα)⁵
1370 2825 1573 2888 παντδς
1606 2827 1817 2881 ἐθέλον-

236 2933 334 2977 τος
368 2915 585 2985 ἄρχειν,
612 2916 805 2986 κιρνᾷν
830 2917 949 2978 ταῖς
976 2915 1209 2986 δωρεαῖς
1236 2918 1581 2987 ἀστειότητα,
1612 2921 1703 2972 καὶ
1727 2937 1824 2973 τα·
1842 2924 1859 2935 ’

239 3009 446 3076 χύτητι
483 3009 776 3060 συνάπτειν
806 3007 999 3069 αὑταῖς
1030 3007 1093 3061 τὸ
1126 3007 1321 3084 πέρας,
1350 3010 1447 3085 ᾕση
1474 3012 1699 3087 δυεητηι
1732 3013 1827 3070 Δεῖ

236 3101 302 3153 δὲ
335 3101 541 3172 μέτρον
564 3097 751 3160 αὐτοῖς
775 3097 1051 3177 μιγνύναι,
1074 3108 1141 3177 τῇ
1175 3109 1242 3176 σῇ
1265 3106 1496 3177 δυνάμει
1522 3109 1822 3179 συμϐαῖνον

238 3192 341 3243 καὶ
364 3192 480 3251 τοῖς
511 3189 926 3268 ἐπιτηδεύμασι,
960 3196 1055 3250 καὶ
1099 3198 1347 3269 ποιότησι
1380 3198 1489 3251 τῶν
1518 3200 1822 3270 δεχομένων

240 3282 347 3360 τὴν
373 3283 558 3360 χάριν.
576 3289 665 3351 Ὠς
692 3290 740 3341 εί
772 3289 847 3360 μὴ
874 3288 952 3357 τῷ
976 3289 1282 3359 γιγνομένῳ
1307 3289 1420 3351 τοῖς
1449 3287 1587 3345 ὅλοις
1619 3289 1821 3358 χρῷτο,

240 3381 366 3435 ἀλλ’
399 3381 522 3451 ἦτοι
545 3379 933 3450 ἀγροικότερόν
950 3394 1032 3441 τις
1058 3378 1305 3448 δωροῖτο,
1323 3380 1356 3450 ἢ
1376 3379 1467 3431 τὸν
1489 3383 1680 3449 καιρὸν
1707 3379 1822 3434 ἐνὸν

244 3477 567 3546 συντεμεῖνν,
615 3475 689 3528 ὅδ’
724 3474 976 3545 ἐπίτηδες
1006 3474 1361 3529 ἀναϐάλλοιτο
1382 3492 1399 3508 θ
1449 3476 1544 3528 καὶ
1571 3476 1689 3545 δοίη
1720 3474 1820 3545 μὲν
1848 3458 1891 3515 c

243 3568 393 3623 κύνα
435 3567 514 3638 τῷ
550 3566 808 3637 ναυτικῷ,
849 3568 967 3637 δοίη
1011 3568 1066 3621 δὲ
1102 3568 1388 3640 θηρεύοντι
1438 3567 1669 3637 κώπηνο
1728 3568 1821 3621 καὶ

243 3657 564 3729 στρατιώτῃ
623 3656 723 3726 μὲν
765 3660 965 3721 ἵππους
999 3659 1150 3724 δέκα,
1187 3660 1448 3729 ίππάριον
1489 3658 1548 3711 δὲ
1587 3659 1821 3730 πονηρὸν

240 3752 326 3820 τῷ
385 3751 741 3817 στρατιωτῶν
785 3751 1051 3820 ἡγεμόνι·
1087 3751 1283 3820 ἄχαρις
1308 3753 1341 3819 ἠ
1388 3750 1547 3820 χάρις
1575 3750 1691 3820 ηδε,
1726 3748 1827 3803 καὶ

242 3838 463 3911 βλάϐην
488 3840 624 3893 οἴσει
658 3839 919 3910 μεγίστην
949 3838 1154 3891 πολλῶν
1178 3838 1361 3891 ἕνεκα.

987 4118 1090 4176 33'.

318 4214 501 4287 τριχῆ
549 4211 641 4266 τοῦ
676 4213 871 4283 χρόνου
908 4212 1293 4282 μεριζομένου,
1322 4213 1401 4274 εἰς
1434 4211 1694 4281 σήμερον,
1732 4211 1822 4264 καὶ

246 4308 450 4379 αὔριον
487 4306 582 4360 καὶ
629 4305 778 4374 χθὲς,
812 4304 964 4356 οὐδέν
993 4320 1056 4371 γε
1104 4306 1267 4373 μέρος
1297 4302 1503 4356 τούτων
1534 4303 1821 4373 ἡμέτερον,

251 4398 605 4456 σκοπούντων
631 4396 859 4459 τάληθὲς
890 4396 1278 4464 ἀκριϐέστερον
1302 4410 1317 4425 ο
1345 4396 1404 4447 τὸ
1434 4397 1533 4466 μὲν
1559 4396 1668 4466 γὰρ
1695 4394 1822 4464 χθὲς

248 4490 600 4563 παρελήλυθε
626 4504 639 4520 ⁸
670 4489 732 4542 τὸ
754 4489 798 4542 δ’
824 4488 1013 4559 αὕριον
1041 4486 1193 4541 οὔπω
1214 4488 1403 4557 γέγονε
1430 4506 1441 4517 ·
1465 4488 1526 4540 τὸ
1555 4489 1623 4557 σή
1633 4504 1697 4556 με
1709 4504 1821 4557 ρον,

248 4589 309 4639 ὲν
338 4580 385 4653 ᾧ
412 4584 676 4651 δοκοῦμεν
723 4581 991 4651 ίδρύσθαι,
1022 4584 1091 4632 τὰ.
1121 4579 1215 4633 τοῦ
1257 4579 1666 4649 θαυματοποιοῦ
1695 4582 1805 4631 Δαι-

250 4679 416 4733 δάλου
451 4677 800 4754 τεχνάσματα
837 4676 916 4736 εἰς
953 4672 1259 4743 ὑπερϐολὴν
1291 4674 1509 4741 ἀπάτης
1542 4672 1820 4740 ὑπερήλα-

253 4788 371 4824 σεν.
413 4770 503 4823 Ἐν
542 4767 650 4838 γὰρ
683 4767 881 4836 ἀκαρεῖ
910 4768 1007 4835 τῆς
1041 4764 1189 4834 ὥρας
1217 4763 1555 4833 τεμνόμενον
1585 4762 1820 4832 διαρρεῖ,
1855 4807 1899 4860 D

254 4862 581 4933 κρατεῖσθαι
610 4859 989 4929 νομιζόμενον,
1020 4859 1115 4909 κοι)⁸
1145 4854 1494 4908 διολισθαίνει
1530 4853 1696 4922 πρινὴ
1726 4870 1823 4904 κα-

254 4954 366 5014 λῶς
394 4950 678 5019 νοηθῆναι.
702 4951 813 5003 Καὶ
844 4949 941 5018 μὲν
965 4948 1027 5017 δὴ
1054 4946 1260 5016 psi/tim
1289 4945 1638 5013 ἀπολαύομεν
1666 4943 1823 4996 ἐνίων

258 5042 632 5110 ἐλπιζομένων
665 5041 697 5109 ῆ
726 5042 861 5106 πρὸς
899 5040 1043 5109 ἡμᾶς
1090 5038 1600 5107 παραγιγνομένων,
1633 5035 1824 5105 φεύγει

256 5132 367 5201 γὰρ
407 5130 503 5199 τὴν
535 5129 811 5199 αἴσθησιν,
861 5129 968 5199 πρὸ
1002 5127 1095 5180 τοῦ
1132 5128 1343 5180 τελέσαι
1371 5129 1438 5179 τὰ
1467 5128 1588 5180 κατ’
1616 5124 1824 5189 ἐλπίδα,

256 5224 355 5276 καὶ
385 5223 545 5274 λυπεῖ
573 5221 649 5290 τῷ
674 5222 985 5288 ἀποπτῆναι
1010 5220 1189 5282 πλέον,
1224 5221 1258 5292 ἢ
1285 5220 1566 5290 χαρίζεται
1590 5218 1667 5287 τῷ
1700 5234 1828 5285 συγ-

258 5315 558 5383 γεγονέναι.
621 5314 837 5367 Μᾶλλον
888 5313 945 5365 δὲ
993 5316 1062 5366 τά
1114 5314 1236 5366 καθ’
1288 5316 1431 5383 ἡμᾶς
1490 5315 1722 5372 ἅπαντα.
1764 5313 1828 5382 ῆν

257 5407 501 5478 ἀκριϐῶς
556 5407 809 5479 θεωρήσῃ
868 5424 974 5472 τις,
1039 5407 1268 5477 ὀρνίθων
1308 5408 1465 5476 δίκην
1512 5405 1829 5474 πετομένων

258 5500 405 5569 ἡμᾶς
430 5505 786 5570 παρέρχεται.
816 5500 1002 5552 Καίτοι
1027 5501 1121 5550 καὶ
1148 5500 1303 5569 ἡμεῖ,
1326 5496 1465 5552 αὐτὰ
1487 5513 1557 5549 πα
1569 5515 1661 5565 ρατ
1675 5496 1825 5566 ρέχοο

262 5608 384 5657 μεν,
409 5590 670 5659 διηνεκῶς
694 5592 833 5659 ἡμᾶς
866 5590 1303 5662 παρα-τρέχοντα.
1328 5591 1439 5642 Καὶ
1466 5589 1524 5642 τὺ
1556 5587 1689 5641 πολὺ
1713 5588 1825 5640 δει-

257 5683 505 5746 νότατον,
557 5684 907 5753 ἀνεπινόητος
950 5686 982 5752 ἡ
1029 5678 1338 5755 διόρθωσις.
1367 5683 1535 5752 Νόμῳ
1572 5683 1680 5750 γὰρ
1719 5678 1821 5748 (pd-

257 5791 396 5839 σεως
427 5775 694 5844 γίγνεται.
727 5776 861 5830 Σκιά
890 5776 957 5829 τὰ
987 5776 1137 5846 τῇδε,
1172 5775 1330 5845 ὄναρ,
1365 5775 1586 5837 καπνὸς,
1615 5772 1824 5841 ἀπάτη.

2070 2782 2077 2789 .
2645 2741 2782 2797 LXI.

1999 2829 2146 2887 Velle
2181 2832 2346 2897 debes
2379 2833 2482 2889 hoc
2511 2850 2735 2905 quoque
2761 2841 2877 2889 tum
2908 2833 3023 2903 ipse
3057 2840 3339 2903 praestare,
3376 2842 3490 2887 tum

1925 2922 2177 2996 quisquis
2200 2924 2478 2997 imperare
2528 2927 2752 2995 cogitat,
2810 2935 2870 2980 ut
2900 2926 3220 2979 muneribus
3284 2926 3492 2979 urbana

1928 3019 2177 3090 quaedam
2228 3021 2602 3073 admisceatur
2679 3019 2933 3085 comitas,
2981 3019 3209 3090 ipsaque
3255 3018 3493 3084 largitio,

1927 3121 2129 3181 quanta
2157 3110 2276 3167 ﬁeri
2316 3113 2550 3165 maxima
2585 3110 2867 3166 celeritate
2917 3119 3127 3181 potest,‘
3165 3112 3233 3164 ad
3287 3112 3515 3163 exitum'

1927 3205 2274 3273 perducatur.
2313 3202 2507 3258 Modus
2527 3204 2733 3258 eisdem
2761 3202 3135 3265 adhibendus,
3165 3203 3260 3271 qui
3285 3201 3496 3256 viribus

1927 3296 2040 3351 tuis
2069 3294 2377 3359 conveniat,
2424 3308 2488 3348 ac
2528 3294 2963 3363 professionibus
3016 3304 3071 3348 et
3136 3294 3497 3363 qualitatibus
3607 3310 3616 3318 ·

1928 3402 2142 3452 eorum,
2183 3387 2277 3456 qui
2331 3388 2537 3441 donum
2592 3389 2891 3457 accipiunt.
2955 3387 3167 3457 Quippe
3216 3387 3319 3441 nisi
3374 3388 3498 3455 quis

1927 3481 2153 3534 omnino
2187 3494 2247 3532 se
2274 3478 2413 3547 gerit
2445 3495 2511 3531 ex
2540 3480 2753 3533 ratione
2800 3481 3005 3544 decori,
3049 3479 3144 3532 sed
3198 3480 3278 3533 vel
3312 3495 3498 3547 agres-

1928 3571 2038 3626 tius
2068 3571 2254 3635 donat,
2285 3571 2369 3624 vel
2401 3585 2525 3624 cum
2548 3580 2766 3639 tempus
2788 3570 3115 3625 imminuere
3147 3570 3357 3629 liceret.
3381 3570 3498 3639 ipse

1927 3662 1994 3717 de
2021 3660 2288 3717 industria
2315 3676 2429 3716 rem
2453 3661 2743 3737 extrahit;
2778 3674 2842 3714 ac
2876 3670 3053 3715 nautae
3079 3676 3270 3716 canem
3309 3662 3494 3729 oll‘eri,

1925 3754 2173 3806 venatori
2199 3768 2429 3812 remum;
2458 3751 2615 3805 militi
2640 3753 2825 3806 decem
2859 3764 3053 3820 equos,
3107 3753 3231 3805 duci
3261 3752 3494 3813 militum

1927 3841 2106 3910 exigui
2132 3842 2393 3896 momenti
2417 3842 2711 3909 equuleum
2740 3858 2759 3895 τ
2783 3842 2993 3911 ingrata
3018 3843 3224 3897 scilicet
3254 3845 3357 3896 erit
3391 3844 3499 3898 ista

1928 3934 2124 4004 gratia.
2154 3933 2453 4004 multisque
2472 3934 2540 3989 de
2563 3937 2750 3989 causis
2773 3934 3163 3989 detrimentum
3200 3934 3496 3988 maximum

1929 4027 2140 4082 aﬂeret.

2032 4168 2035 4173 λ
2632 4117 2795 4175 LXII.

2001 4211 2192 4267 Omnia
2223 4212 2559 4282 temporibus
2593 4210 2648 4267 in
2676 4212 2783 4267 tria
2809 4208 3142 4276 distributis,
3177 4212 3230 4266 in
3269 4210 3496 4285 hodier-

1929 4320 2057 4361 num
2090 4313 2143 4359 ct
2178 4306 2500 4369 crastinum,
2534 4312 2589 4359 et
2619 4305 2958 4366 hesternum,
2986 4304 3132 4359 nulla
3152 4317 3275 4372 pars
3304 4304 3497 4356 harum

1929 4407 2118 4452 nostra
2151 4405 2256 4461 est,
2311 4397 2355 4452 si
2407 4412 2595 4451 verum
2645 4397 2901 4463 subtilius
2979 4396 3182 4450 intueri
3230 4398 3495 4452 volemus.

1930 4491 2138 4559 Quippe
2169 4498 2385 4557 tempus
2443 4489 2762 4542 hesternum
2811 4489 3072 4558 praeteriit
3106 4503 3121 4552 ;
3183 4489 3347 4541 orasti
3376 4501 3485 4540 eum

1930 4582 2157 4636 necdum
2182 4581 2401 4634 advenit
2424 4594 2440 4643 ;
2485 4579 2834 4641 hodiernum,
2854 4578 3204 4643 cui’videmur
3226 4578 3499 4642 insistere,

1932 4672 2301 4740 prodigiorum
2355 4670 2734 4739 opiﬁcisillius
2776 4667 2977 4724 Daalali
3003 4678 3311 4724 commenta
3338 4668 3537 4723 nimi-’

1930 4776 2091 4831 opere
2110 4761 2347 4816 fallendo
2369 4770 2610 4830 superat.
2650 4761 2861 4815 Etenim
2919 4761 3184 4830 temporis
3223 4768 3503 4813 momento

1931 4861 2197 4907 resectum
2215 4851 2428 4916 dillluit,
2446 4867 2567 4905 cum
2593 4852 2763 4906 teneri
2782 4860 3022 4921 putetur,
3045 4866 3109 4905 ac
3146 4854 3313 4920 prius,
3335 4866 3498 4918 quam

1930 4955 2074 4999 recte
2109 4945 2457 5013 percipiatur,
2480 4945 2761 4999 d.labitur.
2784 4944 2923 5008 Quin
2948 4944 3110 4997 etiam
3145 4943 3338 4997 melius
3368 4960 3501 4997 non-

1928 5037 2091 5090 nullis
2115 5038 2169 5088 in
2194 5052 2289 5104 spe
2323 5037 2512 5105 pesitis
2557 5034 2815 5095 fruimur,
2842 5048 3006 5101 quam
3054 5031 3143 5085 ubi
3167 5035 3391 5101 propius
3431 5034 3498 5086 ad

1927 5144 2025 5183 nos
2046 5129 2332 5198 accedunt.
2351 5127 2488 5180 Nam
2510 5137 2726 5193 sperata
2746 5128 2917 5193 prius,
2933 5140 3095 5193 quam
3121 5127 3496 5194 perﬁciantur,

1926 5232 2145 5271 sensum
2164 5218 2444 5287 clTugiunt,
2463 5217 2692 5285 plusque
2712 5216 2977 5267 molestiae
2998 5223 3184 5267 creant
3209 5215 3497 5278 avolaudo,

1934 5325 2096 5377 quam
2125 5308 2355 5376 jucuudi
2403 5323 2627 5361 accessu
2672 5321 2775 5360 suo
2832 5306 3157 5375 largiantur.
3195 5303 3291 5359 Vel
3320 5308 3501 5375 potius

1931 5401 2115 5454 oniiiia
2154 5409 2363 5464 nostra,
2397 5399 2445 5453 si
2492 5399 2617 5466 quis
2645 5405 2901 5451 accurate
2929 5397 3264 5464 consideret,
3317 5400 3491 5452 instar

1932 5498 2114 5551 avium
2177 5492 2484 5545 volantium
2531 5506 2633 5545 nos
2692 5500 3047 5559 praetereunt.
3096 5487 3347 5545 Vicissim
3399 5503 3505 5544 nos

1934 5601 1999 5641 ca
2031 5599 2269 5654 quoque.
2313 5591 2580 5652 perpetuo
2618 5598 2782 5638 cursu
2832 5584 3237 5652 praetereuntis,
3278 5589 3500 5649 printer-

1936 5679 2203 5739 vehimur.
2246 5676 2401 5742 Quod
2449 5676 2683 5746 denique
2725 5674 3113 5744 gravissimum
3153 5668 3498 5737 cst.excogi-

1933 5769 2037 5824 tari
2071 5768 2283 5821 nullum
2321 5775 2500 5837 potest
2540 5766 2843 5821 remedium
2881 5781 2899 5830 ;
2933 5763 3222 5841 nam’haec
3253 5762 3329 5814 ita
3380 5758 3507 5827 lege

1932 5870 2141 5914 naturae
2167 5860 2446 5915 accidunt.
2493 5858 2763 5912 Nimirum
2799 5858 2924 5911 vitae
2955 5856 3118 5923 hujus
3168 5866 3256 5907 res
3305 5847 3496 5903 unthta

1932 5961 2077 6016 sunt,
2103 5952 2403 6014 somnium,
2446 5949 2656 6017 fumus,
2695 5950 3023 6016 impostura’.
