3978 6630
515 333 621 397 339
1687 351 2091 421 MANUEIJS
2128 361 2573 431 PAL/EOLOGI
3672 380 3841 448 350

512 448 735 506 nomine
784 460 987 522 potest,
1042 456 1255 526 primus
1302 457 1471 514 animi
1528 472 1754 533 motus;
1811 467 1855 522 si
1887 470 2075 538 placet,

515 543 675 566 ..μΔ
1054 565 1059 566 ,
1137 552 1152 566 .
1311 554 1323 566 .
1430 557 1444 566 .
1588 558 1650 566 ..
1855 564 1863 566 _

2192 479 2294 548 χῆς
2315 495 2328 509 ⁶
2363 483 2411 533 εί
2451 481 2508 534 δὲ
2538 482 2742 553 βούλει,
2775 485 2869 539 καὶ
2901 487 2931 557 ἡ
2960 487 3194 558 θύραθεν
3230 490 3565 563 ἐγγινομένη
3601 498 3839 566 ταύτῃ

510 543 679 598 etiam
714 550 958 602 extraria
995 552 1245 620 qua‘dam
1276 554 1397 624 ejus
1430 557 1690 627 impulsio
1720 578 1735 615 :
1775 564 1972 630 quibus
2004 575 2075 619 at-

2191 543 2467 642 προσϐολή
2490 589 2504 603 ’
2538 543 2631 636 αἷς
2683 543 2975 645 προσέχειν
3003 543 3107 651 χρὴ
3149 543 3836 655 καλῶξκὲίμῖὴ

513 636 848 692 tendendum
876 649 964 695 est
991 652 1155 706 recte,
1180 660 1278 699 nec
1304 655 1506 704 temere
1528 652 1656 720 quid
1687 654 2075 721 inchoandum,

2189 661 2368 725 πετῶς
2420 636 2741 734 ἐγχειρεῖνί
2767 669 2817 721 εί
3097 636 3198 734 ’τις
3247 636 3456 742 ἀγαθὸς
3514 636 3832 729 Iaso-022w

512 730 559 785 si
595 732 773 790 bonus
806 738 929 802 quis
956 754 1077 794 esse
1109 742 1260 797 velit.
1288 745 1513 815 Agenda
1543 757 1671 803 sunt
1712 751 1859 805 enim
1896 755 2075 806 omnia

2192 752 2379 805 Πάντα
2415 730 2524 824 γάρ
2560 730 2740 811 ποιεῖν
2780 730 3050 830 προσήκει
3083 730 3651 837 σκέιίιειξκοιὶνκρίσει,
3680 768 3836 819 ,καὶ

512 824 756 879 adhibita
783 829 1250 900 consideratione,
1269 836 1491 904 judicio,
1516 840 1768 907 consilio,
1799 846 2075 898 conscien-

2187 849 2432 912 γνώσει,
2506 849 2603 902 καὶ
2665 852 3014 920 συνειδήσει,
3075 856 3171 908 καὶ
3222 856 3426 910 διδόναι
3492 857 3831 930 πανταχοῦ

514 919 611 982 tia,
642 928 694 973 et
725 922 927 990 ubique
963 928 1250 996 praecipuae
1277 940 1461 998 partes
1494 931 1726 988 hones")
1757 935 2075 991 tribuendas.

2186 940 2411 1006 κρατεῖν
2456 939 2518 991 τὸ
2576 941 2764 998 καλόν.
2807 945 2919 997 Καὶ
2982 947 3121 1015 πρὸς
3177 951 3276 1016 μὲν
3326 951 3424 1012 τὰς
3466 919 3833 1016 ἀποφάσεις

512 1009 693 1065 Tarde
713 1015 932 1084 quidem
959 1022 1362 1086 procedendum
1391 1026 1442 1076 in
1470 1026 1819 1081 decernendo
1846 1044 1859 1091 ;
1890 1045 2075 1083 verum

2187 1028 2351 1099 σχολῇ
2389 1030 2627 1099 βαδίζειν
2649 1050 2663 1065 ο
2698 1009 3126 1108 βεϐουλευμένον
3163 1009 3219 1093 δὲ
3244 1009 3449 1104 καλῶς,
3479 1009 3605 1095 δυσί
3641 1009 3827 1094 ποσί

509 1105 602 1157 tibi
650 1118 798 1159 recte
835 1111 1206 1176 consulueris,
1245 1115 1515 1170 ambobus
1555 1122 1890 1171 currendum
1927 1123 2075 1188 pedi:

2184 1118 2402 1186 τρέχειν
2423 1137 2437 1151 ο
2472 1123 2737 1190 πράττειν
2764 1142 2824 1178 τε
2860 1127 2933 1198 μὴ
2962 1105 3196 1201 φύρδην,
3231 1130 3267 1185 ἃ
3301 1131 3456 1201 τύχοι
3484 1149 3501 1164 ο
3539 1133 3657 1185 ἀλλ’
3696 1135 3825 1185 ἀεὶ

434 1240 460 1292 τι
509 1195 633 1254 bus.
664 1196 858 1253 Itidem
888 1218 995 1256 non
1023 1206 1228 1273 agenda
1263 1202 1510 1271 confuse,
1542 1226 1659 1278 quae
1689 1210 1830 1265 forte
1859 1227 1917 1266 se
1952 1213 2075 1268 oll‘c-

2182 1211 2252 1263 τὰ
2279 1212 2474 1282 πρῶτα
2506 1214 2760 1285 πρώτως.
2795 1195 3104 1289 Μέγαγάρ
3129 1195 3317 1292 ἰσχύει
3365 1195 3547 1289 τάξις,
3578 1226 3681 1277 καὶ
3729 1224 3819 1275 τὸ

508 1299 680 1357 runt;
713 1293 808 1347 sed
848 1310 1064 1363 semper
1092 1295 1286 1365 prima,
1323 1301 1583 1367 primum.
1620 1301 1752 1357 Nam
1784 1320 1974 1373 magna
1999 1307 2075 1359 vis

2187 1303 2262 1373 μὴ
2312 1304 2525 1375 χαίρειν
2579 1307 2888 1375 ἀναϐολαῖς,
2944 1312 3039 1364 καὶ
3093 1313 3327 1376 πολλούς
3379 1331 3445 1383 γε
3506 1314 3815 1370 τάναντία.

508 1383 726 1438 ordinis
765 1394 869 1449 est,
922 1396 1089 1456 atque
1139 1392 1215 1444 uti
1249 1392 1375 1461 quis
1406 1407 1434 1446 a
1479 1393 1840 1450 dilationibus
1868 1398 2078 1450 abhor-

508 1484 629 1529 reat
665 1492 680 1529 :
714 1491 839 1531 cum
879 1480 1065 1535 multis
1098 1481 1309 1536 diversa
1342 1482 1746 1549 factitantibus,
1779 1488 2080 1557 cwteroqui

507 1568 1000 1636 prastantissimis,
1030 1586 1108 1627 ea)
1140 1587 1227 1627 res
1257 1575 1428 1630 exitio
1462 1573 1687 1630 fuerint.

1203 1682 1395 1745 XXXI.

2185 1397 2426 1463 καθεῖλε,
2460 1398 2627 1454 τᾶλλα
2663 1400 2983 1470 βελτίστους
3015 1404 3387 1476 ὑπάρχοντας.

2913 1694 3035 1750 AA'.

579 1795 835 1854 Numinis
864 1814 998 1854 sane
1027 1800 1198 1854 divini
1229 1800 1416 1867 fuerit,
1447 1811 1500 1857 et
1542 1804 1740 1872 quibus
1778 1804 1867 1860 illa
1906 1806 2073 1861 facul-

2256 1799 2330 1852 Τδ
2381 1799 2481 1869 μὲν
2518 1772 2617 1855 ’ἀεὶ
2649 1803 2717 1855 τὰ
2765 1802 2962 1874 βελτίω
3003 1779 3111 1857 τῶν
3140 1803 3403 1875 χειρόνων
3437 1805 3789 1875 ἐκλέγεσθαι

506 1892 687 1947 tasab
717 1893 907 1947 eodem
939 1892 1105 1947 fuerit
1130 1907 1416 1957 concessa,
1442 1910 1551 1964 pra:
1576 1895 1940 1955 deterioribus
1965 1914 2076 1954 mc-

507 1983 646 2037 liora
701 1997 919 2053 semper
961 1983 1187 2052 eligere.
1233 1985 1602 2041 Nihilominus
1644 1989 1980 2058 conandum,
2018 1998 2077 2044 ut

506 2075 764 2130 omnibus
819 2073 999 2131 modis
1047 2090 1351 2145 agnoscas,
1387 2093 1506 2148 qua
1552 2079 1758 2149 optima
1783 2081 2077 2136 videantur

507 2181 632 2222 esse
659 2182 675 2232 ;
706 2177 871 2237 atque
898 2168 1083 2237 agnita
1120 2167 1310 2234 facias,
1343 2179 1398 2224 et
1431 2171 1649 2239 quidem
1679 2171 1881 2227 talibus
1910 2172 2074 2227 mini-

507 2272 596 2312 me
629 2257 848 2312 saliet-is
873 2277 887 2325 ;
915 2274 1038 2312 nam
1074 2270 1131 2313 ut
1168 2260 1403 2328 primum
1435 2261 1570 2315 illud
1605 2271 1688 2318 est
1720 2262 1835 2328 Dei,
1880 2264 1961 2318 sic
1995 2265 2076 2318 al-

506 2359 682 2405 terum
716 2351 768 2405 in
795 2352 1073 2407 hominem
1114 2352 1282 2406 cadit.
1325 2352 1562 2408 Necesse
1598 2363 1685 2409 est
1718 2355 1863 2409 enim
1898 2355 2074 2426 magis

504 2458 604 2498 eos
633 2443 756 2498 aliis
790 2455 1070 2513 compotes
1097 2444 1311 2498 virtutis
1342 2444 1500 2509 eliici,
1532 2445 1614 2499 vel
1642 2446 1708 2501 ad
1732 2461 1851 2501 eam
1881 2448 2072 2502 saltem

502 2536 736 2607 propius
768 2537 1049 2602 accedere,
1075 2537 1170 2607 qui
1206 2537 1383 2592 oculis
1420 2538 1473 2592 in
1505 2539 1579 2601 id,
1606 2539 1748 2608 quod
1782 2540 2071 2595 honestum

502 2637 606 2689 est,
633 2629 881 2693 directis,
923 2631 1534 2699 praestantissimorum,
1566 2646 1677 2685 non
1707 2630 2071 2699 plurimorum

502 2725 753 2778 actiones
778 2730 940 2792 atque
962 2724 1188 2778 consilia
1211 2738 1429 2792 semper
1451 2722 1756 2787 intuentur,
1784 2734 1835 2778 et
1859 2737 2077 2778 eorum-

504 2816 628 2869 dem
660 2817 867 2869 exitum
913 2816 1208 2870 observant
1239 2831 1254 2869 :
1290 2829 1354 2868 ac
1391 2815 1456 2869 iis
1508 2816 1751 2884 quidem,
1782 2831 1903 2885 quae
1948 2831 2074 2870 esse

502 2907 647 2961 bona
671 2907 981 2960 docuerunt
1002 2914 1232 2960 eventus
1254 2907 1379 2975 ipsi,
1399 2907 1555 2976 quasi
1580 2907 1783 2973 regulis
1804 2917 2072 2961 utuntur:

503 2998 779 3051 contraria
826 2998 1211 3066 magistrorum
1244 2998 1367 3053 loco
1395 2997 1501 3052 sibi
1526 2999 1888 3067 constituunt,
1922 3014 1991 3056 ne
2020 3000 2071 3053 in

503 3086 647 3137 mala
674 3084 984 3139 consimilia
1014 3096 1194 3140 ruant.

1178 3197 1395 3255 XXXII.

578 3285 883 3342 Admodum
919 3289 1160 3357 jucunda
1192 3306 1279 3346 res
1326 3300 1411 3347 est
1441 3291 1668 3359 erudiri,
1701 3309 1812 3349 non
1856 3298 2073 3366 lapsum

507 3379 790 3447 patiendo,
817 3381 911 3436 sed
951 3378 1203 3437 acerbius
1235 3384 1440 3453 aliquid
1466 3385 1783 3451 devitando,
1822 3402 1943 3439 cum
1966 3388 2076 3443 fac-

509 3480 597 3525 tus
620 3473 850 3529 alterius
872 3489 1061 3529 errore
1085 3477 1309 3543 peritior
1332 3476 1522 3532 fueris.
1549 3478 1721 3547 Major
1741 3491 1919 3534 autem
1949 3496 2076 3549 pars

508 3566 816 3627 hominum,
851 3567 929 3620 uti
964 3568 1183 3635 quidem
1216 3578 1460 3638 apparet.
1495 3571 1634 3625 hanc
1666 3588 1776 3624 rem
1829 3573 2071 3641 nogligit,

506 3666 561 3709 et
589 3658 931 3713 calamitates
956 3661 1206 3727 proprias
1231 3670 1532 3731 exspeCIat,
1566 3673 1625 3716 ut
1649 3680 1742 3731 per
1765 3679 1827 3717 ea
1857 3666 2075 3719 erudia-

507 3757 599 3801 tur
626 3766 648 3829 Δι
682 3764 849 3829 (ιιιιιιιι
876 3749 1272 3829 institutionem
1310 3754 1561 3808 mercede
1590 3754 1773 3806 damni
1806 3770 1948 3823 saepe
1978 3770 2074 3824 pa-

504 3826 639 3892 rum‘
662 3826 981 3908 reparabilis
1031 3849 1371 3911 compensat.
1410 3842 1575 3897 Iidem
1620 3858 1957 3898 consuevere
1990 3844 2074 3898 di-

505 3948 652 3995 cere,
693 3934 992 3999 medicum,
1045 3936 1137 4003 qui
1175 3951 1368 3990 nomen
1423 3936 1527 3990 hoc
1561 3946 1891 3992 consecutus
1939 3937 2009 3991 sit
2045 3954 2074 3991 e

503 4026 757 4087 scientia,
793 4040 900 4079 non
941 4026 1020 4080 illi
1053 4040 1238 4096 parem
1270 4040 1410 4090 esse,
1441 4027 1531 4096 qui
1563 4025 1743 4081 varios
1769 4028 1823 4080 in
1854 4028 2074 4080 morbos

503 4117 782 4171 inciderit.
813 4116 895 4171 Tu
923 4132 1054 4171 vero
1091 4118 1250 4173 modo
1288 4116 1427 4172 velis
1482 4118 1648 4171 etiam
1675 4132 1783 4170 non
1818 4116 2074 4186 patiendo

504 4210 710 4280 poteris
732 4212 963 4265 evadere
992 4210 1240 4279 peritior,
1271 4209 1315 4263 si
1340 4209 1686 4264 calamitates
1713 4208 1946 4262 aliorum
1974 4225 2074 4278 pro

506 4305 616 4360 tuis
645 4305 889 4369 duxeris,
932 4318 1232 4370 earumque
1280 4315 1475 4357 causas
1508 4298 1810 4365 vitaveris;
1857 4308 1912 4352 et
1949 4300 2076 4368 qui-

505 4399 629 4452 dem
663 4398 766 4453 hoe.
798 4406 909 4450 tam
944 4405 1204 4452 accurate
1244 4393 1629 4463 consequeris,
1661 4405 1727 4447 ac
1758 4392 1805 4446 si
1837 4393 2073 4463 teipsum

505 4491 561 4545 in
592 4506 681 4545 res
716 4490 977 4545 adversas
1004 4487 1264 4543 incidisse
1291 4485 1649 4556 contingeret.

1173 4602 1413 4659 XXXIII.

577 4697 827 4770 Tendere
861 4696 1215 4767 cupiditatem
1244 4698 1554 4761 hominum,
1587 4711 1618 4752 e
1654 4697 1878 4767 pulvere
1911 4696 2079 4766 spiri-

508 4805 679 4864 tuque
734 4792 1131 4854 constantium,
1174 4791 1339 4845 modo
1379 4788 1600 4859 quidem
1632 4804 1878 4852 sursum,
1915 4789 2079 4843 modo

505 4905 638 4942 vero
671 4887 951 4953 deorsum,
999 4886 1137 4941 nihil
1179 4900 1313 4939 sane
1341 4884 1468 4938 novi
1497 4884 1677 4937 fuerit.
1713 4883 1821 4938 Sed
1853 4891 2076 4953 oportet

503 4986 686 5036 virum
720 4980 1239 5044 praestantissimum
1271 4992 1382 5032 non
1414 4977 1677 5031 continuo
1707 4976 2075 5044 voluptatum,

505 5076 738 5141 irarum,
759 5084 1029 5129 terrorum
1050 5069 1506 5141 impres’sionibus
1522 5068 1938 5137 expugnabilem
1957 5081 2080 5123 sese

507 5167 776 5233 praebere,
821 5164 966 5234 quod
999 5159 1334 5217 eﬂeminatis
1382 5161 1631 5217 accidere
1662 5161 1934 5222 videmus,
1978 5158 2075 5227 qui

506 5271 566 5309 se
588 5256 669 5309 vel
694 5255 826 5323 ipsis
850 5255 1091 5308 hostium
1123 5253 1555 5322 praecursoribus
1578 5252 1788 5306 dedunt
1811 5267 1826 5304 ι
1854 5250 1947 5305 sed
1974 5250 2078 5304 im-

509 5356 719 5400 motum
741 5361 962 5400 manere
994 5360 1058 5399 ac
1085 5360 1206 5399 esse
1237 5344 1737 5409 stabiletn,exitum
1773 5344 1852 5398 rei
1884 5344 2075 5398 cuius-

507 5453 617 5508 que
660 5440 1090 5508 perquirentem.
1143 5436 1281 5491 Nam
1329 5435 1619 5492 confestim
1668 5437 2076 5505 emergentibus

509 5546 693 5584 rerum
728 5529 1015 5600 principiis
1044 5545 1351 5589 accurrere,
1379 5546 1500 5598 qua:
1536 5529 1796 5584 suavibus
1832 5527 2079 5582 ettordiis

507 5622 741 5677 blandiri
768 5636 1120 5686 consuevere,
1152 5636 1276 5675 cum
1300 5620 1499 5674 occulti
1531 5621 1645 5675 sint
1673 5633 1866 5673 eorum
1911 5618 2071 5683 lines,

506 5715 597 5768 vix
632 5715 952 5770 hominibus
978 5715 1188 5771 insanis
1220 5712 1621 5781 coutpetiverit.
1654 5712 1838 5780 Itaque
1860 5714 1926 5763 da
1951 5725 2080 5779 ope-

511 5823 651 5875 ram,
688 5818 746 5864 ut
776 5809 963 5864 firmus
997 5810 1073 5863 sis
1103 5816 1266 5877 atque
1295 5806 1527 5867 stabilis,
1564 5820 1774 5873 resque,
1805 5805 1963 5857 lim-tn
1995 5806 2077 5857 iu~

2179 1889 2317 1944 Θεοῦ
2379 1889 2446 1945 ἂν
2503 1893 2613 1964 εἴη,
2648 1894 2742 1947 καὶ
2794 1888 2875 1957 οἷς
2939 1892 3007 1947 ἂν
3055 1894 3314 1965 μεταδοίη
3370 1900 3612 1966 ταυτησὶ
3670 1902 3783 1970 τῆς

2177 1983 2499 2054 δυνάμεωςο
2543 1986 2840 2056 πειρᾶσθαι
2903 1986 3088 2055 μέντοι
3141 1987 3413 2057 προσήκει
3471 1988 3773 2056 γινώσκειν

2178 2074 2350 2129 ἅπασι
2378 2075 2622 2145 τρόποις,
2657 2076 2796 2130 ἄττα
2846 2076 3100 2148 βέλτιστα
3144 2077 3365 2132 πάντων
3395 2075 3542 2133 εἶναι
3594 2082 3763 2144 δοκεῖ,

2178 2169 2273 2221 καὶ
2295 2168 2636 2239 γινώσκοντα
2667 2171 2860 2231 ποιεῖν,
2889 2170 2985 2223 καὶ
3016 2169 3243 2223 τοιαῦτα
3277 2170 3351 2241 μὴ
3381 2171 3769 2241 κορέννυσθαι.

2190 2259 2279 2320 Ὠς
2310 2261 2417 2331 γὰρ
2451 2260 2512 2314 τὸ
2544 2263 2764 2330 πρῶτον
2795 2259 2955 2327 Θεοῦ,
3000 2260 3145 2316 οὕτω
3183 2262 3244 2316 τὸ
3264 2261 3419 2316 δεῦτε
3433 2280 3522 2332 ρον
3551 2264 3770 2335 ἀνδρός.

2189 2350 2428 2423 Ἀνάγκη
2460 2352 2571 2423 γὰρ
2603 2352 2806 2423 μᾶλλον
2847 2338 3165 2408 τῶνάλλων
3195 2353 3477 2423 ἐπιτυχεῖς
3519 2354 3772 2417 ἐκείνους

2176 2443 2433 2513 γενέσθαι
2488 2446 2588 2514 τῆς
2636 2445 2934 2516 ἀρετῆς,ἢ
2982 2446 3116 2515 γοῦν
3166 2447 3241 2516 μὴ
3301 2447 3490 2519 πόρρω
3545 2446 3769 2511 βάλλειν

2178 2537 2372 2606 αὐτῆς,
2406 2536 2521 2589 ὅσοι
2554 2537 2618 2606 δὴ
2654 2536 2795 2605 πρὸς
2830 2536 2892 2589 τὸ
2933 2537 3098 2590 καλὸν
3138 2539 3479 2608 ἀφορῶντες,
3507 2537 3612 2600 τὰς
3651 2538 3766 2591 τῶν

2176 2626 2432 2697 ἀρίστοιν,
2470 2627 2589 2697 οὐχὶ
2616 2628 2725 2680 τῶν
2750 2627 3019 2682 πλείστων
3046 2627 3278 2698 πράξεις
3312 2644 3372 2682 τε
3402 2629 3501 2681 καὶ
3532 2627 3764 2698 γνώμας

2176 2720 2262 2773 ἀεὶ
2297 2717 2619 2781 σκοποῦσιν,
2654 2715 2754 2772 εἶτ’
2785 2717 3112 2788 ἐπιτηροῦσι
3138 2717 3207 2772 τὰ
3232 2718 3440 2773 τούτων
3468 2719 3598 2789 τέλη
3623 2736 3637 2749 ·
3666 2720 3770 2774 καὶ

2176 2812 2292 2873 ταῖς
2345 2809 2444 2880 μὲν
2494 2810 2691 2873 καλαῖς
2747 2810 2812 2863 ἐκ
2863 2810 2972 2864 τῶν
3033 2810 3322 2864 ὲκϐάσεων
3379 2811 3766 2879 δεδειγμέναις

2175 2902 2364 2973 ὥσπερ
2402 2903 2593 2956 κανόσι
2639 2902 2920 2973 χρῶνται·
2960 2903 3060 2967 τὰς
3110 2904 3157 2957 δ’
3205 2902 3462 2965 ἐναντίας
3495 2903 3765 2971 φανείσας

2179 2995 2327 3062 σφῶν
2366 2994 2546 3047 αὐτῶν
2596 2994 2956 3058 διδασκάλους
3000 2994 3268 3061 ποιοῦσιν,
3301 2994 3443 3048 ὥστε
3486 2994 3562 3064 μὴ
3604 3011 3768 3064 περιρ

2178 3088 2367 3139 πεσεῖν
2403 3089 2516 3149 τοῖς
2548 3087 2760 3156 ὁμοίοις
2789 3084 3041 3150 κακοῖς.¹

2832 3221 2835 3225 λ
2908 3201 3031 3259 ΛΒ’.

2259 3292 2386 3347 Ἦδὸ
2447 3312 2497 3347 τι
2548 3292 2605 3346 τδ
2667 3294 2861 3362 μαθεῖν
2919 3294 3091 3355 ἐστιν,
3134 3295 3235 3348 οὐκ
3302 3295 3370 3347 ἐκ
3410 3292 3506 3347 τοῦ
3565 3295 3770 3348 παθεῖν

2177 3383 2503 3461 πταίσαντα,
2548 3381 2667 3435 ἀλλ’
2724 3385 2785 3435 ὲκ
2830 3381 2926 3435 τοῦ
2976 3383 3404 3458 διαπεφευγέναι
3450 3383 3514 3435 τὸ
3562 3385 3769 3452 δυσχε-

2180 3470 2462 3543 ρέστερον,
2499 3476 2563 3545 τῇ
2613 3473 2724 3526 τῶν
2778 3473 2955 3527 ἄλλων
2986 3473 3290 3544 διαμαρτίᾳ
3335 3475 3768 3544 γενόμενονίέμ-

2177 3567 2514 3636 πειρότερον.
2547 3568 2608 3621 Οἱ
2664 3566 2884 3628 πλείους
2938 3566 3014 3627 δὲ,
3068 3564 3162 3636 ὡς.
3188 3565 3386 3631 ἔοικεν,
3418 3565 3764 3635 ὀλιγωροῦσι

2176 3633 2326 3712 τοῦδε
2373 3633 2469 3709 τοῦ
2523 3656 2875 3724 πράγματος,
2922 3656 3017 3708 καὶ
3069 3633 3167 3720 τάξ
3208 3656 3417 3717 οἰκείας
3470 3633 3767 3726 συμφορὰς

2177 3749 2557 3818 ἀναμένουσιν,
2617 3747 2757 3801 ὥστε
2803 3747 2932 3816 παρ’
2990 3748 3215 3801 ἐκείνων
3282 3748 3499 3818 μαθεῖν,
3563 3748 3766 3817 μισθὸν

2177 3841 2513 3908 παρέχοντες
2545 3839 2778 3906 ταυτησὶ
2816 3837 2916 3906 τῆς
2956 3837 3250 3907 μαθήσεως
3285 3837 3517 3908 ζημίαν,
3556 3836 3769 3892 πολλὰ-

2177 3950 2266 3996 κις
2296 3931 2404 3984 οὐδ’
2433 3929 2819 4000 εὐανάκλητον.
2849 3928 3032 3990 Μῦθος
3063 3928 3118 3982 δέ
3158 3929 3245 3992 τίς
3275 3931 3428 3982 ἐστιν
3461 3931 3674 3997 αὐτοῖς,
3701 3932 3766 3984 οὐ

2176 4025 2428 4079 τοσοῦτον
2461 4023 2644 4092 ἰατρὸν
2675 4016 2818 4074 εἶναι
2861 4022 2954 4074 τὸν
2990 4023 3272 4093 ἐπιστήμῃ
3306 4021 3455 4075 τοῦτ’
3495 4023 3648 4087 ὄντα,
3684 4025 3766 4086 ὡς

2177 4118 2270 4170 τὸν
2304 4116 2763 4187 περιπεπτωκότα
2795 4113 3065 4177 ποικίλοις
3114 4114 3334 4167 πάθεσι.
3362 4115 3436 4168 Σὺ
3467 4113 3512 4168 δ’
3553 4115 3621 4168 ἂν
3655 4117 3768 4185 μά-

2178 4209 2314 4272 θοις,
2345 4210 2392 4261 εἰ
2424 4207 2627 4277 βούλει,
2662 4208 2754 4259 καὶ
2783 4206 2859 4276 μὴ
2889 4206 3102 4270 παθὼν,
3137 4205 3235 4268 τὰς
3266 4207 3377 4259 τῶν
3406 4206 3587 4259 ἄλλων
3614 4224 3765 4276 συμ-

2178 4302 2348 4373 φορὰς
2386 4300 2784 4370 οἰκειούμενος,
2823 4300 2916 4353 καὶ
2956 4299 3027 4352 τὰ
3070 4298 3277 4353 τούτων
3311 4299 3463 4353 αῐτια
3496 4300 3770 4367 φυλαττὸ-

2180 4409 2361 4462 μενος.
2390 4386 2532 4444 οὕτω
2566 4390 2916 4443 παντάπασιν
2949 4387 3218 4459 ἀκριϐῶς,
3244 4387 3435 4459 ὥσπερ
3471 4388 3539 4441 ἂν
3575 4389 3631 4442 εί
3679 4405 3767 4442 σοι

2109 4498 2153 4552 ι)
2183 4480 2380 4550 συνέϐη
2414 4479 2896 4551 περιπεπτωκέναι
2936 4480 3050 4541 τοῖς
3087 4477 3365 4549 χαλεποῖς.

2906 4594 3031 4649 AI".

2264 4690 2483 4746 Ῥέπειν
2528 4691 2630 4763 τὴν
2684 4688 2985 4757 ἐπιθυμίαν
3024 4682 3359 4755 ἀνθρώπων,
3389 4684 3456 4738 ἐκ
3493 4685 3618 4754 χοὸς
3667 4685 3769 4740 καὶ

2182 4787 2491 4854 πνεύματος
2524 4781 3041 4855 ὑπιρχόντων,τοτδ
3067 4780 3164 4850 μὲν
3189 4779 3322 4844 ἄνω,
3341 4776 3464 4830 τοτὲ
3491 4777 3547 4829 δέ
3579 4777 3761 4840 κάτω,

2177 4879 2332 4933 οὐδὲν
2368 4878 2436 4932 ἂν
2489 4877 2576 4947 εἴη
2632 4876 2810 4945 δήπου
2864 4873 3077 4927 καινόν.
3126 4873 3219 4924 Δεῖ
3273 4870 3331 4924 δέ
3388 4870 3483 4925 τὸν
3534 4870 3766 4941 ἄριστον

2177 4970 2348 5041 ἄνδρα
2379 4968 2454 5039 μὴ
2480 4970 2602 5031 ταῖς
2627 4966 2839 5036 ἐφόδοις
2872 4965 2982 5018 τῶν
3013 4963 3239 5033 ἡδονῶν,
3275 4962 3371 5016 καὶ⁵
3400 4962 3510 5015 τῶν
3541 4961 3755 5031 θυμῶν,

2177 5063 2271 5115 καὶ
2298 5058 2408 5114 τῶν
2434 5056 2617 5127 φόϐων
2643 5055 2806 5119 εὐθὺς
2837 5054 3110 5108 εὐάλωτον
3146 5045 3313 5114 εἶναι,
3345 5050 3377 5103 δ
3411 5051 3541 5113 τοὺς
3569 5066 3760 5118 γυναι-

2177 5153 2372 5207 κώδεις
2394 5150 2616 5220 ὁρῶμεν
2645 5149 2980 5216 πάσχοντας,
3002 5142 3358 5214 προδιδόντας
3390 5141 3533 5209 σφᾶς
3559 5140 3757 5202 αὐτοὺς

2176 5246 2288 5305 τοῖς
2330 5238 2711 5313 προδραμοῦσι
2742 5237 2852 5291 τῶν
2877 5235 3189 5303 πολεμίων·
3225 5233 3365 5286 ἀλλὰ
3413 5232 3606 5300 μένειν
3637 5230 3758 5283 τοῦ-

2176 5354 2269 5391 τον
2299 5334 2562 5406 ἀτρέμας,
2601 5333 2802 5399 πάγιον
2850 5327 2990 5383 εἶναι
3040 5326 3308 5398 ζητοῦντα
3362 5323 3422 5378 τὸ
3448 5323 3600 5386 τέλος
3632 5322 3756 5376 ἐκά-

2179 5446 2304 5482 στου
2357 5427 2703 5497 πράγματος.
2735 5423 2809 5475 Τὸ
2852 5422 2960 5493 γὰρ
2996 5420 3201 5475 αὐτίκα⁴
3242 5416 3531 5487 φανείσαις
3559 5414 3752 5484 ἀρχαῖς

2178 5522 2522 5593 πραγμάτων
2561 5519 2950 5590 προστρέχειν,
2992 5514 3422 5575 θποσαινούσαις
3451 5508 3754 5579 προοιμίοις

2178 5621 2431 5687 χαρίεσι,
2463 5614 2574 5667 τῶν
2620 5614 2792 5666 τελῶν
2827 5610 3019 5671 αὑταῖς
3059 5608 3475 5681 κρυπτομένων,
3515 5603 3666 5672 μόλις
3692 5598 3755 5687 άν

2180 5708 2443 5775 ἁρμόσειε
2518 5702 2927 5773 τετυφωμένως
3003 5697 3340 5769 ἀνθρώποις.
3412 5696 3577 5762 Ζῆτει
3662 5685 3753 5742 οὖν

2180 5799 2335 5870 ἐδραῖ
2367 5815 2395 5862 ς
2438 5791 2603 5861 εἶναι,
2645 5796 2738 5848 καὶ
2784 5794 3005 5849 σκοπῶν
3055 5792 3116 5847 τὸ
3151 5791 3345 5862 πέρας,
3371 5788 3581 5859 πρᾶττε
3606 5799 3619 5813 ο
3655 5782 3746 5836 aut
