3978 6570
301 341 414 405 341
1315 341 1725 404 PRIECEPTA
1758 338 2277 401 EDUCATIONIS
2318 337 2603 401 REGI/E'.
3481 335 3584 400 36?

281 458 408 529 πρὸ
436 455 632 511 τούτου
669 455 806 529 μηδὲ
859 455 1132 527 ὶγχείρεισ
1172 455 1315 528 ὄφρα
1343 474 1422 524 σε,
1449 457 1571 512 καθ’
1609 457 1881 528 Ὅμηρον,

2004 467 2168 517 .uens,
2221 451 2406 520 agito:
2463 449 2610 519 quod
2653 448 2829 519 prius,
2864 462 3028 519 quam
3065 447 3281 532 ieceris,
3317 451 3454 506 nihil
3488 454 3583 508 in-

284 553 498 607 τιωτιν
1994 543 2246 610 choabis,
2290 553 2349 598 ut
2382 545 2589 601 honore
2623 552 2676 598 te
2718 541 2977 608 alliciant,
3014 543 3321 598 secundum
3376 544 3582 602 Home-

1996 652 2117 690 rum
2130 676 2144 700 ,
2630 622 2637 630 ’

742 727 897 798 ἠμὲν
925 729 1072 791 νέοι,
1109 729 1219 797 ἠδὲ
1254 730 1552 799 γέροντες.

283 819 615 891 Προσθέην
645 820 691 873 δ’
719 822 787 875 ἂν
828 820 1028 890 ἔγωγε,
1058 820 1204 891 ὄφρα
1259 839 1317 875 σε
1360 822 1619 891 πολέμιος
1665 822 1887 893 φρίττῃ,

282 915 397 967 καὶ
426 915 673 985 ὑπήκοος
704 916 833 986 φιλῇ
855 935 869 949 ·
898 917 991 970 καὶ
1018 916 1276 988 θαυμάζῃ
1306 916 1406 986 μὲν
1430 917 1603 985 φίλος,
1632 914 1890 988 Θαυμάξῃ

284 1007 355 1059 δὲ
388 1008 693 1077 συγγενὴς,
729 1009 827 1062 καὶ
861 1010 977 1073 τοῖς
1006 1008 1112 1064 ὑπὸ
1160 1008 1254 1063 σοῦ
1295 1009 1715 1079 πεπραγμένοις
1752 1007 1890 1061 ποὶν⁸

283 1116 391 1164 τις
426 1101 871 1173 ἐκπλήττωνται.

2442 727 2768 797 juvencsque
2821 741 3092 795 senesque.

1998 815 2211 883 Quibus
2241 816 2498 887 equidem
2555 816 2880 885 adjecerim,
2913 825 2973 872 ut
3008 827 3059 871 te
3093 815 3351 871 formidet
3382 817 3581 880 hostis,

1996 919 2050 965 et
2095 910 2351 966 subditus
2381 919 2577 965 amet:
2638 909 2949 964 admiretur
2999 910 3236 974 amicus,
3287 910 3584 979 itidemque

1996 1008 2265 1069 cognatus
2304 1001 2610 1055 admiretur
2647 1016 2662 1055 :
2699 1008 2754 1055 et
2787 1014 2984 1055 omnes
3018 1000 3083 1055 ad
3115 1015 3199 1065 ea,
3236 1016 3358 1071 quze
3405 1002 3502 1056 abs
3534 1011 3587 1056 te

1997 1100 2144 1160 gesta
2172 1089 2303 1157 sint,
2339 1089 2759 1160 obstupeseant.

2668 1181 2913 1239 XXXIV.

2069 1270 2308 1330 Omnino
2348 1273 2583 1330 sublime
2614 1275 2873 1342 quiddam
2921 1290 3030 1330 non
3069 1284 3175 1342 est,
3207 1292 3307 1333 nec
3336 1278 3418 1332 vel
3462 1294 3581 1332 ma-

2000 1363 2161 1420 xima:
2195 1364 2524 1434 prudentiae,
2557 1366 2643 1421 vel
2698 1364 2897 1421 indolis
2931 1367 3088 1422 valde
3134 1384 3437 1437 generosae,
3471 1384 3580 1424 non

1999 1453 2067 1507 ad
2101 1454 2308 1523 primos
2357 1469 2586 1524 operum
2629 1464 2797 1524 atque
2832 1457 3230 1523 cogitationum
3263 1459 3346 1528 (ut
3386 1459 3462 1513 ita
3499 1460 3584 1513 di-

1048 1194 1174 1249 AA'.

376 1286 626 1357 ’Υψηλόν
653 1305 716 1356 γε
756 1288 1033 1359 οὐδαμῶς,
1069 1252 1217 1343 οὐδὲ,
1238 1290 1506 1360 μεγίστης
1546 1289 1889 1361 φρονήσεως,

278 1377 419 1430 οὐδὲ
456 1378 664 1448 πολλῆς
701 1380 1107 1449 γενναιότητος,
1139 1380 1202 1432 τὸ
1250 1379 1328 1450 μὴ
1364 1381 1485 1445 ταῖς
1513 1380 1782 1451 πρώταις,
1816 1379 1893 1442 ὡς

278 1472 361 1524 ἄν
389 1490 480 1534 τις
515 1472 689 1533 εἴποι,
717 1472 828 1526 τῶν
864 1473 1045 1543 ἔργων
1098 1474 1195 1528 καὶ
1229 1474 1512 1544 λογισμῶν
1563 1474 1895 1529 ἐπιπνεύσε-

276 1580 379 1616 σιν
411 1563 678 1633 ἀκίνητόν
714 1583 837 1618 τινα
869 1566 1178 1634 γίγνεσθαι,
1201 1568 1251 1619 αἱ
1285 1564 1361 1636 μὴ
1396 1568 1490 1619 καὶ
1525 1567 1587 1619 τὸ
1624 1566 1896 1637 προσδρα-

281 1657 424 1724 μεῖν
461 1657 559 1710 καὶ
584 1658 944 1728 οἰκειωΘῆναι
975 1657 1141 1711 καλὸν
1168 1658 1233 1713 ἀν
1264 1659 1443 1722 εἴποις
1469 1657 1633 1721 εὐθὺς
1664 1658 1895 1728 φανέντι

278 1750 596 1820 πράγματι
638 1750 915 1820 βλαϐερῷ.
953 1752 1131 1804 Ὅπου
1194 1749 1304 1820 γὰρ
1359 1751 1622 1813 καὶ-τοίς
1677 1751 1897 1817 ἀλόγοις

1999 1545 2196 1612 xerim)
2248 1546 2463 1602 amatus
2496 1556 2550 1603 et
2584 1562 2752 1602 auras
2794 1547 3083 1602 immotum
3122 1565 3245 1604 sese
3286 1552 3576 1619 priebere:
3650 1540 3657 1551 ’

1999 1636 2106 1692 nisi
2136 1637 2279 1692 forte
2309 1630 2603 1708 pulchrum
2635 1655 2757 1694 esse
2785 1640 3012 1706 dixeris,
3048 1656 3176 1695 mox
3204 1642 3269 1696 ad
3307 1643 3579 1711 objectam

1999 1745 2114 1785 rem
2145 1731 2364 1786 noxiam
2390 1734 2704 1797 accurrere,
2726 1722 2891 1801 atque
2919 1734 3066 1786 illam
3091 1735 3276 1788 statim
3301 1736 3576 1806 amplecti.

248 1840 588 1909 ’ἐμπέφυκέ
616 1859 700 1906 τις
731 1843 911 1911 ἰσχὺς,
943 1841 1005 1894 τὸ
1043 1843 1328 1911 συμφέρον
1355 1842 1463 1895 ἀπὸ
1494 1841 1588 1895 τοῦ
1622 1841 1894 1913 βλάπτον-

2004 1820 2133 1875 Nam
2181 1837 2306 1876 eum
2350 1822 2516 1876 etiam
2554 1822 2740 1877 brutis
2774 1823 3153 1880 animantibus
3202 1842 3231 1879 ιι
3271 1838 3466 1882 natura
3499 1831 3579 1881 vis

2004 1913 2246 1940 ,ιι-...ιιιιηηιι
2289 1913 2354 1940 ..τι
2392 1914 2557 1940 ἔπλει..
2613 1928 2710 1940 ιη...
2742 1913 2884 1940 ...ηυι
2929 1915 3143 1940 Λ-ηΑᾸξι
3205 1932 3228 1940 Α
3292 1919 3452 1940 _-_.:-
3512 1922 3547 1940 ιε

274 1948 385 1992 τος
420 1932 807 2003 διακρίνουσα,
838 1933 907 1986 ἂν
954 1932 1092 2004 μηδὲ
1145 1933 1224 1995 εἰς
1276 1932 1393 1986 τσον
1432 1933 1616 1996 αὐτοῖς
1646 1931 1896 2003 ἔλθωμεν

276 2026 344 2078 οἱ
398 2025 550 2096 λόγῳ
608 2026 1199 2098 μόνοιητετιμημένοι,
1254 2026 1372 2080 ἀλλ’
1429 2027 1642 2097 ἀρκέσῃ
1702 2026 1808 2095 μὲν
1863 2027 1894 2095 ἡ

276 2119 466 2186 φύσις
498 2119 757 2186 ἐκείνοις,
793 2119 930 2190 παρ’
961 2122 1098 2191 ἡμῖν
1153 2120 1210 2174 δὲ
1250 2121 1344 2174 καὶ
1376 2121 1439 2174 τὸ
1468 2121 1693 2189 λογικὸν
1726 2120 1895 2174 ἀσθε-

278 2211 385 2275 νὲς
420 2214 594 2283 φανῇ,
633 2213 753 2276 πῶς
788 2215 890 2284 μὲν
923 2215 986 2268 οὗ
1040 2213 1290 2286 σχέτλιον
1343 2214 1585 2284 κομιδῆς
1635 2214 1753 2278 πῶς
1794 2214 1895 2266 οὐκ

2000 1913 2249 1983 quaedam
2287 1913 2357 1969 sit
2391 1914 2581 1979 indita,
2610 1928 2713 1983 qua
2740 1913 2887 1983 quod
2925 1915 3171 1983 expedit.
3202 1932 3232 1971 a
3292 1919 3458 1973 noxio
3496 1922 3582 1975 di-

2002 2016 2269 2063 scernunt
2300 2024 2314 2062 :
2343 2008 2435 2078 qui
2458 2024 2565 2063 non
2599 2008 2883 2077 indignum
2909 2011 3068 2065 valde
3088 2013 3182 2076 sit,
3211 2027 3319 2066 non
3348 2013 3582 2083 ignomi-

2000 2100 2106 2155 niae
2132 2100 2378 2170 plenum,
2409 2101 2454 2155 si
2495 2116 2618 2164 nos,
2649 2102 2741 2169 qui
2767 2101 2870 2156 soli
2901 2102 3116 2158 ratione
3154 2118 3350 2160 smnus
3378 2106 3580 2171 ornati,

2000 2206 2069 2246 ne
2095 2207 2255 2261 pares
2291 2192 2514 2261 quidem
2561 2191 2642 2247 eis
2677 2182 2876 2259 simus,
2909 2194 3005 2250 sed
3056 2194 3195 2265 ipsis
3228 2197 3450 2266 quidem
3487 2213 3585 2251 na-

2002 2292 2123 2339 tura
2154 2284 2415 2346 suﬂiciat.
2463 2286 2517 2340 in
2549 2286 2710 2342 nobis
2758 2296 2947 2344 autem
2988 2291 3220 2347 rationis
3251 2306 3472 2364 quoque
3501 2291 3584 2349 fa-

1998 2375 2177 2433 cultas
2207 2379 2565 2449 elanguescat

2671 2470 2891 2528 XXXV.

279 2304 573 2377 αἰσχύνης
607 2305 901 2361 ἀνάπλεων
918 2323 936 2373 ;

1033 2486 1163 2541 AE'.

381 2577 591 2652 Ἰέραξ,
637 2580 829 2648 ῐππος,
884 2580 1037 2650 ἰχθὺς
1074 2579 1219 2634 κατά
1265 2577 1448 2646 λόγον,
1478 2577 1540 2631 οὐ
1594 2576 1695 2630 σὺν
1749 2574 1893 2643 λόγῳ

2066 2561 2366 2634 Accipiter,
2389 2579 2587 2634 equus,
2619 2566 2790 2637 piscis
2811 2560 3117 2624 secundum
3140 2570 3437 2639 rationem,
3470 2586 3579 2627 non

284 2676 365 2730 τὰ
425 2676 787 2744 συμφέροντα
849 2673 1116 2743 πράττειν
1193 2670 1548 2740 πεφύκασιν
1610 2667 1755 2721 ὥστε
1812 2668 1894 2721 δεῖ

2004 2670 2120 2711 cum
2176 2656 2409 2724 ratione,
2446 2656 2628 2714 facere
2672 2660 2775 2714 sibi
2823 2661 3197 2718 conducibilia
3251 2663 3582 2720 naturaliter

268 2765 485 2835 ππολλῷ
524 2782 589 2834 γε
632 2764 840 2835 μᾶλλον
880 2764 1027 2833 ἡμᾶς
1052 2764 1151 2816 σὺν
1174 2763 1320 2832 λόγῳ
1348 2762 1620 2829 πράττειν
1652 2759 1720 2811 τὰ
1749 2758 1892 2811 κατά

2004 2747 2202 2802 solent.
2231 2747 2401 2804 Multo
2445 2750 2621 2821 magis
2656 2767 2760 2807 nos
2792 2751 2974 2808 facere
3012 2754 3212 2816 rationi
3243 2767 3577 2829 cosentanea

280 2859 499 2925 λόγον,
546 2858 990 2925 ἀπαιτουμένους
1049 2855 1204 2925 παρά
1265 2855 1367 2922 τῆς
1429 2852 1648 2920 φύσεως
1713 2850 1892 2920 ἀρχῆς

2004 2856 2118 2896 cum
2141 2841 2353 2898 ratione
2374 2842 2659 2910 debemus,
2681 2862 2710 2900 a
2740 2846 2941 2915 quibus
2965 2848 3080 2917 ipsa
3106 2856 3300 2903 natura
3321 2851 3579 2919 postulat,

285 2952 658 3022 βλαπτοὺσης
716 2951 1033 3022 ἀποπηδᾷν.
1081 2951 1157 3002 Uti
1222 2949 1329 3019 μὴν
1391 2947 1620 3009 ἐκείνοις
1677 2945 1889 3014 μέμψις

2004 2943 2055 2986 ιιι
2083 2947 2113 2986 a
2146 2934 2314 2987 noxio
2353 2935 2627 3004 principio
2660 2938 2828 2992 veluti
2858 2940 3197 2997 resiliamus.
3228 2941 3321 2997 illa
3353 2944 3578 3013 quidem

281 3044 509 3106 δικαία,
543 3042 705 3113 θυμῷ
749 3059 810 3095 τε
861 3046 957 3098 καὶ
1000 3040 1271 3112 ἐπιθυμίᾳ
1325 3038 1701 3094 δουλεύουσιν.
1753 3036 1891 3090 Οὐδὲ

2004 3024 2313 3092 reprehendi
2341 3027 2492 3081 nullo
2517 3027 2645 3096 jure
2667 3038 2925 3098 possunt,
2952 3046 3077 3085 cum
3111 3032 3206 3087 ira:
3246 3034 3577 3106 libidinique

284 3139 407 3208 γὰρ
442 3139 628 3208 ψυχὴν
655 3137 884 3207 λογικὴν
918 3137 1169 3206 ἡγεμόνα
1215 3134 1325 3190 τῶν
1357 3133 1536 3204 ἔργων
1566 3134 1886 3203 κέκτηνται.

2004 3112 2254 3179 serviunt,
2284 3130 2389 3168 non
2423 3117 2567 3171 enim
2591 3120 2827 3174 animam
2866 3120 3076 3176 ratione
3103 3124 3380 3192 praeditam
3409 3126 3583 3181 facto-

298 3202 495 3301 ἓΗμςὶς
525 3202 759 3301 λόγῳ
802 3202 1259 3298 κέκοσμῆμένους
1307 3202 1416 3297 χρῆ
1453 3226 1546 3279 τὸν
1585 3202 1893 3294 νοῦννήνίο-

2004 3216 2115 3256 rum
2169 3202 2363 3258 ducem
2392 3205 2613 3261 habent.
2648 3210 2719 3262 At
2748 3225 2850 3265 nos
2878 3210 2969 3280 qui
3007 3212 3221 3267 ratione
3251 3230 3448 3271 sumus
3478 3232 3574 3270 or-

286 3296 393 3393 χον
428 3296 741 3392 ἐπιστῆσαι.
773 3322 889 3382 τοῖς
939 3296 1597 3388 ἀλογωτέροιςητουτοισὶ
1640 3317 1894 3375 πάθεσιν,
2001 3296 2138 3393 ξιξηίν
2181 3307 2430 3393 ’τηθιῖ-ίυῖῃ
2482 3299 2763 3369 Ιπὶεδεθτθ
2812 3305 3237 3360 ωοάεηιΐὶοθηι
3286 3307 3578 3365 θηρειὶὺιιε

286 3386 366 3472 ἶν’
476 3416 542 3469 τὸ
590 3386 810 3483 λογικὸν
840 3386 1088 3485 ἐνεργὸν.
1121 3416 1216 3467 καὶ
1255 3413 1397 3466 κατά
1427 3411 1611 3480 χώραν
1651 3411 1791 3482 μένῃ
1834 3411 1894 3462 τὸ

2004 3386 2150 3442 hisce
2181 3387 2360 3443 brutis
2387 3400 2607 3460 oportet
2639 3411 2653 3448 :
2687 3402 2753 3448 ut
2779 3395 2857 3449 vis
2912 3396 3144 3452 rationis
3178 3397 3366 3452 cliicax
3398 3401 3494 3465 sit,
3525 3413 3579 3457 et

285 3478 501 3583 δῶρον,
532 3506 583 3578 ᾧ
612 3478 723 3564 τῶν
772 3478 953 3564 ἀλλωᾷ
982 3478 1329 3577 ’διιστάμεθα
1362 3478 1540 3571 ca...
1592 3478 1681 3567 ὀξ
1722 3478 1795 3574 ῆι
1826 3520 1893 3571 γε

2004 3478 2159 3533 donis
2186 3479 2319 3534 illud
2355 3480 2632 3537 incolume
2671 3485 2829 3540 nobis
2857 3497 3099 3552 maneat,
3131 3504 3240 3557 quo
3264 3491 3479 3545 caeteris
3509 3495 3578 3546 ah

291 3565 565 3671 ᾇερὲιτζοιέ
610 3601 747 3670 μηδὲ
797 3600 896 3671 τὴν
948 3598 1124 3668 ἀρχὴν
1175 3565 1462 3666 έίληφέναι
1505 3595 1605 3659 τὴν
1641 3565 1894 3662 γάρινίῆ

2004 3572 2369 3627 animantibus
2385 3575 2800 3645 distinguimur.
2820 3577 3090 3633 Nimirum
3109 3593 3417 3651 prmstaret,
3438 3585 3579 3638 hanc

290 3696 574 3758 λαῦόντας
614 3697 681 3749 ὲκ
728 3693 891 3759 Θεοῦ,
928 3693 1122 3748 ἔπειτα
1151 3690 1338 3754 κακῶς
1375 3688 1548 3757 αὐτὴν
1594 3688 1891 3741 διαθεῖναι.

2004 3665 2230 3733 gratiam
2278 3682 2381 3722 nos
2415 3683 2456 3731 ,α
2506 3668 2615 3723 Deo
2662 3686 2918 3739 prorsum
2956 3688 3067 3727 non
3106 3676 3383 3743 accepisse
3411 3692 3583 3747 quam

1033 3872 1175 3940 ΔΕΓ.

377 3966 598 4038 Ὠσπερ
648 3968 766 4030 τοῖς
818 3965 1039 4033 ἀλόγοις
1080 3966 1141 4018 τὸ
1200 3962 1347 4018 κατά
1402 3962 1585 4029 λόγον,
1619 3960 1766 4015 οὕτω
1801 3964 1894 4014 καὶ

295 4064 419 4124 τοῖς
469 4061 718 4127 λογικοῖς
763 4059 825 4112 τδ
869 4058 968 4112 σὺν
1012 4056 1175 4128 λόγῳ.
1209 4056 1367 4125 Ἔχει
1402 4056 1460 4108 δὲ
1503 4054 1893 4123 τουτὶκτοὺμὸν

301 4153 449 4207 πολὺ
480 4154 579 4207 καὶ
616 4152 806 4222 μεῖζον
834 4149 930 4204 τοῦ
962 4150 1087 4205 κατ’
1118 4150 1304 4203 ἐκεῖνα
1328 4163 1344 4178 ⁸
1382 4149 1464 4200 ὅτι
1498 4147 1799 4201 τοὺκείνων
1826 4146 1893 4200 ἂν

298 4250 394 4320 εἵη
426 4245 679 4315 φυσικῶς
717 4240 982 4296 τοιούτων
1019 4239 1335 4311 ὀρέγεσθαι,
1368 4238 1403 4293 ἀ
1437 4239 1498 4290 τὸ
1527 4238 1628 4308 ζῇν
1662 4238 1893 4301 ἐκείνοις

302 4343 619 4411 συνέστησι,
650 4337 745 4392 καὶ
775 4336 921 4388 ποιεῖ
954 4334 1011 4385 τὸ
1033 4337 1193 4401 γένος
1225 4332 1471 4399 διαρκεῖν
1495 4331 1890 4400 ἐπιμήκιστον.

300 4433 480 4489 Τοῦτο
524 4430 583 4483 δὲ
635 4427 733 4482 καὶ
786 4426 891 4496 τῆς
950 4425 1230 4495 ἡμετέρας
1284 4423 1402 4474 ἐστὶ
1452 4422 1691 4489 φύσεως.
1730 4421 1806 4475 Τὸ
1843 4421 1891 4475 δ’

1997 3763 2280 3825 acceptam
2322 3760 2463 3814 male
2496 3760 2788 3817 collocare.

2658 3852 2902 3908 XXXVI.

2068 3939 2187 3996 Non
2213 3942 2374 3998 aliter
2422 3954 2583 4012 atque
2623 3946 2816 4009 brutis.
2852 3948 2999 4017 quod
3042 3951 3347 4006 secundum
3403 3955 3571 4008 ratio-

1996 4048 2145 4099 nem,
2168 4035 2244 4089 ita
2264 4035 2474 4090 ratione
2497 4038 2757 4106 praeditis,
2779 4041 2922 4108 quod
2949 4056 3073 4094 cum
3100 4043 3330 4097 ratione.
3370 4042 3567 4099 Verum

1996 4124 2051 4178 in
2085 4140 2170 4179 me
2198 4127 2341 4193 quod
2374 4136 2477 4191 est,
2509 4129 2680 4183 multo
2713 4132 2889 4200 majus
2919 4143 3002 4187 est
3030 4149 3117 4197 eo,
3148 4139 3291 4202 quod
3325 4138 3379 4190 in
3415 4138 3571 4205 ipsis.

1991 4217 2129 4272 Nam
2171 4219 2225 4274 in
2260 4221 2343 4275 cis
2363 4231 2446 4276 cst
2477 4223 2742 4276 naturalis
2768 4224 3034 4290 ejusmodi
3059 4218 3242 4281 rerum
3272 4232 3567 4297 appetitus,

1993 4326 2115 4381 qua:
2146 4328 2233 4366 res
2268 4327 2458 4367 eorum
2492 4314 2615 4369 vitae
2654 4316 2909 4385 praesidio
2947 4328 3097 4383 sunt,
3135 4330 3189 4375 et
3217 4322 3478 4387 alliciunt,
3511 4334 3568 4378 ut

1993 4419 2163 4473 genus
2194 4406 2372 4473 ipsum
2422 4422 2585 4475 quam
2637 4408 2947 4464 diutissime
2996 4411 3174 4466 duret.
3215 4412 3330 4468 Hoc
3384 4426 3566 4469 autem

301 4527 580 4598 ἡμέτερον
608 4520 791 4582 αὐτοῖς
819 4517 1074 4586 οὐδαμῶς
1100 4517 1239 4572 ἐστι.
1277 4515 1351 4568 Τὸ
1395 4515 1494 4582 μὲν
1519 4516 1630 4585 γὰρ
1660 4515 1717 4567 ὲν
1748 4515 1890 4583 λόγῳ

2004 4505 2189 4552 nostra
2218 4513 2441 4567 quoque
2470 4508 2663 4555 natura
2710 4518 3002 4558 commune
3035 4521 3159 4560 eum
3199 4507 3333 4576 ipsis
3392 4510 3573 4571 habet,

438 4576 582 4668 κάτά
609 4576 804 4680 λόγον-⁸
835 4610 898 4661 τὸ
934 4576 992 4660 δὲ
1025 4576 1173 4659 κατὰ
1213 4606 1374 4674 λόγον
1395 4576 1508 4658 ὀὐκ
1643 4576 1888 4675 ἀνάγκαις

2004 4607 2122 4644 cum
2148 4592 2221 4673 ab
2250 4608 2336 4657 eo,
2377 4594 2524 4660 quod
2557 4604 2804 4664 nostrum
2831 4606 2937 4661 est,
2966 4598 3059 4652 illa
3085 4601 3241 4668 plane
3273 4601 3575 4656 destituam

304 4710 365 4760 έν
422 4702 691 4773 λόγῳ.οὐ
740 4702 853 4771 γὰρ
903 4699 1295 4765 ἀντιστρέφειν
1350 4696 1605 4767 ἀνάγκη·
1643 4698 1781 4758 ὅλως
1835 4697 1893 4750 δὲ

304 4796 466 4850 τουτὶ
515 4793 575 4846 τὸ
608 4793 785 4860 δῶρον
833 4787 1014 4858 ψυχῆς
1049 4785 1323 4839 ἀθανάτου
1376 4785 1545 4854 μόνης
1567 4801 1582 4817 ·
1620 4787 1800 4838 ἐκεῖνο
1833 4784 1892 4838 δὲ

306 4889 404 4941 καὶ
432 4885 651 4954 φύσεως
684 4879 1038 4949 ἀναισθήτου.
1069 4877 1274 4947 Πολλῆς
1303 4875 1396 4929 οὖν
1430 4877 1601 4945 γέμον
1629 4877 1894 4948 αἰσχύνης

306 4995 371 5032 τε
408 4977 505 5030 καὶ
552 4974 759 5044 ζημίας
793 4971 929 5040 μηδὲ
974 4969 1116 5022 κατά
1139 4968 1298 5035 λόγον
1337 4966 1461 5036 ζῇν,
1488 4965 1582 5029 οὓς
1618 4967 1795 5035 χρεὼν
1837 4968 1897 5019 ιν

307 5071 460 5140 λόγῳ
486 5068 653 5138 ζῆσαι
679 5085 692 5096 ’
732 5065 837 5120 οὐκ
864 5063 1174 5122 ἀπεικότως
1220 5060 1263 5112 δ’
1294 5060 1607 5125 ἂνγένοιτο
1638 5061 1754 5121 τοῖς
1793 5059 1896 5130 ζῇν

309 5162 458 5217 κατὰ
517 5162 588 5212 τὰ
640 5158 817 5223 ἄλογα
872 5152 1331 5224 προαιρουμένοις
1385 5151 1496 5203 τῶν
1549 5149 1788 5218 λογικῶν
1835 5152 1897 5203 τὸ

314 5254 443 5325 μηδ’
476 5253 559 5314 εἰς
597 5253 714 5305 ἴσον
748 5249 981 5308 ἐκείνοις
1015 5245 1298 5314 ἔρχεσθαι.
1334 5243 1546 5312 ’Υψους
1580 5244 1689 5313 γάρ
1718 5245 1895 5313 amp-

316 5344 590 5417 ραγέντας
639 5340 789 5411 ἡμᾶς
849 5337 1097 5397 ἑκόντας,
1131 5334 1277 5402 λέγω
1324 5334 1388 5404 δὴ
1422 5334 1517 5386 τοῦ
1564 5335 1703 5403 μετὰ
1734 5334 1932 5403 λόγουν

317 5438 528 5507 βιῶναι,
566 5435 668 5486 οὐκ
700 5431 931 5491 ἀπεικὸς
986 5427 1379 5497 παραδραμεῖν
1407 5426 1895 5495 καταφερομένους

313 5532 385 5583 τὰ
414 5527 557 5582 κατά
591 5523 775 5596 χώραν
807 5521 1039 5590 μένοντα
1066 5518 1176 5571 τῶν
1208 5516 1446 5583 ἀλόγων,
1486 5517 1583 5568 καὶ
1612 5516 1711 5581 τὴν
1741 5516 1895 5581 τάξιν

317 5622 572 5685 σώζοντα
603 5617 704 5687 τὴν
756 5614 995 5684 ἀξαρχῆς
1043 5610 1230 5672 αὐτοῖς
1263 5608 1579 5678 δεδομένην,
1612 5610 1706 5661 καὶ
1751 5608 1897 5661 κατά

315 5715 483 5777 λόγον
522 5710 765 5782 βιοῦντα.

2001 4692 2109 4735 tur.
2141 4680 2298 4747 Quod
2351 4684 2495 4737 enim
2558 4684 2612 4737 in
2668 4684 2904 4752 ratione,
2964 4687 3104 4742 idem
3166 4696 3220 4742 et
3269 4693 3570 4745 secundum
3681 4705 3685 4709 ‘

2001 4776 2310 4833 rationem:
2344 4764 2489 4848 quod
2527 4791 2710 4835 autem
2760 4782 3062 4837 secundum
3120 4784 3411 4849 rationem,
3463 4802 3573 4841 non

2000 4867 2164 4921 etiam
2185 4870 2497 4924 necessario
2513 4872 2566 4924 in
2585 4872 2834 4938 ratione;
2860 4874 3063 4941 quippe
3086 4889 3194 4927 non
3221 4887 3305 4929 est
3330 4891 3573 4945 necesse,

2003 4975 2232 5029 prorsus
2257 4971 2315 5017 ut
2349 4964 2453 5018 ista
2481 4978 2582 5019 ceu
2616 4966 2768 5032 paria
2829 4966 2932 5019 sibi
2968 4966 3362 5033 respondeant.
3395 4972 3571 5037 Atque

2003 5054 2105 5108 hoc
2137 5069 2270 5108 sane
2320 5055 2521 5109 donum
2574 5057 2852 5124 peculiare
2888 5057 3060 5110 solius
3126 5068 3213 5111 est
3248 5057 3577 5113 immortalis

2002 5147 2237 5201 auinne:
2272 5147 2406 5202 illud
2454 5157 2633 5202 autem
2698 5150 2751 5200 in
2807 5158 3054 5202 naturam
3110 5165 3331 5219 quoque
3378 5168 3577 5207 sensus

2001 5250 2278 5307 expertem
2329 5241 2495 5295 cadit.
2539 5238 2722 5309 Itaque
2777 5239 2934 5307 plena
2985 5256 3070 5294 res
3117 5252 3198 5296 est
3243 5241 3473 5313 insignis
3522 5253 3577 5297 et

2006 5332 2359 5397 turpitudinis
2411 5342 2466 5387 et
2519 5346 2695 5397 nimie,
2750 5347 2817 5386 ne
2856 5332 3220 5400 quidemeos
3267 5339 3572 5390 secundum

2005 5423 2267 5477 rationem
2304 5425 2506 5489 vivere,
2538 5423 2737 5491 quibus
2773 5421 2828 5475 in
2859 5438 2957 5476 usu
3006 5424 3233 5479 rationis
3281 5428 3574 5482 vivendum

2003 5522 2145 5569 erat.
2164 5514 2421 5582 Adeoque
2446 5530 2552 5567 non
2579 5514 2676 5568 abs
2708 5528 2763 5565 re
2788 5515 3075 5583 c0utigerit
3100 5515 3313 5571 ratione
3338 5518 3578 5584 praeditis

2005 5606 2097 5674 qui
2127 5606 2404 5661 brutmnm
2442 5620 2595 5659 more
2634 5606 2814 5659 vivere
2841 5607 3068 5672 malunt,
3101 5608 3276 5663 brutis
3309 5625 3376 5661 ne
3421 5623 3578 5676 pares

2004 5698 2227 5766 quidem
2262 5697 2595 5755 habeantur.
2625 5693 2760 5751 Nam
2785 5708 2981 5764 sponte
3007 5708 3196 5752 nostra
3230 5713 3330 5751 nos
3368 5702 3430 5752 de
3460 5708 3578 5754 cul-

319 5809 471 5866 mine
504 5804 729 5862 sublimi
760 5800 1025 5870 deiectos,
1057 5799 1204 5869 quod
1260 5796 1471 5854 scilicet
1507 5802 1595 5853 est
1640 5809 1765 5851 cum
1803 5794 2013 5850 ratione
2061 5792 2263 5857 virere.
2340 5790 2488 5851 acile
2556 5791 2812 5848 dabimus
2876 5793 3156 5861 praeterire
3213 5806 3409 5858 cursu,
3444 5794 3574 5849 dum
