3978 6616
444 333 549 396 343

1599 345 1700 403 MA
1713 346 1754 404 N
1771 346 1870 405 UE
1882 347 1996 406 Ll‘S
2036 346 2485 408 PALASOLUGI

3689 339 3795 402 344

441 445 747 515 praecipites
785 446 1016 510 ruimus,
1049 450 1209 503 etiam
1246 451 1475 507 rationis
1533 465 1780 523 expertes
1828 456 2030 511 bestias
2071 474 2193 528 qum
2243 475 2375 514 suos
2438 459 2579 512 intra
2631 457 2831 512 limites
2877 465 3122 521 manent,
3195 453 3629 523 ordinemque
3689 454 3794 509 sibi

445 543 825 612 praescriptum
853 543 922 598 ab
959 545 1118 600 initio
1189 559 1432 610 servant,
1464 558 1518 604 et
1567 551 1870 605 secundum
1925 553 2192 608 rationem
2243 556 2456 607 vivunt.

1078 637 1339 696 XXXVII.

443 823 646 876 bonum
681 821 910 891 impelli,
940 839 968 876 a
1003 824 1144 876 man
1171 825 1490 890 abhorrere,
1527 827 1815 895 diligenter
1840 829 2018 882 inten-

447 921 562 987 tum
591 924 721 966 esse
750 913 1050 982 profuturis
1097 915 1316 983 publice
1363 917 1544 971 rebus.
1604 919 1772 973 Amor
1826 918 2015 987 gloriae

445 983 819 1060 nobilissimus
853 1015 957 1070 est,
1006 1019 1061 1060 et
1092 1010 1185 1076 qui
1217 1023 1416 1064 causas
1446 1011 1593 1078 ipsas
1643 1021 1903 1076 sectatur,
1943 1012 2015 1066 ob

385 1134 401 1195 δ
441 1111 580 1164 quas
614 1099 863 1170 homines
899 1099 1048 1167 diligi
1087 1100 1280 1163 solent,
1333 1101 1591 1155 admirari
1646 1103 1888 1169 stabilia,
1936 1103 2015 1158 ri-

393 1187 413 1266 }
446 1193 575 1242 dere
607 1187 751 1241 ﬂuxa
782 1189 1002 1250 :odisse
1030 1191 1256 1254 malum,
1289 1193 1498 1246 honesti
1527 1192 1831 1247 studiosum
1856 1208 2010 1260 esse;

446 1288 574 1347 apte
652 1292 1030 1349 comparatum
1101 1297 1224 1338 esse
1291 1283 1360 1337 ad
1433 1284 1674 1350 bonmn,
1752 1301 2016 1356 versaque

447 1375 566 1426 vice
617 1373 683 1426 ad
735 1373 1075 1435 discendum,
1107 1389 1229 1443 quae
1254 1377 1392 1429 mala
1424 1386 1554 1431 sunt
1590 1379 1789 1445 inepte,
1828 1379 1935 1442 vel,
1967 1379 2013 1434 si

445 1465 639 1524 mavis.
660 1465 844 1518 animo
862 1481 1088 1534 prorsus
1113 1466 1382 1522 alieno.Et
1399 1469 1614 1537 quidem
1639 1470 1693 1522 in
1713 1470 1904 1538 primis
1922 1486 2012 1524 ar-

442 1556 735 1622 bitrabere,
759 1572 923 1624 quam
949 1558 1263 1626 longissime
1283 1559 1377 1613 tibi
1408 1561 1762 1616 recedendum
1786 1561 1854 1616 ab
1872 1563 2017 1632 ejus-

440 1648 586 1700 modi
615 1647 898 1714 doctrinis,
926 1649 1290 1719 discendaque
1326 1653 1582 1722 plurima,
1609 1668 1731 1722 quae
1755 1653 2014 1708 melioren

437 1737 648 1795 oflieere
675 1743 926 1810 possint:
961 1742 1344 1810 perfectiorum
1374 1744 1438 1798 ad
1477 1747 1762 1814 petendam
1796 1761 2017 1814 percep-

353 1863 356 1866 λ
446 1831 671 1897 tionem,
709 1843 760 1887 et
793 1833 1014 1900 quidem
1044 1835 1181 1888 adeo
1211 1835 1480 1900 sitienter,
1515 1852 1580 1890 ac
1611 1837 1655 1892 si
1683 1853 1906 1906 prorsus
1933 1837 2017 1890 lit-

439 1932 680 1976 terarum
715 1925 894 1977 studia
931 1941 1035 1978 non
1065 1927 1436 1993 degustasses.
1471 1929 1603 1982 Eum
1640 1944 1894 1998 namque,
1917 1944 2016 1983 cu-

517 726 749 796 lmperio
779 730 1152 785 convenientis
1183 732 1346 786 animi
1385 733 1594 787 fructus
1615 750 1774 789 verus
1809 745 1914 797 est,
1946 738 2015 791 ad
2090 757 2093 761 -

2848 640 2968 694 ΛΖ¹.

2188 737 2386 805 Ψυχῆς
2430 735 2645 806 καρπὸς
2694 733 2901 804 ἀληθὴς
2945 730 3251 804 ἡγεμονίᾳ
3319 727 3693 815 πρεποέσης
3755 731 3790 797 ἡ

2117 827 2254 897 πρὸς
2307 827 2548 896 τάγαθὸν
2611 828 2848 896 κίνησις,
2900 827 2931 894 ἡ
2993 823 3137 894 πρὸς
3201 821 3280 874 τὸ
3359 819 3564 874 κακὸν
3621 819 3788 872 ἀλλο-

2115 914 2364 988 τρίωσις,
2396 922 2428 988 ἡ
2469 919 2606 989 πρὸς
2645 918 2706 971 τὸ
2755 919 2909 988 κοινῇ
2964 918 3240 970 συνοῖσον
3301 913 3667 980 ἐπιμέλεια.
3719 913 3780 964 '0

2116 1009 2276 1078 δόξης
2332 1010 2470 1078 ἔρως
2521 1010 2550 1061 ὁ
2596 1009 3000 1078 γενναιότατος.
3032 1007 3062 1059 ὁ
3109 1005 3244 1061 τῶν
3298 1003 3418 1058 τοῦ
3481 1003 3779 1071 φιλεῖσθαι

2119 1099 2469 1170 προὶράσεων,
2501 1101 2561 1154 τὸ
2591 1101 2892 1168 θαυμάζειν
2939 1099 3260 1168 βεϐηκότα,
3308 1096 3384 1148 τὸ
3431 1098 3775 1166 καταγελᾷν

2119 1193 2374 1264 ῥεόντων,
2413 1192 2473 1245 τὸ
2505 1192 2874 1260 μισοπόνηρον
2907 1191 3002 1244 καὶ
3043 1187 3391 1256 φιλόκαλον
3446 1181 3648 1238 εἶναι’
3685 1187 3775 1237 sti-

2117 1285 2271 1356 φυῶς
2329 1285 2430 1354 μὲν
2488 1285 2637 1354 ἔχειν
2691 1285 2831 1354 πρὸς
2883 1281 2944 1336 τὸ
2991 1283 3190 1346 καλὸν,
3248 1279 3368 1334 καὶ
3433 1277 3772 1330 τούναντίον

2117 1378 2308 1447 ἀφυῶς
2341 1376 2481 1448 πρὸς
2509 1378 2610 1447 τὴν
2635 1377 2744 1430 τῶν
2776 1376 2963 1429 κακῶν
2997 1374 3260 1445 μάθησιν
3285 1389 3305 1404 ο
3346 1372 3407 1424 ει
3459 1370 3660 1438 βούλει
3690 1369 3765 1436 δὲ,

2117 1473 2212 1523 καὶ
2244 1469 2516 1540 ἀπεχθῶς.
2549 1470 2660 1523 Καὶ
2693 1469 2850 1522 τοῦτο
2879 1467 3026 1537 μάλα
3055 1483 3181 1528 πως
3217 1464 3372 1526 οἴει,
3403 1461 3766 1532 πορρωτάτω

2121 1563 2219 1632 μὲν
2258 1563 2482 1615 ἑστάναι
2525 1563 2634 1615 τῶν
2667 1561 2929 1615 τοιούτων
2960 1557 3379 1625 διδαγμὰτων.
3415 1554 3674 1606 πλεῖστα
3709 1550 3765 1604 δὲ

2119 1654 2506 1724 μεμαθηκέναι
2531 1654 2640 1707 τῶν
2673 1651 2868 1722 βελτίω
2890 1653 3064 1706 ποιεῖν
3097 1648 3468 1717 δυναμένων
3495 1660 3512 1675 ο
3549 1644 3758 1696 ἐθέλειν

2121 1749 2218 1816 μὲν
2286 1748 2576 1818 μανθάνειν
2625 1749 2694 1800 τὰ
2738 1743 3066 1815 τελεώτερα,
3119 1743 3238 1812 τῆς
3299 1741 3372 1794 δὲ
3441 1737 3755 1807 μαθήσεως

2115 1842 2296 1911 διψᾷν,
2323 1841 2513 1910 ὥσπερ
2543 1839 2608 1895 ἂν
2635 1841 2686 1892 el
2730 1839 2866 1908 μηδὲ
2910 1837 3009 1906 τὴν
3035 1835 3224 1907 ἀρχὴν
3268 1830 3562 1892 παιδείας
3595 1827 3750 1895 ἐγεύ-

2120 1952 2216 1987 σω.
2263 1936 2358 1986 Δεῖ
2397 1933 2528 2003 γὰρ,
2584 1930 2852 2002 μισοῦντα
2873 1929 2940 1984 τὰ
2983 1927 3151 1991 κακὰ,
3205 1924 3554 1994 ἀπλήστως
3605 1918 3746 1992 ἔχειν

433 2017 526 2086 jus
557 2024 685 2067 nutu
712 2015 1022 2084 iudicioque
1044 2019 1224 2088 populi
1244 2020 1536 2087 ducuntur,
1563 2031 1619 2074 ut
1643 2023 1821 2075 odisse
1853 2021 2016 2087 mala,

2123 2027 2259 2096 πρὸς
2289 2025 2359 2080 τὰ
2387 2025 2548 2091 καλὰ,
2576 2020 2636 2078 οὗ
2662 2026 2728 2095 τῇ
2754 2024 2923 2094 ψήφῳ
2955 2021 3076 2075 λαοὶ
3104 2018 3430 2092 φέρονται.

438 2108 519 2164 sic
539 2106 829 2164 insiitiabili
853 2112 1088 2180 quodam
1112 2112 1306 2166 all‘ectu
1331 2114 1472 2167 bona
1499 2115 1754 2183 prosequi
1775 2122 2009 2183 oportet.

1089 2204 1377 2262 XXXVIII.

513 2283 680 2345 Meris
706 2307 804 2360 pro
829 2293 992 2361 nugis
1010 2293 1315 2348 calumnias
1343 2295 1560 2362 habeto,
1597 2295 1696 2352 nisi
1721 2305 1777 2352 te
1811 2297 2012 2352 merito

441 2393 706 2451 tangant;
757 2395 922 2456 atque
964 2388 1065 2442 hoc
1128 2388 1397 2458 intelligo,
1434 2405 1560 2444 cum
1614 2391 1820 2461 aliquid
1882 2391 2010 2447 boni

440 2489 700 2546 praestare
757 2479 918 2545 licet;
954 2489 1009 2534 at
1051 2480 1166 2534 ﬁeri
1216 2482 1424 2550 nequit,
1470 2491 1530 2537 ut
1569 2497 1664 2538 eas
1707 2483 1819 2537 ullo
1855 2485 2012 2538 modo

440 2568 691 2639 cll‘ugias.
747 2570 957 2641 Quippe
993 2572 1038 2627 si
1088 2571 1289 2627 falsum
1329 2574 1537 2628 crimen
1601 2575 1760 2628 vitari
1817 2575 2009 2643 possit,

444 2676 638 2731 inagno
678 2662 728 2716 id
788 2677 922 2718 sane
959 2664 1356 2719 redimendum.
1414 2663 1551 2718 Nam
1611 2665 1845 2734 principi
1894 2667 2012 2720 viro

444 2769 511 2807 ne
530 2753 748 2823 quidem
778 2755 978 2824 injuste
1013 2757 1080 2809 de
1111 2770 1171 2811 se
1201 2755 1423 2826 querela
1458 2755 1868 2812 ﬂoccil‘acienda
1903 2767 2004 2812 est.

442 2843 640 2898 llultos
672 2845 814 2899 enim
849 2846 1196 2901 mendacium
1235 2847 1490 2916 perdidit,
1523 2856 1617 2918 aut
1648 2848 1694 2904 si
1735 2848 1871 2903 salvi
1897 2864 2014 2903 ma-

444 2944 659 2997 nerent,
697 2934 856 2988 laesit.
896 2935 1050 3000 Quod
1091 2935 1136 2990 si
1177 2951 1266 3006 res
1289 2937 1446 2990 aliter
1479 2939 1592 2991 ﬁeri
1618 2938 1827 3008 nequit,
1852 2937 2012 2994 factis

441 3024 686 3081 honestis
714 3026 986 3094 insistito;
1025 3029 1314 3098 potiusque
1343 3030 1427 3082 vir
1468 3030 1644 3085 bonus
1677 3046 1816 3094 esse,
1851 3045 2010 3098 quam

445 3115 631 3172 haberi
669 3117 825 3171 velis.
862 3118 1123 3188 Adeoque
1154 3120 1249 3174 tibi
1308 3121 1442 3174 satis
1465 3130 1603 3184 esto,
1644 3121 1688 3176 si
1731 3131 1782 3176 te
1809 3122 2009 3176 bonum

449 3221 594 3270 esse,
666 3208 796 3274 Deo,
837 3208 1050 3265 tibimet
1104 3210 1232 3280 ipsi,
1268 3211 1539 3281 bonisque
1592 3212 1726 3267 viris
1774 3222 2010 3278 constet,

2727 2207 2732 2210 ’
2839 2199 2971 2259 AH'.

2215 2294 2386 2348 Υθλον
2429 2293 2566 2364 ἡγοῦ
2613 2308 2714 2355 τας
2756 2273 3036 2352 δἰασολάςι
3085 2287 3142 2340 el
3185 2286 3276 2361 μή
3335 2301 3447 2337 σου
3508 2279 3737 2340 δικαίως

2113 2387 2500 2442 καθάπτοιντο.
2531 2385 2691 2451 Λέγω
2724 2383 2769 2436 δ’
2795 2384 2927 2437 ὅταν
2957 2383 3056 2452 μὲν
3090 2380 3186 2449 ὲξῇ
3220 2397 3283 2432 τι
3336 2376 3565 2448 πρᾶξαι
3601 2390 3732 2442 χρη-

2115 2480 2274 2532 στόν·
2310 2478 2524 2540 ὲκείνας
2571 2477 2629 2530 δὲ
2673 2477 2959 2546 ἀμήχανον
3003 2474 3308 2542 διαδρᾶναι
3377 2469 3730 2538 μογήσαντα.

2127 2572 2278 2624 Ἐπεὶ
2317 2572 2366 2622 εί
2419 2571 2596 2624 ἔνεστι
2655 2570 2853 2638 φυγεῖν
2905 2566 3087 2620 αἰτίαν
3137 2565 3249 2617 οὐκ
3303 2562 3720 2631 ἀληθεύουσαν,

2113 2663 2308 2718 πολλοῖς
2355 2679 2420 2730 γε
2469 2665 2574 2734 χρὴ
2599 2662 2761 2715 τοῦτο
2818 2659 3112 2731 πρίασθαι.
3145 2661 3254 2712 Δεῖ
3298 2659 3424 2727 γὰρ
3463 2654 3607 2726 μηδὲ
3635 2651 3732 2720 τὴν

2113 2758 2297 2810 ἄδικον
2355 2755 2563 2826 μέμψιν
2611 2754 2770 2824 παρὰ
2816 2751 3019 2821 φαῦλον
3069 2751 3234 2819 ἄγειν
3292 2751 3400 2802 τὸν
3459 2748 3717 2816 ἄρχοντα.

2115 2849 2352 2912 Πολλοὺς
2381 2849 2489 2916 γὰρ
2523 2846 2720 2916 ψεῦδος
2767 2845 3098 2914 διέφθειρεν,
3134 2843 3167 2912 ἢ
3207 2843 3318 2896 καὶ
3363 2841 3718 2908 σωζομένους

2113 2946 2396 3014 ἠδίκησεν.
2436 2943 2500 2994 El
2545 2941 2589 2994 δ’
2621 2943 2720 3010 οὐχ
2769 2935 2882 2994 οἷόν
2927 2955 2987 2992 τε
3036 2937 3200 2992 τοῦτο
3255 2936 3562 3005 γενέσθαι,
3593 2933 3711 2999 ἔχου

2113 3038 2221 3090 τῶν
2275 3035 2456 3090 καλῶν
2496 3035 2696 3104 ἔργων,
2725 3031 2865 3086 εἶναι
2926 3032 3131 3101 μᾶλλον
3186 3030 3455 3102 χρηστὸς
3485 3029 3646 3095 ἀνὴρ.
3683 3021 3714 3090 ἢ

2114 3131 2432 3200 νομίζεσθαι
2459 3129 2652 3182 θέλων.
2701 3127 2994 3198 ’Ᾱγαπῴης
3017 3124 3062 3178 δ’
3095 3125 3184 3187 ἂν,
3217 3123 3352 3191 Θεῷ
3377 3121 3552 3181 καλὸς
3578 3133 3712 3185 γνω-

2119 3224 2423 3295 ριζόμενος,
2457 3223 2555 3276 καὶ
2605 3220 2808 3290 σαυτῷ,
2858 3219 2954 3272 καὶ
3003 3219 3117 3279 τοῖς
3167 3217 3422 3283 ἀγαθοῖς
3465 3211 3581 3264 τῶν
3620 3212 3708 3262 ἁν-

443 3314 584 3367 quos
626 3300 796 3355 latere
833 3300 920 3356 diu
974 3318 1080 3356 non
1125 3304 1352 3370 poteris,
1388 3304 1642 3384 etiam‘si
1694 3304 1848 3360 velis.
1902 3305 2014 3360 lloc

2120 3316 2282 3384 δρῶν,
2310 3313 2402 3378 οὒς
2456 3315 2515 3366 ού
2575 3313 2800 3366 δυνατὸν
2851 3310 3142 3364 λανθάνειν
3197 3307 3299 3361 ἐπὶ
3354 3303 3583 3377 μακρῷ,
3612 3299 3708 3353 κᾶν

443 3408 665 3462 quoque
704 3392 991 3462 cogitabis,
1037 3396 1200 3450 rebus
1235 3395 1511 3456 omnibus.
1547 3412 1669 3467 qua:
1706 3413 1828 3453 esse
1878 3414 2015 3468 pra:-

443 3485 797 3540 stantissimae
817 3487 1094 3552 videntur,
1135 3487 1341 3556 aliquid
1385 3487 1548 3542 etiam
1593 3489 1874 3545 adhaerere
1904 3506 2011 3545 non

449 3576 599 3629 boni.
630 3575 692 3630 Et
722 3585 986 3644 potestate
1015 3577 1292 3647 praeditos,
1356 3578 1556 3646 quibus
1582 3587 1770 3648 aperte
1812 3589 2016 3632 morta-

449 3670 527 3725 les
555 3670 825 3726 assentari
857 3681 1280 3734 consueverunt,
1313 3685 1409 3724 ceu
1446 3671 1814 3726 necessarium
1851 3670 2014 3739 quid-

445 3764 596 3820 dam.
620 3762 1054 3817 obtrectationes
1079 3762 1432 3817 clandestinae
1454 3763 1806 3818 comitantur.
1835 3763 2016 3818 Enim-

445 3870 574 3910 vero
609 3856 654 3909 si
690 3871 813 3909 vera
850 3858 913 3909 de
952 3863 1002 3908 te
1055 3863 1384 3926 sparguntur
1440 3857 1696 3921 crimina,
1751 3857 2018 3925 patienter

445 3947 610 4012 feras,
665 3959 716 4002 et
777 3947 1006 4016 lcipsum
1069 3947 1310 4016 corrige;
1371 3961 1580 4016 proque
1615 3947 2014 4002 beneﬂcionon

448 4039 753 4094 voluntario
814 4038 1000 4094 ducito
1072 4038 1434 4093 correctionis
1497 4039 1860 4092 occasionem.
1919 4038 2015 4092 Sin

446 4133 598 4188 falsis
634 4128 1240 4201 conviciis'exagitaris,
1279 4129 1594 4186 consoletur
1633 4140 1686 4184 te
1740 4130 2013 4196 Christus,

448 4226 540 4294 qui
574 4225 846 4294 ejusmodi
887 4226 1055 4278 multa
1085 4239 1377 4293 perpessus
1413 4233 1518 4284 est,
1561 4231 1616 4277 et
1643 4223 1824 4277 adhuc
1876 4225 2018 4292 pati-

449 4328 574 4372 tur:
613 4332 677 4371 ac
711 4329 995 4385 praeterea,
1040 4315 1185 4386 quod
1214 4315 1319 4369 alia
1353 4313 1599 4384 quamam
1640 4324 1751 4375 tua,
1789 4313 2018 4370 fortasse

450 4427 559 4466 non
613 4410 764 4476 talia,
821 4409 1004 4478 qualia
1063 4408 1336 4464 debebant
1385 4423 1528 4474 esse,
1589 4409 1673 4462 vel
1743 4409 2019 4478 aliquibus

450 4504 633 4570 ignota
661 4503 789 4565 sint,
824 4501 904 4554 vel
929 4500 1205 4555 omnibus.
1244 4498 1368 4555 Haec
1404 4515 1534 4571 ergo
1557 4499 1655 4570 pro
1700 4500 1822 4556 istis
1857 4516 2018 4572 repo-

450 4609 570 4658 nas,
602 4599 659 4648 et
694 4591 906 4646 facilius
941 4590 1241 4645 calumnias
1290 4588 1454 4644 feres.

1109 4681 1356 4740 XXXIX.

519 4775 779 4834 Iuniores
834 4778 1135 4844 priscorum
1182 4775 1468 4832 sententiis
1527 4790 1626 4830 ceu
1666 4775 2022 4832 fundamento

450 4873 688 4942 quodam
724 4879 957 4936 utentes,
985 4870 1032 4925 si
1061 4869 1190 4938 quid
1211 4869 1706 4939 ampliuspossint,
1729 4883 2020 4926 exstruere

451 4966 672 5020 debent.
699 4962 764 5016 Et
793 4962 1010 5032 quidem
1047 4974 1148 5031 ego
1187 4962 1460 5016 neminem
1505 4961 1750 5015 omnium
1783 4962 2022 5016 arbitror
2051 5029 2057 5042 ι,

453 5057 650 5111 merito
682 5071 782 5110 nos
818 5057 1217 5119 incusaturum,
1249 5053 1294 5108 si
1323 5054 1530 5121 priscos
1565 5052 1689 5107 illos
1725 5054 2019 5120 intuentes,

449 5163 752 5217 eorumque.
789 5157 1054 5216 praecepta
1102 5161 1200 5214 pro
1251 5145 1533 5214 principiis
1567 5145 1852 5208 habentes,
1917 5161 2019 5200 no-
2063 5186 2084 5214 η.

453 5256 570 5300 stra
605 5242 974 5310 perﬁciamus.
1009 5239 1239 5307 Quidam
1267 5252 1398 5308 ergo
1437 5237 1521 5292 vir
1546 5237 1774 5307 insignis
1801 5237 1890 5291 cui
1921 5253 2023 5292 no.-

456 5351 576 5389 men
607 5333 966 5403 Pythagoras,
1008 5331 1180 5395 dixit:

452 5449 527 5504 Οὐ
555 5446 856 5516 malefacta
883 5445 1088 5513 dolens,
1122 5457 1170 5502 te
1200 5449 1486 5519 castigato,
1509 5447 1737 5519 vicissim
1756 5451 1896 5519 recta
1930 5459 2022 5496 ιιοο

519 5555 526 5560 .
713 5514 719 5516 ⁷
1339 5514 1360 5519 ⁷
1472 5514 1478 5516 ⁷
1579 5514 1956 5588 [ιυριαιίεὶπι.

451 5607 686 5662 Carmen
720 5609 919 5676 ipsum,
953 5621 1085 5660 sane
1117 5607 1650 5674 praestantissimum,
1685 5605 2018 5675 appellatum

449 5711 534 5754 est
563 5715 812 5755 aureum.
847 5698 1004 5754 Esset
1042 5708 1246 5764 autem,
1306 5713 1422 5753 mea
1470 5699 1685 5768 quidem
1741 5696 2022 5766 opinione,

455 5795 624 5866 magis
653 5809 887 5859 aureum
935 5801 989 5848 et
1041 5789 1337 5864 perfectius
1374 5830 1386 5855 ,
1427 5792 1470 5845 si
1533 5797 1795 5853 moneret,
1851 5787 2020 5841 absti-

2118 3408 2329 3479 ιθέλῃς.
2376 3404 2645 3476 Ἐνθυμοῦ
2693 3405 2752 3458 δὲ
2804 3406 3045 3468 κάκεῖνο,
3077 3403 3157 3454 ὅτι
3210 3402 3358 3455 πᾶσι
3410 3398 3707 3466 πράγμασι

2117 3505 2229 3565 τοῖς
2267 3497 2515 3572 ἀρίστοις
2559 3495 2700 3550 εἶναι
2743 3497 2964 3549 δοκοῦσι
3023 3494 3234 3562 συνέφυ
3279 3509 3338 3545 τι
3371 3488 3474 3544 καὶ
3510 3485 3617 3538 τῶν
3648 3480 3704 3532 οὗ

2118 3594 2300 3648 καλῶν
2319 3611 2332 3625 ·
2361 3593 2453 3645 καὶ
2486 3593 2606 3652 ταῖς
2637 3588 2910 3655 ἐξουσίαις
2951 3587 3015 3640 τὺ
3041 3586 3289 3654 φανερὸν
3326 3572 3704 3640 κολακευομέ-

2118 3703 2238 3748 ναις
2261 3684 2322 3753 τὸ
2370 3683 2558 3753 κρύφα
2602 3681 2963 3751 διασύρεσθαι
2997 3679 3072 3742 ὥς
3123 3695 3175 3730 τι
3225 3676 3347 3729 τῶν
3383 3667 3702 3739 ἀναγκαίων

2121 3751 2420 3844 ἐφέπεέαιί
2446 3773 2589 3826 Ἀλλ’
2624 3773 2672 3823 εί
2720 3773 2820 3839 μὲν
2865 3769 3083 3837 ἀληθῶς
3127 3768 3430 3837 διαϐάλλῃ,
3465 3763 3598 3831 φέρε
3641 3773 3697 3810 τε

2119 3870 2214 3922 καὶ
2254 3837 2496 3936 διορθοῖ»,
2545 3868 2640 3919 καὶ
2694 3866 3013 3933 εὐεργεσίαν
3064 3862 3327 3917 ἀκούσιον
3377 3859 3570 3926 νόμιζε
3605 3851 3698 3919 τὴν

2118 3962 2218 4029 τῆς
2249 3959 2591 4028 διορθώσεως
2621 3959 2894 4026 ἀφορμήν.
2919 3957 2979 4009 Ei
3009 3958 3064 4010 δὲ
3102 3955 3163 4024 δὴ
3187 3954 3408 4024 ψευδῶς
3445 3947 3691 4014 διατύρῃ.

2120 4048 2555 4120 παραμυθείσθω
2607 4066 2666 4101 σε
2722 4049 2974 4116 Χριστὸς,
3005 4049 3140 4098 πολὺ
3186 4046 3346 4098 τουτὶ
3388 4039 3577 4094 παθών
3614 4051 3688 4091 τε.

2121 4141 2213 4195 καὶ
2255 4140 2334 4193 ἔτι
2365 4141 2590 4210 πάσχων
2613 4154 2630 4170 ο
2671 4140 2765 4193 καὶ
2813 4139 2894 4191 ὅτι
2948 4139 3112 4205 ἕτερα
3150 4138 3259 4189 τῶν
3291 4135 3403 4188 σῶν
3435 4134 3535 4185 οὐκ
3567 4129 3688 4180 ὄντα

2122 4235 2252 4296 ῖσως
2285 4227 2480 4303 οἷάπερ
2531 4231 2722 4301 ἐχρῆν,
2766 4230 2958 4298 λέληθέ
3007 4245 3185 4292 τινας,
3235 4229 3272 4300 ἢ
3323 4226 3420 4278 καὶ
3466 4223 3684 4276 πάντας.

2121 4325 2288 4376 Ταῦτ’
2320 4323 2550 4387 ἐκείνοις
2603 4324 2874 4386 ἀνατίθει,
2911 4321 3005 4377 καὶ
3055 4323 3187 4393 ῥᾷον
3215 4321 3392 4380 οῖσεις
3427 4325 3686 4379 συκοφαν-

2120 4416 2405 4486 τούμενος.

2847 4679 2963 4734 ΛΘ’.

2198 4774 2318 4843 Χρὴ
2346 4773 2597 4841 θεμέλιον
2623 4773 2846 4843 ἔχοντας
2874 4771 2988 4825 τῶν
3027 4770 3403 4842 ἀρχαιοτέρων
3427 4765 3525 4826 τὰς
3548 4755 3679 4828 γνώ-

2129 4884 2236 4938 μας
2258 4869 2385 4928 τοὺς
2413 4866 2732 4933 νεωτέρους,
2755 4865 3062 4934 οἰκοδομεῖν
3096 4863 3152 4918 εἴ
3173 4882 3228 4917 τι
3275 4863 3541 4917 δύναιντο.
3574 4850 3673 4906 Καὶ

2128 4958 2254 5028 μηδ’
2275 4960 2339 5012 ἂν
2363 4959 2458 5010 ἕνα
2483 4958 2590 5011 τῶν
2615 4960 2837 5011 πάντων
2861 4959 2970 5024 ἐγὼ
3000 4957 3207 5026 νομίζω
3238 4954 3454 5025 γραφὴν
3472 4945 3673 5002 δικαίαν

2077 5093 2086 5127 ζ
2126 5054 2257 5122 ἡμῖν
2289 5051 2552 5110 ἐποίσειν.
2585 5050 2633 5102 εἰ
2670 5050 2806 5120 πρὸς
2849 5052 2976 5115 τοὺς
3012 5052 3404 5119 παλαιοτέρους
3431 5043 3667 5127 ὀρῶντξςν

2125 5139 2222 5190 καὶ
2249 5138 2514 5190 τάκείνων
2543 5139 2718 5209 ἀρχὰς
2753 5141 3090 5208 ποιούμενοι,
3124 5142 3191 5194 τὰ
3221 5139 3466 5208 ἡμέτερα
3501 5124 3666 5182 αὐτῶν

2125 5231 2466 5299 ὲνεργοῖμεν.
2502 5231 2649 5300 Ἔφη
2697 5231 2790 5285 οὖν
2822 5249 2928 5296 τις,
2964 5234 3109 5302 μάλα
3143 5233 3302 5302 ἀνὴρ,
3355 5219 3656 5288 Πυθαγόρας

2123 5321 2366 5389 τοῦνομα
2388 5339 2404 5354 ο

2126 5437 2298 5492 Δεινὰ
2317 5434 2436 5505 μὲν
2473 5439 2805 5508 ἐκπρήξας,
2851 5438 3236 5508 ἐπιπλήσσω
3258 5455 3271 5468 ο
3307 5418 3654 5577 υθέ.

2135 5604 2243 5658 Καὶ
2267 5603 2328 5655 τὸ
2350 5602 2479 5664 ἔπος
2507 5601 2728 5671 ἄριστον
2751 5599 2836 5662 ὃν,
2861 5599 3296 5670 προσηγόρευται
3322 5580 3657 5667 χρυσοῦν.Ἦν

2141 5696 2188 5750 δ’
2243 5695 2308 5748 ἂν
2367 5691 2522 5763 οἶμαι
2578 5692 3020 5761 χρυσειδέστερον
3079 5692 3160 5744 ἔτι
3218 5694 3313 5744 καὶ
3363 5680 3656 5774 τελεώτερον

2132 5788 2434 5860 ἀπέχισθαι
2473 5787 2570 5861 μὲν
2597 5785 2706 5840 τῶν
2747 5784 2955 5856 κακῶν,
2989 5785 3098 5838 τῶν
3119 5785 3176 5839 δὲ
3211 5781 3496 5839 καλλίστων
3533 5778 3652 5834 πρυτ⁸
