3978 6652
419 351 527 416 347

1592 316 1995 413 MANiJELts
2031 348 2495 413 PAL/EOLOGI‘

3573 344 3707 414 348

417 465 545 534 pitis
574 463 776 518 habere
795 461 1089 526 rationem,
1116 460 1165 516 si
1196 461 1404 516 salvum
1434 477 1554 518 esse
1574 464 1734 519 debet
1764 466 1993 532 animal,

2126 467 2226 523 rOat
2253 469 2321 522 τὰ
2352 471 2509 539 μέλη,
2542 471 2589 523 εί
2630 471 2714 525 δεῖ
2751 471 2814 526 τὸ
2864 473 3013 538 ζῶον
3035 470 3412 535 συνίστασθαι,
3444 470 3548 524 καὶ
3582 470 3696 539 τὴν

416 559 806 624 integrumque
835 554 1174 609 conservari.
1208 553 1341 608 Nam
1372 557 1704 619 membrum.
1734 560 1880 627 quod
1911 575 1997 612 re-

386 658 631 704 'seCtuttt
664 658 770 711 est.
811 657 1164 717 posteaquam
1201 648 1536 717 reliquorum
1557 667 1586 702 tt
1607 633 1876 704 societate
1910 664 1998 705 re-

419 743 661 803 vulsum,
693 757 943 804 seorsum
976 757 1098 795 esse
1130 741 1273 807 cepit
1303 759 1317 805 ;
1351 742 1452 794 hoc
1486 741 1606 810 ipso
1658 742 1871 797 scilicet
1911 751 1997 797 est

419 845 718 888 mortuum.
783 832 928 887 idem
957 834 1120 901 capiti
1154 849 1182 886 a
1210 834 1470 890 membris
1491 834 1763 904 dirempto
1781 837 1998 890 contin-

419 940 544 993 gere
573 940 799 980 necesse
823 934 930 990 est;
959 928 1158 994 quippe
1179 941 1277 981 nec
1294 933 1462 995 caput
1496 942 1592 983 nec
1636 928 1876 982 membra
1918 929 2002 982 vi-

417 1030 544 1071 vere
565 1032 814 1071 seorsum
844 1030 1095 1087 possunt.

1111 1110 1272 1164 κων

491 1221 726 1276 Omnino
749 1223 965 1276 diﬂirilc
985 1234 1062 1275 cst
1083 1242 1231 1287 eum,
1252 1227 1344 1293 qui
1372 1228 1588 1293 paulum
1608 1227 1735 1295 quid
1760 1229 1885 1282 ntali
1906 1231 2001 1282 tle—

417 1313 675 1382 signavit,
711 1330 813 1366 non
844 1315 897 1366 in
925 1315 1128 1381 majora
1161 1318 1287 1369 vitia
1335 1318 1437 1370 labi
1476 1320 1662 1373 :velut
1716 1336 1862 1383 eum,
1908 1322 2000 1389 qui

417 1406 543 1459 boni
570 1404 701 1471 quid
729 1404 1019 1466 fecithnon
1048 1409 1212 1460 etiam
1263 1410 1486 1464 meliore
1554 1411 1738 1477 potiri.
1790 1412 2002 1480 Quippe

419 1498 619 1552 factum
651 1499 903 1552 vitiosum
938 1515 1075 1554 noxa
1105 1501 1425 1565 comitatur,
1461 1517 1524 1556 ac
1548 1505 1752 1558 malum
1781 1508 2004 1573 grav-ius

420 1588 604 1644 edicit.
637 1588 777 1655 Ipsae
804 1604 935 1643 vero
955 1592 1230 1653 resbonae,
1263 1603 1471 1645 calente
1493 1596 1776 1665 cujusdam
1796 1598 1993 1659 instar,

422 1682 654 1737 invicem
680 1682 980 1748 cohaerent,
1000 1682 1162 1751 cujus
1183 1684 1363 1751 aliqua
1390 1698 1518 1753 pars
1539 1686 1873 1754 apprehendi
1897 1703 2002 1741 non

422 1783 624 1846 potest.
655 1774 790 1841 quin
815 1774 1065 1843 proxima
1093 1790 1311 1843 quoque
1332 1792 1425 1845 per
1452 1792 1571 1831 eam
1604 1780 1768 1833 simul
1801 1795 2001 1849 appre-

322 1902 345 1909 --
423 1865 713 1929 ttendatur,
742 1880 806 1920 ac
837 1879 934 1934 per
963 1864 1122 1920 istam
1160 1881 1353 1921 rursus
1384 1868 1487 1921 alia
1510 1886 1524 1933 ;
1548 1882 1645 1937 per
1695 1871 2000 1938 quamlibet

416 1958 657 2027 denique
701 1968 932 2028 partem,
959 1957 1286 2027 simpliciter
1311 1974 1525 2016 omnes.
1585 1967 1828 2019 Intentus
1862 1980 1998 2034 ergo

419 2048 581 2102 lactis
617 2047 915 2116 praeclaris,
941 2056 996 2102 et
1039 2048 1267 2117 gloriam
1319 2050 1674 2118 patientibus,
1720 2067 1852 2108 eave
1911 2056 1997 2109 vel

422 2135 711 2190 minimum
737 2136 871 2203 quid
891 2136 1164 2192 illaudata:
1192 2137 1266 2191 rei
1288 2143 1580 2208 peregeris.
1602 2140 1835 2197 Habitus
1856 2145 2003 2199 enim

421 2242 454 2281 a
485 2226 667 2295 parvis
688 2227 925 2295 orditur,
944 2243 1237 2298 rerumque
1257 2230 1609 2286 minimarum
1635 2235 2005 2301 accessiones,

426 2321 529 2376 nisi
552 2319 828 2391 quoddam
855 2320 1159 2376 intercedat
1187 2322 1663 2390 impedimentum,
1710 2327 1763 2380 in
1818 2327 2002 2383 inﬂui-

425 2420 540 2465 tum
572 2412 1162 2481 progressaetmaxima
1179 2428 1400 2484 quoque
1428 2430 1665 2486 corpora
1693 2420 2007 2475 necessario

426 2504 793 2573 superabunt.

1133 2597 1297 2654 XLV.

501 2707 646 2764 Fieri
686 2710 980 2781 prml‘cctus
1004 2713 1183 2782 cupis,
1209 2713 1478 2784 bonisque
1526 2716 1784 2772 maximis
1818 2716 2004 2787 potiri.

431 2804 663 2873 pmcipe
693 2803 878 2857 animo
906 2812 1020 2868 tuo,
1072 2819 1141 2858 ne
1193 2805 1554 2875 cogitationes
1601 2808 1688 2863 vel
1746 2809 2004 2880 exiguum

435 2894 669 2948 fructum
696 2896 961 2950 allaturas
991 2896 1261 2963 negligat:
1294 2899 1389 2953 sed
1422 2899 1676 2954 admittat
1698 2901 1877 2955 omnia
1906 2915 2006 2955 cu-

435 2985 582 3055 pide,
616 2986 818 3056 quibus
837 2988 1095 3044 meliores
1125 2989 1416 3046 elﬁcimur.
1437 2992 1493 3047 Si
1522 2995 1652 3062 quid
1680 3003 1863 3047 autem
1887 2994 2007 3048 ani-

434 3076 508 3131 mi
542 3082 947 3132 contentionem
976 3080 1060 3133 vel
1092 3095 1283 3149 parum
1317 3083 1547 3149 relaxat,
1572 3100 1636 3139 ac
1668 3100 1778 3153 quo
1825 3085 2006 3140 minus

2099 561 2426 630 ὁλοκληρίαν
2486 563 2667 633 ἑαυτῷ
2715 566 3067 635 περισώζειν.
3098 565 3175 617 Τό
3234 582 3291 618 τε
3321 564 3431 634 γὰρ
3466 562 3699 632 τμηθὶν

2099 652 2207 704 τῶν
2239 653 2440 721 μελῶν,
2496 654 2597 723 τῆς
2637 657 2947 726 κοινότητος
2980 657 3215 718 ὲκστὰν,
3249 657 3342 710 καὶ
3374 656 3504 709 καθ’
3546 655 3699 713 αὐτὸ

2102 741 2357 806 γεγονὸς,
2406 742 2555 812 αὐτῷ
2604 759 2667 811 γε
2706 744 2881 815 τούτῳ
2912 745 3263 819 νενέκρωται.
3297 747 3409 799 Καὶ
3462 747 3700 812 κεφαλὴ

2102 831 2211 883 τῶν
2237 832 2416 901 μελῶν
2443 836 2774 904 χωρισθεῖσα
2826 836 2971 889 τοῦτ’
3011 836 3078 891 ἂν
3117 837 3275 900 εὐθὺς
3320 836 3506 892 πάθοι.
3563 837 3703 906 Zur};

2104 922 2214 994 γὰρ
2234 922 2363 977 οὔτε
2395 926 2606 997 κεφαλῇ
2618 962 2633 989 ,
2668 927 2791 981 οὔτε
2818 928 3031 998 μέλεσι,
3062 928 3247 1000 χωρίς.

2827 1112 2879 1163 Μ
2885 1112 2956 1164 Δ’.

2179 1218 2433 1272 Χαλεπὸν
2484 1223 2717 1290 σμικρόν
2756 1239 2809 1274 τι
2857 1223 3142 1287 πράξαντα
3181 1225 3291 1278 τῶν
3338 1225 3555 1286 κακῶν.
3619 1227 3704 1295 μὴ

2106 1312 2218 1371 τοῖς
2275 1311 2487 1378 μείζοσι
2521 1317 2871 1381 περιπεσεῖν·
2919 1314 3108 1383 ὥσπερ
3155 1315 3248 1370 καί
3301 1333 3354 1369 τι
3406 1317 3585 1369 καλὸν
3621 1317 3704 1387 μὴ

2112 1404 2405 1471 μετασχείν
2446 1401 2542 1456 τοῦ
2571 1402 2865 1471 βελτίονος.
2896 1408 3054 1477 Κακῇ
3084 1408 3198 1475 γὰρ’
3226 1407 3426 1477 πράξει
3465 1408 3533 1462 τὸ
3568 1409 3711 1478 βλά-

2108 1509 2242 1545 πτον
2272 1492 2576 1557 ακολουθεῖ,
2610 1495 2701 1547 καὶ
2744 1496 2805 1548 τὸ
2833 1496 3006 1550 δεινὸν
3035 1498 3332 1565 ἐργάζεται
3361 1498 3704 1568 χαλεπώτεο

2110 1600 2223 1654 ρον.
2263 1585 2448 1637 Ἔοικε
2481 1584 2537 1637 δὲ
2581 1587 2649 1638 τὰ
2679 1586 2861 1653 ἀγαθά
2914 1588 3076 1659 σειρᾷ
3126 1588 3372 1658 ἀλλήλων
3422 1590 3703 1659 ἐχόμενα,

2107 1669 2175 1744 ἦς
2206 1677 2305 1727 οὐκ
2342 1676 2422 1729 ἐνι
2471 1676 2671 1746 μέρους
2707 1678 3026 1747 λαῦόμενον,
3071 1678 3146 1749 μὴ
3188 1681 3255 1733 δι’
3289 1680 3503 1735 ἐκείνου
3533 1683 3707 1736 λαϐέ-

2111 1764 2232 1817 σθαι
2263 1783 2381 1829 πως
2413 1768 2507 1820 καὶ
2531 1768 2627 1821 τοῦ
2658 1769 3071 1840 πλησιάζοντος,
3109 1774 3203 1826 καὶ
3227 1772 3296 1825 δι’
3329 1773 3546 1826 ἐκείνου
3594 1777 3707 1827 πά-

2104 1858 2187 1912 λιν
2216 1861 2436 1930 ἑτέρου,
2470 1864 2567 1916 καὶ
2607 1865 2829 1917 πάντων
2860 1864 3054 1928 ἁπλῶς
3087 1865 3161 1919 δι’
3182 1867 3438 1921 ἑκάστου.
3482 1868 3703 1937 Προσέ-

2105 1968 2218 2021 χων
2247 1955 2431 2006 τοίνυν
2468 1955 2585 2017 τοῖς
2611 1955 2797 2018 καλοῖς
2821 1958 2918 2010 καὶ
2959 1956 3119 2020 δόξαν
3173 1959 3432 2027 φέρουσιν
3476 1957 3698 2026 ἔργοις.

2111 2043 2187 2112 μὴ
2216 2044 2520 2114 καταδέχου
2551 2046 2650 2099 καὶ
2688 2047 2751 2099 τὸ
2783 2047 3116 2116 φαυλότατον
3147 2049 3255 2102 τῶν
3293 2050 3395 2103 οὐκ
3431 2051 3696 2104 ἔπαινον.

2110 2135 2289 2204 μένων
2320 2135 2672 2206 ᾱργάζεσθαι.
2698 2138 2850 2202 Ἓξις
2879 2139 2987 2208 γὰρ
3014 2140 3122 2193 ἀπὸ
3155 2128 3407 2209 σμικρῶν
3429 2141 3693 2211 ἄρχεται,

2108 2229 2203 2280 καὶ
2226 2225 2285 2280 at
2305 2227 2420 2287 τῶν
2440 2228 2741 2299 ἐλαχίστων
2770 2232 3104 2302 προσθῆκαι,
3138 2232 3206 2301 ἢν
3238 2232 3312 2301 μὴ
3344 2232 3406 2285 τὸ
3432 2232 3699 2287 κωλῦσαν

2109 2318 2346 2382 ἐπέλθοι,
2372 2322 2452 2385 είς
2480 2322 2707 2393 ἄπειρον
2740 2324 3183 2395 ἐξενηνεγμέναι,
3212 2325 3310 2379 καὶ
3336 2325 3406 2379 τά
3453 2326 3703 2395 μέγιστα

2107 2409 2218 2463 τῶν
2243 2412 2514 2480 σωμάτων
2542 2414 2862 2483 ἀναγκαίως
2893 2416 3316 2488 ὑπερϐήσονται.

2778 2596 2801 2615 ’⁵
2827 2592 2883 2645 Μ
2891 2591 2961 2648 E'.

2185 2705 2287 2758 Ἦν
2314 2705 2589 2774 ἐπιθυμῇς
2617 2704 2973 2772 τελειότητος,
3007 2705 3100 2759 καὶ
3133 2705 3407 2774 μεγίστων
3433 2707 3496 2759 ὲν
3530 2706 3699 2776 μεθέ-

2115 2797 2194 2862 ξει
2223 2796 2404 2850 καλῶν
2428 2795 2701 2863 γενέσθαι,
2737 2796 3114 2865 παρακελεύου
3161 2799 3226 2868 τῇ
3254 2796 3422 2867 ψυχῇ,
3456 2797 3534 2869 μὴ
3568 2799 3698 2859 τοὺς

2116 2890 2286 2958 μικρὰ
2311 2888 2655 2946 συνοίσοντας
2688 2888 2963 2956 ὐπερορᾷν
2995 2886 3323 2965 λογισμοόςο
3356 2887 3472 2939 ἀλλ’
3511 2887 3701 2940 ἀσπα-

2113 2980 2242 3041 σίως
2272 2978 2525 3049 δέχεσθαι
2578 2981 2708 3038 πᾶν.
2744 2972 2788 3047 ᾧ
2845 2978 3090 3047 βελτίους
3145 2978 3469 3046 γιγνόμεθα.
3514 2977 3596 3032 Τὸ
3641 2978 3699 3031 δὲ

2118 3072 2294 3142 βραχὺ
2345 3072 2522 3141 ψυχῆς
2557 3070 2648 3123 τὸν
2693 3073 2847 3124 τόνον
2879 3067 3188 3140 ὕποχαλῶν,
3222 3071 3318 3122 καὶ
3345 3072 3410 3141 τῇ
3456 3070 3601 3135 πρὸς
3633 3072 3700 3122 τὰ

437 3166 504 3220 ad
530 3166 751 3221 meliora
777 3169 1138 3237 propendeat,
1165 3170 1413 3240 impedit,
1446 3173 1499 3226 id
1527 3175 1756 3229 omnino
1801 3191 1869 3230 ne
1907 3178 2008 3230 atl-

2126 3167 2348 3232 ιρείττω
2389 3167 2530 3235 ῥοπῇ
2567 3165 3031 3234 προσιστάμενον,
3085 3162 3222 3231 μηδὲ
3262 3164 3359 3227 τὴν
3390 3162 3568 3234 ἀρχὴν
3611 3161 3701 3215 δέ·

443 3257 798 3314 mittat.Nam
833 3272 886 3315 et
940 3261 1144 3315 malum
1192 3271 1244 3317 et
1303 3263 1533 3327 bonum,
1584 3268 2016 3337 cogitationibus

438 3345 712 3416 illapsum,
735 3350 788 3403 in
808 3364 947 3419 opus
964 3351 1115 3405 exire
1140 3355 1493 3409 consuevitet
1516 3358 1599 3410 via
1620 3358 1852 3425 qualatn
1878 3374 2001 3423 pro-

438 3438 755 3505 grediendo,
787 3428 841 3492 in
878 3440 1125 3494 habitum
1159 3443 1414 3498 stabilem
1437 3447 1594 3512 quasi
1617 3461 2014 3503 concrescere:

441 3529 533 3596 qui
566 3543 687 3582 cum
712 3530 879 3583 animi
906 3530 1599 3604 facultatibusaugescens,
1632 3538 1738 3592 illis
1766 3539 1898 3606 ipsis
1924 3555 2019 3608 par

439 3634 562 3675 esse
583 3621 783 3683 studet,
817 3637 940 3690 qum
956 3638 1087 3677 sane
1120 3626 1347 3681 coulieri
1378 3629 1583 3698 nequit,
1610 3638 1669 3682 ut
1698 3630 1878 3699 aliqua
1918 3645 2020 3697 ,τα-

442 3711 590 3767 tione
629 3720 937 3770 mutentur.

1130 3807 1320 3863 XLVI.
1407 3828 1411 3834 λ

516 3916 677 3974 Recte
694 3918 882 3988 facies,
899 3935 962 3976 ac
983 3918 1132 3975 valde
1148 3923 1363 3993 quidem
1385 3925 1803 3989 laudabiliter,si
1826 3926 2019 3994 projtt-

443 4010 639 4065 cundis
655 4013 879 4082 Optima,
900 4029 1022 4068 cum
1045 4025 1275 4085 utraque
1292 4034 1398 4071 non
1420 4018 1563 4081 licet,
1579 4018 1795 4088 diliges.
1814 4018 1922 4071 Hoc
1944 4019 2017 4071 ab

446 4113 664 4158 oratore
682 4106 949 4173 prolatum
972 4116 1076 4171 est,
1095 4116 1258 4177 atque
1278 4110 1353 4163 uti
1370 4109 1478 4165 Deo
1495 4120 1732 4181 gratum.
1757 4111 1829 4164 ita
1857 4111 2016 4166 bonis

449 4208 479 4247 a
502 4194 632 4247 viris
654 4194 817 4248 etiam
850 4193 1178 4251 factitatum.
1207 4198 1261 4252 Si
1284 4200 1414 4268 quid
1448 4201 1501 4254 in
1533 4201 1826 4270 perniciem
1874 4200 2017 4254 nosti

450 4279 779 4342 desiturum,
796 4280 915 4348 ejus
934 4283 1220 4339 atlversare
1241 4286 1599 4356 principium;
1626 4288 1839 4342 tametsi
1861 4289 2018 4342 blatt-

449 4371 602 4435 dum,
623 4371 839 4426 tametsi
858 4374 1159 4441 jucundum
1181 4378 1272 4441 sit,
1300 4380 1514 4434 tametsi
1539 4380 1867 4448 voluptatem
1894 4380 2018 4457 inli-

453 4462 620 4515 nitam
650 4464 994 4531 polliceatur.
1026 4468 1160 4522 Nam
1191 4471 1392 4526 malum
1438 4489 1631 4543 reapse
1679 4474 1880 4527 malum
1929 4485 2014 4529 est

454 4569 518 4606 ac
544 4553 703 4621 plane
729 4554 974 4620 stultum,
1005 4558 1085 4612 vel
1106 4556 1383 4627 inchoare,
1411 4563 1551 4633 quod
1578 4563 1836 4635 perﬁcere
1861 4564 2027 4629 nolis,

455 4646 537 4697 vel
567 4660 690 4700 cum
723 4661 905 4702 escam
926 4647 1072 4706 lerro
1128 4651 1326 4709 videris
1357 4654 1591 4721 allixam,
1622 4667 1845 4726 prepter
1867 4672 2031 4727 appe-

461 4738 617 4791 tit-tm
647 4739 870 4796 alterius
897 4750 1187 4813 utrumque
1214 4745 1498 4815 deglutire.
1534 4748 1686 4814 Quod
1720 4751 1766 4805 si
1819 4759 2030 4806 utentes

461 4829 646 4900 aliquo
664 4833 794 4886 vitio
815 4844 1084 4904 corrupta:
1105 4851 1212 4891 non
1241 4837 1462 4904 fuerint,
1480 4842 1620 4897 baud
1643 4851 1924 4910 acceptum
1945 4857 2035 4898 es-

459 4936 519 4975 se
545 4923 743 4992 poterit
769 4924 879 4978 ullo
910 4926 1091 4991 modo,
1121 4934 1266 4999 quod
1312 4933 1379 4985 ad
1412 4943 1627 5001 tempus
1673 4935 1894 5004 quidem
1938 4932 2032 5005 ju-

462 5015 703 5071 cundum
734 5024 818 5073 est
839 5034 855 5085 ;
884 5026 939 5073 at
965 5006 1396 5078 comitcmbabet
1419 5024 1661 5081 dolorem
1681 5014 2029 5096 perpetuum:

1132 5133 1342 5193 XLVII.

546 5221 829 5280 Universis
856 5234 937 5281 est
969 5240 1259 5283 commune
1276 5232 1622 5301 mortalibus,
1651 5242 1712 5288 ut
1731 5232 1919 5290 invitis
1933 5234 2035 5289 ali-

465 5314 599 5386 quid
622 5316 868 5371 accidere
896 5320 1100 5387 possit:
1120 5329 1177 5375 at
1195 5331 1409 5391 sponte,
1429 5339 1552 5393 quae
1573 5326 1733 5379 noxia
1761 5335 1910 5387 sunt.
1934 5327 2035 5381 ad-

471 5411 785 5474 mittere,ne
802 5408 979 5466 brutis
997 5412 1215 5480 quidem
1241 5417 1517 5484 proprium
1549 5433 1563 5470 :
1593 5420 1810 5486 quando
1829 5428 2040 5472 contra-

470 5501 615 5555 rium
647 5516 865 5570 quoque
895 5486 1044 5568 prius
1071 5514 1152 5559 est
1176 5488 1631 5563 demonstratum.
1653 5509 1829 5565 Semel
1850 5522 2041 5583 captus

472 5593 712 5650 esicave
735 5594 814 5648 bis
833 5596 1070 5664 capiare,
1092 5613 1160 5651 ne
1177 5600 1393 5668 capiare
1410 5601 1629 5671 sapius,
1644 5603 2043 5659 consuetudine

474 5686 808 5757 depravatus
836 5706 851 5753 ;
879 5703 1010 5743 neve
1044 5688 1186 5744 furto
1220 5689 1497 5760 frequenti
1550 5694 1778 5750 vitiosus
1817 5695 2039 5761 evadas,

479 5790 735 5854 totusque
756 5781 1093 5854 turpitudine
1118 5784 1371 5850 relcrtus,
1398 5785 1464 5840 ad
1487 5786 1688 5844 bonum
1714 5786 1889 5844 redire
1910 5787 2046 5844 dillt-

1052 6566 1177 6577 ὶήμ
1206 6564 1277 6569 ___‘

2118 3256 2332 3326 χεσθαι.
2371 3258 2476 3309 Καὶ
2508 3258 2569 3309 τὸ
2599 3258 2769 3310 κακὸν
2794 3257 2925 3327 γὰρ,
2960 3256 3052 3308 καὶ
3083 3256 3140 3309 τδ
3168 3256 3394 3321 ἀγαθὸν,
3424 3256 3549 3316 ταῖς
3579 3254 3699 3308 δια-

2118 3349 2289 3410 νοίαις
2325 3350 2717 3418 συγγινόμενον
2774 3350 2854 3412 είς
2884 3349 3047 3419 ἔργον
3078 3348 3351 3402 ἐκϐαίνειν
3384 3347 3566 3410 εἴωθε,
3602 3348 3701 3401 καὶ

2117 3438 2220 3507 ξιδῷ
2252 3437 2483 3507 βαδίζον,
2512 3440 2592 3501 είς
2626 3439 2740 3502 ἕξιν
2781 3438 3126 3509 πήγνυσθαισ
3164 3441 3196 3507 ἢ
3230 3440 3347 3500 ταῖς
3378 3440 3476 3506 τῆς
3510 3437 3702 3509 ψυχῆς

2120 3529 2491 3598 συναυξομένη
2546 3530 2832 3596 δυνάμεσι,
2866 3530 3161 3599 φιλονεικεί
3196 3532 3257 3582 τὸ
3290 3529 3403 3581 ἴσον
3454 3529 3702 3592 ἐκείναις

2120 3622 2318 3692 ἔχουσα
2342 3621 2648 3691 φαίνεσθαι,
2681 3622 2747 3686 ἃς
2781 3621 3222 3693 μεταϐεὸλῆσθαι
3261 3623 3362 3694 οὐχ
3391 3618 3628 3676 οἷόντε.

2826 3804 2979 3870 Μετ’.
3592 3852 3599 3855 _

2195 3917 2372 3970 Καλὸν
2402 3917 2496 3993 καὶ
2524 3916 2646 3969 λίαν
2671 3917 2958 3971 ἐπαινετὸν
3015 3917 3136 3970 ἀντὶ
3159 3917 3267 3969 τῶν
3288 3916 3463 3987 ἡδέων
3489 3917 3555 3969 τὰ
3581 3915 3708 3985 βέλ-

2122 4026 2304 4075 τιστα,
2334 4010 2429 4063 ὲάν
2461 4009 2535 4081 μὴ
2561 4009 2846 4079 ἀμφότερα
2877 4009 2993 4079 ἐξῇ,
3047 4009 3373 4077 λαμὸόινειν.
3401 4007 3559 4062 Οὕτω
3596 4024 3703 4061 που

2121 4101 2199 4171 τῷ
2232 4102 2421 4173 ῥήτορι
2479 4103 2716 4172 εἴρηται,
2745 4103 2839 4155 xal.
2864 4101 2981 4172 θεῷ
3006 4103 3178 4171 φίλον,
3211 4103 3306 4156 καὶ
3336 4104 3447 4163 τοῖς
3477 4102 3708 4168 ἀγαθοῖς

2120 4189 2347 4259 ἀνδράσι
2379 4191 2766 4261 διεπέπρακτο.
2798 4193 2861 4244 "0
2891 4191 2954 4261 δὴ
2978 4191 3270 4260 γινώσκεις
3291 4192 3450 4261 λῆξον
3472 4196 3550 4256 είς
3577 4194 3704 4247 5),:-

2123 4281 2271 4352 θρον,
2302 4282 2493 4336 τούτου
2544 4283 2638 4353 τὴν
2673 4284 2845 4354 ἀρχὴν
2867 4285 3237 4354 ἀποστρέφου,
3276 4286 3382 4339 κᾶν
3476 4287 3700 4357 χαρίεσ-

2124 4388 2213 4437 σα,
2251 4372 2354 4426 κᾶν
2459 4373 2686 4445 τερπνὴ,
2722 4358 2824 4429 xiv
2922 4377 3123 4451 μυρίαν
3148 4376 3342 4447 ἡδονὴν
3372 4378 3706 4447 ἐπαγγελλο-

2131 4464 2291 4535 μένη.
2326 4465 2508 4520 Δεινδν
2537 4466 2646 4534 γὰρ
2668 4465 2858 4534 ὄντως,
2894 4467 3092 4531 δεινὸν,
3113 4470 3208 4522 καὶ
3232 4470 3512 4532 παντελῶς
3547 4473 3707 4540 aviq-

2135 4557 2303 4626 τον,ἣ
2336 4558 2551 4610 τελέσαι
2586 4558 2662 4629 μὴ
2691 4559 3019 4629 βουλόμενον
3051 4559 3343 4629 ἄρξασθαι.
3368 4561 3401 4631 ἢ
3427 4562 3487 4613 τὸ
3514 4561 3708 4632 δέλεαρ

2143 4648 2317 4702 ίδόντα
2350 4651 2651 4721 περιπαρὲν
2697 4648 2776 4719 τῷ
2809 4650 3035 4721 σιδήρῳ,
3080 4647 3198 4703 εἶτα
3224 4650 3314 4703 διά
3343 4650 3572 4719 θάτερον
3605 4669 3707 4705 κα-

2140 4745 2354 4797 ταπιεῖν
2391 4743 2695 4813 ἀμφότερα.
2726 4744 2904 4807 Ὄλως
2933 4745 2990 4798 δὲ
3012 4744 3109 4807 τὰς
3138 4744 3344 4814 φρένας
3371 4743 3447 4814 μὴ
3469 4743 3708 4814 βεϐλαμ-

2145 4834 2325 4902 μένοις
2357 4834 2461 4888 ὑπό
2491 4853 2582 4888 του
2613 4836 2819 4898 πάθους
2845 4836 2943 4889 οὐκ
2974 4835 3041 4889 ἂν
3073 4839 3249 4890 ἐκεῖνο
3274 4838 3488 4905 γένοιτο
3531 4836 3709 4904 φίλον,

2140 4929 2170 4982 δ
2190 4930 2325 5000 πρὸς
2351 4929 2501 5000 ὥραν
2538 4930 2636 5000 μὲν
2675 4931 2796 5001 ἡδὺ,
2821 4930 3064 5000 λυπηρὸν
3097 4930 3154 4983 δὲ
3182 4931 3435 4984 πάντοτε.

2869 5133 3002 5191 MZ'.

2144 5297 2148 5303 Ι
2220 5233 2456 5286 Ἀκοντα
2512 5233 2613 5301 μέν
2639 5247 2693 5284 τι
2740 5228 2932 5295 παθεῖν
2980 5227 3289 5298 ἀνθρώποις
3321 5227 3458 5282 πᾶσι
3494 5229 3710 5282 κοινόν·

2150 5324 2348 5397 γνώμῃ
2374 5324 2432 5376 δὲ
2462 5322 2778 5394 προσίεσθαι
2809 5320 2879 5374 τὰ
2908 5319 3148 5389 βλαϐερά
3178 5319 3286 5372 οὐδ’
3314 5319 3533 5387 ἀλόγοις
3560 5320 3718 5394 ἴδιον,

2150 5418 2285 5471 ὅπου
2341 5433 2405 5483 γε
2462 5415 2556 5469 καὶ
2590 5412 2903 5479 τούναντίον
2954 5411 3465 5482 προαποδέδεικται.
3532 5412 3709 5475 Ἥλως

2151 5507 2295 5573 ἅπαξ
2324 5523 2338 5567 ς
2373 5505 2545 5575 φεῦγε
2582 5506 2641 5557 τὸ
2668 5506 2747 5566 δὶς
2778 5504 3005 5568 ἁλῶναι,
3034 5502 3123 5557 ἵνα
3153 5503 3228 5573 μὴ
3257 5502 3523 5566 πολλάκις
3553 5502 3712 5571 ἁλῷς*

2153 5601 2219 5669 τῇ
2248 5596 2507 5668 συνηθείᾳ
2525 5595 2902 5667 παρενεχθεὶς,
2927 5596 3022 5647 καὶ
3046 5595 3109 5664 τῇ
3139 5594 3356 5662 συνεχεῖ
3384 5593 3559 5662 κλοπῇ
3588 5593 3713 5662 πρὸς

2154 5692 2410 5760 ἀπειρίαν
2431 5689 2807 5759 παρεκταθῇς,
2834 5688 2926 5739 καὶ
2952 5686 3213 5757 αἰσχύνης
3233 5701 3296 5755 γε
3331 5684 3599 5755 πλησθῇς,
3630 5681 3713 5734 καὶ

2160 5784 2294 5855 πρὸς
2346 5783 2405 5835 τὸ
2440 5781 2601 5835 καλὸν
2649 5778 3073 5850 δυσεπίσςροιρος
3106 5776 3316 5850 μείνῃς.
3379 5777 3487 5830 Τδν
3509 5775 3615 5846 γὰρ
3640 5774 3713 5834 εἰς
