3978 6562
270 459 382 522 353

1226 463 1638 525 PR/ECEPTA
1681 462 2198 527 EDUCATIONIS
2240 463 2524 528 REGIE.

3417 469 3524 532 354

272 571 516 642 μάθησιν
547 571 662 638 δεῖς
697 572 874 628 Καλὸν
906 573 961 626 δέ
987 573 1078 626 καὶ
1110 575 1209 646 ἡδὺ
1235 575 1419 645 θέαμα
1448 579 1542 630 καὶ
1565 579 1848 648 παράκλη-

1953 581 1998 636 εἰ
2030 582 2100 636 ab
2119 583 2428 639 eruditione
2460 585 2824 640 destituatur:
2855 583 3074 654 quantis
3096 583 3394 654 laboribus,
3417 605 3526 658 quo

271 681 361 728 σις
395 665 510 734 ἅμα
537 666 673 735 πρὸς
706 664 958 733 τάγαθὸν,
991 667 1177 740 νεότης
1201 668 1519 738 φιλομαθῶς
1539 687 1599 722 τε
1625 670 1848 740 ἔχουσα,

270 755 372 808 καὶ
417 757 666 824 ἐνεργεῖν
705 738 1004 829 ἐθέλουσα,
1039 757 1072 813 ’δ
1129 759 1443 830 μεμάθηκε.
1479 738 1701 822 Σύνεσις
1727 760 1856 828 Δ,γάρ

268 845 456 916 ἀγαθὴ
488 847 548 900 ού
581 849 697 911 τοῖς
737 853 986 913 συνετοῐς
1030 850 1241 918 ἁπλῶς,
1270 851 1408 905 ἀλλά
1449 854 1562 915 τοις
1601 852 1854 906 ’ποιοῦσιν

268 937 463 1008 αὑτήν.
486 941 643 992 Δυοϊν
673 939 767 994 οῦν
787 940 989 1005 ὄντοιν,
1022 942 1217 1013 ἄρχειν
1248 927 1332 1008 τε,
1361 946 1454 998 καὶ
1490 945 1709 1014 ίδιῶτην
1746 947 1853 1000 ὀπ-

269 1031 490 1098 άρχειν,
526 1033 620 1083 καὶ
664 1034 928 1104 ἐκατέρου
955 1035 1337 1106 διαιρουμένου
1370 1039 1452 1100 είς
1477 1038 1539 1090 τὸ
1577 1037 1755 1100 καλῶς
1791 1055 1851 1090 τε

268 1121 366 1172 καὶ
401 1121 501 1188 μὴ,
537 1120 756 1194 ζηλωτῇ
802 1129 902 1192 μιν
938 1125 1190 1195 ξυνωρὶς,
1238 1129 1286 1182 εί
1331 1128 1392 1193 ἐξ
1425 1131 1633 1199 ἀμφοῖν
1679 1129 1852 1200 αὐτὴν

271 1211 698 1281 ξυναρμόσειας,
727 1217 758 1285 ἠ
791 1216 886 1268 τοῦ
904 1217 1094 1288 ἄρχειν
1120 1220 1214 1273 καὶ
1241 1221 1424 1284 καλῶς
1447 1237 1460 1250 ·
1488 1221 1549 1274 ού
1579 1221 1686 1292 μὴν
1709 1221 1758 1274 δ’
1784 1222 1852 1274 ἀν

270 1305 357 1373 εἴη
394 1306 504 1358 τῶν
538 1307 639 1360 οὐκ
677 1311 1095 1380 ἐπαινουμένων
1127 1312 1188 1365 τὺ
1210 1313 1305 1365 καὶ
1333 1313 1436 1384 τὴν
1465 1317 1665 1384 μοῖραν
1695 1316 1852 1383 στέρ-

272 1411 439 1462 γοντα
490 1396 590 1466 τῆς
622 1399 894 1464 ἰδιωτείας
924 1403 984 1455 τὸ
1039 1403 1225 1474 σχῆμα
1272 1404 1472 1468 σώζειν
1521 1405 1596 1467 ὡς
1625 1405 1848 1474 ἄριστα.

270 1487 535 1542 Λείπεται
567 1491 824 1546 κάκιστον
855 1491 1016 1560 εἶναι,
1047 1496 1441 1550 δυναστεύοντα
1469 1497 1679 1562 κακῶς,
1726 1494 1847 1566 θεῷ

1957 675 2162 738 studio,
2207 676 2473 730 doctrina:
2517 675 2760 747 cognitio
2809 683 2894 729 est
2952 677 3317 743 comparanda
3345 680 3369 731 ?
3395 679 3524 730 Pnl-
3561 693 3566 696 ·

1956 766 2151 820 chrum
2183 779 2316 820 sane
2339 765 2757 837 jucundumque
2791 769 3167 838 spectaculum
3221 779 3328 833 est,
3360 781 3414 825 et
3445 775 3530 824 iu-

1955 857 2313 925 citamentum
2356 856 2631 924 quoddam
2669 856 2736 911 ad
2762 859 2986 924 bonum,
3043 858 3306 928 juventus
3349 868 3403 915 et
3439 861 3527 914 di-
3563 896 3567 899 -

1953 947 2141 1002 scendi
2194 947 2412 1018 cupida,
2448 957 2504 1003 et
2551 950 2697 1018 quod
2751 949 2969 1014 didicit,
3011 950 3145 1019 ipsis
3182 951 3340 1006 factis
3387 967 3529 1022 prae-

1951 1041 2374 1097 standi.Peritia
2403 1057 2640 1112 namque
2664 1057 2775 1096 non
2829 1043 3149 1112 simpliciter
3206 1039 3400 1114 peritis
3441 1054 3528 1100 est

1950 1132 2112 1197 bona,
2159 1134 2256 1187 sed
2289 1133 2541 1202 peritiam
2576 1149 2732 1191 suam
2771 1135 3198 1190 declarantibus.
3229 1136 3366 1190 Cum
3395 1151 3525 1205 ergo

1950 1224 2072 1276 dua:
2097 1237 2184 1276 res
2205 1223 2336 1285 sint,
2361 1223 2654 1293 imperare,
2687 1239 2752 1278 ac
2793 1227 3062 1294 privatum
3111 1241 3253 1290 esse,
3289 1242 3522 1296 quorum

1951 1324 2242 1384 utrumque
2298 1317 2658 1387 distinguitur
2685 1318 2742 1371 in
2774 1317 2850 1383 id,
2905 1321 3048 1387 quod
3087 1331 3256 1382 recte,
3305 1335 3525 1389 quoque

1948 1422 2108 1463 secus
2128 1407 2221 1461 ﬁt:
2277 1409 2552 1477 egregium
2598 1423 2732 1462 sane
2775 1423 2874 1477 par
2928 1408 3114 1474 fuerit,
3150 1425 3214 1464 ex
3255 1409 3522 1464 ambobus

1949 1498 2270 1565 conﬂatum,
2327 1501 2600 1568 imperare
2651 1501 2882 1563 scilicet,
2936 1516 2999 1556 ac
3029 1509 3181 1557 recte
3229 1501 3521 1571 imperare.

270 1581 365 1631 καὶ
388 1583 656 1637 συνειδότι
676 1587 1062 1656 προσκρούειν,
1085 1588 1244 1660 δόξης
1261 1591 1444 1660 κενῆς,
1474 1589 1685 1643 καὶτοῦ
1713 1605 1848 1661 χρη-

1953 1590 2057 1644 Nee
2092 1591 2270 1645 laudis
2321 1605 2518 1660 expers
2571 1592 2694 1655 erit,
2731 1591 2823 1660 qui
2855 1601 3004 1646 sorte
3067 1607 3165 1646 sua
3213 1601 3522 1651 contentus,

267 1675 600 1744 ματίςεσθαι
634 1679 726 1731 καὶ
757 1678 1029 1750 ρᾳθυμείν
1051 1682 1238 1737 ἕνεκα.

1945 1684 2071 1738 vita:
2104 1683 2328 1754 privata:
2355 1683 2620 1737 ratiuncm
2657 1699 2818 1752 quam
2851 1684 3058 1753 optime
3094 1693 3293 1738 tuetur.
3313 1681 3521 1743 Restat,

264 1787 389 1828 esse
419 1775 745 1842 pessimum,
775 1779 869 1848 qui
899 1788 1166 1849 potestate
1200 1780 1452 1849 abutens,
1483 1779 1653 1836 Deum
1686 1778 1894 1851 pariter
1924 1789 1977 1835 et
2004 1779 2403 1834 conscientiam
2468 1777 2696 1834 odendit
2763 1793 2918 1834 vana
2964 1778 3172 1850 gloriae,
3246 1794 3409 1849 opum
3470 1785 3529 1834 et

265 1866 504 1935 ignaviae
533 1882 721 1924 causa.
1233 1932 1239 1937 _

611 1971 614 1976 ·
994 1960 1120 2016 mu

336 2051 510 2105 Ούδέν
539 2052 670 2121 ύμῖν
694 2053 792 2117 τὰς
815 2051 996 2118 λύπας
1016 2054 1270 2123 ἐντήκειν
1302 2051 1518 2118 εἴωθεν,
1546 2055 1624 2120 ὡς
1649 2055 1712 2108 τδ
1727 2058 1848 2120 ταῖς

262 2144 595 2212 ἐπιθυμίαις
641 2145 859 2198 ἔκδοτον
899 2143 1062 2200 εἶναι.
1114 2147 1309 2216 Ζητεῖν
1359 2146 1458 2214 μὲν
1492 2149 1599 2218 γὰρ
1629 2149 1848 2220 ἀνάγκη

261 2239 357 2290 τὸν
384 2239 694 2306 ἐφιέμενον⁹
720 2239 779 2292 ἐν
806 2239 862 2292 δέ
884 2238 962 2308 τῷ
987 2238 1086 2309 βίῳ
1113 2238 1182 2293 τά
1202 2239 1302 2306 τῆς
1322 2241 1624 2312 ἀποτυχίας
1646 2243 1848 2296 πλεον-

145 2331 150 2333 ’
264 2331 446 2383 εκτεῖ.
507 2331 615 2382 Καὶ
649 2329 820 2383 πολλά
853 2347 936 2393 τις
965 2331 1194 2394 ἐλπίσας
1222 2331 1498 2402 εὑρήσειν,
1527 2333 1728 2402 ὀλίγων
1747 2334 1846 2403 μό·

259 2421 351 2484 λις
403 2421 789 2493 ἐπιτετύχηκε,
828 2421 992 2474 Τουτὶ
1043 2421 1100 2474 δὲ
1159 2421 1283 2491 ῥίζα
1312 2422 1408 2475 τοῦ
1451 2423 1735 2494 τήκεσθαι.
1774 2425 1848 2477 Τὸ

267 2511 382 2582 ἀρα
415 2515 649 2582 πάσχειν
675 2513 1017 2580 λυπούμενον
1051 2514 1114 2566 ἐκ
1145 2514 1253 2568 τῶν
1278 2515 1588 2585 ἐπιθυμιῶν
1624 2517 1698 2581 ὡς
1731 2520 1849 2570 ἐπι-

269 2604 474 2658 τοπολὺ
500 2607 769 2673 γίγνεται.
797 2606 906 2658 Καὶ
924 2606 1111 2659 λοιπον
1143 2607 1271 2659 νοῦν
1299 2608 1483 2678 ἔχουσι
1510 2610 1580 2662 τὰ
1598 2609 1699 2679 τῆς
1727 2613 1849 2663 ἐπι-

275 2693 484 2763 θυμίας
519 2695 809 2761 κολάζεινο
858 2697 926 2749 ἐν’
973 2685 1102 2770 ﬁco
1132 2697 1327 2752 δάκνον
1378 2700 1560 2768 ὀλίγον
1605 2703 1848 2764 σπανίως

276 2787 742 2855 ἀποτυγχάνουσι.
769 2788 878 2840 Καὶ
902 2785 1077 2851 ἄλλως
1100 2787 1158 2841 δὲ
1187 2793 1498 2858 περινοστεῖ
1519 2789 1614 2842 τὸν
1636 2789 1848 2860 ἀνθρώ-

280 2899 435 2936 πινον
467 2881 584 2952 βίον
627 2880 1015 2950 συμπτώματά
1050 2897 1173 2933 τινα
1206 2880 1532 2948 πλήττοντα,
1577 2882 1673 2935 καὶ
1717 2883 1847 2952 ῥᾷον

281 2977 342 3030 ἀν
357 2993 442 3038 τις
471 2971 679 3043 γένοιτο
705 2973 989 3042 πτηνδνβξ
1009 2973 1320 3044 ἀνθρώπου,
1341 2974 1374 3044 ἦ
1397 2973 1630 3044 καθαρὸς
1655 2973 1846 3042 ὀφθείη

279 3069 530 3122 τουτωνί.
560 3069 825 3139 Πειρᾶται
841 3068 887 3119 δ’
919 3067 1016 3120 οὖν
1044 3066 1246 3131 αὐτῶν,
1265 3066 1334 3134 ῆν
1361 3065 1590 3138 ἐπέλθῃ,
1619 3067 1738 3138 οὐχὶ
1757 3083 1848 3119 το-

283 3160 471 3213 σοῦτον
497 3159 706 3229 ἀγρίων
737 3160 765 3212 ὀ
796 3157 1259 3230 προύργιαίτερον
1289 3159 1518 3229 θέμενος
1564 3161 1777 3228 φέρειν,
1810 3159 1846 3214 ἃ

275 3249 356 3320 μὴ
384 3251 609 3306 δύναται
635 3251 883 3322 διορθοῦν
907 3266 921 3281 ο
951 3248 1109 3313 εἰδὼς
1143 3250 1220 3323 μὴ
1255 3246 1396 3306 είναι
1428 3251 1656 3306 δυνατὸν
1699 3251 1848 3325 λύπῃ

281 3342 337 3395 τὸ
364 3342 571 3397 λυποῦν
601 3345 924 3402 ἀποθέσθαι.

995 3618 1115 3675 NE’.

348 3711 668 3779 Φιλοσοφίαν
684 3711 1130 3783 ἐπιδεικνύμενος
1149 3727 1234 3774 τις
1243 3710 1352 3767 τῶν
1372 3711 1632 3781 ποιητῶν,
1654 3708 1845 3782 εἴρηκε

269 3805 481 3859 τοιάνδε
512 3802 743 3872 γνώμην
757 3814 779 3856 ξ

420 3897 544 3949 Οὐκ
573 3894 746 3948 ἔστιν
759 3891 956 3963 εὑρεῖν
980 3891 1125 3957 βίον
1149 3891 1392 3946 ἄλυπον
1413 3893 1482 3946 ἐν
1510 3891 1736 3946 οὐδενί.

343 3989 554 4051 Πάντες
585 3986 683 4056 μὲν
709 3983 804 4038 οὖν
833 3985 1026 4052 ἐκείνῳ
1049 3982 1511 4053 συμφθέγξονται,
1529 3987 1626 4052 τῆς
1649 3987 1847 4052 πείρας

275 4079 638 4149 διδασκούσης
666 4077 897 4147 τάληθές
924 4093 940 4109 ο
974 4075 1122 4128 δοκεῖ
1148 4075 1204 4128 δέ
1233 4093 1325 4145 μοι
1359 4075 1479 4128 λίαν
1515 4083 1684 4146 σαφὲς
1715 4092 1848 4129 κατι

274 4170 634 4226 εσκευακέναι
663 4171 754 4222 τὸν
793 4169 986 4237 ἄνδρα.
1019 4169 1291 4231 Ἕκαστος
1313 4168 1422 4237 γὰρ
1456 4169 1742 4220 ἐπίσταται
1782 4169 1847 4222 ἐκ

271 4264 382 4319 τῶν
435 4263 584 4315 ἰδίων
622 4261 1012 4330 ἀτυχημάτων,
1048 4262 1142 4314 καὶ
1179 4239 1378 4327 γένοιτ’
1409 4259 1478 4312 ἂν
1525 4257 1846 4321 διδάσκαλος

270 4357 379 4409 τῶν
409 4358 466 4409 ἐν
496 4354 573 4426 τῷ
593 4355 696 4424 βίῳ
724 4354 933 4408 κακῶν.
960 4353 1258 4421 Φιλόσοφον
1282 4351 1337 4403 δὲ
1361 4350 1535 4423 ἀληθῆ
1562 4351 1846 4420 νομιστέον

270 4448 366 4502 τὸν
401 4447 605 4518 μᾶλλον
653 4447 835 4516 ἐργοις
870 4444 902 4515 ἢ
933 4445 1112 4511 λόγοις
1158 4443 1631 4513 ἐπιδεικνύμενον.
1665 4445 1763 4512 Είη
1801 4445 1847 4497 δ’

272 4543 340 4597 ἂν
368 4541 524 4604 οὗτος
565 4541 791 4602 ἐκεῖνος,
827 4535 856 4587 ὀ
886 4536 1067 4589 καλῶν
1097 4533 1246 4605 αύτῷ
1272 4536 1543 4605 κειμένων
1579 4535 1657 4597 είς
1694 4536 1848 4604 αίρε-

2021 2053 2262 2109 Blandiri
2293 2053 2706 2124 cupiditatibus,
2768 2055 2961 2126 eisque
3000 2053 3242 2110 deditum
3297 2068 3440 2118 esse,
3468 2052 3523 2109 id

1949 2161 2078 2202 vero
2110 2147 2348 2217 majores
2377 2147 2429 2200 in
2461 2147 2620 2201 nobis
2643 2147 2888 2202 excitare
2921 2148 3138 2202 dolores
3167 2147 3324 2212 solet,
3357 2162 3521 2217 quam

1949 2237 2098 2292 nulla
2123 2253 2211 2292 res
2235 2237 2360 2292 alia.
2397 2237 2530 2293 Nam
2559 2240 2651 2309 qui
2677 2241 2904 2309 appetit,
2936 2247 3145 2309 quaerat
3169 2255 3396 2294 necesse
3411 2247 3522 2294 est.

1947 2327 2016 2381 At
2043 2328 2098 2381 in
2131 2329 2414 2382 hominum
2447 2328 2554 2382 vita
2581 2331 2814 2399 repulsa:
2855 2331 3352 2400 frustrationesque
3407 2330 3524 2400 spei

1949 2418 2348 2490 frequentiores
2375 2425 2523 2478 sunt.
2575 2422 2773 2476 itidem
2833 2424 2924 2492 qui
2985 2425 3152 2478 multa
3186 2439 3245 2479 se
3281 2433 3527 2492 repertu-

1950 2527 2070 2566 rum
2104 2513 2350 2582 putabat,
2387 2515 2474 2568 vix
2512 2530 2683 2584 pauca
2737 2517 3116 2571 nanciscitur:
3150 2532 3210 2571 ea
3248 2531 3378 2570 vero
3407 2515 3524 2584 ido-

1950 2604 2084 2659 loris
2112 2615 2195 2660 est
2219 2607 2393 2672 radix,
2412 2617 2742 2676 quapropter
2767 2609 3104 2678 egritudinis
3134 2623 3329 2663 sensus
3363 2624 3394 2662 e
3423 2624 3525 2663 cu-

1949 2697 2268 2766 piditatibus
2291 2701 2612 2771 plerumque
2653 2703 2918 2756 nascitur.
2961 2701 3198 2771 ideoque
3248 2709 3437 2767 restat,
3465 2710 3526 2757 ut

1951 2799 2130 2844 mente
2160 2792 2368 2861 praediti
2405 2793 2687 2849 libidinem
2732 2795 2898 2848 animi
2938 2803 3266 2850 coerceant:
3297 2808 3406 2862 quo
3428 2808 3525 2864 spe

1949 2893 2046 2933 sua
2079 2879 2347 2949 frustrati,
2376 2885 2615 2940 minores
2645 2886 2813 2940 animi
2838 2892 3054 2941 mo‘rsus
3081 2886 3281 2941 ferant.
3309 2885 3524 2956 Quippe

1947 2975 2276 3043 czeteroquin
2303 2975 2464 3030 etiam
2497 2991 2658 3032 casus
2676 2977 2858 3032 acerbi
2895 2979 3113 3048 quidam
3164 2979 3216 3032 in
3242 2980 3350 3032 vita
3379 2995 3526 3032 mor-

1952 3065 2138 3122 talium
2167 3068 2311 3123 velut
2336 3068 2714 3140 objurgantur,
2753 3078 2808 3125 et
2859 3069 3075 3124 facilius
3105 3085 3172 3124 ex
3206 3071 3426 3125 homine
3456 3070 3524 3124 ll-

1947 3157 2026 3212 eri
2053 3159 2228 3227 possit
2271 3159 2409 3224 aris,
2439 3174 2602 3229 quam
2646 3167 2702 3213 ut
2755 3159 2822 3214 ab
2853 3160 2999 3214 hisce
3051 3174 3186 3230 pure
3239 3161 3520 3214 liberetur.

1955 3245 2152 3303 Verum
2202 3264 2320 3316 eos,
2368 3251 2412 3305 si
2445 3251 2666 3321 quidem
2709 3255 2992 3316 accedant,
3055 3267 3161 3308 non
3189 3253 3326 3308 adeo
3377 3254 3529 3306 diros

1947 3341 2246 3410 experitur,
2278 3342 2367 3410 qui
2405 3345 2774 3410 praestabilius
2827 3357 2949 3399 esse
2998 3352 3174 3412 putat,
3231 3358 3295 3398 ea
3351 3343 3519 3407 ferre,

1946 3445 2070 3499 quae
2101 3430 2375 3498 corrigere
2403 3446 2508 3485 non
2541 3432 2687 3495 licet,
2739 3447 2865 3487 cum
2906 3431 3025 3486 fieri
3050 3446 3156 3486 non
3217 3443 3378 3500 posse
3427 3443 3527 3484 no-

1948 3522 2041 3588 rit,
2075 3531 2133 3576 ut
2157 3521 2405 3577 dolorem
2446 3521 2637 3578 dolore
2667 3523 2918 3591 repellat.

2691 3612 2800 3669 LV.

2016 3705 2218 3763 Volens
2279 3716 2435 3777 poeta
2484 3706 2704 3777 quidam
2748 3707 3048 3776 praedicare
3097 3709 3532 3782 philosophiam,

1946 3799 2272 3854 sententiam
2300 3797 2609 3866 bujusmodi
2641 3799 2868 3866 protulit
2891 3815 2906 3854 :

2015 3891 2290 3961 Nusquam
2322 3891 2544 3944 inveniri
2570 3893 2682 3944 vita
2714 3891 2892 3945 dolore
2933 3909 3122 3947 carens
3137 3902 3328 3962 potest.

2021 3981 2157 4038 Huic
2188 3982 2348 4037 facile
2379 3983 2562 4037 cuncti
2617 3983 3006 4047 asseutientur,
3062 3987 3394 4056 experientia
3421 3989 3516 4040 do-

1947 4085 2104 4130 cente
2130 4075 2275 4144 quod
2305 4089 2494 4128 verum
2519 4083 2624 4129 est.
2659 4074 2790 4130 Mihi
2821 4076 3040 4146 quidem
3077 4079 3160 4132 vir
3191 4077 3284 4134 hic
3319 4080 3518 4134 diluci-

1945 4167 2014 4224 de
2032 4184 2143 4223 rem
2164 4167 2467 4238 eaplicasse
2496 4169 2728 4224 videtur.
2761 4163 2972 4224 Etenim
3007 4171 3159 4226 novit
3180 4171 3281 4226 hoc
3305 4188 3369 4226 ex
3399 4172 3519 4229 suis

1947 4261 2178 4331 quisque
2207 4261 2426 4316 casibus
2461 4262 2729 4325 adversis.
2771 4262 2844 4316 ita
2879 4263 3122 4332 quidem,
3162 4272 3220 4318 ut
3257 4262 3420 4320 etiam
3451 4264 3518 4318 de

1948 4351 2072 4406 vita:
2107 4353 2266 4407 malls
2301 4353 2440 4407 alios
2481 4368 2700 4408 movere
2735 4353 2928 4422 possit.
2956 4353 3004 4409 Is
3031 4363 3214 4408 autem
3248 4371 3378 4410 vere
3396 4355 3519 4425 phi-

1947 4443 2207 4514 losophus
2261 4445 2658 4499 existimandus
2720 4452 2822 4508 est,
2870 4445 2966 4514 qui
3021 4460 3082 4500 se
3138 4447 3518 4516 philoSOpltum

1950 4535 2108 4590 factis
2156 4535 2338 4604 potius
2400 4550 2563 4604 quam
2600 4535 2775 4590 verbis
2805 4537 3019 4604 probat.
3048 4538 3124 4590 Ac
3149 4537 3271 4591 talis
3300 4538 3518 4607 quidem

274 4652 362 4688 σιν
417 4634 478 4686 τὸ
503 4635 756 4703 κρεῖττον
789 4629 1144 4698 ἐκλεγόμενος
1169 4643 1184 4658 ο
1211 4627 1398 4681 κακῶν
1430 4627 1489 4680 δέ
1521 4626 1844 4695 ἐπενεχθέν-

1953 4631 1995 4682 is
2030 4628 2213 4692 fuerit,
2237 4628 2331 4697 qui
2379 4628 2649 4682 bonorum
2707 4629 2972 4682 electione
3018 4631 3318 4698 proposita,
3372 4630 3518 4699 quod

271 4744 402 4791 των,
430 4725 494 4778 τὸ
515 4723 846 4791 κουφότερον
868 4721 1180 4789 δεχόμενος,
1213 4718 1310 4772 καὶ
1330 4717 1390 4771 τὸ
1424 4719 1522 4788 μὲν
1551 4718 1716 4771 καλὸν
1744 4734 1844 4771 κα·
1875 4713 1878 4716 ’

270 4814 380 4879 λῶς
410 4813 797 4884 ἐργαζόμενος,
821 4813 881 4863 τὸ
906 4810 964 4863 δὲ
992 4809 1228 4877 χαλεπὸν
1257 4809 1599 4880 πειρώμενος
1629 4809 1842 4879 φέρειν,

271 4907 349 4969 ὡς
387 4906 646 4975 ἐλάχιστα
683 4904 1038 4973 λυπούμενος.
1076 4919 1089 4933 ’

346 5180 534 5235 Ἥδιον
558 5178 781 5250 εξρὴνης
803 5176 975 5241 οὺδὶν,
1000 5176 1060 5228 ού
1087 5175 1157 5245 μό
1169 5191 1249 5229 ιον
1268 5173 1410 5243 λέγω
1441 5173 1540 5243 τῆς
1565 5171 1845 5241 ἰδιωτικῆς

285 5273 505 5342 ,αυτησὶ
534 5273 632 5339 τῆς
660 5270 785 5323 καθ’
827 5270 1079 5332 ἐκαστον,
1107 5267 1242 5320 ἀλλά
1272 5267 1338 5337 δὴ
1374 5267 1472 5321 καὶ
1501 5265 1597 5335 τῆς
1631 5265 1842 5333 κοινῆς,

285 5368 371 5435 ,ἦς
409 5365 518 5419 τῶν
578 5363 857 5434 ἀρχόντων
893 5364 1029 5434 πρὸς
1059 5363 1351 5432 ἄρχοντας.
1403 5361 1512 5412 Καὶ
1558 5357 1738 5426 πολλῴ
1779 5371 1842 5425 γε

283 5457 476 5527 μᾶλλον
506 5456 712 5524 ταύτην
739 5453 959 5524 ἐκείνης
999 5454 1326 5524 προτίθημι,
1355 5452 1450 5506 ᾶτε
1481 5453 1593 5513 τοῖς
1626 5449 1844 5510 πολλοῖς

286 5547 568 5616 ὓςςέλιμον,
599 5549 694 5600 καὶ
726 5547 1068 5617 χορηγοῦσαν
1099 5544 1305 5613 θατέρᾳ
1330 5545 1428 5604 τὰς
1457 5543 1734 5611 ἀφορμάς.
1778 5540 1842 5592 El

283 5640 405 5709 (οῦν
427 5643 569 5704 ἐνὸν,
600 5640 742 5692 κατά
771 5639 864 5690 τὸν
897 5637 1041 5690 θεῖον
1081 5633 1430 5700 ’Λπόστολον,
1451 5634 1589 5702 μετά
1623 5633 1842 5687 πάντων

277 5737 543 5806 ιίρήνευε,
608 5736 701 5788 καὶ
756 5732 986 5801 μηδενὸς
1034 5731 1284 5802 ὑπάρξῃς
1333 5726 1536 5811 κακοῦ·
1585 5725 1720 5779 ἀλλά
1750 5724 1843 5811 καὶ

271 5827 399 5889 τοῦς
424 5825 586 5879 τοῦτο
617 5824 904 5886 ποιοῦντας
935 5823 1114 5893 πειρῶ
1147 5810 1414 5874 κωλύεινῖ
1434 5817 1584 5887 Μηδέ
1617 5810 1845 5886 notem:

273 5919 411 5987 πρὸς
437 5918 700 5986 ἀδελφούς
722 5916 849 5978 τοὺς
874 5915 982 5967 ἀπὸ
1006 5913 1270 5985 Χριστοῦ,
1292 5913 1427 5984 μήτε
1461 5911 1570 5983 μὴν
1600 5911 1733 5981 πρὸς
1761 5911 1844 5962 ὀν-

1946 4720 2146 4774 melius
2170 4728 2274 4784 est,
2321 4719 2507 4788 eligit;
2538 4720 2696 4774 malis
2742 4719 3096 4782 irruentibus,
3146 4720 3291 4790 quod
3345 4720 3521 4774 levius

1943 4819 2050 4876 εει,
2081 4810 2297 4879 accipit,
2334 4817 2388 4864 et
2412 4809 2503 4879 qui
2543 4825 2630 4873 eo,
2670 4811 2816 4878 quod
2859 4811 3059 4864 bonum
3090 4819 3191 4874 est,
3226 4819 3371 4864 recte
3415 4811 3521 4863 uti-

1945 4907 2054 4962 tur,
2092 4901 2347 4969 quodque
2401 4913 2586 4966 grave.
2619 4900 2699 4954 sic
2726 4900 2956 4955 tolerare
3008 4900 3222 4964 nititur,
3247 4906 3306 4952 ut
3355 4915 3517 4968 qualn

1946 4992 2234 5046 minimum
2264 4992 2464 5046 doloris
2503 4991 2720 5046 sentiat.

2639 5079 2774 5136 LVI.

2015 5171 2184 5227 Multo
2198 5170 2601 5242 iucundisstma
2621 5187 2710 5229 res
2735 5180 2819 5228 est
2844 5171 3088 5226 omnium
3112 5187 3214 5242 pax
3239 5189 3254 5240 ;
3293 5188 3400 5227 non
3428 5173 3515 5228 illa

1945 5275 2154 5320 tantum
2200 5265 2408 5334 privata
2470 5264 2836 5334 singulorum,
2890 5265 2986 5320 sed
3043 5265 3256 5334 publica
3297 5281 3520 5335 quoque

1945 5357 2254 5426 principum
2285 5371 2411 5425 erga
2445 5356 2722 5426 principes
2749 5373 2764 5410 :
2793 5371 2957 5426 quam
3011 5357 3262 5426 equidem
3294 5357 3521 5425 privata:

1945 5449 2111 5518 longe
2135 5457 2427 5516 antepono,
2451 5447 2617 5501 veluti
2648 5448 2898 5516 pluribus
2925 5449 3140 5514 utilem,
3167 5457 3223 5503 et
3245 5448 3323 5502 illi
3360 5449 3514 5502 alteri

1917 5536 2140 5608 'magna
2196 5540 2525 5609 praebentem
2569 5540 2646 5594 rei
2694 5540 2982 5596 familiaris
3041 5541 3307 5596 subsidia.
3367 5539 3516 5604 Qua-

1943 5643 2164 5706 propter
2193 5633 2238 5686 si
2268 5630 2380 5684 lleri
2429 5640 2621 5699 potest,
2653 5632 2799 5700 quod
2838 5645 3066 5702 magnus
3107 5630 3398 5700 Apostolus
3426 5629 3518 5684 ille

1947 5721 2212 5794 pmcipit,
2255 5734 2443 5789 pacem
2477 5735 2601 5774 cum
2623 5721 2879 5775 omnibus
2918 5721 3088 5782 colas.
3122 5734 3224 5774 nec
3259 5717 3384 5771 mali
3411 5733 3516 5772 auo

1946 5823 2064 5868 ctor
2085 5810 2248 5866 ullius
2278 5821 2398 5864 esto
2423 5825 2440 5864 :
2474 5809 2570 5865 sed
2589 5809 2706 5880 ejus
2731 5819 2982 5864 auctores
3011 5810 3276 5878 impedire
3302 5806 3510 5863 nititur.

1944 5907 2089 5966 Neve
2124 5915 2312 5963 contra
2351 5903 2550 5962 fratres
2579 5903 2921 5960 Christianos
2955 5903 3154 5958 bellum
3189 5900 3382 5972 gerito,
3414 5916 3512 5954 nec
