3978 6588
484 439 598 503 3ἱὸ

1645 435 2044 499 MANUELIS
2086 437 2531 499 PAL/EOLOGI

3624 440 3719 503 336

485 549 745 603 adversus
779 545 943 600 alium
971 559 1377 615 quemcunque,
1406 554 1503 597 ver
1522 546 1805 601 intr-haram
1836 556 2054 615 quoque

2161 533 2416 616 τινοῦνζῆ
2443 544 2739 615 βαρϐάρων
2759 543 2939 609 ἔθνος,
2970 544 3027 598 ὲν
3052 546 3302 609 σπονδαῖς
3327 562 3415 599 σοι
3439 550 3724 613 καταστὰν,

484 641 786 703 nationem,
816 638 1019 693 foedere
1049 638 1147 691 tibi
1169 637 1413 705 junctam
1465 637 1609 704 quod
1645 636 1757 706 ipsa
1802 648 2056 693 sanctum

483 745 540 787 et
566 731 885 799 inviolatum
933 744 1054 785 esse
1085 731 1232 783 velit.
1280 728 1703 785 Adversusillos
1737 738 1940 794 autem,
1964 730 2059 799 qui

474 824 680 878 'volunt
722 822 952 893 injurias
987 820 1209 887 inferre.
1263 820 1441 876 modis
1493 821 1746 877 omnibus
1795 822 1975 877 virum
2005 832 2079 881 te.

487 914 748 985 przebeas.
791 913 909 968 Non
956 914 1107 968 enim
1168 913 1370 967 bonum
1409 921 1513 974 est.
1570 912 1637 967 ad
1684 911 2057 969 defensionem

483 1009 644 1078 plane
675 1021 785 1062 non
822 1004 1048 1076 impelli,
1082 1002 1180 1061 sed
1218 1002 1507 1057 dilﬁculter
1528 1003 1596 1057 ad
1641 1001 1780 1057 iram
1824 1003 2054 1060 moveri.

1187 1094 1343 1150 LVII.
1521 1104 1527 1109 '

550 1189 771 1245 Minime
805 1187 1014 1250 dubito,
1069 1185 1311 1243 fassuros
1341 1203 1555 1256 omnes,
1593 1189 1868 1247 hominem
1923 1186 2060 1243 stul-

487 1289 602 1334 tum
632 1294 774 1339 esse.
809 1278 903 1348 qui
934 1278 1102 1332 ullum
1135 1293 1361 1347 prorsus
1399 1279 1675 1333 hominem
1728 1286 1881 1347 putet
1923 1277 2057 1331 alie-

485 1387 636 1426 nmn.
668 1369 800 1424 Nam
833 1370 900 1423 ab
931 1383 1040 1422 uno
1073 1370 1337 1439 progeniti
1373 1384 1565 1424 sumus
1591 1384 1805 1433 omnes,
1843 1369 2055 1423 tametsi

482 1459 667 1524 lingua
699 1457 1125 1526 distinguantur,
1157 1466 1211 1511 et
1245 1456 1367 1511 aliis
1407 1457 1826 1528 quibuscunque
1868 1459 2052 1522 rebus,

482 1550 564 1606 vel
594 1551 711 1621 ipsa
743 1550 1026 1620 religione.
1080 1549 1422 1620 Quapropter
1448 1551 1722 1605 hominem
1771 1551 2053 1607 hominum

482 1643 752 1699 rationem
785 1641 985 1697 haltere
1013 1628 1110 1710 par
1141 1652 1246 1705 est,
1271 1651 1326 1696 et
1365 1642 1643 1697 universis
1670 1651 1860 1710 optare
1884 1641 2052 1703 bona,

2169 636 2263 688 καὶ
2301 639 2493 706 τηρεῖν
2533 636 2700 699 αὐτὰς
2724 636 2930 690 ἐθέλον.
2952 637 3046 689 Δεῖ
3069 636 3127 689 δὲ
3152 636 3431 691 δεικνύναι
3460 638 3552 691 τὸν
3574 639 3728 709 ἄνδρα

2166 729 2375 782 ἀδικεῖν
2405 727 2654 801 ἐθέλουσι
2682 730 2862 783 πάντα
2888 727 3112 799 τρόπον.
3142 729 3216 781 Ού
3244 729 3353 799 γὰρ
3385 730 3590 797 ἀγαθον
3616 731 3730 784 ἀκί-

2165 837 2329 889 νητον
2374 822 2456 884 είς
2500 821 2715 891 ἄμυναν
2763 817 2930 889 εἶναι,
2990 820 3128 876 ἀλλὰ
3173 820 3504 892 δυσκίνητον
3551 822 3734 894 ciebo-,-

2166 913 2296 983 ’τήνο

2886 1088 2994 1143 NZ'
3551 1120 3563 1125 -

2234 1180 2464 1249 Νομίζω
2492 1181 2701 1245 πάντας
2728 1181 2794 1236 ἂν
2844 1183 3013 1250 φάναι
3042 1180 3251 1250 ἠλίθιον
3280 1180 3577 1251 ἄνθρωπον
3604 1179 3729 1238 εἶναι

2163 1272 2255 1327 τὸν
2287 1274 2580 1342 νομίζοντα
2621 1274 2905 1346 ἀλλότριον
2937 1274 3287 1329 παντάπασιν
3346 1273 3634 1345 ἄνθρωπον
3658 1270 3729 1329 si-

2163 1374 2272 1411 ναι.
2306 1359 2511 1422 Πάντες
2559 1359 2668 1430 γὰρ
2699 1360 2816 1423 tvo;
2843 1361 3060 1429 ἔκγονα,
3092 1362 3199 1416 κᾶν
3242 1361 3519 1434 διαλέκτῳ
3558 1363 3730 1433 διαφε-

2166 1449 2409 1521 ρώμεθα,
2444 1454 2550 1505 κᾶν
2576 1452 2924 1521 οἱστισινοῦν,
2960 1453 3060 1508 κᾶν
3091 1455 3241 1525 αὐτῷ
3267 1456 3600 1527 σεϐάσματι.
3630 1456 3731 1509 Καὶ

2161 1542 2343 1595 τοίνυν
2371 1543 2661 1611 ἄνθρωπον
2689 1546 2820 1598 δντα
2864 1544 3168 1616 ἀνθρώπων
3198 1547 3470 1616 κήδεσθαι
3500 1548 3598 1612 δεῖ,
3644 1549 3729 1601 καὶ

2166 1639 2522 1709 συνεύχεσθαι
2544 1644 2656 1703 τοῖς
2683 1641 2823 1703 ὅλοις
2849 1640 3054 1709 ἀγαθὰ,
3083 1644 3157 1706 ὼς
3187 1643 3432 1706 ἑνδν,,ῶς
3457 1642 3632 1712 θέμις,
3660 1642 3728 1704 ὥς

483 1743 750 1803 quantum
781 1730 904 1798 ejus
962 1740 1017 1784 et
1037 1730 1157 1785 lieri
1211 1738 1411 1800 potest,
1451 1739 1506 1784 et
1536 1731 1617 1784 fas
1669 1740 1773 1795 est,
1805 1742 1864 1784 et
1917 1729 2054 1783 licet.

2170 1731 2368 1797 ἔξεστι.
2403 1733 2571 1802 Κοινὴ
2623 1734 2732 1802 γὰρ
2763 1734 2795 1803 ὴ
2831 1733 3014 1801 φύσις,
3053 1736 3148 1787 καὶ
3202 1737 3375 1789 πᾶσιν
3429 1734 3621 1803 ἔδαφος
3654 1735 3724 1801 ἓν,

483 1821 697 1891 Quippe
715 1830 909 1876 natura
955 1823 1265 1876 communis
1302 1830 1406 1885 est,
1434 1806 1495 1876 el
1521 1822 1887 1892 pavimentum
1927 1836 2062 1875 cnn-

482 1915 584 1970 etis
612 1929 808 1977 unum,
847 1922 903 1968 et
920 1930 1099 1968 unum
1134 1922 1360 1978 tectum,
1394 1929 1610 1984 unaque
1662 1914 1773 1975 lux,
1803 1930 1942 1970 unus
1968 1929 2062 1968 aer

479 2022 756 2077 expansos
783 2021 815 2060 a
843 2020 1025 2060 rerum
1073 2006 1298 2075 opiﬁces
1345 2004 1587 2076 Denique
1633 2004 1957 2074 simpliciter
1991 2005 2060 2059 ab

480 2113 546 2153 eo
576 2114 696 2166 quae
735 2098 1180 2168 proliciscuntur,
1231 2099 1545 2152 conuntmia
1576 2104 1724 2152 sunt.
1775 2094 2061 2150 Nihilomi-

483 2208 644 2249 nusa
676 2193 968 2261 remotiore
1017 2193 1457 2257 discernendum,
1516 2191 1663 2262 quod
1716 2190 1937 2259 propius
1976 2198 2060 2244 est

486 2289 635 2356 (nam
669 2286 885 2355 plurimi
920 2294 1048 2340 sunt
1092 2280 1510 2345 necessitudinis
1549 2283 1797 2354 gradus),
1845 2297 1907 2336 ac
1939 2291 2060 2337 stu-

485 2380 744 2444 dendmn,
779 2386 839 2432 ut
880 2393 1010 2448 erga
1070 2378 1377 2441 universos,
1441 2379 1585 2444 quod
1635 2376 1687 2429 in
1729 2385 1780 2429 te
1843 2374 2059 2444 quidem

2168 1824 2264 1877 καὶ
2293 1825 2468 1896 ὀροφὴ
2504 1824 2628 1895 μισ,
2661 1825 2757 1879 καὶ
2804 1826 2864 1879 ἒν
2880 1843 2934 1878 τι
2958 1826 3095 1895 φῶς,
3129 1828 3225 1880 καὶ
3250 1822 3332 1890 εἷς
3360 1826 3473 1898 ἀὴρ
3495 1826 3731 1896 ἑφὴπλω·

2166 1932 2255 1971 ται
2285 1916 2437 1987 παρὰ
2466 1917 2562 1970 τοῦ
2594 1917 2952 1988 δημιουργοῦ.
2983 1919 3091 1971 Καὶ
3122 1919 3311 1982 ἁπλῶς
3347 1921 3416 1972 τὰ
3446 1920 3575 1986 παρ’
3601 1920 3727 1972 ὲκεί-

2166 2010 2259 2059 vob
2294 2007 2469 2062 κοινά.
2502 2007 2623 2077 Χρὴ
2658 2008 2842 2077 μέντοι
2884 2008 3225 2081 διαστέλλειν
3256 2009 3357 2061 τοῦ
3408 2010 3725 2081 πορρωτέρω

2164 2099 2226 2152 τὸ
2256 2100 2437 2168 ἔγγιον
2469 2100 2690 2170 (βαθμοὶ
2711 2102 2820 2171 γὰρ
2840 2101 3080 2155 πλεῖστοι
3103 2103 3201 2172 τῆς
3229 2103 3616 2178 οίκειὸτητος)·
3644 2104 3725 2155 καὶ

2168 2193 2305 2245 πᾶσι
2337 2192 2437 2262 μὶν
2469 2192 2674 2261 ἀγαθὸν
2703 2189 2844 2248 εῖναι
2888 2195 2949 2248 τὸ
2984 2196 3108 2248 καθ’
3145 2197 3313 2248 αὐτόν
3341 2211 3359 2226 ⁸
3390 2197 3510 2258 τοῖς
3539 2195 3725 2264 μᾶλλον

2167 2283 2225 2336 δὲ
2283 2285 2572 2355 ἐγγυτάτω
2645 2286 2927 2355 ἀναλόγως
2991 2284 3366 2355 γνησιώτερον
3439 2285 3724 2355 προσφέρε-

2173 2375 2319 2431 σθαι.

485 2470 610 2535 erit,
638 2471 844 2525 bonum
873 2479 925 2524 te
958 2483 1159 2539 geras:
1188 2469 1284 2524 sed
1321 2468 1687 2539 propioribus,
1730 2482 1919 2521 eorum
1967 2465 2151 2521 habita
2191 2468 2424 2532 ratione,
2455 2468 2601 2524 velut
2661 2467 2897 2526 arctiore
2939 2478 2990 2525 te
3019 2470 3261 2532 ,vinculo
3303 2468 3557 2542 junctum
3585 2465 3726 2522 exhi-

484 2561 638 2617 beas.

1206 2654 1388 2711 LVIII.

560 2754 639 2807 Eo
685 2760 954 2821 tempore,
1002 2764 1115 2819 quo
1180 2750 1553 2805 navicularius
1606 2765 1738 2805 aura
1801 2763 2060 2826 prospere

486 2845 649 2901 ﬂante
674 2857 740 2896 ac
774 2839 986 2910 placide
1021 2840 1134 2893 vela
1165 2839 1420 2909 implente
1453 2838 1673 2905 fruitur,
1707 2856 1830 2896 cum
1864 2855 2060 2910 magna

486 2936 695 2992 scilicet
725 2943 810 2990 est
834 2932 1122 2995 serenitas,
1154 2946 1254 2988 nec
1305 2933 1413 2988 ulla
1444 2947 1530 2988 res
1588 2932 1740 2987 triste
1798 2932 1928 3005 quid
1954 2933 2057 3010 mi-

486 3036 665 3093 natur,
697 3039 806 3079 non
838 3023 990 3094 prius
1008 3024 1077 3078 ob
1106 3039 1224 3078 eam
1250 3024 1663 3093 prosperitatem
1713 3024 1877 3080 libere
1902 3025 2055 3081 laetus

486 3127 591 3183 est,
618 3131 784 3185 quam
826 3114 949 3168 navi
990 3123 1136 3168 recte
1173 3104 1536 3183 prospexerit,
1568 3124 1623 3168 ut
1660 3115 1904 3184 asperior
1937 3130 2056 3168 mn-

2874 2653 3006 2710 NH'.

2234 2742 2307 2801 Εὖ
2340 2745 2615 2818 πνεούσης
2645 2744 2939 2801 ἀπολαύων
2966 2744 3272 2815 ναύκληρος
3299 2743 3499 2816 αὔρας,
3522 2743 3719 2814 ἡμέρως

2161 2840 2306 2895 ἱστία
2335 2839 2669 2910 πληρούσης,
2699 2838 2915 2910 αίθρίας
2947 2839 3045 2907 μὲν
3065 2836 3234 2908 οὖσης
3262 2839 3492 2907 πολλῆς,
3509 2832 3712 2906 μηδενὸς

2159 2932 2217 2986 δὲ
2248 2933 2574 3003 πράγματος
2600 2931 2950 2993 ἀπειλοῦντός
2984 2949 3035 2984 τι
3075 2931 3360 3001 δυσχερὲς,
3389 2930 3451 2983 ού
3481 2924 3716 2996 καθαρῶς

2160 3025 2239 3097 τῷ
2282 3024 2619 3094 εὐτυχήματι
2653 3024 2854 3094 χαίρει,
2905 3023 3037 3093 πρὶν
3082 3023 3404 3093 ἢδιάθιιται
3439 3020 3610 3081 καλῶς
3655 3016 3715 3067 τὰ

2161 3116 2304 3168 κατὰ
2331 3115 2431 3181 τὴν
2458 3112 2612 3176 ναῦν,
2644 3113 2719 3177 ὼς
2858 3111 3090 3164 δεδιέναι
3120 3112 3470 3181 τραχυτέραν
3505 3104 3715 3179 μεταδο-

487 3206 624 3260 latio
655 3204 945 3259 metuenda
982 3219 1091 3257 non
1123 3204 1213 3257 sit.
1247 3201 1313 3258 Et
1344 3205 1562 3273 quidem
1616 3205 1850 3274 peractis
1874 3205 2054 3260 omni-

2160 3206 2281 3275 λήν.
2306 3204 2426 3259 Κᾶν
2459 3205 2634 3257 πάντα
2673 3203 2856 3274 πράξῃ
2890 3203 2957 3257 τὰ
2989 3203 3252 3268 σώζοντα,
3291 3205 3397 3257 κᾶν
3427 3203 3526 3273 ὁρᾷ
3556 3202 3600 3254 oi
3629 3199 3712 3262 τὴν

487 3297 612 3359 bus.
641 3296 709 3351 ad
758 3295 1188 3350 incolumitatem
1256 3295 1680 3364 pertinentibus,
1735 3296 1946 3350 etiamsi
1974 3296 2053 3350 vi-

482 3394 608 3445 deat
646 3389 826 3443 navim
851 3399 904 3449 et
929 3387 1103 3443 ventis
1139 3396 1195 3440 ct
1230 3387 1519 3451 concitatis
1555 3401 1744 3441 eorum
1774 3370 1823 3440 ri
1875 3387 2056 3442 llucti-

482 3488 584 3540 bus
613 3482 907 3536 lirntiorem
932 3495 1088 3543 esse;
1138 3495 1246 3533 non
1309 3491 1486 3534 tamen
1551 3488 1647 3533 aut
1693 3480 2053 3534 temeritatem

482 3574 689 3633 laudat.
745 3581 839 3625 aut
867 3570 1170 3624 admiratur
1203 3570 1527 3634 secordiam,
1560 3570 1653 3623 sed
1708 3569 1910 3638 vigilat,
1963 3571 2057 3624 sed

482 3662 696 3729 metuit,
719 3672 813 3716 seu
831 3671 1043 3735 portum
1070 3669 1242 3727 optat,
1266 3658 1411 3727 quod
1443 3659 1623 3729 ignOta
1640 3658 1709 3712 sit
1736 3658 1783 3713 ei
1811 3658 1974 3714 sortis
1988 3673 2056 3713 ac

482 3754 579 3808 tati
618 3755 759 3807 alea.
800 3752 931 3808 Cum
962 3766 1095 3821 ergo
1124 3766 1212 3805 res
1260 3760 1368 3805 tuas
1396 3766 1563 3806 cursu
1619 3749 1870 3806 feruntur
1932 3766 2058 3821 pro-

480 3861 663 3913 spero,
719 3843 979 3916 pacisque
1032 3844 1193 3898 bonis
1231 3843 1451 3909 frueris,
1482 3842 1694 3919 bellica
1752 3843 1844 3896 tibi
1913 3858 2057 3898 curae

482 3947 667 4000 sunto,
709 3948 870 4006 teque
894 3936 1039 3988 velut
1071 3934 1137 3990 ad
1165 3936 1363 3988 bellum
1394 3935 1690 4002 gerendum
1722 3942 2057 3995 exerceto,et

482 4030 732 4085 subditos
767 4029 832 4085 ad
874 4028 978 4084 hoc
1012 4040 1136 4084 tuos
1184 4037 1508 4097 praeparato.
1568 4027 1743 4082 Simul
1770 4043 1865 4097 spe
1914 4027 2057 4082 bona

481 4122 677 4186 frctus.
706 4121 823 4189 ipse
860 4130 913 4174 te
952 4122 1294 4182 conﬁrmato,
1331 4134 1401 4173 ne
1434 4118 1754 4187 languescas
1783 4136 1798 4173 :
1829 4134 1930 4174 nec
1959 4120 2058 4173 mi-

484 4229 589 4268 nus
616 4202 861 4267 animum
892 4212 1325 4272 condocefacito,
1378 4209 1699 4264 temerarius
1727 4217 1783 4263 ut
1813 4224 1935 4263 esse
1969 4226 2057 4264 ca-

486 4318 640 4367 veas,
676 4304 721 4357 si
753 4303 976 4357 victoria
1007 4302 1074 4355 de
1131 4301 1379 4379 hostibus
1413 4300 1662 4369 potiaris.
1714 4301 2050 4355 lncertitudi-

483 4410 613 4450 nem
636 4394 870 4463 denique
908 4394 1142 4447 fortuna:
1166 4392 1390 4456 veritus,
1422 4406 1637 4459 semper
1666 4393 1907 4460 opinare,
1942 4392 2054 4445 ﬁeri

481 4502 661 4556 posse,
693 4495 750 4540 ut
780 4486 1001 4540 labaris.
1038 4483 1135 4538 Est
1157 4485 1301 4538 enim
1334 4481 1571 4544 diliicile.
1595 4498 1908 4551 prosperam
1934 4484 2057 4539 illos

2158 3295 2357 3349 ὁλκάδα
2391 3294 2631 3365 ἀνέμων,
2661 3294 2755 3347 καὶ
2779 3294 2888 3347 τῶν
2915 3293 3024 3347 ἀπὸ
3062 3293 3230 3348 τῶνδε
3263 3295 3547 3365 κυμάτων,
3582 3293 3713 3357 ἰσχυ-

2160 3386 2408 3457 ροτέραν,
2435 3385 2560 3439 οὔτε
2590 3384 2790 3455 θράσος
2815 3385 3120 3449 ἐπαινέσει,
3152 3383 3274 3438 οὔτε
3306 3385 3578 3456 ῥαθυμίαν
3600 3381 3714 3435 θαν-

2160 3481 2326 3550 μάσέι
2354 3493 2369 3509 °
2402 3478 2519 3532 ἀλλ’
2547 3478 2839 3547 ἀγρυπνεῖ,
2880 3476 3016 3530 ἀλλὰ
3048 3477 3308 3544 δέδοικεν,
3344 3478 3479 3533 ἀλλὰ
3511 3473 3710 3544 λιμένος

2158 3575 2393 3642 ἐφίεται,
2448 3574 2539 3627 τὸν
2576 3576 2676 3643 τῆς
2727 3575 2922 3643 μοίρας
2980 3572 3146 3627 κύϐον
3184 3574 3286 3626 οὐκ
3338 3570 3705 3636 ἐπιστάμενος·

2159 3667 2328 3720 Ὅταν
2365 3666 2546 3719 τοίνυν
2583 3666 2727 3718 κατὰ.
2779 3660 2913 3734 ῥοῦν
2942 3682 3024 3717 σοι
3052 3656 3223 3737 τρέχῃ
3249 3664 3319 3717 τὰ
3353 3661 3706 3732 εὐτυχήματα.

2157 3760 2250 3812 καὶ
2278 3759 2387 3810 τῶν
2419 3760 2517 3825 τῆς
2546 3757 2774 3825 εἰρήνης
2807 3754 2988 3808 καλῶν
3015 3754 3324 3825 ἀπολαύῃς,
3356 3753 3424 3808 τὰ
3460 3744 3709 3817 πολεμικὰ

2159 3849 2474 3920 μελετάσθω
2515 3864 2618 3909 σοι,
2646 3848 2745 3901 καὶ
2771 3845 3020 3917 γύμναζε
3057 3845 3255 3899 σαυτὸν
3280 3846 3359 3909 ὡς
3388 3843 3518 3913 πρὸς
3565 3838 3707 3891 πόλει

2160 3957 2261 4009 μον
2282 3957 2294 3968 ⁸
2324 3942 2416 3992 καὶ
2444 3938 2697 4009 ἑτοίμαζε
2722 3941 2858 4009 πρὸς
2892 3938 3050 3990 τοῦτο
3074 3938 3135 3989 τὸ
3168 3938 3434 4005 ὑπήκοον.
3465 3934 3569 3987 Καὶ
3594 3946 3703 3982 veo-

2159 4030 2255 4101 ροῦ
2279 4030 2380 4102 μὲν
2410 4032 2529 4093 ταῖς
2558 4031 2741 4083 ἐλπίσι
2767 4033 2880 4092 ταῖς
2915 4032 3205 4099 χρησταῖς,
3227 4030 3379 4092 ὅπως
3413 4027 3489 4098 μὴ
3517 4020 3706 4091 νωθρὶς

2156 4124 2336 4188 γένοιο
2358 4134 2374 4151 ·
2450 4120 2649 4190 μελέτα
2687 4120 2743 4172 δὲ
2796 4119 2873 4190 μὴ
2899 4119 3303 4190 δθρασύνεσθαι,
3336 4122 3387 4174 εί
3418 4119 3524 4171 τῶν
3566 4113 3706 4167 πολε-

2156 4211 2297 4281 μίων
2327 4215 2682 4284 κρατήσειας.
2732 4212 2805 4268 Τὸ
2837 4215 2894 4268 δὲ
2922 4214 3089 4285 τύχης
3145 4214 3378 4282 ἀόρατον
3423 4205 3622 4270 δεδιὼς,
3652 4203 3705 4257 τ’)

2159 4303 2429 4372 σφαλῆναι
2466 4306 2835 4376 προσδόκιμον
2867 4305 2981 4374 ἔχε.
3026 4306 3300 4373 Ἐνεγκεῖν
3333 4305 3442 4374 γὰρ
3470 4297 3706 4367 εὐτυχίαν

2157 4396 2391 4464 χαλεπὸν
2422 4397 2547 4459 τοὺς
2582 4395 2658 4467 μὴ
2693 4396 3007 4467 μετριάζειν
3046 4396 3253 4461 εἰδότας
3284 4411 3298 4427 ·
3341 4391 3622 4463 δυστυχίαν
3655 4385 3705 4438 δὲ

2157 4488 2481 4541 ἀνέλπιστον
2517 4491 2708 4558 φέρειν
2734 4490 2921 4559 σχεδὸν
2948 4486 3232 4541 ἀδύνατον.

483 4585 758 4637 fortunam
786 4580 1074 4635 commode
1103 4578 1267 4653 l‘e‘rre,
1293 4578 1386 4647 qui
1427 4580 1706 4632 moderate
1736 4594 1794 4632 se
1843 4594 2029 4651 gerere
2058 4583 2353 4639 nesciunt:
2406 4582 2593 4654 ,iidcm
2636 4590 2693 4637 ut
2744 4597 2897 4653 aequo
2942 4584 3125 4638 animo
3205 4581 3564 4654 calamitatem
3627 4574 3702 4628 in-

479 4688 849 4749 exspectatum
888 4675 1084 4742 ferant,
1120 4691 1284 4746 prope
1318 4675 1431 4728 ﬁeri
1458 4674 1661 4742 nequit.

1207 4770 1345 4825 LIX.
2056 4830 2061 4835 .

556 4872 609 4925 ld
628 4884 856 4938 quoque
882 4882 991 4921 non
1023 4865 1158 4918 levis
1182 4879 1304 4918 esse
1341 4861 1598 4916 momenti
1631 4863 1945 4930 praeclaram
1979 4864 2046 4917 ad

479 4965 926 5035 gubernationem
986 4960 1225 5012 duxeris.
1304 4954 1508 5011 Omnes
1563 4958 1707 5007 enim
1767 4955 2046 5023 principes

436 5057 678 5110 animis
731 5056 846 5108 suis
897 5049 1370 5118 tranquillitatem,
1433 5057 1691 5113 quiantam
1750 5046 2044 5098 maximam

480 5156 732 5219 possunt,
762 5146 989 5201 solerter
1029 5156 1326 5209 procurare
1356 5140 1571 5191 debent.
1621 5135 1756 5189 Nam
1794 5138 1871 5189 uti
1905 5146 2045 5189 tentv

479 5249 738 5308 pestatem
772 5235 943 5291 nubes
974 5232 1215 5296 adducit,
1251 5232 1324 5284 ita
1361 5229 1808 5297 tranquillitatem
1836 5227 2046 5279 sereni-

478 5330 735 5384 taseﬂicit
766 5344 780 5380 :
808 5337 977 5393 utque
1009 5325 1196 5385 Iuntini
1246 5322 1638 5390 cogitationum
1696 5320 1929 5372 maxime
1951 5334 2053 5374 so-i

480 5421 592 5473 lent
618 5417 832 5472 oliicere
866 5413 1320 5485 perturbationes,
1352 5410 1531 5462 mollis
1560 5424 1621 5462 ac
1649 5409 1876 5461 remissa
1910 5410 2040 5470 vita,

475 5511 734 5573 formido,
774 5506 1051 5563 temeritas
1081 5514 1135 5558 ct
1190 5502 1458 5573 quidquid
1484 5512 1565 5555 est
1609 5501 1856 5569 utrisque
1910 5515 2041 5553 con-

476 5604 675 5667 simile,
757 5601 841 5657 sic
908 5597 1297 5653 meditationes
1364 5605 1676 5665 opportune
1755 5592 2038 5656 institutae,

476 5693 909 5768 perturbationis
971 5697 1249 5758 expertes,
1300 5689 1384 5741 vel
1419 5687 1471 5740 in
1506 5686 1715 5763 primis_
1762 5682 2055 5741 ltontincm‘

474 5807 505 5841 e
536 5786 849 5841 ditlioultate
909 5792 1141 5853 possunt
1199 5778 1518 5847 explicare:
1554 5777 1774 5846 quando
1816 5777 2039 5833 conticri

400 5872 419 5887 ’
484 5890 679 5942 potest,
707 5886 762 5931 ut
786 5884 836 5930 et
858 5885 1011 5944 parta
1032 5872 1186 5942 prius
1210 5867 1383 5940 gloria
1399 5881 1499 5939 pro
1523 5867 1731 5923 viribus
1749 5877 2035 5938 augeatur,

2858 4776 2988 4829 NB’.

2222 4867 2374 4933 Μηδὲ
2406 4868 2582 4918 ἐκεῖνο
2615 4867 2813 4937 μικρὸν
2840 4866 3002 4937 ἡγοῦ,
3036 4869 3171 4937 πρὸς
3198 4869 3258 4921 τὸ
3285 4867 3504 4921 διοικεῖν
3533 4854 3697 4915 καλῶς

2148 4956 2431 5009 δύνασθαι.
2465 4956 2587 5025 Χρὴ
2622 4958 2732 5027 γὰρ
2779 4958 2985 5018 πάντας
3016 4958 3284 5026 ἄρχοντας
3326 4956 3557 5024 γαλήνην
3591 4947 3697 5002 ταῖς

2149 5048 2333 5100 αὐτῶν
2357 5047 2554 5115 ψυχαῖς
2587 5048 2677 5100 καὶ
2710 5049 2960 5117 προνοεῖν
2991 5049 3083 5099 καὶ
3108 5050 3431 5117 οἰκονομεῖν,
3453 5046 3570 5096 ὅσον
3597 5031 3695 5088 οἷόν

2146 5154 2229 5209 τε.
2263 5132 2519 5205 Χειμῦνα
2554 5138 2655 5206 μὲν
2690 5139 2799 5209 γὰρ
2829 5140 2986 5205 νέφος
3016 5139 3235 5206 ἐπάγει,
3268 5139 3505 5207 γαλήνην
3532 5131 3586 5183 δὲ
3615 5126 3692 5179 αἶα

2149 5228 2277 5305 θρία
2316 5232 2497 5283 ποιεῖ·
2537 5231 2632 5284 καὶ
2678 5230 2975 5298 λογισμοὺς
3022 5231 3121 5294 μὲν
3150 5231 3384 5300 τυφλοῦν
3435 5223 3690 5292 πεφύκασι

2152 5321 2383 5389 μάλιστα
2417 5320 2679 5390 ταραχαὶ,
2710 5320 2802 5374 καὶ
2839 5321 2953 5391 βίος
2997 5320 3142 5384 ἅπας
3177 5323 3360 5392 ὑγρὸς,
3398 5317 3487 5372 καὶ
3517 5307 3687 5369 δειλίαν

2146 5402 2239 5463 καί
2275 5412 2575 5481 θρασύτης,
2611 5410 2707 5465 καὶ
2753 5413 2876 5465 ὅσον
2927 5413 3258 5483 ἀμφοτέροις
3291 5408 3685 5482 παραπλήσιον’

2151 5503 2373 5571 μελέται
2414 5503 2468 5555 6::
2517 5505 2613 5556 σὺν
2646 5501 2721 5573 τῷ
2770 5504 2970 5574 καιρῷ,
3002 5508 3245 5577 ταραχῆς
3284 5490 3573 5570 ἐλεύθεραι,
3604 5489 3686 5543 δύ’

2146 5592 2314 5644 ναιντ’
2343 5594 2408 5646 ἂν
2455 5596 2689 5664 μάλιστα
2724 5596 2943 5648 πάντων
2974 5595 3297 5665 δυσχερείας
3323 5591 3683 5655 ἀπαλλάττειν,

2146 5684 2276 5737 ὅταν
2312 5686 2410 5738 οὐκ
2457 5684 2718 5738 ἀδύνατον
2765 5686 3048 5748 παντελῶς
3078 5690 3173 5742 καὶ
3206 5689 3305 5757 τὴν
3359 5683 3681 5751 ὑπάρχουσαν

2146 5775 2333 5840 αὔξειν
2357 5775 2609 5830 εὔκλειαν
2632 5768 2756 5830 ὅσον
2783 5776 2978 5844 ἔνεστι,
3003 5780 3098 5831 καὶ
3125 5777 3505 5848 προσπορίζειν
3524 5758 3684 5848 ἀγαθά

2151 5869 2248 5920 σὺν
2276 5868 2351 5937 τῷ
2374 5869 2650 5938 διαμένειν
2673 5886 2684 5901 ⁸
2711 5870 2803 5921 καὶ
2826 5871 2982 5922 ταυτὶ
3010 5868 3187 5933 καλῶς
3216 5870 3580 5936 ἐπιστάμενοςν
3607 5847 3674 5922 μὴ
