3978 6604
208 450 348 546 ’357
1206 494 1620 587 Pii/EC‘EPTA
1655 498 2176 561 EDUCATIONIS
2213 498 2492 563 REGI/l3.
3378 506 3488 571 358

239 598 613 651 καταπίπτειν
639 600 757 663 ταῖς
785 607 1112 675 συμφοραῖς,
1148 608 1272 677 μηδ’
1293 609 1571 681 εὐτυχίαις
1594 612 1822 684 ἐπαίρε-

1931 624 1981 670 ct
2015 614 2278 683 ampliora
2309 616 2449 669 bona
2482 630 2590 672 non
2635 624 2844 671 tantum
2886 617 3270 687 acquirantur,
3301 623 3394 676 sed
3432 615 3492 678 οι

240 689 412 753 σθαι,
471 691 607 761 μηδὲ
663 694 882 747 ἀνέσεσι
942 698 1381 766 μαλακίζεσθαι,
1434 704 1497 755 τὸ
1550 703 1818 775 ῥᾳθυμεῖν

1931 706 2088 761 solida
2119 706 2500 777 durabiliaque
2526 709 2844 765 reddantur.
2867 710 3044 780 Atque
3088 711 3174 767 bis
3199 723 3348 768 recte
3393 729 3493 769 co-

240 780 523 876 προῦργου
548 784 777 854 θέμενος
803 802 817 817 ’
861 787 1010 853 ὅπως
1048 792 1225 862 ψυχῆς
1255 794 1598 865 γενναιότητι
1623 797 1817 850 δεινῶν

1931 798 2107 866 gnitis,
2140 814 2273 854 cave
2290 799 2694 856 calamitatibus
2726 803 3184 869 succumbas,nec
3216 808 3495 876 prosperis

238 872 507 941 ἀφύκτων
553 876 853 932 δοκούντων
895 881 1374 952 ἀπαλλαττόμενος
1414 883 1649 957 (ἀνάγκη
1707 889 1818 959 γὰρ

1931 878 2197 957 efferatis,
2272 907 2375 945 nec
2441 893 2725 961 amplexus
2780 894 3049 962 ignaviam
3099 896 3358 952 dissolute
3419 900 3500 952 vi-

238 966 423 1020 αὖτῶν
448 968 701 1039 μετέχειν
742 971 1029 1043 ἄνθρωπον
1059 976 1211 1048 ὄντα)
1241 977 1429 1050 δείξῃς
1458 980 1680 1050 μεγέθει
1713 984 1817 1055 φύ-

240 1076 383 1124 σεως
417 1060 516 1131 τήν
548 1062 830 1131 βασιλείαν
854 1065 1144 1126 ἀνθοῦσαν.

982 1330 1037 1370 5'!

312 1418 474 1475 Ἥκω
502 1438 586 1474 σοι
614 1422 788 1488 λέξων
815 1422 844 1478 ὃ
876 1425 1158 1495 πράττεις,
1190 1426 1383 1501 ῶσπερ
1416 1433 1468 1485 oi
1497 1430 1609 1496 τοῖς
1635 1432 1818 1486 θέουσι

1922 983 2097 1034 vendo
2121 982 2419 1038 emolliaris
2456 1001 2472 1038 :
2507 996 2567 1038 ιιι
2589 985 2756 1040 animi
2822 986 2875 1040 vi
2937 1002 3199 1057 generosa
3234 990 3498 1045 liberatus

1917 1082 1949 1121 e
1975 1068 2160 1133 malis,
2202 1085 2323 1138 qua:
2359 1071 2693 1128 inevitabilia
2749 1075 3004 1131 videntur
3032 1080 3110 1144 (et
3141 1095 3329 1133 eorum
3377 1081 3496 1134 lieri

1920 1170 1972 1215 te
2002 1161 2342 1233 participem,
2403 1180 2527 1219 cum
2564 1168 2640 1222 sis
2671 1169 2856 1233 homo,
2901 1185 3126 1226 necesse
3154 1173 3305 1241 est),
3342 1173 3501 1228 indo-

1920 1254 1989 1311 lis
2012 1264 2066 1311 et
2097 1255 2301 1326 ingenii
2340 1257 2720 1342 magnitudine
2749 1276 2978 1333 regnum
3009 1261 3213 1318 ﬂoreus
3251 1266 3482 1321 elﬁcias.

2014 1360 2023 1369 ‘
2644 1351 2760 1407 LX.

1989 1439 2222 1496 Tradam
2258 1442 2376 1508 tibi,
2416 1446 2559 1514 quod
2596 1461 2748 1515 agas,
2772 1461 2964 1501 eorum
2998 1460 3172 1515 more,
3211 1450 3305 1518 qni
3363 1464 3494 1504 cur-

232 1514 706 1583 ϐιακελευόμενοι,
739 1516 966 1571 Πλάτων
1013 1518 1141 1590 ἔφη.
1170 1521 1390 1591 Μηδένα
1420 1526 1605 1588 κακῶς
1635 1525 1818 1594 εἴπῃς,

1931 1541 2103 1587 rentes
2137 1533 2390 1601 incitant,
2413 1537 2572 1591 utait
2595 1514 2768 1593 Plato.
2810 1538 3109 1594 Maiedicus
3157 1514 3286 1610 erga
3322 1542 3494 1595 nemi-

230 1605 398 1676 θυμῷ
427 1605 719 1674 δουλεύων,
748 1606 781 1678 ἢ
806 1609 1167 1680 χαριζόμενος
1185 1627 1199 1641 ·
1233 1613 1369 1683 μηδὲ
1394 1613 1598 1686 πλύνῃς
1630 1614 1821 1685 ὕϐρεσι

1931 1637 2047 1676 nem
2088 1624 2277 1687 literis,
2330 1625 2629 1684 iracundia:
2689 1630 2938 1685 serviens
2981 1642 3074 1685 aut
3128 1633 3491 1701 gratiﬁcans:

229 1697 618 1767 κακοδαίμονά
648 1716 791 1762 τινα,
827 1699 1054 1765 δικαίως
1086 1702 1152 1755 ἂν
1181 1701 1522 1776 ἐλεούμενον,
1552 1709 1605 1761 εί
1628 1725 1713 1772 τις
1745 1707 1821 1781 μὴ

1931 1729 2061 1770 neve
2107 1719 2456 1774 contumeliis
2511 1722 2811 1791 exagitaris
2862 1722 3140 1777 hominem
3194 1724 3494 1787 infelicem,

224 1789 337 1857 τῆς
371 1788 588 1857 φύσεως
615 1791 714 1861 τῆς
744 1792 932 1860 κοινῆς
969 1792 1302 1849 ἐπιλάθοιτο.
1341 1796 1484 1868 Ἔφη
1522 1798 1577 1852 δέ
1606 1815 1689 1859 τις
1728 1799 1825 1853 καὶ

1931 1806 2404 1864 commiseratione
2467 1811 2694 1879 dignum
2756 1813 2959 1881 potius,
2998 1815 3046 1868 si
3100 1814 3225 1883 quis
3285 1825 3496 1869 natura:

226 1880 347 1933 τῶν
378 1881 484 1946 ἔξω
518 1881 696 1950 σοφῶν
716 1898 729 1912 ·
779 1882 851 1936 Τὸ
876 1883 1120 1955 ὑϐρίζειν
1164 1887 1275 1940 τῶν
1314 1886 1472 1941 τοῦτο
1499 1889 1820 1979 ποιούντων,

1931 1901 2235 1953 communis
2292 1902 2543 1958 oblivisci
2604 1880 2767 1958 nolit.
2810 1905 2986 1959 Etiam
3036 1880 3495 1976 tle-sapientibus

227 1973 496 2045 οὖχὶτῶν
525 1975 899 2045 ὑϐριζομένων
920 1978 1127 2047 γίνεται
1157 1978 1432 2052 ἔγκλημα.
1454 1956 1655 2054 Ούῖιὴν
1682 1982 1817 2036 ἀλλὰ

2346 1956 2351 1957 ,
2466 1956 2515 1958 -_
3155 1956 3492 1976 ,Ἵππην-μ-

1931 1991 2176 2047 extrariis
2193 1993 2409 2061 quidam
2429 1996 2591 2060 dixit,
2609 1997 3059 2052 contumeliosam
3081 1998 3492 2052 insectationem

230 2066 336 2118 καὶ
360 2066 491 2126 τοὺς
510 2067 684 2138 τούτῳ
706 2068 1106 2137 ἐντρυφῶντας,
1126 2072 1219 2124 καὶ
1238 2073 1429 2142 συχνὸν
1449 2073 1555 2127 τῶν
1575 2073 1818 2141 ἀδελφῶν

1931 2096 2032 2135 non
2061 2084 2141 2138 eis
2166 2085 2384 2140 crimini
2415 2087 2559 2155 dari,
2592 2090 2682 2159 qui
2724 2089 3029 2158 patiantur,
3066 2092 3159 2143 sed
3196 2089 3332 2158 ipsis
3362 2104 3493 2144 auc-

233 2153 457 2222 γέλωτα
476 2157 863 2225 καταχέοντας,
886 2156 919 2230 ή
941 2158 1150 2212 πείθειν
1171 2160 1509 2231 ἀποσχέσθαι
1538 2163 1636 2234 τῆς
1660 2164 1817 2217 νόσου

235 2246 469 2316 ταύτης,
516 2248 551 2318 ἢ
596 2250 894 2318 πειρᾶσθαι
936 2253 1151 2315 πάντως
1196 2254 1445 2308 κωλύειν.
1478 2255 1661 2309 Κακία
1708 2258 1817 2324 γὰρ

246 2341 591 2409 προεστῶτος
618 2342 712 2396 καὶ
734 2342 882 2396 τοῦτ’
906 2343 972 2398 ἂν
1002 2345 1113 2415 εἴη,
1151 2346 1214 2399 τὸ
1247 2346 1348 2406 τὰς
1376 2346 1488 2402 τῶν
1515 2348 1692 2402 ἄλλων
1724 2364 1824 2401 κα-

252 2435 397 2494 κίας,
428 2433 548 2486 ἐνὸν
582 2434 820 2505 ἐπέχειν,
852 2437 947 2507 ἐᾷν
976 2437 1070 2490 ἐπὶ
1099 2437 1170 2492 τά
1204 2440 1390 2509 πρόσω
1424 2445 1643 2512 χωρεῖν.

1927 2176 2161 2232 toribus.
2193 2176 2333 2241 Quin
2362 2189 2416 2233 et
2448 2179 2592 2245 illos,
2626 2182 2827 2251 quibus
2858 2183 2965 2236 hoc
2986 2183 3171 2236 vitium
3227 2182 3489 2250 voluptati

1923 2279 2026 2329 est,
2063 2266 2267 2337 quique
2302 2269 2587 2339 frequente
2611 2272 2882 2326 cachinno
2913 2270 3177 2326 fratribus
3207 2262 3473 2324 insultant

1930 2359 2011 2411 vel
2047 2362 2372 2425 persuadere
2397 2363 2587 2427 debes,
2611 2365 2679 2419 ab
2707 2365 2810 2418 hoc
2830 2365 2906 2419 uti
2936 2366 3128 2418 morbo
3159 2363 3489 2423 abstineant,

1930 2448 2012 2502 vel
2040 2451 2266 2507 omnino
2306 2453 2440 2508 dare
2467 2469 2715 2524 Operam,
2746 2464 2808 2510 ut
2837 2471 2935 2510 eos
2970 2471 3001 2510 a
3046 2455 3296 2509 facinore
3332 2467 3492 2507 coer-
3534 2484 3539 2489 ι

258 2530 396 2618 ceas’.
428 2525 563 2580 Nam
596 2537 649 2583 et
679 2528 782 2583 hoc
815 2530 950 2585 vitio
985 2530 1206 2587 dabitur
1234 2535 1335 2600 illi,
1360 2535 1452 2604 qui
1477 2552 1600 2592 cum
1623 2546 1893 2610 potestate
1918 2552 2025 2608 est,
2058 2546 2127 2609 si,
2201 2562 2326 2602 cum
2376 2548 2614 2604 aliorum
2685 2549 2934 2605 inhibere
2977 2548 3111 2603 vitia
3162 2546 3356 2618 possit,
3429 2560 3492 2601 ea

258 2617 424 2672 libere
448 2620 703 2689 progredi
749 2621 911 2677 sinat.

970 2716 1093 2772 SA’.

330 2808 421 2860 Σὺν
450 2808 516 2862 ἂν
550 2808 638 2878 εἴη
668 2809 892 2862 κάκεῖνο
925 2809 1213 2879 πράττειν,
1245 2811 1340 2863 καὶ
1368 2812 1572 2875 παντὸς
1605 2814 1817 2868 ἐθέλον-

268 2918 348 2962 τος
375 2902 584 2973 ἄρχειν,
611 2902 804 2973 κιρνᾷν
829 2904 949 2965 ταῖς
975 2902 1208 2973 δωρεαῖς
1235 2905 1580 2974 ἀστειότητα,
1611 2908 1702 2959 καὶ
1727 2925 1823 2960 τα·
1842 2912 1858 2922 ⁸

269 2993 446 3062 χύτητι
480 2996 775 3047 συνάπτειν
805 2994 998 3056 αὑταῖς
1029 2994 1092 3047 τὸ
1126 2993 1320 3071 πέρας,
1350 2996 1447 3072 ὅπη
1474 2998 1697 3075 owe-rh;
1731 3001 1826 3057 Δεῖ

268 3084 320 3137 δὲ
348 3088 539 3159 μέτρον
564 3084 750 3147 αὐτοῖς
774 3084 1051 3164 μιγνύναι,
1074 3094 1141 3163 τῇ
1175 3095 1242 3163 σῇ
1264 3092 1496 3164 δυνάμει
1522 3096 1822 3165 συμϐαῖνον

269 3177 353 3227 καὶ
373 3178 479 3238 τῦῖς
510 3176 925 3255 ἐπιτηδεύμασι,
959 3182 1055 3237 καὶ
1098 3184 1347 3255 ποιότησι
1380 3184 1488 3237 τῶν
1518 3186 1821 3256 δεχομένων

271 3267 359 3344 τὴν
380 3270 557 3347 χᾶριν.
575 3276 663 3338 Ὠς
690 3276 739 3328 εί
771 3275 846 3346 μή
874 3275 951 3344 τῷ
974 3275 1282 3345 γιγνομένῳ
1307 3276 1419 3337 τοῖς
1449 3273 1587 3333 ὅλοις
1618 3275 1820 3344 χρῷτο,

270 3366 375 3418 ἀλλ’
402 3368 520 3437 ήτοι
544 3365 933 3437 ἀγροικότερον
949 3381 1031 3428 τις
1057 3364 1305 3435 δωροίτο,
1323 3366 1355 3436 ἢ
1376 3366 1466 3418 τὸν
1488 3370 1679 3435 καιρὸν
1706 3366 1822 3420 ἐνὸν

272 3464 565 3533 συντεμεῖψ,
614 3461 688 3515 ὅδ’
724 3460 976 3532 ἐπίτηδες
1006 3461 1361 3515 ἀναϐἀλλοιτο
1383 3478 1399 3494 ·
1448 3463 1544 3515 καὶ
1571 3463 1688 3532 δοίη
1719 3461 1820 3531 μὲν
1848 3444 1890 3502 c

272 3552 395 3608 κύνα
435 3555 512 3624 τῷ
549 3553 808 3623 ναυτικῷ,
849 3554 967 3622 δοίη
1011 3554 1066 3608 δὲ
1102 3554 1388 3626 θηρεύοντι
1438 3554 1669 3624 κώπηνσ
1727 3555 1821 3608 καὶ

271 3644 562 3716 στρατιώτῃ
622 3643 722 3712 μὲν
764 3646 965 3707 ἵππους
999 3646 1150 3711 δέκα,
1187 3646 1447 3715 ίππάριον
1489 3645 1547 3697 δὲ
1586 3645 1821 3716 πονηρὸν

267 3735 338 3804 τῷ
389 3738 740 3804 στρατιωτῶν
785 3738 1051 3806 ήγεμόνν
1087 3738 1340 3806 ἄχαριςή
1388 3736 1546 3807 χάρις
1576 3736 1690 3806 ἠδε³
1726 3735 1825 3788 καὶ,

265 3822 460 3896 βλάϐην
486 3826 623 3880 οἴσει
658 3825 918 3896 μεγίστην
949 3825 1154 3878 πολλῶν
1178 3824 1361 3878 ἕνεκα.

986 4105 1090 4162 33'.

326 4201 497 4274 Τριχῆ
546 4198 641 4254 τοῦ
675 4200 870 4270 χρόνου
908 4199 1293 4269 μεριζομένου,
1323 4199 1401 4260 εἰς
1435 4197 1694 4267 σήμερον,
1731 4196 1822 4249 καὶ

260 4293 447 4365 αθριον
484 4293 580 4347 καὶ
629 4291 778 4362 χθὲς.
812 4291 964 4343 οὐδέν
993 4307 1055 4358 γε
1103 4292 1267 4359 μέρος
1297 4288 1504 4342 τούτων
1534 4289 1821 4358 ἡμέτερον,

264 4385 604 4441 σκοπούντων
630 4383 858 4447 τάληθὲς
889 4382 1278 4450 ἀκριϐέστερον
1302 4396 1317 4410 ·
1345 4381 1404 4432 τὸ
1434 4382 1534 4452 μὲν
1560 4382 1668 4450 γὰρ
1694 4380 1822 4449 χθὲς

259 4476 600 4549 παρελήλυθε
626 4491 639 4506 ·
670 4476 732 4529 τὸ
754 4475 798 4528 δ’
823 4474 1013 4545 αὔριον
1040 4472 1193 4527 οὔπω
1214 4474 1403 4541 γέγονε
1430 4491 1441 4502 ’
1465 4473 1526 4525 τὸ
1555 4474 1820 4542 σήμερον,

254 4573 310 4624 ὲν
337 4566 383 4640 ᾧ
410 4570 676 4638 δοκοῦμεν
723 4568 992 4637 ίδρύσθαι,
1022 4569 1091 4618 τὰ
1121 4564 1215 4618 τοῦ
1257 4565 1666 4634 θαυματοποιοῦ
1695 4567 1804 4616 Δαι-

251 4665 414 4719 δάλου
450 4663 800 4739 τεχνάσματα
837 4662 916 4721 εἰς
954 4658 1259 4729 ὑπερϐολὴν
1291 4659 1508 4727 ἀπάτης
1541 4657 1821 4725 ὑπερήλα-

251 4774 368 4811 σεν.
412 4756 501 4809 Ἐν
541 4753 650 4824 γὰρ
683 4753 881 4822 ἀκαρεῖ
910 4754 1008 4821 τῆς
1041 4749 1189 4820 ῶρας
1217 4749 1554 4819 τεμνόμενον
1584 4748 1821 4817 διαρρεῖ,
1857 4792 1900 4845 D

251 4848 580 4919 κρατεῖσθαι
610 4845 990 4915 νομιζόμενον,
1020 4845 1115 4895 καὶ
1145 4840 1494 4894 διολισθαίνει
1530 4838 1696 4907 πριιιὴ
1724 4854 1823 4890 κα-

250 4940 363 5002 λῶς
392 4937 678 5005 νοηθῆναι.
703 4936 814 4989 Καὶ
845 4935 941 5003 μὲν
964 4933 1028 5003 δὴ
1055 4932 1260 5002 βέλίτιον
1289 4930 1638 4999 ἀπολαύομεν
1665 4928 1822 4981 ἐνίων

255 5029 632 5097 ἐλπιζομένων
665 5027 698 5095 ἦ
727 5027 861 5092 πρὸς
899 5026 1044 5094 ἡμᾶς
1091 5022 1600 5092 παραγιγνομένων,
1633 5020 1824 5091 φεύγει

254 5119 365 5187 γὰρ
405 5118 503 5186 τὴν
536 5115 812 5185 αἴσθησιν,
862 5115 969 5186 πρὸ
1003 5112 1096 5166 τοῦ
1133 5114 1343 5165 τελέσαι
1371 5114 1438 5165 τὰ
1468 5113 1588 5165 κατ’
1616 5109 1825 5173 ἐλπίδα,

256 5211 353 5262 καὶ
384 5210 544 5260 λυπεί
573 5207 649 5276 τῷ
675 5207 986 5273 ἀποπτῆναι
1011 5206 1190 5267 πλέον,
1225 5207 1258 5277 ή
1285 5204 1565 5275 χαρίζεται
1590 5202 1666 5272 τῷ
1699 5218 1829 5269 συγ-

256 5301 557 5369 γεγονέναι.
621 5300 838 5353 Μᾶλλον
888 5299 944 5351 δὲ
994 5301 1061 5351 τὰ
1115 5299 1236 5351 καθ’
1288 5301 1431 5368 ἡμᾶς
1490 5299 1722 5357 ἅπαντα,
1764 5296 1828 5365 ἦν

258 5394 501 5465 ἀκριϐῶς
556 5392 810 5464 θεωρήσῃ
868 5409 975 5457 τις,
1040 5391 1269 5461 ὀρνίθων
1309 5393 1465 5460 δίκην
1504 5389 1831 5459 ⁴πετομένων

259 5488 404 5556 ἡμᾶς
428 5491 786 5556 παρέρχεται.
817 5484 1003 5537 Καίτοι
1028 5486 1121 5535 καὶ
1148 5486 1303 5554 ημεί,
1327 5483 1464 5537 αὐτὰ
1486 5497 1661 5549 παρατ
1675 5480 1826 5549 ρέχο-

263 5594 382 5643 μεν,
408 5576 670 5646 διηνεκῶς
693 5577 834 5645 ἡμᾶς
866 5575 1303 5647 παρατρέχοντσ..
1329 5576 1438 5626 Καὶ
1465 5573 1524 5626 τὸ
1555 5571 1689 5627 πολὺ
1714 5573 1826 5624 δει-

257 5671 504 5733 νότατον,
556 5668 908 5739 ἁνεπινόητος
951 5671 984 5738 ή
1030 5664 1337 5738 διόρθωσις.
1367 5667 1535 5737 Νόμῳ
1573 5667 1681 5735 γὰρ
1720 5662 1822 5732 φύ-

260 5779 395 5827 σεως
424 5762 693 5831 γίγνεται.
727 5762 862 5816 Σκιά
891 5761 958 5814 τὰ
988 5760 1138 5830 τῇδε,
1173 5760 1330 5830 ὄναρ,
1365 5760 1587 5821 καπνὸς,
1616 5757 1825 5826 ἀπάτη.

2071 2769 2077 2776 .
2645 2726 2782 2782 LXI.

1998 2816 2146 2874 Velle
2181 2818 2345 2883 debes
2379 2819 2482 2876 hoc
2510 2836 2735 2892 quoque
2760 2827 2877 2874 tum
2908 2819 3023 2889 ipse
3057 2826 3338 2888 praestare,
3376 2826 3489 2872 tum

1925 2910 2177 2984 quisquis
2200 2910 2478 2983 imperare
2528 2914 2751 2981 cogitat,
2810 2921 2870 2966 ut
2900 2911 3219 2965 muneribus
3283 2911 3492 2964 urbana

1927 3006 2176 3078 quaedam
2227 3007 2601 3060 admisceatur
2679 3005 2933 3070 comitas,
2981 3004 3208 3075 ipsaque
3254 3003 3493 3069 largitio,

1926 3108 2128 3168 quanta
2156 3098 2275 3154 fieri
2314 3100 2549 3151 maxima
2584 3096 2866 3152 celeritate
2916 3105 3127 3166 potest,”
3164 3097 3232 3150 ad
3287 3097 3515 3150 exitum‘

1928 3192 2274 3260 perducatur.
2312 3189 2506 3244 Modus
2527 3190 2733 3243 eisdem
2760 3187 3135 3251 adhibendus,
3164 3189 3260 3257 qui
3284 3187 3496 3242 viribus

1926 3283 2039 3338 tuis
2068 3281 2375 3345 conveniat,
2422 3294 2486 3334 ac
2526 3279 2963 3350 professionibus
3016 3289 3071 3333 et
3135 3279 3497 3348 qualitatibus
3607 3296 3616 3304 ’

1927 3389 2141 3439 eorum,
2182 3373 2277 3443 qui
2330 3375 2536 3428 donum
2591 3374 2890 3443 accipiunt.
2954 3373 3166 3442 Quippe
3216 3372 3319 3426 nisi
3373 3373 3497 3441 quis

1927 3467 2153 3521 omnino
2186 3480 2247 3519 se
2273 3464 2412 3533 gerit
2443 3481 2509 3518 ex
2539 3466 2752 3520 ratione
2799 3466 3005 3529 decori,
3049 3464 3144 3518 sed
3197 3465 3278 3518 vel
3311 3480 3498 3532 agres-

1927 3558 2037 3612 tius
2067 3557 2254 3621 donat,
2284 3557 2368 3610 vel
2399 3572 2525 3611 cum
2548 3567 2765 3626 tempus
2788 3557 3114 3611 imminuere
3146 3556 3357 3615 liceret.
3381 3555 3497 3625 ipse

1927 3649 1993 3703 de
2020 3647 2288 3704 industria
2313 3663 2427 3702 rem
2452 3648 2742 3712 extrahit;
2777 3662 2840 3701 ac
2875 3657 3053 3701 nautae
3078 3662 3270 3703 canem
3307 3648 3493 3713 oll‘ert,

1925 3739 2173 3793 venatori
2199 3753 2428 3798 remum;
2457 3737 2615 3791 militi
2638 3718 2824 3792 decem
2858 3751 3052 3806 equos,
3106 3739 3231 3792 duci
3260 3738 3494 3798 militum

1927 3827 2106 3896 exigui
2132 3829 2393 3882 momenti
2416 3828 2711 3895 equuleum
2739 3844 2759 3881 :
2782 3829 2992 3897 ingrata
3017 3829 3222 3882 scilicet
3253 3830 3356 3882 erit
3390 3830 3498 3882 ista

1928 3920 2124 3990 gratia.
2154 3919 2453 3990 multisque
2471 3920 2540 3975 de
2563 3922 2750 3975 causis
2772 3920 3162 3975 detrimentum
3198 3919 3495 3973 maximum

1929 4012 2141 4068 afferet.

2632 4101 2794 4163 LXII.

2001 4196 2192 4252 Omnia
2224 4196 2559 4267 temporibus
2594 4194 2647 4252 in
2676 4198 2781 4252 tria
2809 4192 3141 4262 distributis,
3176 4197 3230 4251 in
3267 4196 3495 4252 hodier-

1928 4305 2057 4346 num
2090 4298 2144 4344 et
2178 4292 2506 4354 crastinum,
2534 4296 2590 4343 et
2618 4290 2957 4351 hesternum,
2984 4290 3131 4344 nulla
3151 4303 3274 4358 pars
3304 4290 3496 4343 harum

1929 4392 2117 4438 nostra
2151 4390 2256 4446 est,
2311 4383 2355 4436 si
2407 4396 2594 4436 verum
2645 4382 2900 4447 subtilius
2978 4382 3181 4436 intueri
3228 4384 3495 4439 volemus.

1929 4476 2138 4545 Quippe
2169 4483 2385 4542 tempus
2444 4474 2763 4528 hesternum
2811 4474 3070 4543 praeteriit
3105 4489 3120 4536 ;
3183 4475 3346 4527 orasti
3375 4487 3484 4526 tum

1931 4568 2158 4621 necdum
2184 4566 2402 4619 advenit
2425 4580 2441 4629 ;
2485 4564 2834 4626 hodiernum,
2853 4562 3204 4627 cuividemur
3224 4563 3498 4627 insistere,

1931 4658 2302 4725 prodigiorum
2356 4655 2734 4723 opiﬁcisillius
2777 4652 2977 4708 Dazdali
3002 4663 3311 4708 commenta
3337 4652 3536 4707 nimi?

1930 4762 2092 4816 opere
2111 4746 2347 4801 fallendo
2369 4755 2610 4815 superat.
2650 4746 2861 4799 Etenim
2919 4745 3184 4813 temporis
3223 4753 3503 4797 momento

1932 4846 2198 4891 resectum
2216 4836 2429 4901 dillluit,
2446 4851 2568 4890 cum
2592 4836 2762 4890 teneri
2781 4843 3023 4904 putetur,
3045 4849 3109 4888 ac
3146 4837 3313 4904 prius,
3334 4850 3498 4901 quam

1932 4939 2075 4984 recte
2110 4930 2457 4997 percipiatur,
2480 4929 2760 4983 d.labitur.
2783 4928 2923 4991 Quin
2948 4927 3110 4981 etiam
3145 4926 3338 4979 melius
3368 4943 3501 4980 non-

1928 5021 2093 5076 nullis
2117 5022 2171 5073 in
2195 5036 2290 5088 spe
2324 5020 2512 5089 positis
2557 5018 2813 5078 fruimur,
2840 5031 3005 5085 quam
3055 5014 3142 5068 ubi
3167 5017 3391 5083 propius
3432 5017 3499 5069 ad

1927 5129 2026 5168 nos
2047 5113 2333 5182 accedunt.
2353 5111 2488 5164 Nam
2511 5122 2725 5177 sperata
2746 5111 2916 5177 prius,
2932 5123 3096 5177 quam
3122 5097 3498 5177 perﬁciantur,

1927 5217 2146 5256 sensum
2165 5202 2444 5271 ell‘ugiunt,
2464 5201 2692 5269 plusque
2711 5199 2976 5251 molestia:
2996 5206 3183 5250 creant
3209 5199 3499 5262 avolando,

1935 5310 2096 5361 quam
2125 5293 2356 5361 iucundi
2403 5307 2626 5346 accessu
2672 5305 2775 5344 suo
2831 5290 3157 5359 largiantur.
3195 5287 3291 5344 Vel
3320 5291 3503 5359 potius

1932 5386 2116 5438 omnia
2155 5394 2363 5448 nostra,
2397 5383 2445 5437 si
2491 5383 2616 5450 quis
2644 5389 2901 5435 accurate
2929 5372 3264 5447 consideret,
3318 5384 3493 5437 instar

1934 5483 2115 5535 avium
2179 5476 2485 5531 volantium
2531 5490 2632 5530 nos
2692 5483 3047 5544 praetereunt.
3097 5471 3348 5529 Vicissim
3400 5488 3507 5528 nos

1935 5586 2000 5625 ea
2032 5584 2270 5638 quoque,
2314 5575 2579 5637 perpetuo
2618 5583 2782 5622 cursu
2832 5569 3238 5637 praetereuntis,
3278 5574 3502 5633 printer-

1936 5664 2204 5725 veliimur.
2247 5660 2401 5727 Quod
2448 5660 2682 5731 denique
2726 5659 3114 5729 gravissimum
3154 5653 3499 5722 cst,excogi-

1934 5754 2039 5809 tari
2072 5753 2285 5807 nullum
2322 5760 2499 5821 potest
2540 5752 2844 5806 remedium
2881 5767 2899 5815 ;
2934 5748 3223 5825 nam‘hazc
3253 5747 3329 5799 ita
3380 5743 3499 5813 lege

1932 5856 2142 5899 natura:
2167 5845 2446 5901 accidunt.
2493 5843 2764 5898 Nimirum
2800 5843 2925 5896 vita:
2956 5841 3119 5907 liuius
3168 5850 3257 5893 res
3305 5832 3497 5888 umbra

1933 5946 2077 6001 sunt,
2104 5937 2403 6001 somnium,
2446 5935 2657 6001 iunius,
2696 5936 3024 6001 impostura’.
