3978 6582
430 467 537 533 359

1135 577 1321 632 LXIII.

503 675 720 743 Quaeris
741 672 1047 728 substantia
1081 672 1223 727 lluxu
1255 686 1411 726 suum
1446 670 1511 725 ad
1548 672 1706 724 linem
1729 678 2006 739 properat.

438 766 723 823 Consimili
755 781 921 822 cursu
954 780 1045 819 res
1082 764 1246 833 hujus
1274 772 1503 818 terrena
1550 764 1672 817 vitae
1706 762 1961 816 renititur
1995 778 2009 824 ;

1579 451 1980 521 MANUELIS
2014 454 2159 519 PAL
2178 456 2462 517 EOLOGI

2041 579 2091 636 Α

3598 448 3739 519 360

2852 568 2966 628 ΞΓ.

2194 670 2262 723 Ἦ
2286 652 2553 739 ἐπίκηρος
2577 666 2736 719 οὐσία
2768 667 2849 728 εῖς
2894 665 2955 718 τὸ
3009 665 3142 718 ίδιον
3195 664 3477 732 ἐπείγεται
3522 665 3750 725 τέλος.

2126 761 2289 815 Ἀλλά
2308 763 2403 814 καὶ
2433 759 2527 813 τοῦ
2561 761 2685 830 τῇδε
2718 759 2834 829 βίου
2869 759 2940 811 τὰ
2965 758 3268 829 πράγματα
3299 755 3395 810 τοῦ
3424 760 3542 811 [sou
3587 756 3753 811 τού-

433 858 637 927 quippe
654 858 805 912 nulla
837 857 890 911 in
929 857 1009 911 eis
1039 857 1223 925 quies,
1257 856 1469 909 nullum
1488 868 1681 922 reapse
1702 851 2014 908 subsistens

2150 873 2231 917 οις
2271 854 2455 923 ἔχεται
2492 852 2718 923 δρόμου.
2765 853 2840 905 Οὐ
2892 850 3082 913 στάσις
3134 851 3245 918 γὰρ
3301 852 3486 913 αὐτοῖς
3531 855 3750 911 ἐστιν,

434 951 664 1017 bonum,
700 951 850 1004 nulla
876 951 1237 1019 perpetuitas.
1271 946 1596 1015 Coinpiures
1628 947 1683 999 in
1726 946 1812 998 bis
1844 944 2016 997 turba:

435 1053 585 1108 sunt,
617 1043 784 1098 variis
816 1044 979 1096 vitam
1040 1041 1211 1095 taediis
1253 1039 1504 1109 implent,
1548 1052 1761 1105 nosque
1790 1046 2021 1104 printer-

441 1145 641 1190 euntcs
684 1141 1038 1205 praetereunt.
1086 1132 1242 1196 Quod
1280 1130 1438 1184 sicui
1468 1129 1596 1196 quid
1635 1128 1827 1181 onerat
1880 1140 2020 1187 sese,

437 1227 582 1295 quod
613 1224 1118 1294 pauliojucuudius
1156 1235 1280 1275 esse
1307 1221 1583 1279 videatur.
1620 1219 1706 1273 vix
1766 1216 2024 1272 salutatis

437 1317 600 1387 quasi
632 1316 788 1370 nobis
828 1312 1103 1378 abscedit,
1165 1309 1628 1381 quemadmodum
1686 1308 1803 1362 ﬁeri
1860 1307 2024 1371 solet,

438 1425 563 1463 cum
589 1408 745 1477 equis
770 1407 908 1461 vecti
941 1410 1521 1459 cursoresoccurrunt
1550 1400 1779 1453 invicem
1807 1398 2026 1458 sibi,de

438 1500 687 1566 partibus
711 1497 976 1554 extremis
990 1496 1213 1565 adfatias
1230 1495 1356 1547 item
1380 1503 1655 1547 extremas
1670 1489 1851 1545 nuntii
1896 1486 2026 1555 quid

441 1592 568 1646 novi
592 1588 946 1658 perferentes,
988 1590 1101 1653 nec:
1118 1583 1368 1655 impediri
1401 1586 1740 1637 sesinentes.
1763 1579 2032 1633 Adeovile

444 1685 647 1738 bonum
664 1692 752 1736 est
776 1695 1048 1735 occursus
1078 1692 1296 1742 eorum,
1326 1690 1448 1743 qua
1470 1675 1629 1728 nobis
1656 1686 1777 1726 esse
1795 1672 1935 1725 bona
1951 1670 2035 1723 νὶ-

443 1769 824 1826 dentur.Uude
842 1770 1100 1839 colligere
1115 1778 1222 1835 est,
1238 1774 1361 1839 qua:
1376 1766 1525 1821 ortui
1548 1766 1792 1833 subjecta
1815 1770 1965 1826 sunt,
1978 1768 2035 1816 et

445 1864 715 1928 interimi,
749 1876 890 1916 verae
914 1876 981 1915 ac
1006 1861 1247 1915 immota
1278 1860 1404 1913 vitae
1438 1857 1715 1921 desiderio
1733 1871 1914 1927 urgeri
1967 1854 2035 1909 ad

444 1953 798 2008 eximendum
843 1965 969 2005 sese
1003 1950 1073 2005 de
1128 1950 1295 2003 rebus
1330 1948 1453 2003 istis
1514 1946 1823 2012 fallacibus,
1880 1945 2029 2015 quod
2064 1937 2103 1993 Β

447 2046 529 2114 agi
564 2060 621 2098 se
642 2043 925 2112 perpetuis
958 2041 1243 2097 erroribus
1278 2041 1509 2110 indigne
1544 2037 1746 2093 ferant.

1123 2216 1287 2273 ωιιν
1307 2258 1323 2273 .

521 2311 661 2368 Vere
693 2313 831 2368 nihil
858 2320 963 2376 est.
991 2312 1153 2382 cujus
1184 2319 1263 2365 tta
1292 2326 1522 2381 parcum
1557 2327 1685 2368 esse
1714 2327 1814 2382 par
1838 2310 1915 2367 sit
1934 2312 2032 2366 lio-

448 2407 653 2479 minem
689 2419 856 2474 atque
913 2420 981 2459 ne
1015 2407 1278 2471 tanporis
1324 2388 1600 2472 iacturam
1643 2404 1828 2458 iaciat.
1889 2400 2031 2471 Opes

447 2501 619 2562 enim,
654 2508 705 2553 et
735 2499 908 2569 gloria
938 2508 994 2552 et
1008 2511 1259 2565 regnum,
1279 2498 1499 2567 aliaque
1538 2496 1692 2561 talia,
1719 2494 2031 2564 recuperari

449 2593 651 2645 amissa
687 2599 941 2660 possunt,
974 2600 1029 2642 et
1061 2589 1311 2643 auctiora
1349 2589 1570 2658 quidem
1595 2588 1806 2657 acquiri
1827 2586 2031 2649 denuo,

451 2683 665 2736 tametsi
695 2697 801 2735 non
827 2682 1023 2751 exigua
1054 2680 1346 2736 dillicaltas
1377 2681 1697 2751 objiciatur.
1720 2679 1790 2733 At
1821 2687 2034 2749 tempo-

452 2776 531 2828 ris
558 2773 768 2843 aliquid
792 2774 1059 2828 amissum
1093 2771 1327 2841 reperiri
1358 2771 1602 2837 amplius
1621 2769 1835 2839 nequit.
1871 2768 2032 2822 Sem-

460 2884 559 2937 per
588 2868 735 2921 enim
770 2866 909 2927 Iluit.
937 2867 1110 2920 instar
1131 2866 1346 2929 auinis;
1378 2864 1636 2934 quodque
1666 2878 1767 2917 nos
1797 2872 2026 2930 praeter»

452 2959 535 3024 iit,
580 2957 794 3026 longius
838 2957 1117 3021 abscedit;
1166 2956 1315 3026 quod
1376 2956 1520 3010 idem
1546 2956 1801 3010 usuvenit
1831 2962 1885 3007 et
1910 2954 2037 3008 vitae

454 3049 803 3103 mortalium.
842 3047 985 3102 Sunt
1009 3047 1279 3102 nimirum
1314 3047 1418 3101 ista
1448 3049 1558 3101 duo
1579 3045 1779 3101 similia
1810 3046 1938 3099 navi
1981 3054 2037 3102 et

455 3141 617 3193 undis
649 3156 665 3203 ;
698 3141 783 3195 bis
811 3138 880 3192 ad
917 3138 1149 3193 declivia
1185 3138 1602 3199 delubeutibus,
1623 3139 1699 3192 illi
1755 3137 1890 3193 velis
1938 3138 2038 3193 ad-

453 3244 651 3286 versus
728 3245 945 3283 amnem
1030 3229 1299 3284 nitenti:

454 3323 623 3384 celer,
655 3320 728 3374 ita
787 3318 1027 3374 celerior
1082 3318 1396 3388 digressio;
1452 3334 1646 3373 rursus
1678 3320 1897 3388 quidem
1961 3314 2037 3375 uti

455 3422 655 3468 coeant
693 3451 709 3476 ,
741 3413 857 3466 lteri
891 3426 1004 3466 non
1037 3420 1239 3479 potest.
1266 3413 1397 3477 Quae
1426 3406 1553 3465 eum
1580 3414 1659 3465 ita
1692 3414 1829 3477 sint,
1866 3414 2036 3484 quasi

455 3504 812 3558 derivandum
833 3513 918 3558 est
942 3512 1156 3572 tempus
1173 3503 1241 3557 ad
1276 3504 1482 3557 cultum
1510 3504 1712 3559 indolis
1732 3517 1899 3575 atque
1927 3520 2045 3560 mo-

456 3611 703 3659 rum,ne
754 3598 979 3650 omnino
1012 3597 1451 3666 praeterlapsum,
1504 3612 1705 3653 rursus
1752 3598 1820 3653 ad
1879 3612 2041 3654 usum

457 3700 710 3746 DOSU'IIIII
750 3705 860 3744 11011
898 3701 1230 3747 revertatur.

1160 3780 1302 3837 LXV

537 3875 611 3928 Ad
641 3889 742 3930 nos
773 3874 827 3929 in
855 3874 1048 3946 primis
1073 3875 1351 3945 pertinere
1379 3888 1546 3945 supra
1574 3875 1834 3931 mortales
1863 3885 2043 3931 caete-

460 3982 552 4023 ros
584 3967 949 4033 existimabis,
989 3976 1048 4021 ut
1097 3977 1334 4037 tempus,
1388 3966 1536 4037 quod
1567 3966 1757 4022 redimi
1812 3967 2046 4039 pecunia

466 4060 677 4128 nequit,
710 4074 810 4113 nec
841 4059 1119 4113 laboribus
1157 4058 1482 4126 acquiritur,
1508 4074 1607 4112 nec
1631 4059 1871 4112 amicitia
1898 4075 2050 4114 com-

462 4158 747 4218 pensatur,
814 4150 944 4202 nulli
998 4147 1079 4202 rei
1131 4162 1554 4217 Supervacancaa
1623 4148 2039 4215 impendamus:

462 4242 557 4297 sed
592 4240 893 4296 secundum
935 4241 1199 4309 quietem,
1228 4250 1287 4293 et
1327 4242 1538 4299 cibum.
1567 4250 1631 4315 et
1663 4242 1872 4311 absque
1924 4241 2050 4310 qui-

466 4332 567 4385 bus
596 4334 731 4384 bene
767 4330 929 4385 nobis
957 4344 1079 4385 esse
1108 4332 1332 4399 nequit;
1375 4342 1540 4399 atque
1569 4342 1698 4387 ante
1721 4332 1928 4395 omnia,
1963 4348 2048 4388 se-

464 4422 707 4473 cundum
763 4421 1130 4487 expiationem
1187 4421 1457 4484 numinis,
1487 4423 1830 4490 publicorum
1887 4438 2053 4493 uego-

469 4514 666 4566 tiorum
703 4513 1093 4581 procurationi.
1130 4513 1287 4578 Quod
1336 4515 1382 4567 si
1443 4516 1575 4584 quid
1626 4526 1834 4586 urgeat,
1885 4518 2049 4570 etiam

2121 948 2220 1001 οὐκ
2242 947 2447 1014 ἀγαθὸν
2495 946 2886 1009 ἐππὸστατον,
2918 943 2978 996 οὐ
3031 942 3286 1012 διαμονή.
3333 942 3529 994 Πολλαὶ
3617 938 3752 1007 μὲν

2122 1038 2329 1090 τούτων
2354 1038 2694 1107 αίταραχαὶ,
2750 1036 2844 1089 καὶ
2895 1034 3099 1103 πολλῆς
3166 1036 3295 1104 ἡμῖν
3355 1033 3753 1101 ἐμπιπλῶσιν

2125 1131 2316 1200 ἀηδίας
2339 1131 2431 1181 τὸν
2465 1129 2601 1198 βίον,
2658 1128 2750 1181 καὶ
2805 1126 3253 1197 παρερχομένους
3286 1126 3434 1194 ἡμᾶς
3493 1123 3750 1193 παρέρ-

2126 1239 2305 1293 χεται.
2343 1222 2462 1275 Κᾶν
2494 1221 2692 1291 ἐντύχῃ
2722 1220 2807 1283 τίς
2838 1237 2945 1273 τινι
3000 1217 3109 1270 τῶν
3180 1219 3564 1287 χρηστοτέρων
3636 1215 3753 1266 60-

2128 1315 2391 1380 κούντων,
2420 1313 2686 1383 ἀμηγέπη
2738 1310 3052 1383 προσειπὼν
3084 1309 3509 1371 ἀπαλλάττεται,
3559 1307 3631 1360 ὃν
3668 1306 3753 1373 δὴ

2130 1409 2330 1479 τρόπον
2360 1410 2631 1476 γίγνεται,
2673 1404 2893 1459 ἐπειδάν
2920 1422 3023 1459 που
3079 1403 3490 1471 συναντήσωσιν
3543 1399 3753 1465 ἀλλὴ-

2132 1499 2247 1561 λοις
2296 1498 2529 1569 ἐφιπποί
2559 1515 2705 1561 τινες
2731 1497 2972 1568 δρομεῖς,
3003 1496 3114 1550 ἀπὸ
3147 1496 3435 1566 τερμάτων
3460 1494 3542 1555 είς
3598 1493 3754 1560 τέρα

2137 1607 2285 1658 ματα
2332 1589 2592 1657 ἀγγελίαν
2620 1588 2683 1660 δή
2719 1605 2843 1640 τινα
2874 1585 3213 1657 κομίζοντες,
3253 1582 3354 1636 οὐκ
3397 1580 3752 1649 ἀνεχομὲνω

2136 1682 2490 1752 βραδυτῆτος.
2517 1681 2676 1736 Οὕτω
2704 1680 2907 1751 φαῦλον
2953 1678 3159 1746 ἀγαθὸν
3187 1680 3220 1747 ἡ
3263 1675 3372 1728 τῶν
3407 1674 3747 1727 δοκούντων

2136 1773 2360 1841 ἀγαθῶν
2407 1774 2539 1843 ἡμῖν
2576 1773 2854 1843 συντυχία.
2898 1771 3180 1840 Δογίσαιτ’
3209 1768 3275 1823 ἄν
3319 1785 3400 1831 τις
3435 1766 3740 1825 ἐντεῦθεν.

2139 1865 2216 1928 ὡς
2242 1867 2350 1937 ἄρα
2386 1866 2483 1932 τῆς
2519 1863 2784 1936 ἀληθινῆς
2809 1863 2905 1918 καὶ
2945 1863 3207 1933 ἀκινήτου
3257 1858 3403 1929 ζωῆς
3451 1857 3742 1926 ἐφιέμενα

2133 1957 2199 2012 τὰ
2229 1958 2445 2026 γενέσει
2500 1957 2597 2010 καὶ⁵
2631 1957 2807 2027 φθορᾷ
2854 1954 3213 2025 ὑποκείμενα,
3259 1951 3359 2022 τὴν
3390 1949 3737 2016 ἀπαλλαγὴν

2132 2049 2449 2104 ἐπισπεύδει
2476 2049 2583 2104 τῶν
2611 2046 3011 2113 ἐξαπατώντων
3041 2046 3409 2115 πραγμάτων,
3442 2042 3730 2113 μυσαττό-

2134 2155 2273 2208 μενα
2300 2140 2364 2190 τὸ
2395 2135 2623 2200 πλάναις
2653 2136 2743 2189 ἀεὶ
2768 2135 2968 2205 δήποτε
3000 2132 3286 2205 φέρεσθαι.

2861 2224 2976 2281 ΞΔ’.

2206 2319 2403 2389 Σαφῶς
2444 2318 2546 2374 οὒκ
2594 2321 2745 2375 ἐστιν
2771 2321 2946 2385 οὐδὲν,
2979 2316 3107 2388 οὗγε
3136 2317 3411 2387 φείδεσθαι
3437 2317 3732 2385 προσῆκεν

2133 2414 2414 2483 ἀνδράσιν,
2444 2413 2570 2484 ὠςή
2597 2412 2692 2465 τοῦ
2724 2411 2917 2483 χρόνου
2940 2410 3132 2481 ζημία.
3157 2409 3433 2480 Χρήματα
3456 2408 3561 2477 μὲν
3585 2410 3727 2474 γὰρ,

2133 2510 2227 2559 καὶ
2257 2505 2435 2571 δόξαν,
2472 2508 2564 2560 καὶ
2594 2504 2805 2575 θρόνον.
2841 2506 2932 2558 καὶ
2960 2505 3030 2559 τὰ
3059 2502 3311 2568 τοιαῦτα,
3335 2504 3542 2556 ἔνεστιν
3574 2504 3725 2555 ἀπο-

2134 2598 2368 2653 ϐαλόντα
2390 2598 2853 2661 ἀνακαλέσασθαι,
2879 2599 2976 2652 καὶ
3004 2596 3143 2667 μετά
3172 2595 3487 2666 προσθήκης
3512 2597 3728 2646 ἐπανα-

2136 2689 2465 2762 κτήσασθαι,
2509 2692 2557 2743 εί
2587 2690 2680 2743 καὶ
2730 2690 2806 2760 μὴ
2848 2690 2993 2743 πάνυ
3049 2688 3232 2760 ῥᾴδιον
3259 2707 3272 2721 ·
3308 2689 3502 2757 χρόνου
3567 2687 3628 2739 δέ
3664 2702 3723 2738 τι

2136 2784 2401 2855 παρεθέν,
2440 2786 2541 2838 οὐκ
2563 2782 2642 2836 ἐνι
2695 2783 2860 2836 πάλιν
2898 2782 3101 2851 εὐρεῖν.
3149 2778 3259 2833 Ῥεῖ
3280 2780 3389 2850 γὰρ
3437 2777 3526 2833 ἀεὶ
3553 2793 3726 2831 ποταο

2142 2878 2310 2948 μηδόν
2332 2892 2347 2907 ⁸
2383 2876 2481 2929 καὶ
2510 2878 2570 2929 τδ
2600 2875 2869 2946 παρελθὸν
2915 2875 3063 2945 ἡμᾶς
3111 2871 3441 2944 πορρωτέρω
3481 2872 3718 2939 γίνεται.

2150 2970 2307 3025 Ἐπεὶ
2358 2970 2452 3023 καὶ
2481 2970 2516 3040 ἠ
2547 2968 2760 3039 θνητῶν
2794 2968 2906 3037 ζωὴ
2943 2966 3136 3023 ταυτὸν
3166 2964 3357 3033 ἐκείνῳ
3408 2962 3574 3018 ποιεῖ.
3609 2963 3725 3016 Καὶ

2139 3063 2382 3117 ἐοίκασιν
2417 3062 2604 3117 ὁλκάδι
2641 3062 2739 3115 καὶ
2793 3062 2958 3132 ροθίῳ
2989 3076 3004 3091 ⁸
3047 3061 3125 3130 τῷ
3170 3059 3290 3129 μὲν,
3315 3059 3395 3121 είς
3422 3057 3481 3109 τὸ
3514 3055 3726 3125 πρανὲς

2141 3153 2522 3224 καταρρἐντι,
2551 3155 2618 3223 τῇ
2644 3152 2724 3213 δὲ,
2754 3152 2942 3213 ἱστίοις
2995 3146 3367 3220 ἀνατρεχούσῃ
3418 3145 3479 3200 τὸ
3521 3145 3724 3216 ῥεῦμα.

1361 3242 1593 3298 quorum
1651 3237 1712 3282 ut
1772 3243 2039 3285 occursus

2150 3240 2236 3308 Οἷς
2268 3247 2464 3314 ταχεῖα
2505 3246 2605 3312 μὲν
2644 3246 2677 3314 ἡ
2720 3244 3047 3312 συνάντησις
3080 3241 3279 3311 γένοιτ’
3312 3241 3399 3300 ἂν,
3444 3240 3727 3306 ταχυτέρα

2145 3335 2202 3389 δέ
2235 3336 2268 3405 ἡ
2299 3334 2600 3396 διάστασις.
2628 3332 2739 3387 Καὶ
2768 3332 2828 3385 τὺ
2857 3332 3020 3385 πάλιν
3056 3328 3330 3383 συνελθεῖν
3358 3328 3419 3380 οὐ
3449 3327 3557 3379 τῶν
3607 3327 3732 3393 {quo

2146 3427 2315 3484 κτῶν.
2349 3427 2482 3484 Ὀτε
2513 3426 2695 3481 τοίνυν
2719 3424 2893 3487 οὕτως
2922 3425 3056 3493 εχει,
3086 3423 3192 3492 χρὴ
3229 3410 3603 3492 μετοχετεύειν
3633 3420 3731 3471 τὸν

2147 3521 2341 3593 χρόνον
2366 3521 2449 3585 είς
2492 3519 2591 3591 τὴν
2617 3519 2729 3572 τῶν
2754 3518 2901 3588 ηθῶν
2934 3516 3255 3587 ἐπιμέλειαν
3276 3530 3291 3545 ·
3328 3513 3418 3567 ἴνα
3453 3510 3528 3583 μὴ
3586 3512 3731 3562 πάν-

2146 3628 2256 3674 τως
2287 3610 2656 3682 παραρῤυεὶς,
2707 3608 2809 3662 οὐκ
2860 3604 3183 3677 ἀναστρέψῃ
3213 3603 3377 3658 πάλιν
3417 3603 3547 3672 ἡμῖν
3588 3599 3730 3669 πρὸς

2148 3704 2413 3777 ἐργασίαν
2438 3705 2533 3756 καὶ
2553 3704 2774 3773 χρῆσιν.

2878 3789 2999 3845 EE'.

2232 3888 2401 3957 Ἡμῖν
2422 3885 2560 3958 ἡγοῦ
2582 3887 2886 3956 προσήκειν
2906 3884 3141 3954 μάλιστα
3176 3882 3394 3937 πάντων
3423 3878 3730 3948 ἀνθρώπων

2151 3981 2468 4036 ἀναλίσκειν
2490 3980 2583 4033 τδν
2614 3977 2824 4046 καιρὸν,
2857 3976 2913 4041 ὃς
2939 3976 3002 4029 οὗ
3026 3973 3326 4045 χρημάτων
3354 3971 3584 4041 ὠνητὸς,
3610 3968 3729 4020 σὺδέ

2154 4075 2337 4136 πόνοις
2359 4089 2424 4140 γε
2462 4070 2681 4141 κτητὸς,
2720 4070 2844 4123 οὐδὲ
2890 4069 3096 4137 φιλίαις
3129 4066 3549 4127 ἁντιδιδόμενος,
3595 4062 3731 4130 πρὶς

2154 4162 2266 4216 οὐδ’
2292 4162 2473 4216 ὁτιοῦν
2503 4161 2781 4233 περιττὸν.
2808 4158 2946 4213 ἀλλὰ
2972 4159 3091 4228 μεθ’
3129 4156 3353 4220 ὕπνους,
3378 4157 3470 4208 καὶ
3497 4160 3730 4222 τροφὴν,

2155 4259 2247 4310 κα)⁵
2276 4251 2352 4309 ῶν
2378 4257 2546 4326 χωρὶς
2584 4255 2684 4307 οὐκ
2720 4254 2870 4306 ἐστιν
2890 4251 2953 4305 εὖ
2975 4251 3139 4321 ἐχειν,
3174 4243 3270 4304 και
3290 4250 3396 4320 πρό
3413 4265 3475 4314 γε
3514 4246 3732 4299 πάντων

2154 4347 2254 4418 τὴν
2288 4348 2367 4410 είς
2397 4348 2457 4399 τὸ
2480 4346 2620 4398 θεῖον
2643 4345 2964 4413 ἀφοσίωσιν,
2999 4346 3078 4406 εις
3108 4342 3206 4406 τὴν
3232 4342 3341 4394 τῶν
3370 4339 3568 4392 κοινῶν
3606 4340 3731 4390 ἐπι-

2160 4441 2400 4510 μέλειαν.
2418 4439 2519 4491 Ἦν
2541 4438 2595 4490 δὲ
2616 4438 2923 4508 κατεπείγῃ
2945 4454 3016 4501 τι,
3043 4432 3401 4504 ὑπεροράσθω
3431 4430 3525 4483 καὶ
3550 4430 3730 4498 σῶμα.

2160 4530 2231 4585 Εὖ
2264 4531 2308 4584 δ’
2355 4531 2420 4585 άν
2458 4545 2540 4583 σοι
2572 4530 2726 4600 σχοίη
2774 4529 2841 4581 τὰ
2872 4528 3026 4581 κοινά
3077 4526 3401 4595 πράγματα,
3459 4524 3553 4575 καὶ⁵
3613 4520 3732 4590 μεθ’

468 4621 670 4676 corpus
699 4606 1028 4677 negligatur.
1062 4604 1368 4661 llabebuut’
1404 4618 1588 4662 autem
1649 4608 1788 4663 belle
1838 4610 2039 4679 publica

2161 4625 2398 4694 ἡμέραν,
2436 4627 2532 4677 καὶ
2580 4624 2801 4693 νύκτωρ
2832 4621 3194 4690 περὶτούτων
3246 4616 3609 4687 φροντίζοντι,
3638 4614 3731 4667 καὶ

487 4698 582 4749 tibi
622 4698 865 4765 negotia,
920 4700 964 4751 si
996 4709 1051 4750 et
1084 4698 1317 4751 interdiu
1356 4709 1410 4752 et
1446 4711 1607 4755 noctu
1646 4703 1712 4755 de
1734 4703 1823 4759 bis
1851 4706 2039 4759 sollici-

2159 4720 2268 4777 τοίς
2301 4715 2527 4783 ἀγαθοῖς
2550 4714 2771 4783 ἀνδράσι
2797 4712 2992 4766 διδόντι
3041 4712 3193 4780 παρά
3229 4713 3309 4763 σοὶ
3347 4709 3732 4777 προσηκόντως

470 4797 558 4841 tus
596 4788 788 4853 fueris,
825 4788 1098 4856 benisque
1125 4789 1255 4843 viris
1301 4791 1474 4845 libere
1504 4804 1682 4848 tecum
1719 4794 1910 4863 agendi
1961 4810 2054 4866 po-

473 4888 731 4933 testatem
758 4880 977 4935 Iearris.
1012 4879 1156 4946 Quin
1182 4883 1351 4936 etiam
1386 4884 1481 4937 tibi
1509 4887 1801 4953 plurimum
1836 4890 2058 4942 anima:-

471 4987 577 5039 que
613 4981 716 5025 tua:
745 4972 1096 5041 publicisque
1129 4974 1473 5044 privatisque
1498 4976 1840 5047 singulorum
1895 4981 2057 5033 rebus

471 5063 743 5130 expediet,
777 5064 823 5116 si
854 5075 1124 5131 Oppi-essu
1154 5062 1203 5115 vi
1227 5063 1461 5132 alicujus
1491 5066 1736 5135 pauperi,
1766 5066 1949 5122 aditus
1990 5069 2059 5123 ad

476 5161 550 5216 te,
586 5154 804 5207 nemine
839 5153 1186 5222 prohibente.
1230 5164 1432 5223 pateat.

1158 5244 1346 5300 LXVI.

547 5334 744 5406 Liquet
770 5351 921 5402 eum,
944 5337 1038 5406 qui
1071 5353 1200 5392 cum
1236 5339 1466 5408 imperio
1493 5339 1807 5397 nationibus
1832 5352 2052 5411 praeest,

479 5448 587 5485 non
641 5431 839 5486 debere
873 5446 981 5485 non
1019 5432 1355 5488 incrementa
1382 5449 1590 5499 rerum,
1626 5450 1749 5506 qua:
1783 5439 1833 5490 in
1889 5438 2065 5490 mani-

480 5525 581 5578 bus
620 5534 772 5587 sunt,
800 5538 1066 5593 quaerere,
1092 5539 1219 5578 cum
1255 5526 1552 5582 isconatus
1588 5528 1736 5597 justa
1767 5532 2062 5598 reprehen-

480 5618 635 5671 sione
654 5626 825 5672 caret.
860 5614 1131 5670 Nimirum
1164 5618 1331 5683 etiis,
1377 5634 1500 5688 quae
1522 5622 1743 5687 adsunt,
1772 5633 2063 5679 contentus

480 5725 604 5764 esse
635 5710 820 5773 debet,
848 5718 906 5764 et
935 5724 998 5763 ea
1030 5710 1337 5779 suscipere.
1370 5726 1466 5782 per
1491 5728 1613 5782 quze
1668 5714 1829 5768 bonis
1878 5719 2063 5769 omni-

482 5803 586 5857 bus
607 5802 868 5872 potiatur.
899 5803 1095 5858 Iisdem
1116 5805 1341 5874 potitus,
1370 5805 1658 5875 supercilia
1687 5806 1878 5862 tollere
1904 5809 2059 5864 nolit.

485 5892 582 5948 Siti
607 5894 746 5950 irriti
781 5907 1010 5952 conatus
1036 5893 1261 5964 fuerint,
1303 5897 1396 5953 det
1422 5911 1671 5968 operam,
1710 5908 1768 5952 ut
1814 5914 1842 5953 a
1873 5900 2062 5955 dolore

2162 4803 2662 4877 παρρησιάζεσθαι.
2721 4803 2996 4866 Ὅπωςδέ
3050 4804 3145 4855 καὶ
3202 4805 3413 4870 πένητα
3473 4799 3578 4851 ὑπό
3637 4814 3769 4850 τουν

2161 4895 2482 4967 πιεζόμενον
2543 4897 2728 4967 μηδεὶς
2786 4895 3002 4965 κωλύσῃ
3037 4894 3118 4946 σοὶ
3164 4892 3470 4962 προελθεῖν,
3526 4888 3728 4957 σφόδρι

2161 4985 2323 5041 τοῦτο
2344 4987 2626 5057 ὠφέλιμον
2675 4987 2758 5038 σοί
2805 4985 3021 5049 τε,,καὶ
3053 4987 3121 5053 τῇ
3161 4986 3226 5052 σῇ
3254 4983 3419 5050 ψυχῇ,
3482 4981 3576 5033 καὶ
3621 4980 3730 5040 τοῖς

2162 5081 2387 5145 κοινοῖς,
2425 5082 2520 5132 καὶ
2552 5080 2663 5140 τοῖς
2699 5078 3037 5131 καθέκαστον
3072 5077 3414 5145 πράγμασιν.

2868 5252 3003 5319 εσυ.

2236 5347 2312 5400 Oti
2341 5346 2507 5399 δεῖτὸ
2546 5345 2911 5417 ἐξηγούμενον
2943 5345 3111 5398 ἐθνῶν
3169 5341 3245 5415 μὴ
3274 5344 3455 5414 ζητεῖν
3496 5344 3734 5395 ἐπίδοσιν

2164 5440 2273 5492 τῶν
2296 5440 2398 5492 ἀνὰ
2436 5440 2622 5509 χεῖρας
2662 5438 3024 5507 πραγμάτων,
3059 5437 3279 5489 ἐπειδάν
3303 5435 3401 5488 οὐκ
3439 5434 3551 5505 ἔχει
3597 5435 3731 5503 μέμ-

2164 5533 2258 5602 ψιν
2288 5532 2508 5600 εὔλογον
2533 5532 2595 5584 τὸ
2622 5532 2826 5601 ζητεῖν.
2857 5532 2977 5602 Χρὴ
3005 5531 3063 5583 δὲ
3092 5530 3315 5600 ἀγαπᾷν
3342 5532 3454 5591 τοῖς
3480 5528 3621 5592 οὖσι,
3643 5528 3736 5581 καὶ

2167 5626 2366 5688 ποιεῖν,
2401 5616 2571 5676 δι’ὦν
2632 5621 2897 5690 μειζόνων
2949 5618 3298 5681 ἐπιτεύξεται
3355 5617 3537 5670 καλῶν
3565 5632 3581 5647 ⁸
3646 5614 3738 5667 καὶ

2169 5713 2403 5780 τυχόντα
2436 5709 2536 5778 μὲν
2559 5709 2760 5774 αὐτῶν,
2787 5709 2860 5778 μὴ
2882 5707 3059 5761 θέλειν
3086 5707 3267 5775 αίρειν
3293 5706 3465 5777 ὀφρύν
3488 5718 3505 5736 ⁹
3535 5707 3740 5758 ἀποτυ-

2168 5804 2332 5873 χόντα
2363 5801 2419 5854 δέ
2442 5802 2550 5854 τῶν
2581 5800 3020 5871 ἐγχειρημάτων,
3058 5798 3356 5866 πειρᾶσθαι
3381 5798 3555 5865 λύπης
3590 5796 3740 5847 ἐλεύ-

2171 5896 2329 5964 θερον
2361 5889 2523 5960 εἶναι,
2554 5893 2672 5964 Θεῷ
2723 5892 2785 5945 τὸ
2837 5893 2946 5945 πᾶν
3006 5891 3380 5959 λογιζόμενον,
3433 5882 3476 5956 ᾧ
3513 5886 3637 5957 μηδ’
3680 5886 3739 5938 ἂν
