3978 6578
185 414 298 478 361

1117 409 1537 474 PILECEPTA
1580 405 2101 470 EDUCATIONIS
2136 405 2417 466 REGIAE.

3355 404 3460 468 36?.

190 530 260 583 ἒν
287 530 564 600 εἴργαστο,
598 525 625 580 ὅ
654 542 702 578 τι
735 523 811 594 μὴ
840 522 982 578 πάνυ
1027 524 1211 577 καλόν.
1253 524 1423 578 Πόθεν
1461 523 1526 578 ἄν
1560 541 1643 588 τις
1689 523 1777 574 εὖ.

1905 520 1954 572 ιίι
1995 519 2151 584 liber,
2187 516 2291 573 Deo
2315 526 2486 572 totum
2519 525 2800 588 acceptum
2837 515 3036 582 ferens,
3062 516 3152 586 qui
3189 515 3320 571 nihil
3350 534 3462 571 οιιι⁴

194 623 383 676 σεὸὦν
431 622 539 691 ἔχει
577 617 886 673 τούναντίον
929 618 1108 670 εἰπεῖν
1133 637 1148 683 ;
1206 619 1270 672 El
1333 617 1446 689 γὰρ
1512 617 1779 686 Ἐλλήνων

191 713 389 782 παισὶ,
410 713 547 784 τύχῃ
567 727 625 764 τε
651 710 744 763 καὶ
761 708 1076 778 εἱμαρμένῃ
1095 706 1434 794 δουλεέὴυσι,
1464 706 1577 759 δεῖν
1606 704 1782 758 ἐδόκει

195 809 395 876 φέρειν
422 808 486 858 τὰ
512 803 641 874 παρ’
672 802 875 866 αὐτῶν,
911 801 1079 872 σχολῇ
1111 818 1176 868 γε
1229 803 1364 870 ἡμῖν
1418 800 1481 853 οὐ
1519 797 1686 864 δόξει’
1712 799 1784 852 τὰ

195 902 298 968 τῆς
335 896 585 968 προνοίας
614 893 978 958 ἀσπάζεσθαι.
1006 889 1142 946 Εἶτα
1174 896 1286 956 τοῖς
1320 893 1420 958 μὲν
1467 893 1676 962 κρίνοις
1728 892 1783 944 αἱ

205 991 406 1059 χροιαὶ,
439 990 532 1042 καὶ
561 989 617 1040 τὸ
640 989 738 1056 τῆς
770 985 920 1054 ῶρας
944 986 1248 1056 ἀμήχανον,
1281 985 1374 1038 καὶ
1395 987 1505 1047 τοῖς
1537 986 1784 1054 πτηνοῖς,

206 1085 262 1134 ού
285 1083 636 1149 συνάγουσιν,
675 1079 784 1133 οὐδ’
811 1079 1098 1150 ἀποθήκας
1125 1079 1333 1150 ἔχουσι,
1369 1078 1431 1132 τὸ
1485 1079 1786 1148 τρέφεσθαι

208 1175 363 1244 παρὰ
391 1173 483 1226 τοῦ
515 1171 861 1244 Δημιουργοῦ
888 1188 902 1202 °
961 1171 1254 1240 ἀνθρώπου
1279 1169 1337 1222 δὲ
1389 1171 1611 1239 φροντὶς
1638 1168 1787 1240 αὐτῷ

201 1267 453 1335 οὐδαμῶς
479 1265 547 1319 ἂν
577 1266 819 1333 γένοιτο;
860 1265 925 1318 El
962 1265 1018 1316 δὲ
1050 1262 1183 1326 Θεὸς
1217 1260 1294 1315 ὣν
1348 1261 1574 1328 ἀγαθὶς,
1627 1261 1786 1330 ἡμῶν

199 1357 480 1427 φροντίζει
505 1357 600 1411 καὶ
639 1358 882 1428 κήδεται,
914 1355 1016 1410 τίν’
1068 1355 1184 1426 ἔχει
1221 1353 1378 1422 λόγον
1434 1351 1784 1422 ύπεραλγεῖν,

197 1451 228 1515 ἢ
268 1450 456 1502 καὶτὸ
489 1451 568 1520 μὴ
600 1449 760 1520 χάριν
780 1448 1006 1511 εἰδέναι,
1035 1441 1140 1501 ὧδε
1166 1446 1198 1516 ἦ
1223 1447 1427 1516 ἑτέρως
1455 1445 1564 1498 τῶν
1596 1461 1781 1514 πραγο

194 1542 396 1607 μάτων
443 1544 578 1611 ἡμῖν
631 1539 1151 1612 οἱκονομουμένωνς
1199 1537 1374 1592 Τοῦτο
1414 1536 1598 1608 ψυχῆς
1644 1537 1787 1592 πάνυ

188 1631 449 1702 σκληρᾶς
472 1672 487 1697 ,
522 1632 771 1697 δοθέντος
825 1629 966 1688 εἷναι
999 1631 1220 1700 πιστῆς.

1885 613 2017 668 nino
2053 613 2202 678 facit,
2236 612 2382 682 quod
2412 626 2518 665 non
2555 612 2707 666 valde
2739 612 2808 666 sit
2840 611 3066 666 bonum.
3103 610 3316 678 Quibus
3379 628 3464 665 ar-

1886 707 2161 778 gumentis
2188 706 2359 762 fretus
2407 707 2572 761 homo
2613 707 2903 776 religiosus
2946 707 3030 760 his
3090 707 3465 762 contradicere

1887 801 2102 867 possit?
2132 798 2266 853 Nam
2300 801 2344 855 si
2376 800 2596 870 pagani,
2629 800 2861 854 fortuna:
2891 800 3110 869 fatoque
3145 801 3468 865 servientes,

1889 893 2110 950 ferenda
2147 895 2430 965 putabant,
2467 892 2806 965 quaecunque
2849 895 2918 948 ab
2960 895 3045 950 his
3072 892 3313 963 profecta
3338 893 3468 948 fuisv

1889 997 2030 1054 sent,
2076 1004 2422 1058 nequaquam
2470 1004 2568 1042 nos
2615 1002 2698 1052 ea,
2742 1004 2862 1057 qua:
2904 1003 2930 1040 a
2965 987 3298 1056 providentia
3348 1002 3468 1056 pro:

1895 1083 2240 1142 ﬁciscuntur.
2275 1084 2400 1137 boni
2423 1099 2530 1136 non
2566 1082 2896 1138 consulcnda
2928 1083 3299 1137 censebimus.
3330 1081 3469 1135 Pin:-

1898 1184 2044 1230 terra
2085 1176 2210 1230 liliis
2239 1187 2286 1230 et
2323 1176 2536 1230 colores
2565 1185 2619 1229 et
2671 1188 2930 1230 venustas
2961 1175 3384 1239 inzestimabilis,
3415 1191 3469 1228 a-

1896 1271 2164 1338 vibusque
2194 1269 2326 1323 nihil
2359 1269 2762 1339 rolligentibus,
2787 1284 2884 1324 nec
2905 1268 3232 1322 habentibus
3255 1267 3472 1322 horrea.

1896 1375 2078 1414 rerum
2112 1362 2182 1416 ob
2217 1360 2424 1430 Opiﬁce
2469 1361 2798 1415 nutrimenta
2850 1361 3084 1415 dantur:
3149 1367 3202 1414 et
3238 1358 3472 1413 heminis

1891 1453 1982 1506 ille
2021 1469 2152 1507 cura
2189 1454 2334 1507 nulla
2368 1455 2654 1524 tangitur?
2691 1452 2840 1523 quod
2879 1453 2922 1508 si
2962 1453 3137 1506 bOnus
3192 1451 3334 1506 Deus
3376 1466 3472 1503 cu-

1893 1561 2007 1597 ram
2040 1546 2211 1600 nostri
2250 1546 2484 1601 sollicite
2521 1546 2683 1615 gerit,
2720 1560 2827 1615 qua
2872 1544 3084 1597 ratione
3117 1541 3361 1606 subnixi,
3399 1542 3471 1594 ni-

1888 1638 2000 1692 mio
2017 1639 2202 1694 dolore
2221 1643 2691 1704 contabescemus,
2725 1639 2803 1694 vel
2831 1639 2940 1691 Deo
2981 1636 3207 1706 gratiam
3242 1650 3347 1688 non
3381 1634 3472 1686 ba-

188 1726 479 1792 bcbiutus,
507 1743 630 1784 cum
661 1729 764 1784 hoc
796 1728 960 1783 illove
1007 1726 1173 1781 modo
1208 1741 1297 1782 res
1330 1726 1400 1779 ab
1429 1741 1496 1780 eo
1533 1733 1733 1784 nostra:
1758 1728 2232 1790 administrantur.
2277 1734 2544 1789 Nimirum
2605 1735 2706 1787 hoc
2769 1732 3063 1786 admodum
3108 1730 3264 1800 rigidi
3319 1728 3474 1783 fuerit

185 1822 403 1885 animi,
424 1823 470 1877 si
504 1821 724 1892 quidem
751 1820 1113 1883 concedatur,
1150 1833 1278 1875 esse
1310 1818 1506 1874 ﬁdelis.

934 1915 1051 1968 ΞΖ⁹.

265 2008 504 2080 Πλούτῳ
531 2011 559 2064 δ
596 2010 694 2080 μὲν
723 2009 934 2080 ἥδεται,
990 2011 1052 2062 οὐ
1103 2011 1166 2064 τὸ
1207 2009 1434 2081 χρυσίον
1475 2008 1794 2078 θαυμάζων,

189 2103 322 2154 ἀλλ’
357 2103 434 2166 ὡς
470 2102 618 2173 αὐτῷ
646 2103 946 2174 δυνάμενος
996 2104 1190 2156 ἑαυτὸν
1242 2101 1338 2156 καὶ
1384 2102 1676 2170 δεομένους
1733 2097 1792 2155 εὖ

195 2195 386 2245 ποιεῖν
405 2211 418 2224 ·
457 2193 618 2256 ἄλλος
644 2192 690 2245 δ’
720 2193 797 2246 ῶν
851 2194 1176 2264 ἀκόρεστος,
1212 2195 1308 2247 καὶ
1339 2195 1398 2246 τὸ
1428 2194 1680 2248 πλουτεῖν
1705 2194 1796 2247 τέ-

199 2284 298 2349 λος
355 2286 519 2356 ἔχων,
553 2314 555 2316 -
585 2286 681 2340 καὶ
743 2287 994 2340 πλουτῶν
1047 2287 1311 2357 ἀδημονεῖ
1373 2287 1470 2341 καὶ
1525 2287 1665 2342 κατὰ
1703 2288 1797 2342 τὶν

228 2377 439 2447 ἄφρονα
470 2378 732 2432 πλούσιον
763 2377 992 2449 οἰμώζει
1020 2379 1227 2443 κλάων,
1246 2381 1311 2432 Τί
1343 2371 1571 2448 πράξω;
1595 2379 1788 2448 λέγων,

222 2470 592 2540 τίχρήσομαι;
640 2472 723 2524 ὅτι
775 2488 867 2541 μοι
904 2471 967 2524 τὸ
1015 2471 1170 2541 λήϊον
1217 2468 1473 2540 εὔφορον,
1526 2469 1622 2524 καὶ
1675 2474 1796 2535 ταῖς

231 2560 398 2629 ληνοῖς
426 2563 474 2614 oi
509 2560 735 2630 βότρυες
766 2561 826 2614 οὐ
879 2559 1142 2631 χωρητοὶ,
1200 2560 1296 2613 καὶ
1344 2561 1454 2614 πᾶν
1491 2576 1582 2626 μοι
1622 2559 1797 2630 βρίθει

236 2649 406 2716 φυτὸν,
435 2652 530 2704 καὶ
578 2652 734 2704 κενὸν
769 2650 926 2704 οὐδὲν
983 2651 1146 2704 οἴκοι.
1203 2651 1314 2705 Kal
1361 2649 1468 2720 μὴν
1501 2649 1660 2720 δόξης
1716 2668 1800 2713 τις

238 2741 568 2811 ἀφεστηκὼς,
603 2741 696 2794 καὶ
722 2742 830 2796 τῶν
863 2741 958 2794 τοῦ
989 2741 1188 2809 φθόνου
1238 2740 1328 2794 διὰ
1384 2739 1548 2794 τοῦτο
1603 2741 1797 2810 βελῶν,

239 2835 450 2903 ωμίσας
497 2835 598 2888 οὐκ
656 2828 798 2887 εἷναί
843 2834 893 2886 oi.
950 2831 1166 2902 βιωτὸν,
1216 2833 1264 2885 εἰ
1305 2831 1382 2902 μὴ
1423 2833 1800 2902 προσκυνοῖτο,

238 2927 436 2997 ἐκείνης
471 2925 519 2980 θ’
564 2927 684 2998 ἅμα
729 2925 930 2996 τυχὼν,
971 2926 1067 2978 καὶ
1127 2923 1236 2978 τῶν
1287 2921 1458 2991 βελῶν
1501 2919 1804 2993 πειραθεὶς,

237 3016 340 3071 οὔτ’
369 3018 548 3089 ἐκείνῃ
578 3019 789 3089 χαίρων
812 3013 902 3088 ἦν,
941 3016 1038 3070 καὶ
1069 3016 1279 3086 θανατᾷ
1307 3014 1382 3077 ὡς
1416 3012 1804 3082 φθονούμενος.

2627 1909 2843 1966 LXVII.

1967 2005 2228 2061 Jucundte
2257 2014 2384 2060 sunt
2433 2006 2524 2058 uni
2589 2005 2809 2068 divitiae,
2840 2019 2946 2058 non
2994 2017 3113 2057 eam
3151 2001 3222 2057 ob
3252 2017 3477 2056 causam

1897 2098 2041 2167 quod
2081 2114 2274 2152 aurum
2299 2097 2623 2159 admiretur,
2657 2095 2751 2150 sed
2778 2095 2923 2165 quod
2964 2095 3029 2150 iis
3061 2104 3172 2147 tum
3204 2093 3330 2158 sibi,
3367 2101 3480 2147 tum

1895 2191 2018 2246 aliis
2053 2192 2189 2247 bene
2225 2190 2424 2246 facere'
2446 2192 2640 2260 possit.
2679 2189 2855 2255 Alius,
2888 2197 3080 2243 natura
3130 2185 3479 2248 insatiabilis,

1901 2297 2184 2352 unumque
2231 2283 2392 2336 linem
2421 2292 2699 2352 spectans,
2733 2291 2791 2336 ut
2821 2281 3020 2350 opibus
3059 2278 3264 2341 afﬂuat,
3317 2276 3482 2331 etiam

1904 2387 2098 2431 nacms
2135 2392 2231 2431 eas
2274 2378 2516 2446 angitur,
2579 2391 2646 2430 ac
2701 2374 2886 2430 divitis
2946 2373 3092 2426 illius
3148 2369 3300 2424 stulti
3333 2383 3483 2422 more

1905 2471 2125 2542 plorans
2186 2470 2381 2533 ululat,
2419 2470 2562 2536 Quid
2623 2468 2843 2530 iaciam,
2907 2466 3187 2535 inquiens,
3233 2477 3344 2532 quo
3397 2477 3483 2513 uie

1905 2573 2064 2633 pacto
2099 2561 2321 2632 geram?
2351 2577 2508 2631 seges
2533 2561 2666 2615 mihi
2698 2560 2915 2629 copiosa
2977 2555 3246 2627 provenit,
3282 2567 3336 2610 et
3396 2568 3483 2606 ra-

1905 2668 2092 2708 cemos
2117 2652 2409 2706 torcularia
2443 2667 2555 2708 non
2590 2651 2838 2721 capiunt.
2888 2650 3090 2702 Omnes
3122 2645 3252 2700 mihi
3288 2645 3486 2698 fructi-

1906 2744 2011 2799 bus
2040 2754 2254 2800 onustae
2287 2743 2676 2806 suntarbores,
2711 2757 2811 2797 nec
2851 2754 3082 2795 vacuum
3129 2738 3278 2792 domi
3323 2737 3486 2806 quid-

1905 2851 2092 2904 quam.
2124 2835 2277 2890 Alius
2300 2850 2330 2889 a
2357 2835 2528 2906 gloria
2562 2833 2847 2896 remotior,
2875 2841 2933 2888 et
2964 2830 3210 2886 eamdem
3243 2831 3313 2884 ob
3354 2844 3484 2884 cau-

1908 2943 2023 2983 sam
2056 2928 2125 2983 ab
2163 2928 2378 2983 invidia:
2434 2941 2653 2997 quoque
2711 2927 2852 2989 telis,
2905 2934 3056 2979 ratus
3104 2938 3171 2977 ne
3197 2921 3486 2978 vivendum

1911 3018 2132 3088 quidem
2166 3019 2296 3085 sibi,
2369 3019 2422 3072 ni
2482 3019 2780 3084 adoretur;
2828 3026 3118 3089 postquam
3151 3023 3205 3069 et
3263 3013 3489 3082 adeptus

253 3107 439 3180 Ἐτέρῳ
463 3111 506 3162 δ’
539 3105 606 3163 αὖ
628 3110 949 3180 ἐπέπρακτο
968 3106 1301 3162 τούναντίον.
1326 3105 1436 3158 Καὶ
1458 3105 1636 3159 πάντα
1659 3103 1716 3157 δὲ
1740 3102 1793 3156 τό

1911 3121 1996 3168 est
2014 3127 2157 3178 eam,
2193 3123 2247 3168 et
2273 3121 2536 3183 expertus
2572 3111 2791 3166 invidize
2827 3110 2969 3165 tela:
3011 3123 3111 3164 nec
3154 3106 3488 3177 voluptatem

245 3201 516 3274 καθ’ήμᾶς
544 3201 735 3256 ἄλλοτε
767 3201 948 3265 ἄλλοις
978 3201 1114 3254 ἄλλα
1144 3199 1314 3253 δοκεῖ.
1346 3199 1456 3252 Καὶ
1478 3197 1648 3251 ταυτὰ
1674 3194 1793 3249 ποτὲ

1917 3219 1984 3260 ex
2015 3205 2104 3260 illa
2133 3205 2386 3276 percipit,
2423 3214 2478 3261 et
2507 3204 2652 3275 quod
2683 3203 2882 3258 invidia
2915 3202 3200 3274 premitur,
3261 3208 3490 3255 mortem
3575 3238 3578 3241 λ

247 3293 398 3358 καλὰ,
433 3292 564 3348 ποτὲ
584 3294 640 3347 δὲ
678 3294 754 3364 μὴ
783 3293 1032 3358 τοιαῦτα,
1053 3291 1114 3344 οὐ
1137 3291 1226 3344 διὰ
1254 3291 1354 3360 τὴν
1392 3290 1600 3344 ἑαυτῶν
1622 3289 1793 3360 φύσιν.

1913 3296 2028 3368 ipse
2055 3297 2161 3352 sibi
2199 3305 2370 3366 optat.
2403 3297 2618 3352 Rursus
2646 3295 2787 3350 alius
2813 3296 3095 3350 diversum
3135 3291 3284 3347 facit.
3315 3290 3492 3344 Adeo-

242 3383 323 3437 διὰ
356 3387 410 3437 δὲ
427 3386 526 3456 τὴν
555 3384 664 3438 τῶν
703 3382 1007 3453 ἀνθρώπων
1043 3381 1179 3452 πρὸς
1220 3381 1402 3433 ἐκεῖνα
1436 3383 1653 3443 πάντως
1689 3379 1806 3434 διά-

1916 3403 2023 3458 que
2048 3397 2261 3442 cunctae
2287 3403 2373 3442 res
2403 3395 2606 3442 nostra!
2638 3387 2773 3441 alias
2808 3386 2930 3440 aliis
2964 3384 3084 3438 alia:
3139 3384 3390 3437 videntur
3411 3395 3492 3434 es-

244 3476 402 3530 θεσιν.
428 3478 592 3531 Ὥστε
632 3476 727 3530 καὶ
782 3476 846 3528 τὸ
898 3475 1148 3545 ἠρεμεῖν,
1189 3473 1284 3526 καὶ
1317 3472 1379 3525 τὸ
1429 3472 1677 3542 ἥδεσθαι,
1714 3472 1793 3524 κα¹

1915 3495 1974 3534 se
2010 3515 2028 3533 .
2054 3477 2195 3546 Quin
2225 3480 2413 3534 eadem
2454 3480 2634 3550 plane,
2669 3477 2832 3534 modo
2861 3479 3020 3544 bona,
3055 3479 3216 3532 modo
3256 3493 3364 3531 non
3401 3477 3494 3531 bo-

241 3566 296 3617 τὸ
329 3566 692 3638 ταράττεσθαί
715 3583 775 3620 τε
815 3567 909 3620 καὶ
935 3565 1243 3631 θλίϐεσθαι,
1295 3563 1573 3635 λογισμῶν
1609 3563 1678 3618 ἂν
1719 3563 1805 3634 εἴη

244 3665 433 3732 μᾶλλον
466 3667 498 3737 ἢ
527 3666 630 3736 τῆς
660 3664 875 3735 φύσεως
915 3662 1026 3717 τῶν
1061 3661 1425 3734 πραγμάτων.

1917 3587 2010 3636 na,
2043 3589 2153 3627 non
2183 3573 2235 3628 id
2267 3573 2486 3642 quidem
2535 3587 2601 3627 ex
2633 3583 2827 3627 natura
2865 3587 2984 3634 sua,
3034 3574 3126 3626 sed
3173 3587 3399 3640 prorsus
3429 3587 3494 3626 ex

1915 3661 2159 3730 ipsorum
2199 3662 2266 3716 ad
2290 3677 2353 3717 ea
2387 3662 2697 3716 mortalium
2729 3662 3035 3718 all'cctione.
3087 3661 3208 3726 Quo
3244 3661 3321 3726 Iit,
3355 3673 3411 3716 ut
3433 3679 3494 3714 ca

241 3759 618 3827 tranquillitas,
656 3766 712 3814 et
757 3757 1071 3824 oblectatio,
1104 3765 1159 3812 et
1187 3754 1548 3826 perturbatio,
1581 3763 1636 3811 et
1671 3754 1912 3820 nilliCtio,
1941 3757 2125 3824 potius
2177 3758 2246 3812 ab
2294 3758 2433 3826 ipsis
2498 3757 2720 3820 animis,
2774 3771 2935 3826 quam
2985 3772 3016 3809 a
3074 3771 3252 3810 rerum
3305 3764 3496 3810 natura

241 3855 576 3922 proveniant.
1067 3882 1078 3888 -

959 3948 1087 4002 EH’.

305 4045 470 4100 Οὐδὲν
496 4043 564 4098 ἂν
597 4041 683 4113 εἴη
714 4041 909 4108 δεινὸν,
942 4041 970 4094 δ
995 4041 1070 4111 μὴ
1104 4037 1342 4110 φορητὸν
1375 4037 1531 4107 ἡμῖν,
1575 4037 1697 4090 εἶπέ
1735 4055 1820 4100 τις

2575 3942 2806 3999 LXVIII.

1992 4035 2200 4090 Sensus
2228 4045 2313 4089 est
2345 4034 2431 4088 hic
2454 4045 2626 4104 poetae
2671 4036 2982 4106 cujusdam,
3012 4034 3137 4091 aliis
3179 4035 3264 4090 nsi
3293 4033 3498 4100 verbis,

238 4132 345 4185 τῶν
378 4133 646 4203 ποιητῶν.
684 4131 862 4196 ἄλλως
901 4133 1137 4202 φράσας.
1208 4127 1354 4197 Ἐγὼ
1380 4128 1448 4193 δ’,
1504 4128 1716 4180 ἐκείνου
1749 4130 1793 4195 τῇ

1923 4127 2129 4182 nullam
2161 4142 2282 4182 esse
2309 4127 2700 4193 calamitatem,
2725 4143 2849 4198 qua:
2877 4143 2904 4181 a
2943 4128 3099 4183 nobis
3120 4127 3340 4184 tolerari
3389 4141 3496 4182 non

240 4229 396 4295 φύσει
424 4225 586 4280 τοῦτο
619 4224 877 4288 διδόντος,
896 4225 962 4294 τῇ
989 4221 1305 4293 προαιρέσει
1333 4221 1502 4290 νέμω.
1533 4219 1683 4298 Αὶῦτη
1711 4219 1793 4289 γὰι

1921 4221 2111 4292 possit.
2144 4221 2259 4276 Hoc
2291 4237 2414 4277 cum
2443 4222 2509 4276 ad
2548 4212 2798 4277 naturam
2828 4222 2916 4276 ille
2945 4222 3208 4287 retulerit,
3231 4237 3333 4293 ego
3359 4221 3500 4276 libe-

240 4319 435 4380 καλοὺς
478 4318 626 4388 ἡμᾶς
656 4317 754 4370 καὶ
792 4316 867 4385 μὴ
915 4313 1194 4376 τοιούτους
1247 4313 1562 4384 ἐργάζεται.
1601 4311 1666 4365 Ἡ
1720 4312 1793 4380 με

1925 4328 1998 4368 ra:
2029 4315 2294 4369 voluntati
2354 4315 2562 4382 tribuo;
2600 4332 2724 4370 nam
2777 4332 2840 4371 ea
2867 4331 2968 4372 nos
3022 4326 3076 4371 et
3107 4316 3280 4373 bonos
3308 4323 3362 4372 et
3391 4329 3500 4370 non

241 4413 347 4481 γὰρ
379 4412 542 4482 κοινὴ
607 4409 771 4478 φύσις
815 4408 1046 4468 δούλοις,
1106 4407 1418 4472 δεσπόταις,
1465 4409 1634 4459 πᾶσιν
1693 4404 1793 4474 ἐξῆ

1926 4407 2103 4462 bonos
2132 4407 2316 4462 cllicit.
2349 4407 2561 4479 Quippe
2587 4410 2893 4464 communis
2937 4409 3028 4463 illa
3057 4419 3276 4474 natura,
3305 4410 3503 4470 servis,

237 4504 578 4574 ἀνθρώποις,
619 4503 719 4570 μία
749 4517 833 4562 τις
860 4499 1309 4569 ἀπαράλλακτος.
1349 4498 1523 4569 Ἀδὰμ
1548 4499 1657 4567 γὰρ
1688 4498 1818 4551 παῖ-

235 4592 345 4655 δες,
379 4591 540 4659 πηλῷ
574 4591 677 4660 τὴν
717 4589 956 4659 ὕπαρξιν
1002 4588 1485 4658 ὲσχηκότος,χειρ“ι
1537 4587 1673 4641 Θεοῦ
1725 4606 1793 4642 πε

1928 4591 2242 4645 indiscreta.
2284 4591 2487 4648 Sumus
2523 4594 2667 4647 enim
2705 4593 2854 4647 illius
2902 4592 3096 4648 Adami
3140 4593 3258 4659 ﬁlii,
3313 4594 3405 4662 qui
3437 4593 3506 4647 de

239 4684 584 4754 πλασμένου.
615 4682 864 4744 Γενναῖος
892 4680 971 4743 δὲ,
996 4681 1088 4732 καὶ
1115 4678 1406 4749 σταθηρδς,
1428 4681 1520 4732 καὶ
1552 4681 1626 4751 μὴ
1651 4680 1793 4734 τοιοῦ

1928 4682 2042 4737 luto
2074 4684 2300 4746 exstitit,
2329 4683 2418 4737 Dei
2454 4700 2615 4739 manu
2647 4685 2936 4740 formatus.
2974 4685 3287 4753 Atquilibet
3317 4684 3503 4746 homo,

241 4797 333 4841 τος
360 4776 808 4832 ἀποκαθίσταται
857 4776 923 4844 τῇ
958 4774 1282 4843 προαιρέσει
1350 4774 1457 4836 πᾶς
1517 4773 1793 4842 ἄνθρωπος

1905 4777 2015 4839 ,vel
2042 4785 2326 4839 strenuus,
2362 4776 2448 4830 vel
2479 4775 2760 4840 cdnstans,
2824 4777 2907 4832 vel
2941 4792 3048 4830 non
3104 4776 3248 4836 talis,
3279 4774 3507 4829 arbitrio

253 4869 313 4923 '0
353 4869 467 4938 γὰρ
493 4869 603 4920 τῶν
625 4867 910 4935 παρόντων
945 4865 1065 4925 ὅλος
1115 4864 1432 4933 γενόμενος,
1483 4861 1793 4935 πραγμάτω

1936 4868 2230 4923 voluntatis
2263 4869 2513 4924 elIicitur.
2566 4867 2702 4922 Nam
2742 4869 2835 4937 qui
2889 4883 2949 4922 se
2973 4877 3144 4921 totum
3183 4867 3349 4921 rebus
3385 4866 3508 4920 vita:

244 4963 304 5014 ού
337 4959 675 5030 βεϐηκότων,
706 4956 821 5020 πῶς
851 4956 916 5009 ἂν
948 4956 1192 5026 ἀτρέμας
1223 4955 1418 5026 μεινῃ;
1448 4958 1562 5019 πῶς
1586 4957 1787 5020 ἄλυπος

1940 4961 2223 5028 przesentis
2251 4961 2478 5026 addicit,
2509 4961 2733 5013 minime
2766 4957 3008 5028 profecto
3030 4957 3339 5020 stabilibus,
3368 4972 3510 5028 quo--

261 5054 317 5106 ὐ
368 5053 427 5104 δὲ
471 5051 550 5121 τῷ
608 5049 755 5119 λόγῳ
813 5047 1116 5117 χρώμενος,
1167 5046 1316 5100 οὐδέν
1371 5065 1424 5100 τι
1481 5049 1590 5100 τῶν
1646 5049 1793 5103 ὲνθάε

1941 5070 2063 5107 nam
2093 5067 2248 5123 pacto
2272 5054 2450 5122 quiete
2478 5053 2649 5108 solida
2681 5050 2933 5104 fruetur?
2957 5049 3048 5118 qui
3074 5049 3280 5104 doloris
3310 5066 3508 5120 expers

250 5145 534 5216 προῠργου
567 5140 916 5212 ποιούμενος,
955 5138 1049 5192 τοῦ
1077 5137 1251 5207 πηλοῦ
1296 5138 1634 5206 καταγελῶν,
1692 5140 1793 5192 ἁθα

1905 5145 2078 5198 'erit?
2099 5148 2167 5197 At
2195 5145 2288 5213 qui
2323 5147 2534 5197 ratione
2574 5143 2765 5204 utitor,
2792 5155 2891 5194 nec
2921 5140 3218 5210 quidquam
3269 5141 3348 5196 rei
3399 5152 3510 5196 ter-

252 5245 441 5305 νασίας
464 5239 773 5309 ἐπιθυμῶν,
802 5236 1083 5304 ὁδοιπόρον
1103 5235 1296 5288 ἑαυτὸν
1343 5236 1717 5303 ἐπιστάμενος
1749 5237 1793 5289 εἰ

1937 5237 2128 5290 restris
2155 5237 2315 5289 habet
2345 5236 2397 5287 in
2430 5233 2624 5302 pretio,
2657 5233 2832 5286 lutum
2890 5232 3147 5297 irridens,
3185 5233 3513 5290 immortali~

251 5340 348 5404 τὴν
387 5332 630 5404 πατρίδα,
669 5330 770 5398 τὴν
787 5329 921 5390 ἄνω,
939 5326 1200 5396 ὑποφέρει
1215 5326 1316 5396 μὲν
1331 5325 1501 5392 δεινὰ,
1522 5326 1678 5390 εἰδὼς
1697 5345 1793 5381 ταν

1939 5328 2066 5382 tatis
2093 5335 2376 5395 appetens,
2407 5326 2611 5394 quique
2640 5339 2699 5378 se
2731 5327 2994 5378 viatorem
3032 5325 3181 5379 novit
3216 5340 3360 5391 esse,
3395 5335 3512 5380 ten-

253 5430 303 5480 τὶ
329 5424 740 5496 παρερχόμενα,
767 5419 864 5472 καὶ
901 5417 1085 5486 νίτρου
1110 5417 1275 5468 τόπον
1305 5414 1547 5479 σώζοντα
1574 5419 1639 5486 τῇ
1662 5417 1793 5487 ψυχῇ

1939 5420 2156 5472 dentem
2192 5418 2257 5470 ad
2286 5429 2540 5482 superam
2577 5414 2720 5467 illam
2747 5415 3009 5483 patriam:
3043 5414 3089 5469 is
3121 5429 3248 5470 vero
3277 5423 3330 5468 et
3355 5429 3510 5484 tequo

255 5515 598 5588 ἀνθρώπινόν
627 5529 682 5564 τι
704 5507 960 5579 παθούσῃ
980 5525 994 5539 ο
1029 5507 1138 5559 τῶν
1159 5506 1217 5558 δὲ
1243 5507 1416 5576 ἡδέων
1445 5505 1541 5559 τοῦ
1571 5507 1697 5576 τῇδε
1718 5508 1793 5576 βίο

1942 5507 2194 5563 tolerabit
2225 5505 2409 5561 animo
2441 5505 2639 5573 tristia,
2665 5521 2784 5559 cum
2812 5519 2937 5560 esse
2993 5507 3306 5560 transitoria
3345 5507 3506 5565 sciat,

253 5613 322 5673 ὡς
348 5608 547 5678 Θνητδς
583 5607 685 5658 οὐκ
713 5601 998 5656 ἀθανάτων
1043 5601 1308 5669 μετέχων,
1340 5598 1478 5651 οῐσει
1503 5600 1602 5669 τὴν
1631 5599 1793 5652 τούτου

1942 5615 2004 5653 ac
2041 5610 2301 5668 praestare
2331 5599 2460 5652 nitri
2489 5598 2660 5652 vicem
2701 5599 2906 5664 animo,
2936 5600 3024 5653 cui
3081 5598 3213 5668 quid
3249 5596 3506 5650 humani-

256 5703 461 5772 ζημίαν
495 5699 638 5750 πολὺ
671 5695 780 5749 τῶν
806 5692 984 5746 ἄλλων
1014 5692 1344 5760 κουφότερόν
1394 5707 1452 5743 τε
1502 5692 1594 5743 καὶ
1631 5691 1793 5744 ἄλυτα

1943 5701 2031 5747 tus
2061 5693 2292 5758 accidit;
2327 5702 2382 5747 et
2421 5693 2550 5756 illis,
2577 5708 2698 5761 quae
2735 5691 2789 5745 in
2829 5693 2932 5746 hac
2968 5688 3336 5759 vitajucunda
3356 5693 3510 5747 sunt,

256 5809 431 5862 τερον.
1947 5781 2107 5836 veluti
2135 5782 2379 5836 mortalis
2409 5783 2555 5836 haud
2590 5781 2987 5836 immortalibus
3036 5779 3243 5840 fruens,
3291 5785 3512 5828 eorum-

259 5892 371 5944 dem
401 5888 678 5956 iacturam
713 5893 829 5940 tum
881 5882 1053 5938 levius
1088 5883 1255 5936 multo
1305 5883 1538 5948 caeteris,
1576 5891 1686 5935 tum
1725 5879 1932 5936 minore
1957 5893 2080 5935 cum
2116 5877 2283 5933 animi
2319 5877 2566 5934 molestia
2593 5878 2744 5930 feret.

587 5986 861 6044 Pnnon.
906 5985 1022 6042 Gn.
1056 5981 1264 6043 CLVI.

3003 5970 3076 6027 1'2

1928 4499 2099 4565 heris,
2127 4500 2494 4570 omnibusque
2553 4503 2912 4566 mortalibus,
2969 4517 3076 4556 una
3110 4502 3358 4570 quedam
3421 4513 3504 4556 est
