3978 6648
434 364 538 425 {lC-3

1121 472 1286 528 LXIX

504 590 651 655 Quas
682 601 874 655 passus
930 586 1030 642 fuit
1079 602 1352 644 aerumnas
1385 586 1579 653 Johns,
1618 591 1688 643 ob
1719 603 1813 643 eas
1837 588 2010 656 magis

433 684 626 738 beatus
659 681 1004 751 praedicatur,
1035 696 1197 749 quam
1232 681 1301 736 ob
1327 680 1467 736 facta
1499 696 1597 737 sua
1619 723 1635 747 ,
1682 694 2001 750 quanquam

432 789 496 829 ea
527 772 651 827 talia
684 780 944 841 tantaque
1011 771 1233 836 fuerint,
1260 781 1321 826 ut
1349 786 1537 827 eorum
1566 779 1842 826 auctorem
1869 770 2009 825 Deus

434 867 553 937 ipse
579 878 797 936 quoque
832 862 1187 920 collaudaret.
1219 861 1335 918 Jain
1371 864 1416 919 si
1454 864 1844 933 praclarorum
1880 878 2010 931 ope-

432 974 553 1012 rum
603 956 909 1012 elfectorem
986 970 1351 1009 aerumnarum
1404 970 1601 1011 sensus
1658 955 2007 1010 illustriorem

434 1048 689 1113 reddidit,
725 1062 834 1118 quo
877 1056 1039 1117 pacto
1072 1062 1176 1101 nou
1225 1046 1369 1101 idem
1404 1046 1508 1100 hoc
1543 1048 1846 1102 remedium
1884 1060 2010 1113 pro.

434 1137 574 1192 derit
599 1135 725 1203 illis,
761 1135 854 1206 qui
879 1134 1049 1189 multa
1106 1143 1498 1204 perpetrarunt
1563 1136 1747 1190 mala!
1802 1135 2005 1189 Saltem

437 1233 546 1285 Deo
575 1230 696 1284 vitae
728 1241 929 1284 nostra:
956 1229 1111 1283 clavo
1140 1229 1461 1292 commisso,
1491 1230 1708 1298 quoties
1745 1243 2007 1298 prospera

436 1323 781 1392 navigatione
812 1322 1036 1385 utimur,
1069 1321 1429 1389 providentia:
1485 1322 1801 1376 facilitatem
1858 1321 2005 1375 illam

435 1419 715 1480 acceptum
762 1409 1020 1471 ferentes.
1058 1410 1161 1479 ipsi
1196 1412 1401 1478 gratias
1436 1426 1685 1481 agamus,
1725 1426 1790 1466 ac
1823 1411 2007 1466 mode-

418 1513 516 1558 ste
546 1503 651 1556 laeti
695 1502 898 1564 simus;
935 1510 990 1555 at
1018 1503 1111 1556 ubi
1154 1502 1354 1558 ﬂuctus
1389 1501 1587 1570 aliquis
1619 1504 1906 1572 ingruerit.
1958 1504 2005 1556 vi

437 1594 567 1651 ntali
606 1610 674 1650 ne
706 1594 1113 1664 demergarnur.
1145 1594 1210 1671 Et
1239 1595 1381 1650 enim
1422 1596 1787 1664 quijucuudis
1815 1611 2010 1650 secun—

436 1691 557 1745 dum
594 1685 863 1742 rationem
891 1704 997 1741 non
1035 1687 1229 1751 utitur,
1267 1688 1314 1741 is
1343 1702 1370 1738 a
1404 1688 1651 1742 tristibus
1675 1687 1831 1757 quasi
1862 1688 2007 1741 dilu-

438 1782 522 1835 vio
548 1780 781 1850 quodam
823 1778 1093 1832 obruitur.
1124 1777 1211 1831 Ab
1263 1777 1432 1831 altero
1492 1792 1724 1847 namque
1756 1780 2006 1847 provenit

438 1874 689 1929 alterum.
720 1870 797 1925 Ac
824 1870 869 1924 si
905 1870 1122 1939 quidem
1157 1868 1210 1921 in
1247 1878 1536 1938 utramque
1570 1878 1776 1937 partem
1820 1885 2003 1937 parum

1612 357 2009 418 MANUELIS
2055 352 2499 416 PALEOLOGI

2042 485 2092 545 Α

2754 424 2757 425 ί
3632 342 3764 407 εει

2838 467 2959 521 ΞΘ’.

2195 589 2316 643 Ἰὼϐ
2338 590 2400 642 ὲκ
2451 587 2561 641 τῶν
2605 586 2946 658 παθημάτων
2994 584 3361 657 μακαρῖζεται
3414 584 3676 658 μᾶλλρν
3722 583 3761 648 ἢ

2110 682 2219 736 ἀπὸ
2249 682 2356 734 τῶν
2383 680 2561 751 ἔργων
2592 680 2804 739 αὐτῶνθ
2836 679 3013 733 καίτοι
3038 678 3338 749 τηλικαῦτα
3372 672 3463 749 ἦν,
3505 679 3613 739 ὡς
3650 675 3763 726 καὶ

2111 772 2244 824 Θεὸν
2268 771 2554 825 ἐπαινέσαι
2584 770 2675 823 τὸν
2705 770 3104 840 ἐργασάμενον.
3133 771 3244 822 Καὶ
3272 770 3319 822 ei
3351 769 3460 821 τῶν
3524 765 3765 820 καλῶν

2111 864 2357 932 ἐργάτην
2384 862 2776 931 λαμπρότερον
2808 860 3050 925 ἀνέδειξε
3088 860 3148 914 τὸ
3189 862 3402 925 παθεῖν,
3440 859 3592 921 πῶς
3636 856 3766 911 οὐκ

2109 952 2293 1023 ὀνήσει
2321 950 2383 1004 τὸ
2413 950 2704 1020 φάρμακον
2734 950 3071 1019 αὐτουργοὺς
3101 948 3314 1002 πολλῶν
3358 948 3577 1001 κακῶν
3646 962 3765 1013 γει

2110 1045 2377 1111 γονότας;
2415 1042 2562 1113 Πλὴν
2600 1041 2719 1110 Θεῷ
2750 1043 2877 1103 τοὺς
2908 1043 3097 1103 οἴακας
3127 1040 3562 1111 ἐγχειρίσαντες
3631 1037 3763 1105 τῆς

2111 1136 2390 1206 ἡμετέρας
2434 1134 2603 1203 ζωῆς,
2653 1134 2781 1187 ὅταν
2822 1132 3074 1202 ὲξουρίας
3136 1134 3268 1202 ἡμῖν
3298 1135 3325 1187 ό
3386 1131 3611 1194 πλοῦς,
3675 1131 3759 1196 τῇ

2111 1228 2339 1299 προνοίᾳ.
2359 1226 2699 1295 λογιζόμενοι
2734 1224 2830 1294 τὴν
2868 1224 3139 1289 εὐκολίαν,
3174 1223 3405 1293 χάριτας
3449 1222 3752 1289 εἰδῶμεν

2112 1318 2263 1388 αὑτῷ
2292 1319 2447 1371 αὐτοὶ
2507 1319 2722 1389 σεμνῶς
2757 1318 3036 1388 ἡδόμενοι.
3065 1317 3236 1369 Ὅταν
3293 1315 3351 1368 δέ
3424 1331 3479 1367 τι
3554 1313 3757 1383 κῦμα

2108 1411 2353 1476 eadem,
2382 1411 2455 1480 μὴ
2490 1408 2883 1479 βαπτιζώμεθα
2918 1408 2994 1478 τῷ
3014 1407 3193 1476 δεινῷ.
3247 1406 3305 1459 Ὅ
3332 1406 3443 1476 γάρ
3478 1406 3625 1467 τοῖς
3676 1404 3756 1471 ή-

2108 1504 2220 1557 δέσι
2259 1503 2333 1570 μὴ
2368 1502 2510 1555 κατά
2539 1502 2699 1570 λόγον
2727 1499 3028 1571 χρώμενος,
3052 1501 3169 1562 τοῖς
3198 1498 3468 1567 λυπηροῖς
3525 1512 3750 1548 κατα-

2111 1595 2392 1660 κλύζεται.
2417 1595 2662 1665 Θάτερον
2692 1594 2801 1663 γὰρ
2828 1594 2890 1645 τὸ
2915 1592 3112 1646 λοιπὸν
3148 1590 3443 1661 προξενεῖ·
3478 1589 3593 1641 καὶ
3661 1588 3748 1656 ἢν

2110 1690 2230 1741 κατ’
2256 1688 2427 1757 ἀμφω
2458 1687 2720 1757 φανῶμεν
2753 1687 3025 1756 ἀδόκιμοι,
3067 1686 3188 1737 νυνὶ
3257 1684 3358 1752 μὲν
3421 1681 3743 1747 πλείστην

2110 1780 2395 1853 αἰσχύνην,
2429 1782 2511 1843 εἰς
2570 1782 2628 1835 δὲ
2656 1779 2721 1833 τὸ
2755 1780 2949 1850 μέλλον
3004 1778 3273 1834 ἀθάνατον
3307 1778 3442 1848 ἡμῖν
3513 1774 3740 1834 αὐτοῖς

2109 1889 2176 1924 πε
2184 1873 2475 1943 ριάψομεν.

438 1984 536 2024 nos
572 1968 740 2039 probe
768 1967 1124 2036 gesserimus,
1156 1966 1511 2037 ignominiam
1548 1981 1696 2021 nunc
1736 1980 1865 2021 sane
1914 1966 2239 2035 maximam,
2278 1979 2332 2025 et
2360 1969 2416 2025 in
2447 1969 2698 2025 futurum
2766 1977 3090 2040 perpetuam
3148 1968 3308 2024 nobis
3369 1968 3478 2039 ipsi
3570 1980 3730 2021 con-

438 2064 768 2119 ciliabimus.

1146 2150 1307 2205 LXX.

512 2269 606 2326 Vir
638 2271 815 2326 bonus
845 2268 943 2324 tibi
972 2282 1079 2323 non
1113 2282 1180 2322 ex
1212 2267 1450 2330 fortuna.
1511 2268 1609 2325 sed
1667 2284 1730 2323 ex
1766 2269 2012 2324 moribus

441 2364 774 2420 :estimator:
806 2376 911 2415 non
940 2361 1032 2430 qui
1063 2374 1314 2431 magnam
1352 2360 1649 2429 potentiam
1698 2360 1879 2427 habet,
1917 2361 2011 2415 sed

441 2472 559 2512 eam
593 2494 609 2519 ,
641 2470 763 2525 qua:
788 2452 1003 2522 obtigit,
1039 2466 1138 2521 pro
1194 2452 1335 2505 virili
1378 2452 1717 2521 amplificat:
1753 2444 2007 2521 nonfqui

443 2548 673 2604 multum
702 2547 821 2602 auri
846 2544 1047 2600 defessi
1079 2545 1343 2614 possidet,
1365 2547 1457 2600 sed
1486 2546 1679 2600 amicis
1711 2546 2010 2616 largiendo,

414 2636 502 2696 'se
554 2638 845 2710 magniﬁce
893 2637 1062 2707 gerit:
1098 2653 1229 2701 non,
1286 2638 1378 2705 qui
1418 2637 1817 2707 mancipiorum
1854 2636 2012 2707 quasi

443 2734 699 2805 gregibus
729 2729 1209 2795 circumfunditur,
1244 2732 1339 2785 sed
1390 2731 1487 2800 qui
1512 2731 1708 2785 servile
1770 2732 1906 2785 nihil
1958 2732 2011 2785 in

446 2828 629 2881 animo
664 2839 877 2895 gerens,
904 2823 1007 2878 sibi
1034 2823 1253 2892 quidem
1282 2823 1387 2892 ipsi
1425 2824 1677 2893 imperat,
1696 2824 1850 2877 malis
1880 2838 2013 2877 vero

444 2918 757 2974 servitutem
852 2914 1078 2969 minime
1154 2915 1343 2969 servit.
1405 2915 1547 2969 Idem
1621 2914 1883 2984 superbos
1961 2924 2016 2969 et

445 3011 742 3067 iracundos
780 3022 980 3071 mores,
1014 3006 1206 3077 quales
1240 3008 1445 3061 cadunt
1484 3007 1537 3061 in
1579 3006 1827 3061 homines
1876 3004 2017 3074 inju-

446 3106 643 3166 riosos,
676 3115 1051 3172 equorumque
1087 3114 1241 3153 more
1268 3099 1509 3154 calcibus
1541 3108 1810 3169 petentes,
1830 3108 1884 3153 et
1931 3100 2014 3153 in—

446 3199 681 3253 solentes
715 3195 985 3257 incessus,
1009 3200 1062 3246 et
1087 3192 1319 3245 aliorum
1362 3191 1817 3259 contemptiones,
1852 3199 1904 3244 et
1934 3189 2017 3243 in-

438 3293 616 3345 llexas
670 3287 871 3356 ubique
926 3284 1189 3347 cervices,
1228 3291 1282 3338 et
1334 3298 1473 3353 quos
1523 3283 1783 3337 delicatos
1822 3290 2017 3336 vocant

447 3392 657 3453 gestus,
712 3379 783 3434 ab
819 3377 1049 3448 egregiis
1087 3384 1142 3430 et
1199 3376 1384 3446 probis
1440 3374 1751 3429 hominibus
1806 3373 2016 3428 alienos

448 3476 619 3532 ducit.
652 3473 833 3542 Neque
858 3486 986 3526 vero
1030 3478 1085 3525 et
1108 3470 1199 3524 ille
1220 3468 1360 3536 frugi
1419 3466 1716 3537 putandus,
1751 3465 1847 3537 qui
1890 3467 2017 3521 aliis

448 3566 821 3636 magnitudine
850 3578 946 3618 sua
969 3563 1149 3633 gravis
1176 3573 1295 3616 est;
1324 3563 1420 3616 sed
1452 3560 1538 3615 cui
1581 3560 1756 3615 fausta
1782 3575 2013 3629 quaeque

449 3660 549 3713 viri
601 3664 917 3724 praestantes
965 3665 1177 3725 optant,
1240 3660 1294 3708 et
1325 3651 1583 3708 secundis
1644 3652 1806 3706 rebus
1837 3652 2013 3706 utenti

446 3750 919 3820 congratulantur.
973 3756 1025 3801 et
1089 3748 1241 3801 triste
1269 3744 1402 3814 quid
1458 3744 1651 3799 ferenti
1702 3743 2015 3798 eoudoleut.

448 3841 672 3896 lliccine
704 3839 799 3894 tibi
831 3838 911 3891 vir
942 3836 1189 3891 omnium
1237 3835 1737 3905 praestantissimus
1789 3850 1909 3889 esse
1940 3834 2017 3888 vi-

2855 2155 2933 2209 θ’.

2196 2270 2424 2336 Ἀγαθδς
2475 2270 2575 2323 οὐκ
2612 2270 2674 2325 ὲκ
2708 2271 2808 2341 τῆς
2831 2271 3022 2341 τύχης,
3052 2270 3169 2324 ἀλλ’
3196 2268 3301 2323 άπδ
3331 2271 3443 2323 τῶν
3469 2270 3720 2340 τρόπων

2112 2363 2382 2432 κρινέσθω
2430 2380 2512 2415 σοι
2539 2380 2553 2394 ·
2587 2364 2685 2433 οὐχ
2707 2367 2733 2417 ό
2759 2364 3003 2435 μεγάλην
3035 2364 3266 2434 δύναμιν
3296 2364 3458 2433 ἔχων,
3492 2363 3619 2415 ἀλλ’
3684 2363 3718 2413 ὀ

2113 2456 2212 2537 τὴν
2242 2458 2595 2527 ὑπάρχουσαν
2630 2458 2687 2510 τὸ
2722 2461 2845 2510 κατ’
2899 2459 3061 2512 αὐτὸν
3112 2458 3303 2527 βελτίω
3335 2458 3505 2509 ποιῶν
3534 2472 3552 2487 ·
3595 2455 3714 2523 οὐχ

2111 2545 2155 2620 ᾧ
2189 2549 2355 2613 πολύς
2389 2553 2503 2603 ἐστι
2532 2551 2731 2621 χρυσὸς
2786 2552 3301 2621 κατορωρυγμένος,
3352 2550 3467 2602 ἀλλ’
3519 2550 3579 2611 ὃς
3637 2564 3713 2615 γε

2115 2642 2290 2712 φίλοις
2312 2643 2687 2711 λαμπρύνοιτο
2714 2658 2730 2672 °
2761 2642 2872 2695 οὐδ’
2906 2645 2932 2695 ό
2964 2643 3393 2713 περιρρεόμενος
3424 2640 3713 2711 ἀνδραπό-

2114 2734 2220 2787 δων
2260 2734 2511 2801 ἀγέλαις,
2550 2734 2668 2786 ἀλλ’
2701 2732 2759 2797 ὃς
2813 2735 2979 2805 μηδὲν
3006 2733 3412 2804 ἀνδραποδῶδες
3442 2734 3585 2802 ἔχων
3641 2733 3710 2784 ὲν

2115 2829 2179 2895 τῇ
2210 2825 2380 2895 ψυχῇ,
2417 2826 2573 2896 ἄρχει
2602 2827 2703 2896 μὲν
2748 2827 2911 2891 αὐτὸς
2941 2827 3127 2891 αὑτοῦ,
3152 2829 3263 2891 τοῖς
3287 2828 3343 2881 δὲ
3391 2829 3583 2889 κακοῖς
3632 2827 3703 2878 οὐ

2114 2918 2457 2973 δεδούλωται.
2484 2920 2589 2971 Τὸν
2608 2919 2661 2972 δὲ
2689 2919 3001 2990 ὕπερόπτην
3029 2938 3086 2973 τε
3111 2922 3204 2974 καὶ
3224 2922 3440 2991 ὀργίλον
3466 2923 3705 2992 τρόπον,

2116 3012 2175 3075 ὃς
2203 3012 2309 3065 τῶν
2357 3011 2690 3081 ὑϐριζόντων
2735 3012 2874 3076 ἐστὶ,
2934 3013 3031 3067 καὶ
3082 3013 3181 3079 λὰξ
3242 3016 3511 3067 παιόντων
3572 3013 3702 3065 καθ’

2117 3105 2340 3168 ἵππους,
2378 3105 2472 3156 καὶ
2503 3104 2562 3157 τδ
2594 3104 2791 3169 σοϐεῖν,
2818 3104 2911 3158 καὶ
2943 3106 3237 3177 ὑπερορᾷν,
3268 3106 3363 3159 καὶ
3395 3106 3485 3158 τὸν
3512 3104 3701 3173 ἀκαμ-

2118 3213 2253 3251 πτον
2283 3197 2485 3266 αὐχένα
2516 3196 2817 3266 πανταχοῦ,
2877 3200 2973 3252 καὶ
3026 3197 3084 3251 τὸ
3150 3199 3699 3269 προσαγορευόμενοι)

2118 3289 2482 3360 θρὸτπισθαι,
2516 3289 2769 3360 ἀλλότρια
2801 3290 3053 3360 νενόμικε
3085 3290 3266 3343 καλῶν
3288 3290 3381 3342 καὶ
3404 3290 3702 3359 χρηστοτέ-

2121 3399 2229 3452 ρων
2255 3381 2577 3452 ἀνθρώπων.
2602 3384 2676 3434 Οὐ
2726 3381 2832 3452 μὴν
2854 3381 3101 3443 κάκεῖνός
3132 3399 3190 3449 γε
3229 3384 3483 3451 χρηστὸς,
3509 3381 3566 3443 ὃς
3605 3380 3699 3430 λυ-

2123 3476 2215 3527 πεῖ
2238 3473 2313 3543 τῷ
2344 3473 2519 3541 μέγας
2553 3469 2695 3526 εἶναι
2722 3489 2737 3505 ο
2766 3472 2881 3525 ἀλλ’
2929 3466 2973 3542 ᾧ
3025 3472 3360 3536 συνεύξαιντ’
3394 3471 3459 3525 ἂν
3512 3473 3699 3540 ἀγαθά

2118 3564 2167 3615 oi
2199 3563 2308 3616 τῶν
2341 3562 2549 3632 ἀνδρῶν
2576 3564 2830 3633 ἀμείνους
2864 3563 2959 3615 καὶ
2984 3562 3296 3631 συνησθεῖεν
3318 3561 3701 3628 εὐδαιμονοῦν-

2117 3674 2193 3718 τι,
2217 3658 2310 3709 καὶ
2343 3656 2741 3724 συναλγήσαιεν
2791 3656 3071 3725 πάσχοντι.
3107 3656 3267 3707 Δοκεῖ
3292 3656 3354 3726 δή
3412 3671 3493 3706 σοι
3527 3654 3701 3706 πανάο

2123 3765 2307 3818 ριστος
2335 3748 2489 3811 οὗτος
2535 3744 2699 3813 εἶναι,
2729 3749 2823 3801 καὶ
2865 3748 3045 3817 βούλει
3086 3748 3293 3805 πάντας
3346 3746 3689 3816 ἀνθρώπους,

2118 3842 2303 3909 ῶσπερ
2342 3842 2570 3907 ἐκεῖνον,
2603 3842 2779 3909 φιλεῖν
2830 3857 2909 3904 σε,
2943 3842 3161 3908 ἄριστον
3209 3840 3416 3909 ἀνδρῶν
3451 3857 3507 3891 σε
3536 3841 3691 3909 νομί-

448 3932 651 3987 delur?
683 3941 841 4001 teque
872 3929 1025 3998 cupis
1058 3928 1127 3982 ab
1184 3927 1459 3981 universis
1506 3926 1840 3988 hominibus,
1880 3927 2011 3996 opti-

2129 3932 2358 3996 ζοντας;
2392 3931 2547 3985 Οὕτω
2576 3932 2857 4001 πείθομαι,
2890 3931 3053 3984 Ὥστε
3113 3931 3505 4002 ζηλοτυποῦντι
3570 3932 3695 3992 τοὺς

442 4042 601 4080 mum
661 4031 716 4078 tc
781 4023 958 4076 virum
994 4019 1456 4081 existimantibus,
1519 4019 1702 4071 itidem
1750 4018 1920 4086 diligi,
1961 4028 2011 4071 ul

2131 4022 2370 4089 ἀγαθοὺς
2424 4020 2622 4093 ζηλοῦν
2697 4023 2963 4094 προσήκει
3022 4023 3191 4075 τῶνδε
3254 4023 3379 4085 τοὺς
3438 4023 3695 4092 τρόπους.

450 4116 538 4169 ille
575 4111 861 4184 diligitur?
906 4111 997 4165 Sic
1026 4109 1275 4178 equidem
1334 4122 1627 4177 persuasus
1682 4121 1824 4159 sum.
1860 4105 2011 4161 Decet

2135 4114 2309 4182 Ζήλου
2343 4132 2432 4179 μοι
2463 4114 2673 4178 τούσδε,
2693 4115 2819 4176 τοὺς
2845 4114 2889 4166 δ’
2924 4113 3098 4177 ἄλλως
3117 4114 3338 4184 ἔχοντας
3369 4114 3557 4181 φεῦγε.

454 4222 583 4277 ergo
611 4217 662 4261 te
695 4208 868 4260 bonos
920 4203 1291 4267 :emuiantem,
1348 4214 1526 4255 mores
1578 4198 1820 4268 ipsorum
1888 4201 2152 4259 aemulari.
2208 4204 2339 4272 llos,
2384 4208 2632 4277 inquam,
2691 4206 2980 4272 admirare,
3041 4216 3207 4277 atque
3268 4208 3425 4261 aliter
3476 4208 3700 4263 afl‘ectos

455 4304 655 4373 fugito.

1151 4415 1336 4471 LXXI.
2859 4424 2983 4476 OA'.

531 4537 727 4591 Animo
757 4549 887 4589 cave
918 4531 1232 4602 percellaris
1263 4531 1330 4583 ob
1365 4546 1452 4586 res
1505 4530 1772 4586 secundas
1824 4532 2026 4601 impro-

457 4635 805 4691 borurn,ncc
838 4624 1080 4694 improbe
1130 4628 1373 4693 agentem
1432 4620 1723 4686 :emuleris,
1775 4623 2011 4690 quamvis

2140 4628 2279 4697 μηδὲ
2324 4628 2574 4699 ζηλώσῃς
2628 4629 3085 4697 πονηρευόμενον,
3136 4629 3240 4682 κᾶν
3304 4627 3698 4697 Ἀλεξάνδρους,

461 4719 817 4783 Alexandros,
872 4715 1122 4786 quamvis
1187 4713 1379 4780 Cyros,
1437 4714 1688 4783 quamvis
1762 4712 2011 4768 Caesares

2138 4720 2244 4773 κᾶν
2284 4719 2518 4789 Κύρους,
2572 4718 2674 4771 κᾶν
2722 4718 3026 4788 Καίσαρας,
3078 4720 3181 4771 κᾶν
3216 4719 3378 4772 πάνθ’
3430 4718 3567 4787 ὁμοῦ
3613 4714 3703 4770 τόν

461 4812 719 4884 quamvis
759 4806 1138 4864 beatissimum
1198 4819 1473 4874 quemque
1505 4804 1711 4859 divitiis
1754 4813 1808 4859 et
1856 4807 2011 4874 glori:

2137 4806 2429 4874 εὐδαίμονα
2450 4805 2694 4877 παρέλθῃ
2711 4806 2922 4876 πλούτῳ
2950 4809 3041 4860 καὶ
3062 4807 3207 4877 δόξῃ.
3228 4807 3366 4877 Μηδ’
3389 4808 3439 4859 εἰ
3461 4826 3541 4868 τις
3567 4808 3703 4875 ἱερο-

462 4912 703 4976 superet.
738 4901 847 4957 Nec
887 4900 935 4955 si
961 4898 1082 4967 quis
1109 4897 1435 4965 sacrilegiis,
1470 4897 1700 4964 rapinis,
1731 4898 1999 4967 grassatio

2137 4897 2334 4959 συλῶν,
2362 4896 2644 4966 ἁρπάζων,
2662 4897 3010 4962 λωποδυτῶν,
3043 4898 3138 4950 καὶ
3178 4899 3317 4968 πρὸς
3345 4898 3444 4968 μὲν
3472 4900 3530 4951 τὸ
3552 4898 3700 4952 Θεῖον

462 5000 625 5052 nibus
671 4994 911 5060 infamis,
968 4990 1330 5059 Numidisque
1387 4988 1553 5043 divini
1605 4998 1929 5055 contemtor,
1980 5004 2009 5043 c

2135 4986 2439 5058 ὀλιγωρῶν,
2466 4989 2548 5052 εὶς
2572 4988 2627 5041 δὲ
2644 4989 2767 5050 τοὺς
2785 4989 2983 5057 νόμους
3006 4989 3263 5059 ὑϐρίζων,
3282 4990 3435 5059 ἄρξει
3460 4991 3697 5052 Σκυθῶν,

461 5090 693 5143 violator
722 5086 922 5157 legum,
953 5081 1171 5153 Scythis
1193 5080 1558 5151 imperaverit,
1591 5096 1654 5133 ac
1686 5080 1849 5133 totius
1879 5081 2011 5133 orbis

2136 5078 2290 5149 ἄρξει
2316 5080 2569 5149 περάτων
2600 5081 2782 5147 πάσης
2819 5081 3165 5152 οἰκουμένης,
3207 5083 3387 5150 πάσης
3423 5084 3699 5151 ἀοικήτου,

464 5178 719 5241 babitati,
747 5177 913 5230 totius
942 5172 1315 5227 inhabitabilis
1351 5173 1486 5226 fines
1542 5170 1598 5225 in
1642 5170 1905 5225 ditionem
1944 5186 2011 5225 rc-

2138 5167 2453 5237 θαυμαστός
2479 5187 2561 5222 σοι
2589 5170 2865 5239 φαινέσθω
2881 5171 2958 5241 τῷ
2978 5174 3076 5243 τῆς
3101 5174 3277 5244 ἀρχῆς
3298 5173 3467 5245 ὄγκῳ,
3497 5176 3575 5227 Οὐ
3599 5174 3700 5244 γὰρ

463 5267 694 5339 degerit,
745 5266 817 5320 ob
865 5264 1074 5331 imperii
1108 5262 1305 5317 molem
1336 5260 1675 5315 admirabilis
1715 5259 1808 5313 tibi
1842 5258 2011 5313 videa-

2138 5260 2428 5329 εὐδαίμων,
2461 5261 2562 5314 οὐκ
2597 5262 2802 5333 ἄρχων,
2844 5265 2903 5316 οὐ
2961 5264 3236 5334 βασιλεὺς,
3264 5266 3363 5319 οὐκ
3421 5266 3699 5335 ἄνθρωπος

462 5369 573 5415 tur.
603 5355 719 5411 Non
746 5355 888 5410 enim
921 5354 1013 5410 ille
1045 5353 1242 5408 beatus
1286 5362 1389 5417 est,
1451 5368 1558 5406 non
1593 5352 1869 5422 princeps,
1921 5365 2009 5404 nor

2139 5350 2377 5419 ἀληθῶς,
2410 5352 2509 5405 κᾶν
2539 5353 2682 5415 ἅπας
2716 5353 2884 5420 λίθος,
2918 5356 3020 5409 κᾶν
3046 5356 3387 5421 ἀπανζῶον,
3423 5358 3527 5411 κᾶν
3560 5360 3701 5410 πᾶσι

460 5464 582 5511 rex,
605 5462 709 5501 non
749 5459 937 5514 reapse
966 5444 1124 5498 homo
1149 5481 1165 5509 ,
1198 5443 1320 5496 licet
1351 5442 1401 5496 id
1428 5442 1607 5496 omnis
1662 5440 1820 5510 lapis,
1874 5454 2011 5493 omni

2142 5440 2303 5508 φύσις
2327 5442 2652 5512 ἀνθρώπων,
2676 5447 2786 5499 πᾶν
2816 5446 3062 5516 ἔμψυχόν
3085 5465 3143 5501 τε
3170 5450 3266 5502 καὶ
3294 5450 3525 5519 ἄψυχον,
3550 5448 3705 5503 τοῦτο

464 5538 691 5602 animal,
719 5536 902 5591 omnis
963 5535 1245 5589 hominum
1299 5543 1513 5599 natura,
1540 5532 1794 5601 .quodvis
1830 5531 2011 5585 anima

2145 5536 2302 5603 φαῖεν
2333 5550 2346 5563 ·
2380 5535 2517 5589 ἀλλά
2545 5538 2645 5607 τῆς
2694 5538 2793 5607 μὲν
2833 5540 3080 5605 ἐξουσίας
3109 5541 3176 5594 ἂν
3223 5542 3306 5609 εἴη
3336 5542 3430 5595 καὶ
3458 5543 3566 5594 τῶν
3619 5541 3704 5594 ἐπὶ

470 5642 585 5687 tum
623 5639 677 5684 et
707 5627 946 5683 inanime
976 5625 1149 5680 dicat:
1176 5624 1267 5679 sed
1301 5631 1623 5693 potestatem
1650 5622 1797 5692 quod
1822 5624 2009 5677 attinet

2141 5625 2241 5694 τῆς
2262 5627 2467 5694 σκηνῆς
2497 5628 2940 5699 ὑποκρινομένων
2964 5631 3134 5699 αὐτὴν
3155 5632 3334 5702 πολλῴ
3350 5632 3703 5703 γελοιότερος,

464 5724 644 5794 magis
670 5731 752 5777 est
776 5721 844 5776 iis
866 5734 1083 5790 quoque
1122 5716 1411 5781 ridiculus,
1448 5716 1540 5785 qui
1573 5716 1877 5784 principum
1913 5732 2011 5784 per

2146 5719 2244 5786 τῆς
2274 5718 2327 5770 δὲ
2361 5717 2506 5787 ζωῆς
2534 5718 2921 5791 σχετλιώτερος
2950 5720 3059 5774 τῶν
3093 5722 3268 5793 λέπρα
3292 5728 3383 5773 καὶ
3407 5722 3554 5793 λώϐῃ
3577 5737 3705 5775 κατ-

466 5828 632 5871 souas
685 5814 738 5867 iu
793 5825 957 5868 scena
1014 5813 1318 5867 sustinent:
1373 5808 1517 5878 quod
1555 5806 1739 5875 vitam,
1790 5807 2005 5862 miserio

2145 5811 2439 5879 εχομένων.
2493 5811 2613 5863 Οἵδε
2656 5811 2762 5880 γὰρ
2796 5811 3157 5879 θρηνούμενοὶ
3218 5829 3276 5866 τε
3326 5812 3418 5867 καὶ
3448 5812 3551 5866 οὐκ
3587 5812 3706 5865 ἑπι-

2206 4536 2278 4589 Σὺ
2315 4535 2422 4589 τῶν
2452 4536 2705 4607 πονηρῶν
2733 4535 3155 4606 εὖπραγούντων
3191 4537 3266 4609 μὴ
3298 4536 3702 4607 καταπλήττου,
