3978 6622
165 458 272 514 ἰξυῖ)

1125 448 1531 508 ΡίὶΑἰΟΕΡΤΑ
1563 445 2088 506 EDUCATIONIS
2122 445 2304 506 REGI
2321 447 2407 508 [Ε.
3309 447 3409 506 ἓ(ῑῆ

165 563 505 634 τιμώμενοι·
539 565 568 619 6
597 565 654 618 δέ
686 563 908 627 δικαίως
947 561 1276 634 μισούμενός
1291 579 1349 615 τε
1380 563 1473 616 καὶ
1496 562 1742 631 συριττό-

1870 558 2064 615 nfectis
2087 561 2252 627 lepra.
2288 557 2422 615 Nam
2443 560 2636 614 horum
2658 574 2786 615 sane
2812 574 2931 615 sors
2954 559 3228 630 dr-plorari
3248 561 3411 623 solet,

170 673 357 727 μενος.

899 834 1018 890 08'.

251 929 318 982 '0
339 929 463 992 soi;
483 926 712 995 ἀγαθοῖς
744 925 920 979 συνὼν
950 926 1136 994 ἀγαθὰ
1173 927 1487 998 πορίζεται·
1522 928 1550 981 ὁ
1571 927 1628 981 δέ
1658 943 1744 996 μι-

173 1021 443 1090 γνύμενος
475 1021 670 1080 κακοῖς
693 1018 787 1072 καὶ
817 1018 912 1070 τὸν
941 1019 1073 1072 ῖδιον
1088 1019 1348 1072 ἀπόλλυσι
1384 1018 1528 1084 νοῦν,
1548 1019 1624 1082 ὦς
1663 1036 1748 1082 τις

177 1115 281 1182 ἔφη
301 1113 415 1166 τῶν
447 1111 706 1181 ποιητῶν.
751 1110 942 1164 Ὀποῖα
996 1111 1103 1181 γάρ
1132 1111 1198 1165 ἂν
1286 1111 1356 1164 τά
1383 1112 1494 1163 τῶν
1540 1108 1751 1180 ἀνθρώ-

177 1219 298 1255 πων
325 1202 455 1272 ἢθη,
477 1201 707 1254 τοιαῦτα
731 1201 824 1253 καὶ
835 1203 953 1264 τοῖς
969 1201 1152 1264 ἀλλοις
1179 1201 1443 1270 παρέχειν
1465 1200 1747 1254 δύνανται.

178 1294 312 1347 Οἰσδέ
342 1295 454 1360 γάρ
501 1292 792 1362 ἀντλήσεις
843 1292 954 1346 ἀπὸ
1004 1297 1188 1362 πηγῆς
1249 1294 1285 1362 ἦ
1329 1294 1514 1348 ὁποῖον
1566 1293 1752 1362 βλύζει

179 1385 396 1454 ῥεῖθρον
421 1385 732 1455 ἀειδήποτε.
765 1385 1114 1456 Συνδιάτριϐε
1149 1385 1330 1438 τοίνυν
1364 1388 1479 1448 τοῖς
1501 1385 1750 1453 ἀγαθοῖς,

175 1480 329 1540 ὅπως
367 1479 575 1544 ἀγαθὸς
607 1477 790 1546 γένοιο
819 1494 834 1510 ο
865 1476 960 1531 καὶ
1000 1480 1120 1541 ταῖς
1154 1477 1293 1548 πρὸς
1321 1478 1524 1538 αὐτοὺς
1571 1496 1756 1532 συνου-

175 1571 328 1631 σίαις
349 1570 481 1638 νέμε
509 1586 560 1621 τι
594 1568 812 1639 σεμνὸν,
860 1568 954 1622 καὶ
1017 1569 1228 1639 πρέπον
1284 1570 1448 1640 ἀρχῇ.
1503 1569 1754 1622 Γλῶττσν

171 1659 229 1711 δέ
264 1675 326 1711 σε
357 1659 728 1726 βλάπτουσαν,
786 1658 976 1728 ὥσπερ
1032 1659 1288 1728 μέλιτταν
1337 1661 1546 1729 κέντρῳ
1585 1658 1757 1729 πλήτ-

173 1767 403 1814 τουσαν,
425 1750 643 1804 ἔλαυνε.
686 1751 782 1803 ’Δν
801 1751 945 1805 οὕτω
979 1751 1236 1822 πράττων
1264 1751 1533 1822 διατελῇς,
1557 1753 1621 1806 οὐ
1655 1753 1755 1822 μό-

1845 665 1952 704 non
1983 651 2338 718 reprehendi:
2372 660 2427 706 at
2457 652 2604 706 illum
2629 651 2768 708 odiis
2793 650 2985 708 mcrito
3005 662 3413 722 persequentes,

1843 741 2208 812 eaplodimus.

2525 833 2736 889 LX-X-II.

1917 926 2069 982 Licet
2121 927 2213 992 ei,
2275 927 2369 996 qui
2416 941 2542 982 cum
2580 928 2738 982 bonis
2789 935 3067 994 versatur,
3132 928 3419 999 acquirere

1849 1019 2032 1074 bona:
2065 1020 2156 1089 qui
2189 1035 2318 1074 vero
2354 1034 2414 1074 se
2460 1021 2620 1074 malis
2660 1021 2950 1084 admiscet,
2985 1031 3224 1075 mentem
3281 1036 3418 1091 quo-

1850 1125 1956 1179 que
1989 1125 2145 1165 suam
2173 1111 2398 1176 amittit,
2435 1119 2546 1166 uta
2575 1122 2733 1181 poeta
2785 1112 3022 1182 quodam
3081 1113 3287 1167 dictum
3314 1121 3416 1168 cst.

1850 1200 2050 1267 Quales
2076 1203 2220 1256 enim
2254 1217 2436 1258 mores
2455 1212 2581 1258 sunt
2609 1205 2851 1273 ipsorum
2875 1204 3182 1268 hominum,
3211 1204 3345 1259 tales
3367 1213 3421 1260 et

1852 1291 1973 1346 aliis
2033 1292 2292 1348 exhibere
2347 1305 2598 1363 possunt.
2660 1293 2794 1348 Nam
2852 1296 3287 1364 aquamefonte
3310 1311 3420 1349 non

1854 1382 2074 1438 haurias
2103 1383 2289 1447 aliam,
2325 1399 2489 1454 quam
2525 1385 2834 1455 cuiusmodi
2861 1401 3076 1454 semper
3109 1402 3172 1442 ex
3205 1403 3269 1440 eo
3296 1402 3424 1456 pro.
3499 1450 3508 1455 _

1855 1482 2059 1529 manat.
2091 1475 2460 1541 Quamobrem
2487 1493 2608 1530 cum
2635 1476 2792 1532 bonis
2824 1492 3166 1544 conversare,
3199 1494 3303 1548 quo
3326 1479 3424 1537 ho.-

1855 1583 1959 1622 nus
1991 1569 2227 1624 evadas:
2263 1579 2316 1623 et
2352 1569 2717 1626 familiaribus
2757 1571 2954 1624 horum
2987 1572 3280 1642 colloquiis
3313 1572 3419 1624 ali-

1854 1657 1986 1726 quid
2043 1659 2324 1728 gravitatis
2381 1662 2733 1730 decentisquc
2784 1662 3080 1731 principem
3143 1661 3424 1727 dignitatis

1856 1749 2133 1807 adhibeto.
2189 1750 2450 1822 Linguam
2510 1769 2637 1808 vero
2673 1755 2913 1819 noxiam,
2956 1755 3106 1807 velut
3146 1754 3287 1823 apim
3321 1753 3426 1808 sti-

171 1857 264 1894 νον
296 1842 534 1912 ἀνδράσι
580 1843 696 1904 τοῖς
745 1842 996 1908 ἀγαθοῖς,
1058 1843 1195 1896 ἀλλά
1235 1843 1331 1897 καὶ
1385 1845 1519 1897 πᾶσι
1583 1843 1756 1910 δόξεις

1868 1841 2008 1897 mulo
2039 1843 2347 1910 ferientem,
2387 1845 2612 1914 abigito.
2639 1845 2760 1912 Quo
2791 1861 2925 1902 sane
2957 1855 3113 1914 pacto
3147 1847 3190 1901 si
3224 1855 3275 1900 te
3301 1860 3425 1915 per—

171 1904 587 2003 ἀριστοςέίναι.
628 1933 760 1986 Ἀπὸ
793 1904 904 2004 γὰρ
921 1904 1034 1988 τῶν
1054 1935 1393 2004 φιλουμένων
1416 1915 1528 2000 τοῖς
1555 1904 1754 2008 ἄρχους-

1868 1943 2020 2002 petuo
2079 1949 2258 2004 geres,
2310 1951 2417 1990 non
2479 1936 2638 1991 bonis
2669 1946 2876 1991 tantum
2935 1938 3091 2000 viris,
3123 1935 3218 1992 sed
3256 1939 3422 1990 etiam

176 2042 266 2078 σιν
317 2026 369 2078 οί
428 2024 597 2078 τῶνδε
647 2023 842 2097 τρόποι
893 2025 1195 2095 κρίνονται.

190 2315 457 2382 Τοιοῦτος
490 2316 511 2384 (
541 2317 649 2386 γάρ
699 2333 865 2387 φησιν
893 2316 912 2389 )
942 2317 1222 2384 ἕκαστος,
1283 2311 1497 2459 οἶσῗὲρ
1550 2319 1758 2406 fiderat

1460 2406 1642 2443 υνων.

1460 2406 1642 2443 υνων.

203 2481 446 2552 ’Δρχοντι
465 2481 525 2536 δὲ
554 2481 654 2536 καὶ
686 2481 746 2535 τὸ
783 2483 967 2537 δοκεῖν
999 2482 1124 2552 οὐχὶ
1157 2484 1453 2554 παρέργως
1481 2486 1539 2537 ἐν
1572 2487 1756 2557 χρείᾳ.

205 2573 303 2642 Mt;
353 2574 462 2643 γάρ
513 2575 750 2645 πτέρυγι
797 2575 1003 2646 πτηνὸν
1051 2575 1165 2628 οὔτ’
1205 2576 1526 2646 ἐκφεύξεται
1567 2578 1757 2646 κακον,

208 2663 301 2718 οὒτ’
325 2664 391 2720 ἀν
432 2666 640 2734 ἀγαθοῦ
668 2684 814 2730 τινος
845 2667 1020 2738 τύχοι.

911 2759 1030 2815 ΟΓ.

265 2849 565 2921 ’Υμνηνται
598 2853 700 2922 μὲν
732 2853 940 2908 ἀνωθεν
971 2853 1129 2924 παρὰ
1179 2854 1359 2918 πάσας
1400 2855 1601 2926 ἀρετὰς
1628 2857 1762 2927 φρό-

211 2959 362 3012 νησις,
382 2944 595 3014 ἀνδρία,
626 2946 945 3017 δικαιοσύνη
1009 2946 1103 2999 καὶ
1144 2946 1470 3016 σωφροσύνη
1497 2963 1512 2978 ο
1549 2947 1760 3018 βουλοί-

219 3051 309 3104 μην
337 3037 380 3089 δ’
408 3037 475 3090 ἂν
509 3036 685 3106 ἔγωγε
717 3037 794 3107 μὴ
841 3037 1174 3108 κεχωρίσθαι
1204 3037 1422 3092 τουτουῖ
1463 3038 1556 3092 τοῦ
1599 3037 1761 3110 χοροῦ

213 3129 413 3196 ἀγάπην
447 3129 542 3182 καὶ
576 3131 906 3199 μετριότητα
925 3145 941 3162 ο
974 3130 1084 3182 εἴτε
1118 3129 1226 3199 γὰρ
1255 3129 1424 3199 ἐχρῆν
1454 3130 1552 3191 τὰς
1579 3135 1761 3202 κρείτ-

215 3219 321 3282 τους
353 3219 708 3290 ἀπαριθμεῖν,
733 3220 833 3275 είτ’
859 3222 926 3274 ἐκ
951 3221 1153 3290 μέρους
1182 3220 1243 3273 τὸ
1265 3224 1376 3274 πᾶν
1410 3221 1635 3290 διδόναι,
1662 3223 1765 3278 οὐκ

215 3308 356 3379 ἐχρῆν
371 3312 592 3365 ἐκείνων
610 3311 815 3375 ταύτας
835 3311 1245 3380 ἀπολειφθῆναι.
1283 3312 1532 3383 ’Δγάπης
1551 3315 1661 3384 γάρ
1690 3316 1765 3386 μὴ

214 3403 489 3474 παρούσης,
535 3403 690 3457 οὐδὲν
717 3402 1084 3474 ὠφελοῦμαι·
1145 3403 1239 3456 καὶ
1285 3404 1638 3474 μετριότητος
1688 3407 1768 3478 μὴ

214 3493 518 3563 προσούσης,
552 3497 686 3549 κενά
728 3494 925 3549 πάντα.
962 3494 1158 3548 Πασῶν
1186 3492 1281 3548 οὖν
1308 3493 1431 3564 ἔχου
1492 3495 1602 3550 τῶν
1635 3497 1767 3568 ἀρε-

211 3582 322 3650 τῶν,
353 3585 448 3638 καὶ
478 3584 716 3656 μάλιστά
745 3601 808 3654 γε
838 3585 946 3640 τῶν
974 3583 1059 3650 ἐξ.

907 3677 1028 3734 οΔ’.

263 3770 477 3841 Νήφειν
510 3770 698 3838 καλὸν,
737 3770 832 3826 καὶ
861 3772 1176 3828 τούναντίον
1205 3774 1400 3829 κακόν.
1431 3774 1627 3829 Πολλοὶ
1655 3775 1766 3845 γὰρ

197 3861 253 3913 οὐ
276 3863 345 3915 δι’
376 3863 624 3931 ἀγνοιαν,
677 3862 820 3917 ἀλλά
857 3861 928 3916 δι’
964 3863 1249 3934 ἀμέλειαν,
1292 3867 1520 3936 ἀμεινον
1554 3868 1618 3920 τδ
1647 3869 1761 3936 χεῖο

193 3973 281 4025 ρον
321 3958 690 4025 ἡγησάμενοι,
719 3958 834 4019 τοῖς
875 3955 1161 4028 βλαϐεροῖς
1213 3959 1446 4022 ἑαυτοὺς
1490 3959 1768 4030 περιέπει-

194 4065 308 4118 ραν.
380 4047 861 4119 Παραπεπηγέναι
911 4051 1019 4119 γάρ
1073 4067 1208 4119 φασι
1246 4053 1369 4114 ταῖς
1397 4053 1624 4120 ἀρεταῖς
1667 4053 1766 4117 τὰς

185 4143 412 4206 κακίας,
461 4143 560 4195 καὶ
597 4141 934 4212 ἀγχιθύρους
987 4159 1107 4206 πως
1143 4138 1325 4198 εἶναι’
1357 4145 1455 4199 καὶ
1507 4145 1567 4198 οὐ
1621 4146 1764 4200 πάνυ

182 4236 433 4306 χαλεπὸν
462 4235 812 4307 ἀπατηθῆναι
853 4234 948 4290 τὸν
1002 4236 1076 4306 μὴ
1111 4237 1474 4308 προσέχοντα.
1527 4238 1764 4302 Πολλοὺς

178 4330 234 4385 ἂν
259 4330 465 4399 εὕροις
490 4329 632 4400 μέγα
664 4328 998 4398 φρονοῦντας
1025 4327 1142 4383 ἀντ’
1164 4329 1366 4399 ἀρετῆς
1392 4335 1764 4402 κεχρημένους

174 4428 233 4496 τῇ
275 4419 680 4493 γειτνιαζούσῃ
733 4418 910 4493 ταύτῃ
942 4421 1134 4492 κακίᾳ.
1182 4417 1334 4475 Εἶδον
1361 4423 1602 4493 ἐσχάτην
1641 4424 1764 4477 δουο

173 4515 342 4571 λείαν
389 4513 653 4582 πρόνοιαν
701 4513 1148 4582 ὀνομαζομένην,
1184 4513 1278 4566 καὶ
1325 4512 1500 4582 θυμὸν
1543 4516 1764 4586 ἀνδρίαν

1768 2045 1773 2050 ε
1859 2023 2134 2080 universis
2188 2027 2674 2094 praestantissimus
2701 2029 2995 2082 habebere.
3043 2026 3174 2081 Nam
3206 2044 3270 2082 ex
3309 2043 3426 2082 mo-

1856 2114 2010 2172 ribus
2039 2132 2253 2186 eorum,
2292 2119 2388 2189 qui
2419 2119 2757 2190 principibus
2812 2121 2965 2176 chari
2998 2129 3149 2183 sunt,
3175 2121 3419 2189 ipsorum

1859 2208 2166 2278 principum
2215 2225 2397 2266 mores
2431 2211 2777 2267 aestimantur
2803 2251 2817 2278 ,
2855 2219 2914 2266 ut
2943 2213 3084 2266 enim
3122 2212 3212 2268 ille
3256 2211 3426 2267 dixit:

1929 2319 2024 2376 Est
2054 2322 2270 2393 quisque
2295 2324 2418 2377 talis
2439 2325 2618 2395 quales
2645 2325 2764 2396 quis
2795 2327 2938 2382 adest
2969 2327 3156 2382 libens.

1862 2481 2100 2552 Principi
2151 2497 2283 2538 vero
2340 2484 2503 2538 etiam
2548 2485 2679 2540 illud
2717 2486 2896 2553 ipsum
2935 2488 3141 2554 haberi,
3178 2504 3290 2545 non
3331 2492 3428 2545 abs

1863 2585 1920 2626 re
1977 2573 2100 2627 usui
2149 2573 2330 2628 fuerit.
2386 2573 2598 2630 Etenim
2651 2576 2768 2631 avis
2804 2592 2909 2631 una
2967 2587 3180 2634 tantum
3217 2581 3301 2635 ala
3331 2597 3430 2636 nec

1863 2662 2064 2718 malum
2095 2663 2336 2736 effugiet,
2371 2679 2471 2722 nec
2504 2649 2689 2737 aliquo
2721 2669 2866 2725 bono
2891 2671 3148 2740 potietur.

2523 2759 2758 2817 LXXIII.

1932 2847 2052 2903 Jam
2092 2850 2226 2905 olim
2287 2865 2453 2924 supra
2519 2854 2745 2909 virtutes
2780 2863 3008 2913 caeteras
3037 2857 3273 2914 laudatae
3306 2868 3434 2915 sunt

1864 2942 2176 3012 prudentia,
2219 2943 2503 3009 fortitudo,
2557 2945 2770 3016 justitia
2806 2957 2860 3003 et
2906 2951 3287 3020 temperantia.
3319 2952 3433 3030 Ego

1865 3050 1994 3091 vero
2048 3035 2207 3092 velim
2262 3037 2330 3090 ab
2384 3036 2488 3091 hoc
2535 3038 2802 3093 virtutum
2859 3042 3031 3096 choro
3075 3057 3186 3097 non
3218 3042 3426 3116 diiungi

1867 3129 2189 3184 charitatem
2224 3137 2278 3184 et
2316 3129 2772 3187 moderationem.
2825 3131 2960 3187 Nam
3005 3134 3125 3190 sive
3175 3143 3438 3205 prmstan-

1790 3246 1836 3310 ε
1869 3223 2037 3277 tiores
2098 3222 2486 3277 enumerandae
2542 3224 2855 3290 veniebant,
2900 3226 3016 3282 siie
3063 3235 3236 3283 totum
3282 3240 3438 3299 parte

1868 3312 2219 3376 tradendum,
2253 3314 2321 3369 ab
2381 3313 2490 3369 illis
2547 3314 2648 3371 bas
2707 3316 2898 3373 abesse
2941 3333 3052 3373 non
3130 3321 3435 3390 oportebat.

1871 3405 2080 3474 Quippe
2103 3404 2416 3458 chharitas
2475 3405 2641 3469 absit,
2681 3406 2814 3461 nihil
2848 3408 3111 3477 proficio:
3163 3410 3285 3464 etsi
3323 3426 3440 3464 mo-

1871 3495 2082 3550 deratio
2107 3509 2216 3548 non
2248 3496 2414 3560 adsit,
2435 3497 2619 3550 omnia
2647 3512 2782 3552 vana
2819 3497 3045 3554 fuerint.
3079 3498 3319 3556 Virtutes
3341 3502 3441 3572 igi-

1871 3591 1963 3638 tur
1991 3585 2300 3649 universas,
2332 3594 2388 3640 et
2417 3586 2516 3640 has
2543 3587 2819 3657 praecipue
2845 3604 2941 3645 sex
2981 3591 3334 3660 amplectere.

2535 3677 2771 3736 LXXIV.

1943 3773 2224 3829 Sobrietas
2249 3775 2462 3844 egregia
2498 3792 2586 3832 res
2608 3785 2692 3831 est
2725 3793 2739 3829 :
2774 3786 2830 3831 ut
2869 3776 3095 3840 malum,
3117 3791 3227 3832 non
3258 3777 3440 3833 sobrie

1871 3867 1974 3923 sibi
1997 3867 2326 3937 prospicere.
2361 3866 2496 3922 Nam
2523 3868 2676 3922 multi
2708 3884 2814 3923 non
2837 3883 2903 3922 ex
2936 3869 3300 3939 ignoratione,
3335 3871 3433 3924 sed

1872 3957 2222 4028 negligentia,
2259 3959 2405 4027 quod
2449 3959 2651 4013 malum
2714 3972 2816 4029 pro
2871 3958 3019 4012 bono
3069 3958 3351 4024 ducerent,
3383 3973 3442 4012 se

1875 4049 2024 4118 ipsos
2069 4049 2288 4105 damnis
2321 4049 2644 4104 all‘ecerunt.
2691 4049 2904 4118 Quippe
2942 4048 3240 4103 virtutibus
3283 4048 3441 4103 aliis:

1869 4142 2160 4212 perhibent
2209 4157 2332 4198 esse
2364 4142 2519 4207 vitia,
2553 4143 2819 4211 quasique
2847 4141 3103 4195 viciniam
3145 4142 3439 4210 quamdam

1872 4233 2066 4292 horum
2095 4249 2216 4291 esse
2241 4251 2256 4299 ;
2285 4249 2389 4289 nec
2419 4234 2712 4289 admodum
2741 4243 2824 4288 est
2849 4232 3086 4300 difficile,
3119 4249 3225 4288 non
3260 4241 3441 4287 atten-

1872 4331 1986 4378 tum
2027 4325 2229 4394 decipi.
2258 4324 2461 4380 Multos
2501 4324 2750 4380 invenias
2770 4322 3160 4394 jactabundos,
3193 4322 3285 4391 qui
3320 4323 3441 4376 loco

1872 4417 2090 4471 virtutis
2141 4417 2333 4471 vitium
2367 4417 2553 4471 virtuti
2587 4415 2828 4472 vicinum
2862 4415 3096 4486 amplexi
3139 4425 3288 4470 sunt.
3319 4414 3442 4470 Vidi

1872 4510 2187 4564 servitutem
2217 4517 2538 4575 extremam,
2589 4523 2712 4578 quae
2739 4508 3084 4579 providentia
3130 4508 3444 4564 nominare-

172 4603 575 4672 καλούμενον’
633 4605 729 4657 καὶ
796 4604 972 4673 μυρία
1011 4602 1210 4658 ταῦτα.
1269 4603 1478 4675 Πολλῆς
1526 4605 1621 4658 οὖν
1670 4607 1762 4676 νή-

1872 4612 1982 4665 tur,
2017 4611 2073 4655 et
2103 4602 2462 4667 iracundiam,
2517 4617 2640 4671 qua:
2697 4600 2960 4657 fortitudo
3017 4601 3441 4672 perhiberetur;

171 4700 343 4766 ψεως
393 4696 479 4749 δεῖ
509 4692 850 4766 καθαρεῦσαι
910 4695 1142 4765 ταυτησὶ
1190 4696 1289 4764 τῆς
1323 4696 1563 4766 ἀπάτης.
1596 4698 1769 4751 Σπου-

173 4787 308 4859 δῆς⁹
325 4785 443 4856 γὰρ
471 4787 597 4857 περὶ
623 4786 693 4839 τά
723 4787 938 4857 χρηστά
964 4786 1120 4839 οὐδὲν
1147 4785 1577 4859 ὠφελιμώτερον
1605 4788 1768 4854 νέοις,

177 4879 391 4949 ὥσπερ
429 4877 744 4932 τούναντίον
773 4877 872 4946 τῆς
905 4876 1204 4949 ῥᾳθυμίας.
1244 4879 1303 4930 '0
1327 4878 1370 4930 δ’
1397 4876 1586 4943 ὕπνοις
1623 4879 1774 4933 ἔκδο-

179 4989 274 5034 τος
309 4968 415 5039 ὢν,
443 4968 542 5024 καὶ
567 4967 893 5024 ἀνακεῖσθαι
919 4969 1113 5032 θέλων,
1141 4969 1237 5022 καὶ
1266 4969 1557 5039 ῥᾳθυμεῖν,
1580 4970 1647 5024 τὰ
1671 4970 1772 5039 μὲν

183 5037 347 5130 αι’)τῷ
405 5059 892 5130 τεθησαυρισμένα
946 5059 1218 5130 πατρόθεν
1267 5037 1498 5132 ἡτάωωη
1551 5037 1690 5115 κατά
1719 5079 1774 5115 τι

191 5153 522 5224 συμπῖπτον
545 5152 738 5224 τύχης,
775 5152 980 5222 ῥαδίως
1023 5153 1092 5207 ἀν
1118 5151 1407 5218 ἀποϐάλοι,
1443 5153 1659 5217 πολλοῖς
1687 5171 1772 5208 τι-

194 5263 280 5300 σιν
315 5240 478 5315 οἶμαι
505 5245 752 5315 τρόποις·
775 5244 890 5297 τῶν
918 5243 975 5298 δέ
1000 5245 1167 5314 μήπω
1189 5259 1253 5312 γε
1272 5242 1586 5314 ληφθέντων
1608 5261 1775 5314 προσ-

195 5334 451 5405 κτήσαιτ’
480 5334 545 5388 ἂν
577 5334 714 5405 μηδέ
741 5332 820 5387 ἐν.

933 5507 1055 5562 OE‘.

272 5603 478 5673 ’Δρτος
523 5600 740 5672 σώματι
766 5601 980 5672 τροφηο
1012 5602 1160 5672 ψυχῇ
1206 5591 1275 5653 δὲ’
1290 5600 1529 5672 μάθησις
1568 5600 1772 5671 ἀγαθή.

209 5696 423 5763 Ὠσπερ
455 5690 550 5746 οὖν
580 5693 846 5764 ἐρυθριᾷν
873 5693 938 5746 ού
962 5692 1310 5761 γιγνόμενον,
1339 5691 1558 5754 ἐπειδὰν
1587 5691 1777 5744 ἐσθίω-

214 5799 350 5850 μεν,
389 5781 536 5837 οὕτω
582 5783 664 5836 δεῖ
713 5783 808 5835 καὶ
856 5781 958 5845 τὰς
1013 5781 1276 5850 μαθήσεις
1328 5777 1777 5848 ἀνεπαισχύντως

211 5873 530 5943 λαμϐάνειν.
559 5872 634 5927 οὗ
681 5873 791 5943 γὰρ
829 5872 998 5947 εστιν,
1031 5871 1132 5925 οὐκ
1179 5871 1293 5924 ἔστι
1332 5871 1475 5940 μέγα
1508 5871 1630 5932 ταῖς
1668 5887 1776 5940 μα-

1871 4692 2090 4763 aliaque
2121 4686 2246 4746 talia
2277 4693 2512 4746 infinita.
2541 4692 2721 4758 Quare
2771 4708 2965 4761 magna
3001 4707 3142 4762 Opus
3171 4702 3258 4747 est
3296 4695 3437 4761 vigi-

1872 4781 2062 4846 lantia,
2101 4789 2160 4835 ut
2196 4781 2264 4834 ab
2293 4783 2394 4837 hac
2419 4781 2720 4852 impostura
2761 4781 2918 4836 liberi
2951 4783 3152 4835 simus.
3189 4779 3326 4834 Nam
3349 4781 3443 4850 ju-

1876 4871 2106 4925 venibus
2162 4871 2305 4926 serio
2329 4888 2513 4927 rerum
2551 4874 2817 4926 bonarum
2850 4871 3034 4925 studio
3061 4869 3193 4924 nihil
3231 4870 3440 4931 utilius.

1875 4961 2023 5016 velut
2048 4977 2078 5016 e
2123 4962 2342 5017 diverso
2368 4963 2695 5034 negligentia
2725 4961 2862 5015 nihil
2897 4961 3119 5014 noxium
3158 4959 3350 5029 magis.
3375 4966 3446 5012 At

1873 5052 1969 5119 qui
1999 5066 2194 5108 somno
2247 5055 2466 5108 deditus
2497 5060 2601 5116 est,
2647 5059 2700 5106 et
2728 5051 2915 5120 jacere
2937 5049 3166 5117 supinus
3190 5056 3358 5111 amat,
3391 5061 3444 5103 ct

1874 5144 2086 5200 otiosus
2112 5159 2257 5210 esse,
2289 5145 2488 5213 partim
2523 5143 2752 5198 collecta
2794 5150 3023 5210 paterno
3046 5138 3288 5195 fortasse
3319 5150 3441 5196 stu-

1874 5237 1989 5300 dio,
2023 5240 2107 5291 vel
2141 5236 2326 5305 aliquo
2345 5235 2580 5290 fortuna:
2611 5249 2765 5296 casu.
2807 5233 2965 5288 facile
2982 5233 3170 5288 multis
3211 5233 3294 5303 (ut
3325 5235 3444 5304 Opi-

1877 5325 1996 5386 nor)
2039 5325 2217 5380 modis
2265 5325 2554 5391 amiserit;
2613 5325 2808 5396 partim
2834 5339 2901 5379 ex
2931 5324 3019 5390 iis,
3051 5339 3170 5394 qua:
3193 5325 3440 5381 nondum

1875 5426 2210 5471 consecutus
2238 5424 2340 5481 est,
2376 5432 2444 5471 ne
2468 5417 2637 5471 hilum
2665 5416 2889 5486 quidem
2919 5417 3294 5489 acquisiverit.

2555 5506 2766 5563 LXXV.

1950 5596 2020 5651 Ut
2044 5599 2199 5668 panis
2228 5598 2547 5654 alimentum
2581 5608 2666 5656 est
2690 5601 2959 5670 corporis,
2979 5602 3062 5659 sic
3089 5603 3258 5658 animi
3295 5602 3440 5657 bona

1878 5689 2151 5744 doctrina.
2207 5690 2683 5756 Quemadmodum
2734 5707 2865 5764 ergo
2899 5709 3004 5750 non
3030 5695 3290 5751 convenit
3315 5708 3447 5747 eruv

1877 5781 2122 5846 bescere,
2158 5795 2284 5836 cum
2310 5783 2673 5848 comedimus,
2703 5785 2786 5840 sic
2835 5800 3052 5840 omnem
3089 5787 3227 5840 citra
3269 5782 3448 5852 pudo-

1881 5881 2103 5928 rem.et
2165 5873 2427 5929 doctrina:
2495 5883 2622 5930 sunt
2670 5875 3050 5945 percipiendae.
3108 5873 3225 5929 Non
3266 5882 3447 5944 potest
