3978 6576
558 369 562 371 ’
585 362 687 424 36?

1765 362 1814 421 lli
1832 360 2162 423 ANUELIS
2203 361 2645 423 PALAEOLOGI

3743 361 3834 424 363

581 477 750 547 enim,
787 491 896 533 non
935 484 1114 548 potest
1155 476 1308 532 valde
1338 477 1605 533 doctrinis
1646 477 1866 547 pollere,
1898 478 1990 549 qui
2023 493 2145 533 cum

2252 478 2442 549 θήσεσι
2471 477 2774 550 δυνηθῆναι
2808 478 2899 532 τὸν
2934 477 3074 548 πρὸς
3099 479 3234 540 τοὺς
3282 475 3503 548 ⁴ἥλικας
3541 474 3832 546 ἁμιλλώμ-

579 568 884 636 aequalibus
915 579 1197 622 certamen
1246 569 1496 638 suscipit,
1522 569 1567 623 si
1592 569 1807 638 quidem
1838 584 1960 624 eum
2001 568 2143 623 vinci

577 662 797 727 pudeat.
832 660 1121 714 Enimvero
1176 662 1228 714 in
1259 661 1398 716 cibis
1447 661 1562 730 ipsa
1593 661 1895 723 necessitas
1921 663 2144 716 modum

579 751 781 822 cuique
834 751 1068 818 desiuit;
1106 751 1195 806 hic
1225 764 1405 807 autem
1445 753 1566 821 plus
1597 769 1814 823 semper
1865 753 2148 823 requiren-

578 847 731 901 dum.
763 843 976 899 Rursus
1016 844 1090 898 ibi
1125 845 1297 914 magis
1320 845 1538 914 expedit
1564 845 1887 908 valetudini.
1917 861 1982 901 ac
2008 863 2146 917 prae-

576 937 860 990 ferendum
881 936 1048 1002 venit,
1072 937 1216 1006 quod
1242 937 1573 1007 expeditum.
1595 939 1738 1008 quod
1771 939 1998 1010 simplex
2027 951 2146 996 est:

578 1029 669 1083 hic
700 1043 829 1084 vero
855 1029 1034 1097 potior
1089 1030 1382 1100 omnigena
1417 1045 1598 1084 rerum
1636 1031 1901 1086 bonarum
1934 1033 2145 1087 exerci-

579 1121 734 1175 tatio.
773 1121 964 1174 Itidem
998 1121 1180 1190 pastui
1221 1135 1388 1191 quam
1414 1123 1703 1176 minimum
1734 1125 1999 1192 temporis
2042 1124 2148 1178 im-

579 1209 739 1277 pendi
798 1210 1085 1266 decentius
1113 1219 1240 1266 est:
1287 1210 1533 1266 discendi
1588 1220 1804 1281 tempus
1827 1212 2145 1269 universum

580 1298 651 1352 sit
678 1299 800 1352 vitae
832 1300 1093 1367 spatium,
1155 1301 1199 1354 si
1237 1299 1351 1354 ﬁeri
1385 1309 1586 1370 potest.
1619 1301 1756 1357 Nom
1802 1302 2003 1357 bonum
2039 1311 2145 1364 est.

577 1391 820 1444 animum
858 1389 999 1444 bona
1028 1406 1088 1444 re
1120 1392 1373 1461 quapiam
1403 1393 1597 1459 imbui,
1641 1393 1804 1448 etiam
1838 1401 1975 1460 tum,
2013 1408 2141 1449 cum

578 1495 606 1533 a
630 1494 862 1551 corpore
892 1481 1192 1537 dirimitur.

1250 1572 1479 1631 LXXVi.

651 1662 927 1739 Eximium
959 1663 1089 1733 quid
1114 1672 1199 1718 est
1221 1667 1432 1736 magnis
1457 1666 1733 1721 hominem
1763 1667 1970 1723 viribus
2005 1683 2147 1738 pra:-

2249 587 2360 635 νον,
2396 571 2445 623 εί
2495 572 2632 641 πρὸς
2661 571 2759 640 τὴν
2793 564 2964 640 ἧτταν
3010 569 3366 639 αἰσχύνοιτο.
3434 567 3588 622 Ἀλλ’
3629 569 3719 620 ἐπὶ
3751 571 3834 638 μὲν

2245 661 2347 730 τῆς
2385 663 2596 732 τροφῆς
2631 661 2832 731 μέτρον
2880 661 3135 723 ἑκάστοις
3168 662 3205 731 ἡ
3258 659 3463 730 χρεία,
3517 658 3763 713 ἐνταυθοῖ
3785 661 3833 713 δὲ

2247 751 2408 830 χρεία
2436 749 2532 803 τοῦ
2556 750 2822 813 πλείονος.
2859 753 3035 804 Κάκεῖ
3065 751 3161 822 μέν
3198 748 3379 813 αὖθις
3404 751 3470 804 τὸ
3498 750 3645 804 λεῖόν
3671 769 3728 804 τε
3755 755 3835 804 καὶ

2251 847 2524 916 μονοειδὲς
2565 847 2933 916 ύγιεινότερόν
2967 864 3027 900 τε
3065 848 3158 902 καὶ
3200 847 3696 916 σπουδαιότερον·
3744 841 3832 900 ὦδε

2247 937 2304 992 δὲ
2357 938 2523 992 καλόν
2558 939 2709 992 ἐστιν
2735 941 2768 1008 ή
2803 939 3120 1009 παντοδαπὴ
3169 937 3296 992 τῶν
3349 938 3549 993 καλῶν
3596 939 3834 1006 ἄσκησις.

2248 1031 2358 1086 Καὶ
2381 1029 2492 1084 τῶν
2527 1031 2625 1101 μὲν
2660 1030 2844 1083 σιτίων
2871 1031 3063 1102 χρόνος
3090 1031 3119 1084 ὁ
3150 1029 3529 1100 βραχύτατος
3575 1031 3831 1100 εὐπρεπέ-

2250 1141 2341 1177 στε
2354 1139 2464 1193 ρος,
2514 1125 2635 1186 ταῖς
2662 1123 2720 1176 δέ
2756 1123 3026 1193 μαθήσεσι
3052 1123 3253 1191 καιρὸς
3288 1125 3320 1176 ὁ
3363 1122 3488 1193 βίος
3513 1122 3657 1187 ὂλος,
3684 1124 3731 1176 tl
3753 1123 3830 1174 δυ-

2247 1217 2404 1270 νατόν
2425 1232 2440 1246 ο
2475 1217 2642 1271 καλὸν
2665 1218 2774 1286 γὰρ
2804 1218 3078 1288 μυηθῆναι
3102 1215 3200 1284 τὴν
3231 1215 3435 1286 ψυχήν
3454 1231 3511 1269 τι
3544 1214 3724 1279 καλὸν,
3749 1215 3829 1267 καὶ

2249 1309 2628 1383 χωριζομένην
2661 1309 2828 1364 αύτού
2860 1309 2956 1363 τοῦ
2991 1308 3276 1380 σώματος.

2961 1575 3099 1644 οςκ

2319 1675 2648 1747 Κράτιστον,
2680 1672 2934 1743 ἰσχύοντα
2969 1672 3136 1747 μέγα,
3177 1669 3432 1740 μηδενὸς
3470 1667 3815 1725 πλεονεκτεῖν,

579 1743 752 1809 ditum
791 1755 1043 1811 fraudare
1103 1757 1404 1823 neminem,
1447 1773 1548 1812 nec
1580 1760 1846 1815 adversus
1879 1761 2017 1815 alios
2050 1762 2147 1814 in-

2253 1741 2388 1839 μηδέ
2444 1741 2904 1835 κατεπαίρεσθαι,
2958 1741 3094 1834 μηδὲ
3156 1762 3445 1831 βλάπτειν
3496 1759 3816 1821 δντινοῦν,εί

579 1863 828 1918 surgere,
874 1863 972 1904 nec
1001 1864 1329 1918 quemquam
1371 1851 1608 1918 latdcre;
1649 1851 1754 1908 nisi
1787 1853 1910 1922 quis
1951 1853 2145 1909 laedere

2359 1877 2441 1919 τις
2475 1831 2732 1928 βλάπτων
2765 1840 2826 1910 ού
2861 1831 3120 1922 παύεται,
3155 1853 3260 1908 καὶ
3301 1852 3699 1923 κατορχεῖσθαί
3734 1868 3811 1903 σου

578 1959 863 2014 nunquam
897 1944 1136 2006 desinat,
1183 1955 1236 1998 et
1290 1944 1556 2000 insultare
1592 1947 1691 2001 tibi
1720 1947 1869 2003 velit.
1907 1947 2144 2013 Bonum,

578 2037 667 2090 cui
702 2037 938 2090 maxima
985 2035 1334 2099 conveniant,
1370 2053 1494 2092 eum
1531 2040 1821 2108 praesentia
1853 2040 1981 2094 boni
2013 2056 2147 2094 con-

579 2132 759 2186 sulere
783 2146 799 2190 ς
827 2129 874 2184 si
905 2143 1026 2183 cum
1065 2130 1295 2185 honesta
1321 2128 1465 2184 fama
1492 2145 1603 2185 non
1638 2130 1800 2187 liceat
1830 2132 2148 2188 accessione

578 2222 763 2293 potiri.
798 2222 862 2275 Et
891 2222 1110 2293 quidem
1141 2223 1461 2278 accessione
1486 2237 1592 2276 non
1624 2223 1808 2277 minus
1839 2237 1962 2278 esse
1986 2223 2146 2293 quid-

578 2316 700 2368 dam
733 2313 995 2378 arbitror,
1027 2312 1196 2367 illmsa
1235 2327 1457 2367 scrvare
1489 2327 1610 2382 quae
1647 2313 1869 2376 adsunt,
1903 2313 1970 2368 iis
2005 2327 2146 2381 pra:-

579 2409 767 2464 sertim
826 2407 1187 2476 temporibus,
1247 2420 1368 2474 qua:
1401 2405 1715 2461 detrimenti
1752 2407 2048 2475 plurimum
2075 2406 2151 2460 af-

573 2502 722 2556 terre
770 2508 1021 2570 possunt.
1062 2496 1172 2553 Nec
1219 2496 1354 2552 illud
1387 2498 1654 2567 μεθιετὶτί
1708 2497 1924 2552 silentio
1959 2497 2146 2552 debet.

579 2593 738 2647 Neris
777 2591 985 2645 illatum
1010 2589 1240 2660 publicae
1270 2588 1348 2643 rei
1381 2589 1642 2643 damnum
1673 2587 1782 2643 tuis
1804 2603 1834 2641 a
1858 2586 2146 2653 ininiStris,

579 2686 947 2753 imputaturos
969 2681 1090 2745 tibi,
1129 2681 1226 2750 qui
1257 2681 1518 2735 damnum
1550 2679 1863 2748 acceperint
1891 2696 1906 2745 ;
1938 2679 1985 2733 si
2017 2693 2144 2734 cum

579 2790 744 2845 opera
776 2775 1066 2828 meliorum
1101 2772 1180 2826 uti
1225 2787 1435 2841 posses,
1467 2781 1562 2826 aut
1593 2771 1728 2827 istos
1753 2771 1941 2825 saltem
1973 2772 2149 2826 corri-

581 2883 729 2938 gere,
755 2880 857 2921 nec
889 2865 1020 2919 illud
1081 2863 1266 2918 facere
1308 2849 1577 2927 volueris,
1601 2871 1656 2917 et
1691 2862 1794 2917 hoc
1825 2860 2148 2930 neglexeris,

581 2961 824 3027 adeoque
855 2965 1114 3028 prmstare
1137 2955 1382 3022 duxeris,
1415 2964 1473 3010 ut
1503 2954 1734 3026 improbi
1769 2953 1889 3024 plus
1922 2953 2068 3024 apud
2095 2962 2148 3008 te

583 3051 794 3118 possint
825 3064 988 3120 quam
1018 3047 1174 3104 boni.

1236 3139 1490 3196 LXXVII.

640 3234 900 3290 Gloriosa
925 3232 1032 3288 tuis
1061 3248 1090 3288 a
1121 3233 1368 3288 moribus
1399 3233 1542 3288 absit
1571 3231 1900 3302 arrogantia,
1922 3231 2062 3288 sicut
2096 3239 2150 3286 et

581 3328 969 3383 dissimulatio.
1029 3324 1164 3379 Nam
1225 3334 1286 3378 ut
1325 3325 1438 3378 haec
1500 3324 1674 3393 turpis
1700 3333 1804 3388 est,
1829 3323 1973 3392 quod
2001 3323 2148 3388 ﬁcta,

581 3421 727 3487 quod
783 3418 972 3473 inertis
993 3430 1046 3472 et
1069 3416 1354 3486 degeneris
1413 3415 1604 3478 animi,
1629 3417 1708 3471 sic
1739 3416 1920 3485 gravis
1951 3416 2144 3483 altera,

581 3516 725 3583 quod
751 3514 980 3582 superba
1009 3512 1261 3577 nimiutn,
1296 3510 1442 3580 quod
1475 3512 1723 3566 mordax.
1753 3512 1900 3567 Satis
1932 3521 2013 3566 est
2037 3528 2145 3567 non

584 3618 636 3660 te
665 3607 836 3675 magis
867 3605 1096 3659 aliorum
1131 3602 1356 3658 credere
1383 3603 1653 3668 laudibus,
1685 3617 1846 3672 quam
1871 3602 1988 3667 tibi,
2019 3617 2146 3657 cum

583 3699 688 3752 illa:
715 3714 854 3752 verat
907 3713 1010 3751 non
1045 3705 1194 3761 sunt,
1227 3710 1327 3749 nec
1365 3709 1618 3764 asperum
1650 3692 1876 3762 aliquid,
1907 3693 2146 3748 homini-

581 3789 1038 3862 quejactabuudo
1064 3787 1418 3852 conveniens,
1450 3786 1732 3857 proferre:
1765 3801 1870 3840 nun
1892 3785 2148 3840 incedere

582 3900 706 3937 cuni
762 3882 928 3946 fastu,
993 3896 1093 3936 nec
1144 3880 1398 3935 attollere
1461 3877 1776 3947 supercilia,
1810 3875 2020 3940 licetii.
2051 3874 2146 3941 qui

557 3978 830 4044 .plausum
879 3975 1032 4038 dant,
1076 3988 1264 4027 verum
1315 3973 1519 4026 dicant.
1561 3970 1640 4024 Ad
1687 3969 1928 4039 ingestas
1963 3976 2146 4024 autem

584 4068 770 4122 Iaudes
791 4066 857 4119 ab
883 4065 1024 4128 aliis,
1047 4063 1204 4130 quasi
1229 4063 1675 4132 tergiversantem
1704 4059 1926 4114 delicias
1944 4057 2145 4125 facere,

556 4173 862 4228 .pancaque
888 4157 953 4209 de
977 4172 1035 4209 se
1074 4155 1275 4217 dicere,
1305 4169 1499 4223 magna
1529 4152 1752 4216 sentire,
1775 4165 1938 4220 prope
1968 4149 2150 4205 sceni-

583 4264 704 4302 euni
734 4246 990 4315 quiddam
1022 4251 1125 4307 est,
1151 4255 1205 4297 et
1235 4258 1402 4311 egens
1432 4245 1616 4306 larvaz,
1644 4241 1740 4295 tibi
1789 4239 2011 4309 quidem
2048 4239 2151 4293 ιιιί-

584 4339 731 4390 nime
781 4335 1068 4390 convenit.
1133 4334 1435 4388 Honestum
1504 4332 1717 4388 facinus
1785 4332 2016 4388 illustris
2067 4342 2152 4386 est

583 4444 784 4498 pra'co.
818 4427 1066 4482 Hominis
1091 4427 1385 4491 modestia,
1419 4426 1512 4494 qui
1546 4439 1741 4495 magna
1781 4424 2010 4494 peregit,
2040 4424 2147 4478 du-

2248 1951 2415 2006 θέλει.
2451 1949 2647 2013 Καλὸν,
2688 1947 2972 2018 μεγίστοις
3011 1944 3424 2016 συμϐαίνοντα,
3479 1944 3597 2002 τοῖς
3633 1939 3803 2010 παροῦ-

2251 2060 2336 2097 σιν
2370 2042 2612 2111 ἀγαπᾷν,
2643 2039 2708 2093 ἆν
2757 2039 2831 2107 μὴ
2870 2036 2988 2108 μετ’
3038 2037 3302 2100 εὐκλείας
3337 2036 3442 2106 ἐξῇ
3493 2033 3798 2104 προσθεῖναι.

2260 2132 2416 2202 Ἐμοὶ
2443 2132 2592 2184 δοκεῖ
2639 2129 2964 2200 προσθήκης
2993 2128 3092 2199 οὐχ
3133 2124 3310 2199 ἦττον
3339 2122 3495 2180 εἶναι
3530 2126 3592 2180 τδ
3617 2123 3681 2176 τὰ
3703 2123 3801 2175 ὄντα

2248 2225 2436 2292 τηρεῖν
2459 2220 2722 2290 ἀλώὸητα
2767 2221 2825 2274 ἐν
2859 2219 3071 2288 καιροῖς
3101 2218 3246 2273 πάνυ
3288 2215 3590 2269 λωϐᾶσθαι
3633 2225 3801 2276 κεκτη·

2254 2316 2435 2387 μένοις
2486 2314 2738 2381 δύναμιν.
2791 2311 2883 2363 Δεῖ
2925 2311 2981 2364 δέ
3039 2309 3164 2379 μηδ’
3225 2302 3800 2376 ἐκεῖνοΙσιωπηθῆναι.

2253 2408 2392 2463 Ἷσθι
2425 2407 2525 2476 τὴν
2549 2405 2840 2475 ὑπηρετῶν
2870 2406 2950 2469 είς
2985 2403 3046 2458 τδ
3068 2403 3252 2456 κοινὸν
3277 2400 3497 2472 βλὲὄην
3527 2398 3802 2462 collimati-

2254 2502 2450 2573 μένους
2481 2501 2607 2559 τοὺς
2640 2496 3048 2568 βλαπτομένους
3076 2496 3170 2565 ’ξεί
3204 2495 3396 2565 παρὸν
3426 2491 3675 2562 ἀμείνοσι
3697 2485 3806 2556 χρῆ-

2253 2595 2400 2658 σθαι,
2437 2592 2627 2664 ἢγοῦν
2656 2591 2898 2653 ἐκείνους
2919 2589 3184 2659 ὀρθῶσαι,
3226 2587 3400 2642 τοῦτό
3435 2603 3496 2639 τε
3530 2584 3602 2654 μὴ
3627 2580 3801 2651 πρᾶξαι

2253 2685 2534 2756 θελήσαις,
2565 2683 2660 2737 καὶ
2696 2683 2789 2737 τοῦ
2825 2681 3013 2752 ἐτέρου
3049 2680 3516 2752 παραμελήσαις,
3548 2675 3640 2730 καὶ
3669 2671 3802 2726 καλὸν

2250 2782 2489 2852 ἡγήσαιο
2538 2777 2691 2848 παρὰ
2724 2777 2805 2832 σοὶ
2833 2777 2998 2831 πλέον
3040 2775 3186 2846 ἔχειν
3229 2775 3367 2840 τοὺς
3421 2769 3682 2842 πονηροὺς
3711 2765 3798 2818 τῶν

2255 2874 2569 2945 βελτίστων.

2975 3141 3093 3200 ΟΖ’.

2321 3239 2474 3308 Μήτε
2502 3239 2756 3311 εἰρωνείᾳ
2780 3241 3018 3292 συνεῖναι
3044 3237 3188 3301 θέλε,
3217 3240 3365 3308 μήτε
3390 3233 3672 3301 ἀλαζονεία
3696 3247 3797 3284 συν·

2251 3331 2393 3384 ἐστω
2442 3347 2548 3383 σοι.
2595 3331 2814 3399 Ἐπειδὴ
2846 3331 2907 3384 τδ
2951 3329 3053 3400 μὲν
3097 3330 3327 3401 αἰσχρόν
3356 3347 3370 3362 ο
3409 3327 3638 3382 ὕπουλον
3687 3322 3791 3389 γὰρ,

2258 3422 2640 3493 μικροπρεπὲς
2669 3439 2682 3452 ·
2729 3420 2956 3494 θάτερον
2987 3421 3042 3474 δὲ
3077 3422 3215 3491 βαρύ
3241 3440 3256 3454 ο
3297 3423 3607 3492 ὑπέρογκον
3635 3417 3794 3484 γάρτι

2250 3515 2344 3568 καὶ
2366 3514 2685 3583 πληκτικὸν.
2704 3515 2893 3585 Ἀρκεῖ
2914 3515 2988 3585 μὴ
3013 3516 3126 3577 τοῖς
3149 3515 3360 3585 ἐτέρων
3394 3513 3629 3574 ἐπαίνοις
3662 3523 3791 3561 σεαυ·

2249 3607 2343 3661 τοῦ
2375 3606 2576 3676 μᾶλλον
2603 3606 2904 3670 πιστεύειν,
2929 3607 3150 3659 ἐπειδὰν
3177 3607 3281 3660 οὐκ
3308 3604 3615 3676 ἀληθεύωσι
3635 3617 3646 3631 ⁸
3679 3593 3792 3667 μηδὲ

2249 3698 2426 3751 εἰπεῖν
2471 3698 2729 3768 φορτικὸν
2774 3698 2958 3768 μηδὲν,
3016 3697 3151 3767 μηδέ
3207 3698 3592 3769 κομπάζοντος
3626 3691 3786 3760 ῥῆμα·

2253 3790 2331 3858 μὴ
2393 3789 2747 3859 ἀκροϐατεῖν,
2796 3791 2932 3860 μηδὲ
2966 3788 3064 3860 τὴν
3113 3790 3290 3861 ὀφρὺν
3343 3789 3542 3859 αἴρειν,
3599 3779 3710 3853 μηδ’
3737 3777 3791 3829 ἂν

2249 3879 2592 3949 ἀληθεύωσιν
2622 3880 2672 3931 ol
2726 3878 3076 3952 κρατοῦντες.
3110 3879 3181 3931 Τὸ
3229 3879 3286 3932 δὲ
3340 3877 3480 3947 πρὸς
3507 3874 3628 3933 τοὺς
3673 3867 3788 3937 παρ’

2249 3969 2454 4037 ἐτέρων
2505 3969 2760 4028 ἐπαίνους
2804 3967 2993 4034 ῶσπερ
3039 3966 3412 4036 ἀκκιζόμενον
3461 3957 3784 4034 θρύπτεσθαι.

2252 4062 2347 4114 καὶ
2377 4058 2551 4129 μικρὰ
2582 4060 2680 4129 μὲν
2712 4059 2897 4126 λέγειν
2930 4060 3058 4128 περὶ
3110 4059 3336 4124 σαυτοῦ,
3377 4056 3587 4126 μεγάλα
3619 4051 3669 4102 δὲ
3696 4047 3783 4099 ofe-

2221 4151 2397 4216 ’σθαι,
2432 4150 2630 4220 μικροῦ
2679 4150 2789 4202 δεῖν
2845 4149 3104 4218 σκηνικὸν
3147 4151 3287 4212 ἐστι,
3324 4151 3418 4204 καὶ
3465 4139 3783 4212 προσωπείου

2250 4243 2527 4312 δεόμενον,
2576 4243 2604 4294 ὃ
2640 4258 2723 4294 σοι
2757 4241 3073 4311 μηδαμόθεν
3113 4243 3382 4311 προσῆκε.
3437 4237 3634 4308 Πρᾶξις
3669 4228 3783 4293 καλὴ

2253 4333 2429 4401 κῆρυξ
2483 4331 2757 4402 λαμπρός.
2803 4332 2876 4386 Τὸ
2919 4333 3231 4403 μετριάζειν
3284 4330 3500 4404 μεγάλα
3550 4323 3784 4397 πράξαντι

2251 4424 2470 4478 διπλοῦν
2517 4423 2578 4476 τὸ
2631 4423 2897 4494 τρόπαιον
2945 4425 3178 4494 ἵστησιν,
3214 4425 3279 4478 ἐκ
3323 4441 3383 4477 τε
3440 4423 3550 4475 τῶν
3594 4410 3785 4481 ἀγαθῶν

585 4522 733 4589 pluui
770 4528 1031 4587 trepmum
1082 4516 1308 4576 statuit.
1343 4525 1454 4568 tum
1491 4514 1646 4569 lactis
1677 4515 1828 4584 ipsis,
1865 4525 1976 4569 tum
2005 4515 2148 4584 quod

2256 4516 2454 4586 ἔργων,
2486 4516 2581 4567 καὶ
2626 4515 2721 4567 τοῦ
2755 4516 2829 4584 μὴ
2869 4514 3080 4576 τούτοις
3127 4516 3475 4586 ἐπαίρεσθαι.
3517 4510 3574 4562 ’0
3611 4505 3662 4557 δδ
3702 4515 3783 4569 με’

584 4613 652 4664 ob
681 4624 743 4664 ea
802 4623 862 4663 se
893 4623 998 4661 non
1033 4607 1238 4660 ell‘erat.
1280 4607 1350 4659 At
1387 4620 1516 4659 vero
1563 4607 1659 4674 qui
1689 4621 1916 4675 magnas
1948 4620 2036 4660 res
2065 4621 2157 4673 ge.

487 4731 489 4734 ⁴
590 4705 680 4768 rit,
712 4712 980 4769 etmagna
1007 4699 1612 4768 loquitur,tautumque
1639 4711 1747 4750 non
1777 4699 1961 4750 volare
1987 4697 2153 4766 gestis

587 4794 850 4864 praeclare
884 4792 1046 4846 rebus
1075 4791 1190 4860 ipse
1221 4789 1325 4843 sibi
1352 4789 1586 4854 videtur,
1609 4788 1772 4842 etiam
1807 4788 1873 4842 iis
1894 4788 2153 4842 molestus

587 4904 650 4943 ac
673 4887 853 4956 gravis
883 4883 1070 4948 fuerit,
1100 4881 1193 4951 qui
1221 4879 1340 4950 ejus
1365 4893 1528 4950 opera
1558 4878 1717 4934 bonis
1748 4877 2028 4932 fruuntur.
2061 4877 2155 4932 Est

584 4980 732 5034 enim
761 4978 987 5031 adversa
1020 4973 1128 5029 Deo
1159 4986 1391 5042 quoque
1428 4970 1706 5040 superbia.
1735 4971 2072 5039 Quapropter
2107 4969 2155 5023 si

588 5071 775 5140 gloria:
809 5069 1044 5136 cupidus
1085 5081 1166 5127 es,
1192 5065 1349 5118 factis
1382 5078 1499 5118 eam
1532 5062 1781 5133 persequi
1831 5061 2016 5124 debes.
2047 5077 2153 5116 non

585 5163 768 5215 verbis
816 5173 1114 5215 arcessere.
1173 5156 1309 5210 Nam
1343 5166 1680 5211 arcessentes
1741 5153 1914 5222 fugit,
1973 5167 2028 5207 et
2087 5153 2154 5206 ad

588 5253 734 5318 illos,
766 5252 858 5321 qui
915 5251 1072 5305 iactis
1128 5264 1247 5303 eam
1291 5257 1573 5319 prensant.
1602 5261 1766 5318 quam
1801 5243 2158 5300 libentissime

572 5345 816 5402 accedit.

1224 5428 1506 5497 Lxxan

649 5530 756 5584 Est
811 5525 1038 5582 omnino
1090 5524 1310 5582 diﬂicile
1347 5523 1688 5586 mortalibus.
1725 5523 1794 5578 de
1831 5524 2161 5594 rebusjudi-

586 5636 732 5674 care.
769 5615 903 5670 Nam
937 5614 1136 5683 quibus
1164 5614 1218 5669 in
1268 5613 1424 5667 malis
1463 5625 1764 5675 versamur,
1789 5625 1850 5665 ea
1881 5610 2155 5666 deteriora

589 5723 846 5780 putamus
881 5707 1024 5769 aliis,
1049 5705 1307 5775 quoniam
1343 5704 1567 5763 malum,
1601 5701 1743 5770 quod
1769 5703 1944 5765 adest,
1973 5703 2157 5768 seipse

578 5804 818 5872 quodam
853 5798 1013 5852 modo
1037 5798 1259 5866 gravius
1317 5809 1439 5850 esse
1473 5792 1703 5855 videtur,
1738 5792 1962 5859 ipsaque
2021 5804 2160 5859 prae-

2255 4609 2396 4675 γάλα
2427 4608 2528 4677 μὲν
2555 4607 2746 4670 ποιῶν,
2777 4607 2990 4676 μεγάλα
3011 4607 3068 4659 δὲ
3091 4607 3291 4675 λέγων,
3324 4607 3416 4660 καὶ
3443 4589 3781 4687 gown/auxi“.-

2254 4701 2367 4754 κῶν
2394 4704 2506 4761 τοῖς
2533 4699 2925 4770 κατορθώμασι
2966 4699 3246 4761 πέτεσθαι,
3275 4699 3371 4753 καὶ
3395 4698 3505 4756 τοῖς
3539 4687 3601 4743 δι’
3636 4685 3776 4739 αὑτοῦ

2256 4794 2436 4847 καλῶν
2458 4793 2793 4846 ἀπολαύουσι
2817 4792 3057 4861 λυπηρὸς
3077 4793 3142 4846 ἂν
3160 4793 3388 4860 γένοιτο.
3405 4789 3477 4841 Τὸ
3491 4787 3592 4851 γὰρ
3604 4772 3752 4843 ὕπερή
3765 4799 3776 4808 ’

2219 4937 2224 4942 .
2257 4903 2424 4957 φανον
2469 4887 2564 4938 καὶ
2610 4885 2730 4954 Θεῴ
2781 4885 3064 4953 πολέμιον.
3097 4884 3264 4954 Δόξης
3303 4883 3394 4937 οὖν
3443 4863 3773 4948 ὲρῶντσιιχρῆ

2255 4981 2439 5051 ἔργοις
2457 4996 2514 5033 τε
2535 4980 2737 5047 ταύτην
2759 4977 3000 5042 διώκειν,
3033 4977 3129 5030 καὶ
3153 4977 3228 5047 μὴ
3252 4969 3660 5047 προσκαλεῖσθαι
3685 4959 3774 5014 τοῖς

2257 5073 2459 5140 λόγοις.
2499 5053 2694 5140 Φεύγει
2721 5071 2828 5140 γὰρ
2867 5071 2994 5131 τοὺς
3029 5069 3357 5133 καλοῦνταςο
3401 5067 3508 5126 τοῖς
3533 5060 3584 5112 δὲ
3623 5055 3771 5121 ἔργοις

2257 5165 2428 5236 αὐτὴν
2455 5161 2819 5233 δεξιουμένοις
2851 5163 3227 5232 ἁσμενέστατα
3257 5159 3623 5232 προσερχεται.

2977 5423 3108 5480 Oﬂ'.

2342 5512 2585 5582 Ἀληθῶς
2616 5513 2722 5567 τῶν
2755 5513 2927 5567 ὄντων
2961 5515 3116 5568 οὐδὲν
3143 5513 3392 5584 εὔκριτον
3416 5499 3690 5573 ἀνθρώπως
3711 5483 3763 5584 ἔν

2260 5603 2368 5671 είη.
2425 5597 2519 5664 Οἷς
2571 5604 2681 5673 γὰρ
2713 5601 2975 5673 χρώμεθα
3023 5606 3236 5668 κακοῖς,
3284 5600 3444 5672 χείρω
3488 5587 3642 5643 ταῦτα
3672 5588 3758 5673 ’ξων

2261 5669 2438 5748 ἄλλων
2469 5669 2766 5763 νομίζομεν
2789 5710 2802 5722 °
2837 5669 2936 5747 -ὅτι
2965 5695 3028 5748 τὸ
3055 5695 3228 5748 δεινὸν
3263 5669 3433 5762 παρὸν
3471 5673 3642 5739 ἐαυτοῦ
3675 5669 3758 5720 δα·

2263 5787 2476 5855 νότερόν
2514 5803 2630 5849 πως
2671 5787 2839 5850 δοκεῖ,
2871 5786 3018 5854 αύτῷ
3060 5787 3136 5857 τῷ
3185 5789 3427 5858 παρεῖναι
3461 5775 3558 5830 τῶν
3585 5766 3637 5819 οὐ
3670 5768 3755 5807 ἰα’
