3978 6564
129 409 262 463 ἒείίιυ

1137 409 1546 469 ΡίῖΞΕΕΕΡΤΛ
1587 403 2023 472 ΕΒΙΙΕΑῚΪΟΝ
2039 409 2107 468 iS
2145 411 2422 470 REGIE.

3311 406 3422 470 370
3435 420 3451 440 ε

99 505 377 586 φάντων
410 512 774 568 πλεονεκτοῦν
805 528 818 545 ·
843 515 935 568 καὶ
974 515 1228 585 ἠλλάξατ’
1256 522 1322 575 ἄν
1352 538 1439 585 τις
1471 521 1745 585 πιέζοντος

1857 525 2031 579 sentia
2061 540 2158 580 sua
2180 524 2433 596 deprimit
2457 521 2705 579 absentia
2741 521 2880 577 mala
2905 539 2920 578 :
2954 522 3112 579 facile
3137 532 3198 578 ut
3224 524 3424 594 aliquis

128 607 376 674 κούφου
419 606 854 677 ὲμῆριθέστερον
885 609 1098 677 μύλλον.
1131 613 1223 664 Διὸ
1271 614 1366 667 καὶ
1399 617 1511 677 τοῖς
1541 615 1740 669 ἀποῦσι

131 698 610 769 προστρέχομεν,
635 699 738 754 κᾶν
771 693 873 753 ὦσι
909 701 1080 770 μείζω
1113 703 1222 756 τῶν
1249 703 1438 759 ὄντων.
1469 707 1528 758 El
1567 706 1611 760 δ’
1643 688 1742 759 ἆο-

131 794 271 854 τοτς
327 790 682 860 ἐντύχοιμεν,
735 793 1072 863 ἐπαινοῦμεν
1116 793 1274 860 αὖθις
1325 801 1394 850 τὰ
1440 799 1742 867 φθάσαντα.

135 881 270 932 Καὶ
300 881 576 945 πολλάκις
625 899 688 950 γε
728 885 892 954 τυχὸν
916 886 1076 939 τοῦτο
1117 886 1371 956 δράσειεν
1401 891 1465 943 ἄν
1496 907 1600 952 τις.
1634 892 1744 945 Καὶ

137 970 448 1040 δηλοῦσιν,
501 973 552 1026 οἶ
601 975 897 1044 φεύγοντες
943 978 1036 1032 τὸν
1082 980 1326 1051 σίδηρον,
1377 982 1744 1052 ὑποϐρυχίους

145 1065 402 1127 ἑαυτοὺς
458 1067 743 1122 ποιοῦσινο
787 1066 909 1125 εἶτα
960 1074 1208 1144 ναυαγίῳ
1258 1075 1616 1146 χρησάμενοι,
1652 1082 1748 1132 καὶ

142 1154 586 1221 κινδυνεύοντες
617 1161 937 1228 καταδῦναι,
981 1163 1241 1234 διστόμου
1282 1167 1556 1238 μαχαίρας
1583 1169 1746 1239 δράτ-

143 1264 382 1302 τονται.
413 1249 525 1303 Καί
557 1251 661 1305 πού
699 1271 781 1316 τις
822 1253 1030 1309 καπνὸν
1058 1256 1284 1325 φεύγων
1304 1261 1747 1331 ἀπερισκέπτως,

145 1340 241 1402 εἰς
285 1339 406 1410 πῦρ
454 1343 680 1396 ἐνέπεσε
705 1361 722 1378 ο
759 1347 852 1400 καὶ
886 1343 955 1402 αὗ
1001 1350 1136 1418 πυρὶ⁵
1172 1351 1525 1420 φλεγόμενος,
1554 1354 1628 1417 ὡς
1657 1355 1748 1408 ἐπὶ

144 1433 531 1502 παραμύθιον
559 1437 654 1490 τὸν
706 1441 952 1510 κρημνὸν
1001 1442 1260 1513 ἔδραμεν.
1299 1445 1364 1498 Ol
1407 1445 1515 1516 γάρ
1564 1447 1749 1501 πολλοὶ

142 1522 276 1574 τῶν
334 1523 681 1595 ἀνθρώπων.
742 1530 903 1600 δεινῷ
972 1532 1068 1586 τοῦ
1139 1535 1408 1605 λογισμοῦ
1461 1538 1750 1607 συσχεθέν-

145 1634 283 1683 τος,
317 1617 403 1671 ὅτι
441 1619 542 1689 μὲν
572 1621 870 1692 φεύγομεν,
916 1625 1077 1696 ταμεν
1103 1643 1117 1658 ·
1149 1628 1272 1681 ὅποι
1309 1627 1366 1682 δὲ
1413 1631 1751 1699 καταφευξό-

152 1704 337 1772 μεθα,
364 1707 526 1761 τοῦτο
555 1709 621 1781 δὴ
658 1710 733 1776 ὡς
764 1712 943 1768 ἔοικεν
989 1716 1315 1788 ἀγνοοῦμεν.
1354 1719 1466 1774 Καὶ
1515 1721 1609 1773 ἐπὶ
1643 1723 1751 1775 τῶν

150 1797 584 1864 εύφραινόντων
635 1799 692 1853 δὲ
725 1802 792 1856 τὰ
829 1803 922 1858 ῐσα
967 1805 1176 1871 τούτοις
1228 1810 1532 1880 πάσχομεν.
1583 1813 1750 1866 Οὐδὲν

1847 618 1967 672 leve
2018 617 2244 680 malum,
2299 616 2446 686 quod
2485 615 2705 687 premit,
2748 631 2874 670 cum
2941 615 3125 672 futuro
3175 616 3428 685 graviore

1847 708 2289 762 commntaverit.
2351 706 2426 762 Ea
2464 717 2688 777 propter
2748 716 2802 764 et
2841 721 3006 762 cursu
3053 707 3120 762 ad
3154 707 3244 762 illa
3269 706 3425 775 quasi

1848 815 2206 870 properamus
2223 799 2386 865 mala,
2416 815 2536 868 quae
2559 799 2775 864 absunt,
2814 799 3032 854 tametsi
3064 799 3427 868 praesentibus

1848 891 2057 959 majora
2083 890 2214 946 sint.
2253 891 2328 945 Ad
2351 892 2539 946 eadem
2574 907 2703 946 vero
2729 891 2917 957 delati,
2952 905 3172 944 rursum
3205 900 3428 958 prmter-

1849 981 1922 1035 ita
1949 981 2255 1036 laudamus.
2309 981 2463 1049 Quod
2492 981 2712 1052 quidem
2739 982 3054 1046 usuvenire,
3085 982 3170 1036 vel
3202 981 3278 1035 illi
3301 988 3430 1035 sunt

1851 1072 2075 1136 indicio,
2098 1072 2190 1141 qui
2225 1072 2432 1128 ferrum
2460 1073 2752 1142 fugientes,
2792 1072 2846 1126 iu
2874 1071 3051 1126 undas
3085 1084 3207 1126 sese
3231 1070 3427 1140 praci-

1851 1164 2046 1233 pitant,
2075 1164 2270 1219 deinde
2293 1163 2638 1235 naufragium
2664 1164 2830 1234 passi,
2859 1172 2912 1218 et
2935 1161 3338 1218 submersionis
3372 1161 3426 1214 in

1852 1255 2095 1324 periculo
2118 1257 2421 1322 constituti,
2461 1256 2698 1328 gladium
2727 1256 3018 1325 ancipitem
3060 1254 3427 1325 prehendunt.

1852 1351 2008 1405 Alius
2031 1351 2431 1404 inconsiderate
2463 1348 2676 1404 fttmtun
2716 1347 2953 1415 fugiens,
2984 1347 3036 1400 in
3065 1347 3242 1416 ignem
3276 1344 3427 1408 ruit;

1851 1457 1916 1497 ac
1945 1441 2189 1497 vicissim
2222 1443 2292 1494 ab
2325 1439 2436 1510 igni
2466 1438 2595 1492 dum
2630 1438 2831 1502 uritur,
2857 1438 2922 1490 ad
2968 1437 3299 1506 praecipitem
3335 1451 3427 1487 ru-

1853 1549 2000 1604 pem,
2033 1533 2200 1587 veluti
2226 1531 2482 1586 solatium
2510 1529 2810 1600 quoddam,
2857 1530 3118 1584 accurrit.
3151 1528 3286 1582 Nam
3318 1527 3431 1596 ple-

1855 1625 2010 1694 rique
2039 1623 2318 1688 mortales,
2369 1621 2499 1676 dum
2557 1622 2694 1676 ratio
2725 1622 2774 1675 vi
2810 1621 2937 1674 mali
2965 1618 3251 1689 premitur,
3282 1619 3428 1687 quod

1854 1717 2151 1789 fugiamus,
2171 1716 2416 1770 scimus:
2441 1729 2552 1784 quo
2577 1728 2706 1768 vero
2725 1711 3128 1780 confugiamus,
3150 1709 3292 1765 scire
3320 1724 3427 1763 non

1854 1824 2173 1879 possumus.
2223 1805 2546 1860 Consimilia
2615 1805 2773 1860 nobis
2801 1813 2855 1860 et
2913 1803 3050 1859 lmtis
3082 1803 3246 1858 rebus
3281 1800 3430 1857 acci-

151 1887 273 1955 τὰρ
303 1887 478 1957 δήπου
507 1890 618 1944 τῶν
640 1892 908 1949 ποθεινῶν
934 1899 1188 1968 στήσειεν
1214 1901 1280 1953 ἂν
1311 1903 1443 1973 ἡμῖν
1467 1904 1553 1973 ἐφ’
1576 1903 1745 1976 ἑαυτῷ

1858 1902 2010 1956 dunt.
2036 1897 2175 1954 Nam
2209 1914 2296 1954 res
2327 1898 2487 1968 plane
2537 1897 2685 1952 nulla
2717 1907 2820 1962 est,
2860 1913 2924 1951 ex
2951 1897 3208 1951 universo
3247 1909 3430 1950 rerum

154 1981 266 2050 τὴν
302 1981 627 2051 ἐπιθυμίαν.
665 1985 776 2038 Καὶ
807 1987 1085 2044 δείκνυσιν
1119 1992 1256 2064 αὑτὴ
1305 1996 1510 2065 τρυφὴ,
1555 1997 1623 2050 ἵν’
1654 1997 1749 2066 ἀφ’

155 2073 359 2136 ἑστίας
390 2076 527 2143 ἡμῖν
571 2078 756 2150 δειχθῇ
793 2080 852 2134 τδ
885 2083 1270 2154 προκείμενον.
1305 2087 1430 2141 Τῶν
1471 2087 1596 2160 γάρ
1641 2091 1753 2160 ἠδί-

155 2183 314 2218 στων
345 2167 718 2234 ἀπολαύοντες
745 2173 824 2236 είς
847 2175 1026 2243 κόρον,
1049 2171 1213 2248 ἦττον
1239 2178 1418 2232 αὐτῶν
1440 2179 1752 2252 ὀρεγόμεθα

154 2257 275 2310 τῶν
334 2261 735 2332 ἀφισταμένων
793 2266 986 2332 ἁπλῶς
1017 2269 1213 2339 ἡδέων.
1261 2270 1380 2324 Κᾶν
1418 2272 1499 2336 εἰς
1557 2274 1751 2344 ἡδονὴν

155 2351 394 2407 ἔλαττον
422 2354 521 2425 ἔχῃ
554 2355 614 2409 τὸ
660 2359 1138 2430 προσδοκώμενον,
1175 2363 1389 2433 πέφυκε
1425 2364 1639 2434 θέλγειν
1669 2367 1748 2439 τῷ

157 2444 583 2514 προσδοκᾶσθαι
608 2464 623 2479 ·
653 2450 750 2503 καί
795 2453 900 2503 πού
937 2470 1024 2516 τις
1051 2454 1371 2526 ἐπεθύμησε
1404 2457 1620 2522 πολλοῖς
1653 2477 1752 2512 πε-

159 2538 526 2608 ριρῤεόμενος
579 2541 829 2608 ἀγαθοῖς,
867 2543 896 2596 ὃ
929 2545 1066 2616 μηδὲ
1104 2549 1217 2611 τοῖς
1257 2547 1467 2611 δούλοις
1508 2549 1574 2604 ἂν
1603 2550 1750 2616 ἔδοξε

158 2630 462 2697 μεθεκτὸν.
494 2635 586 2686 Δεῖ
607 2634 670 2703 δὴ
702 2637 1023 2706 φρονήσεως
1049 2639 1203 2709 ἡμῖν,
1232 2640 1375 2695 ῶστε
1420 2642 1497 2713 τῷ
1542 2643 1618 2715 νῷ
1646 2661 1754 2697 παι

158 2721 505 2790 ρασάλλουσι
535 2724 605 2778 τὰ
653 2725 782 2780 ὄντα
826 2729 940 2792 τοῖς
972 2729 1226 2798 ἀποῦσιν,
1270 2731 1440 2803 ὀρθήν
1478 2750 1599 2788 τινα
1643 2734 1751 2806 ψῆ-

155 2833 260 2884 φον
291 2817 633 2884 ἐξενεγκεῖν.

1859 2005 2113 2056 numero,
2148 2005 2286 2060 quas
2324 1988 2572 2044 homines
2597 1995 2881 2058 expetunt,
2913 2003 3033 2059 quae
3057 1988 3113 2041 in
3139 2001 3198 2042 se
3219 1984 3434 2055 cupidi~

1861 2093 2023 2138 tatem
2072 2091 2315 2137 nostram
2351 2083 2549 2136 sistere
2602 2081 2801 2153 possit.
2831 2081 3170 2151 Argumenta
3199 2089 3282 2134 est
3315 2078 3432 2146 ipsa

1857 2177 2130 2247 voluptas,
2186 2175 2466 2241 utalare,
2519 2174 2666 2245 quod
2727 2173 2902 2240 aiunt,
2954 2187 3065 2226 rem
3098 2171 3433 2241 propositam

1859 2269 2237 2324 ostendamus.
2289 2265 2498 2336 Quippe
2555 2264 3130 2335 cumjucundissimis
3162 2264 3326 2318 rebus
3365 2262 3434 2317 ad

1853 2363 2161 2419 satietatem
2185 2359 2438 2423 fruimur,
2475 2357 2657 2411 minus
2686 2371 2780 2410 cas
2805 2356 3314 2426 appetimus,quam
3337 2369 3431 2423 ju-

1853 2454 2032 2509 eunda
2057 2451 2401 2521 simpliciter,
2438 2464 2560 2520 qua:
2595 2463 2700 2502 non
2735 2447 2955 2502 adsunt.
2989 2445 3065 2502 Ac
3097 2449 3224 2501 licet
3252 2446 3434 2500 minus

1853 2547 2147 2617 voluptatis
2181 2545 2399 2605 habeat,
2437 2544 2582 2612 quod
2640 2541 2693 2596 in
2740 2541 3148 2611 exspectatione
3187 2540 3430 2608 positum

1856 2651 1959 2703 est,
1990 2651 2169 2694 tamen
2203 2637 2320 2706 ipsa
2349 2635 2434 2690 sui
2454 2632 2864 2703 exspectatione
2899 2631 3174 2686 delectare
3205 2643 3435 2685 consue-

1856 2734 1958 2788 vit.
1996 2731 2114 2786 lmo
2155 2728 2410 2800 pluribus
2437 2727 2559 2798 quis
2611 2726 2772 2781 bonis
2817 2723 3068 2785 afﬂuens,
3123 2723 3176 2778 id
3225 2721 3434 2792 appetit

1857 2823 2174 2894 aliquando,
2209 2819 2367 2890 cujus
2405 2818 2519 2872 fieri
2565 2817 2863 2888 participes
2911 2833 2982 2872 ne
3013 2816 3159 2872 servi
3206 2814 3432 2884 quidem

157 2908 388 2965 vellent.
443 2910 712 2969 Nimirum
769 2915 1058 2985 prudentia
1125 2917 1287 2974 nobis
1320 2928 1405 2977 est
1454 2935 1621 2994 opus,
1683 2926 1742 2976 ut
1783 2923 1967 2974 mente
1993 2921 2379 2985 comparantes
2400 2910 2689 2982 praesentia
2726 2924 2850 2964 cum
2877 2908 2967 2976 iis,
3027 2922 3151 2979 qua:
3206 2906 3427 2969 absunt.

154 3007 370 3054 rectam
397 3004 688 3070 quamdam
712 3009 1036 3062 sententiam
1061 3006 1322 3065 feramus.

897 3099 1021 3154 08’.

229 3185 424 3255 Ζημεα
471 3187 706 3258 μεγίστη
742 3191 854 3252 τοῖς
891 3191 1187 3261 πράγμασι
1232 3191 1292 3246 τὸ
1318 3193 1623 3263 διαχεῖσθαι
1649 3194 1742 3248 τὸν

2521 3089 2760 3146 LXXIX.

1923 3184 2326 3243 Tristissimum
2358 3181 2750 3239 rebusall'erre
2773 3179 3036 3238 damnum
3066 3180 3431 3237 soletanimo-

157 3277 292 3330 νοῦν
325 3278 442 3340 τοῖς
478 3278 758 3348 ἄρχουσιν.
794 3278 926 3334 Ὀτε
958 3279 1016 3334 δὲ
1044 3281 1309 3335 ἀδύνατον
1334 3282 1491 3352 φλογὶ
1527 3282 1745 3354 φροντί-

1853 3297 1976 3337 rum
2031 3283 2089 3336 in
2125 3278 2466 3351 principibus
2491 3274 2841 3332 exhilaratio.
2907 3274 3015 3330 Sed
3047 3274 3269 3344 quando
3311 3273 3436 3328 fieri

159 3368 268 3421 δων
294 3369 660 3441 ἐγκαρτερεῖν
687 3372 956 3442 διηνεκῶς
989 3376 1082 3429 τδν
1114 3377 1447 3446 κρατοῦντα,
1489 3377 1745 3432 τοσοῦτον

1855 3373 2068 3446 nequit,
2098 3382 2156 3428 ut
2181 3379 2448 3442 perpetuo
2469 3383 2735 3426 curarum
2765 3366 3040 3422 ﬂammam
3068 3367 3338 3423 sustineat
3363 3367 3432 3432 is,

161 3462 188 3512 δ
217 3460 346 3523 νοῦς
378 3460 736 3514 άπολελύσθω
770 3464 1093 3532 φροντίδων,
1124 3467 1249 3522 ὅσον
1278 3485 1336 3520 τε
1368 3468 1469 3536 τὴν
1504 3468 1748 3540 ἀθυμία-ν

161 3551 537 3619 ἀποσοϐῆσαι,
589 3553 683 3606 καὶ
730 3557 806 3624 μὴ
860 3559 1148 3628 συνεχέσιν
1193 3559 1428 3630 ὄμϐροις
1478 3561 1574 3616 τοῦ
1620 3563 1749 3634 τῇδε

164 3644 282 3713 βίου
340 3647 808 3719 κατακλυσθῆναι.
858 3651 1078 3706 Πολλῶν
1125 3654 1235 3724 γάρ
1272 3654 1443 3711 ὄντων
1475 3655 1572 3708 καὶ
1629 3674 1748 3710 ποι-

165 3739 363 3802 κίλων,
394 3741 506 3792 τῶν
561 3741 884 3813 μεθημέραν
916 3744 1011 3798 καὶ
1058 3746 1279 3815 νύκτωρ
1325 3747 1746 3817 ἀναγκαζόντων

165 3832 500 3900 φροντίζειν,
518 3833 758 3898 εὐκόλως
786 3835 853 3890 ἂν
885 3836 980 3890 καὶ
1006 3839 1035 3891 ὁ
1060 3837 1244 3908 ἄρχων
1272 3839 1371 3910 τὴν
1396 3839 1540 3910 ζωὴν
1568 3858 1744 3910 προσ·

165 3926 480 3990 απολέσειε,
519 3928 812 3998 πράγμασι
857 3929 1109 3985 παλαίων
1158 3931 1266 3996 ἀεὶ,
1303 3935 1574 4005 μηδαμῶς
1625 3936 1744 3998 τοῖς

166 4021 456 4089 λογισμοῖς
485 4021 794 4092 ἐκεχειρίαν
834 4022 1058 4077 διδοῦσι.
1092 4025 1232 4078 Φασὶ
1259 4025 1316 4079 δὲ
1337 4025 1432 4081 καί
1477 4043 1601 4082 τινα
1636 4027 1745 4082 τῶν

168 4113 338 4164 παλαι
376 4112 672 4180 μεγίστων,
725 4113 909 4185 ἁϐρῶς
954 4118 1067 4179 τοῖς
1102 4117 1282 4186 φίλοις
1332 4120 1745 4190 συνευωχούμε-

168 4223 280 4272 νον,
315 4207 510 4272 είπεῖν,
546 4207 658 4260 δεῖν
709 4209 798 4262 τὸν
849 4207 973 4262 νοῦν
1013 4211 1317 4282 φροντίδων
1351 4212 1520 4282 λύειν,
1555 4214 1743 4286 ὥσπερ

169 4299 238 4349 τὸ.
266 4298 396 4362 τόξα
431 4301 539 4351 τῶν
566 4301 776 4371 νευρῶν
800 4303 1135 4373 ἀπολύομεν,
1166 4307 1214 4358 εἰ
1243 4306 1536 4374 μέλλοιμεν
1561 4307 1744 4370 αὐτοῖς

175 4391 418 4459 ἰσχυροῖς
443 4388 598 4455 αὖθις
630 4393 892 4462 χρῆσθαι,
940 4395 1352 4449 ἐπαναλαὸοῦσι
1381 4396 1482 4466 τήν
1530 4398 1745 4451 οίκείαν

170 4485 417 4552 δύναμιν.
455 4485 603 4555 Πλήν
627 4504 690 4554 γε
718 4489 784 4558 τῇ
817 4488 1068 4558 ῥᾳστώνῃ
1098 4489 1384 4559 χρώμεθα,
1414 4487 1489 4553 ῶς
1511 4508 1614 4544 τινι
1643 4491 1744 4562 τῆς

169 4574 406 4644 ἀθυμίας
431 4575 780 4646 βοηθήματι·
811 4578 986 4642 ἄλλως
1016 4579 1073 4633 δὲ
1101 4579 1272 4649 αὐτὴν
1301 4581 1742 4652 άπορῤίπτομεν.

170 4671 256 4721 ἵνα
290 4667 363 4738 μὴ
393 4668 528 4723 πολὺ
567 4670 781 4741 τρυφᾷν
804 4672 1137 4741 ἐφιεμένοις,
1162 4673 1299 4727 πολὺ
1339 4675 1477 4745 πρὸς
1503 4675 1733 4730 τούναν·

169 4764 282 4816 τίον
311 4764 444 4834 ἡμῖν
493 4766 729 4835 περιστῇ
777 4765 838 4817 τὸ
876 4766 1147 4836 βούλημα.
1191 4768 1266 4822 Τὸ
1301 4770 1412 4840 γὰρ
1457 4770 1516 4831 ὲς
1563 4769 1740 4839 ἄκρον

172 4855 468 4926 διαχεῖσθαι
500 4857 557 4921 ἐς
592 4859 760 4929 ἄκρον
790 4860 1155 4915 συνεστάλθαι
1183 4863 1360 4916 ποιεῖν
1396 4861 1610 4917 εἴωθεν.

915 5038 1002 5094 Il'.

250 5127 359 5182 Οὐκ
389 5125 537 5181 ἔστιν
567 5128 744 5190 οὐδεὶς
775 5131 830 5182 ὲν
864 5129 1198 5201 ἀνθρώποις,
1225 5131 1281 5196 ὃς
1316 5135 1384 5186 άν
1412 5132 1618 5203 σπουδῇ
1648 5131 1744 5185 καὶ

181 5222 360 5283 πόνοις
412 5219 682 5290 διηνεκῶς
731 5222 1038 5292 χρήσαιτο·
1083 5226 1199 5279 ἀλλ’
1249 5207 1479 5298 ἡ4φύσις
1526 5227 1744 5296 ἑκάστῳ

183 5311 532 5375 σπουδάζοντι
563 5313 657 5366 καὶ
683 5313 1043 5383 παραμυθίας
1071 5316 1218 5379 τινος
1254 5318 1492 5386 ἐφίεται.
1527 5318 1742 5379 Ἀλλοις

184 5406 276 5468 μὲν
302 5402 394 5458 οῦν
419 5404 555 5458 ἄλλα
578 5405 716 5476 πρὸς
744 5405 1016 5477 ρᾳθυμίαν
1043 5407 1366 5477 ὲξεύρηταιυ
1403 5409 1486 5461 σοὶ
1514 5408 1570 5460 δὲ
1600 5409 1740 5474 μετὰ

183 5498 369 5560 πόνους
401 5495 528 5557 τοὺς
560 5496 844 5567 βασιλεῦσι
875 5499 1258 5569 προσήκοντας
1287 5499 1530 5570 ἀρκείτω
1553 5502 1619 5553 τὰ
1657 5500 1739 5570 βι-

185 5589 318 5650 ὃλία,
350 5587 446 5641 καὶ
485 5587 544 5640 τὸ
581 5588 786 5653 πεδίον,
824 5589 1085 5657 ἑκάτερον
1132 5591 1272 5661 μετὰ
1311 5589 1508 5662 καιροῦ
1535 5606 1548 5622 ·
1579 5593 1675 5644 καὶ
1706 5593 1739 5658 ἠ

183 5679 375 5750 σχέδιος
405 5681 534 5733 σκιά
587 5683 816 5752 σκηνῆς,
852 5681 884 5750 ἢ
932 5682 1169 5750 φύλλων,
1223 5683 1254 5752 ἥ
1291 5682 1504 5753 ἄντρων
1529 5698 1544 5713 ·
1586 5685 1678 5736 καὶ
1704 5685 1737 5753 ἡ

181 5772 370 5843 ἀηδὼν,
402 5771 452 5825 εί
480 5771 674 5842 τύχοι*
703 5771 807 5842 ἥτ’
840 5775 1177 5844 ἁναπηδῶσα
1201 5775 1372 5847 πηγὴ,
1403 5776 1493 5830 καὶ
1523 5777 1576 5829 αἱ
1610 5777 1740 5846 περὶ⁵

177 5863 374 5936 ταύτην
396 5865 621 5937 βοτάναι
644 5883 657 5899 ο
696 5865 842 5920 λιτόν
875 5885 930 5921 τε
956 5869 1047 5922 καὶ
1079 5870 1388 5938 αὐτόματον
1409 5869 1560 5938 ὄψον,
1589 5870 1741 5936 ἥδιον

1849 3468 1945 3540 qui
1985 3481 2168 3522 rerum
2225 3464 2453 3534 potitur,
2497 3470 2726 3517 eatenus
2786 3476 2942 3516 mens
2973 3461 3127 3516 curis
3162 3461 3431 3524 solvatur,

1849 3569 2123 3631 quatenus
2147 3556 2390 3612 etanimi
2423 3553 2728 3610 molestiam
2755 3552 3013 3624 depellat,
3033 3567 3135 3608 nec
3161 3552 3432 3607 imbribus

1852 3652 2020 3723 hujus
2053 3651 2178 3705 vita:
2197 3648 2476 3704 continuis
2499 3649 2782 3703 obruatur.
2807 3647 2942 3703 Nam
2958 3662 3080 3702 cum
3113 3647 3278 3701 multa
3301 3647 3432 3713 sint,

1851 3760 2031 3814 eaque
2055 3743 2228 3808 varia,
2281 3757 2403 3812 qua
2435 3749 2544 3795 tam
2582 3740 2848 3803 interdiu,
2879 3754 3042 3810 quam
3076 3748 3240 3794 noctu
3280 3739 3432 3808 prin-

1848 3838 2026 3907 cipem
2062 3833 2357 3890 sollicitum
2397 3847 2521 3888 esse
2582 3841 2808 3902 cogunt,
2846 3830 3006 3886 facile
3032 3832 3196 3887 vitam
3236 3833 3431 3886 amise-

1851 3923 1945 3987 rit,
1981 3937 2193 3990 semper
2224 3937 2350 3977 cum
2398 3921 2633 3992 negotiis
2672 3919 3024 3976 colluctando
3047 3960 3065 3983 .
3097 3937 3219 3990 qua:
3251 3922 3432 3979 nullas

1805 4013 1807 4015 ’
1846 4012 2069 4069 omnino
2093 4011 2779 4082 cogitationibusindueias
2797 4011 3118 4067 concedant.
3133 4013 3432 4069 Perhibent

1844 4103 2139 4177 quemdam
2199 4103 2504 4159 maximum
2561 4104 2839 4174 quondam
2875 4105 3078 4170 virum,
3112 4103 3263 4160 laute
3299 4121 3426 4160 cum

1847 4199 2040 4255 amicis
2076 4199 2418 4270 epulantem,
2478 4198 2709 4264 dixisse,
2746 4208 2984 4255 mentem
3014 4201 3165 4258 curis
3201 4201 3432 4257 solven-

1847 4292 1974 4348 dam
2003 4309 2145 4360 esse,
2173 4294 2318 4348 sicut
2343 4307 2504 4348 arcus
2536 4308 2800 4349 enervare
2825 4295 3122 4361 soleamus,
3155 4296 3429 4367 siquidem

1847 4384 1957 4439 illis
1989 4386 2182 4439 iterum
2215 4385 2412 4440 validis
2447 4384 2527 4439 uti
2560 4385 2794 4442 velimus
2821 4426 2836 4450 ,
2890 4385 3210 4443 instauratis
3237 4404 3428 4444 eorum

1848 4476 2081 4531 viribus.
2111 4476 2234 4532 Sed.
2257 4478 2358 4533 hac
2391 4489 2575 4533 tamen
2607 4478 2941 4535 relaxatione
2963 4480 3158 4536 saltem
3196 4482 3428 4547 utimur,

1851 4569 2018 4624 veluti
2067 4572 2305 4641 quodam
2353 4571 2699 4642 aegritudinis
2753 4573 2927 4627 animi
2993 4575 3427 4641 remedio;cum

1770 4653 1813 4709 Ι)
1843 4677 1966 4718 eam
2027 4660 2322 4731 czeteroqui
2361 4661 2702 4731 rcjiciamus,
2742 4679 2810 4718 ne
2855 4663 3160 4734 voluptates
3193 4666 3425 4721 nimium

1842 4755 2210 4826 captantibus,
2230 4755 2282 4809 in
2300 4755 2572 4811 diversam
2593 4763 2803 4825 partem
2824 4756 3041 4812 animus
3057 4756 3266 4811 tendat.
3289 4755 3426 4811 Nam

1850 4855 2094 4901 extrema
2143 4845 2391 4916 quaedam
2456 4844 2783 4901 cxhilaratio
2833 4861 2998 4901 causa
3031 4845 3272 4901 vicissim
3305 4862 3432 4904 esse

1845 4939 2099 4996 mceroris
2118 4939 2353 4995 extremi
2374 4939 2538 4995 solet.

2523 5029 2738 5086 LXXX.

1920 5123 2158 5180 Omnino
2214 5123 2528 5178 mortalium
2568 5135 2730 5178 nemo
2764 5130 2868 5187 est,
2923 5119 3017 5191 qui
3065 5119 3226 5175 seriis
3261 5122 3439 5175 rebus.

1848 5228 2014 5290 atque
2043 5217 2329 5274 laboribus
2356 5217 2603 5273 intentus
2625 5231 2746 5271 esse
2783 5225 3048 5285 perpetuo
3078 5216 3251 5285 possit
3277 5233 3290 5270 :
3327 5215 3432 5271 sed.

1851 5312 1965 5381 ipsa
2000 5320 2192 5364 natura
2215 5308 2486 5378 cujusque
2509 5308 2654 5364 seria
2676 5308 2992 5372 tractantis,
3013 5306 3229 5375 aliquod
3257 5307 3422 5365 etiam

1852 5402 2114 5458 solatium
2145 5400 2446 5454 desiderat.
2501 5398 2635 5452 Aliis
2665 5398 2833 5470 igitur
2863 5398 2970 5453 alia
3008 5399 3220 5455 levandi
3254 5402 3423 5456 animi

1853 5508 2020 5548 causa
2055 5501 2273 5563 reperta
2301 5498 2451 5546 sunt.
2493 5491 2561 5544 At
2609 5491 2704 5545 tibi
2739 5499 2863 5560 post
2910 5492 3300 5548 convenientes
3337 5509 3423 5547 re—

1851 5589 2007 5658 gibus
2030 5587 2246 5641 labores
2278 5584 2403 5639 libri
2434 5582 2709 5639 sulliciant
2729 5594 2782 5639 et
2809 5598 3036 5654 campus
3062 5603 3078 5650 ;
3104 5594 3430 5654 utrumque,

1849 5697 1972 5736 eum
2007 5679 2355 5734 commodum
2392 5679 2540 5743 erit;
2584 5688 2636 5734 ct
2666 5678 2857 5734 umbra
2888 5677 3121 5746 simplex
3159 5691 3224 5729 ac
3255 5677 3422 5729 ἱππείο-

1851 5775 2040 5829 horata
2079 5772 2158 5826 vel
2207 5771 2429 5827 tentorii
2491 5771 2573 5825 ve!
2609 5769 2910 5836 frondium,
2968 5768 3050 5821 vel
3083 5775 3368 5821 antroruna
3401 5807 3412 5829 ,

1847 5877 1900 5922 ct
1923 5866 2179 5933 luscinia,
2217 5867 2261 5920 si
2321 5865 2496 5928 a-Esit;
2540 5872 2595 5918 et
2623 5861 2746 5919 fons
2779 5862 3002 5925 saliens,
3031 5868 3086 5913 et
3119 5859 3262 5915 circa
3294 5856 3418 5914 fon-
