3978 6640
482 342 574 424 371
1522 404 1524 406 ,
1637 353 2035 415 MANUELIS
2079 356 2519 420 PALAIOLOGI
3752 368 3859 433 372

478 466 584 508 tem
618 451 840 519 herbas;
875 462 930 508 et
961 453 1067 508 vile
1096 455 1315 524 quidem
1366 460 1658 515 obsonium
1696 463 2052 532 oblatumque

2186 468 2209 520 ἐ
2255 471 2548 541 πεινήσασι
2597 472 2691 525 καὶ
2741 473 3103 537 πανδαισίας
3152 471 3288 543 τῆς
3324 471 3524 527 οἶκοι.
3584 472 3699 529 Ἐῶ
3753 479 3858 549 γὰρ

417 619 429 632 ρ
480 547 750 613 fortuito;
813 545 909 601 scd
961 546 1159 604 famem
1213 550 1588 616 afl'erentibus,
1655 554 1820 608 etiam
1879 555 2047 610 dubia

2191 556 2336 624 ἐγειν
2370 558 2682 629 ἀμϐροσίαν
2726 569 2819 614 καὶ
2849 563 3088 633 νέκταρ,
3143 562 3233 617 τὰ
3275 564 3561 632 μυθικὰ,
3602 565 3752 636 πρὸς
3783 545 3858 632 οἷς

479 652 658 701 caena,
689 637 836 692 domi
883 647 1115 703 structa,
1170 638 1490 709 jucundius.
1521 641 1677 698 Mitto
1712 659 1946 714 namque
1985 645 2050 699 de

2217 647 2370 716 φίλος
2406 667 2486 703 σοι
2523 651 2710 716 ἵππος,
2741 655 2768 706 ὁ
2805 653 2977 722 κύων,
3019 657 3054 708 ὁ
3093 655 3323 725 ἱέραξ,
3364 657 3404 725 ἡ
3440 655 3602 726 πρὸς
3644 659 3718 712 τὰ
3764 660 3857 730 θη-

475 730 750 785 ambrosia
781 739 833 784 ct
865 729 1383 796 nectare,fabulosis
1414 733 1597 799 rebus,
1615 734 1787 804 loqui.
1816 736 2054 791 Accedat

2184 739 2253 792 »ία
2285 740 2392 794 τῶν
2444 742 2618 812 βελῶν
2667 743 2886 813 ἄφεσις,
2939 747 3079 800 ποτὲ
3133 747 3265 817 μὲν
3305 747 3546 818 λάθρα,
3611 750 3754 803 ποτε
3797 751 3852 804 δὲ

478 823 565 878 iis
604 823 700 877 tibi
734 821 933 878 charus
961 838 1163 894 equus,
1193 833 1248 879 et
1287 825 1440 879 canis
1467 835 1521 880 et
1553 827 1842 896 accipiter,
1891 837 1943 882 et
1973 837 2053 884 te-

479 918 657 969 lorum
693 915 746 969 in
780 913 924 970 feras
952 916 1197 981 emissio,
1235 933 1382 972 nunc
1403 919 1542 973 clam
1567 959 1580 981 ,
1617 934 1762 972 nunc
1795 921 1952 990 pleno
1977 920 2054 974 fa-

478 1007 670 1062 cienda
694 1022 885 1068 cursu,
908 1016 1067 1078 prout
1102 1007 1232 1077 ipsa:
1261 1017 1435 1063 semet
1470 1009 1796 1065 obtulerint.
1830 1012 1933 1066 Sed
1967 1011 2050 1066 his

481 1107 654 1162 utere,
686 1114 792 1166 non
823 1108 1081 1169 tanquam
1117 1101 1244 1160 fine.
1274 1099 1368 1156 sed
1400 1101 1590 1157 tnelius
1627 1102 1832 1172 aliquid
1876 1102 2051 1172 respi-

482 1193 654 1257 ciens,
680 1201 736 1246 ut
769 1193 1135 1248 valetudinem
1173 1193 1392 1259 bonam,
1437 1204 1494 1250 ut
1527 1195 1972 1265 popularitatem.
1996 1181 2054 1249 ut

482 1283 898 1352 experientiam,
924 1298 1043 1352 quie
1069 1283 1267 1338 milites
1288 1285 1496 1341 deceat.
1529 1285 1604 1339 ita
1633 1285 1745 1350 fict,
1779 1294 1838 1339 ut
1871 1284 2050 1354 praeda

486 1389 592 1428 non
621 1377 846 1444 potitus,
883 1389 1046 1445 quam
1077 1391 1292 1445 semper
1321 1375 1548 1444 adipisci
1581 1392 1686 1430 non
1715 1376 1864 1442 licet,
1897 1376 2052 1430 volu-

2159 829 2344 902 δρόμῳ
2377 836 2668 904 χρωμένῳ,
2709 838 2934 893 ἐπειδὰν
2967 841 3311 902 κάκείνοις
3367 841 3603 893 ταυτὸν
3649 841 3848 911 γίγνη-

2161 940 2273 977 ται.
2301 924 2393 994 Μὴ
2418 926 2534 994 χρῶ
2562 928 2615 980 δὲ
2644 928 2858 993 τούτοις
2881 930 2955 992 ὡς
2983 931 3182 995 τέλει,
3214 930 3362 984 ἀλλ’
3389 933 3654 1001 ἀφορῶν
3681 933 3768 996 είς
3792 951 3846 986 τι

2161 1013 2392 1084 βέλτιον,
2425 1017 2662 1084 εὐεξίαν,
2700 1022 3006 1088 κοινωνίαν,
3041 1024 3417 1092 ἐμπειρίαν
3449 1023 3844 1093 στρατιώταις

2159 1110 2502 1206 πρέπουσαν.
2555 1113 2745 1185 Ταύτῃ
2775 1116 2999 1206 καὶρτῆς
3047 1117 3269 1188 θήρας
3329 1118 3669 1188 ἀποτυχὼν
3697 1119 3841 1182 (οὐδέ

2159 1199 2266 1269 γὰρ
2305 1201 2395 1254 ἀεὶ
2425 1205 2716 1274 τυγχάνειν
2749 1199 2996 1276 οἷόντε),
3030 1210 3153 1278 τῆς
3193 1209 3612 1280 εὐφροσύνης
3640 1210 3744 1262 οὐκ
3770 1210 3835 1262 ἂν

2160 1289 2449 1359 ἁμάρτοις,
2499 1294 2557 1348 ἐν
2605 1293 2688 1360 οἷς
2741 1298 2841 1351 οὐκ
2901 1297 3048 1352 ἐστιν
3098 1301 3492 1370 ἀποτυχεῖν,
3552 1300 3629 1354 δι’
3663 1301 3702 1355 ἃ
3751 1317 3831 1353 σοι

2162 1378 2442 1450 προύργου
2475 1381 2724 1450 γίγνεται
2754 1385 2813 1437 τὸ
2845 1385 3041 1458 θηρᾷν.

485 1479 628 1540 ptate
665 1478 846 1525 tamen
872 1472 926 1526 iu
969 1472 1038 1526 iis
1068 1471 1293 1526 minime
1328 1485 1542 1535 careas,
1574 1485 1694 1542 quae
1727 1471 1917 1527 abesse
1937 1471 2248 1542 nequeunt,
2279 1487 2333 1532 et
2366 1492 2601 1548 quorum
2673 1495 2843 1537 causa
2911 1479 3171 1537 venandi
3261 1481 3564 1536 laborem
3632 1481 3818 1552 ιιι-ιιιεί,

485 1579 588 1633 pne
623 1563 885 1634 suscipis.

1151 1653 1392 1711 LXXXI.

2887 1661 3018 1718 ﬂA'.

556 1744 701 1799 Cave
763 1745 1082 1814 permiseris
1115 1745 1184 1802 ad
1217 1755 1267 1801 te
1297 1747 1482 1803 venire
1518 1746 1740 1818 propius
1799 1747 2057 1819 hypocri-

2247 1749 2564 1823 Ύπόκρισις
2593 1751 2736 1806 ἔστω
2759 1769 2842 1808 σοι
2876 1754 3142 1825 μισητὸν,
3186 1754 3306 1808 καὶ
3341 1755 3593 1825 μακρὰν
3625 1755 3654 1807 ὁ
3683 1753 3808 1808 rati-

491 1847 624 1902 tam,
657 1836 750 1892 sed
780 1838 960 1893 omnis
987 1837 1266 1894 simulatio
1297 1839 1392 1894 tibi
1423 1839 1780 1895 exsecrabilis
1808 1847 1956 1906 esto,
1994 1855 2062 1894 ne

2184 1861 2262 1914 την
2293 1845 2688 1915 ἐργαζόμενος,
2727 1846 2800 1916 μή
2857 1863 2988 1900 ποτε
3025 1847 3220 1920 λάθῃς
3265 1846 3611 1908 πιστεύσας
3663 1844 3798 1912 λύκῳ

492 1929 810 1998 imprudens
844 1929 970 1998 lupo
1009 1944 1072 1984 ac
1125 1931 1321 2000 piratae
1371 1929 1553 1996 fidem,
1612 1945 1712 2000 pro
1744 1939 1962 1998 pastore
1999 1946 2063 1986 ac

492 2021 878 2090 gubernatore,
905 2021 1131 2076 habeas.
1155 2021 1213 2076 In
1240 2036 1358 2083 eos.
1375 2022 1467 2092 qui
1487 2021 1619 2076 false
1642 2032 1875 2092 carpunt
1898 2023 2059 2088 alios,

495 2113 644 2168 nullo
688 2129 811 2169 cum
865 2114 1107 2183 ipsorum
1162 2113 1367 2180 fruclu,
1399 2114 1609 2171 salibus
1652 2114 1769 2185 ipse
1818 2107 2072 2185 paternis~

496 2207 700 2262 utitor:
740 2214 798 2260 ut
826 2205 926 2261 hos
961 2206 1182 2276 quidem
1219 2206 1517 2276 ignominia
1554 2207 1779 2272 liberes,
1828 2208 1919 2279 Qui
1944 2223 2066 2262 car-

496 2306 702 2364 puntur
732 2296 976 2368 inquam,
1009 2298 1130 2354 illos
1161 2313 1290 2353 vero
1322 2299 1679 2355 modestiores
1699 2299 2069 2357 cflicias.Cre-

497 2389 609 2444 dita
649 2389 895 2444 fldeitua:
927 2387 1092 2444 verba
1116 2405 1226 2443 non
1251 2389 1406 2444 aliter
1439 2389 1737 2457 custodies,
1771 2407 1836 2446 ac
1862 2391 1908 2448 si
1944 2391 2067 2462 quis

498 2482 770 2552 ingentem
806 2479 921 2536 auri
949 2480 1057 2534 vim
1087 2482 1230 2550 apud
1292 2493 1341 2536 te
1373 2481 1742 2552 deposuisset.
1775 2481 2070 2538 Juramen—

499 2576 568 2629 tis
593 2583 647 2628 tu
669 2575 885 2644 quidem
915 2574 1238 2638 abstinebis,
1271 2573 1365 2630 sed
1384 2575 1600 2629 interim
1638 2590 1820 2631 mores
1849 2576 1925 2630 tui
1949 2575 2071 2630 uni-

501 2666 672 2724 versis
707 2669 911 2737 optima
947 2682 1177 2738 qumque
1201 2667 1266 2722 de
1300 2677 1352 2721 te
1384 2666 1766 2738 polliceantur.
1805 2665 2069 2721 Votorum

500 2761 911 2830 conceptionem
959 2758 1176 2829 putabis
1213 2773 1336 2815 esse
1387 2774 1502 2815 rem
1544 2757 1756 2829 plenam
1799 2759 2068 2825 horroris,

502 2852 593 2907 sed
625 2863 678 2907 tu
715 2859 823 2905 tam
862 2849 994 2915 Deo,
1026 2866 1187 2920 quam
1245 2851 1583 2917 hominibus,
1621 2852 1897 2921 promissa
1928 2865 2070 2920 prat—

504 2944 696 3000 stabis.
761 2943 966 3000 Decere
993 2951 1046 2999 te
1082 2943 1466 3008 arbitraberis,
1520 2950 1580 2997 ut
1621 2953 1972 3013 acceptorum
2005 2944 2073 2999 ab

505 3038 625 3092 a'iis
658 3036 1044 3091 beneficiorum
1083 3035 1422 3102 memineris,
1457 3035 1552 3090 sed
1583 3036 1706 3091 aliis
1731 3035 1830 3092 abs
1861 3045 1915 3092 te
1936 3051 2074 3106 pra:—

2163 1951 2223 1986 τε
2247 1933 2342 1987 καὶ
2365 1936 2599 2004 πειρατῇ
2625 1935 2745 1988 ἀντὶ
2783 1938 3043 2005 ποιμένος
3070 1939 3180 1989 καὶ
3223 1937 3636 2008 κυϐερνήτου.
3661 1935 3797 1988 Σκῶ-

2166 2042 2266 2079 πτε
2297 2025 2354 2079 δὲ
2389 2027 2670 2098 πατρικῶς
2699 2030 2826 2089 τοὺς
2877 2027 3165 2081 σκώπτειν
3203 2028 3436 2091 ἄλλους
3493 2027 3778 2088 ἐθέλοντας,

2165 2118 2263 2172 ούκ
2292 2117 2560 2188 ὠφελείας
2586 2119 2780 2173 ἕνεκα·
2807 2120 2955 2183 ὅπως
2985 2119 3115 2182 τοὺς
3144 2120 3264 2190 μὲν
3301 2120 3600 2190 αἰσχύνης
3633 2116 3783 2170 ἁπαλ-

2167 2209 2408 2275 λάξειας,
2443 2209 2588 2279 λέγω
2617 2211 2682 2281 δὴ
2729 2212 2857 2275 τοὺς
2889 2213 3248 2281 πάσχοντας,
3285 2213 3429 2275 τοὺς
3464 2210 3528 2264 δὲ
3581 2224 3778 2276 σωφρο-

2168 2301 2459 2372 νεστέρους
2489 2302 2772 2374 ἐργάσαιο.
2820 2297 3209 2358 Πιστευθέντα
3240 2304 3307 2358 δέ
3363 2321 3457 2356 σοι
3492 2303 3654 2371 λόγον
3685 2300 3783 2351 δια·

2170 2393 2430 2463 φύλαττε,
2463 2393 2496 2464 ἢ
2528 2393 2584 2446 εί
2609 2411 2693 2457 τις
2741 2395 2806 2449 ἄν
2841 2411 2923 2449 σοι
2973 2395 3212 2465 χρυσίον
3254 2394 3440 2465 ἁδρὸν
3496 2389 3771 2462 παρέθετο.

2172 2485 2392 2555 Ὅρκων
2430 2483 2487 2538 δέ
2522 2501 2616 2538 σου
2653 2485 2999 2554 φειδομένου,
3035 2485 3410 2554 ἐπαγγελίας
3440 2482 3658 2552 ἀγαθὰς
3686 2481 3776 2532 πᾶ·

2173 2593 2258 2629 σιν
2286 2577 2334 2629 οί
2364 2577 2556 2646 τρόποι
2584 2575 2898 2632 διδότωσαν.
2929 2577 3170 2647 Φρικτὸν
3208 2578 3325 2648 μὲν
3363 2572 3516 2630 εἶναι
3541 2575 3600 2629 τὸ
3633 2572 3768 2639 εὔξα-

2175 2667 2302 2721 σθαι
2337 2669 2478 2722 πάνυ
2513 2666 2720 2738 νόμιζε,
2750 2668 2851 2730 τὰς
2892 2667 3230 2738 ὑποσχέσεις
3265 2668 3328 2722 δὲ
3381 2669 3512 2738 Θεῷ
3540 2667 3633 2719 καὶ
3668 2667 3769 2726 τοίς

2173 2760 2484 2831 ἀνθρώποις
2520 2760 2753 2815 ἐκτέλει.
2785 2760 3115 2830 Μεμνῆσθαι
3147 2763 3357 2831 μέντοι
3407 2760 3524 2814 τῶν
3553 2757 3683 2827 πρὸς
3708 2754 3761 2808 σὺ

2173 2853 2280 2907 τῶν
2307 2853 2484 2909 ἄλλων
2507 2852 2765 2905 εὐποιιῶν
2791 2853 3069 2924 προσῆκον
3096 2847 3252 2908 εἷναί
3283 2870 3387 2906 σου
3423 2850 3640 2920 νόμιζε,
3666 2847 3760 2899 τῶν

2176 2943 2331 3013 παρὰ
2373 2941 2467 2995 σοῦ
2521 2941 2659 3014 πρὸς
2707 2942 2905 3006 ἄλλους
2953 2943 3478 3014 ἐπιλανθανόμενος
3503 2957 3519 2974 ⁸
3558 2940 3671 2993 θέλε
3707 2936 3756 2989 δὲ

2177 3034 2541 3100 πλεονεκτεῖν,
2587 3033 2685 3104 οὐχ
2711 3034 2959 3102 ὑστερεῖν
2996 3035 3408 3105 ἀμειϐόμενος.
3444 3033 3562 3086 Κᾶν
3601 3027 3757 3081 ταῦτα

507 3132 761 3184 stitorum
796 3127 1165 3187 obliviscaris.
1196 3128 1260 3180 Et
1310 3127 1536 3196 quidem
1571 3127 1791 3181 vincere
1819 3142 2076 3197 compen-

2184 3124 2440 3196 πράττων
2491 3124 2758 3196 διατελῇς,
2815 3125 3034 3194 φεύγων
3065 3127 3164 3179 καὶ
3200 3126 3270 3179 τὸ
3328 3124 3539 3194 ὕφαλον
3584 3114 3753 3187 αἶσχος

509 3219 694 3277 sandis
748 3219 1050 3282 beneficiis,
1085 3232 1193 3271 non
1258 3217 1406 3271 vinci
1474 3216 1632 3272 velis.
1667 3216 1802 3283 Quae
1825 3219 1868 3272 si
1901 3217 2078 3274 facere

512 3328 616 3368 non
667 3310 908 3376 desines,
971 3309 1250 3364 occultum
1307 3324 1527 3380 quoque
1581 3310 1819 3366 dedecus
1862 3309 2079 3381 fugiens

513 3408 661 3475 (nam
693 3406 842 3459 larva
863 3417 1136 3474 scenaque
1166 3403 1252 3456 vix
1275 3403 1440 3457 etiam
1467 3403 1674 3458 scurris
1706 3402 2078 3467 concedenda,

512 3497 604 3567 qui
639 3497 720 3552 vel
744 3495 1004 3565 colaphos
1048 3495 1300 3564 accipere
1361 3510 1472 3550 non
1505 3494 1780 3556 dubitant.
1817 3505 1874 3549 ut
1905 3495 2076 3550 risum

516 3588 636 3643 aliis
659 3587 967 3657 moveant):
1027 3587 1332 3642 orationem
1369 3594 1517 3642 tuam
1570 3585 2082 3657 jnrisjurandilnco

519 3680 846 3736 mortalibus
872 3679 1147 3735 universis
1175 3677 1532 3735 suffecturam
1570 3678 1833 3733 arbitror.

1179 3769 1440 3825 LXXXII.
1494 3761 1504 3771 ’

588 3866 735 3922 Viris
768 3864 1107 3937 principibus
1143 3863 1289 3917 haud
1325 3846 2085 3930 male'conveniuntgravitas

521 3975 682 4032 atque
713 3955 1273 4030 magnificentia;sed
1327 3953 1607 4010 miscenda
1654 3954 1753 4009 tibi
1777 3969 1996 4024 semper
2035 3953 2084 4007 ei

520 4051 737 4124 frigori,
769 4050 915 4120 quod
938 4048 1117 4104 inesse
1151 4045 1404 4115 gravitati
1438 4045 1655 4100 videtur
1683 4053 1810 4116 apta
1837 4045 2083 4112 quredam

522 4146 801 4201 suavitas:
836 4151 890 4198 et
921 4141 1226 4204 severitati,
1252 4155 1373 4209 quae
1403 4137 1826 4206 magnificentia:
1868 4135 2087 4191 videtur

523 4236 726 4300 inesse,
766 4241 916 4302 grata
950 4231 1197 4300 quaedam
1229 4227 1568 4298 p0pularitas
1594 4244 1610 4281 :
1635 4235 1695 4280 ut
1727 4225 1812 4280 his
1869 4241 2089 4296 quoque

528 4328 689 4382 rebus
715 4325 946 4395 imperio
975 4332 1067 4378 tuo
1129 4323 1297 4376 decus
1349 4319 1638 4382 concilies,
1698 4325 1752 4372 et
1800 4319 2089 4374 audientes

527 4421 675 4475 dicto
697 4419 948 4472 subditos
980 4417 1033 4470 in
1075 4414 1141 4470 iis
1163 4414 1388 4479 habeas,
1424 4413 1611 4483 quaavi
1645 4412 1848 4468 mentis
1875 4411 2084 4481 Optime

529 4510 902 4583 perspexeris;
941 4507 1148 4575 absque
1179 4520 1288 4574 quo
1318 4504 1407 4568 sit,
1435 4503 1572 4558 nihil
1631 4503 1780 4558 utilis
1837 4504 1916 4558 rei
1971 4500 2088 4557 fieri

508 4603 745 4673 poterit.
775 4601 836 4656 Et
868 4616 933 4655 ex
968 4608 1092 4653 voto
1128 4611 1261 4652 sane
1288 4611 1375 4651 res
1415 4595 1512 4649 tibi
1539 4611 1646 4649 non
1679 4609 1869 4665 parum
1907 4608 2092 4650 succe-

528 4699 639 4763 det,
671 4695 718 4751 si
753 4694 1048 4765 benignum
1088 4700 1140 4745 et
1197 4687 1602 4744 formidabilem
1667 4689 1722 4741 in
1780 4701 1896 4751 eos,
1951 4699 2090 4755 quos

530 4787 802 4852 convenit,
836 4797 884 4840 te
913 4798 1092 4856 geres,
1124 4796 1225 4837 uec
1247 4781 1338 4850 jus
1371 4789 1522 4836 tuum
1559 4780 1612 4834 in
1639 4777 1897 4834 omnibus
1922 4792 2091 4832 accu-

533 4892 646 4936 rate
667 4877 960 4950 Spectabis,
987 4885 1041 4930 et
1074 4888 1266 4945 prenas
1295 4887 1403 4926 non
1435 4871 1503 4925 ab
1553 4870 1809 4925 omnibus
1866 4867 2089 4936 exiges:

466 4950 474 4956 ’
531 4971 767 5028 maxime
807 4984 957 5034 vero,
984 4968 1030 5024 si
1070 4982 1174 5021 non
1210 4964 1390 5020 minus
1415 4963 1595 5027 lactis,
1657 4977 1822 5032 quam
1881 4960 2092 5025 verbis,

533 5080 625 5119 eos
651 5063 1028 5134 persuadebis,
1048 5059 1253 5115 rectius
1280 5056 1401 5122 tibi,
1433 5070 1594 5126 quam
1612 5054 1878 5124 ipsismet.
1905 5068 2093 5108 eorum

532 5172 653 5211 esse
674 5164 956 5224 perspecta
987 5151 1296 5209 commoda.
1356 5148 1567 5218 Quippe
1605 5146 1650 5200 si
1704 5145 1952 5200 futurum
2003 5161 2099 5215 pa-

536 5250 728 5312 ruerit,
767 5259 825 5302 ut
851 5247 1074 5302 monitis
1108 5246 1218 5300 tuis
1257 5244 1726 5312 obtemperantes,
1793 5240 1912 5310 ejus
1969 5241 2101 5294 obe-

537 5339 756 5396 dientiae
789 5338 1025 5394 fructum
1069 5338 1263 5401 ferant,
1300 5337 1465 5391 etiam
1500 5334 1658 5389 factis
1694 5333 1948 5387 hortatus
1975 5340 2099 5386 tuos

540 5441 876 5487 antevertcre
918 5429 1234 5485 studebnnt.
1263 5425 1374 5482 Hoc
1407 5425 1656 5488 medicis,
1697 5423 1801 5478 hoc
1826 5421 2102 5494 guberna-

541 5524 771 5588 toribus,
798 5525 901 5576 hoc
925 5521 1239 5590 pastoribus
1285 5519 1534 5589 largitur,
1572 5515 1817 5571 utetiam
1872 5513 2101 5568 nutibus

541 5613 1063 5690 impellerepossint.
1143 5619 1146 5622 ’

1169 5700 1460 5757 LXXXIII.

615 5805 820 5861 llllilul‘i
853 5802 990 5860 nclis
1029 5800 1142 5868 ejus
1171 5797 1338 5854 animi
1365 5793 1568 5862 studia,
1599 5807 1756 5863 quem
1785 5807 1895 5848 non
1929 5805 2101 5858 amas,

2183 3220 2267 3290 (τὸ
2296 3219 2406 3291 γὰρ
2454 3223 2823 3290 προσωπεῖον,
2860 3221 3012 3290 καὶὴ
3043 3221 3248 3291 σκηνὴ,
3287 3220 3451 3288 μόλις
3503 3233 3604 3271 που
3637 3227 3754 3277 συγ·

2180 3312 2435 3383 χωρητέα
2475 3311 2862 3380 γελωτοποιοῖς
2911 3312 3258 3383 ἀνθρώποις,
3292 3313 3346 3365 οἳ
3389 3310 3484 3365 καὶ
3521 3307 3608 3361 ἐπὶ
3639 3303 3749 3373 κόῤ-

2183 3405 2285 3474 ρης
2315 3402 2663 3475 ῥαπίζονται,
2709 3401 2849 3456 ὥστε
2883 3403 3010 3466 τοὺς
3057 3403 3260 3467 ἄλλους
3303 3397 3580 3466 γελάσαι),
3609 3389 3746 3463 οἶμαί

2184 3513 2267 3548 σοι
2298 3496 2392 3548 καὶ
2433 3495 2592 3564 λόγον
2625 3492 2744 3550 ἀνθ’
2796 3495 2962 3564 ὅρκου
3004 3496 3141 3566 πρὸς
3195 3497 3461 3556 ἅπαντας
3515 3488 3745 3560 ἀρκέσειν

2184 3589 2525 3660 ἀνθρώπους.

2907 3765 3032 3822 UB’.

2259 3861 2536 3932 Σεμνότης
2564 3861 2661 3916 καὶ⁸
2693 3859 3141 3932 μεγαλοπρέπεια
3169 3855 3446 3927 ἡγεμόσιν
3481 3851 3578 3906 ούκ
3607 3844 3734 3914 ἀπᾷο

2187 3957 2286 4009 δει.
2317 3957 2408 4007 Δεῖ
2454 3971 2513 4007 σε
2549 3953 2604 4007 δὲ
2639 3954 2834 4023 κιρνᾷν
2871 3952 2960 4006 ἀεὶ
3013 3951 3108 4004 τοῦ
3163 3951 3268 4018 μὲν
3312 3945 3512 4016 σεμνοῦ
3564 3943 3626 4010 τῇ
3657 3937 3730 3988 δο-

2189 4047 2361 4118 κούσῃ
2395 4046 2698 4117 ψυχρότητι
2727 4045 2828 4115 τὴν
2875 4044 3211 4114 γιγνομένην
3260 4041 3518 4114 ήδύτητα,
3567 4031 3655 4087 τοῦ
3685 4027 3731 4080 δὲ

2195 4136 2652 4209 μεγαλοπρεποῦς
2695 4135 2772 4207 τῷ
2815 4133 3115 4206 ἁμειλίκτῳ
3162 4133 3414 4188 δοκοῦντι
3466 4122 3726 4181 κοινωνίαν

2191 4231 2527 4300 χαρίεσσανο
2571 4228 2721 4291 ὅπως
2768 4227 2984 4296 φαίνοιο
3013 4226 3104 4279 καὶ
3142 4227 3323 4280 τοῖσδε
3374 4222 3596 4294 πρέπων
3618 4219 3729 4300 ἡγξ·

2195 4297 2376 4391 ibi”:
2411 4317 2506 4372 καὶ
2538 4320 2728 4390 σχοῐης
2773 4336 2837 4387 γε
2871 4320 2997 4381 τοὺς
3037 4318 3143 4372 ὑπὸ
3175 4319 3238 4371 σὲ
3274 4315 3635 4383 πειθομένους.
3657 4297 3722 4363 οἷς

2196 4411 2261 4466 ἂν
2294 4412 2368 4473 ὡς
2399 4413 2598 4482 ἄριστα
2623 4411 2810 4480 γνοίης
2836 4426 2852 4442 ο
2888 4405 2947 4465 οὗ
2977 4411 3145 4480 χωρὶς
3175 4411 3326 4464 οὐδὲν
3359 4407 3472 4461 ἐστι
3500 4395 3723 4470 γενέσθαι

2198 4506 2304 4557 τῶν
2337 4505 2532 4572 ὀνῆσαι
2574 4503 2911 4572 δυναμένων.
2953 4501 3157 4555 Τούτου
3185 4500 3243 4553 δέ
3276 4494 3524 4566 ἐπιτυχὴς
3555 4489 3614 4543 ἂν
3641 4483 3716 4572 γέ·

2196 4613 2328 4660 νοιο,
2360 4569 2459 4665 ούγ
2499 4569 2834 4666 ἦκιστανμὲν
2878 4593 2952 4646 ῶν
2982 4593 3220 4663 χρηστὸς
3265 4593 3360 4645 καὶ
3404 4583 3614 4658 φοϐερὸς
3654 4569 3722 4635 οἷς

2195 4688 2488 4758 προσήκει,
2523 4688 2617 4739 καὶ
2669 4687 2742 4757 μὴ
2788 4686 2849 4739 τὸ
2893 4685 3093 4740 σαυτοῦ
3148 4685 3364 4738 σκοπῶν
3404 4673 3626 4749 ἀκριϐῶς
3668 4668 3713 4758 ἐν

2195 4757 2388 4843 ἅπασι,
2422 4781 2515 4832 καὶ
2552 4779 2710 4843 δίκας
2735 4780 2794 4832 οὐ
2833 4779 2987 4848 παρὰ
3031 4777 3252 4831 πάντων
3289 4772 3596 4844 λαμὸάνων·
3629 4757 3716 4828 ρά⁶

2189 4857 2353 4926 λιστα
2380 4873 2458 4938 δέ,
2491 4873 2540 4925 εί
2575 4872 2788 4935 πείθεις
2833 4872 3031 4934 αὐτοὺς
3070 4871 3251 4942 ἔργοις
3293 4869 3388 4936 οὐχ
3416 4859 3562 4936 ἦττον
3586 4854 3614 4924 ἢ
3642 4849 3710 4902 λό’

2198 4980 2341 5032 γοις,
2371 4964 2446 5028 ὼς
2474 4965 2561 5035 ἄρ’
2597 4965 2821 5016 ἐκείνων
2864 4963 3088 5032 ἄμεινον
3119 4962 3180 5014 τὸ
3213 4959 3432 5014 ἐκείνων
3473 4944 3711 5019 συμφέρον

2199 5056 2505 5110 ἐπίστασαι.
2546 5055 2756 5124 Σαφοῦς
2789 5055 2898 5126 γὰρ
2935 5054 3220 5124 γεγονότος
3271 5051 3486 5110 ἐκείνου,
3517 5041 3583 5103 ὡς
3610 5049 3705 5126 πειῗ

2202 5148 2455 5218 θεμένοις
2487 5165 2570 5201 σοι
2627 5121 2984 5218 παραινοῦντι
3012 5121 3074 5200 εὖ
3121 5146 3187 5201 ἂν
3237 5145 3385 5215 σχοίη
3429 5128 3638 5192 τουτοισὶ
3658 5121 3706 5175 τδ

2203 5241 2517 5304 πεπεῖσθαι,
2549 5241 2752 5311 φθάσαι
2784 5258 2880 5293 σου
2907 5242 3005 5304 τὰς
3036 5240 3382 5309 παραινέσεις
3411 5228 3701 5318 ὲθελήσουςιν

2203 5333 2406 5404 ἔργοις.
2457 5333 2627 5386 Τοῦτο
2682 5333 2909 5402 ίατροῖς,
2958 5331 3119 5384 τοῦτο
3171 5327 3529 5400 κυῦερνήταιςν
3575 5321 3701 5366 “Vw

2205 5426 2430 5496 ποιμέσι
2455 5424 2639 5479 δίδωσι
2668 5424 2728 5478 τὸ
2755 5426 2849 5479 καὶ
2878 5426 2992 5488 τοῖς
3026 5423 3291 5494 νεύμασιν
3320 5421 3476 5487 ἄγειν.

2931 5694 3057 5748 Ili".

2279 5786 2385 5853 Ἧς
2439 5787 2534 5850 μὲν
2595 5789 2861 5876 ούκιέρᾷς
2894 5767 3093 5860 ψυχῆς,
3143 5784 3218 5852 ὡς
3253 5783 3352 5840 οὐκ
3400 5773 3578 5841 ἐρώσης
3612 5753 3694 5811 τῶν

2394 6545 2481 6640 Ἰ
2521 6545 2530 6640 |
