3978 6576
166 407 302 468 257τῖ
1193 409 1600 473 ΓΗᾸΞΟΕΡΤΛ
1642 409 1810 471 ΕΒΗ(

1920 410 2166 472 ΓΙΟΝΙΞ
2204 411 2487 473 REGL’E.
3370 411 3485 471 574

169 521 431 588 καλῶν,
477 521 688 593 ταύτης
723 523 796 594 μὴ
826 523 998 594 μιμοῦ
1024 522 1094 577 τὰ
1124 525 1534 596 ἐπιτηδεύματα
1555 545 1568 559 ·
1673 525 1718 578 δ’
1745 518 1810 578 αὖ

1920 524 2062 578 velut
2094 524 2449 578 honestarum
2506 535 2689 578 rerum
2751 520 2973 578 minime
3028 523 3356 579 studiosum.
3415 527 3486 576 At

181 615 500 670 σύνοισθα
542 615 746 683 ἀγαθὰ,
797 616 953 686 τήνδε
1002 616 1193 687 ζήλου.
1228 617 1446 672 Μᾶλλον
1491 617 1570 680 δὲ,
1617 616 1808 686 ἐπειδὴ

1920 617 2074 685 cujus
2099 615 2194 670 tibi
2228 615 2456 691 virtutes
2488 625 2632 671 nota:
2657 623 2808 679 sunt,
2852 630 2978 672 eum
3030 618 3312 670 mnttlare.
3368 614 3485 670 [mo

187 708 427 778 μηδεὶς
485 707 792 778 ἀνθρώπων
825 709 977 762 ἔστὶν
1025 709 1058 779 ἢ
1116 709 1276 763 πάνθ’
1316 709 1453 778 ὁμοῦ
1503 707 1806 778 τάγαθὰ,ἢ

191 799 406 869 μηδὲν
436 815 495 851 τι
548 797 911 868 κεκτημένος,
947 799 1042 853 καὶ
1091 797 1271 850 ἔνεστί
1312 815 1417 851 που
1464 797 1558 850 καὶ
1602 795 1808 865 φαῦλον

193 891 403 959 ἄνδρα
435 889 676 960 χρηστὸν
722 889 879 957 λόγον
926 891 1123 952 ειπείν,
1159 888 1251 941 καὶ
1296 886 1614 941 τούναντίον
1648 883 1808 952 γενέ·

204 983 381 1046 σθαι,
411 984 668 1050 κρεῖσσον
697 981 906 1034 είπόντι
961 980 1130 1034 καλὸν
1161 980 1472 1049 πεισθῆναι,
1505 977 1611 1032 κᾶν
1665 977 1810 1030 ἐκεῖ·

209 1091 310 1134 νος
343 1073 453 1125 οὐκ
479 1072 810 1143 ἐργάζηται,
849 1073 881 1141 ἢ
918 1073 1087 1126 τᾶλλα
1119 1073 1218 1142 μὲν
1247 1069 1362 1125 om
1387 1069 1632 1142 χρηστῷ,
1667 1069 1808 1138 φαῦ-

1915 709 2124 779 potius,
2163 723 2286 762 cum
2324 709 2576 763 mortalis
2603 723 2765 763 nemo
2793 708 2887 772 sit,
2934 708 2988 762 in
3027 722 3136 778 quo
3172 707 3254 762 vel
3284 717 3482 761 cuncta

1913 800 2077 855 simul
2109 800 2218 855 sint
2255 801 2414 865 bona,
2451 800 2535 856 vel
2578 801 2804 855 omnino
2832 801 3066 865 nullum,
3099 815 3336 869 cumque
3359 801 3478 854 fieri

1914 892 2114 960 possit,
2140 901 2200 945 ut
2223 891 2305 944 vir
2329 892 2509 948 malus
2544 893 2826 965 egregium
2854 893 3084 948 verbum
3123 891 3390 962 proferat,
3421 906 3486 946 ac

1914 981 2034 1037 vice
2065 997 2220 1039 versa
2256 1000 2270 1038 :
2303 992 2525 1054 praestat
2553 985 2600 1039 ei
2626 999 2842 1056 parere,
2876 985 2966 1056 qui
2997 984 3125 1040 boni
3149 985 3280 1054 quid
3300 994 3487 1053 protu-

1914 1075 1998 1141 lit,
2030 1075 2246 1130 tametsi
2280 1076 2460 1131 verbis
2492 1076 2634 1133 facta
2685 1093 2797 1132 non
2862 1077 3264 1147 respondeant,
3317 1091 3482 1147 quam

1915 1166 2126 1220 homini
2157 1168 2451 1237 caeteroqui
2487 1167 2652 1235 bono,
2678 1169 2774 1223 sed
2805 1168 2897 1238 qui
2931 1168 3060 1222 mali
3081 1167 3208 1236 quid
3235 1182 3484 1232 pronun-

1912 1257 2090 1322 tiavit,
2121 1259 2400 1333 assentiri.
2423 1257 2624 1314 Malum
2665 1259 2798 1329 quid
2823 1269 2909 1314 est
2940 1259 3224 1314 contentio
3276 1267 3332 1313 et
3388 1256 3486 1310 παι

1912 1351 2156 1406 versatio
2187 1368 2202 1406 :
2227 1354 2458 1418 malum,
2489 1366 2683 1409 omnes
2705 1352 2883 1423 sequi,
2901 1351 3063 1418 flecti,
3090 1351 3310 1406 levitate
3328 1364 3486 1404 men-

1914 1439 1986 1495 tis
2019 1440 2244 1510 impelli.
2281 1441 2493 1496 Distant
2519 1441 2632 1496 htec
2665 1441 2886 1512 quidem
2927 1456 2958 1495 a
3005 1455 3066 1495 se
3117 1439 3353 1494 invicem
3418 1452 3487 1491 ex

1914 1532 2223 1601 intervallo,
2264 1535 2357 1590 sed
2394 1535 2558 1590 ambo
2614 1534 2916 1604 perniciem
2978 1533 3218 1588 afferunt
3280 1529 3483 1596 iis,,in

1913 1626 2114 1698 quibus
2139 1627 2430 1684 exsistunt.
2462 1627 2531 1681 At
2560 1625 2904 1682 orationibus
2968 1623 3165 1680 cedere
3218 1623 3401 1686 bonis,
3453 1633 3484 1673 a

207 1167 313 1218 λον
381 1164 430 1218 δ’
481 1165 691 1218 εἰπόντι
742 1164 1053 1218 συνθέσθαι.
1109 1164 1295 1218 Κακὸν
1344 1165 1377 1234 ἡ
1423 1164 1540 1234 ἔρις
1603 1163 1697 1217 καὶ
1746 1163 1809 1216 τὸ

204 1259 528 1312 ἀντίτυπον
549 1272 568 1288 ⁶
605 1258 777 1312 κακὸν
810 1258 872 1311 τὸ
913 1259 1082 1311 πᾶσιν
1114 1256 1455 1321 ἀκολουθεῖν,
1484 1259 1666 1312 καὶτὸ
1699 1274 1807 1323 μα-

203 1348 526 1402 λάττεσθαι
551 1365 633 1414 τε,
664 1351 762 1402 καὶ
787 1348 1046 1402 ῑλκεσθαι
1069 1347 1164 1402 νοῦ
1206 1349 1522 1419 χαυνότητι.
1563 1350 1656 1402 Ἐκ
1683 1349 1804 1404 ota-

205 1442 438 1511 μέτρου
483 1443 587 1511 μὲν
637 1443 797 1496 ταυτὶ
849 1441 1113 1512 διέχετον,
1163 1441 1336 1512 ἄμφω
1381 1441 1438 1494 δὲ
1487 1441 1638 1512 λύμη
1693 1444 1806 1507 τοῖς

202 1536 618 1604 κεκτημένοις.
660 1536 736 1590 Τὸ
776 1537 823 1590 δ’
855 1539 1028 1592 εῖκειν
1078 1538 1260 1606 λόγοις
1293 1539 1541 1607 ἀγαθοῖς,
1589 1537 1712 1592 ὅθεν
1741 1539 1806 1594 ἄν

203 1645 358 1681 ποτε
391 1629 665 1696 λέγοιντο,
701 1631 864 1684 τοῦτο
896 1631 954 1685 δὲ
1000 1632 1168 1697 μέσον
1193 1632 1359 1698 ἐστὶν,
1402 1632 1647 1704 ἔντορνον
1685 1632 1807 1686 ὅλον

202 1720 496 1790 ὰκριόὦς,
539 1722 676 1793 μηδὲ
707 1722 784 1794 τῷ
813 1723 992 1794 μώμῳ
1026 1723 1198 1795 λαϐὴν
1226 1724 1493 1796 παρέχον.
1526 1725 1671 1795 Πρὸς
1695 1723 1806 1795 γὰρ

1920 1735 2242 1792 quocunque
2267 1720 2484 1776 tandem
2531 1717 2908 1790 proferantur,
2947 1717 3000 1772 id
3021 1732 3148 1772 vero
3177 1723 3232 1772 et
3260 1715 3485 1788 politis-

204 1815 310 1866 τὸν
343 1816 625 1884 φεύγοντα
670 1816 768 1881 τὰς
799 1819 1110 1888 ἀκρότητας
1146 1818 1272 1888 μηδ’
1311 1817 1377 1872 ἂν
1407 1819 1618 1871 ἐκεῖνον
1650 1814 1805 1888 οἶμαι

1920 1813 2116 1868 simum
2154 1814 2316 1886 plane
2346 1812 2602 1883 quiddam
2649 1820 2754 1876 est,
2786 1825 2851 1866 ac
2905 1825 2975 1866 ne
3021 1808 3202 1864 Momo
3260 1811 3484 1880 quidem

203 1897 634 1977 ’ἀναισχυντεῖν.
677 1911 784 1963 Καὶ⁵
821 1911 1099 1983 πανταχοῦ
1127 1911 1184 1966 δὶ
1226 1911 1510 1982 χρώμενον
1546 1914 1668 1975 ταῖς
1703 1929 1802 1982 με-

1920 1907 2007 1978 psi
2032 1904 2476 1976 reprehensionis
2510 1918 2702 1959 ansam
2732 1903 2957 1974 praebet.
2991 1900 3207 1972 Quippe
3232 1917 3299 1958 ne
3341 1901 3487 1958 hunc

213 2000 442 2070 σότησι,
502 1999 716 2068 φαίνοιο
765 2001 832 2056 ἂν
873 2006 994 2068 ταῖς
1027 2006 1251 2072 ἀρεταῖς
1299 2004 1602 2077 χρώμενος.
1639 2005 1807 2076 Ὅρος

1920 1997 2130 2069 quidem
2153 1997 2392 2052 arbitror
2418 1995 2767 2068 impudenter
2795 1995 3066 2050 adversus
3113 1993 3266 2048 illum
3296 2009 3484 2065 agere,

211 2092 333 2163 γὰρ
361 2093 554 2148 αὐτῶν
594 2096 652 2148 τδ
682 2095 850 2165 μέσον
873 2097 1052 2166 ἔδοξεν
1083 2093 1247 2153 εἶναι.

1920 2088 2004 2157 qui
2024 2088 2405 2142 extremitates
2425 2087 2580 2142 vitat.
2619 2086 2863 2157 Denique
2891 2085 2940 2140 si
2987 2085 3166 2140 media
3211 2083 3378 2140 rebus
3431 2086 3486 2141 in

1909 2175 2166 2234 omnibus
2193 2179 2540 2250 amplecteris
2576 2179 2830 2235 virtutes.
2885 2176 3021 2232 Nam
3051 2193 3242 2233 earum
3281 2177 3480 2232 finitiov

1909 2285 2034 2326 uem
2070 2271 2276 2341 placuit
2304 2287 2371 2328 ex
2400 2286 2488 2340 eo,
2513 2273 2662 2342 quod
2712 2272 2952 2328 medium
2991 2271 3086 2338 sit,
3125 2270 3484 2328 constituere.

957 2386 1082 2442 ΠΝ.

2557 2384 2842 2442 LXXXIV.

283 2496 527 2553 Ἥκιστ’
555 2498 622 2552 ἂν
652 2499 944 2570 ἁρμόσειε-ι
967 2501 1334 2574 αὐτοκράτορι
1359 2502 1391 2575 ἢ
1420 2503 1640 2575 βουλαῖς
1677 2503 1809 2558 ὐπο-

204 2593 514 2662 τετάχθαι,
539 2592 615 2655 ὡς
639 2593 730 2660 ὑφ’
754 2593 1057 2664 ἁρμοσταῖς
1092 2595 1283 2648 ἑαυτὸν
1317 2597 1581 2664 ποιοῦντι,
1607 2597 1640 2669 ἦ
1665 2613 1808 2650 τισιν

206 2685 538 2751 ἀξιολόγοις
561 2685 886 2755 ἐπιχειρεῖν,
917 2687 992 2756 μὴ
1025 2687 1208 2750 καλῶς
1240 2687 1682 2760 βεδουλευμένῳ,
1713 2689 1810 2744 καὶ

207 2779 320 2839 τὰς
357 2777 591 2845 γνώμας
634 2777 812 2846 ἔχοντι
869 2778 978 2830 τῶν
1023 2780 1346 2846 φιλούντων.
1404 2781 1730 2834 Βουλευτέον
1761 2780 1808 2835 δ’

212 2873 294 2926 ἂν
323 2872 416 2938 εἴη
452 2869 512 2923 τὸ
567 2871 694 2942 μήτ’
742 2871 1004 2924 ἀδύνατον
1049 2871 1237 2935 καλὸν,
1268 2873 1407 2942 μήτε
1439 2873 1662 2943 εὐχερὲς
1708 2874 1808 2943 μὲν

213 2963 572 3034 πραχθῆναι,
600 2964 770 3017 κακὸν
796 2965 871 3030 δὲ,
903 2967 1041 3034 μήτε
1079 2983 1130 3019 τι
1158 2965 1268 3019 τῶν
1302 2965 1616 3029 ἀναγκαίως
1645 2967 1808 3035 ἐπερι

217 3058 484 3126 χομένων
507 3071 520 3086 °
567 3056 687 3110 ἀλλ’
719 3056 748 3110 δ
786 3058 1026 3126 σπουδῆς
1057 3058 1150 3112 καὶ⁵
1185 3059 1499 3130 φρονήσεως
1532 3057 1694 3129 ἔργον
1724 3057 1806 3127 ὃν,

1920 3055 2036 3127 quid
2069 3054 2264 3111 eﬂ'ectu
2297 3055 2474 3120 facile,
2512 3054 2609 3110 sed
2662 3055 2892 3118 malum,
2916 3070 3016 3110 nec
3065 3052 3333 3125 quidquid
3392 3068 3486 3107 ne-

219 3153 421 3218 όνὴσει
449 3164 512 3215 γε
565 3147 747 3212 καλῶς
783 3147 1058 3219 πραχθέν·
1094 3149 1185 3203 καὶ
1227 3149 1302 3220 μὴ
1335 3148 1599 3220 πραχθὲν,
1629 3147 1663 3220 ἢ
1706 3166 1808 3204 κα·

1920 3147 2148 3203 tessario
2173 3155 2390 3202 constat
2439 3155 2761 3203 eventurum
2806 3166 2823 3206 :
2854 3145 2948 3202 sed
2977 3145 3120 3218 quod
3146 3161 3270 3201 cunt
3303 3146 3485 3201 studio

224 3241 370 3307 κῶς,
424 3239 630 3309 ζημίαν
675 3240 1200 3310 ὲνεγκεῖνδύναται.
1244 3241 1441 3304 Καλῶς
1471 3241 1527 3296 δὲ
1575 3239 1641 3295 ἂν
1685 3240 1803 3294 τότε

1920 3241 2313 3312 prudentiaque
2335 3239 2521 3310 perﬁci
2557 3239 2760 3310 possit,
2786 3247 2934 3294 recte
2957 3237 3162 3294 factum
3189 3237 3482 3303 conducet,

229 3331 530 3402 πραχθείη,
566 3327 758 3406 ὅτανῇ
815 3331 934 3400 μεθ’
966 3332 1160 3386 ἑαυτοῦ
1212 3333 1553 3402 κεκτημένον
1599 3331 1806 3386 τούτων

1920 3347 1975 3387 ac
2011 3347 2116 3386 non
2145 3331 2346 3385 factum
2369 3331 2450 3387 vel
2472 3330 2674 3386 factum
2702 3330 3261 3396 male,detrimentum
3290 3328 3486 3386 afferre

137 3426 162 3434 “
232 3427 298 3494 δὴ
328 3424 439 3478 τῶν
473 3424 706 3477 τελικῶν
737 3424 1088 3495 καλουμένων
1118 3424 1442 3497 ὁλόκληρον,
1481 3425 1529 3479 εί
1558 3424 1803 3491 δυνατὸν,

1920 3426 2130 3494 poterit.
2153 3421 2308 3478 Tunc
2339 3433 2518 3479 autem
2543 3432 2691 3480 recte
2718 3421 2920 3478 factum
2951 3423 3076 3490 erit,
3096 3439 3221 3478 cum
3249 3423 3482 3496 integre,

232 3521 335 3587 τὴν
382 3517 585 3583 έξάδα’
634 3519 683 3570 εί
713 3518 770 3571 δὲ
817 3517 911 3587 μὴ,
955 3517 1024 3571 τὰ
1067 3517 1243 3571 πλείω
1285 3517 1514 3583 τούτων,
1551 3516 1584 3586 ἢ
1638 3518 1706 3571 τὰ
1745 3534 1806 3586 γε

1920 3515 1960 3571 si
2007 3516 2120 3570 ﬁeri
2162 3515 2386 3586 poterit,
2423 3530 2517 3571 sex
2549 3515 2668 3570 illas
2705 3515 2965 3583 virtutes,
2999 3532 3140 3586 quas
3199 3527 3481 3571 extremas

235 3609 473 3679 κρείττω
533 3608 628 3660 καλ⁸
681 3605 1008 3676 τελεώτερα.
1062 3607 1244 3661 Καλὸν
1294 3607 1350 3660 δὲ
1400 3605 1497 3660 καὶ
1552 3606 1660 3675 πρὸ
1705 3605 1808 3675 τῆς

1920 3618 2136 3679 vocant,
2156 3609 2493 3665 continebit:
2514 3609 2598 3664 sin
2633 3617 2842 3674 autem,
2860 3609 2947 3663 vel
2979 3611 3238 3682 majorem
3265 3609 3480 3664 illarum

237 3703 429 3774 χρείας
461 3699 815 3772 βουλεύεσθαι
836 3716 851 3729 ·
883 3699 960 3762 ὡς
986 3700 1053 3770 ἢν
1077 3697 1274 3770 ἐπείγῃ
1303 3699 1362 3751 τὸ
1395 3697 1805 3768 βουλευόμενον,

1920 3711 2146 3771 partem,
2166 3703 2250 3756 vel
2277 3701 2684 3772 prmstantiores
2711 3708 2876 3771 atque
2902 3701 3278 3769 perfectiores.
3305 3700 3482 3754 Etiam

242 3795 484 3866 ταραχῆς
531 3794 630 3858 τὰς
663 3792 904 3857 διανοίας
951 3793 1243 3863 ἐμπιπλῶν
1274 3790 1523 3862 ἐμποδὼν
1569 3789 1700 3844 αὐτὸ
1726 3787 1808 3856 γί-

1920 3795 2118 3849 bonum
2145 3803 2250 3857 est,
2281 3793 2708 3849 deliberationes
2741 3794 2915 3863 prius,
2965 3809 3132 3864 quam
3191 3792 3264 3848 sit
3314 3807 3479 3859 opus,

244 3903 389 3940 νεται
422 3887 486 3957 τῇ
519 3884 700 3952 οἰκεία
723 3882 1035 3956 διορθώσει.

1986 2503 2238 2562 Decuerit
2255 2503 2680 2575 haudquaquam
2708 2501 3116 2570 imperatorem,
3137 2499 3220 2555 vel
3236 2496 3482 2554 consiliis

1907 2599 2105 2654 alienis
2132 2612 2253 2654 esse
2281 2597 2614 2668 subjectum,
2657 2592 2817 2665 quasi
2864 2591 3306 2646 moderatoribus
3360 2605 3484 2648 sese

1909 2688 2343 2753 submittentem,
2365 2686 2450 2742 vel
2471 2683 2706 2756 alicujus
2727 2683 2988 2739 momenti
3015 2697 3104 2738 res
3126 2681 3305 2764 moliri
3331 2683 3484 2751 prius

1908 2795 2072 2852 quam
2105 2789 2254 2835 recte
2283 2777 2697 2843 consultaverit,
2733 2790 3038 2846 eorumque
3095 2773 3422 2838 sententias,
3454 2787 3484 2827 a

1907 2874 2106 2944 quibus
2130 2871 2398 2940 diligitur,
2420 2869 2704 2926 habeat.ln
2734 2867 3194 2925 consultationem
3232 2881 3360 2922 vero
3388 2865 3484 2920 de-

1907 2964 2239 3030 ducendum,
2274 2979 2374 3019 nec
2405 2963 2634 3030 bonum,
2671 2962 2819 3034 quod
2852 2963 2969 3017 fieri
3025 2959 3239 3032 nequit,
3295 2975 3394 3016 nec
3437 2961 3482 3014 si

1917 3883 2167 3949 institui;
2195 3883 2417 3952 quippe,
2449 3882 2590 3950 quod
2622 3882 2675 3936 iu
2727 3883 3188 3939 consultationem
3236 3881 3406 3947 venit,
3435 3883 3482 3938 si

1916 3973 2148 4026 nimium
2197 3983 2403 4042 urgeat,
2438 3973 2841 4042 perturbatione
2905 3982 3119 4030 mentes
3169 3973 3380 4043 implet,
3430 3983 3484 4028 et

1916 4077 2026 4133 quo
2055 4061 2236 4118 minus
2261 4062 2446 4118 haberi
2483 4063 2780 4118 remedium
2814 4063 3005 4134 possit,
3036 4064 3280 4134 impedit.

957 4173 1084 4228 HE’.

328 4291 384 4344 '0
409 4289 663 4359 βασιλεὺς
709 4291 948 4358 ἐννόμως
991 4289 1123 4353 ζῶν,
1167 4288 1259 4342 καὶ
1287 4288 1474 4357 νόμοις
1503 4289 1652 4356 ἄγων
1684 4290 1810 4350 τοὺς

255 4381 548 4446 ὑπἀὐτδν,
581 4379 841 4444 καθάπαξ
899 4381 1143 4441 ἐναντίος
1198 4381 1315 4431 ἐστὶ
1360 4381 1473 4442 τοῖς
1525 4381 1810 4448 τυραννεῖν

255 4475 542 4534 ἐθέλουσιν,
573 4475 622 4527 οῖ
668 4474 835 4543 νόμον
865 4472 1218 4540 ἀπαράϐατον
1251 4472 1436 4541 έχουσι
1469 4473 1565 4536 τὰς
1600 4473 1810 4526 ἑαυτῶν

255 4569 454 4634 ἡδονάς.
506 4548 777 4620 Ἐοικέναι
811 4566 917 4634 γὰρ
967 4565 1116 4619 δοκεῖ
1146 4565 1206 4617 τὸ
1242 4564 1550 4632 βασιλεύειν
1585 4565 1664 4635 τῷ
1711 4582 1808 4616 τυ-

257 4661 480 4730 ραεινεῖν,
535 4659 860 4711 Διίστασθον
889 4656 948 4711 δὲ
983 4656 1249 4726 ἀλλήλων,
1307 4657 1432 4709 ὅσον
1475 4655 1585 4708 οὐδ’
1632 4658 1812 4708 εἰπεῖν

256 4751 491 4819 εὐχερές.
526 4749 617 4819 Τῷ
645 4749 742 4820 μὲν
774 4753 886 4820 γὰρ
927 4751 1176 4820 τυράννῳ
1207 4750 1268 4802 τὸ
1297 4747 1562 4802 δύνασθαι
1598 4749 1658 4800 τὸ
1687 4749 1815 4812 τοὺς

257 4843 342 4895 ὑπ’
374 4842 563 4910 ἐκείνῳ
619 4841 849 4911 χαυνοῦν
896 4843 1047 4894 ἐστι·
1084 4841 1191 4894 κᾶν
1231 4841 1386 4910 ίσχὺν
1433 4840 1713 4912 προσλάὄῃ
1761 4840 1816 4893 τὸ

258 4934 442 4996 κοινὸν,
482 4935 818 5004 ὀνειροπολεῖ
855 4933 957 5004 τὴν
983 4932 1148 4988 αὐτοῦ
1179 4934 1506 5004 καθαίρεσιν
1525 4950 1539 4965 ’
1567 4933 1596 4985 ό
1617 4933 1662 4986 δ’
1687 4933 1817 5002 ἁλη-

261 5026 356 5088 (irit;
387 5025 641 5096 βασιλεὺς
670 5029 781 5089 τοῖς
826 5026 1285 5096 ὑποταττομένοις
1318 5027 1367 5078 oi
1407 5025 1662 5096 πλήθεσι,
1711 5041 1816 5079 πα-

261 5117 391 5187 τρδς,
422 5118 701 5186 ποιμένος,
733 5117 941 5188 ἰατροῦ,
966 5117 1310 5183 διδασκάλου,
1340 5117 1434 5170 καὶ
1466 5117 1520 5170 εῖ
1540 5134 1594 5169 τι
1623 5115 1811 5186 σχῆμα

261 5212 466 5265 δύναται
513 5209 732 5274 σώζειν,
774 5213 938 5263 τόπον
993 5209 1182 5274 σώζων
1227 5209 1514 5279 τυγχάνει.
1557 5210 1814 5278 Νομίζων

261 5305 311 5357 δὲ
333 5306 382 5357 ἐν
411 5301 488 5373 τῷ
518 5302 683 5368 κοινῷ
717 5301 1069 5356 συνίστασθαι
1105 5302 1348 5354 τόκείνου
1389 5303 1690 5373 συμφέρον,
1723 5301 1814 5355 καὶ

265 5397 466 5468 Χριστῷ
496 5396 780 5461 διακονῶν,
815 5397 910 5449 καὶ
942 5395 1276 5466 μιμούμενος
1311 5395 1474 5449 αὐτὸν
1507 5396 1709 5466 μᾶλλον
1737 5394 1814 5468 τῷ

263 5489 574 5560 διικονεῖνῆ
621 5488 699 5559 τῷ
750 5488 960 5560 ἄρχειν,
1018 5489 1196 5560 χαίρει
1241 5489 1468 5561 βελτιῶν
1493 5489 1592 5560 τὴν
1638 5488 1816 5561 ἀρχὴν

265 5585 358 5635 τῶν
411 5580 807 5653 βελτιουμένουί
853 5581 1098 5653 ἄμεινον.
1152 5581 1296 5654 Είής⁸
1337 5599 1428 5651 μοι
1473 5581 1732 5647 τοιοῦτος,
1772 5574 1818 5635 ὦ

268 5675 496 5744 φίλτατε.

2566 4173 2827 4229 LXXXV.

1989 4285 2054 4340 Ει
2075 4286 2193 4357 ipse
2216 4284 2515 4340 secundum
2536 4285 2688 4356 leges
2745 4285 2958 4350 vivens,
3007 4295 3062 4342 et
3106 4287 3360 4345 subditos
3415 4303 3484 4344 ex

1918 4379 2096 4449 legum
2122 4378 2440 4448 praascripto
2466 4377 2774 4448 gubernans
2799 4393 2919 4442 rex,
2949 4380 3112 4450 plane
3138 4381 3399 4438 diversus
3418 4383 3490 4438 ab

1917 4473 1982 4527 iis
2011 4480 2115 4547 est,
2149 4472 2242 4542 qui
2278 4471 2620 4543 tyrannidem
2663 4486 2923 4527 exercere
2982 4475 3174 4529 volunt
3205 4492 3221 4542 ;
3285 4491 3488 4530 unam-

1918 4581 2025 4635 que
2052 4561 2220 4634 legem
2257 4563 2623 4618 inviolabilem
2650 4564 2871 4630 habent,
2899 4579 3031 4622 suas
3065 4566 3326 4622 nimirum
3361 4568 3486 4624 libi—

1918 4659 2098 4712 dines.
2123 4653 2259 4709 Nam
2291 4656 2538 4725 quaedam
2564 4655 2706 4709 inter
2735 4655 2946 4726 regium
3012 4658 3374 4727 dominatum,
3435 4670 3490 4716 et

1919 4749 2286 4831 tvrannidem,
2313 4764 2433 4806 esse
2471 4749 2768 4804 similitudo
2800 4749 3016 4805 videtur
3042 4768 3056 4806 :
3082 4753 3175 4806 sed
3211 4762 3424 4807 tantum
3458 4769 3487 4808 a

1919 4859 1980 4898 se
2003 4843 2232 4896 invicem
2271 4840 2610 4912 discrepant,
2673 4851 2942 4911 quantum
2975 4857 3043 4895 ne
3090 4842 3323 4898 dicendo
3366 4844 3490 4912 qui-

1920 4935 2042 4989 dem
2069 4933 2332 5004 explicari
2366 4931 2524 4988 facile
2546 4942 2745 5003 potest.
2775 4934 3062 5001 Tyrannus
3099 4934 3153 4989 in
3201 4950 3267 4990 eo
3297 4946 3491 5006 poten-

1923 5027 2052 5080 tiam
2085 5039 2240 5080 suam
2269 5026 2427 5080 sitam
2453 5034 2630 5090 putat.
2661 5025 2706 5078 si
2726 5037 2857 5078 suos
2887 5023 3002 5092 ipse
3037 5021 3289 5081 subditos
3331 5025 3489 5080 debi-

1923 5115 2080 5181 litet;
2119 5131 2184 5170 ac
2211 5115 2256 5170 si
2299 5131 2385 5170 res
2418 5116 2634 5184 publica
2690 5115 2859 5170 robur
2921 5115 3146 5184 aliquod
3215 5119 3485 5189 acquirat,

1923 5209 2264 5264 eversionem
2286 5207 2533 5276 protinus
2561 5207 2675 5276 ipse
2697 5221 2852 5262 suam
2882 5207 3140 5263 somniat.
3195 5210 3366 5268 Verus
3390 5227 3490 5268 au-
3561 5245 3565 5250 τ

1924 5310 2032 5356 tem
2074 5315 2167 5354 rex
2195 5314 2324 5369 erga
2351 5299 2627 5369 subjectos
2656 5299 2761 5354 sibi
2816 5301 3068 5370 populos,
3129 5305 3325 5374 patris,
3391 5322 3494 5378 pa.

1924 5393 2111 5454 storis,
2150 5392 2372 5456 medici,
2402 5392 2666 5458 doctoris,
2697 5403 2750 5448 et
2777 5395 2820 5450 si
2854 5411 2960 5465 qua
2991 5397 3153 5453 saluti
3206 5398 3492 5454 consulere

1923 5465 2154 5556 persona
2195 5491 2392 5554 potest,
2417 5482 2537 5553 ejus
2579 5485 2755 5541 locum
2791 5487 3020 5544 obtinet.
3062 5488 3310 5560 Cumque
3337 5505 3492 5545 com-

1929 5575 2148 5630 modum
2173 5590 2333 5630 suum
2374 5575 2645 5632 contineri
2699 5578 2919 5648 publico
2980 5590 3151 5650 putet,
3201 5589 3257 5635 et
3286 5579 3492 5635 Christi

1929 5668 2178 5724 minister
2205 5669 2294 5731 sit,
2322 5677 2377 5724 et
2399 5671 2575 5740 magis
2618 5669 2771 5726 illum
2832 5673 3076 5728 imitetur
3124 5671 3494 5735 iuserviendo,

269 5781 411 5839 quam
435 5766 753 5835 imperando
781 5783 796 5823 :
824 5767 944 5838 plus
990 5769 1291 5839 voluptatis
1339 5767 1510 5839 capit,
1581 5779 1808 5839 regnum
1850 5763 2048 5821 melius
2071 5762 2373 5829 efﬁciendo,
2415 5777 2579 5835 quam
2619 5763 2719 5832 illi,
2754 5764 2818 5820 ad
2847 5779 2986 5838 quos
3041 5764 3161 5834 ejus
3232 5762 3310 5819 rei
3371 5761 3491 5818 fru-

274 5869 378 5913 etus
405 5860 669 5930 pervenit.
699 5857 848 5917 Talis
882 5862 1012 5918 mihi
1041 5864 1138 5928 sis,
1171 5863 1497 5920 citatissime
1531 5861 1625 5917 fili.
