3978 6598
450 441 560 505 3ἱὸ

1607 437 2006 501 MANUELIS
2048 439 2493 501 PALAEOLOGI

3594 441 3703 504 336

447 551 707 605 adversus
741 546 905 602 alimn
933 561 1340 617 quemcunque,
1369 547 1767 602 vr-rnarbai-am
1797 562 2014 619 quoque

2123 534 2377 619 τινοῦνζῆ
2404 546 2701 617 βαρϐάρων
2721 546 2901 612 ἔθνος,
2932 547 2988 601 ὲν
3014 548 3267 612 σπονδαῖς
3292 565 3375 602 σοι
3398 550 3708 614 καταστὰν,

447 643 748 705 nationem,
777 640 981 695 l'mdere
1011 640 1109 692 tibi
1130 639 1375 707 junctam
1427 638 1571 707 quod
1607 639 1718 708 ipsa
1764 650 2017 696 sanctum

445 747 503 788 et
528 732 847 788 inviolatum
895 746 1017 786 esse
1047 732 1194 785 velit.
1242 731 1521 785 Adversus
1541 731 1665 788 illos
1698 739 1901 797 autem,
1925 732 2020 801 qui

434 825 642 879 ‘volunt
684 824 914 894 injurias
948 822 1171 889 inferre,
1225 822 1404 877 modis
1454 823 1709 878 omnibus
1758 824 1936 878 virum
1967 834 2043 883 leo

450 916 711 986 praebeas.
753 915 870 970 Non
921 915 1069 970 enim
1130 915 1332 968 bonum
1371 923 1475 976 est,
1532 914 1598 967 ad
1646 913 2019 971 defensionem

445 1011 606 1080 plane
638 1022 746 1064 non
784 1007 1010 1077 impelli,
1044 1004 1142 1063 sed
1180 1003 1468 1060 dilliculter
1490 1004 1558 1059 ad
1602 1003 1742 1059 iram
1785 1005 2015 1063 moveri.

1149 1096 1305 1152 LVII.
1482 1105 1489 1111 '

512 1190 733 1246 Minime
767 1188 976 1253 dubito,
1031 1186 1273 1245 fassuros
1302 1205 1517 1257 omnes,
1554 1191 1829 1246 hominem
1885 1188 2022 1244 stul-

450 1290 564 1336 tum
594 1295 736 1340 esse.
770 1279 865 1350 qui
895 1280 1064 1334 ullum
1096 1294 1323 1348 prorsus
1362 1281 1637 1335 hominem
1689 1288 1843 1349 putet
1884 1279 2018 1333 alie-

447 1389 597 1427 num.
630 1371 763 1426 Nam
794 1372 862 1425 ab
892 1384 1002 1425 uno
1035 1371 1299 1440 progeniti
1335 1386 1527 1426 sumus
1552 1386 1766 1435 omnes,
1804 1370 2016 1425 tametsi

445 1460 629 1526 lingua
661 1458 1087 1528 distinguantur,
1118 1469 1173 1513 et
1205 1459 1329 1513 aliis
1369 1459 1787 1529 quibuscunque
1828 1461 2014 1524 rebus,

445 1552 526 1607 vel
555 1552 672 1622 ipsa
705 1552 987 1622 religione.
1042 1551 1384 1622 Quapropter
1410 1552 1683 1607 hominem
1732 1552 2015 1609 hominum

444 1644 715 1700 rationem
747 1643 947 1699 habere
975 1630 1072 1712 par
1103 1653 1208 1707 est,
1233 1653 1288 1698 et
1326 1645 1603 1700 universis
1630 1653 1821 1712 optare
1846 1643 2014 1705 bona,

2130 638 2225 691 καὶ
2262 641 2454 708 τηρεῖν
2494 639 2662 701 αὐτὰς
2686 638 2892 692 ἐθέλον.
2914 640 3008 690 Δεῖ
3031 639 3088 691 δὲ
3113 639 3389 693 δεικνύναι
3418 640 3509 694 τὸν
3535 640 3712 710 ἄνδρα

2128 731 2337 784 ἀδικεῖν
2365 730 2616 784 ἐθέλουσι
2644 732 2823 785 πάντα
2850 729 3074 800 τρόπον.
3104 731 3177 784 Ού
3207 731 3314 801 γάρ
3344 733 3551 800 ἀγαθὸν
3580 733 3713 786 ἀκί-

2127 839 2290 891 νητον
2335 824 2417 886 είς
2462 823 2677 893 ἄμυναν
2725 820 2892 892 εἶναι,
2952 823 3090 879 ἀλλὰ
3134 823 3460 895 δυσκίνητον
3506 823 3717 896 “gap.

2127 915 2258 985 τήνο

2847 1091 2955 1145 NZ'

2197 1182 2425 1251 Νομίζω
2453 1183 2662 1247 πάντας
2690 1183 2756 1238 ἃν
2806 1185 2975 1253 φάναι
3004 1182 3212 1254 ἠλίθιον
3242 1183 3533 1254 ἄνθρωπον
3564 1181 3709 1240 εἶναι

2124 1275 2217 1329 τὸν
2248 1276 2542 1344 νομίζοντα
2582 1277 2866 1348 ἀλλότριον
2899 1277 3249 1331 παντάπασιν
3305 1276 3598 1348 ἄνθρωπον
3625 1272 3708 1332 εἷς

2124 1376 2234 1413 ναι.
2268 1361 2473 1424 Πάντες
2521 1361 2631 1432 γὰρ
2660 1362 2777 1426 ὲνδς
2805 1364 3022 1431 ἔκγονα,
3054 1364 3159 1419 κᾶν
3203 1365 3472 1437 διαλέκτῳ
3512 1366 3710 1436 διαφε-

2127 1452 2370 1523 ρώμεθα,
2406 1456 2512 1508 κᾶν
2537 1455 2886 1523 οἱστισινοῦν,
2921 1456 3021 1510 κᾶν
3052 1458 3202 1528 αὐτῷ
3229 1459 3558 1529 σεϐάσματι.
3594 1459 3710 1513 Καὶ

2123 1545 2304 1598 τοίνυν
2332 1546 2622 1613 ἄνθρωπον
2651 1548 2781 1600 ὄντα
2825 1546 3129 1619 ἀνθρώπων
3160 1550 3423 1620 κήδεσθαι
3453 1550 3556 1615 δεῖ,
3609 1552 3708 1605 καὶ

2127 1641 2483 1711 συνεύχεσθαι
2506 1646 2618 1705 τοῖς
2645 1643 2784 1706 ὅλοις
2810 1643 3015 1712 ἀγαθά,
3045 1646 3118 1708 ὼς
3148 1645 3386 1708 ένὸνιώς
3410 1645 3594 1716 θέμις,
3628 1645 3707 1708 ὡς

445 1745 712 1805 quantum
743 1732 867 1801 ejus
924 1741 978 1787 et
998 1732 1119 1787 lleri
1173 1740 1372 1802 potest,
1412 1741 1468 1786 et
1498 1733 1578 1786 fas
1631 1742 1734 1798 est,
1766 1744 1825 1786 et
1879 1728 2014 1786 licet.

2131 1733 2330 1799 ἔξεστι.
2364 1735 2532 1805 Κοινὴ
2584 1737 2693 1804 γάρ
2724 1736 2757 1805 ὴ
2792 1736 2976 1803 φύσις,
3014 1739 3110 1791 καὶ
3163 1739 3331 1791 πᾶσιν
3383 1737 3581 1807 ἔδαφος
3619 1738 3702 1805 ἓν,

446 1823 659 1893 Quippe
678 1831 872 1877 natura
917 1825 1227 1878 communis
1264 1833 1368 1886 est,
1396 1810 1457 1878 et
1482 1824 1848 1894 pavimentum
1888 1838 2023 1878 cnn-

340 1900 343 1907 ’
444 1917 547 1972 etis
574 1930 770 1979 unum,
809 1923 866 1970 et
882 1932 1062 1969 ,unum
1096 1924 1322 1980 tectum,
1355 1932 1572 1986 unaque
1623 1917 1735 1977 lux.
1765 1932 1904 1972 unus
1930 1931 2024 1971 aer

441 2023 718 2078 expansos
745 2023 777 2062 a
805 2022 987 2063 rerum
1035 2008 1260 2077 opiﬁee.
1307 2007 1549 2081 Denique
1594 2006 1918 2075 simpliciter
1951 2007 2021 2061 ab

442 2114 508 2154 eo
538 2116 658 2168 quae
696 2099 1142 2170 proﬁciscuntur,
1193 2101 1507 2154 eonnnnnia
1538 2108 1686 2154 sunt.
1737 2096 2023 2152 Nihilomi-

445 2209 607 2251 nusa
638 2195 930 2250 remotiore
979 2195 1418 2258 discernendum,
1477 2193 1625 2264 quod
1677 2193 1899 2261 propius
1938 2200 2022 2247 est

448 2291 596 2357 (nam
630 2288 848 2357 plurimi
882 2297 1010 2342 sunt
1053 2282 1471 2347 necessitudinis
1511 2285 1759 2355 gradus),
1807 2300 1868 2338 ac
1901 2292 2022 2339 stu-

447 2381 707 2446 dendum,
740 2389 800 2435 ut
841 2394 971 2450 erga
1031 2380 1339 2443 universos,
1402 2381 1546 2446 quod
1597 2378 1649 2431 in
1691 2388 1741 2431 to
1804 2376 2021 2446 quidem

2130 1827 2225 1879 καὶ
2255 1827 2429 1899 ὀροφὴ
2466 1827 2589 1897 μία,
2622 1828 2718 1882 καὶ
2765 1828 2825 1881 ἓν
2841 1845 2895 1881 τι
2919 1829 3057 1898 φῶς,
3090 1830 3186 1883 καὶ
3212 1825 3291 1892 εἷς
3317 1829 3425 1900 ἀὴρ
3447 1830 3711 1900 ἑφήπλω-

2128 1934 2216 1973 ται
2246 1919 2399 1989 παρά
2427 1919 2523 1972 τοῦ
2555 1919 2913 1991 δημιουργοῦ.
2944 1922 3052 1975 Καὶ
3083 1922 3271 1985 ἁπλῶς
3304 1924 3370 1975 τά
3399 1923 3530 1990 παρ’
3559 1924 3706 1976 ὲκεί-

2127 2012 2220 2062 νοὶι
2255 2009 2431 2064 κοινά.
2463 2010 2585 2080 Χρὴ
2620 2011 2803 2079 μέντοι
2845 2010 3186 2083 διαστέλλειν
3217 2011 3314 2065 τοῦ
3363 2014 3704 2084 πορρωτέρω

2125 2101 2188 2155 τὸ
2217 2102 2398 2170 ἔγγιον
2431 2103 2651 2173 (βαθμοὶ
2673 2104 2781 2173 γὰρ
2801 2104 3042 2158 πλεῖστοι
3065 2096 3161 2174 τῆς
3190 2106 3577 2181 οίκειὸτητος)·
3608 2108 3705 2160 καὶ

2129 2195 2266 2247 πᾶσι
2298 2194 2398 2265 μὶν
2430 2194 2635 2263 ἀγαθὸν
2664 2192 2805 2250 εἶναι
2849 2197 2911 2251 τὸ
2946 2199 3070 2250 καθ’
3106 2200 3272 2252 αὐτόν
3299 2213 3315 2228 ⁸
3344 2200 3463 2261 τοῖς
3493 2199 3705 2268 μᾶλλον

2128 2285 2187 2338 δὲ
2245 2287 2534 2357 ἐγγυτάτω
2606 2289 2888 2357 ἀναλόγως
2953 2288 3322 2359 γνησιώτερον
3393 2290 3705 2359 προσφέρε-

2135 2377 2281 2433 σθαι.

446 2471 571 2537 erit,
600 2472 805 2527 bonum
834 2482 886 2526 te
919 2485 1121 2541 geras:
1149 2471 1245 2526 sed
1282 2470 1649 2541 propioribus,
1691 2484 1881 2524 eorum
1928 2467 2113 2523 habita
2152 2471 2384 2534 ratione,
2416 2470 2562 2527 velut
2622 2470 2858 2528 arctiore
2900 2481 2951 2528 te
3002 2473 3222 2530 vinculo
3261 2473 3513 2545 junctum
3542 2471 3707 2527 exhi-

445 2563 600 2618 beas.

1167 2656 1349 2713 LVIII.

521 2755 600 2809 Eo
645 2762 1075 2822 tempore,‘quo
1140 2751 1514 2807 navicularius
1567 2767 1700 2807 aura
1762 2766 2021 2829 prospere

447 2845 610 2902 ﬂante
635 2859 701 2898 ac
734 2841 947 2912 placide
981 2842 1095 2895 vela
1126 2842 1381 2911 implente
1414 2841 1634 2908 fruitur,
1668 2858 1791 2898 cum
1824 2858 2029 2913 magna,

446 2937 656 2993 scilicet
686 2944 771 2991 est
794 2934 1082 2997 serenitas,
1115 2948 1215 2990 nec
1266 2935 1374 2990 ulla
1404 2950 1491 2991 res
1548 2935 1701 2989 triste
1759 2935 1889 3007 quid
1916 2935 2018 2989 mi-

448 3037 628 3094 natur,
659 3040 767 3080 non
799 3025 951 3095 prius
969 3026 1038 3080 ob
1067 3040 1185 3079 eam
1212 3026 1624 3094 prosperitatem
1673 3026 1838 3082 libere
1864 3028 2016 3084 ltetus

448 3127 553 3183 est,
580 3131 746 3185 quam
788 3115 911 3169 navi
952 3124 1097 3169 recte
1134 3117 1497 3184 prospexerit,
1529 3125 1585 3169 ut
1621 3117 1865 3185 asperior
1898 3133 2017 3171 mn-

2835 2656 2967 2712 NH'.

2195 2744 2268 2803 Εὖ
2300 2747 2575 2821 πνεούσης
2605 2746 2900 2804 ἀπολαύων
2926 2747 3233 2819 ναύκληρος
3257 2745 3453 2819 αὔρας,
3477 2748 3698 2819 ἡμέρως

2122 2842 2267 2897 ἱστία
2296 2841 2630 2912 πληρούσης,
2660 2840 2876 2912 αἰθρίας
2907 2842 3005 2910 μὲν
3026 2839 3195 2911 οὔσης
3223 2841 3448 2911 πολλῆς,
3464 2839 3691 2911 μηδενὸς

2120 2934 2177 2988 δὲ
2208 2935 2535 3005 πράγματος
2561 2933 2912 2996 ἀπειλοῦντός
2945 2951 2997 2987 τι
3036 2933 3315 3003 δυσχερὲς,
3343 2933 3404 2986 ού
3436 2932 3695 3003 καθαρῶς

2121 3026 2200 3099 τῷ
2244 3026 2580 3096 εύτυχήματι
2613 3027 2815 3096 χαίρει,
2867 3027 2999 3096 πρὶν
3043 3025 3359 3096 aetatem;
3394 3024 3574 3088 καλῶς
3623 3024 3694 3076 τὰ

2122 3117 2265 3170 κατὰ
2292 3117 2392 3184 τὴν
2418 3114 2572 3178 ναῦν,
2604 3115 2680 3177 ὡς
2715 3114 2789 3184 μὴ
2819 3114 3051 3167 δεδιέναι
3081 3115 3425 3185 τραχυτέραν
3461 3112 3694 3183 μεταϐο-

448 3206 586 3260 tatio
617 3205 906 3260 metuenda
943 3220 1053 3258 non
1084 3205 1174 3258 sit.
1207 3202 1274 3258 Et
1305 3206 1523 3274 quidem
1576 3207 1812 3276 peractis
1835 3207 2014 3262 omni-

2123 3208 2241 3277 λήν.
2267 3207 2386 3261 Κᾶν
2418 3207 2595 3260 πάντα
2634 3206 2817 3277 πράξῃ
2851 3206 2918 3260 τὰ
2950 3207 3213 3271 σώζοντα,
3250 3207 3351 3260 κᾶν
3382 3207 3484 3277 ὁρᾷ
3516 3209 3563 3260 οἱ
3594 3207 3692 3272 τὴν

449 3298 573 3358 bus.
603 3296 670 3352 ad
719 3296 1150 3351 incolumitatem
1217 3295 1640 3366 pertinentibm',
1697 3298 1907 3352 etiamsi
1935 3298 2013 3352 vi-

443 3393 569 3446 deat
608 3389 787 3461 navim
812 3399 865 3447 et
890 3386 1064 3445 ventis
1100 3396 1156 3441 et
1191 3388 1481 3449 concitatis
1516 3402 1706 3443 eorum
1736 3389 1784 3442 vi
1836 3389 2017 3444 llucti-

443 3488 546 3540 bus
575 3482 869 3536 ﬁrmiorem
893 3496 1050 3543 esse;
1098 3496 1207 3534 non
1270 3491 1447 3535 tamen
1512 3489 1608 3535 aut
1654 3483 2014 3536 temeritatem

443 3572 650 3633 laudat,
705 3581 800 3625 aut
828 3571 1132 3624 admiratur
1163 3571 1488 3635 secordiam,
1521 3571 1613 3625 sed
1669 3571 1871 3640 vigilat,
1924 3574 2017 3626 sed

443 3662 657 3729 metuit,
680 3672 774 3717 seu
792 3671 1004 3737 portum
1031 3669 1203 3728 optat,
1227 3659 1371 3728 quod
1404 3660 1584 3730 ignota
1600 3659 1670 3713 sit
1696 3659 1744 3715 ei
1772 3660 1935 3721 sortis
1950 3675 2017 3715 ac

443 3755 540 3808 fati
579 3755 720 3808 alea.
760 3752 892 3808 Cum
923 3767 1056 3821 ergo
1084 3767 1173 3806 res
1221 3759 1331 3815 tua:
1356 3768 1524 3808 cursu
1581 3750 1831 3808 feruntur
1893 3768 2018 3823 pro-

441 3860 624 3913 spero,
679 3845 940 3916 pacisque
992 3845 1154 3898 bonis
1191 3844 1412 3911 frueris,
1462 3844 1656 3898 bellica
1713 3844 1805 3898 tibi
1873 3860 2017 3900 curre

443 3947 627 4000 sunto,
670 3947 830 4006 teque
854 3936 999 3990 velut
1031 3935 1098 3990 ad
1126 3920 1323 3989 bellum
1354 3936 1651 4003 gerendum
1682 3944 2017 3997 exerceto.et

442 4030 693 4085 subditos
727 4029 793 4085 ad
835 4029 938 4085 hoc
972 4040 1097 4084 tuos
1144 4038 1468 4099 pra-parato.
1528 4029 1703 4084 Simul
1730 4045 1825 4099 spe
1874 4029 2016 4085 bona

441 4122 638 4185 fretus,
666 4122 783 4190 ipse
820 4130 873 4176 te
912 4123 1254 4183 continuato,
1290 4136 1361 4175 ne
1394 4120 1715 4189 languescas
1744 4139 1757 4175 :
1788 4136 1889 4176 nec
1919 4122 2017 4176 mi-

444 4229 549 4269 nus
576 4202 821 4267 animum
852 4213 1284 4273 conilocelacito,
1338 4211 1658 4265 temerarius
1686 4221 1743 4265 ut
1773 4227 1895 4266 esse
1929 4229 2016 4267 ca-

446 4318 599 4368 reas,
636 4304 682 4358 si
713 4304 936 4357 victoria
967 4303 1033 4356 de
1091 4303 1338 4379 hostibus
1372 4302 1623 4370 potiaris.
1675 4303 2010 4358 lncertitudi-

443 4410 573 4450 nem
596 4394 831 4464 denique
867 4394 1101 4448 fortuna:
1126 4394 1350 4458 veritus,
1382 4408 1597 4460 semper
1626 4396 1867 4462 opinare,
1902 4394 2013 4448 fieri

442 4503 620 4556 posse,
653 4496 710 4541 ut
739 4487 960 4541 labaris.
998 4483 1095 4539 Est
1117 4486 1261 4538 enim
1294 4483 1531 4545 dillicile,
1555 4500 1869 4554 prosperare
1894 4486 2016 4542 illos

2119 3298 2318 3351 ὁλκάδα
2353 3296 2591 3367 ἀνέμων,
2622 3297 2716 3350 καὶ
2740 3297 2848 3350 τῶν
2876 3296 2985 3350 άπὸ
3023 3296 3191 3351 τῶνδε
3224 3298 3506 3368 κυμάτων,
3544 3299 3693 3366 ίσχυ-

2121 3388 2368 3459 ροτέραν,
2396 3388 2520 3442 οὔτε
2550 3387 2752 3459 θράσος
2776 3388 3081 3451 ἐπαινέσει,
3113 3386 3235 3441 οὔτε
3264 3389 3540 3459 ρᾳθυμίαν
3564 3388 3694 3442 θαυ-

2121 3482 2287 3552 μάσει
2314 3496 2330 3511 ⁸
2363 3481 2480 3534 ἀλλ’
2507 3481 2800 3551 ἀγρυπνεῖ,
2841 3478 2977 3534 ἀλλὰ
3008 3480 3266 3546 δέδοικεν,
3300 3480 3434 3535 ἀλλὰ
3468 3481 3689 3552 λιμένος

2119 3577 2353 3645 ἐφίεται,
2409 3576 2500 3629 τὸν
2536 3579 2637 3646 τῆς
2688 3578 2883 3645 μοίρας
2940 3575 3107 3630 κύϐον
3144 3577 3247 3629 ούκ
3294 3576 3683 3643 ἐπιστάμενος.

2119 3670 2288 3722 Ὅταν
2326 3669 2507 3721 τοίνυν
2544 3668 2697 3735 κατὰ,
2739 3668 2868 3737 ῥοῦν
2902 3685 2985 3721 σοι
3013 3670 3183 3739 τρέχῃ
3210 3667 3276 3720 τά
3309 3668 3684 3738 εὐτυχήματα,

2117 3762 2210 3814 καὶ
2238 3761 2347 3812 τῶν
2380 3763 2477 3828 τῆς
2506 3760 2735 3828 εἰρήνης
2768 3757 2948 3811 καλῶν
2976 3757 3281 3828 ἀπολαύῃς,
3313 3756 3380 3811 τὰ
3417 3756 3686 3825 πολεμικὰ

2119 3852 2434 3922 μελετάβθω
2476 3867 2578 3911 σοι,
2607 3850 2706 3903 καὶ
2731 3848 2980 3920 γύμναζε
3017 3848 3215 3902 σαυτὸν
3240 3848 3315 3911 ὠς
3345 3848 3478 3917 πρὸς
3528 3848 3685 3901 πόλει

2120 3960 2221 4012 μον
2242 3960 2254 3971 ο
2284 3945 2377 3995 καὶ
2405 3941 2658 4011 ἑτοίμαζε
2682 3945 2818 4011 πρὸς
2852 3941 3010 3994 τοῦτο
3034 3940 3095 3991 τὸ
3127 3941 3392 4008 ὑπήκοον.
3422 3941 3532 3992 Καὶ
3560 3957 3680 3993 νευ-

2118 4034 2215 4104 ροῦ
2239 4032 2340 4104 μὲν
2371 4035 2489 4096 ταῖς
2519 4034 2701 4086 ἐλπίσι
2728 4036 2841 4094 ταῖς
2875 4036 3167 4102 χρησταζς,
3188 4034 3336 4095 ὅπως
3370 4032 3447 4102 μὴ
3477 4031 3684 4103 νωθρὶς

2116 4127 2295 4191 γένοιο
2317 4136 2335 4155 ⁸
2410 4123 2609 4192 μελέτα
2647 4123 2703 4175 δὲ
2756 4122 2834 4194 μή
2859 4122 3262 4193 1⁵θρασύνεσθαι,
3294 4126 3343 4177 εί
3375 4124 3485 4176 τῶν
3530 4125 3686 4179 πολε-

2116 4214 2257 4284 μίων
2287 4218 2641 4287 κρατήσειας.
2692 4216 2765 4272 Τὸ
2798 4219 2854 4272 δὲ
2881 4217 3050 4288 τύχης
3105 4218 3336 4285 ἀόρατον
3380 4213 3591 4280 δεδιὼς,
3624 4218 3684 4271 τδ

2119 4306 2389 4375 σφαλῆναι
2426 4309 2795 4379 προσδόκιμον
2827 4308 2941 4378 ἔχε.
2985 4306 3260 4377 Ἐνεγκείν
3291 4309 3400 4378 γὰρ
3430 4310 3686 4379 εὐτυχίαν

2117 4399 2351 4467 χαλεπὸν
2382 4401 2507 4462 τοὺς
2542 4399 2618 4470 μὴ
2653 4392 2968 4470 μετριάζειν
3006 4400 3213 4464 εἰδότας
3244 4414 3258 4430 ·
3300 4400 3592 4471 δυστυχίαν
3629 4401 3684 4454 δὲ

2117 4490 2440 4544 ἀνέλπιστον
2476 4494 2668 4560 φέρειν
2695 4492 2881 4562 σχεδὸν
2908 4490 3192 4545 ἀδύνατον.

443 4585 719 4636 fortunam
746 4581 1034 4636 commodo.
1064 4580 1227 4651 ferre,
1252 4581 1346 4648 qui
1387 4582 1666 4634 moderate
1696 4596 1753 4634 se
1803 4596 1989 4653 gerere
2017 4586 2265 4641 nesciunt
2299 4603 2313 4640 :
2365 4585 2553 4656 ,iidem
2595 4595 2654 4641 ut
2704 4601 2856 4656 aquo
2902 4588 3085 4641 animo
3164 4587 3530 4643 calamitatem
3598 4589 3681 4643 in-

439 4689 810 4749 exspectatam
848 4674 1044 4744 (erant,
1080 4692 1245 4747 prope
1278 4676 1392 4730 ﬁeri
1419 4676 1621 4744 nequit.

1167 4771 1305 4837 LIX.
2014 4831 2019 4837 .

515 4873 570 4926 Id
598 4885 817 4939 quoque
843 4883 951 4922 non
982 4866 1119 4920 levis
1143 4880 1264 4920 esse
1301 4862 1559 4919 momenti
1592 4864 1906 4930 praeclaram
1939 4865 2006 4919 ad

440 4965 887 5035 gubernationem
946 4962 1185 5014 duxeris.
1264 4955 1469 5013 Omnes
1524 4959 1668 5009 enim
1727 4956 2006 5025 principes

440 5058 639 5110 animis
691 5058 807 5109 suis
858 5050 1330 5119 tranquillitatem,
1393 5058 1651 5113 quantam
1710 5047 2005 5099 maximam

441 5156 692 5219 possunt,
723 5146 949 5199 solerter
989 5157 1286 5210 procurare
1316 5141 1532 5193 debent.
1581 5136 1716 5190 Nam
1754 5139 1831 5191 uti
1865 5147 2004 5191 tent-

440 5249 699 5308 pestatem
732 5236 904 5291 nubes
934 5232 1176 5297 adducit,
1211 5234 1284 5285 ita
1321 5230 1768 5299 tranquillitatem
1796 5229 2005 5281 sereni-

438 5342 520 5384 tas
535 5331 695 5383 cilicii
726 5344 740 5381 :
769 5337 937 5394 utque
968 5325 1156 5383 lumini
1206 5324 1598 5392 cogitationum
1656 5322 1888 5374 maxime
1911 5336 2011 5376 so-,

439 5421 553 5473 lent
578 5418 793 5472 ollicere
826 5414 1279 5485 perturbationes,
1311 5412 1491 5465 mollis
1520 5426 1581 5464 ac
1608 5411 1836 5463 remissa
1869 5412 1999 5473 vita,

435 5511 694 5573 formido,
734 5507 1010 5564 temeritas
1042 5514 1095 5559 et
1150 5503 1417 5574 quidquid
1443 5514 1525 5556 Bal
1568 5503 1815 5571 utrisque
1869 5517 2001 5555 con-

435 5604 635 5668 simile.
717 5602 801 5659 sic
868 5598 1256 5654 meditationes
1323 5605 1635 5667 opportune
1714 5594 1997 5659 ἱηειῑιιιιιε,

436 5694 869 5768 perturbationis
931 5698 1208 5759 expertes,
1260 5690 1343 5743 vel
1378 5688 1430 5742 in
1466 5687 1675 5765 primis
1721 5686 2013 5745 hominem

433 5808 465 5842 e
496 5787 808 5842 diliicnltate
868 5792 1101 5853 possunt
1158 5779 1476 5850 explicare:
1513 5779 1733 5848 quando
1775 5780 1999 5834 conticri

358 5872 379 5889 ’
444 5890 639 5942 tiOlCSl,
667 5887 722 5931 ut
746 5884 796 5931 et
818 5885 970 5945 parta
991 5873 1145 5943 prius
1169 5870 1341 5942 gloria
1358 5884 1458 5940 pro
1481 5869 1690 5925 viribus
1708 5879 1995 5941 augeatur,

2818 4779 2947 4832 ΝΘΕ

2182 4869 2333 4936 Μηδὲ
2365 4871 2542 4922 ἐκεῖνο
2575 4871 2773 4940 μικρὸν
2800 4869 2962 4941 ήγοῦ,
2996 4873 3131 4940 πρὸς
3158 4873 3217 4925 τὸ
3244 4872 3467 4925 διοικεῖν
3498 4871 3677 4935 καλῶς

2108 4958 2391 5012 δύνασθαι.
2425 4959 2547 5028 Χρὴ
2582 4961 2691 5030 γὰρ
2738 4961 2944 5021 πάντας
2976 4961 3243 5029 ἄρχοντας
3285 4964 3524 5032 γαλήνην
3562 4966 3678 5023 ταῖς

2108 5052 2292 5103 αὐτῶν
2316 5050 2514 5119 ψυχαῖς
2546 5051 2636 5103 καὶ⁵
2669 5053 2919 5120 προνοεῖν
2950 5052 3043 5102 καὶ
3068 5054 3393 5121 οἰκονομεῖν,
3415 5054 3538 5105 ὅσον
3568 5049 3676 5108 οἷον

2106 5157 2188 5194 τε.
2223 5135 2479 5208 Χειμδννα
2504 5141 2614 5216 ⁵μὲν
2650 5142 2758 5212 γὰρ
2788 5143 2946 5208 νέφος
2976 5142 3195 5209 ἐπάγει,
3228 5143 3470 5213 γαλήνην
3499 5145 3557 5198 δὲ
3590 5147 3675 5198 αἰ-

2109 5231 2237 5300 θρία
2274 5235 2456 5285 ποιεῖ⁸
2496 5235 2591 5287 καὶ
2638 5233 2934 5302 λογισμοὺς
2982 5234 3080 5297 μὲν
3110 5234 3345 5303 τυφλοῦν
3396 5238 3674 5306 πεφύκασι

2111 5324 2342 5392 μάλιστα
2376 5324 2638 5393 ταραχαὶ,
2669 5324 2762 5377 καὶ
2798 5324 2912 5394 βίος
2956 5323 3102 5388 ἄπας
3136 5327 3322 5396 ὑγρὸς,
3359 5328 3452 5380 καὶ
3484 5327 3673 5394 δειλία,

2105 5404 2199 5465 καὶ
2235 5414 2534 5484 θρασύτης,
2570 5412 2666 5468 καὶ
2713 5416 2835 5469 ὅσον
2886 5417 3216 5487 ἀμφοτέροις
3251 5422 3671 5491 παραπλήσιον’

2109 5505 2332 5574 μελέται
2373 5506 2427 5558 δὲ
2476 5508 2573 5558 σὺν
2606 5504 2681 5576 τῷ
2730 5508 2929 5577 καιρῷ,
2962 5511 3205 5580 ταραχῆς
3243 5511 3548 5582 ἐλεύθεραι,
3583 5514 3674 5566 δύο

2105 5595 2273 5647 ναιντ’
2302 5597 2367 5649 ἂν
2414 5599 2648 5666 μάλιστα
2683 5599 2902 5651 πάντων
2933 5598 3255 5669 δυσχερείας
3282 5603 3674 5672 ἀπαλλάττειν,

2105 5688 2235 5740 ὅταν
2271 5690 2369 5741 οὐκ
2416 5687 2677 5742 ἀδύνατον
2724 5690 3007 5751 παντελῶς
3038 5694 3132 5745 καὶ
3165 5694 3263 5761 τὴν
3320 5694 3674 5764 ὑπάρχουσαν

2106 5779 2292 5843 αὔξειν
2316 5778 2568 5832 εὔκλειαν
2591 5781 2715 5833 ὅσον
2742 5779 2937 5848 ἔνεστι,
2962 5784 3057 5834 καὶ
3084 5786 3474 5854 προσπορίζειν
3495 5787 3677 5856 ἀγαθά

2110 5871 2206 5924 σὺν
2235 5871 2310 5940 τῷ
2332 5872 2609 5941 διαμένειν
2631 5889 2643 5904 ο
2670 5874 2763 5924 καὶ
2785 5875 2941 5926 ταυτὶ
2969 5871 3146 5937 καλῶς
3175 5877 3561 5947 ἐπιστάμενος,
3593 5877 3670 5949 μὴ
