3978 6602
194 462 204 470 ’
231 495 340 560 357

1196 506 1611 597 PRAEC‘EPTA
1644 509 2167 572 EDUCATIONIS
2203 509 2483 575 REGI/ii.

3368 516 3479 581 358

227 611 603 663 καταπίπτειν
629 613 747 676 ταῖς
774 619 1102 687 συμφοραῖς,
1137 620 1262 688 μηδ’
1283 620 1562 692 εὐτυχίαις
1584 623 1813 695 ιπαίρε-

1920 635 1972 681 οι
2004 625 2269 695 ampliora
2298 627 2439 681 bona
2472 641 2580 682 non
2626 635 2835 681 tantum
2877 627 3260 698 acquirantur,
3291 633 3385 686 sed
3422 626 3482 688 οι

229 701 403 767 σθαι,
462 703 597 772 μηδὲ
653 706 872 759 ἀνέσεσι
931 709 1372 777 μαλακίζεσθαι,
1424 715 1487 766 τὸ
1540 714 1808 785 ῥᾳθυμεῖν

229 792 513 863 προῦργου
539 796 767 866 θέμενος
793 815 807 828 ·
851 799 1000 864 ὅπως
1038 803 1216 873 ψυχῆς
1245 806 1589 876 γενναιότητι
1614 808 1808 861 δεινῶν

226 884 497 953 ἀφύκτων
543 888 844 945 δοκούντων
885 892 1365 963 ἀπαλλαττόμενος
1405 894 1640 968 (ἀνάγκη
1698 900 1809 969 γὰρ

226 979 413 1032 αὐτῶν
438 980 691 1051 μετέχειν
732 983 1019 1054 ἀνθρωπον
1048 988 1201 1060 ὄντα)
1231 988 1420 1062 δείξῃς
1449 991 1671 1061 μεγέθει
1704 996 1808 1067 φύ-

230 1088 376 1137 σεως
407 1073 506 1144 τὴν
538 1074 820 1144 βασιλείαν
844 1077 1135 1139 ἀνθοῦσαν.

972 1342 1028 1381 πο

972 1376 1049 1399 9.

302 1432 465 1487 Ἥκω
490 1450 576 1487 σοι
604 1434 779 1500 λέξων
806 1434 836 1490 δ
867 1437 1149 1507 πράττεις,
1181 1439 1375 1513 ὥσπερ
1408 1444 1458 1497 oi
1488 1446 1600 1508 τοῖς
1626 1443 1809 1498 θέουσι

174 1516 181 1521 ’
230 1526 697 1596 διακελευόμενοι,
730 1528 958 1583 Πλάτων
1003 1531 1132 1603 ἔφη.
1160 1533 1382 1603 Μηδένα
1411 1537 1597 1600 κακῶς
1626 1537 1809 1606 εἴπης,

230 1618 391 1688 θυμῷ
418 1618 710 1686 δουλεύων,
739 1619 772 1690 ἢ
797 1621 1158 1692 χαριζόμενος
1176 1639 1190 1653 ·
1224 1624 1361 1694 μηδὲ
1385 1625 1590 1698 πλύνῃς
1621 1626 1813 1697 ὕϐρεσι

230 1709 609 1778 κακοδαίμονά
639 1728 782 1775 τινα,
819 1712 1045 1776 δικαίως
1077 1714 1144 1767 ἂν
1173 1713 1514 1788 ἐλεούμενον,
1544 1721 1597 1773 εί
1619 1736 1704 1784 τις
1736 1719 1813 1792 μὴ

1908 717 2079 773 solida
2110 718 2490 789 durabiliaque
2516 720 2834 775 reddantur.
2857 721 3035 790 Atque
3078 721 3165 777 bis
3189 734 3338 778 recte
3384 740 3483 780 co-

1908 809 2097 877 gnitis,
2130 824 2264 865 eave
2281 811 2685 867 calamitatibus
2715 814 3175 879 succumbas,nec
3207 818 3486 886 prosperis

1908 900 2187 968 eﬂ’eraris,
2262 918 2365 956 nec
2431 904 2715 972 amplexus
2769 904 3040 973 ignaviam
3089 907 3349 962 dissolute
3409 910 3491 963 vi-

1912 995 2088 1046 vendo
2111 994 2409 1049 emolliaris
2447 1012 2462 1048 :
2497 1007 2556 1049 ut
2579 996 2746 1051 annni
2812 997 2866 1051 vi
2927 1012 3190 1068 generosa
3224 1000 3490 1055 liberatus

1908 1093 1940 1133 e
1966 1080 2150 1145 malis,
2192 1097 2313 1149 quae
2350 1082 2684 1139 inevitabilia
2739 1085 2994 1142 videntur
3021 1091 3099 1155 (et
3131 1105 3319 1143 eorum
3366 1091 3487 1144 ﬁeri

1862 1182 1873 1191 ’
1911 1181 1963 1226 te
1994 1172 2332 1244 participem,
2393 1191 2516 1230 cum
2554 1179 2630 1232 sis
2660 1180 2846 1244 homo,
2891 1195 3115 1238 necesse
3144 1192 3228 1236 est
3252 1183 3296 1252 ),
3332 1183 3492 1239 indo-

1911 1266 1980 1322 lis
2003 1275 2056 1322 et
2087 1266 2292 1337 ingenii
2330 1268 2710 1352 magnitudine
2739 1286 2968 1342 regnum
2999 1272 3203 1329 florens
3242 1277 3473 1332 eiiicias.

2006 1372 2013 1381 ‘
2634 1362 2749 1418 LX.

1979 1450 2214 1507 Tradam
2250 1453 2367 1519 tibi,
2406 1457 2550 1533 quod
2587 1472 2738 1526 agas,
2762 1471 2955 1512 eorum
2989 1471 3162 1526 more,
3201 1460 3296 1529 qui
3354 1475 3485 1514 cur-

1913 1552 2094 1598 rentes
2128 1545 2381 1612 incitant,
2404 1557 2465 1602 ut
2485 1547 2563 1602 ait
2586 1547 2758 1605 Plato.
2801 1548 3101 1604 Maledictis
3148 1566 3277 1621 erga
3313 1553 3485 1605 nemi-

1913 1648 2038 1688 nem
2078 1635 2268 1698 fneris,
2322 1637 2619 1695 iracundiae
2679 1641 2929 1696 serviens
2972 1654 3065 1695 aut
3120 1644 3482 1711 gratificans:

1914 1740 2052 1781 neve
2097 1730 2446 1785 contumeliis
2502 1733 2802 1802 exagitaris
2852 1734 3131 1789 hominem
3184 1736 3484 1797 infelicem,

228 1802 329 1870 τῆς
363 1800 579 1868 φύσεως
605 1803 705 1873 τῆς
734 1804 923 1873 κοινῆς
960 1804 1294 1862 ἐπιλάθοιτο.
1332 1808 1475 1880 Ἔφη
1514 1810 1569 1864 δέ
1597 1827 1681 1871 τις
1720 1810 1817 1864 καὶ

1920 1818 2395 1875 commiseratione
2458 1822 2685 1891 dignum
2747 1825 2948 1894 potius,
2989 1827 3037 1880 si
3090 1825 3216 1894 quis
3276 1836 3486 1880 natura:

230 1893 338 1946 τῶν
369 1893 475 1959 ἔξω
508 1893 688 1963 σοφῶν
707 1911 721 1925 ⁸
770 1894 842 1949 Τὸ
867 1896 1111 1967 ύσρίζειν
1156 1899 1266 1952 τῶν
1306 1899 1463 1953 τοῦτο
1492 1900 1812 1990 ποιούντων,

1920 1912 2226 1965 communis
2283 1914 2534 1969 oblivisci
2594 1893 2755 1969 nolit.
2801 1917 2977 1971 Etiam
3026 1893 3116 1970 de,
3146 1918 3487 1987 sapientibus

228 1986 488 2057 οὐχὶ-τῶν
517 1988 890 2058 ύδριξομένων
911 1990 1119 2059 γίνεται
1148 1990 1316 2064 ἐγκλη
1326 2009 1424 2062 μα.
1446 1967 1647 2065 Ούῖιὴν
1675 1994 1809 2048 ἀλλὰ

1920 2003 2168 2058 extrariis
2184 2005 2399 2074 quidam
2420 2008 2581 2071 dixit,
2600 2008 3049 2063 contumeliosam
3071 2009 3484 2063 insectationem

232 2078 328 2131 καὶ
352 2079 483 2139 τοὺς
501 2079 676 2150 τούτῳ
698 2081 1097 2150 ἐντρυφῶντας,
1118 2084 1210 2137 καὶ
1230 2085 1421 2154 συχνὸν
1440 2084 1546 2138 τῶν
1567 2084 1809 2153 ἀδελφῶν

1920 2108 2023 2147 non
2052 2095 2132 2149 eis
2158 2098 2374 2152 crimini
2405 2099 2548 2166 dari,
2582 2102 2673 2170 qui
2716 2100 3019 2169 patiantur,
3056 2103 3150 2155 sed
3180 2101 3323 2169 ipsis
3354 2115 3485 2154 auc.

230 2166 448 2235 γέλωτα
468 2169 854 2237 καταχέοντας,
877 2168 910 2242 ἢ
932 2170 1141 2224 πείθειν
1162 2173 1501 2243 ἀποσχέσθαι
1529 2175 1628 2245 τῆς
1652 2175 1809 2228 νόσου

1920 2187 2152 2243 toribus.
2184 2188 2324 2253 Quin
2353 2201 2406 2244 et
2439 2166 2817 2263 illos,'quibus
2849 2194 2955 2247 hoc
2976 2194 3162 2246 vitium
3212 2166 3480 2261 voluptati

229 2259 461 2329 ταύτης,
508 2261 543 2331 ἢ
588 2262 885 2330 πειρᾶσθαι
928 2266 1143 2327 πάντως
1187 2267 1437 2319 κωλύειν.
1471 2268 1653 2321 Κακία
1700 2269 1807 2336 γὰρ

1920 2290 2018 2340 est,
2055 2278 2259 2348 quique
2293 2280 2577 2350 frequente
2601 2259 2873 2337 cachinno
2904 2282 3168 2337 fratribus
3198 2259 3465 2336 insultant

233 2353 582 2422 προεστῶτος
610 2354 704 2408 καὶ⁹
726 2354 873 2408 τοῦτ’
897 2356 964 2410 ἂν
994 2356 1105 2427 εἴη,
1143 2359 1205 2412 τὸ
1239 2358 1339 2419 τάς
1368 2359 1480 2414 τῶν
1508 2360 1683 2413 ἀλλων
1715 2377 1816 2413 κα-

1921 2370 2004 2422 vel
2040 2374 2362 2437 persuadere
2388 2375 2577 2439 debes,
2602 2376 2669 2430 ab
2698 2377 2801 2430 hoc
2820 2377 2897 2431 uti
2926 2377 3119 2430 morbo
3150 2375 3480 2435 abstineant,

234 2448 386 2507 κίας,
419 2445 540 2499 ἐνὸν
573 2447 812 2517 ἐπέχειν,
843 2449 939 2519 est
967 2449 1061 2502 ὶπὶ
1092 2449 1161 2504 τὰ
1196 2453 1382 2522 πρόσω
1416 2456 1635 2524 χωρεῖν.

1921 2460 2003 2514 vel
2030 2463 2259 2518 omnino
2297 2465 2430 2520 dare
2457 2481 2705 2535 operam,
2736 2476 2799 2521 ut
2828 2482 2926 2522 eos
2961 2483 2992 2521 a
3042 2466 3288 2521 facinore
3324 2476 3484 2518 coer-
3525 2495 3530 2499 -

236 2544 384 2593 ceas’.
418 2538 555 2592 Nam
587 2550 641 2596 et
670 2541 774 2595 hoc
807 2542 942 2597 vitio
977 2542 1198 2599 dabitur
1226 2547 1327 2613 illi,
1353 2548 1592 2617 quicum
1614 2558 1885 2621 potestate
1909 2564 2017 2619 est,
2050 2557 2119 2621 si,
2194 2574 2318 2613 cum
2367 2560 2604 2616 aliorum
2676 2560 2925 2616 inhibere
2969 2560 3102 2615 vitia
3154 2558 3348 2629 possit,
3420 2571 3484 2612 ea

233 2630 414 2685 libere
439 2633 695 2702 progredi
741 2634 903 2689 sinat.

478 2733 482 2736 ⁴
963 2729 1085 2785 ΞΝ.

308 2822 410 2873 Σίνιν
442 2820 510 2874 ἂν
543 2820 631 2891 εῖη
660 2821 884 2874 κάκεῖνο
917 2822 1205 2891 πράττειν,
1236 2823 1332 2875 καὶ
1361 2825 1564 2887 παντὸς
1596 2826 1809 2880 ἐθέλον-

239 2932 328 2976 τος
361 2914 576 2985 ἄρχειν,
605 2916 796 2986 κιρνᾷν
821 2916 940 2977 ταῖς
967 2914 1200 2985 δωρεαῖς
1227 2916 1573 2986 ἀστειότητα,
1603 2920 1695 2972 καὶ
1718 2937 1815 2972 τα-
1834 2924 1850 2934 ⁴

241 3008 438 3075 χύτητι
474 3009 767 3060 συνάπτειν
796 3006 990 3068 αὑταῖς
1022 3006 1086 3059 τὸ
1118 3006 1313 3083 πέρας,
1342 3009 1439 3085 ὅπη
1464 3011 1691 3086 δυνατή.
1723 3014 1818 3069 Δεῖ

240 3099 298 3152 δὲ
331 3101 532 3172 μέτρον
556 3097 742 3159 αὐτοῖς
766 3096 1044 3176 μιγνύναι,
1066 3107 1134 3175 τῇ
1168 3108 1235 3175 σῇ
1257 3104 1488 3176 δυνάμει
1514 3108 1814 3177 συμϐαῖνον

243 3191 337 3242 καὶ
360 3191 472 3250 τοῖς
503 3188 918 3267 ἔπιτηδιύμασι,
952 3195 1048 3249 καὶ
1091 3197 1339 3268 ποιότησι
1372 3197 1481 3249 τῶν
1510 3199 1813 3268 δεχομένων

244 3281 344 3359 τὴν
368 3282 550 3359 χάριν.
567 3288 656 3351 Ὠς
682 3289 731 3339 εί
763 3287 839 3358 μὴ
866 3287 943 3356 τῷ
968 3287 1274 3357 γιγνομένῳ
1300 3288 1411 3349 τοῖς
1441 3286 1578 3345 ὅλοις
1611 3287 1812 3356 χρῷτο,

245 3380 363 3433 ἀλλ’
392 3380 514 3450 ἤτοι
537 3377 925 3449 ἀγροικότερόν
942 3393 1025 3441 τις
1051 3377 1298 3447 Μροῖτο,
1315 3378 1349 3448 ἦ
1369 3378 1458 3430 τὸν
1481 3381 1671 3446 καιρὸν
1698 3378 1814 3431 ἐνὸν

247 3476 558 3545 συντεμεῖγ,
606 3474 681 3526 ὅδ’
716 3473 969 3544 ἐπίτηδες
1000 3474 1354 3527 ἀναδάλλοιτο
1375 3490 1391 3506 ν
1441 3474 1536 3526 καὶ
1563 3474 1680 3542 δοίη
1711 3472 1812 3543 μὲν
1840 3455 1882 3513 (ἶ

247 3566 386 3621 κύνα
428 3567 505 3637 τῷ
542 3564 801 3635 ναυτικῷ,
842 3567 961 3635 δοίη
1005 3567 1060 3621 δὲ
1095 3567 1380 3638 θηρεύοντι
1430 3564 1661 3635 κώπην·
1719 3566 1813 3619 καὶ

248 3655 554 3728 στρατιώτῃ
615 3655 715 3725 μὲν
756 3659 959 3720 ἵππους
993 3659 1143 3723 δέκα,
1180 3659 1440 3727 ίππάριον
1481 3655 1540 3708 δὲ
1579 3657 1813 3728 πονηρὸν

246 3749 325 3819 τῷ
379 3750 733 3817 στρατιωτῶν
778 3750 1045 3818 ἠγεμόνι’
1081 3750 1274 3818 ἄχαρις
1300 3751 1335 3817 ἡ
1380 3748 1539 3818 χάρις
1568 3747 1683 3818 ἦξε,
1718 3746 1819 3799 καὶ

248 3836 455 3909 βλάϐην
480 3838 616 3892 οῖσει
650 3837 912 3909 μεγίστην
943 3836 1147 3890 πολλῶν
1170 3836 1352 3889 ἕνεκα.

980 4116 1083 4173 ΞὟ.

314 4213 491 4287 Τριχῆ
540 4210 632 4266 τοῦ
667 4211 864 4282 χρόνου
902 4209 1286 4280 μεριζομένου,
1316 4210 1394 4271 εἰς
1427 4209 1686 4278 σήμερον,
1723 4209 1815 4261 καὶ

246 4306 441 4378 αθριον
478 4306 573 4358 καὶ
621 4304 771 4373 χθὲς,
805 4302 957 4355 οὐδέν
986 4318 1049 4369 γε
1096 4302 1260 4371 μέρος
1291 4299 1497 4354 τούτων
1527 4301 1813 4370 ἡμέτερον,

249 4397 597 4454 σκοπούντων
623 4395 852 4458 τάληθὲς
882 4393 1271 4461 ἀκριϐέστερον
1296 4408 1310 4422 ·
1338 4393 1397 4444 τὸ
1427 4393 1527 4463 μὲν
1552 4394 1660 4462 γὰρ
1687 4391 1814 4461 χθὲς

247 4489 592 4562 παρελήλυθε
618 4503 632 4518 ⁸
663 4488 725 4541 τὸ
746 4487 791 4540 δ’
817 4486 1007 4557 αΰριον
1034 4483 1186 4539 οὔπω
1207 4486 1396 4554 γέγονε
1424 4503 1434 4514 ·
1459 4484 1519 4537 τὸ
1548 4487 1813 4553 σήμερον,

246 4586 304 4636 ὲν
331 4579 376 4652 ᾧ
404 4583 669 4650 δοκοῦμεν
715 4580 985 4649 ῖδρύσθαι,
1016 4581 1084 4630 τὰ
1114 4577 1208 4630 τοῦ
1250 4577 1659 4646 θαυματοποιοῦ
1687 4578 1797 4628 Δαιτ

2062 2781 2069 2787 .
2636 2738 2774 2795 LXI.

1991 2828 2137 2885 Velle
2173 2830 2337 2895 debes
2371 2831 2473 2888 ltoe
2502 2848 2725 2904 quoque
2752 2838 2868 2886 tum
2900 2830 3015 2901 ipse
3048 2837 3329 2899 praestare,
3368 2838 3481 2883 tum

1917 2922 2169 2996 quisquis
2192 2922 2470 2995 imperare
2520 2925 2742 2993 cogitat,
2800 2932 2861 2977 ut
2891 2922 3211 2977 muneribus
3274 2923 3482 2975 urbana

1919 3018 2169 3090 quaedam
2220 3018 2593 3071 admisceatur
2669 3017 2924 3082 comitas,
2972 3016 3199 3087 ipsaque
3246 3014 3484 3081 largitio,

1919 3120 2120 3180 quanta
2148 3109 2267 3165 fieri
2307 3111 2541 3163 maxima
2576 3108 2857 3163 celeritate
2908 3116 3119 3178 potest;
3154 3108 3223 3161 ad
3277 3107 3507 3161 exitum’

1919 3203 2265 3271 perducatur.
2305 3200 2499 3255 Modus
2519 3201 2723 3255 eisdem
2751 3199 3125 3262 adhibendus,
3155 3200 3250 3268 qui
3274 3198 3487 3252 viribus

1918 3294 2031 3350 tuis
2060 3292 2367 3357 conveniat,
2415 3306 2478 3345 ac
2519 3290 2953 3360 professionibus
3007 3301 3061 3344 et
3126 3290 3487 3359 qualitatibus
3598 3306 3607 3314 ·

1920 3400 2134 3450 eorum,
2175 3385 2268 3454 qui
2322 3386 2528 3439 donum
2583 3386 2881 3453 accipiunt.
2945 3384 3157 3453 Quippe
3206 3383 3309 3437 nisi
3364 3384 3488 3452 quis

1919 3479 2145 3532 omnino
2178 3492 2239 3530 se
2265 3476 2403 3545 gerit
2436 3492 2502 3529 ex
2530 3477 2743 3531 ratione
2790 3477 2996 3539 decori,
3040 3476 3135 3529 sed
3188 3476 3268 3529 vel
3302 3491 3489 3543 agres-

1920 3569 2029 3623 tius
2059 3569 2247 3632 donat,
2275 3569 2360 3622 vel
2391 3583 2517 3622 cum
2538 3578 2757 3637 tempus
2779 3567 3105 3622 imminuere
3137 3567 3348 3626 liceret.
3371 3566 3488 3636 ipse

1919 3660 1986 3715 de
2013 3658 2279 3714 industria
2305 3674 2419 3713 rem
2444 3658 2734 3733 extrahit;
2769 3672 2832 3712 ac
2867 3668 3044 3712 nautas
3069 3673 3260 3713 canem
3298 3659 3485 3724 offert,

1917 3750 2165 3803 venatori
2191 3764 2420 3810 remum;
2449 3749 2606 3803 militi
2630 3751 2816 3803 decem
2850 3762 3043 3817 equos,
3098 3750 3221 3802 duci
3252 3749 3485 3809 militum

1919 3838 2099 3907 exigui
2124 3840 2385 3893 momenti
2408 3839 2700 3906 equuleum
2731 3856 2749 3892 :
2773 3840 2984 3908 ingrata
3009 3840 3214 3893 scilicet
3244 3841 3347 3893 erit
3381 3840 3488 3893 ista

1920 3931 2117 4001 gratia.
2147 3930 2444 4001 multisque
2463 3931 2531 3986 de
2555 3934 2741 3986 causis
2764 3930 3154 3986 detrimentum
3189 3930 3487 3984 maximum

1921 4023 2133 4079 aﬂeret.

2624 4113 2786 4172 LXII.

1993 4208 2184 4264 Omnia
2216 4207 2551 4278 temporibus
2586 4205 2640 4262 in
2668 4209 2774 4263 tria
2801 4206 3133 4273 distributis,
3168 4209 3221 4262 in
3260 4206 3486 4282 hodier-

1921 4317 2050 4357 num
2082 4310 2136 4356 et
2170 4302 2492 4365 crastinum,
2526 4307 2582 4354 et
2612 4301 2949 4362 hesternum.
2976 4301 3122 4356 nulla
3142 4315 3265 4370 pars
3295 4301 3487 4354 harum

1921 4404 2109 4450 nostra
2144 4401 2248 4458 est,
2303 4394 2347 4448 si
2398 4408 2587 4447 verum
2637 4393 2893 4459 subtilius
2971 4394 3173 4448 intueri
3220 4395 3486 4450 volemus.

1922 4488 2130 4556 Quippe
2161 4495 2378 4554 tempus
2436 4486 2755 4539 hesternum
2804 4485 3063 4554 praeteriit
3097 4500 3112 4549 ;
3174 4486 3339 4538 orasti
3367 4498 3476 4537 rum

1922 4580 2149 4633 necdum
2175 4578 2394 4631 advenit
2417 4591 2432 4640 ;
2478 4576 2827 4638 hodiernum,
2846 4574 3197 4638 cuividcmur
3217 4575 3490 4638 insistere,

246 4677 408 4731 δάλου
443 4675 792 4744 τεχνάσματα
830 4674 909 4734 εἰς
947 4670 1253 4741 ὑπερϐολὴν
1284 4670 1502 4738 ἀπάτης
1534 4669 1814 4737 ὑπερήλα-

1924 4669 2294 4737 prodigiorum
2348 4666 2727 4735 opificisillius
2770 4663 2969 4719 Datdali
2994 4674 3303 4719 commenta
3328 4664 3527 4719 nimi-'

248 4786 362 4823 σεν.
405 4768 494 4821 Ἐν
528 4743 644 4836 γάρ
676 4765 874 4834 ἀκαρεῖ
903 4765 1001 4832 τῆς
1034 4761 1183 4832 ὥρας
1211 4761 1548 4831 τεμνόμενον
1577 4759 1814 4829 διοιρῤεῖ,

1923 4774 2085 4828 opere
2103 4758 2340 4813 fallendo
2361 4766 2602 4826 superat.
2642 4756 2853 4811 Etenim
2912 4756 3176 4824 temporis
3214 4764 3493 4808 momento

248 4860 573 4932 κρατεῖσθαι
604 4857 983 4927 νομιζόμενον,
1014 4857 1108 4906 καὶ
1138 4852 1487 4907 διολισθαίνει
1523 4851 1689 4919 πρινὴ
1717 4866 1816 4901 κα-

1925 4857 2190 4903 resectum
2208 4847 2421 4912 difﬂuit,
2438 4862 2560 4900 eum
2585 4847 2755 4900 teneri
2774 4854 3015 4915 putetur,
3037 4860 3101 4899 ac
3138 4848 3305 4914 prius,
3326 4862 3490 4913 quam

247 4953 355 5013 λῶς
385 4949 672 5018 νοηθῆναι.
696 4949 807 5002 Καὶ
838 4946 934 5016 μὲν
958 4945 1021 5014 δὴ
1048 4944 1254 5014 βέλκτιον
1283 4942 1631 5011 ἀπολαύομεν
1659 4940 1815 4993 ἐνίων

1924 4951 2067 4995 recte
2103 4942 2449 5009 percipiatur.
2472 4939 2753 4993 d.labitur.
2776 4939 2916 5003 Quin
2940 4938 3102 4991 etiam
3137 4937 3330 4990 melius
3360 4954 3493 4991 non-

249 5032 625 5109 ἐλπιζομένων
658 5040 691 5108 ἦ
720 5040 854 5104 πρὸς
892 5038 1037 5107 ἡμᾶς
1084 5034 1593 5104 παραγιγνομένων,
1625 5032 1817 5103 φεύγει

1921 5033 2085 5087 nullis
2110 5034 2163 5084 in
2188 5048 2282 5099 spe
2315 5031 2504 5100 positis
2550 5029 2806 5090 fruimur,
2833 5042 2998 5096 quam
3047 5025 3134 5079 ubi
3160 5028 3383 5094 propius
3424 5029 3491 5080 ad

247 5131 357 5200 γὰρ
399 5129 496 5199 τὴν
528 5127 805 5197 αἰσθησιν,
855 5128 962 5198 πρὸ
996 5124 1090 5178 τοῦ
1127 5126 1337 5177 τελέσαι
1364 5126 1431 5177 τὰ
1462 5126 1581 5177 κατ’
1609 5122 1827 5197 ἐλπίδα,

248 5223 346 5274 καὶ
376 5222 538 5273 λυπεί
567 5220 643 5288 τῷ
668 5220 979 5286 ἀποπτῆναι.
1004 5218 1184 5281 πλέον,
1219 5220 1251 5290 ἢ
1279 5216 1558 5288 χαρίζεται
1583 5216 1659 5284 τῷ
1692 5231 1821 5281 συγ-

249 5314 551 5381 γεγονέναι.
614 5312 831 5365 Μᾶλλον
882 5311 938 5364 δὲ
987 5314 1056 5365 τὰ
1109 5312 1230 5365 καθ’
1281 5314 1424 5382 ἡμᾶς
1483 5312 1715 5369 ἅπαντα,
1756 5309 1821 5378 ἢν

250 5406 494 5477 ἀκριϐῶς
549 5404 804 5477 θεωρήσῃ
862 5423 968 5470 τις,
1033 5405 1262 5475 ὀρνίθων
1302 5407 1457 5473 δίκην
1504 5402 1823 5471 πετομένων

252 5500 397 5568 ἡμᾶς
421 5503 780 5569 παρέρχεται.
811 5498 996 5549 Καίτοι
1021 5498 1115 5548 καὶ
1143 5498 1297 5566 ἡμεῖ,
1320 5492 1457 5549 αὐτὰ
1479 5509 1548 5546 πα
1560 5512 1655 5563 ρατ
1668 5493 1819 5563 ρέχο-

256 5607 376 5655 μεν,
402 5589 665 5659 διηνεκῶς
690 5590 828 5657 ἡμᾶς
861 5587 1297 5659 παρατρέχοντα.
1322 5587 1432 5638 Καὶ
1458 5585 1516 5637 τὸ
1548 5584 1682 5641 πολὺ
1707 5585 1819 5636 δει-

250 5683 498 5745 νότατον,
550 5682 902 5750 ἀνεπινόητος
944 5683 978 5750 η
1024 5674 1332 5751 διόρθωσις.
1360 5679 1527 5748 Νόμῳ
1565 5680 1673 5747 γὰρ
1713 5675 1815 5745 φύς

251 5792 388 5839 σεως
418 5774 687 5844 γίγνεται.
722 5774 856 5828 Σκιά
885 5774 952 5826 τὰ
982 5773 1131 5842 τῇδε,
1167 5772 1324 5842 ὄναρ,
1358 5772 1579 5834 καπνὸς,
1607 5770 1818 5839 ἀπάτη.

1920 5141 2019 5180 nos
2039 5125 2325 5194 accedunt.
2344 5122 2481 5176 Nam
2504 5132 2719 5188 sperata
2739 5122 2908 5188 prius,
2925 5135 3088 5187 quam
3114 5109 3490 5188 perficiantur,

1919 5230 2138 5269 sensum
2157 5215 2437 5284 effugiunt,
2456 5212 2685 5281 plusque
2704 5210 2969 5262 molestiae
2990 5217 3176 5262 creant
3201 5210 3491 5273 avolando,

1928 5322 2089 5374 quam
2118 5306 2348 5374 jucnndi
2396 5318 2619 5359 accessu
2665 5316 2768 5356 suo
2824 5301 3150 5370 largiantur.
3188 5299 3283 5355 Vel
3312 5303 3495 5371 potius

1925 5399 2108 5451 omnia
2148 5407 2355 5462 nostra,
2390 5396 2438 5451 si
2485 5396 2610 5464 quis
2638 5401 2894 5447 accurate
2923 5384 3256 5460 consideret,
3310 5396 3485 5450 instar

1926 5495 2108 5547 avium
2172 5490 2478 5544 volantium
2524 5503 2625 5543 nos
2686 5496 3041 5557 praetereunt.
3088 5483 3341 5541 Vicissim
3394 5501 3500 5541 nos

1928 5598 1994 5638 ea
2025 5597 2262 5651 quoque,
2308 5589 2573 5651 perpetuo
2612 5596 2775 5635 cursu
2825 5582 3231 5649 praetereuntis,
3272 5588 3496 5647 praeter»

1930 5677 2197 5737 vehimur.
2240 5674 2394 5740 Quod
2441 5675 2676 5744 deniqne
2719 5671 3107 5742 gravissimum
3147 5667 3494 5737 est,excogi-

1927 5768 2032 5822 tari
2065 5766 2278 5820 nullum
2315 5774 2493 5834 potest
2533 5764 2837 5819 remedium
2875 5780 2892 5829 ;
2927 5761 3217 5839 namihaec
3248 5761 3323 5813 ita
3375 5758 3494 5828 lege

1926 5869 2135 5912 natura:
2160 5858 2439 5913 accidunt.
2487 5856 2757 5910 Nimirum
2793 5857 2918 5910 vita:
2949 5855 3112 5922 hujus
3162 5866 3251 5908 res
3299 5847 3492 5904 umbra

1926 5960 2071 6015 sunt,
2097 5951 2396 6013 somnium,
2440 5948 2649 6017 fumus,
2689 5949 3018 6017 imposmra’.
