  <div class='ocr_page' id='page_1' title='image "/cluster/home/n/w/nwhite01/storage/ocr_20150623/156/hvd.32044019208438/252.png"; bbox 0 0 3978 6564; ppageno 0'>
   <div class='ocr_carea' id='block_1_1' title="bbox 194 396 315 462">
    <p class='ocr_par' dir='ltr' id='par_1_1' title="bbox 194 396 315 462">
     <span class='ocr_line' id='line_1_1' title="bbox 194 396 315 462; baseline -0.033 1"><span class='ocrx_word' id='word_1_1' title='bbox 194 396 315 462; x_wconf 79' lang='lat'><strong>361</strong></span> 
     </span>
    </p>
   </div>
   <div class='ocr_carea' id='block_1_2' title="bbox 1142 383 2438 452">
    <p class='ocr_par' dir='ltr' id='par_1_2' title="bbox 1142 383 2438 452">
     <span class='ocr_line' id='line_1_2' title="bbox 1142 383 2438 452; baseline -0.005 -2"><span class='ocrx_word' id='word_1_2' title='bbox 1142 387 1557 452; x_wconf 61' lang='lat' dir='ltr'><strong>PBECEPTA</strong></span> <span class='ocrx_word' id='word_1_3' title='bbox 1601 383 2122 448; x_wconf 74' lang='lat' dir='ltr'><strong>EDUCATIONIS</strong></span> <span class='ocrx_word' id='word_1_4' title='bbox 2155 384 2303 445; x_wconf 82' lang='lat' dir='ltr'><strong>REG</strong></span> <span class='ocrx_word' id='word_1_5' title='bbox 2319 385 2438 445; x_wconf 69' lang='lat' dir='ltr'><strong>LE.</strong></span> 
     </span>
    </p>
   </div>
   <div class='ocr_carea' id='block_1_3' title="bbox 3376 386 3481 450">
    <p class='ocr_par' dir='ltr' id='par_1_3' title="bbox 3376 386 3481 450">
     <span class='ocr_line' id='line_1_3' title="bbox 3376 386 3481 450; baseline -0.029 0"><span class='ocrx_word' id='word_1_6' title='bbox 3376 386 3481 450; x_wconf 77' lang='grc' dir='ltr'><strong>3θὲ</strong></span> 
     </span>
    </p>
   </div>
   <div class='ocr_carea' id='block_1_4' title="bbox 199 495 1818 581">
    <p class='ocr_par' dir='ltr' id='par_1_4' title="bbox 199 500 1796 581">
     <span class='ocr_line' id='line_1_4' title="bbox 199 500 1796 581; baseline -0.011 -15"><span class='ocrx_word' id='word_1_7' title='bbox 199 514 270 566; x_wconf 79' lang='grc' dir='ltr'><strong>ἓν</strong></span> <span class='ocrx_word' id='word_1_8' title='bbox 303 513 588 581; x_wconf 72' lang='grc' dir='ltr'>εἴργαστο,</span> <span class='ocrx_word' id='word_1_9' title='bbox 622 505 650 560; x_wconf 80' lang='grc' dir='ltr'><strong>ὃ</strong></span> <span class='ocrx_word' id='word_1_10' title='bbox 679 522 728 558; x_wconf 86' lang='grc' dir='ltr'><strong>τι</strong></span> <span class='ocrx_word' id='word_1_11' title='bbox 761 503 837 574; x_wconf 73' lang='grc' dir='ltr'>μὴ</span> <span class='ocrx_word' id='word_1_12' title='bbox 866 501 1008 557; x_wconf 85' lang='grc' dir='ltr'>πάνυ</span> <span class='ocrx_word' id='word_1_13' title='bbox 1051 501 1233 555; x_wconf 87' lang='grc' dir='ltr'>καλόν.</span> <span class='ocrx_word' id='word_1_14' title='bbox 1275 501 1443 555; x_wconf 81' lang='grc' dir='ltr'>Πόθεν</span> <span class='ocrx_word' id='word_1_15' title='bbox 1482 500 1548 555; x_wconf 76' lang='grc' dir='ltr'><strong>ἄν</strong></span> <span class='ocrx_word' id='word_1_16' title='bbox 1580 519 1662 565; x_wconf 85' lang='grc' dir='ltr'><strong>τις</strong></span> <span class='ocrx_word' id='word_1_17' title='bbox 1708 501 1796 552; x_wconf 75' lang='grc' dir='ltr'>εὖ.</span> 
     </span>
    </p>
   </div>
   <div class='ocr_carea' id='block_1_5' title="bbox 1928 495 3483 581">
    <p class='ocr_par' dir='ltr' id='par_1_5' title="bbox 1936 495 3483 568">
     <span class='ocr_line' id='line_1_5' title="bbox 1936 495 3483 568; baseline 0.001 -18"><span class='ocrx_word' id='word_1_18' title='bbox 1936 497 1974 550; x_wconf 92' lang='lat' dir='ltr'><strong>it</strong></span> <span class='ocrx_word' id='word_1_19' title='bbox 2015 497 2170 562; x_wconf 89' lang='lat' dir='ltr'><strong>liber,</strong></span> <span class='ocrx_word' id='word_1_20' title='bbox 2207 495 2311 551; x_wconf 91' lang='lat' dir='ltr'><strong>Deo</strong></span> <span class='ocrx_word' id='word_1_21' title='bbox 2335 505 2506 551; x_wconf 82' lang='lat' dir='ltr'><strong>totum</strong></span> <span class='ocrx_word' id='word_1_22' title='bbox 2539 505 2820 567; x_wconf 80' lang='lat' dir='ltr'><strong>acceptum</strong></span> <span class='ocrx_word' id='word_1_23' title='bbox 2856 496 3056 563; x_wconf 74' lang='lat' dir='ltr'><strong>ferens,</strong></span> <span class='ocrx_word' id='word_1_24' title='bbox 3082 497 3172 568; x_wconf 91' lang='lat' dir='ltr'><strong>qui</strong></span> <span class='ocrx_word' id='word_1_25' title='bbox 3210 497 3341 552; x_wconf 83' lang='lat' dir='ltr'><strong>nihil</strong></span> <span class='ocrx_word' id='word_1_26' title='bbox 3371 515 3483 553; x_wconf 83' lang='lat' dir='ltr'><strong>om-</strong></span> 
     </span>
    </p>
   </div>
   <div class='ocr_carea' id='block_1_6' title="bbox 204 594 1799 672">
    <p class='ocr_par' dir='ltr' id='par_1_6' title="bbox 204 594 1799 672">
     <span class='ocr_line' id='line_1_6' title="bbox 204 594 1799 672; baseline -0.008 -13"><span class='ocrx_word' id='word_1_27' title='bbox 204 605 400 659; x_wconf 80' lang='grc' dir='ltr'>σεδῶν</span> <span class='ocrx_word' id='word_1_28' title='bbox 450 603 562 672; x_wconf 77' lang='grc' dir='ltr'>ἔχει</span> <span class='ocrx_word' id='word_1_29' title='bbox 601 596 912 652; x_wconf 83' lang='grc' dir='ltr'>τούναντίον</span> <span class='ocrx_word' id='word_1_30' title='bbox 955 597 1171 660; x_wconf 80' lang='grc' dir='ltr'>εἰπεῖν;</span> <span class='ocrx_word' id='word_1_31' title='bbox 1228 596 1291 649; x_wconf 82' lang='lat' dir='ltr'><strong>El</strong></span> <span class='ocrx_word' id='word_1_32' title='bbox 1354 594 1466 666; x_wconf 80' lang='grc' dir='ltr'><strong>γὰρ</strong></span> <span class='ocrx_word' id='word_1_33' title='bbox 1532 595 1799 664; x_wconf 83' lang='grc' dir='ltr'>Ἑλλήνων</span> 
     </span>
    </p>
   </div>
   <div class='ocr_carea' id='block_1_7' title="bbox 203 682 1802 770">
    <p class='ocr_par' dir='ltr' id='par_1_7' title="bbox 203 682 1802 770">
     <span class='ocr_line' id='line_1_7' title="bbox 203 682 1802 770; baseline -0.009 -20"><span class='ocrx_word' id='word_1_34' title='bbox 203 694 407 763; x_wconf 72' lang='grc' dir='ltr'>παισὶ,</span> <span class='ocrx_word' id='word_1_35' title='bbox 430 693 570 764; x_wconf 81' lang='grc' dir='ltr'>τύχῃ</span> <span class='ocrx_word' id='word_1_36' title='bbox 590 707 649 744; x_wconf 91' lang='grc' dir='ltr'><strong>τε</strong></span> <span class='ocrx_word' id='word_1_37' title='bbox 675 689 770 742; x_wconf 76' lang='grc' dir='ltr'>καὶ</span> <span class='ocrx_word' id='word_1_38' title='bbox 787 685 1099 756; x_wconf 74' lang='grc' dir='ltr'>εἱμαρμένῃ</span> <span class='ocrx_word' id='word_1_39' title='bbox 1119 683 1454 770; x_wconf 57' lang='grc' dir='ltr'>δουλςύουσι,</span> <span class='ocrx_word' id='word_1_40' title='bbox 1485 683 1596 736; x_wconf 84' lang='grc' dir='ltr'>δεῖν</span> <span class='ocrx_word' id='word_1_41' title='bbox 1626 682 1802 736; x_wconf 68' lang='grc' dir='ltr'>ἐδόκει</span> 
     </span>
    </p>
   </div>
   <div class='ocr_carea' id='block_1_8' title="bbox 206 774 1802 858">
    <p class='ocr_par' dir='ltr' id='par_1_8' title="bbox 206 774 1802 858">
     <span class='ocr_line' id='line_1_8' title="bbox 206 774 1802 858; baseline -0.008 -16"><span class='ocrx_word' id='word_1_42' title='bbox 206 791 414 858; x_wconf 67' lang='grc' dir='ltr'>φέρειν</span> <span class='ocrx_word' id='word_1_43' title='bbox 441 788 508 839; x_wconf 66' lang='grc' dir='ltr'>τὰ</span> <span class='ocrx_word' id='word_1_44' title='bbox 534 783 665 854; x_wconf 82' lang='grc' dir='ltr'>παρ’</span> <span class='ocrx_word' id='word_1_45' title='bbox 697 780 900 844; x_wconf 74' lang='grc' dir='ltr'>αὐτῶν,</span> <span class='ocrx_word' id='word_1_46' title='bbox 936 778 1102 850; x_wconf 86' lang='grc' dir='ltr'>σχολῇ</span> <span class='ocrx_word' id='word_1_47' title='bbox 1134 795 1197 846; x_wconf 85' lang='grc' dir='ltr'><strong>γε</strong></span> <span class='ocrx_word' id='word_1_48' title='bbox 1251 780 1384 846; x_wconf 77' lang='grc' dir='ltr'>ἡμῖν</span> <span class='ocrx_word' id='word_1_49' title='bbox 1438 777 1500 830; x_wconf 83' lang='grc' dir='ltr'>οὐ</span> <span class='ocrx_word' id='word_1_50' title='bbox 1539 774 1704 841; x_wconf 62' lang='grc' dir='ltr'>δόξςν</span> <span class='ocrx_word' id='word_1_51' title='bbox 1731 777 1802 829; x_wconf 75' lang='grc' dir='ltr'><strong>τὰ</strong></span> 
     </span>
    </p>
   </div>
   <div class='ocr_carea' id='block_1_9' title="bbox 207 865 1803 950">
    <p class='ocr_par' dir='ltr' id='par_1_9' title="bbox 207 865 1803 950">
     <span class='ocr_line' id='line_1_9' title="bbox 207 865 1803 950; baseline -0.003 -24"><span class='ocrx_word' id='word_1_52' title='bbox 207 883 318 950; x_wconf 74' lang='grc' dir='ltr'>τῆς</span> <span class='ocrx_word' id='word_1_53' title='bbox 352 876 608 949; x_wconf 75' lang='grc' dir='ltr'><strong>προνοίας</strong></span> <span class='ocrx_word' id='word_1_54' title='bbox 637 871 1002 936; x_wconf 74' lang='grc' dir='ltr'>ἀσπάζεσθαι.</span> <span class='ocrx_word' id='word_1_55' title='bbox 1030 865 1164 923; x_wconf 77' lang='grc' dir='ltr'>Εἶτα</span> <span class='ocrx_word' id='word_1_56' title='bbox 1195 873 1307 932; x_wconf 78' lang='grc' dir='ltr'>τοῖς</span> <span class='ocrx_word' id='word_1_57' title='bbox 1340 870 1440 934; x_wconf 81' lang='grc' dir='ltr'>μὲν</span> <span class='ocrx_word' id='word_1_58' title='bbox 1487 870 1695 938; x_wconf 78' lang='grc' dir='ltr'><strong>κρίνοις</strong></span> <span class='ocrx_word' id='word_1_59' title='bbox 1747 869 1803 922; x_wconf 86' lang='grc' dir='ltr'><strong>αί</strong></span> 
     </span>
    </p>
   </div>
   <div class='ocr_carea' id='block_1_10' title="bbox 209 961 1802 1040">
    <p class='ocr_par' dir='ltr' id='par_1_10' title="bbox 209 961 1802 1040">
     <span class='ocr_line' id='line_1_10' title="bbox 209 961 1802 1040; baseline -0.006 -17"><span class='ocrx_word' id='word_1_60' title='bbox 209 971 428 1040; x_wconf 70' lang='grc' dir='ltr'>χροιαὶ,</span> <span class='ocrx_word' id='word_1_61' title='bbox 460 969 554 1022; x_wconf 77' lang='grc' dir='ltr'>καὶ</span> <span class='ocrx_word' id='word_1_62' title='bbox 584 967 640 1020; x_wconf 79' lang='grc' dir='ltr'>τὸ</span> <span class='ocrx_word' id='word_1_63' title='bbox 664 967 762 1034; x_wconf 81' lang='grc' dir='ltr'>τῆς</span> <span class='ocrx_word' id='word_1_64' title='bbox 795 963 946 1032; x_wconf 89' lang='grc' dir='ltr'>ῶρας</span> <span class='ocrx_word' id='word_1_65' title='bbox 968 964 1268 1032; x_wconf 82' lang='grc' dir='ltr'>ἀμήχανον,</span> <span class='ocrx_word' id='word_1_66' title='bbox 1301 961 1524 1023; x_wconf 77' lang='grc' dir='ltr'>καὶτοῖς</span> <span class='ocrx_word' id='word_1_67' title='bbox 1556 963 1802 1031; x_wconf 74' lang='grc' dir='ltr'>πτηνοῖς,</span> 
     </span>
    </p>
   </div>
   <div class='ocr_carea' id='block_1_11' title="bbox 212 1055 1805 1129">
    <p class='ocr_par' dir='ltr' id='par_1_11' title="bbox 212 1055 1805 1129">
     <span class='ocr_line' id='line_1_11' title="bbox 212 1055 1805 1129; baseline -0.004 -13"><span class='ocrx_word' id='word_1_68' title='bbox 212 1066 278 1116; x_wconf 71' lang='grc' dir='ltr'>οὐ</span> <span class='ocrx_word' id='word_1_69' title='bbox 306 1064 660 1129; x_wconf 76' lang='grc' dir='ltr'>συνάγουσιν,</span> <span class='ocrx_word' id='word_1_70' title='bbox 699 1057 810 1112; x_wconf 77' lang='grc' dir='ltr'>οὐδ’</span> <span class='ocrx_word' id='word_1_71' title='bbox 836 1056 1120 1127; x_wconf 76' lang='grc' dir='ltr'><strong>ἀποθήκας</strong></span> <span class='ocrx_word' id='word_1_72' title='bbox 1146 1056 1352 1126; x_wconf 80' lang='grc' dir='ltr'>ἔχουσι,</span> <span class='ocrx_word' id='word_1_73' title='bbox 1389 1055 1451 1109; x_wconf 79' lang='grc' dir='ltr'>τὸ</span> <span class='ocrx_word' id='word_1_74' title='bbox 1505 1056 1805 1125; x_wconf 80' lang='grc' dir='ltr'>τρέφεσθαι</span> 
     </span>
    </p>
   </div>
   <div class='ocr_carea' id='block_1_12' title="bbox 218 1145 1806 1225">
    <p class='ocr_par' dir='ltr' id='par_1_12' title="bbox 218 1145 1806 1225">
     <span class='ocr_line' id='line_1_12' title="bbox 218 1145 1806 1225; baseline -0.007 -17"><span class='ocrx_word' id='word_1_75' title='bbox 218 1155 381 1225; x_wconf 70' lang='grc' dir='ltr'>παρὰ</span> <span class='ocrx_word' id='word_1_76' title='bbox 411 1152 506 1205; x_wconf 79' lang='grc' dir='ltr'>τοῦ</span> <span class='ocrx_word' id='word_1_77' title='bbox 537 1148 885 1222; x_wconf 81' lang='grc' dir='ltr'>Δημιουργοῦ</span> <span class='ocrx_word' id='word_1_78' title='bbox 912 1164 926 1179; x_wconf 75' lang='grc' dir='ltr'><strong>ο</strong></span> <span class='ocrx_word' id='word_1_79' title='bbox 984 1147 1274 1218; x_wconf 83' lang='grc' dir='ltr'>ἀνθρώπου</span> <span class='ocrx_word' id='word_1_80' title='bbox 1299 1145 1356 1199; x_wconf 80' lang='grc' dir='ltr'>δὲ</span> <span class='ocrx_word' id='word_1_81' title='bbox 1407 1148 1630 1215; x_wconf 80' lang='grc' dir='ltr'>φροντὶς</span> <span class='ocrx_word' id='word_1_82' title='bbox 1657 1145 1806 1217; x_wconf 78' lang='grc' dir='ltr'>αὐτῷ</span> 
     </span>
    </p>
   </div>
   <div class='ocr_carea' id='block_1_13' title="bbox 214 1237 1804 1314">
    <p class='ocr_par' dir='ltr' id='par_1_13' title="bbox 214 1237 1804 1314">
     <span class='ocr_line' id='line_1_13' title="bbox 214 1237 1804 1314; baseline -0.006 -14"><span class='ocrx_word' id='word_1_83' title='bbox 214 1245 474 1314; x_wconf 66' lang='grc' dir='ltr'>οὐδαμῶς</span> <span class='ocrx_word' id='word_1_84' title='bbox 502 1244 569 1298; x_wconf 80' lang='grc' dir='ltr'><strong>ἂν</strong></span> <span class='ocrx_word' id='word_1_85' title='bbox 600 1245 842 1312; x_wconf 70' lang='grc' dir='ltr'>τένοντος</span> <span class='ocrx_word' id='word_1_86' title='bbox 883 1242 948 1296; x_wconf 80' lang='lat' dir='ltr'><strong>El</strong></span> <span class='ocrx_word' id='word_1_87' title='bbox 985 1241 1041 1294; x_wconf 78' lang='grc' dir='ltr'>δὲ</span> <span class='ocrx_word' id='word_1_88' title='bbox 1071 1239 1203 1302; x_wconf 77' lang='grc' dir='ltr'>Θεὸς</span> <span class='ocrx_word' id='word_1_89' title='bbox 1237 1237 1314 1291; x_wconf 86' lang='grc' dir='ltr'><strong>ῶν</strong></span> <span class='ocrx_word' id='word_1_90' title='bbox 1367 1237 1592 1304; x_wconf 59' lang='grc' dir='ltr'>ἀγαθᾶς,</span> <span class='ocrx_word' id='word_1_91' title='bbox 1645 1238 1804 1307; x_wconf 65' lang='grc' dir='ltr'>ἡμῶν</span> 
     </span>
    </p>
   </div>
   <div class='ocr_carea' id='block_1_14' title="bbox 215 1329 1802 1408">
    <p class='ocr_par' dir='ltr' id='par_1_14' title="bbox 215 1329 1802 1408">
     <span class='ocr_line' id='line_1_14' title="bbox 215 1329 1802 1408; baseline -0.006 -17"><span class='ocrx_word' id='word_1_92' title='bbox 215 1336 503 1408; x_wconf 75' lang='grc' dir='ltr'>φροντίζει</span> <span class='ocrx_word' id='word_1_93' title='bbox 528 1335 622 1390; x_wconf 83' lang='grc' dir='ltr'>καὶ</span> <span class='ocrx_word' id='word_1_94' title='bbox 662 1335 904 1406; x_wconf 75' lang='grc' dir='ltr'><strong>κήδεται,</strong></span> <span class='ocrx_word' id='word_1_95' title='bbox 936 1331 1038 1386; x_wconf 80' lang='grc' dir='ltr'>τίν’</span> <span class='ocrx_word' id='word_1_96' title='bbox 1089 1331 1204 1402; x_wconf 76' lang='grc' dir='ltr'>ἔχει</span> <span class='ocrx_word' id='word_1_97' title='bbox 1241 1329 1398 1398; x_wconf 86' lang='grc' dir='ltr'>λόγον</span> <span class='ocrx_word' id='word_1_98' title='bbox 1453 1329 1802 1399; x_wconf 84' lang='grc' dir='ltr'>ὐπεραλγείν,</span> 
     </span>
    </p>
   </div>
   <div class='ocr_carea' id='block_1_15' title="bbox 217 1417 1799 1498">
    <p class='ocr_par' dir='ltr' id='par_1_15' title="bbox 217 1417 1799 1498">
     <span class='ocr_line' id='line_1_15' title="bbox 217 1417 1799 1498; baseline -0.005 -16"><span class='ocrx_word' id='word_1_99' title='bbox 217 1432 253 1496; x_wconf 73' lang='grc' dir='ltr'>ἦ</span> <span class='ocrx_word' id='word_1_100' title='bbox 295 1430 394 1482; x_wconf 72' lang='grc' dir='ltr'>καὶ</span> <span class='ocrx_word' id='word_1_101' title='bbox 417 1429 478 1482; x_wconf 78' lang='grc' dir='ltr'>τὸ</span> <span class='ocrx_word' id='word_1_102' title='bbox 512 1429 589 1498; x_wconf 83' lang='grc' dir='ltr'>μὴ</span> <span class='ocrx_word' id='word_1_103' title='bbox 623 1426 784 1497; x_wconf 79' lang='grc' dir='ltr'>χάριν</span> <span class='ocrx_word' id='word_1_104' title='bbox 802 1425 1027 1486; x_wconf 73' lang='grc' dir='ltr'>ειδέναι,</span> <span class='ocrx_word' id='word_1_105' title='bbox 1057 1417 1160 1477; x_wconf 71' lang='grc' dir='ltr'>ὦδε</span> <span class='ocrx_word' id='word_1_106' title='bbox 1185 1422 1218 1493; x_wconf 82' lang='grc' dir='ltr'>ἦ</span> <span class='ocrx_word' id='word_1_107' title='bbox 1244 1422 1446 1492; x_wconf 76' lang='grc' dir='ltr'>ἑτέρως</span> <span class='ocrx_word' id='word_1_108' title='bbox 1474 1421 1582 1475; x_wconf 88' lang='grc' dir='ltr'><strong>τῶν</strong></span> <span class='ocrx_word' id='word_1_109' title='bbox 1615 1439 1799 1490; x_wconf 78' lang='grc' dir='ltr'>πραγ-</span> 
     </span>
    </p>
   </div>
   <div class='ocr_carea' id='block_1_16' title="bbox 218 1513 1806 1590">
    <p class='ocr_par' dir='ltr' id='par_1_16' title="bbox 218 1513 1806 1590">
     <span class='ocr_line' id='line_1_16' title="bbox 218 1513 1806 1590; baseline -0.003 -17"><span class='ocrx_word' id='word_1_110' title='bbox 218 1522 419 1589; x_wconf 71' lang='grc' dir='ltr'>μάτων</span> <span class='ocrx_word' id='word_1_111' title='bbox 466 1522 600 1590; x_wconf 72' lang='grc' dir='ltr'>ἡμῖν</span> <span class='ocrx_word' id='word_1_112' title='bbox 653 1516 1171 1588; x_wconf 73' lang='grc' dir='ltr'>οίκονομουμένωνς</span> <span class='ocrx_word' id='word_1_113' title='bbox 1220 1513 1393 1568; x_wconf 78' lang='grc' dir='ltr'>Τοῦτο</span> <span class='ocrx_word' id='word_1_114' title='bbox 1433 1513 1616 1585; x_wconf 73' lang='grc' dir='ltr'>ψυχῆς</span> <span class='ocrx_word' id='word_1_115' title='bbox 1663 1515 1806 1569; x_wconf 81' lang='grc' dir='ltr'>πάνυ</span> 
     </span>
    </p>
   </div>
   <div class='ocr_carea' id='block_1_17' title="bbox 213 1605 1238 1681">
    <p class='ocr_par' dir='ltr' id='par_1_17' title="bbox 213 1605 1238 1681">
     <span class='ocr_line' id='line_1_17' title="bbox 213 1605 1238 1681; baseline -0.004 -17"><span class='ocrx_word' id='word_1_116' title='bbox 213 1611 470 1681; x_wconf 72' lang='grc' dir='ltr'>σκληρᾶς</span> <span class='ocrx_word' id='word_1_117' title='bbox 495 1650 510 1676; x_wconf 94' lang='grc'><strong>,</strong></span> <span class='ocrx_word' id='word_1_118' title='bbox 544 1609 794 1673; x_wconf 78' lang='grc' dir='ltr'>δοθέντος</span> <span class='ocrx_word' id='word_1_119' title='bbox 847 1605 988 1664; x_wconf 74' lang='grc' dir='ltr'>εἶναι</span> <span class='ocrx_word' id='word_1_120' title='bbox 1020 1607 1238 1676; x_wconf 80' lang='grc' dir='ltr'><strong>πιστῆς.</strong></span> 
     </span>
    </p>
   </div>
   <div class='ocr_carea' id='block_1_18' title="bbox 1905 591 3484 661">
    <p class='ocr_par' dir='ltr' id='par_1_18' title="bbox 1905 591 3484 661">
     <span class='ocr_line' id='line_1_18' title="bbox 1905 591 3484 661; baseline 0.002 -16"><span class='ocrx_word' id='word_1_121' title='bbox 1905 591 2036 645; x_wconf 86' lang='lat' dir='ltr'><strong>nino</strong></span> <span class='ocrx_word' id='word_1_122' title='bbox 2072 591 2222 657; x_wconf 78' lang='lat' dir='ltr'><strong>facit,</strong></span> <span class='ocrx_word' id='word_1_123' title='bbox 2256 591 2401 661; x_wconf 83' lang='lat' dir='ltr'><strong>quod</strong></span> <span class='ocrx_word' id='word_1_124' title='bbox 2432 606 2538 644; x_wconf 91' lang='lat' dir='ltr'><strong>non</strong></span> <span class='ocrx_word' id='word_1_125' title='bbox 2575 591 2726 645; x_wconf 89' lang='lat' dir='ltr'><strong>valde</strong></span> <span class='ocrx_word' id='word_1_126' title='bbox 2759 592 2828 646; x_wconf 88' lang='lat' dir='ltr'><strong>sit</strong></span> <span class='ocrx_word' id='word_1_127' title='bbox 2861 591 3087 646; x_wconf 88' lang='lat' dir='ltr'><strong>bonum.</strong></span> <span class='ocrx_word' id='word_1_128' title='bbox 3123 591 3336 658; x_wconf 86' lang='lat' dir='ltr'><strong>Quibus</strong></span> <span class='ocrx_word' id='word_1_129' title='bbox 3399 609 3484 648; x_wconf 82' lang='lat' dir='ltr'><strong>ar-</strong></span> 
     </span>
    </p>
   </div>
   <div class='ocr_carea' id='block_1_19' title="bbox 1905 685 3485 756">
    <p class='ocr_par' dir='ltr' id='par_1_19' title="bbox 1905 685 3485 756">
     <span class='ocr_line' id='line_1_19' title="bbox 1905 685 3485 756; baseline 0.002 -17"><span class='ocrx_word' id='word_1_130' title='bbox 1905 685 2180 755; x_wconf 82' lang='lat' dir='ltr'><strong>gumentis</strong></span> <span class='ocrx_word' id='word_1_131' title='bbox 2208 685 2378 740; x_wconf 80' lang='lat' dir='ltr'><strong>frctus</strong></span> <span class='ocrx_word' id='word_1_132' title='bbox 2425 686 2590 740; x_wconf 90' lang='lat' dir='ltr'><strong>homo</strong></span> <span class='ocrx_word' id='word_1_133' title='bbox 2633 686 2923 756; x_wconf 79' lang='lat' dir='ltr'><strong>religiosus</strong></span> <span class='ocrx_word' id='word_1_134' title='bbox 2966 687 3050 740; x_wconf 90' lang='lat' dir='ltr'><strong>his</strong></span> <span class='ocrx_word' id='word_1_135' title='bbox 3109 688 3485 743; x_wconf 81' lang='lat' dir='ltr'><strong>contradicere</strong></span> 
     </span>
    </p>
   </div>
   <div class='ocr_carea' id='block_1_20' title="bbox 1906 776 3488 850">
    <p class='ocr_par' dir='ltr' id='par_1_20' title="bbox 1906 776 3488 850">
     <span class='ocr_line' id='line_1_20' title="bbox 1906 776 3488 850; baseline 0.001 -18"><span class='ocrx_word' id='word_1_136' title='bbox 1906 779 2121 844; x_wconf 86' lang='lat' dir='ltr'><strong>possit?</strong></span> <span class='ocrx_word' id='word_1_137' title='bbox 2152 776 2285 832; x_wconf 82' lang='lat' dir='ltr'><strong>Nam</strong></span> <span class='ocrx_word' id='word_1_138' title='bbox 2319 780 2364 833; x_wconf 87' lang='lat' dir='ltr'><strong>si</strong></span> <span class='ocrx_word' id='word_1_139' title='bbox 2395 779 2615 850; x_wconf 76' lang='lat' dir='ltr'><strong>pagani,</strong></span> <span class='ocrx_word' id='word_1_140' title='bbox 2649 780 2880 834; x_wconf 76' lang='lat' dir='ltr'><strong>fortuna:</strong></span> <span class='ocrx_word' id='word_1_141' title='bbox 2910 780 3130 849; x_wconf 79' lang='lat' dir='ltr'><strong>fatoque</strong></span> <span class='ocrx_word' id='word_1_142' title='bbox 3164 783 3488 846; x_wconf 76' lang='lat' dir='ltr'><strong>servientes,</strong></span> 
     </span>
    </p>
   </div>
   <div class='ocr_carea' id='block_1_21' title="bbox 1908 871 3487 944">
    <p class='ocr_par' dir='ltr' id='par_1_21' title="bbox 1908 871 3487 944">
     <span class='ocr_line' id='line_1_21' title="bbox 1908 871 3487 944; baseline 0.003 -19"><span class='ocrx_word' id='word_1_143' title='bbox 1908 871 2129 927; x_wconf 77' lang='lat' dir='ltr'><strong>ferenda</strong></span> <span class='ocrx_word' id='word_1_144' title='bbox 2166 873 2448 943; x_wconf 88' lang='lat' dir='ltr'><strong>putabant,</strong></span> <span class='ocrx_word' id='word_1_145' title='bbox 2486 889 2824 944; x_wconf 62' lang='lat' dir='ltr'><strong>quaecunque</strong></span> <span class='ocrx_word' id='word_1_146' title='bbox 2868 875 2936 929; x_wconf 91' lang='lat' dir='ltr'><strong>ab</strong></span> <span class='ocrx_word' id='word_1_147' title='bbox 2979 875 3064 930; x_wconf 89' lang='lat' dir='ltr'><strong>his</strong></span> <span class='ocrx_word' id='word_1_148' title='bbox 3091 872 3332 944; x_wconf 76' lang='lat' dir='ltr'><strong>profecta</strong></span> <span class='ocrx_word' id='word_1_149' title='bbox 3357 875 3487 929; x_wconf 46' lang='lat' dir='ltr'><strong>luis.</strong></span> 
     </span>
    </p>
   </div>
   <div class='ocr_carea' id='block_1_22' title="bbox 1909 969 3488 1038">
    <p class='ocr_par' dir='ltr' id='par_1_22' title="bbox 1909 969 3488 1038">
     <span class='ocr_line' id='line_1_22' title="bbox 1909 969 3488 1038; baseline -0.001 -16"><span class='ocrx_word' id='word_1_150' title='bbox 1909 976 2049 1032; x_wconf 86' lang='lat' dir='ltr'><strong>seut,</strong></span> <span class='ocrx_word' id='word_1_151' title='bbox 2094 982 2440 1036; x_wconf 77' lang='lat' dir='ltr'><strong>nequaquam</strong></span> <span class='ocrx_word' id='word_1_152' title='bbox 2489 983 2587 1022; x_wconf 90' lang='lat' dir='ltr'><strong>nos</strong></span> <span class='ocrx_word' id='word_1_153' title='bbox 2633 982 2716 1031; x_wconf 78' lang='lat' dir='ltr'><strong>ea,</strong></span> <span class='ocrx_word' id='word_1_154' title='bbox 2760 984 2882 1036; x_wconf 81' lang='lat' dir='ltr'><strong>qua:</strong></span> <span class='ocrx_word' id='word_1_155' title='bbox 2923 983 2949 1019; x_wconf 89' lang='lat' dir='ltr'><strong>a</strong></span> <span class='ocrx_word' id='word_1_156' title='bbox 2985 969 3318 1036; x_wconf 67' lang='lat' dir='ltr'><strong>providentia</strong></span> <span class='ocrx_word' id='word_1_157' title='bbox 3368 984 3488 1038; x_wconf 55' lang='lat' dir='ltr'><strong>pror</strong></span> 
     </span>
    </p>
   </div>
   <div class='ocr_carea' id='block_1_23' title="bbox 1915 1061 3488 1120">
    <p class='ocr_par' dir='ltr' id='par_1_23' title="bbox 1915 1061 3488 1120">
     <span class='ocr_line' id='line_1_23' title="bbox 1915 1061 3488 1120; baseline 0.002 -6"><span class='ocrx_word' id='word_1_158' title='bbox 1915 1061 2258 1120; x_wconf 82' lang='lat' dir='ltr'><strong>ﬁciscuntur.</strong></span> <span class='ocrx_word' id='word_1_159' title='bbox 2294 1062 2418 1115; x_wconf 89' lang='lat' dir='ltr'><strong>boni</strong></span> <span class='ocrx_word' id='word_1_160' title='bbox 2441 1078 2549 1115; x_wconf 86' lang='lat' dir='ltr'><strong>non</strong></span> <span class='ocrx_word' id='word_1_161' title='bbox 2584 1062 2915 1118; x_wconf 86' lang='lat' dir='ltr'><strong>consulcnda</strong></span> <span class='ocrx_word' id='word_1_162' title='bbox 2947 1063 3318 1118; x_wconf 75' lang='lat' dir='ltr'><strong>censebimus.</strong></span> <span class='ocrx_word' id='word_1_163' title='bbox 3349 1061 3488 1117; x_wconf 69' lang='lat' dir='ltr'><strong>Prte-</strong></span> 
     </span>
    </p>
   </div>
   <div class='ocr_carea' id='block_1_24' title="bbox 1916 1154 3488 1220">
    <p class='ocr_par' dir='ltr' id='par_1_24' title="bbox 1916 1154 3488 1220">
     <span class='ocr_line' id='line_1_24' title="bbox 1916 1154 3488 1220; baseline 0.003 -14"><span class='ocrx_word' id='word_1_164' title='bbox 1916 1162 2062 1208; x_wconf 79' lang='lat' dir='ltr'><strong>terca</strong></span> <span class='ocrx_word' id='word_1_165' title='bbox 2103 1154 2229 1208; x_wconf 89' lang='lat' dir='ltr'><strong>liliis</strong></span> <span class='ocrx_word' id='word_1_166' title='bbox 2257 1165 2305 1208; x_wconf 87' lang='lat' dir='ltr'><strong>ct</strong></span> <span class='ocrx_word' id='word_1_167' title='bbox 2342 1155 2555 1208; x_wconf 89' lang='lat' dir='ltr'><strong>colores</strong></span> <span class='ocrx_word' id='word_1_168' title='bbox 2583 1163 2637 1208; x_wconf 89' lang='lat' dir='ltr'><strong>et</strong></span> <span class='ocrx_word' id='word_1_169' title='bbox 2690 1168 2949 1210; x_wconf 77' lang='lat' dir='ltr'><strong>venustas</strong></span> <span class='ocrx_word' id='word_1_170' title='bbox 2980 1155 3403 1220; x_wconf 66' lang='lat' dir='ltr'><strong>inaestimabilis,</strong></span> <span class='ocrx_word' id='word_1_171' title='bbox 3434 1173 3488 1210; x_wconf 84' lang='lat' dir='ltr'><strong>a-</strong></span> 
     </span>
    </p>
   </div>
   <div class='ocr_carea' id='block_1_25' title="bbox 1915 1248 3491 1318">
    <p class='ocr_par' dir='ltr' id='par_1_25' title="bbox 1915 1248 3491 1318">
     <span class='ocr_line' id='line_1_25' title="bbox 1915 1248 3491 1318; baseline 0.003 -20"><span class='ocrx_word' id='word_1_172' title='bbox 1915 1249 2183 1315; x_wconf 82' lang='lat' dir='ltr'><strong>vibusque</strong></span> <span class='ocrx_word' id='word_1_173' title='bbox 2212 1248 2345 1301; x_wconf 84' lang='lat' dir='ltr'><strong>nihil</strong></span> <span class='ocrx_word' id='word_1_174' title='bbox 2378 1248 2780 1318; x_wconf 77' lang='lat' dir='ltr'><strong>colligentibus,</strong></span> <span class='ocrx_word' id='word_1_175' title='bbox 2805 1264 2902 1303; x_wconf 86' lang='lat' dir='ltr'><strong>nec</strong></span> <span class='ocrx_word' id='word_1_176' title='bbox 2923 1248 3250 1304; x_wconf 79' lang='lat' dir='ltr'><strong>habentibus</strong></span> <span class='ocrx_word' id='word_1_177' title='bbox 3275 1248 3491 1302; x_wconf 80' lang='lat' dir='ltr'><strong>horrea.</strong></span> 
     </span>
    </p>
   </div>
   <div class='ocr_carea' id='block_1_26' title="bbox 1915 1337 3492 1408">
    <p class='ocr_par' dir='ltr' id='par_1_26' title="bbox 1915 1337 3492 1408">
     <span class='ocr_line' id='line_1_26' title="bbox 1915 1337 3492 1408; baseline 0.001 -16"><span class='ocrx_word' id='word_1_178' title='bbox 1915 1353 2096 1392; x_wconf 85' lang='lat' dir='ltr'><strong>rerum</strong></span> <span class='ocrx_word' id='word_1_179' title='bbox 2130 1340 2201 1394; x_wconf 93' lang='lat' dir='ltr'><strong>oh</strong></span> <span class='ocrx_word' id='word_1_180' title='bbox 2235 1337 2442 1408; x_wconf 83' lang='lat' dir='ltr'><strong>Opiﬁce</strong></span> <span class='ocrx_word' id='word_1_181' title='bbox 2487 1341 2816 1394; x_wconf 76' lang='lat' dir='ltr'><strong>nutrimenta</strong></span> <span class='ocrx_word' id='word_1_182' title='bbox 2869 1341 3103 1395; x_wconf 86' lang='lat' dir='ltr'><strong>dantur:</strong></span> <span class='ocrx_word' id='word_1_183' title='bbox 3168 1348 3221 1394; x_wconf 90' lang='lat' dir='ltr'><strong>ct</strong></span> <span class='ocrx_word' id='word_1_184' title='bbox 3257 1340 3492 1394; x_wconf 84' lang='lat' dir='ltr'><strong>hominis</strong></span> 
     </span>
    </p>
   </div>
   <div class='ocr_carea' id='block_1_27' title="bbox 1909 1431 3492 1503">
    <p class='ocr_par' dir='ltr' id='par_1_27' title="bbox 1909 1431 3492 1503">
     <span class='ocr_line' id='line_1_27' title="bbox 1909 1431 3492 1503; baseline 0.001 -19"><span class='ocrx_word' id='word_1_185' title='bbox 1909 1431 2000 1484; x_wconf 87' lang='lat' dir='ltr'><strong>ille</strong></span> <span class='ocrx_word' id='word_1_186' title='bbox 2039 1448 2170 1486; x_wconf 90' lang='lat' dir='ltr'><strong>cura</strong></span> <span class='ocrx_word' id='word_1_187' title='bbox 2207 1432 2353 1486; x_wconf 85' lang='lat' dir='ltr'><strong>nulla</strong></span> <span class='ocrx_word' id='word_1_188' title='bbox 2386 1434 2672 1503; x_wconf 79' lang='lat' dir='ltr'><strong>tangitur?</strong></span> <span class='ocrx_word' id='word_1_189' title='bbox 2709 1432 2858 1503; x_wconf 87' lang='lat' dir='ltr'><strong>quod</strong></span> <span class='ocrx_word' id='word_1_190' title='bbox 2897 1433 2941 1488; x_wconf 91' lang='lat' dir='ltr'><strong>si</strong></span> <span class='ocrx_word' id='word_1_191' title='bbox 2981 1433 3156 1487; x_wconf 73' lang='lat' dir='ltr'><strong>boaus</strong></span> <span class='ocrx_word' id='word_1_192' title='bbox 3210 1432 3352 1487; x_wconf 86' lang='lat' dir='ltr'><strong>Dens</strong></span> <span class='ocrx_word' id='word_1_193' title='bbox 3395 1448 3492 1485; x_wconf 90' lang='lat' dir='ltr'><strong>cu-</strong></span> 
     </span>
    </p>
   </div>
   <div class='ocr_carea' id='block_1_28' title="bbox 1911 1523 3490 1595">
    <p class='ocr_par' dir='ltr' id='par_1_28' title="bbox 1911 1523 3490 1595">
     <span class='ocr_line' id='line_1_28' title="bbox 1911 1523 3490 1595; baseline 0.002 -22"><span class='ocrx_word' id='word_1_194' title='bbox 1911 1539 2026 1574; x_wconf 88' lang='lat' dir='ltr'><strong>ram</strong></span> <span class='ocrx_word' id='word_1_195' title='bbox 2058 1524 2229 1578; x_wconf 82' lang='lat' dir='ltr'><strong>nostri</strong></span> <span class='ocrx_word' id='word_1_196' title='bbox 2269 1525 2502 1580; x_wconf 86' lang='lat' dir='ltr'><strong>sollicite</strong></span> <span class='ocrx_word' id='word_1_197' title='bbox 2540 1525 2701 1594; x_wconf 88' lang='lat' dir='ltr'><strong>gerit,</strong></span> <span class='ocrx_word' id='word_1_198' title='bbox 2738 1540 2845 1595; x_wconf 90' lang='lat' dir='ltr'><strong>qua</strong></span> <span class='ocrx_word' id='word_1_199' title='bbox 2891 1525 3103 1578; x_wconf 86' lang='lat' dir='ltr'><strong>ratione</strong></span> <span class='ocrx_word' id='word_1_200' title='bbox 3136 1523 3380 1588; x_wconf 83' lang='lat' dir='ltr'><strong>subnixi,</strong></span> <span class='ocrx_word' id='word_1_201' title='bbox 3418 1524 3490 1576; x_wconf 78' lang='lat' dir='ltr'><strong>ni-</strong></span> 
     </span>
    </p>
   </div>
   <div class='ocr_carea' id='block_1_29' title="bbox 1907 1615 3492 1687">
    <p class='ocr_par' dir='ltr' id='par_1_29' title="bbox 1907 1615 3492 1687">
     <span class='ocr_line' id='line_1_29' title="bbox 1907 1615 3492 1687; baseline -0.001 -19"><span class='ocrx_word' id='word_1_202' title='bbox 1907 1616 2017 1670; x_wconf 87' lang='lat' dir='ltr'><strong>mio</strong></span> <span class='ocrx_word' id='word_1_203' title='bbox 2035 1617 2219 1673; x_wconf 87' lang='lat' dir='ltr'><strong>dolore</strong></span> <span class='ocrx_word' id='word_1_204' title='bbox 2239 1622 2709 1684; x_wconf 86' lang='lat' dir='ltr'><strong>contabescemus,</strong></span> <span class='ocrx_word' id='word_1_205' title='bbox 2743 1619 2821 1674; x_wconf 93' lang='lat' dir='ltr'><strong>vel</strong></span> <span class='ocrx_word' id='word_1_206' title='bbox 2851 1619 2959 1672; x_wconf 78' lang='lat' dir='ltr'><strong>Deo</strong></span> <span class='ocrx_word' id='word_1_207' title='bbox 2999 1617 3225 1687; x_wconf 80' lang='lat' dir='ltr'><strong>gratiam</strong></span> <span class='ocrx_word' id='word_1_208' title='bbox 3261 1631 3366 1669; x_wconf 92' lang='lat' dir='ltr'><strong>non</strong></span> <span class='ocrx_word' id='word_1_209' title='bbox 3400 1615 3492 1668; x_wconf 88' lang='lat' dir='ltr'><strong>ha-</strong></span> 
     </span>
    </p>
   </div>
   <div class='ocr_carea' id='block_1_30' title="bbox 215 1702 3492 1782">
    <p class='ocr_par' dir='ltr' id='par_1_30' title="bbox 215 1702 3492 1782">
     <span class='ocr_line' id='line_1_30' title="bbox 215 1702 3492 1782; baseline 0.001 -22"><span class='ocrx_word' id='word_1_210' title='bbox 215 1707 502 1770; x_wconf 81' lang='lat' dir='ltr'><strong>bebimus,</strong></span> <span class='ocrx_word' id='word_1_211' title='bbox 529 1721 651 1762; x_wconf 90' lang='lat' dir='ltr'><strong>cum</strong></span> <span class='ocrx_word' id='word_1_212' title='bbox 683 1707 786 1761; x_wconf 91' lang='lat' dir='ltr'><strong>hoc</strong></span> <span class='ocrx_word' id='word_1_213' title='bbox 817 1704 981 1759; x_wconf 89' lang='lat' dir='ltr'><strong>illove</strong></span> <span class='ocrx_word' id='word_1_214' title='bbox 1027 1702 1193 1757; x_wconf 87' lang='lat' dir='ltr'><strong>modo</strong></span> <span class='ocrx_word' id='word_1_215' title='bbox 1227 1716 1316 1758; x_wconf 84' lang='lat' dir='ltr'><strong>res</strong></span> <span class='ocrx_word' id='word_1_216' title='bbox 1349 1702 1418 1756; x_wconf 83' lang='lat' dir='ltr'><strong>ab</strong></span> <span class='ocrx_word' id='word_1_217' title='bbox 1447 1717 1514 1758; x_wconf 87' lang='lat' dir='ltr'><strong>eo</strong></span> <span class='ocrx_word' id='word_1_218' title='bbox 1551 1711 1750 1760; x_wconf 67' lang='lat' dir='ltr'><strong>nostra:</strong></span> <span class='ocrx_word' id='word_1_219' title='bbox 1776 1705 2250 1769; x_wconf 84' lang='lat' dir='ltr'><strong>administrantur.</strong></span> <span class='ocrx_word' id='word_1_220' title='bbox 2295 1713 2561 1768; x_wconf 85' lang='lat' dir='ltr'><strong>Nimirum</strong></span> <span class='ocrx_word' id='word_1_221' title='bbox 2623 1715 2724 1767; x_wconf 88' lang='lat' dir='ltr'><strong>hoc</strong></span> <span class='ocrx_word' id='word_1_222' title='bbox 2787 1711 3082 1766; x_wconf 84' lang='lat' dir='ltr'><strong>admodum</strong></span> <span class='ocrx_word' id='word_1_223' title='bbox 3127 1711 3283 1782; x_wconf 77' lang='lat' dir='ltr'><strong>rigidi</strong></span> <span class='ocrx_word' id='word_1_224' title='bbox 3337 1709 3492 1764; x_wconf 78' lang='lat' dir='ltr'><strong>fuerit</strong></span> 
     </span>
    </p>
   </div>
   <div class='ocr_carea' id='block_1_31' title="bbox 213 1795 1523 1871">
    <p class='ocr_par' dir='ltr' id='par_1_31' title="bbox 213 1795 1523 1871">
     <span class='ocr_line' id='line_1_31' title="bbox 213 1795 1523 1871; baseline -0.002 -18"><span class='ocrx_word' id='word_1_225' title='bbox 213 1801 427 1864; x_wconf 73' lang='lat' dir='ltr'><strong>animi,</strong></span> <span class='ocrx_word' id='word_1_226' title='bbox 447 1801 492 1856; x_wconf 89' lang='lat' dir='ltr'><strong>si</strong></span> <span class='ocrx_word' id='word_1_227' title='bbox 526 1798 746 1871; x_wconf 87' lang='lat' dir='ltr'><strong>quidem</strong></span> <span class='ocrx_word' id='word_1_228' title='bbox 773 1796 1134 1859; x_wconf 75' lang='lat' dir='ltr'><strong>concedatur,</strong></span> <span class='ocrx_word' id='word_1_229' title='bbox 1169 1809 1296 1851; x_wconf 87' lang='lat' dir='ltr'><strong>esse</strong></span> <span class='ocrx_word' id='word_1_230' title='bbox 1328 1795 1523 1852; x_wconf 78' lang='lat' dir='ltr'><strong>ﬁdelis.</strong></span> 
     </span>
    </p>
   </div>
   <div class='ocr_carea' id='block_1_32' title="bbox 954 1891 1070 1944">
    <p class='ocr_par' dir='ltr' id='par_1_32' title="bbox 954 1891 1070 1944">
     <span class='ocr_line' id='line_1_32' title="bbox 954 1891 1070 1944; baseline -0.017 0"><span class='ocrx_word' id='word_1_231' title='bbox 954 1891 1070 1944; x_wconf 87' lang='grc' dir='ltr'>ΞΖ⁹.</span> 
     </span>
    </p>
   </div>
   <div class='ocr_carea' id='block_1_33' title="bbox 295 1985 1810 2058">
    <p class='ocr_par' dir='ltr' id='par_1_33' title="bbox 295 1985 1810 2058">
     <span class='ocr_line' id='line_1_33' title="bbox 295 1985 1810 2058; baseline -0.003 -16"><span class='ocrx_word' id='word_1_232' title='bbox 295 1987 525 2058; x_wconf 85' lang='grc' dir='ltr'>Πλούτῳ</span> <span class='ocrx_word' id='word_1_233' title='bbox 553 1988 581 2040; x_wconf 88' lang='grc' dir='ltr'><strong>ό</strong></span> <span class='ocrx_word' id='word_1_234' title='bbox 617 1987 715 2057; x_wconf 69' lang='grc' dir='ltr'>μὲν</span> <span class='ocrx_word' id='word_1_235' title='bbox 743 1985 954 2057; x_wconf 70' lang='grc' dir='ltr'>ἥδεται,</span> <span class='ocrx_word' id='word_1_236' title='bbox 1010 1987 1072 2039; x_wconf 84' lang='grc' dir='ltr'>οὐ</span> <span class='ocrx_word' id='word_1_237' title='bbox 1122 1987 1184 2040; x_wconf 84' lang='grc' dir='ltr'><strong>τὸ</strong></span> <span class='ocrx_word' id='word_1_238' title='bbox 1226 1985 1452 2057; x_wconf 81' lang='grc' dir='ltr'>χρυσίον</span> <span class='ocrx_word' id='word_1_239' title='bbox 1493 1985 1810 2055; x_wconf 74' lang='grc' dir='ltr'>θαυμάζων,</span> 
     </span>
    </p>
   </div>
   <div class='ocr_carea' id='block_1_34' title="bbox 214 2074 1809 2150">
    <p class='ocr_par' dir='ltr' id='par_1_34' title="bbox 214 2074 1809 2150">
     <span class='ocr_line' id='line_1_34' title="bbox 214 2074 1809 2150; baseline -0.002 -15"><span class='ocrx_word' id='word_1_240' title='bbox 214 2081 346 2135; x_wconf 82' lang='grc' dir='ltr'>ἀλλ’</span> <span class='ocrx_word' id='word_1_241' title='bbox 380 2081 456 2144; x_wconf 86' lang='grc' dir='ltr'>ὡς</span> <span class='ocrx_word' id='word_1_242' title='bbox 492 2079 639 2150; x_wconf 82' lang='grc' dir='ltr'><strong>αὐτῷ</strong></span> <span class='ocrx_word' id='word_1_243' title='bbox 667 2079 966 2150; x_wconf 74' lang='grc' dir='ltr'>δυνάμενος</span> <span class='ocrx_word' id='word_1_244' title='bbox 1016 2079 1209 2132; x_wconf 79' lang='grc' dir='ltr'>ἑαυτὸν</span> <span class='ocrx_word' id='word_1_245' title='bbox 1260 2077 1355 2132; x_wconf 81' lang='grc' dir='ltr'>καὶ</span> <span class='ocrx_word' id='word_1_246' title='bbox 1401 2079 1693 2147; x_wconf 81' lang='grc' dir='ltr'><strong>δεομένους</strong></span> <span class='ocrx_word' id='word_1_247' title='bbox 1750 2074 1809 2132; x_wconf 79' lang='grc' dir='ltr'>εὖ</span> 
     </span>
    </p>
   </div>
   <div class='ocr_carea' id='block_1_35' title="bbox 216 2169 1812 2239">
    <p class='ocr_par' dir='ltr' id='par_1_35' title="bbox 216 2169 1812 2239">
     <span class='ocr_line' id='line_1_35' title="bbox 216 2169 1812 2239; baseline 0 -15"><span class='ocrx_word' id='word_1_248' title='bbox 216 2174 409 2225; x_wconf 76' lang='grc' dir='ltr'>ποιεῖν</span> <span class='ocrx_word' id='word_1_249' title='bbox 428 2188 440 2203; x_wconf 78' lang='grc' dir='ltr'><strong>ο</strong></span> <span class='ocrx_word' id='word_1_250' title='bbox 478 2170 638 2232; x_wconf 78' lang='grc' dir='ltr'>ἄλλος</span> <span class='ocrx_word' id='word_1_251' title='bbox 665 2169 711 2222; x_wconf 77' lang='grc' dir='ltr'>δ’</span> <span class='ocrx_word' id='word_1_252' title='bbox 741 2169 818 2222; x_wconf 86' lang='grc' dir='ltr'>ῶν</span> <span class='ocrx_word' id='word_1_253' title='bbox 871 2170 1193 2239; x_wconf 78' lang='grc' dir='ltr'><strong>ἀκόρεστος,</strong></span> <span class='ocrx_word' id='word_1_254' title='bbox 1230 2172 1325 2224; x_wconf 73' lang='grc' dir='ltr'>καὶ</span> <span class='ocrx_word' id='word_1_255' title='bbox 1356 2171 1416 2223; x_wconf 72' lang='grc' dir='ltr'><strong>τὸ</strong></span> <span class='ocrx_word' id='word_1_256' title='bbox 1445 2170 1697 2226; x_wconf 76' lang='grc' dir='ltr'>πλουτεῖν</span> <span class='ocrx_word' id='word_1_257' title='bbox 1722 2172 1812 2224; x_wconf 80' lang='grc' dir='ltr'>τέ-</span> 
     </span>
    </p>
   </div>
   <div class='ocr_carea' id='block_1_36' title="bbox 216 2263 1814 2334">
    <p class='ocr_par' dir='ltr' id='par_1_36' title="bbox 216 2263 1814 2334">
     <span class='ocr_line' id='line_1_36' title="bbox 216 2263 1814 2334; baseline 0.001 -16"><span class='ocrx_word' id='word_1_258' title='bbox 216 2266 321 2328; x_wconf 88' lang='grc' dir='ltr'><strong>λος</strong></span> <span class='ocrx_word' id='word_1_259' title='bbox 377 2264 539 2334; x_wconf 71' lang='grc' dir='ltr'>ἔχων,</span> <span class='ocrx_word' id='word_1_260' title='bbox 606 2263 702 2316; x_wconf 67' lang='grc' dir='ltr'><strong>καὶ</strong></span> <span class='ocrx_word' id='word_1_261' title='bbox 764 2263 1014 2316; x_wconf 86' lang='grc' dir='ltr'>πλουτῶν</span> <span class='ocrx_word' id='word_1_262' title='bbox 1066 2263 1328 2333; x_wconf 83' lang='grc' dir='ltr'>ἀδημονεϊ</span> <span class='ocrx_word' id='word_1_263' title='bbox 1390 2264 1486 2318; x_wconf 87' lang='grc' dir='ltr'>καὶ</span> <span class='ocrx_word' id='word_1_264' title='bbox 1541 2265 1681 2319; x_wconf 79' lang='grc' dir='ltr'>κατὰ</span> <span class='ocrx_word' id='word_1_265' title='bbox 1720 2266 1814 2320; x_wconf 68' lang='grc' dir='ltr'>τὶν</span> 
     </span>
    </p>
   </div>
   <div class='ocr_carea' id='block_1_37' title="bbox 234 2349 1805 2427">
    <p class='ocr_par' dir='ltr' id='par_1_37' title="bbox 234 2349 1805 2427">
     <span class='ocr_line' id='line_1_37' title="bbox 234 2349 1805 2427; baseline -0.001 -16"><span class='ocrx_word' id='word_1_266' title='bbox 234 2357 460 2427; x_wconf 80' lang='grc' dir='ltr'>ἄφρονα</span> <span class='ocrx_word' id='word_1_267' title='bbox 491 2356 752 2410; x_wconf 83' lang='grc' dir='ltr'>πλούσιον</span> <span class='ocrx_word' id='word_1_268' title='bbox 783 2353 1012 2425; x_wconf 76' lang='grc' dir='ltr'>οἰμώζει</span> <span class='ocrx_word' id='word_1_269' title='bbox 1039 2354 1244 2419; x_wconf 84' lang='grc' dir='ltr'>κλάων,</span> <span class='ocrx_word' id='word_1_270' title='bbox 1263 2357 1329 2408; x_wconf 84' lang='grc' dir='ltr'>Τί</span> <span class='ocrx_word' id='word_1_271' title='bbox 1360 2349 1553 2424; x_wconf 83' lang='grc' dir='ltr'>πράξω</span> <span class='ocrx_word' id='word_1_272' title='bbox 1573 2375 1588 2422; x_wconf 84' lang='grc'><strong>;</strong></span> <span class='ocrx_word' id='word_1_273' title='bbox 1612 2357 1805 2426; x_wconf 72' lang='grc' dir='ltr'>λέγων,</span> 
     </span>
    </p>
   </div>
   <div class='ocr_carea' id='block_1_38' title="bbox 219 2445 1812 2519">
    <p class='ocr_par' dir='ltr' id='par_1_38' title="bbox 219 2445 1812 2519">
     <span class='ocr_line' id='line_1_38' title="bbox 219 2445 1812 2519; baseline -0.001 -17"><span class='ocrx_word' id='word_1_274' title='bbox 219 2450 279 2502; x_wconf 91' lang='grc' dir='ltr'><strong>τί</strong></span> <span class='ocrx_word' id='word_1_275' title='bbox 309 2450 612 2519; x_wconf 86' lang='grc' dir='ltr'>χρήσομαι;</span> <span class='ocrx_word' id='word_1_276' title='bbox 660 2449 743 2500; x_wconf 83' lang='grc' dir='ltr'>ὃτι</span> <span class='ocrx_word' id='word_1_277' title='bbox 795 2464 886 2517; x_wconf 88' lang='grc' dir='ltr'><strong>μοι</strong></span> <span class='ocrx_word' id='word_1_278' title='bbox 923 2447 986 2500; x_wconf 81' lang='grc' dir='ltr'>τὸ</span> <span class='ocrx_word' id='word_1_279' title='bbox 1033 2447 1188 2517; x_wconf 77' lang='grc' dir='ltr'>λήϊον</span> <span class='ocrx_word' id='word_1_280' title='bbox 1235 2445 1489 2516; x_wconf 72' lang='grc' dir='ltr'>εὔφορον,</span> <span class='ocrx_word' id='word_1_281' title='bbox 1543 2447 1638 2501; x_wconf 79' lang='grc' dir='ltr'>καὶ</span> <span class='ocrx_word' id='word_1_282' title='bbox 1691 2452 1812 2513; x_wconf 81' lang='grc' dir='ltr'>ταῖς</span> 
     </span>
    </p>
   </div>
   <div class='ocr_carea' id='block_1_39' title="bbox 222 2535 1813 2610">
    <p class='ocr_par' dir='ltr' id='par_1_39' title="bbox 222 2535 1813 2610">
     <span class='ocr_line' id='line_1_39' title="bbox 222 2535 1813 2610; baseline 0 -20"><span class='ocrx_word' id='word_1_283' title='bbox 222 2541 416 2610; x_wconf 78' lang='grc' dir='ltr'>ληνοις</span> <span class='ocrx_word' id='word_1_284' title='bbox 446 2540 494 2592; x_wconf 89' lang='grc' dir='ltr'><strong>οί</strong></span> <span class='ocrx_word' id='word_1_285' title='bbox 529 2537 754 2608; x_wconf 81' lang='grc' dir='ltr'>βότρυες</span> <span class='ocrx_word' id='word_1_286' title='bbox 785 2537 847 2589; x_wconf 83' lang='grc' dir='ltr'><strong>ού</strong></span> <span class='ocrx_word' id='word_1_287' title='bbox 898 2535 1160 2607; x_wconf 80' lang='grc' dir='ltr'>χωρητοὶ,</span> <span class='ocrx_word' id='word_1_288' title='bbox 1217 2537 1313 2589; x_wconf 70' lang='grc' dir='ltr'>καὶ</span> <span class='ocrx_word' id='word_1_289' title='bbox 1361 2538 1470 2590; x_wconf 83' lang='grc' dir='ltr'><strong>πᾶν</strong></span> <span class='ocrx_word' id='word_1_290' title='bbox 1508 2554 1598 2604; x_wconf 91' lang='grc' dir='ltr'><strong>μοι</strong></span> <span class='ocrx_word' id='word_1_291' title='bbox 1639 2537 1813 2608; x_wconf 77' lang='grc' dir='ltr'>βρίθει</span> 
     </span>
    </p>
   </div>
   <div class='ocr_carea' id='block_1_40' title="bbox 225 2626 1815 2698">
    <p class='ocr_par' dir='ltr' id='par_1_40' title="bbox 225 2626 1815 2698">
     <span class='ocr_line' id='line_1_40' title="bbox 225 2626 1815 2698; baseline 0.001 -18"><span class='ocrx_word' id='word_1_292' title='bbox 225 2628 424 2697; x_wconf 77' lang='grc' dir='ltr'>φυτὸν,</span> <span class='ocrx_word' id='word_1_293' title='bbox 455 2629 550 2681; x_wconf 77' lang='grc' dir='ltr'>καὶ</span> <span class='ocrx_word' id='word_1_294' title='bbox 599 2628 754 2681; x_wconf 78' lang='grc' dir='ltr'>κενὸν</span> <span class='ocrx_word' id='word_1_295' title='bbox 788 2626 945 2680; x_wconf 82' lang='grc' dir='ltr'>οὐδὲν</span> <span class='ocrx_word' id='word_1_296' title='bbox 1001 2627 1164 2680; x_wconf 77' lang='grc' dir='ltr'>οἴκοι.</span> <span class='ocrx_word' id='word_1_297' title='bbox 1220 2627 1330 2682; x_wconf 75' lang='grc' dir='ltr'><strong>Καὶ</strong></span> <span class='ocrx_word' id='word_1_298' title='bbox 1377 2626 1484 2698; x_wconf 75' lang='grc' dir='ltr'>μὴν</span> <span class='ocrx_word' id='word_1_299' title='bbox 1517 2627 1676 2698; x_wconf 79' lang='grc' dir='ltr'>δόξης</span> <span class='ocrx_word' id='word_1_300' title='bbox 1732 2646 1815 2692; x_wconf 90' lang='grc' dir='ltr'><strong>τις</strong></span> 
     </span>
    </p>
   </div>
   <div class='ocr_carea' id='block_1_41' title="bbox 226 2716 1813 2790">
    <p class='ocr_par' dir='ltr' id='par_1_41' title="bbox 226 2716 1813 2790">
     <span class='ocr_line' id='line_1_41' title="bbox 226 2716 1813 2790; baseline -0.002 -15"><span class='ocrx_word' id='word_1_301' title='bbox 226 2719 588 2790; x_wconf 71' lang='grc' dir='ltr'>ἀφεστηκὼς,</span> <span class='ocrx_word' id='word_1_302' title='bbox 623 2718 849 2772; x_wconf 78' lang='grc' dir='ltr'>καὶτῶν</span> <span class='ocrx_word' id='word_1_303' title='bbox 882 2716 976 2770; x_wconf 83' lang='grc' dir='ltr'><strong>τοῦ</strong></span> <span class='ocrx_word' id='word_1_304' title='bbox 1007 2717 1204 2786; x_wconf 74' lang='grc' dir='ltr'>φθόνου</span> <span class='ocrx_word' id='word_1_305' title='bbox 1254 2717 1344 2771; x_wconf 79' lang='grc' dir='ltr'><strong>διὰ</strong></span> <span class='ocrx_word' id='word_1_306' title='bbox 1399 2717 1564 2771; x_wconf 83' lang='grc' dir='ltr'>τοῦτο</span> <span class='ocrx_word' id='word_1_307' title='bbox 1619 2719 1813 2788; x_wconf 87' lang='grc' dir='ltr'>βελῶν,</span> 
     </span>
    </p>
   </div>
   <div class='ocr_carea' id='block_1_42' title="bbox 228 2805 1815 2883">
    <p class='ocr_par' dir='ltr' id='par_1_42' title="bbox 228 2805 1815 2883">
     <span class='ocr_line' id='line_1_42' title="bbox 228 2805 1815 2883; baseline -0.003 -17"><span class='ocrx_word' id='word_1_308' title='bbox 228 2814 470 2883; x_wconf 78' lang='grc' dir='ltr'>νομίσας</span> <span class='ocrx_word' id='word_1_309' title='bbox 517 2812 617 2865; x_wconf 84' lang='grc' dir='ltr'><strong>ούκ</strong></span> <span class='ocrx_word' id='word_1_310' title='bbox 676 2805 816 2863; x_wconf 78' lang='grc' dir='ltr'>εἶναί</span> <span class='ocrx_word' id='word_1_311' title='bbox 862 2810 912 2862; x_wconf 80' lang='grc' dir='ltr'>οἱ</span> <span class='ocrx_word' id='word_1_312' title='bbox 968 2807 1182 2878; x_wconf 74' lang='grc' dir='ltr'>βιωτὸν,</span> <span class='ocrx_word' id='word_1_313' title='bbox 1233 2810 1280 2862; x_wconf 76' lang='grc' dir='ltr'><strong>εί</strong></span> <span class='ocrx_word' id='word_1_314' title='bbox 1322 2809 1398 2880; x_wconf 82' lang='grc' dir='ltr'>μὴ</span> <span class='ocrx_word' id='word_1_315' title='bbox 1438 2811 1815 2880; x_wconf 79' lang='grc' dir='ltr'>προσκυνοῐτο,</span> 
     </span>
    </p>
   </div>
   <div class='ocr_carea' id='block_1_43' title="bbox 227 2899 1819 2976">
    <p class='ocr_par' dir='ltr' id='par_1_43' title="bbox 227 2899 1819 2976">
     <span class='ocr_line' id='line_1_43' title="bbox 227 2899 1819 2976; baseline -0.003 -18"><span class='ocrx_word' id='word_1_316' title='bbox 227 2908 454 2976; x_wconf 74' lang='grc' dir='ltr'>ἐκείνης</span> <span class='ocrx_word' id='word_1_317' title='bbox 492 2903 540 2956; x_wconf 83' lang='grc' dir='ltr'>θ’</span> <span class='ocrx_word' id='word_1_318' title='bbox 584 2903 702 2975; x_wconf 81' lang='grc' dir='ltr'>ἅμα</span> <span class='ocrx_word' id='word_1_319' title='bbox 748 2901 948 2972; x_wconf 86' lang='grc' dir='ltr'>τυχὼν,</span> <span class='ocrx_word' id='word_1_320' title='bbox 989 2902 1084 2954; x_wconf 77' lang='grc' dir='ltr'>καὶ</span> <span class='ocrx_word' id='word_1_321' title='bbox 1144 2900 1252 2956; x_wconf 84' lang='grc' dir='ltr'><strong>τῶν</strong></span> <span class='ocrx_word' id='word_1_322' title='bbox 1303 2899 1474 2969; x_wconf 83' lang='grc' dir='ltr'>βελῶν</span> <span class='ocrx_word' id='word_1_323' title='bbox 1517 2901 1819 2972; x_wconf 73' lang='grc' dir='ltr'>πειραθεὶς,</span> 
     </span>
    </p>
   </div>
   <div class='ocr_carea' id='block_1_44' title="bbox 228 2989 1819 3066">
    <p class='ocr_par' dir='ltr' id='par_1_44' title="bbox 228 2989 1819 3066">
     <span class='ocr_line' id='line_1_44' title="bbox 228 2989 1819 3066; baseline -0.003 -16"><span class='ocrx_word' id='word_1_324' title='bbox 228 2996 351 3051; x_wconf 73' lang='grc' dir='ltr'>οὔτ’</span> <span class='ocrx_word' id='word_1_325' title='bbox 385 2995 569 3066; x_wconf 73' lang='grc' dir='ltr'>ἐκείνῃ</span> <span class='ocrx_word' id='word_1_326' title='bbox 598 2995 808 3066; x_wconf 84' lang='grc' dir='ltr'>χαίρων</span> <span class='ocrx_word' id='word_1_327' title='bbox 830 2989 920 3064; x_wconf 82' lang='grc' dir='ltr'><strong>ἦν,</strong></span> <span class='ocrx_word' id='word_1_328' title='bbox 959 2992 1056 3046; x_wconf 79' lang='grc' dir='ltr'>καὶ</span> <span class='ocrx_word' id='word_1_329' title='bbox 1086 2992 1295 3064; x_wconf 81' lang='grc' dir='ltr'>θανατᾷ</span> <span class='ocrx_word' id='word_1_330' title='bbox 1322 2992 1398 3055; x_wconf 85' lang='grc' dir='ltr'><strong>ὡς</strong></span> <span class='ocrx_word' id='word_1_331' title='bbox 1431 2991 1819 3061; x_wconf 82' lang='grc' dir='ltr'>φθονούμενος.</span> 
     </span>
    </p>
   </div>
   <div class='ocr_carea' id='block_1_45' title="bbox 249 3081 1824 3158">
    <p class='ocr_par' dir='ltr' id='par_1_45' title="bbox 249 3081 1824 3158">
     <span class='ocr_line' id='line_1_45' title="bbox 249 3081 1824 3158; baseline -0.003 -17"><span class='ocrx_word' id='word_1_332' title='bbox 249 3089 458 3158; x_wconf 83' lang='grc' dir='ltr'>Ἐτέρῳ</span> <span class='ocrx_word' id='word_1_333' title='bbox 483 3087 526 3139; x_wconf 82' lang='grc' dir='ltr'>δ’</span> <span class='ocrx_word' id='word_1_334' title='bbox 559 3082 625 3140; x_wconf 85' lang='grc' dir='ltr'>αὖ</span> <span class='ocrx_word' id='word_1_335' title='bbox 647 3087 966 3157; x_wconf 77' lang='grc' dir='ltr'>ἐπέπρακτο</span> <span class='ocrx_word' id='word_1_336' title='bbox 985 3084 1316 3139; x_wconf 81' lang='grc' dir='ltr'>τούναντίον.</span> <span class='ocrx_word' id='word_1_337' title='bbox 1341 3083 1450 3137; x_wconf 78' lang='grc' dir='ltr'><strong>Καὶ</strong></span> <span class='ocrx_word' id='word_1_338' title='bbox 1474 3085 1651 3138; x_wconf 75' lang='grc' dir='ltr'>πάντα</span> <span class='ocrx_word' id='word_1_339' title='bbox 1674 3083 1731 3136; x_wconf 66' lang='lat' dir='ltr'><strong>es</strong></span> <span class='ocrx_word' id='word_1_340' title='bbox 1755 3081 1824 3136; x_wconf 78' lang='grc' dir='ltr'><strong>τὰ</strong></span> 
     </span>
    </p>
   </div>
   <div class='ocr_carea' id='block_1_46' title="bbox 238 3173 1823 3252">
    <p class='ocr_par' dir='ltr' id='par_1_46' title="bbox 238 3173 1823 3252">
     <span class='ocr_line' id='line_1_46' title="bbox 238 3173 1823 3252; baseline -0.005 -17"><span class='ocrx_word' id='word_1_341' title='bbox 238 3181 370 3236; x_wconf 84' lang='grc' dir='ltr'>καθ’</span> <span class='ocrx_word' id='word_1_342' title='bbox 389 3181 534 3252; x_wconf 74' lang='grc' dir='ltr'>ἡμᾶς</span> <span class='ocrx_word' id='word_1_343' title='bbox 564 3177 753 3232; x_wconf 74' lang='grc' dir='ltr'>ἄλλοτε</span> <span class='ocrx_word' id='word_1_344' title='bbox 784 3177 966 3241; x_wconf 78' lang='grc' dir='ltr'>ἄλλοις</span> <span class='ocrx_word' id='word_1_345' title='bbox 995 3177 1131 3230; x_wconf 83' lang='grc' dir='ltr'>ἄλλα</span> <span class='ocrx_word' id='word_1_346' title='bbox 1160 3176 1330 3231; x_wconf 81' lang='grc' dir='ltr'>δοκεῖ.</span> <span class='ocrx_word' id='word_1_347' title='bbox 1361 3177 1471 3231; x_wconf 77' lang='lat' dir='ltr'><strong>Kal.</strong></span> <span class='ocrx_word' id='word_1_348' title='bbox 1493 3176 1663 3230; x_wconf 85' lang='grc' dir='ltr'>ταυτὰ</span> <span class='ocrx_word' id='word_1_349' title='bbox 1689 3173 1823 3228; x_wconf 86' lang='grc' dir='ltr'>ποτὲ</span> 
     </span>
    </p>
   </div>
   <div class='ocr_carea' id='block_1_47' title="bbox 2644 1889 2861 1945">
    <p class='ocr_par' dir='ltr' id='par_1_47' title="bbox 2644 1889 2861 1945">
     <span class='ocr_line' id='line_1_47' title="bbox 2644 1889 2861 1945; baseline 0.005 -1"><span class='ocrx_word' id='word_1_350' title='bbox 2644 1889 2861 1945; x_wconf 63' lang='grc' dir='ltr'>ωιτη.</span> 
     </span>
    </p>
   </div>
   <div class='ocr_carea' id='block_1_48' title="bbox 1984 1982 3495 2047">
    <p class='ocr_par' dir='ltr' id='par_1_48' title="bbox 1984 1982 3495 2047">
     <span class='ocr_line' id='line_1_48' title="bbox 1984 1982 3495 2047; baseline -0.002 -10"><span class='ocrx_word' id='word_1_351' title='bbox 1984 1983 2245 2040; x_wconf 64' lang='lat' dir='ltr'><strong>Iucunda:</strong></span> <span class='ocrx_word' id='word_1_352' title='bbox 2275 1993 2400 2039; x_wconf 91' lang='lat' dir='ltr'><strong>sunt</strong></span> <span class='ocrx_word' id='word_1_353' title='bbox 2449 1985 2541 2038; x_wconf 91' lang='lat' dir='ltr'><strong>uni</strong></span> <span class='ocrx_word' id='word_1_354' title='bbox 2607 1985 2826 2047; x_wconf 74' lang='lat' dir='ltr'><strong>divitiae,</strong></span> <span class='ocrx_word' id='word_1_355' title='bbox 2857 2000 2963 2038; x_wconf 89' lang='lat' dir='ltr'><strong>non</strong></span> <span class='ocrx_word' id='word_1_356' title='bbox 3011 1999 3130 2036; x_wconf 89' lang='lat' dir='ltr'><strong>eam</strong></span> <span class='ocrx_word' id='word_1_357' title='bbox 3169 1982 3239 2038; x_wconf 92' lang='lat' dir='ltr'><strong>ob</strong></span> <span class='ocrx_word' id='word_1_358' title='bbox 3270 1998 3495 2038; x_wconf 87' lang='lat' dir='ltr'><strong>causam</strong></span> 
     </span>
    </p>
   </div>
   <div class='ocr_carea' id='block_1_49' title="bbox 1914 2075 3498 2145">
    <p class='ocr_par' dir='ltr' id='par_1_49' title="bbox 1914 2075 3498 2145">
     <span class='ocr_line' id='line_1_49' title="bbox 1914 2075 3498 2145; baseline -0.003 -15"><span class='ocrx_word' id='word_1_359' title='bbox 1914 2077 2058 2145; x_wconf 91' lang='lat' dir='ltr'><strong>quod</strong></span> <span class='ocrx_word' id='word_1_360' title='bbox 2097 2092 2291 2130; x_wconf 88' lang='lat' dir='ltr'><strong>aurum</strong></span> <span class='ocrx_word' id='word_1_361' title='bbox 2317 2076 2640 2139; x_wconf 83' lang='lat' dir='ltr'><strong>admiretur,</strong></span> <span class='ocrx_word' id='word_1_362' title='bbox 2673 2075 2768 2130; x_wconf 88' lang='lat' dir='ltr'><strong>sed</strong></span> <span class='ocrx_word' id='word_1_363' title='bbox 2795 2075 2940 2145; x_wconf 89' lang='lat' dir='ltr'><strong>quod</strong></span> <span class='ocrx_word' id='word_1_364' title='bbox 2981 2075 3046 2130; x_wconf 91' lang='lat' dir='ltr'><strong>iis</strong></span> <span class='ocrx_word' id='word_1_365' title='bbox 3079 2085 3190 2128; x_wconf 88' lang='lat' dir='ltr'><strong>tum</strong></span> <span class='ocrx_word' id='word_1_366' title='bbox 3222 2075 3348 2139; x_wconf 91' lang='lat' dir='ltr'><strong>sibi,</strong></span> <span class='ocrx_word' id='word_1_367' title='bbox 3385 2083 3498 2129; x_wconf 92' lang='lat' dir='ltr'><strong>tum</strong></span> 
     </span>
    </p>
   </div>
   <div class='ocr_carea' id='block_1_50' title="bbox 1912 2167 3496 2239">
    <p class='ocr_par' dir='ltr' id='par_1_50' title="bbox 1912 2167 3496 2239">
     <span class='ocr_line' id='line_1_50' title="bbox 1912 2167 3496 2239; baseline -0.001 -19"><span class='ocrx_word' id='word_1_368' title='bbox 1912 2169 2035 2224; x_wconf 88' lang='lat' dir='ltr'><strong>aliis</strong></span> <span class='ocrx_word' id='word_1_369' title='bbox 2070 2170 2206 2226; x_wconf 83' lang='lat' dir='ltr'><strong>bene</strong></span> <span class='ocrx_word' id='word_1_370' title='bbox 2242 2169 2440 2225; x_wconf 82' lang='lat' dir='ltr'><strong>facerc&#39;</strong></span> <span class='ocrx_word' id='word_1_371' title='bbox 2462 2172 2656 2239; x_wconf 88' lang='lat' dir='ltr'><strong>possit.</strong></span> <span class='ocrx_word' id='word_1_372' title='bbox 2697 2169 2872 2236; x_wconf 85' lang='lat' dir='ltr'><strong>Alius,</strong></span> <span class='ocrx_word' id='word_1_373' title='bbox 2905 2179 3096 2224; x_wconf 90' lang='lat' dir='ltr'><strong>natura</strong></span> <span class='ocrx_word' id='word_1_374' title='bbox 3147 2167 3496 2237; x_wconf 75' lang='lat' dir='ltr'><strong>insatiabilis,</strong></span> 
     </span>
    </p>
   </div>
   <div class='ocr_carea' id='block_1_51' title="bbox 1917 2257 3499 2332">
    <p class='ocr_par' dir='ltr' id='par_1_51' title="bbox 1917 2257 3499 2332">
     <span class='ocr_line' id='line_1_51' title="bbox 1917 2257 3499 2332; baseline -0.002 -18"><span class='ocrx_word' id='word_1_375' title='bbox 1917 2275 2201 2331; x_wconf 90' lang='lat' dir='ltr'><strong>unumque</strong></span> <span class='ocrx_word' id='word_1_376' title='bbox 2249 2262 2408 2316; x_wconf 82' lang='lat' dir='ltr'><strong>linem</strong></span> <span class='ocrx_word' id='word_1_377' title='bbox 2438 2272 2716 2332; x_wconf 84' lang='lat' dir='ltr'><strong>spectans,</strong></span> <span class='ocrx_word' id='word_1_378' title='bbox 2749 2271 2806 2316; x_wconf 87' lang='lat' dir='ltr'><strong>ut</strong></span> <span class='ocrx_word' id='word_1_379' title='bbox 2839 2261 3037 2331; x_wconf 91' lang='lat' dir='ltr'><strong>opibus</strong></span> <span class='ocrx_word' id='word_1_380' title='bbox 3076 2259 3281 2323; x_wconf 81' lang='lat' dir='ltr'><strong>allluat,</strong></span> <span class='ocrx_word' id='word_1_381' title='bbox 3334 2257 3499 2313; x_wconf 82' lang='lat' dir='ltr'><strong>etiam</strong></span> 
     </span>
    </p>
   </div>
   <div class='ocr_carea' id='block_1_52' title="bbox 1921 2351 3501 2426">
    <p class='ocr_par' dir='ltr' id='par_1_52' title="bbox 1921 2351 3501 2426">
     <span class='ocr_line' id='line_1_52' title="bbox 1921 2351 3501 2426; baseline -0.004 -17"><span class='ocrx_word' id='word_1_382' title='bbox 1921 2366 2115 2410; x_wconf 83' lang='lat' dir='ltr'><strong>nactus</strong></span> <span class='ocrx_word' id='word_1_383' title='bbox 2151 2371 2247 2410; x_wconf 81' lang='lat' dir='ltr'><strong>eas</strong></span> <span class='ocrx_word' id='word_1_384' title='bbox 2291 2357 2532 2426; x_wconf 90' lang='lat' dir='ltr'><strong>angitur,</strong></span> <span class='ocrx_word' id='word_1_385' title='bbox 2595 2371 2662 2410; x_wconf 74' lang='lat' dir='ltr'><strong>ac</strong></span> <span class='ocrx_word' id='word_1_386' title='bbox 2717 2355 2903 2410; x_wconf 85' lang='lat' dir='ltr'><strong>divitis</strong></span> <span class='ocrx_word' id='word_1_387' title='bbox 2963 2354 3109 2407; x_wconf 88' lang='lat' dir='ltr'><strong>illius</strong></span> <span class='ocrx_word' id='word_1_388' title='bbox 3165 2351 3318 2406; x_wconf 86' lang='lat' dir='ltr'><strong>stulti</strong></span> <span class='ocrx_word' id='word_1_389' title='bbox 3349 2365 3501 2404; x_wconf 86' lang='lat' dir='ltr'><strong>more</strong></span> 
     </span>
    </p>
   </div>
   <div class='ocr_carea' id='block_1_53' title="bbox 1921 2448 3500 2520">
    <p class='ocr_par' dir='ltr' id='par_1_53' title="bbox 1921 2448 3500 2520">
     <span class='ocr_line' id='line_1_53' title="bbox 1921 2448 3500 2520; baseline -0.005 -18"><span class='ocrx_word' id='word_1_390' title='bbox 1921 2450 2141 2520; x_wconf 76' lang='lat' dir='ltr'><strong>plorans</strong></span> <span class='ocrx_word' id='word_1_391' title='bbox 2203 2449 2398 2513; x_wconf 87' lang='lat' dir='ltr'><strong>ululat,</strong></span> <span class='ocrx_word' id='word_1_392' title='bbox 2436 2450 2579 2516; x_wconf 83' lang='lat' dir='ltr'><strong>Quid</strong></span> <span class='ocrx_word' id='word_1_393' title='bbox 2640 2449 2860 2511; x_wconf 77' lang='lat' dir='ltr'><strong>iaciam,</strong></span> <span class='ocrx_word' id='word_1_394' title='bbox 2924 2448 3204 2516; x_wconf 81' lang='lat' dir='ltr'><strong>inquiens,</strong></span> <span class='ocrx_word' id='word_1_395' title='bbox 3250 2460 3361 2514; x_wconf 90' lang='lat' dir='ltr'><strong>quo</strong></span> <span class='ocrx_word' id='word_1_396' title='bbox 3414 2459 3500 2496; x_wconf 88' lang='lat' dir='ltr'><strong>me</strong></span> 
     </span>
    </p>
   </div>
   <div class='ocr_carea' id='block_1_54' title="bbox 1921 2537 3500 2612">
    <p class='ocr_par' dir='ltr' id='par_1_54' title="bbox 1921 2537 3500 2612">
     <span class='ocr_line' id='line_1_54' title="bbox 1921 2537 3500 2612; baseline -0.004 -18"><span class='ocrx_word' id='word_1_397' title='bbox 1921 2553 2081 2612; x_wconf 90' lang='lat' dir='ltr'><strong>pacto</strong></span> <span class='ocrx_word' id='word_1_398' title='bbox 2115 2541 2338 2612; x_wconf 81' lang='lat' dir='ltr'><strong>geram?</strong></span> <span class='ocrx_word' id='word_1_399' title='bbox 2367 2557 2525 2611; x_wconf 82' lang='lat' dir='ltr'><strong>seges</strong></span> <span class='ocrx_word' id='word_1_400' title='bbox 2549 2541 2683 2596; x_wconf 89' lang='lat' dir='ltr'><strong>mihi</strong></span> <span class='ocrx_word' id='word_1_401' title='bbox 2714 2541 2932 2610; x_wconf 79' lang='lat' dir='ltr'><strong>copiosa</strong></span> <span class='ocrx_word' id='word_1_402' title='bbox 2994 2537 3263 2608; x_wconf 84' lang='lat' dir='ltr'><strong>provenit,</strong></span> <span class='ocrx_word' id='word_1_403' title='bbox 3299 2550 3353 2592; x_wconf 91' lang='lat' dir='ltr'><strong>et</strong></span> <span class='ocrx_word' id='word_1_404' title='bbox 3413 2551 3500 2589; x_wconf 88' lang='lat' dir='ltr'><strong>ra-</strong></span> 
     </span>
    </p>
   </div>
   <div class='ocr_carea' id='block_1_55' title="bbox 1921 2627 3503 2702">
    <p class='ocr_par' dir='ltr' id='par_1_55' title="bbox 1921 2627 3503 2702">
     <span class='ocr_line' id='line_1_55' title="bbox 1921 2627 3503 2702; baseline -0.004 -15"><span class='ocrx_word' id='word_1_405' title='bbox 1921 2647 2108 2687; x_wconf 88' lang='lat' dir='ltr'><strong>cemos</strong></span> <span class='ocrx_word' id='word_1_406' title='bbox 2133 2632 2424 2686; x_wconf 85' lang='lat' dir='ltr'><strong>toreularia</strong></span> <span class='ocrx_word' id='word_1_407' title='bbox 2459 2647 2571 2688; x_wconf 92' lang='lat' dir='ltr'><strong>non</strong></span> <span class='ocrx_word' id='word_1_408' title='bbox 2607 2632 2854 2702; x_wconf 88' lang='lat' dir='ltr'><strong>capiunt.</strong></span> <span class='ocrx_word' id='word_1_409' title='bbox 2905 2632 3106 2684; x_wconf 87' lang='lat' dir='ltr'><strong>Omnes</strong></span> <span class='ocrx_word' id='word_1_410' title='bbox 3139 2628 3269 2682; x_wconf 87' lang='lat' dir='ltr'><strong>mihi</strong></span> <span class='ocrx_word' id='word_1_411' title='bbox 3305 2627 3503 2682; x_wconf 79' lang='lat' dir='ltr'><strong>fructi-</strong></span> 
     </span>
    </p>
   </div>
   <div class='ocr_carea' id='block_1_56' title="bbox 1921 2719 3503 2788">
    <p class='ocr_par' dir='ltr' id='par_1_56' title="bbox 1921 2719 3503 2788">
     <span class='ocr_line' id='line_1_56' title="bbox 1921 2719 3503 2788; baseline -0.002 -10"><span class='ocrx_word' id='word_1_412' title='bbox 1921 2723 2027 2778; x_wconf 90' lang='lat' dir='ltr'><strong>bus</strong></span> <span class='ocrx_word' id='word_1_413' title='bbox 2057 2733 2270 2780; x_wconf 66' lang='lat' dir='ltr'><strong>onustae</strong></span> <span class='ocrx_word' id='word_1_414' title='bbox 2303 2723 2692 2787; x_wconf 86' lang='lat' dir='ltr'><strong>suntarbores,</strong></span> <span class='ocrx_word' id='word_1_415' title='bbox 2727 2738 2827 2778; x_wconf 87' lang='lat' dir='ltr'><strong>nec</strong></span> <span class='ocrx_word' id='word_1_416' title='bbox 2867 2736 3098 2776; x_wconf 89' lang='lat' dir='ltr'><strong>vacuum</strong></span> <span class='ocrx_word' id='word_1_417' title='bbox 3146 2719 3295 2775; x_wconf 87' lang='lat' dir='ltr'><strong>domi</strong></span> <span class='ocrx_word' id='word_1_418' title='bbox 3341 2721 3503 2788; x_wconf 87' lang='lat' dir='ltr'><strong>quid-</strong></span> 
     </span>
    </p>
   </div>
   <div class='ocr_carea' id='block_1_57' title="bbox 1920 2812 3501 2887">
    <p class='ocr_par' dir='ltr' id='par_1_57' title="bbox 1920 2812 3501 2887">
     <span class='ocr_line' id='line_1_57' title="bbox 1920 2812 3501 2887; baseline -0.002 -18"><span class='ocrx_word' id='word_1_419' title='bbox 1920 2830 2108 2884; x_wconf 88' lang='lat' dir='ltr'><strong>quam.</strong></span> <span class='ocrx_word' id='word_1_420' title='bbox 2141 2815 2293 2870; x_wconf 84' lang='lat' dir='ltr'><strong>Alius</strong></span> <span class='ocrx_word' id='word_1_421' title='bbox 2317 2831 2346 2869; x_wconf 91' lang='lat' dir='ltr'><strong>a</strong></span> <span class='ocrx_word' id='word_1_422' title='bbox 2373 2816 2544 2887; x_wconf 89' lang='lat' dir='ltr'><strong>gloria</strong></span> <span class='ocrx_word' id='word_1_423' title='bbox 2578 2815 2863 2878; x_wconf 85' lang='lat' dir='ltr'><strong>remotior,</strong></span> <span class='ocrx_word' id='word_1_424' title='bbox 2891 2824 2949 2869; x_wconf 91' lang='lat' dir='ltr'><strong>et</strong></span> <span class='ocrx_word' id='word_1_425' title='bbox 2979 2812 3227 2868; x_wconf 85' lang='lat' dir='ltr'><strong>eamdem</strong></span> <span class='ocrx_word' id='word_1_426' title='bbox 3260 2814 3329 2867; x_wconf 92' lang='lat' dir='ltr'><strong>ob</strong></span> <span class='ocrx_word' id='word_1_427' title='bbox 3370 2827 3501 2867; x_wconf 87' lang='lat' dir='ltr'><strong>cau-</strong></span> 
     </span>
    </p>
   </div>
   <div class='ocr_carea' id='block_1_58' title="bbox 1923 2905 3503 2978">
    <p class='ocr_par' dir='ltr' id='par_1_58' title="bbox 1923 2905 3503 2978">
     <span class='ocr_line' id='line_1_58' title="bbox 1923 2905 3503 2978; baseline -0.003 -16"><span class='ocrx_word' id='word_1_428' title='bbox 1923 2923 2038 2962; x_wconf 87' lang='lat' dir='ltr'><strong>sam</strong></span> <span class='ocrx_word' id='word_1_429' title='bbox 2071 2908 2140 2963; x_wconf 88' lang='lat' dir='ltr'><strong>ab</strong></span> <span class='ocrx_word' id='word_1_430' title='bbox 2180 2908 2394 2964; x_wconf 74' lang='lat' dir='ltr'><strong>invidia:</strong></span> <span class='ocrx_word' id='word_1_431' title='bbox 2449 2923 2669 2978; x_wconf 89' lang='lat' dir='ltr'><strong>quoque</strong></span> <span class='ocrx_word' id='word_1_432' title='bbox 2727 2908 2868 2970; x_wconf 85' lang='lat' dir='ltr'><strong>telis,</strong></span> <span class='ocrx_word' id='word_1_433' title='bbox 2921 2916 3072 2960; x_wconf 85' lang='lat' dir='ltr'><strong>ratus</strong></span> <span class='ocrx_word' id='word_1_434' title='bbox 3120 2920 3187 2960; x_wconf 90' lang='lat' dir='ltr'><strong>ne</strong></span> <span class='ocrx_word' id='word_1_435' title='bbox 3213 2905 3503 2960; x_wconf 87' lang='lat' dir='ltr'><strong>vivendum</strong></span> 
     </span>
    </p>
   </div>
   <div class='ocr_carea' id='block_1_59' title="bbox 1926 2995 3506 3070">
    <p class='ocr_par' dir='ltr' id='par_1_59' title="bbox 1926 2995 3506 3070">
     <span class='ocr_line' id='line_1_59' title="bbox 1926 2995 3506 3070; baseline -0.004 -16"><span class='ocrx_word' id='word_1_436' title='bbox 1926 2998 2148 3068; x_wconf 85' lang='lat' dir='ltr'><strong>quidem</strong></span> <span class='ocrx_word' id='word_1_437' title='bbox 2182 2999 2312 3065; x_wconf 84' lang='lat' dir='ltr'><strong>sibi,</strong></span> <span class='ocrx_word' id='word_1_438' title='bbox 2385 3000 2438 3054; x_wconf 91' lang='lat' dir='ltr'><strong>ni</strong></span> <span class='ocrx_word' id='word_1_439' title='bbox 2498 3000 2796 3066; x_wconf 87' lang='lat' dir='ltr'><strong>adoretur;</strong></span> <span class='ocrx_word' id='word_1_440' title='bbox 2845 3007 3134 3070; x_wconf 86' lang='lat' dir='ltr'><strong>postquam</strong></span> <span class='ocrx_word' id='word_1_441' title='bbox 3167 3005 3220 3052; x_wconf 89' lang='lat' dir='ltr'><strong>et</strong></span> <span class='ocrx_word' id='word_1_442' title='bbox 3280 2995 3506 3066; x_wconf 77' lang='lat' dir='ltr'><strong>adeptus</strong></span> 
     </span>
    </p>
   </div>
   <div class='ocr_carea' id='block_1_60' title="bbox 1926 3089 3504 3164">
    <p class='ocr_par' dir='ltr' id='par_1_60' title="bbox 1926 3089 3504 3164">
     <span class='ocr_line' id='line_1_60' title="bbox 1926 3089 3504 3164; baseline -0.004 -18"><span class='ocrx_word' id='word_1_443' title='bbox 1926 3101 2011 3148; x_wconf 86' lang='lat' dir='ltr'><strong>est</strong></span> <span class='ocrx_word' id='word_1_444' title='bbox 2030 3108 2172 3158; x_wconf 86' lang='lat' dir='ltr'><strong>eam,</strong></span> <span class='ocrx_word' id='word_1_445' title='bbox 2209 3103 2262 3149; x_wconf 88' lang='lat' dir='ltr'><strong>et</strong></span> <span class='ocrx_word' id='word_1_446' title='bbox 2288 3102 2552 3164; x_wconf 78' lang='lat' dir='ltr'><strong>expertus</strong></span> <span class='ocrx_word' id='word_1_447' title='bbox 2588 3092 2806 3147; x_wconf 65' lang='lat' dir='ltr'><strong>invidiae</strong></span> <span class='ocrx_word' id='word_1_448' title='bbox 2843 3092 2984 3147; x_wconf 90' lang='lat' dir='ltr'><strong>tela:</strong></span> <span class='ocrx_word' id='word_1_449' title='bbox 3027 3105 3127 3146; x_wconf 92' lang='lat' dir='ltr'><strong>nec</strong></span> <span class='ocrx_word' id='word_1_450' title='bbox 3170 3089 3504 3159; x_wconf 82' lang='lat' dir='ltr'><strong>voluptatem</strong></span> 
     </span>
    </p>
   </div>
   <div class='ocr_carea' id='block_1_61' title="bbox 1932 3185 3506 3257">
    <p class='ocr_par' dir='ltr' id='par_1_61' title="bbox 1932 3185 3506 3257">
     <span class='ocr_line' id='line_1_61' title="bbox 1932 3185 3506 3257; baseline -0.004 -17"><span class='ocrx_word' id='word_1_451' title='bbox 1932 3199 2000 3240; x_wconf 80' lang='lat' dir='ltr'><strong>ex</strong></span> <span class='ocrx_word' id='word_1_452' title='bbox 2031 3186 2120 3240; x_wconf 90' lang='lat' dir='ltr'><strong>illa</strong></span> <span class='ocrx_word' id='word_1_453' title='bbox 2149 3185 2402 3256; x_wconf 85' lang='lat' dir='ltr'><strong>percipit,</strong></span> <span class='ocrx_word' id='word_1_454' title='bbox 2438 3195 2494 3242; x_wconf 90' lang='lat' dir='ltr'><strong>et</strong></span> <span class='ocrx_word' id='word_1_455' title='bbox 2522 3185 2667 3257; x_wconf 88' lang='lat' dir='ltr'><strong>quod</strong></span> <span class='ocrx_word' id='word_1_456' title='bbox 2699 3185 2898 3240; x_wconf 87' lang='lat' dir='ltr'><strong>invidia</strong></span> <span class='ocrx_word' id='word_1_457' title='bbox 2930 3185 3216 3256; x_wconf 84' lang='lat' dir='ltr'><strong>premitur,</strong></span> <span class='ocrx_word' id='word_1_458' title='bbox 3277 3191 3506 3238; x_wconf 88' lang='lat' dir='ltr'><strong>mortem</strong></span> 
     </span>
    </p>
   </div>
   <div class='ocr_carea' id='block_1_62' title="bbox 241 3268 1818 3356">
    <p class='ocr_par' dir='ltr' id='par_1_62' title="bbox 241 3268 1818 3342">
     <span class='ocr_line' id='line_1_62' title="bbox 241 3268 1818 3342; baseline -0.003 -15"><span class='ocrx_word' id='word_1_459' title='bbox 241 3272 414 3337; x_wconf 75' lang='grc' dir='ltr'>καλὰ,</span> <span class='ocrx_word' id='word_1_460' title='bbox 451 3269 583 3325; x_wconf 75' lang='grc' dir='ltr'>ποτε</span> <span class='ocrx_word' id='word_1_461' title='bbox 603 3270 658 3324; x_wconf 82' lang='grc' dir='ltr'>δὲ</span> <span class='ocrx_word' id='word_1_462' title='bbox 697 3271 772 3342; x_wconf 75' lang='grc' dir='ltr'>μὴ</span> <span class='ocrx_word' id='word_1_463' title='bbox 800 3269 1048 3335; x_wconf 83' lang='grc' dir='ltr'>τοιαῦτα,</span> <span class='ocrx_word' id='word_1_464' title='bbox 1068 3268 1129 3322; x_wconf 85' lang='grc' dir='ltr'>οὐ</span> <span class='ocrx_word' id='word_1_465' title='bbox 1153 3268 1241 3322; x_wconf 84' lang='grc' dir='ltr'><strong>διὰ</strong></span> <span class='ocrx_word' id='word_1_466' title='bbox 1269 3269 1369 3338; x_wconf 83' lang='grc' dir='ltr'><strong>τὴν</strong></span> <span class='ocrx_word' id='word_1_467' title='bbox 1407 3269 1614 3322; x_wconf 81' lang='grc' dir='ltr'>ἑαυτῶν</span> <span class='ocrx_word' id='word_1_468' title='bbox 1637 3268 1818 3340; x_wconf 76' lang='grc' dir='ltr'>φύσιν,</span> 
     </span>
    </p>
   </div>
   <div class='ocr_carea' id='block_1_63' title="bbox 1928 3268 3508 3356">
    <p class='ocr_par' dir='ltr' id='par_1_63' title="bbox 1928 3272 3508 3348">
     <span class='ocr_line' id='line_1_63' title="bbox 1928 3272 3508 3348; baseline -0.003 -18"><span class='ocrx_word' id='word_1_469' title='bbox 1928 3275 2043 3348; x_wconf 85' lang='lat' dir='ltr'><strong>ipse</strong></span> <span class='ocrx_word' id='word_1_470' title='bbox 2070 3277 2176 3333; x_wconf 86' lang='lat' dir='ltr'><strong>sibi</strong></span> <span class='ocrx_word' id='word_1_471' title='bbox 2215 3287 2386 3348; x_wconf 88' lang='lat' dir='ltr'><strong>optat.</strong></span> <span class='ocrx_word' id='word_1_472' title='bbox 2418 3278 2632 3334; x_wconf 84' lang='lat' dir='ltr'><strong>Rursus</strong></span> <span class='ocrx_word' id='word_1_473' title='bbox 2661 3277 2802 3332; x_wconf 89' lang='lat' dir='ltr'><strong>alius</strong></span> <span class='ocrx_word' id='word_1_474' title='bbox 2828 3277 3110 3332; x_wconf 89' lang='lat' dir='ltr'><strong>diversum</strong></span> <span class='ocrx_word' id='word_1_475' title='bbox 3151 3274 3300 3329; x_wconf 78' lang='lat' dir='ltr'><strong>facit.</strong></span> <span class='ocrx_word' id='word_1_476' title='bbox 3330 3272 3508 3328; x_wconf 81' lang='lat' dir='ltr'><strong>Adeo-</strong></span> 
     </span>
    </p>
   </div>
   <div class='ocr_carea' id='block_1_64' title="bbox 236 3359 1821 3434">
    <p class='ocr_par' dir='ltr' id='par_1_64' title="bbox 236 3359 1821 3434">
     <span class='ocr_line' id='line_1_64' title="bbox 236 3359 1821 3434; baseline -0.004 -16"><span class='ocrx_word' id='word_1_477' title='bbox 236 3365 332 3418; x_wconf 74' lang='grc' dir='ltr'>διὰ</span> <span class='ocrx_word' id='word_1_478' title='bbox 369 3363 545 3434; x_wconf 77' lang='grc' dir='ltr'>δὲτὴν</span> <span class='ocrx_word' id='word_1_479' title='bbox 573 3361 682 3415; x_wconf 88' lang='grc' dir='ltr'><strong>τῶν</strong></span> <span class='ocrx_word' id='word_1_480' title='bbox 720 3359 1023 3430; x_wconf 81' lang='grc' dir='ltr'>ἀνθρώπων</span> <span class='ocrx_word' id='word_1_481' title='bbox 1059 3359 1194 3430; x_wconf 80' lang='grc' dir='ltr'>πρὸς</span> <span class='ocrx_word' id='word_1_482' title='bbox 1235 3359 1416 3412; x_wconf 69' lang='grc' dir='ltr'>ἐκεῖνα</span> <span class='ocrx_word' id='word_1_483' title='bbox 1450 3361 1667 3422; x_wconf 83' lang='grc' dir='ltr'>πάντως</span> <span class='ocrx_word' id='word_1_484' title='bbox 1703 3359 1821 3413; x_wconf 81' lang='grc' dir='ltr'><strong>διὰ-</strong></span> 
     </span>
    </p>
   </div>
   <div class='ocr_carea' id='block_1_65' title="bbox 241 3451 1824 3522">
    <p class='ocr_par' dir='ltr' id='par_1_65' title="bbox 241 3451 1824 3522">
     <span class='ocr_line' id='line_1_65' title="bbox 241 3451 1824 3522; baseline -0.004 -12"><span class='ocrx_word' id='word_1_485' title='bbox 241 3459 418 3511; x_wconf 86' lang='grc' dir='ltr'>θεσιν.</span> <span class='ocrx_word' id='word_1_486' title='bbox 445 3456 611 3508; x_wconf 81' lang='grc' dir='ltr'>Ὥστε</span> <span class='ocrx_word' id='word_1_487' title='bbox 650 3453 744 3508; x_wconf 76' lang='grc' dir='ltr'>καὶ</span> <span class='ocrx_word' id='word_1_488' title='bbox 799 3453 862 3506; x_wconf 83' lang='grc' dir='ltr'>τὸ</span> <span class='ocrx_word' id='word_1_489' title='bbox 915 3452 1164 3522; x_wconf 75' lang='grc' dir='ltr'>ἠρεμεῖν,</span> <span class='ocrx_word' id='word_1_490' title='bbox 1204 3451 1298 3504; x_wconf 62' lang='grc' dir='ltr'><strong>καὶ⁵</strong></span> <span class='ocrx_word' id='word_1_491' title='bbox 1332 3451 1394 3503; x_wconf 83' lang='grc' dir='ltr'>τὸ</span> <span class='ocrx_word' id='word_1_492' title='bbox 1444 3451 1691 3520; x_wconf 69' lang='grc' dir='ltr'>ἥδεσθαι,</span> <span class='ocrx_word' id='word_1_493' title='bbox 1729 3452 1824 3504; x_wconf 73' lang='grc' dir='ltr'>καὶ</span> 
     </span>
    </p>
   </div>
   <div class='ocr_carea' id='block_1_66' title="bbox 239 3542 1819 3616">
    <p class='ocr_par' dir='ltr' id='par_1_66' title="bbox 239 3542 1819 3616">
     <span class='ocr_line' id='line_1_66' title="bbox 239 3542 1819 3616; baseline -0.003 -16"><span class='ocrx_word' id='word_1_494' title='bbox 239 3548 304 3600; x_wconf 60' lang='grc' dir='ltr'><strong>τὸ</strong></span> <span class='ocrx_word' id='word_1_495' title='bbox 341 3543 708 3616; x_wconf 74' lang='grc' dir='ltr'>ταράττεσθαί</span> <span class='ocrx_word' id='word_1_496' title='bbox 731 3560 791 3597; x_wconf 78' lang='grc' dir='ltr'><strong>τε</strong></span> <span class='ocrx_word' id='word_1_497' title='bbox 831 3544 926 3596; x_wconf 74' lang='grc' dir='ltr'>καὶ</span> <span class='ocrx_word' id='word_1_498' title='bbox 951 3542 1258 3609; x_wconf 75' lang='grc' dir='ltr'>θλίὸέσθαι,</span> <span class='ocrx_word' id='word_1_499' title='bbox 1310 3542 1587 3614; x_wconf 81' lang='grc' dir='ltr'>λογισμῶν</span> <span class='ocrx_word' id='word_1_500' title='bbox 1623 3543 1693 3597; x_wconf 83' lang='grc' dir='ltr'>ἂν</span> <span class='ocrx_word' id='word_1_501' title='bbox 1734 3543 1819 3614; x_wconf 78' lang='grc' dir='ltr'><strong>εἴη</strong></span> 
     </span>
    </p>
   </div>
   <div class='ocr_carea' id='block_1_67' title="bbox 247 3639 1440 3715">
    <p class='ocr_par' dir='ltr' id='par_1_67' title="bbox 247 3639 1440 3715">
     <span class='ocr_line' id='line_1_67' title="bbox 247 3639 1440 3715; baseline -0.003 -18"><span class='ocrx_word' id='word_1_502' title='bbox 247 3645 452 3715; x_wconf 78' lang='grc' dir='ltr'>μᾶλλον</span> <span class='ocrx_word' id='word_1_503' title='bbox 485 3644 518 3715; x_wconf 81' lang='grc' dir='ltr'>ἢ</span> <span class='ocrx_word' id='word_1_504' title='bbox 546 3643 647 3714; x_wconf 86' lang='grc' dir='ltr'><strong>τῆς</strong></span> <span class='ocrx_word' id='word_1_505' title='bbox 677 3641 892 3712; x_wconf 81' lang='grc' dir='ltr'>φύσεως</span> <span class='ocrx_word' id='word_1_506' title='bbox 931 3639 1041 3694; x_wconf 88' lang='grc' dir='ltr'><strong>τῶν</strong></span> <span class='ocrx_word' id='word_1_507' title='bbox 1076 3639 1440 3712; x_wconf 78' lang='grc' dir='ltr'>πραγμάτων.</span> 
     </span>
    </p>
   </div>
   <div class='ocr_carea' id='block_1_68' title="bbox 1930 3367 3508 3438">
    <p class='ocr_par' dir='ltr' id='par_1_68' title="bbox 1930 3367 3508 3438">
     <span class='ocr_line' id='line_1_68' title="bbox 1930 3367 3508 3438; baseline -0.002 -18"><span class='ocrx_word' id='word_1_508' title='bbox 1930 3383 2038 3438; x_wconf 86' lang='lat' dir='ltr'><strong>que</strong></span> <span class='ocrx_word' id='word_1_509' title='bbox 2063 3378 2276 3423; x_wconf 76' lang='lat' dir='ltr'><strong>cunctae</strong></span> <span class='ocrx_word' id='word_1_510' title='bbox 2301 3383 2388 3424; x_wconf 89' lang='lat' dir='ltr'><strong>res</strong></span> <span class='ocrx_word' id='word_1_511' title='bbox 2419 3376 2620 3424; x_wconf 70' lang='lat' dir='ltr'><strong>nostrae</strong></span> <span class='ocrx_word' id='word_1_512' title='bbox 2653 3369 2788 3423; x_wconf 87' lang='lat' dir='ltr'><strong>alias</strong></span> <span class='ocrx_word' id='word_1_513' title='bbox 2823 3368 2944 3422; x_wconf 87' lang='lat' dir='ltr'><strong>aliis</strong></span> <span class='ocrx_word' id='word_1_514' title='bbox 2979 3367 3100 3421; x_wconf 60' lang='lat' dir='ltr'><strong>alia</strong></span> <span class='ocrx_word' id='word_1_515' title='bbox 3154 3367 3406 3420; x_wconf 88' lang='lat' dir='ltr'><strong>videntur</strong></span> <span class='ocrx_word' id='word_1_516' title='bbox 3427 3378 3508 3417; x_wconf 88' lang='lat' dir='ltr'><strong>es-</strong></span> 
     </span>
    </p>
   </div>
   <div class='ocr_carea' id='block_1_69' title="bbox 1930 3457 3509 3531">
    <p class='ocr_par' dir='ltr' id='par_1_69' title="bbox 1930 3457 3509 3531">
     <span class='ocr_line' id='line_1_69' title="bbox 1930 3457 3509 3531; baseline -0.001 -17"><span class='ocrx_word' id='word_1_517' title='bbox 1930 3475 1989 3514; x_wconf 91' lang='lat' dir='ltr'><strong>se</strong></span> <span class='ocrx_word' id='word_1_518' title='bbox 2025 3496 2042 3513; x_wconf 92' lang='lat'><strong>.</strong></span> <span class='ocrx_word' id='word_1_519' title='bbox 2069 3457 2210 3526; x_wconf 90' lang='lat' dir='ltr'><strong>Quin</strong></span> <span class='ocrx_word' id='word_1_520' title='bbox 2239 3461 2428 3515; x_wconf 90' lang='lat' dir='ltr'><strong>eadem</strong></span> <span class='ocrx_word' id='word_1_521' title='bbox 2469 3462 2649 3531; x_wconf 87' lang='lat' dir='ltr'><strong>plane,</strong></span> <span class='ocrx_word' id='word_1_522' title='bbox 2684 3458 2847 3516; x_wconf 91' lang='lat' dir='ltr'><strong>modo</strong></span> <span class='ocrx_word' id='word_1_523' title='bbox 2877 3461 3035 3526; x_wconf 86' lang='lat' dir='ltr'><strong>bona,</strong></span> <span class='ocrx_word' id='word_1_524' title='bbox 3070 3461 3231 3516; x_wconf 88' lang='lat' dir='ltr'><strong>modo</strong></span> <span class='ocrx_word' id='word_1_525' title='bbox 3271 3476 3379 3514; x_wconf 93' lang='lat' dir='ltr'><strong>non</strong></span> <span class='ocrx_word' id='word_1_526' title='bbox 3417 3461 3509 3514; x_wconf 87' lang='lat' dir='ltr'><strong>bo-</strong></span> 
     </span>
    </p>
   </div>
   <div class='ocr_carea' id='block_1_70' title="bbox 1930 3554 3510 3624">
    <p class='ocr_par' dir='ltr' id='par_1_70' title="bbox 1930 3554 3510 3624">
     <span class='ocr_line' id='line_1_70' title="bbox 1930 3554 3510 3624; baseline 0.002 -18"><span class='ocrx_word' id='word_1_527' title='bbox 1930 3568 2025 3617; x_wconf 90' lang='lat' dir='ltr'><strong>na,</strong></span> <span class='ocrx_word' id='word_1_528' title='bbox 2058 3569 2168 3608; x_wconf 90' lang='lat' dir='ltr'><strong>non</strong></span> <span class='ocrx_word' id='word_1_529' title='bbox 2199 3554 2250 3609; x_wconf 90' lang='lat' dir='ltr'><strong>id</strong></span> <span class='ocrx_word' id='word_1_530' title='bbox 2282 3555 2502 3624; x_wconf 86' lang='lat' dir='ltr'><strong>quidem</strong></span> <span class='ocrx_word' id='word_1_531' title='bbox 2549 3569 2615 3609; x_wconf 77' lang='lat' dir='ltr'><strong>ex</strong></span> <span class='ocrx_word' id='word_1_532' title='bbox 2648 3565 2841 3610; x_wconf 88' lang='lat' dir='ltr'><strong>natura</strong></span> <span class='ocrx_word' id='word_1_533' title='bbox 2879 3569 3000 3617; x_wconf 88' lang='lat' dir='ltr'><strong>sua,</strong></span> <span class='ocrx_word' id='word_1_534' title='bbox 3049 3557 3141 3608; x_wconf 87' lang='lat' dir='ltr'><strong>sed</strong></span> <span class='ocrx_word' id='word_1_535' title='bbox 3189 3569 3414 3623; x_wconf 91' lang='lat' dir='ltr'><strong>prorsus</strong></span> <span class='ocrx_word' id='word_1_536' title='bbox 3445 3570 3510 3610; x_wconf 77' lang='lat' dir='ltr'><strong>ex</strong></span> 
     </span>
    </p>
   </div>
   <div class='ocr_carea' id='block_1_71' title="bbox 1930 3641 3510 3711">
    <p class='ocr_par' dir='ltr' id='par_1_71' title="bbox 1930 3641 3510 3711">
     <span class='ocr_line' id='line_1_71' title="bbox 1930 3641 3510 3711; baseline 0.003 -17"><span class='ocrx_word' id='word_1_537' title='bbox 1930 3641 2173 3711; x_wconf 86' lang='lat' dir='ltr'><strong>ipsorum</strong></span> <span class='ocrx_word' id='word_1_538' title='bbox 2214 3643 2280 3698; x_wconf 86' lang='lat' dir='ltr'><strong>ad</strong></span> <span class='ocrx_word' id='word_1_539' title='bbox 2304 3659 2367 3699; x_wconf 92' lang='lat' dir='ltr'><strong>ea</strong></span> <span class='ocrx_word' id='word_1_540' title='bbox 2401 3644 2712 3698; x_wconf 86' lang='lat' dir='ltr'><strong>mortalium</strong></span> <span class='ocrx_word' id='word_1_541' title='bbox 2744 3644 3050 3701; x_wconf 77' lang='lat' dir='ltr'><strong>affectione.</strong></span> <span class='ocrx_word' id='word_1_542' title='bbox 3101 3644 3223 3710; x_wconf 86' lang='lat' dir='ltr'><strong>Quo</strong></span> <span class='ocrx_word' id='word_1_543' title='bbox 3259 3644 3336 3709; x_wconf 82' lang='lat' dir='ltr'><strong>(lt,</strong></span> <span class='ocrx_word' id='word_1_544' title='bbox 3369 3656 3426 3700; x_wconf 91' lang='lat' dir='ltr'><strong>ut</strong></span> <span class='ocrx_word' id='word_1_545' title='bbox 3449 3664 3510 3698; x_wconf 73' lang='lat' dir='ltr'><strong>ca</strong></span> 
     </span>
    </p>
   </div>
   <div class='ocr_carea' id='block_1_72' title="bbox 244 3733 3511 3808">
    <p class='ocr_par' dir='ltr' id='par_1_72' title="bbox 244 3733 3511 3808">
     <span class='ocr_line' id='line_1_72' title="bbox 244 3733 3511 3808; baseline 0 -16"><span class='ocrx_word' id='word_1_546' title='bbox 244 3737 635 3806; x_wconf 86' lang='lat' dir='ltr'><strong>tranquillitas,</strong></span> <span class='ocrx_word' id='word_1_547' title='bbox 673 3743 728 3792; x_wconf 90' lang='lat' dir='ltr'><strong>et</strong></span> <span class='ocrx_word' id='word_1_548' title='bbox 773 3735 1085 3802; x_wconf 87' lang='lat' dir='ltr'><strong>oblectatio,</strong></span> <span class='ocrx_word' id='word_1_549' title='bbox 1118 3743 1174 3791; x_wconf 90' lang='lat' dir='ltr'><strong>et</strong></span> <span class='ocrx_word' id='word_1_550' title='bbox 1201 3733 1562 3804; x_wconf 89' lang='lat' dir='ltr'><strong>perturbatio,</strong></span> <span class='ocrx_word' id='word_1_551' title='bbox 1595 3743 1650 3792; x_wconf 88' lang='lat' dir='ltr'><strong>et</strong></span> <span class='ocrx_word' id='word_1_552' title='bbox 1685 3734 1926 3801; x_wconf 86' lang='lat' dir='ltr'><strong>amictio,</strong></span> <span class='ocrx_word' id='word_1_553' title='bbox 1955 3738 2140 3806; x_wconf 89' lang='lat' dir='ltr'><strong>potius</strong></span> <span class='ocrx_word' id='word_1_554' title='bbox 2192 3739 2260 3794; x_wconf 88' lang='lat' dir='ltr'><strong>ab</strong></span> <span class='ocrx_word' id='word_1_555' title='bbox 2309 3740 2447 3808; x_wconf 88' lang='lat' dir='ltr'><strong>ipsis</strong></span> <span class='ocrx_word' id='word_1_556' title='bbox 2512 3739 2734 3803; x_wconf 90' lang='lat' dir='ltr'><strong>animis,</strong></span> <span class='ocrx_word' id='word_1_557' title='bbox 2789 3754 2950 3808; x_wconf 85' lang='lat' dir='ltr'><strong>qnam</strong></span> <span class='ocrx_word' id='word_1_558' title='bbox 3000 3755 3030 3792; x_wconf 91' lang='lat' dir='ltr'><strong>a</strong></span> <span class='ocrx_word' id='word_1_559' title='bbox 3088 3754 3267 3794; x_wconf 84' lang='lat' dir='ltr'><strong>rerum</strong></span> <span class='ocrx_word' id='word_1_560' title='bbox 3319 3747 3511 3793; x_wconf 81' lang='lat' dir='ltr'><strong>natura</strong></span> 
     </span>
    </p>
   </div>
   <div class='ocr_carea' id='block_1_73' title="bbox 246 3833 593 3906">
    <p class='ocr_par' dir='ltr' id='par_1_73' title="bbox 246 3833 593 3906">
     <span class='ocr_line' id='line_1_73' title="bbox 246 3833 593 3906; baseline 0 -18"><span class='ocrx_word' id='word_1_561' title='bbox 246 3833 593 3906; x_wconf 78' lang='lat' dir='ltr'><strong>proveniant.</strong></span> 
     </span>
    </p>
   </div>
   <div class='ocr_carea' id='block_1_74' title="bbox 974 3926 1101 3980">
    <p class='ocr_par' dir='ltr' id='par_1_74' title="bbox 974 3926 1101 3980">
     <span class='ocr_line' id='line_1_74' title="bbox 974 3926 1101 3980; baseline 0.016 -2"><span class='ocrx_word' id='word_1_562' title='bbox 974 3926 1101 3980; x_wconf 74' lang='lat' dir='ltr'><strong>Ell&#39;.</strong></span> 
     </span>
    </p>
   </div>
   <div class='ocr_carea' id='block_1_75' title="bbox 321 4018 1833 4091">
    <p class='ocr_par' dir='ltr' id='par_1_75' title="bbox 321 4018 1833 4091">
     <span class='ocr_line' id='line_1_75' title="bbox 321 4018 1833 4091; baseline -0.005 -12"><span class='ocrx_word' id='word_1_563' title='bbox 321 4023 490 4079; x_wconf 72' lang='grc' dir='ltr'>Οὐδὲν</span> <span class='ocrx_word' id='word_1_564' title='bbox 515 4021 580 4076; x_wconf 81' lang='grc' dir='ltr'>ἂν</span> <span class='ocrx_word' id='word_1_565' title='bbox 613 4019 698 4091; x_wconf 76' lang='grc' dir='ltr'><strong>εἴη</strong></span> <span class='ocrx_word' id='word_1_566' title='bbox 729 4019 924 4086; x_wconf 73' lang='grc' dir='ltr'>δεινδν,</span> <span class='ocrx_word' id='word_1_567' title='bbox 956 4019 985 4072; x_wconf 84' lang='grc' dir='ltr'><strong>δ</strong></span> <span class='ocrx_word' id='word_1_568' title='bbox 1008 4019 1084 4090; x_wconf 79' lang='grc' dir='ltr'>μὴ</span> <span class='ocrx_word' id='word_1_569' title='bbox 1118 4018 1356 4090; x_wconf 70' lang='grc' dir='ltr'>φορητὸν</span> <span class='ocrx_word' id='word_1_570' title='bbox 1389 4018 1545 4088; x_wconf 81' lang='grc' dir='ltr'>ἡμῖν,</span> <span class='ocrx_word' id='word_1_571' title='bbox 1589 4018 1710 4072; x_wconf 70' lang='grc' dir='ltr'>εἰπέ</span> <span class='ocrx_word' id='word_1_572' title='bbox 1749 4037 1833 4082; x_wconf 85' lang='grc' dir='ltr'><strong>τις</strong></span> 
     </span>
    </p>
   </div>
   <div class='ocr_carea' id='block_1_76' title="bbox 251 4109 1829 4182">
    <p class='ocr_par' dir='ltr' id='par_1_76' title="bbox 251 4109 1829 4182">
     <span class='ocr_line' id='line_1_76' title="bbox 251 4109 1829 4182; baseline -0.003 -15"><span class='ocrx_word' id='word_1_573' title='bbox 251 4113 364 4167; x_wconf 89' lang='grc' dir='ltr'><strong>τῶν</strong></span> <span class='ocrx_word' id='word_1_574' title='bbox 397 4111 662 4182; x_wconf 81' lang='grc' dir='ltr'>ποιητῶν,</span> <span class='ocrx_word' id='word_1_575' title='bbox 699 4110 876 4174; x_wconf 78' lang='grc' dir='ltr'>ἄλλως</span> <span class='ocrx_word' id='word_1_576' title='bbox 914 4112 1151 4180; x_wconf 72' lang='grc' dir='ltr'>φράσας.</span> <span class='ocrx_word' id='word_1_577' title='bbox 1222 4109 1368 4177; x_wconf 81' lang='grc' dir='ltr'><strong>Ἐγὼ</strong></span> <span class='ocrx_word' id='word_1_578' title='bbox 1393 4109 1460 4174; x_wconf 80' lang='grc' dir='ltr'>δ’,</span> <span class='ocrx_word' id='word_1_579' title='bbox 1517 4109 1729 4162; x_wconf 67' lang='grc' dir='ltr'>ἐκείνου</span> <span class='ocrx_word' id='word_1_580' title='bbox 1762 4111 1829 4180; x_wconf 79' lang='grc' dir='ltr'>τῇ</span> 
     </span>
    </p>
   </div>
   <div class='ocr_carea' id='block_1_77' title="bbox 252 4201 1832 4280">
    <p class='ocr_par' dir='ltr' id='par_1_77' title="bbox 252 4201 1832 4280">
     <span class='ocr_line' id='line_1_77' title="bbox 252 4201 1832 4280; baseline -0.004 -20"><span class='ocrx_word' id='word_1_581' title='bbox 252 4209 415 4277; x_wconf 77' lang='grc' dir='ltr'>φύσει</span> <span class='ocrx_word' id='word_1_582' title='bbox 444 4204 602 4259; x_wconf 77' lang='grc' dir='ltr'>τοῦτο</span> <span class='ocrx_word' id='word_1_583' title='bbox 635 4202 890 4266; x_wconf 85' lang='grc' dir='ltr'>διδόντος,</span> <span class='ocrx_word' id='word_1_584' title='bbox 910 4204 975 4273; x_wconf 85' lang='grc' dir='ltr'><strong>τῇ</strong></span> <span class='ocrx_word' id='word_1_585' title='bbox 1003 4201 1318 4272; x_wconf 71' lang='grc' dir='ltr'>προαιρέσει</span> <span class='ocrx_word' id='word_1_586' title='bbox 1345 4201 1514 4271; x_wconf 86' lang='grc' dir='ltr'>νέμω.</span> <span class='ocrx_word' id='word_1_587' title='bbox 1545 4201 1696 4280; x_wconf 33' lang='grc' dir='ltr'>Δὶῦτη</span> <span class='ocrx_word' id='word_1_588' title='bbox 1724 4201 1832 4272; x_wconf 87' lang='grc' dir='ltr'>γὰρ</span> 
     </span>
    </p>
   </div>
   <div class='ocr_carea' id='block_1_78' title="bbox 253 4293 1835 4367">
    <p class='ocr_par' dir='ltr' id='par_1_78' title="bbox 253 4293 1835 4367">
     <span class='ocr_line' id='line_1_78' title="bbox 253 4293 1835 4367; baseline -0.004 -15"><span class='ocrx_word' id='word_1_589' title='bbox 253 4298 454 4360; x_wconf 79' lang='grc' dir='ltr'>καλοὺς</span> <span class='ocrx_word' id='word_1_590' title='bbox 496 4296 642 4367; x_wconf 78' lang='grc' dir='ltr'>ἡμᾶς</span> <span class='ocrx_word' id='word_1_591' title='bbox 670 4297 766 4350; x_wconf 71' lang='grc' dir='ltr'>καὶ</span> <span class='ocrx_word' id='word_1_592' title='bbox 806 4295 880 4365; x_wconf 76' lang='grc' dir='ltr'>μὴ</span> <span class='ocrx_word' id='word_1_593' title='bbox 928 4293 1206 4357; x_wconf 83' lang='grc' dir='ltr'>τοιούτους</span> <span class='ocrx_word' id='word_1_594' title='bbox 1260 4294 1574 4364; x_wconf 77' lang='grc' dir='ltr'>ἐργάζεται.</span> <span class='ocrx_word' id='word_1_595' title='bbox 1614 4293 1679 4346; x_wconf 81' lang='grc' dir='ltr'><em>Ἦ</em></span> <span class='ocrx_word' id='word_1_596' title='bbox 1733 4293 1835 4362; x_wconf 72' lang='grc' dir='ltr'>μὲν</span> 
     </span>
    </p>
   </div>
   <div class='ocr_carea' id='block_1_79' title="bbox 254 4385 1832 4462">
    <p class='ocr_par' dir='ltr' id='par_1_79' title="bbox 254 4385 1832 4462">
     <span class='ocr_line' id='line_1_79' title="bbox 254 4385 1832 4462; baseline -0.003 -18"><span class='ocrx_word' id='word_1_597' title='bbox 254 4394 367 4462; x_wconf 87' lang='grc' dir='ltr'>γὰρ</span> <span class='ocrx_word' id='word_1_598' title='bbox 398 4390 557 4462; x_wconf 77' lang='grc' dir='ltr'>κοινὴ</span> <span class='ocrx_word' id='word_1_599' title='bbox 622 4388 784 4458; x_wconf 79' lang='grc' dir='ltr'>φύσις</span> <span class='ocrx_word' id='word_1_600' title='bbox 827 4387 1058 4449; x_wconf 83' lang='grc' dir='ltr'>δούλοις.</span> <span class='ocrx_word' id='word_1_601' title='bbox 1119 4387 1430 4452; x_wconf 84' lang='grc' dir='ltr'>δεσπόταις,</span> <span class='ocrx_word' id='word_1_602' title='bbox 1479 4390 1646 4440; x_wconf 80' lang='grc' dir='ltr'>πᾶσιν</span> <span class='ocrx_word' id='word_1_603' title='bbox 1705 4385 1832 4455; x_wconf 77' lang='grc' dir='ltr'><strong>ἑξῆς</strong></span> 
     </span>
    </p>
   </div>
   <div class='ocr_carea' id='block_1_80' title="bbox 255 4478 1830 4554">
    <p class='ocr_par' dir='ltr' id='par_1_80' title="bbox 255 4478 1830 4554">
     <span class='ocr_line' id='line_1_80' title="bbox 255 4478 1830 4554; baseline -0.005 -16"><span class='ocrx_word' id='word_1_604' title='bbox 255 4484 592 4554; x_wconf 74' lang='grc' dir='ltr'>ἀνθρώποις,</span> <span class='ocrx_word' id='word_1_605' title='bbox 633 4482 732 4551; x_wconf 86' lang='grc' dir='ltr'><strong>μία</strong></span> <span class='ocrx_word' id='word_1_606' title='bbox 762 4497 846 4543; x_wconf 87' lang='grc' dir='ltr'><strong>τις</strong></span> <span class='ocrx_word' id='word_1_607' title='bbox 873 4479 1320 4550; x_wconf 76' lang='grc' dir='ltr'>ἀπαράλλακτος.</span> <span class='ocrx_word' id='word_1_608' title='bbox 1361 4478 1535 4550; x_wconf 82' lang='grc' dir='ltr'>Ἀδὰμ</span> <span class='ocrx_word' id='word_1_609' title='bbox 1560 4479 1670 4548; x_wconf 70' lang='grc' dir='ltr'><strong>γὰρ</strong></span> <span class='ocrx_word' id='word_1_610' title='bbox 1701 4479 1830 4532; x_wconf 79' lang='grc' dir='ltr'>παίο</span> 
     </span>
    </p>
   </div>
   <div class='ocr_carea' id='block_1_81' title="bbox 255 4569 1834 4640">
    <p class='ocr_par' dir='ltr' id='par_1_81' title="bbox 255 4569 1834 4640">
     <span class='ocr_line' id='line_1_81' title="bbox 255 4569 1834 4640; baseline -0.001 -15"><span class='ocrx_word' id='word_1_611' title='bbox 255 4573 364 4635; x_wconf 83' lang='grc' dir='ltr'>δες,</span> <span class='ocrx_word' id='word_1_612' title='bbox 397 4571 555 4639; x_wconf 82' lang='grc' dir='ltr'>πηλῷ</span> <span class='ocrx_word' id='word_1_613' title='bbox 588 4572 690 4640; x_wconf 82' lang='grc' dir='ltr'>τὴν</span> <span class='ocrx_word' id='word_1_614' title='bbox 729 4569 968 4639; x_wconf 79' lang='grc' dir='ltr'>ὕπαρξιν</span> <span class='ocrx_word' id='word_1_615' title='bbox 1013 4569 1330 4639; x_wconf 68' lang='grc' dir='ltr'>ἐσχηκότος,</span> <span class='ocrx_word' id='word_1_616' title='bbox 1353 4569 1497 4638; x_wconf 79' lang='grc' dir='ltr'>χειρὶ</span> <span class='ocrx_word' id='word_1_617' title='bbox 1549 4569 1686 4622; x_wconf 81' lang='grc' dir='ltr'>Θεοῦ</span> <span class='ocrx_word' id='word_1_618' title='bbox 1738 4587 1834 4624; x_wconf 67' lang='grc' dir='ltr'>πει</span> 
     </span>
    </p>
   </div>
   <div class='ocr_carea' id='block_1_82' title="bbox 261 4659 1833 4734">
    <p class='ocr_par' dir='ltr' id='par_1_82' title="bbox 261 4659 1833 4734">
     <span class='ocr_line' id='line_1_82' title="bbox 261 4659 1833 4734; baseline -0.001 -18"><span class='ocrx_word' id='word_1_619' title='bbox 261 4665 598 4734; x_wconf 75' lang='grc' dir='ltr'>πλασμένου.</span> <span class='ocrx_word' id='word_1_620' title='bbox 629 4663 875 4725; x_wconf 82' lang='grc' dir='ltr'>Γενναϊος</span> <span class='ocrx_word' id='word_1_621' title='bbox 903 4661 982 4724; x_wconf 82' lang='grc' dir='ltr'>δὲ,</span> <span class='ocrx_word' id='word_1_622' title='bbox 1007 4663 1099 4714; x_wconf 70' lang='grc' dir='ltr'>καὶ</span> <span class='ocrx_word' id='word_1_623' title='bbox 1127 4659 1418 4731; x_wconf 70' lang='grc' dir='ltr'>σταθηρος,</span> <span class='ocrx_word' id='word_1_624' title='bbox 1439 4662 1532 4714; x_wconf 79' lang='grc' dir='ltr'>καὶ</span> <span class='ocrx_word' id='word_1_625' title='bbox 1564 4662 1638 4732; x_wconf 81' lang='grc' dir='ltr'>μὴ</span> <span class='ocrx_word' id='word_1_626' title='bbox 1663 4662 1833 4716; x_wconf 83' lang='grc' dir='ltr'>τοιοῦ-</span> 
     </span>
    </p>
   </div>
   <div class='ocr_carea' id='block_1_83' title="bbox 2589 3924 2819 3982">
    <p class='ocr_par' dir='ltr' id='par_1_83' title="bbox 2589 3924 2819 3982">
     <span class='ocr_line' id='line_1_83' title="bbox 2589 3924 2819 3982; baseline 0.017 -4"><span class='ocrx_word' id='word_1_627' title='bbox 2589 3924 2819 3982; x_wconf 77' lang='lat' dir='ltr'><strong>LXVIII.</strong></span> 
     </span>
    </p>
   </div>
   <div class='ocr_carea' id='block_1_84' title="bbox 2006 4015 3512 4088">
    <p class='ocr_par' dir='ltr' id='par_1_84' title="bbox 2006 4015 3512 4088">
     <span class='ocr_line' id='line_1_84' title="bbox 2006 4015 3512 4088; baseline -0.001 -17"><span class='ocrx_word' id='word_1_628' title='bbox 2006 4017 2214 4072; x_wconf 90' lang='lat' dir='ltr'><strong>Sensus</strong></span> <span class='ocrx_word' id='word_1_629' title='bbox 2241 4028 2326 4072; x_wconf 88' lang='lat' dir='ltr'><strong>est</strong></span> <span class='ocrx_word' id='word_1_630' title='bbox 2358 4015 2444 4070; x_wconf 92' lang='lat' dir='ltr'><strong>hic</strong></span> <span class='ocrx_word' id='word_1_631' title='bbox 2467 4027 2640 4086; x_wconf 75' lang='lat' dir='ltr'><strong>poetae</strong></span> <span class='ocrx_word' id='word_1_632' title='bbox 2685 4017 2996 4088; x_wconf 83' lang='lat' dir='ltr'><strong>cujusdam,</strong></span> <span class='ocrx_word' id='word_1_633' title='bbox 3026 4017 3151 4073; x_wconf 87' lang='lat' dir='ltr'><strong>aliis</strong></span> <span class='ocrx_word' id='word_1_634' title='bbox 3194 4017 3278 4072; x_wconf 88' lang='lat' dir='ltr'><strong>usi</strong></span> <span class='ocrx_word' id='word_1_635' title='bbox 3307 4015 3512 4082; x_wconf 82' lang='lat' dir='ltr'><strong>verbis,</strong></span> 
     </span>
    </p>
   </div>
   <div class='ocr_carea' id='block_1_85' title="bbox 1937 4109 3510 4180">
    <p class='ocr_par' dir='ltr' id='par_1_85' title="bbox 1937 4109 3510 4180">
     <span class='ocr_line' id='line_1_85' title="bbox 1937 4109 3510 4180; baseline -0.001 -17"><span class='ocrx_word' id='word_1_636' title='bbox 1937 4109 2143 4164; x_wconf 88' lang='lat' dir='ltr'><strong>nullam</strong></span> <span class='ocrx_word' id='word_1_637' title='bbox 2175 4124 2296 4165; x_wconf 86' lang='lat' dir='ltr'><strong>esse</strong></span> <span class='ocrx_word' id='word_1_638' title='bbox 2323 4109 2714 4175; x_wconf 86' lang='lat' dir='ltr'><strong>calamitatem,</strong></span> <span class='ocrx_word' id='word_1_639' title='bbox 2740 4125 2863 4180; x_wconf 78' lang='lat' dir='ltr'><strong>quae</strong></span> <span class='ocrx_word' id='word_1_640' title='bbox 2891 4125 2918 4163; x_wconf 90' lang='lat' dir='ltr'><strong>a</strong></span> <span class='ocrx_word' id='word_1_641' title='bbox 2957 4110 3113 4164; x_wconf 89' lang='lat' dir='ltr'><strong>nobis</strong></span> <span class='ocrx_word' id='word_1_642' title='bbox 3133 4109 3352 4166; x_wconf 86' lang='lat' dir='ltr'><strong>tolerari</strong></span> <span class='ocrx_word' id='word_1_643' title='bbox 3403 4123 3510 4162; x_wconf 85' lang='lat' dir='ltr'><strong>non</strong></span> 
     </span>
    </p>
   </div>
   <div class='ocr_carea' id='block_1_86' title="bbox 1935 4194 3513 4275">
    <p class='ocr_par' dir='ltr' id='par_1_86' title="bbox 1935 4194 3513 4275">
     <span class='ocr_line' id='line_1_86' title="bbox 1935 4194 3513 4275; baseline 0 -18"><span class='ocrx_word' id='word_1_644' title='bbox 1935 4203 2125 4274; x_wconf 88' lang='lat' dir='ltr'><strong>possit.</strong></span> <span class='ocrx_word' id='word_1_645' title='bbox 2159 4203 2272 4258; x_wconf 86' lang='lat' dir='ltr'><strong>Hoc</strong></span> <span class='ocrx_word' id='word_1_646' title='bbox 2305 4219 2428 4259; x_wconf 88' lang='lat' dir='ltr'><strong>cum</strong></span> <span class='ocrx_word' id='word_1_647' title='bbox 2457 4204 2522 4258; x_wconf 91' lang='lat' dir='ltr'><strong>ad</strong></span> <span class='ocrx_word' id='word_1_648' title='bbox 2561 4194 2812 4258; x_wconf 77' lang='lat' dir='ltr'><strong>naturam</strong></span> <span class='ocrx_word' id='word_1_649' title='bbox 2842 4204 2930 4258; x_wconf 85' lang='lat' dir='ltr'><strong>ille</strong></span> <span class='ocrx_word' id='word_1_650' title='bbox 2959 4204 3222 4269; x_wconf 86' lang='lat' dir='ltr'><strong>retulerit,</strong></span> <span class='ocrx_word' id='word_1_651' title='bbox 3245 4218 3346 4275; x_wconf 74' lang='lat' dir='ltr'><strong>ego</strong></span> <span class='ocrx_word' id='word_1_652' title='bbox 3372 4202 3513 4258; x_wconf 88' lang='lat' dir='ltr'><strong>libe-</strong></span> 
     </span>
    </p>
   </div>
   <div class='ocr_carea' id='block_1_87' title="bbox 1938 4296 3512 4364">
    <p class='ocr_par' dir='ltr' id='par_1_87' title="bbox 1938 4296 3512 4364">
     <span class='ocr_line' id='line_1_87' title="bbox 1938 4296 3512 4364; baseline 0.001 -16"><span class='ocrx_word' id='word_1_653' title='bbox 1938 4310 2011 4349; x_wconf 73' lang='lat' dir='ltr'><strong>rte</strong></span> <span class='ocrx_word' id='word_1_654' title='bbox 2043 4297 2308 4351; x_wconf 88' lang='lat' dir='ltr'><strong>voluntati</strong></span> <span class='ocrx_word' id='word_1_655' title='bbox 2369 4296 2576 4364; x_wconf 87' lang='lat' dir='ltr'><strong>tribuo;</strong></span> <span class='ocrx_word' id='word_1_656' title='bbox 2615 4315 2738 4352; x_wconf 91' lang='lat' dir='ltr'><strong>nam</strong></span> <span class='ocrx_word' id='word_1_657' title='bbox 2791 4313 2853 4353; x_wconf 87' lang='lat' dir='ltr'><strong>ea</strong></span> <span class='ocrx_word' id='word_1_658' title='bbox 2881 4313 2981 4354; x_wconf 92' lang='lat' dir='ltr'><strong>nos</strong></span> <span class='ocrx_word' id='word_1_659' title='bbox 3035 4307 3089 4353; x_wconf 90' lang='lat' dir='ltr'><strong>et</strong></span> <span class='ocrx_word' id='word_1_660' title='bbox 3119 4298 3293 4354; x_wconf 82' lang='lat' dir='ltr'><strong>bonos</strong></span> <span class='ocrx_word' id='word_1_661' title='bbox 3321 4304 3374 4353; x_wconf 87' lang='lat' dir='ltr'><strong>et</strong></span> <span class='ocrx_word' id='word_1_662' title='bbox 3403 4310 3512 4351; x_wconf 90' lang='lat' dir='ltr'><strong>non</strong></span> 
     </span>
    </p>
   </div>
   <div class='ocr_carea' id='block_1_88' title="bbox 1940 4388 3516 4460">
    <p class='ocr_par' dir='ltr' id='par_1_88' title="bbox 1940 4388 3516 4460">
     <span class='ocr_line' id='line_1_88' title="bbox 1940 4388 3516 4460; baseline 0 -17"><span class='ocrx_word' id='word_1_663' title='bbox 1940 4388 2116 4443; x_wconf 88' lang='lat' dir='ltr'><strong>bonos</strong></span> <span class='ocrx_word' id='word_1_664' title='bbox 2145 4389 2330 4444; x_wconf 81' lang='lat' dir='ltr'><strong>cllicit.</strong></span> <span class='ocrx_word' id='word_1_665' title='bbox 2363 4389 2574 4460; x_wconf 86' lang='lat' dir='ltr'><strong>Quippe</strong></span> <span class='ocrx_word' id='word_1_666' title='bbox 2601 4391 2906 4445; x_wconf 88' lang='lat' dir='ltr'><strong>communis</strong></span> <span class='ocrx_word' id='word_1_667' title='bbox 2951 4391 3041 4445; x_wconf 91' lang='lat' dir='ltr'><strong>illa</strong></span> <span class='ocrx_word' id='word_1_668' title='bbox 3069 4400 3289 4454; x_wconf 90' lang='lat' dir='ltr'><strong>natura,</strong></span> <span class='ocrx_word' id='word_1_669' title='bbox 3318 4390 3516 4451; x_wconf 86' lang='lat' dir='ltr'><strong>servis,</strong></span> 
     </span>
    </p>
   </div>
   <div class='ocr_carea' id='block_1_89' title="bbox 1940 4479 3516 4552">
    <p class='ocr_par' dir='ltr' id='par_1_89' title="bbox 1940 4479 3516 4552">
     <span class='ocr_line' id='line_1_89' title="bbox 1940 4479 3516 4552; baseline 0.001 -18"><span class='ocrx_word' id='word_1_670' title='bbox 1940 4479 2112 4546; x_wconf 88' lang='lat' dir='ltr'><strong>beris,</strong></span> <span class='ocrx_word' id='word_1_671' title='bbox 2139 4481 2507 4552; x_wconf 89' lang='lat' dir='ltr'><strong>omnibusque</strong></span> <span class='ocrx_word' id='word_1_672' title='bbox 2567 4484 2925 4547; x_wconf 85' lang='lat' dir='ltr'><strong>mortalibus,</strong></span> <span class='ocrx_word' id='word_1_673' title='bbox 2982 4499 3089 4536; x_wconf 92' lang='lat' dir='ltr'><strong>una</strong></span> <span class='ocrx_word' id='word_1_674' title='bbox 3123 4483 3370 4550; x_wconf 68' lang='lat' dir='ltr'><strong>quaedam</strong></span> <span class='ocrx_word' id='word_1_675' title='bbox 3433 4493 3516 4536; x_wconf 87' lang='lat' dir='ltr'><strong>est</strong></span> 
     </span>
    </p>
   </div>
   <div class='ocr_carea' id='block_1_90' title="bbox 1941 4572 3518 4643">
    <p class='ocr_par' dir='ltr' id='par_1_90' title="bbox 1941 4572 3518 4643">
     <span class='ocr_line' id='line_1_90' title="bbox 1941 4572 3518 4643; baseline 0.001 -19"><span class='ocrx_word' id='word_1_676' title='bbox 1941 4572 2255 4627; x_wconf 85' lang='lat' dir='ltr'><strong>indiscreta.</strong></span> <span class='ocrx_word' id='word_1_677' title='bbox 2297 4572 2501 4629; x_wconf 84' lang='lat' dir='ltr'><strong>Sumus</strong></span> <span class='ocrx_word' id='word_1_678' title='bbox 2537 4575 2680 4628; x_wconf 89' lang='lat' dir='ltr'><strong>enim</strong></span> <span class='ocrx_word' id='word_1_679' title='bbox 2719 4575 2867 4629; x_wconf 90' lang='lat' dir='ltr'><strong>illius</strong></span> <span class='ocrx_word' id='word_1_680' title='bbox 2915 4574 3108 4629; x_wconf 86' lang='lat' dir='ltr'><strong>Adami</strong></span> <span class='ocrx_word' id='word_1_681' title='bbox 3153 4575 3271 4640; x_wconf 83' lang='lat' dir='ltr'><strong>lilii,</strong></span> <span class='ocrx_word' id='word_1_682' title='bbox 3325 4575 3417 4643; x_wconf 92' lang='lat' dir='ltr'><strong>qui</strong></span> <span class='ocrx_word' id='word_1_683' title='bbox 3449 4573 3518 4628; x_wconf 80' lang='lat' dir='ltr'><strong>de</strong></span> 
     </span>
    </p>
   </div>
   <div class='ocr_carea' id='block_1_91' title="bbox 1940 4664 3515 4736">
    <p class='ocr_par' dir='ltr' id='par_1_91' title="bbox 1940 4664 3515 4736">
     <span class='ocr_line' id='line_1_91' title="bbox 1940 4664 3515 4736; baseline 0 -19"><span class='ocrx_word' id='word_1_684' title='bbox 1940 4664 2055 4719; x_wconf 88' lang='lat' dir='ltr'><strong>luto</strong></span> <span class='ocrx_word' id='word_1_685' title='bbox 2087 4665 2313 4728; x_wconf 81' lang='lat' dir='ltr'><strong>exstitit,</strong></span> <span class='ocrx_word' id='word_1_686' title='bbox 2342 4664 2431 4719; x_wconf 90' lang='lat' dir='ltr'><strong>Dei</strong></span> <span class='ocrx_word' id='word_1_687' title='bbox 2467 4682 2627 4720; x_wconf 91' lang='lat' dir='ltr'><strong>manu</strong></span> <span class='ocrx_word' id='word_1_688' title='bbox 2659 4666 2948 4721; x_wconf 83' lang='lat' dir='ltr'><strong>formatus.</strong></span> <span class='ocrx_word' id='word_1_689' title='bbox 2987 4666 3299 4736; x_wconf 85' lang='lat' dir='ltr'><strong>Atquilihet</strong></span> <span class='ocrx_word' id='word_1_690' title='bbox 3329 4665 3515 4728; x_wconf 85' lang='lat' dir='ltr'><strong>homo,</strong></span> 
     </span>
    </p>
   </div>
   <div class='ocr_carea' id='block_1_92' title="bbox 261 4755 1818 4843">
    <p class='ocr_par' dir='ltr' id='par_1_92' title="bbox 261 4755 1814 4826">
     <span class='ocr_line' id='line_1_92' title="bbox 261 4755 1814 4826; baseline -0.001 -14"><span class='ocrx_word' id='word_1_691' title='bbox 261 4776 353 4821; x_wconf 88' lang='grc' dir='ltr'><strong>τος</strong></span> <span class='ocrx_word' id='word_1_692' title='bbox 379 4757 820 4812; x_wconf 74' lang='grc' dir='ltr'>ἀποκαθίσταται</span> <span class='ocrx_word' id='word_1_693' title='bbox 868 4758 934 4825; x_wconf 84' lang='grc' dir='ltr'><strong>τῇ</strong></span> <span class='ocrx_word' id='word_1_694' title='bbox 968 4756 1293 4826; x_wconf 78' lang='grc' dir='ltr'>προαιρέσει</span> <span class='ocrx_word' id='word_1_695' title='bbox 1361 4756 1468 4818; x_wconf 81' lang='grc' dir='ltr'>πᾶς</span> <span class='ocrx_word' id='word_1_696' title='bbox 1529 4755 1814 4826; x_wconf 78' lang='grc' dir='ltr'>ἄνθρωπος</span> 
     </span>
    </p>
   </div>
   <div class='ocr_carea' id='block_1_93' title="bbox 1928 4755 3519 4843">
    <p class='ocr_par' dir='ltr' id='par_1_93' title="bbox 1943 4756 3519 4822">
     <span class='ocr_line' id='line_1_93' title="bbox 1943 4756 3519 4822; baseline 0 -12"><span class='ocrx_word' id='word_1_697' title='bbox 1943 4759 2026 4811; x_wconf 89' lang='lat' dir='ltr'><strong>vel</strong></span> <span class='ocrx_word' id='word_1_698' title='bbox 2055 4767 2338 4822; x_wconf 86' lang='lat' dir='ltr'><strong>strenuus,</strong></span> <span class='ocrx_word' id='word_1_699' title='bbox 2375 4757 2462 4812; x_wconf 86' lang='lat' dir='ltr'><strong>vel</strong></span> <span class='ocrx_word' id='word_1_700' title='bbox 2492 4756 2773 4822; x_wconf 77' lang='lat' dir='ltr'><strong>cdnstans,</strong></span> <span class='ocrx_word' id='word_1_701' title='bbox 2837 4759 2920 4813; x_wconf 89' lang='lat' dir='ltr'><strong>vel</strong></span> <span class='ocrx_word' id='word_1_702' title='bbox 2953 4774 3060 4812; x_wconf 90' lang='lat' dir='ltr'><strong>non</strong></span> <span class='ocrx_word' id='word_1_703' title='bbox 3115 4758 3260 4819; x_wconf 89' lang='lat' dir='ltr'><strong>talis,</strong></span> <span class='ocrx_word' id='word_1_704' title='bbox 3291 4756 3519 4812; x_wconf 80' lang='lat' dir='ltr'><strong>arbitrio</strong></span> 
     </span>
    </p>
   </div>
   <div class='ocr_carea' id='block_1_94' title="bbox 273 4843 1818 4920">
    <p class='ocr_par' dir='ltr' id='par_1_94' title="bbox 273 4843 1818 4918">
     <span class='ocr_line' id='line_1_94' title="bbox 273 4843 1818 4918; baseline -0.001 -14"><span class='ocrx_word' id='word_1_705' title='bbox 273 4850 334 4904; x_wconf 83' lang='lat'><strong>&#39;0</strong></span> <span class='ocrx_word' id='word_1_706' title='bbox 372 4849 482 4918; x_wconf 83' lang='grc' dir='ltr'>γὰρ</span> <span class='ocrx_word' id='word_1_707' title='bbox 509 4849 617 4901; x_wconf 88' lang='grc' dir='ltr'><strong>τῶν</strong></span> <span class='ocrx_word' id='word_1_708' title='bbox 638 4847 921 4917; x_wconf 80' lang='grc' dir='ltr'>παρόντων</span> <span class='ocrx_word' id='word_1_709' title='bbox 956 4847 1074 4908; x_wconf 82' lang='grc' dir='ltr'>ὅλος</span> <span class='ocrx_word' id='word_1_710' title='bbox 1125 4847 1442 4916; x_wconf 80' lang='grc' dir='ltr'>γενόμενος,</span> <span class='ocrx_word' id='word_1_711' title='bbox 1493 4843 1818 4918; x_wconf 70' lang='grc' dir='ltr'>πραγμάτωε</span> 
     </span>
    </p>
   </div>
   <div class='ocr_carea' id='block_1_95' title="bbox 1928 4843 3519 4920">
    <p class='ocr_par' dir='ltr' id='par_1_95' title="bbox 1949 4849 3519 4920">
     <span class='ocr_line' id='line_1_95' title="bbox 1949 4849 3519 4920; baseline 0 -16"><span class='ocrx_word' id='word_1_712' title='bbox 1949 4850 2242 4906; x_wconf 87' lang='lat' dir='ltr'><strong>voluntatis</strong></span> <span class='ocrx_word' id='word_1_713' title='bbox 2276 4851 2526 4906; x_wconf 81' lang='lat' dir='ltr'><strong>ellicitur.</strong></span> <span class='ocrx_word' id='word_1_714' title='bbox 2578 4849 2714 4906; x_wconf 78' lang='lat' dir='ltr'><strong>Nam</strong></span> <span class='ocrx_word' id='word_1_715' title='bbox 2754 4851 2846 4920; x_wconf 90' lang='lat' dir='ltr'><strong>qui</strong></span> <span class='ocrx_word' id='word_1_716' title='bbox 2901 4865 2960 4905; x_wconf 90' lang='lat' dir='ltr'><strong>se</strong></span> <span class='ocrx_word' id='word_1_717' title='bbox 2986 4859 3156 4904; x_wconf 90' lang='lat' dir='ltr'><strong>totum</strong></span> <span class='ocrx_word' id='word_1_718' title='bbox 3195 4850 3360 4905; x_wconf 88' lang='lat' dir='ltr'><strong>rebus</strong></span> <span class='ocrx_word' id='word_1_719' title='bbox 3396 4850 3519 4904; x_wconf 65' lang='lat' dir='ltr'><strong>vitae</strong></span> 
     </span>
    </p>
   </div>
   <div class='ocr_carea' id='block_1_96' title="bbox 263 4938 1839 5012">
    <p class='ocr_par' dir='ltr' id='par_1_96' title="bbox 263 4938 1839 5012">
     <span class='ocr_line' id='line_1_96' title="bbox 263 4938 1839 5012; baseline -0.001 -16"><span class='ocrx_word' id='word_1_720' title='bbox 263 4943 324 4996; x_wconf 73' lang='grc' dir='ltr'><strong>ού</strong></span> <span class='ocrx_word' id='word_1_721' title='bbox 356 4940 687 5012; x_wconf 77' lang='grc' dir='ltr'>βεϐηκότων,</span> <span class='ocrx_word' id='word_1_722' title='bbox 717 4938 832 5002; x_wconf 86' lang='grc' dir='ltr'><strong>πῶς</strong></span> <span class='ocrx_word' id='word_1_723' title='bbox 860 4938 926 4992; x_wconf 81' lang='grc' dir='ltr'>ἂν</span> <span class='ocrx_word' id='word_1_724' title='bbox 957 4939 1201 5009; x_wconf 80' lang='grc' dir='ltr'>ἀτρέμας</span> <span class='ocrx_word' id='word_1_725' title='bbox 1232 4938 1428 5010; x_wconf 72' lang='grc' dir='ltr'>μείνῃς</span> <span class='ocrx_word' id='word_1_726' title='bbox 1459 4941 1573 5003; x_wconf 84' lang='grc' dir='ltr'><strong>πῶς</strong></span> <span class='ocrx_word' id='word_1_727' title='bbox 1597 4941 1798 5004; x_wconf 75' lang='grc' dir='ltr'>ἄλυπος</span> <span class='ocrx_word' id='word_1_728' title='bbox 1825 4961 1839 5008; x_wconf 88' lang='grc'>;</span> 
     </span>
    </p>
   </div>
   <div class='ocr_carea' id='block_1_97' title="bbox 1951 4940 3520 5012">
    <p class='ocr_par' dir='ltr' id='par_1_97' title="bbox 1951 4940 3520 5012">
     <span class='ocr_line' id='line_1_97' title="bbox 1951 4940 3520 5012; baseline 0.001 -17"><span class='ocrx_word' id='word_1_729' title='bbox 1951 4944 2234 5012; x_wconf 63' lang='lat' dir='ltr'><strong>praesentis</strong></span> <span class='ocrx_word' id='word_1_730' title='bbox 2264 4944 2490 5010; x_wconf 83' lang='lat' dir='ltr'><strong>addicit,</strong></span> <span class='ocrx_word' id='word_1_731' title='bbox 2521 4944 2745 4996; x_wconf 89' lang='lat' dir='ltr'><strong>minime</strong></span> <span class='ocrx_word' id='word_1_732' title='bbox 2777 4940 3020 5012; x_wconf 81' lang='lat' dir='ltr'><strong>profecto</strong></span> <span class='ocrx_word' id='word_1_733' title='bbox 3042 4941 3350 5005; x_wconf 89' lang='lat' dir='ltr'><strong>stabilibus,</strong></span> <span class='ocrx_word' id='word_1_734' title='bbox 3379 4956 3520 5012; x_wconf 90' lang='lat' dir='ltr'><strong>quo--</strong></span> 
     </span>
    </p>
   </div>
   <div class='ocr_carea' id='block_1_98' title="bbox 279 5029 1818 5106">
    <p class='ocr_par' dir='ltr' id='par_1_98' title="bbox 279 5029 1818 5102">
     <span class='ocr_line' id='line_1_98' title="bbox 279 5029 1818 5102; baseline -0.001 -15"><span class='ocrx_word' id='word_1_735' title='bbox 279 5035 336 5087; x_wconf 85' lang='lat'><strong>&#39;0</strong></span> <span class='ocrx_word' id='word_1_736' title='bbox 386 5033 444 5086; x_wconf 75' lang='grc' dir='ltr'>δὲ</span> <span class='ocrx_word' id='word_1_737' title='bbox 486 5032 564 5102; x_wconf 81' lang='grc' dir='ltr'>τῷ</span> <span class='ocrx_word' id='word_1_738' title='bbox 621 5031 766 5102; x_wconf 69' lang='grc' dir='ltr'>λόγῳ</span> <span class='ocrx_word' id='word_1_739' title='bbox 824 5029 1125 5100; x_wconf 78' lang='grc' dir='ltr'>χρώμενος,</span> <span class='ocrx_word' id='word_1_740' title='bbox 1175 5030 1326 5084; x_wconf 83' lang='grc' dir='ltr'>οὐδέν</span> <span class='ocrx_word' id='word_1_741' title='bbox 1381 5049 1434 5084; x_wconf 87' lang='grc' dir='ltr'><strong>τι</strong></span> <span class='ocrx_word' id='word_1_742' title='bbox 1491 5033 1600 5084; x_wconf 88' lang='grc' dir='ltr'><strong>τῶν</strong></span> <span class='ocrx_word' id='word_1_743' title='bbox 1657 5032 1818 5087; x_wconf 80' lang='grc' dir='ltr'>ὲνθάδ</span> 
     </span>
    </p>
   </div>
   <div class='ocr_carea' id='block_1_99' title="bbox 1928 5029 3518 5106">
    <p class='ocr_par' dir='ltr' id='par_1_99' title="bbox 1952 5033 3518 5106">
     <span class='ocr_line' id='line_1_99' title="bbox 1952 5033 3518 5106; baseline -0.001 -16"><span class='ocrx_word' id='word_1_744' title='bbox 1952 5053 2074 5091; x_wconf 89' lang='lat' dir='ltr'><strong>nam</strong></span> <span class='ocrx_word' id='word_1_745' title='bbox 2104 5050 2260 5106; x_wconf 88' lang='lat' dir='ltr'><strong>pacto</strong></span> <span class='ocrx_word' id='word_1_746' title='bbox 2283 5037 2461 5106; x_wconf 90' lang='lat' dir='ltr'><strong>quiete</strong></span> <span class='ocrx_word' id='word_1_747' title='bbox 2489 5037 2660 5092; x_wconf 89' lang='lat' dir='ltr'><strong>solida</strong></span> <span class='ocrx_word' id='word_1_748' title='bbox 2693 5033 2944 5088; x_wconf 78' lang='lat' dir='ltr'><strong>fruetur?</strong></span> <span class='ocrx_word' id='word_1_749' title='bbox 2968 5034 3060 5102; x_wconf 90' lang='lat' dir='ltr'><strong>qui</strong></span> <span class='ocrx_word' id='word_1_750' title='bbox 3085 5033 3291 5088; x_wconf 87' lang='lat' dir='ltr'><strong>doloris</strong></span> <span class='ocrx_word' id='word_1_751' title='bbox 3321 5051 3518 5104; x_wconf 78' lang='lat' dir='ltr'><strong>expers</strong></span> 
     </span>
    </p>
   </div>
   <div class='ocr_carea' id='block_1_100' title="bbox 267 5122 1837 5197">
    <p class='ocr_par' dir='ltr' id='par_1_100' title="bbox 267 5122 1837 5197">
     <span class='ocr_line' id='line_1_100' title="bbox 267 5122 1837 5197; baseline -0.002 -17"><span class='ocrx_word' id='word_1_752' title='bbox 267 5127 548 5197; x_wconf 75' lang='grc' dir='ltr'>προῦργου</span> <span class='ocrx_word' id='word_1_753' title='bbox 579 5123 924 5195; x_wconf 82' lang='grc' dir='ltr'>ποιούμενος,</span> <span class='ocrx_word' id='word_1_754' title='bbox 964 5122 1058 5176; x_wconf 82' lang='grc' dir='ltr'>τοῦ</span> <span class='ocrx_word' id='word_1_755' title='bbox 1086 5122 1260 5192; x_wconf 78' lang='grc' dir='ltr'>πηλοῦ</span> <span class='ocrx_word' id='word_1_756' title='bbox 1305 5122 1644 5191; x_wconf 84' lang='grc' dir='ltr'>καταγελῶν,</span> <span class='ocrx_word' id='word_1_757' title='bbox 1702 5124 1837 5177; x_wconf 85' lang='grc' dir='ltr'>ἀθα-</span> 
     </span>
    </p>
   </div>
   <div class='ocr_carea' id='block_1_101' title="bbox 267 5219 1838 5292">
    <p class='ocr_par' dir='ltr' id='par_1_101' title="bbox 267 5219 1838 5292">
     <span class='ocr_line' id='line_1_101' title="bbox 267 5219 1838 5292; baseline -0.006 -12"><span class='ocrx_word' id='word_1_758' title='bbox 267 5227 456 5287; x_wconf 82' lang='grc' dir='ltr'>νασίας</span> <span class='ocrx_word' id='word_1_759' title='bbox 479 5222 782 5292; x_wconf 76' lang='grc' dir='ltr'>ἐπιθυμῶν,</span> <span class='ocrx_word' id='word_1_760' title='bbox 811 5220 1092 5288; x_wconf 79' lang='grc' dir='ltr'>ὁδοιπόρον</span> <span class='ocrx_word' id='word_1_761' title='bbox 1111 5219 1305 5273; x_wconf 74' lang='grc' dir='ltr'>ἑαυτὸν</span> <span class='ocrx_word' id='word_1_762' title='bbox 1352 5221 1727 5289; x_wconf 79' lang='grc' dir='ltr'>ἐπιστάμενος</span> <span class='ocrx_word' id='word_1_763' title='bbox 1759 5222 1838 5284; x_wconf 76' lang='lat' dir='ltr'><strong>si;</strong></span> 
     </span>
    </p>
   </div>
   <div class='ocr_carea' id='block_1_102' title="bbox 265 5311 1842 5386">
    <p class='ocr_par' dir='ltr' id='par_1_102' title="bbox 265 5311 1842 5386">
     <span class='ocr_line' id='line_1_102' title="bbox 265 5311 1842 5386; baseline -0.004 -14"><span class='ocrx_word' id='word_1_764' title='bbox 265 5321 366 5386; x_wconf 75' lang='grc' dir='ltr'>τὴν</span> <span class='ocrx_word' id='word_1_765' title='bbox 403 5315 640 5386; x_wconf 85' lang='grc' dir='ltr'>πατρίδα</span> <span class='ocrx_word' id='word_1_766' title='bbox 680 5314 779 5382; x_wconf 80' lang='grc' dir='ltr'><strong>τὴν</strong></span> <span class='ocrx_word' id='word_1_767' title='bbox 797 5313 930 5376; x_wconf 75' lang='grc' dir='ltr'>ἄνω,</span> <span class='ocrx_word' id='word_1_768' title='bbox 946 5311 1208 5381; x_wconf 83' lang='grc' dir='ltr'>ὑποφέρει</span> <span class='ocrx_word' id='word_1_769' title='bbox 1223 5311 1324 5382; x_wconf 83' lang='grc' dir='ltr'>μὲν</span> <span class='ocrx_word' id='word_1_770' title='bbox 1339 5311 1510 5378; x_wconf 75' lang='grc' dir='ltr'>δεινὰ,</span> <span class='ocrx_word' id='word_1_771' title='bbox 1531 5312 1688 5376; x_wconf 73' lang='grc' dir='ltr'>εἰδὼς</span> <span class='ocrx_word' id='word_1_772' title='bbox 1707 5331 1842 5366; x_wconf 86' lang='grc' dir='ltr'>ταυ-</span> 
     </span>
    </p>
   </div>
   <div class='ocr_carea' id='block_1_103' title="bbox 266 5399 1840 5478">
    <p class='ocr_par' dir='ltr' id='par_1_103' title="bbox 266 5399 1840 5478">
     <span class='ocr_line' id='line_1_103' title="bbox 266 5399 1840 5478; baseline -0.003 -17"><span class='ocrx_word' id='word_1_773' title='bbox 266 5412 320 5462; x_wconf 75' lang='grc' dir='ltr'><strong>τὶ</strong></span> <span class='ocrx_word' id='word_1_774' title='bbox 346 5407 749 5478; x_wconf 80' lang='grc' dir='ltr'>παρερχόμενα,</span> <span class='ocrx_word' id='word_1_775' title='bbox 776 5403 872 5456; x_wconf 76' lang='grc' dir='ltr'>καὶ</span> <span class='ocrx_word' id='word_1_776' title='bbox 908 5402 1092 5472; x_wconf 87' lang='grc' dir='ltr'>νίτρου</span> <span class='ocrx_word' id='word_1_777' title='bbox 1117 5403 1283 5454; x_wconf 86' lang='grc' dir='ltr'>τόπον</span> <span class='ocrx_word' id='word_1_778' title='bbox 1313 5399 1556 5465; x_wconf 78' lang='grc' dir='ltr'>σώζοντα</span> <span class='ocrx_word' id='word_1_779' title='bbox 1582 5405 1648 5472; x_wconf 79' lang='grc' dir='ltr'><strong>τῇ</strong></span> <span class='ocrx_word' id='word_1_780' title='bbox 1670 5403 1840 5474; x_wconf 78' lang='grc' dir='ltr'>ψυχῇ,</span> 
     </span>
    </p>
   </div>
   <div class='ocr_carea' id='block_1_104' title="bbox 1911 5125 3520 5197">
    <p class='ocr_par' dir='ltr' id='par_1_104' title="bbox 1911 5125 3520 5197">
     <span class='ocr_line' id='line_1_104' title="bbox 1911 5125 3520 5197; baseline -0.001 -15"><span class='ocrx_word' id='word_1_781' title='bbox 1911 5129 2178 5182; x_wconf 76' lang='grc' dir='ltr'>·ετὶιῖΑι</span> <span class='ocrx_word' id='word_1_782' title='bbox 2206 5129 2298 5197; x_wconf 91' lang='lat' dir='ltr'><strong>qui</strong></span> <span class='ocrx_word' id='word_1_783' title='bbox 2334 5131 2544 5182; x_wconf 85' lang='lat' dir='ltr'><strong>ratione</strong></span> <span class='ocrx_word' id='word_1_784' title='bbox 2585 5128 2777 5189; x_wconf 86' lang='lat' dir='ltr'><strong>utitur,</strong></span> <span class='ocrx_word' id='word_1_785' title='bbox 2803 5139 2902 5179; x_wconf 90' lang='lat' dir='ltr'><strong>nec</strong></span> <span class='ocrx_word' id='word_1_786' title='bbox 2931 5125 3228 5194; x_wconf 89' lang='lat' dir='ltr'><strong>quidquam</strong></span> <span class='ocrx_word' id='word_1_787' title='bbox 3281 5126 3358 5181; x_wconf 91' lang='lat' dir='ltr'><strong>rei</strong></span> <span class='ocrx_word' id='word_1_788' title='bbox 3410 5137 3520 5180; x_wconf 84' lang='lat' dir='ltr'><strong>ter-</strong></span> 
     </span>
    </p>
   </div>
   <div class='ocr_carea' id='block_1_105' title="bbox 1948 5217 3524 5287">
    <p class='ocr_par' dir='ltr' id='par_1_105' title="bbox 1948 5217 3524 5287">
     <span class='ocr_line' id='line_1_105' title="bbox 1948 5217 3524 5287; baseline -0.001 -13"><span class='ocrx_word' id='word_1_789' title='bbox 1948 5222 2138 5275; x_wconf 75' lang='lat' dir='ltr'><strong>restris</strong></span> <span class='ocrx_word' id='word_1_790' title='bbox 2166 5221 2325 5274; x_wconf 84' lang='lat' dir='ltr'><strong>habet</strong></span> <span class='ocrx_word' id='word_1_791' title='bbox 2355 5221 2408 5273; x_wconf 89' lang='lat' dir='ltr'><strong>in</strong></span> <span class='ocrx_word' id='word_1_792' title='bbox 2441 5218 2635 5287; x_wconf 89' lang='lat' dir='ltr'><strong>pretio,</strong></span> <span class='ocrx_word' id='word_1_793' title='bbox 2668 5218 2843 5272; x_wconf 88' lang='lat' dir='ltr'><strong>lotum</strong></span> <span class='ocrx_word' id='word_1_794' title='bbox 2901 5217 3158 5283; x_wconf 85' lang='lat' dir='ltr'><strong>irridens,</strong></span> <span class='ocrx_word' id='word_1_795' title='bbox 3195 5219 3524 5274; x_wconf 79' lang='lat' dir='ltr'><strong>immortali-</strong></span> 
     </span>
    </p>
   </div>
   <div class='ocr_carea' id='block_1_106' title="bbox 1949 5311 3522 5381">
    <p class='ocr_par' dir='ltr' id='par_1_106' title="bbox 1949 5311 3522 5381">
     <span class='ocr_line' id='line_1_106' title="bbox 1949 5311 3522 5381; baseline 0 -16"><span class='ocrx_word' id='word_1_796' title='bbox 1949 5313 2075 5368; x_wconf 85' lang='lat' dir='ltr'><strong>tatis</strong></span> <span class='ocrx_word' id='word_1_797' title='bbox 2103 5320 2387 5381; x_wconf 88' lang='lat' dir='ltr'><strong>appetens,</strong></span> <span class='ocrx_word' id='word_1_798' title='bbox 2418 5311 2622 5380; x_wconf 86' lang='lat' dir='ltr'><strong>quique</strong></span> <span class='ocrx_word' id='word_1_799' title='bbox 2651 5325 2709 5365; x_wconf 81' lang='lat' dir='ltr'><strong>se</strong></span> <span class='ocrx_word' id='word_1_800' title='bbox 2742 5312 3004 5364; x_wconf 87' lang='lat' dir='ltr'><strong>viatorem</strong></span> <span class='ocrx_word' id='word_1_801' title='bbox 3043 5311 3192 5365; x_wconf 90' lang='lat' dir='ltr'><strong>novit</strong></span> <span class='ocrx_word' id='word_1_802' title='bbox 3226 5325 3370 5377; x_wconf 89' lang='lat' dir='ltr'><strong>esse,</strong></span> <span class='ocrx_word' id='word_1_803' title='bbox 3405 5320 3522 5365; x_wconf 88' lang='lat' dir='ltr'><strong>ten-</strong></span> 
     </span>
    </p>
   </div>
   <div class='ocr_carea' id='block_1_107' title="bbox 1948 5401 3520 5470">
    <p class='ocr_par' dir='ltr' id='par_1_107' title="bbox 1948 5401 3520 5470">
     <span class='ocr_line' id='line_1_107' title="bbox 1948 5401 3520 5470; baseline -0.003 -13"><span class='ocrx_word' id='word_1_804' title='bbox 1948 5406 2166 5459; x_wconf 86' lang='lat' dir='ltr'><strong>dentem</strong></span> <span class='ocrx_word' id='word_1_805' title='bbox 2202 5404 2267 5456; x_wconf 87' lang='lat' dir='ltr'><strong>ad</strong></span> <span class='ocrx_word' id='word_1_806' title='bbox 2297 5415 2550 5470; x_wconf 74' lang='lat' dir='ltr'><strong>snperam</strong></span> <span class='ocrx_word' id='word_1_807' title='bbox 2587 5401 2731 5454; x_wconf 89' lang='lat' dir='ltr'><strong>illam</strong></span> <span class='ocrx_word' id='word_1_808' title='bbox 2758 5401 3020 5470; x_wconf 85' lang='lat' dir='ltr'><strong>patriam:</strong></span> <span class='ocrx_word' id='word_1_809' title='bbox 3053 5401 3100 5455; x_wconf 85' lang='lat' dir='ltr'><strong>is</strong></span> <span class='ocrx_word' id='word_1_810' title='bbox 3131 5415 3259 5456; x_wconf 86' lang='lat' dir='ltr'><strong>vero</strong></span> <span class='ocrx_word' id='word_1_811' title='bbox 3287 5408 3340 5454; x_wconf 87' lang='lat' dir='ltr'><strong>et</strong></span> <span class='ocrx_word' id='word_1_812' title='bbox 3365 5415 3520 5470; x_wconf 59' lang='lat' dir='ltr'><strong>atquo</strong></span> 
     </span>
    </p>
   </div>
   <div class='ocr_carea' id='block_1_108' title="bbox 267 5491 1818 5570">
    <p class='ocr_par' dir='ltr' id='par_1_108' title="bbox 267 5491 1818 5570">
     <span class='ocr_line' id='line_1_108' title="bbox 267 5491 1818 5570; baseline -0.009 -16"><span class='ocrx_word' id='word_1_813' title='bbox 267 5498 609 5570; x_wconf 82' lang='grc' dir='ltr'>ἀνθρώπινόν</span> <span class='ocrx_word' id='word_1_814' title='bbox 638 5513 691 5549; x_wconf 87' lang='grc' dir='ltr'><strong>τι</strong></span> <span class='ocrx_word' id='word_1_815' title='bbox 713 5493 966 5564; x_wconf 78' lang='grc' dir='ltr'>παθούσῃ</span> <span class='ocrx_word' id='word_1_816' title='bbox 987 5511 1002 5525; x_wconf 73' lang='grc' dir='ltr'><strong>ο</strong></span> <span class='ocrx_word' id='word_1_817' title='bbox 1037 5493 1146 5545; x_wconf 89' lang='grc' dir='ltr'><strong>τῶν</strong></span> <span class='ocrx_word' id='word_1_818' title='bbox 1166 5491 1224 5545; x_wconf 75' lang='grc' dir='ltr'>δὲ</span> <span class='ocrx_word' id='word_1_819' title='bbox 1251 5493 1424 5562; x_wconf 74' lang='grc' dir='ltr'>ἡδέων</span> <span class='ocrx_word' id='word_1_820' title='bbox 1453 5492 1549 5546; x_wconf 82' lang='grc' dir='ltr'><strong>τοῦ</strong></span> <span class='ocrx_word' id='word_1_821' title='bbox 1579 5494 1706 5564; x_wconf 74' lang='grc' dir='ltr'>τῇδε</span> <span class='ocrx_word' id='word_1_822' title='bbox 1727 5495 1818 5564; x_wconf 53' lang='grc' dir='ltr'>βίογ</span> 
     </span>
    </p>
   </div>
   <div class='ocr_carea' id='block_1_109' title="bbox 1928 5491 3516 5570">
    <p class='ocr_par' dir='ltr' id='par_1_109' title="bbox 1951 5492 3516 5560">
     <span class='ocr_line' id='line_1_109' title="bbox 1951 5492 3516 5560; baseline -0.004 -11"><span class='ocrx_word' id='word_1_823' title='bbox 1951 5494 2203 5550; x_wconf 81' lang='lat' dir='ltr'><strong>tolerabit</strong></span> <span class='ocrx_word' id='word_1_824' title='bbox 2234 5492 2419 5548; x_wconf 89' lang='lat' dir='ltr'><strong>animo</strong></span> <span class='ocrx_word' id='word_1_825' title='bbox 2451 5493 2650 5560; x_wconf 89' lang='lat' dir='ltr'><strong>tristia,</strong></span> <span class='ocrx_word' id='word_1_826' title='bbox 2675 5509 2794 5546; x_wconf 83' lang='lat' dir='ltr'><strong>cum</strong></span> <span class='ocrx_word' id='word_1_827' title='bbox 2823 5507 2947 5548; x_wconf 87' lang='lat' dir='ltr'><strong>esse</strong></span> <span class='ocrx_word' id='word_1_828' title='bbox 3003 5493 3316 5547; x_wconf 83' lang='lat' dir='ltr'><strong>transitoria</strong></span> <span class='ocrx_word' id='word_1_829' title='bbox 3355 5493 3516 5553; x_wconf 83' lang='lat' dir='ltr'><strong>sciat,</strong></span> 
     </span>
    </p>
   </div>
   <div class='ocr_carea' id='block_1_110' title="bbox 265 5585 1818 5661">
    <p class='ocr_par' dir='ltr' id='par_1_110' title="bbox 265 5585 1812 5661">
     <span class='ocr_line' id='line_1_110' title="bbox 265 5585 1812 5661; baseline -0.005 -15"><span class='ocrx_word' id='word_1_830' title='bbox 265 5595 339 5654; x_wconf 85' lang='grc' dir='ltr'><strong>ὡς</strong></span> <span class='ocrx_word' id='word_1_831' title='bbox 364 5592 558 5661; x_wconf 78' lang='grc' dir='ltr'>θνητὸς</span> <span class='ocrx_word' id='word_1_832' title='bbox 594 5592 694 5642; x_wconf 83' lang='grc' dir='ltr'>οὐκ</span> <span class='ocrx_word' id='word_1_833' title='bbox 722 5588 1006 5642; x_wconf 72' lang='grc' dir='ltr'>ἀθανάτων</span> <span class='ocrx_word' id='word_1_834' title='bbox 1049 5588 1316 5655; x_wconf 70' lang='grc' dir='ltr'>μετέχων,</span> <span class='ocrx_word' id='word_1_835' title='bbox 1348 5585 1486 5638; x_wconf 80' lang='grc' dir='ltr'>οῐσει</span> <span class='ocrx_word' id='word_1_836' title='bbox 1511 5587 1610 5657; x_wconf 81' lang='grc' dir='ltr'>τὴν</span> <span class='ocrx_word' id='word_1_837' title='bbox 1639 5586 1812 5640; x_wconf 78' lang='grc' dir='ltr'>τούτω</span> 
     </span>
    </p>
   </div>
   <div class='ocr_carea' id='block_1_111' title="bbox 1928 5585 3515 5661">
    <p class='ocr_par' dir='ltr' id='par_1_111' title="bbox 1951 5585 3515 5656">
     <span class='ocr_line' id='line_1_111' title="bbox 1951 5585 3515 5656; baseline -0.003 -16"><span class='ocrx_word' id='word_1_838' title='bbox 1951 5603 2012 5641; x_wconf 91' lang='lat' dir='ltr'><strong>ac</strong></span> <span class='ocrx_word' id='word_1_839' title='bbox 2051 5598 2310 5656; x_wconf 58' lang='lat' dir='ltr'><strong>praestare</strong></span> <span class='ocrx_word' id='word_1_840' title='bbox 2341 5586 2470 5641; x_wconf 88' lang='lat' dir='ltr'><strong>nitri</strong></span> <span class='ocrx_word' id='word_1_841' title='bbox 2498 5586 2670 5641; x_wconf 89' lang='lat' dir='ltr'><strong>vicem</strong></span> <span class='ocrx_word' id='word_1_842' title='bbox 2711 5587 2916 5651; x_wconf 84' lang='lat' dir='ltr'><strong>animo,</strong></span> <span class='ocrx_word' id='word_1_843' title='bbox 2946 5587 3033 5640; x_wconf 93' lang='lat' dir='ltr'><strong>cui</strong></span> <span class='ocrx_word' id='word_1_844' title='bbox 3091 5585 3223 5656; x_wconf 90' lang='lat' dir='ltr'><strong>quid</strong></span> <span class='ocrx_word' id='word_1_845' title='bbox 3258 5585 3515 5638; x_wconf 86' lang='lat' dir='ltr'><strong>humani-</strong></span> 
     </span>
    </p>
   </div>
   <div class='ocr_carea' id='block_1_112' title="bbox 268 5679 1846 5754">
    <p class='ocr_par' dir='ltr' id='par_1_112' title="bbox 268 5679 1846 5754">
     <span class='ocr_line' id='line_1_112' title="bbox 268 5679 1846 5754; baseline -0.003 -19"><span class='ocrx_word' id='word_1_846' title='bbox 268 5685 474 5754; x_wconf 67' lang='grc' dir='ltr'>ζημίαν</span> <span class='ocrx_word' id='word_1_847' title='bbox 507 5683 647 5735; x_wconf 76' lang='grc' dir='ltr'>πολὺ</span> <span class='ocrx_word' id='word_1_848' title='bbox 681 5681 787 5735; x_wconf 89' lang='grc' dir='ltr'><strong>τῶν</strong></span> <span class='ocrx_word' id='word_1_849' title='bbox 813 5679 990 5733; x_wconf 77' lang='grc' dir='ltr'>ἄλλων</span> <span class='ocrx_word' id='word_1_850' title='bbox 1021 5679 1352 5747; x_wconf 79' lang='grc' dir='ltr'>κουφότερόν</span> <span class='ocrx_word' id='word_1_851' title='bbox 1401 5695 1459 5731; x_wconf 87' lang='grc' dir='ltr'><strong>τε</strong></span> <span class='ocrx_word' id='word_1_852' title='bbox 1510 5680 1602 5730; x_wconf 77' lang='grc' dir='ltr'>καὶ</span> <span class='ocrx_word' id='word_1_853' title='bbox 1639 5679 1846 5733; x_wconf 80' lang='grc' dir='ltr'>ἀλυπό-</span> 
     </span>
    </p>
   </div>
   <div class='ocr_carea' id='block_1_113' title="bbox 267 5792 446 5844">
    <p class='ocr_par' dir='ltr' id='par_1_113' title="bbox 267 5792 446 5844">
     <span class='ocr_line' id='line_1_113' title="bbox 267 5792 446 5844; baseline -0.011 -16"><span class='ocrx_word' id='word_1_854' title='bbox 267 5792 446 5844; x_wconf 85' lang='grc' dir='ltr'>τερον.</span> 
     </span>
    </p>
   </div>
   <div class='ocr_carea' id='block_1_114' title="bbox 1951 5676 3520 5750">
    <p class='ocr_par' dir='ltr' id='par_1_114' title="bbox 1951 5676 3520 5750">
     <span class='ocr_line' id='line_1_114' title="bbox 1951 5676 3520 5750; baseline -0.004 -16"><span class='ocrx_word' id='word_1_855' title='bbox 1951 5689 2039 5736; x_wconf 92' lang='lat' dir='ltr'><strong>tus</strong></span> <span class='ocrx_word' id='word_1_856' title='bbox 2069 5681 2300 5745; x_wconf 87' lang='lat' dir='ltr'><strong>accidit;</strong></span> <span class='ocrx_word' id='word_1_857' title='bbox 2336 5691 2392 5736; x_wconf 89' lang='lat' dir='ltr'><strong>et</strong></span> <span class='ocrx_word' id='word_1_858' title='bbox 2429 5681 2558 5744; x_wconf 92' lang='lat' dir='ltr'><strong>illis,</strong></span> <span class='ocrx_word' id='word_1_859' title='bbox 2586 5697 2707 5750; x_wconf 76' lang='lat' dir='ltr'><strong>qua:</strong></span> <span class='ocrx_word' id='word_1_860' title='bbox 2745 5679 2799 5734; x_wconf 93' lang='lat' dir='ltr'><strong>in</strong></span> <span class='ocrx_word' id='word_1_861' title='bbox 2839 5681 2942 5734; x_wconf 90' lang='lat' dir='ltr'><strong>hac</strong></span> <span class='ocrx_word' id='word_1_862' title='bbox 2978 5679 3083 5733; x_wconf 86' lang='lat' dir='ltr'><strong>vita</strong></span> <span class='ocrx_word' id='word_1_863' title='bbox 3103 5676 3345 5748; x_wconf 82' lang='lat' dir='ltr'><strong>jucunda</strong></span> <span class='ocrx_word' id='word_1_864' title='bbox 3365 5685 3520 5740; x_wconf 85' lang='lat' dir='ltr'><strong>sunt,</strong></span> 
     </span>
    </p>
   </div>
   <div class='ocr_carea' id='block_1_115' title="bbox 1954 5767 3521 5831">
    <p class='ocr_par' dir='ltr' id='par_1_115' title="bbox 1954 5767 3521 5831">
     <span class='ocr_line' id='line_1_115' title="bbox 1954 5767 3521 5831; baseline -0.006 -6"><span class='ocrx_word' id='word_1_865' title='bbox 1954 5770 2115 5825; x_wconf 84' lang='lat' dir='ltr'><strong>veluti</strong></span> <span class='ocrx_word' id='word_1_866' title='bbox 2143 5771 2387 5825; x_wconf 90' lang='lat' dir='ltr'><strong>mortalis</strong></span> <span class='ocrx_word' id='word_1_867' title='bbox 2418 5771 2564 5824; x_wconf 86' lang='lat' dir='ltr'><strong>haud</strong></span> <span class='ocrx_word' id='word_1_868' title='bbox 2599 5769 2996 5825; x_wconf 84' lang='lat' dir='ltr'><strong>immortalibus</strong></span> <span class='ocrx_word' id='word_1_869' title='bbox 3047 5767 3252 5831; x_wconf 78' lang='lat' dir='ltr'><strong>fruens,</strong></span> <span class='ocrx_word' id='word_1_870' title='bbox 3301 5777 3521 5820; x_wconf 84' lang='lat' dir='ltr'><strong>eorum-</strong></span> 
     </span>
    </p>
   </div>
   <div class='ocr_carea' id='block_1_116' title="bbox 269 5866 2753 5942">
    <p class='ocr_par' dir='ltr' id='par_1_116' title="bbox 269 5866 2753 5942">
     <span class='ocr_line' id='line_1_116' title="bbox 269 5866 2753 5942; baseline -0.003 -16"><span class='ocrx_word' id='word_1_871' title='bbox 269 5874 388 5926; x_wconf 85' lang='lat' dir='ltr'><strong>dem</strong></span> <span class='ocrx_word' id='word_1_872' title='bbox 416 5873 685 5942; x_wconf 75' lang='lat' dir='ltr'><strong>iacturam</strong></span> <span class='ocrx_word' id='word_1_873' title='bbox 721 5881 834 5927; x_wconf 90' lang='lat' dir='ltr'><strong>tum</strong></span> <span class='ocrx_word' id='word_1_874' title='bbox 886 5871 1058 5926; x_wconf 78' lang='lat' dir='ltr'><strong>levius</strong></span> <span class='ocrx_word' id='word_1_875' title='bbox 1093 5871 1261 5925; x_wconf 89' lang='lat' dir='ltr'><strong>multo</strong></span> <span class='ocrx_word' id='word_1_876' title='bbox 1311 5872 1544 5937; x_wconf 73' lang='lat' dir='ltr'><strong>caeteris,</strong></span> <span class='ocrx_word' id='word_1_877' title='bbox 1584 5880 1694 5925; x_wconf 90' lang='lat' dir='ltr'><strong>tum</strong></span> <span class='ocrx_word' id='word_1_878' title='bbox 1732 5869 1939 5926; x_wconf 89' lang='lat' dir='ltr'><strong>minore</strong></span> <span class='ocrx_word' id='word_1_879' title='bbox 1965 5883 2088 5926; x_wconf 88' lang='lat' dir='ltr'><strong>cum</strong></span> <span class='ocrx_word' id='word_1_880' title='bbox 2124 5867 2290 5922; x_wconf 89' lang='lat' dir='ltr'><strong>animi</strong></span> <span class='ocrx_word' id='word_1_881' title='bbox 2327 5867 2575 5924; x_wconf 76' lang='lat' dir='ltr'><strong>molcStia</strong></span> <span class='ocrx_word' id='word_1_882' title='bbox 2602 5866 2753 5920; x_wconf 81' lang='lat' dir='ltr'><strong>feret.</strong></span> 
     </span>
    </p>
   </div>
   <div class='ocr_carea' id='block_1_117' title="bbox 596 5969 1269 6032">
    <p class='ocr_par' dir='ltr' id='par_1_117' title="bbox 596 5969 1269 6032">
     <span class='ocr_line' id='line_1_117' title="bbox 596 5969 1269 6032; baseline 0 0"><span class='ocrx_word' id='word_1_883' title='bbox 596 5973 866 6032; x_wconf 71' lang='grc' dir='ltr'>ΡΑτιιοι..</span> <span class='ocrx_word' id='word_1_884' title='bbox 911 5975 1027 6032; x_wconf 67' lang='lat' dir='ltr'><strong>(la.</strong></span> <span class='ocrx_word' id='word_1_885' title='bbox 1061 5969 1269 6032; x_wconf 71' lang='lat' dir='ltr'><strong>CLVI.</strong></span> 
     </span>
    </p>
   </div>
   <div class='ocr_carea' id='block_1_118' title="bbox 3012 5963 3085 6021">
    <p class='ocr_par' dir='ltr' id='par_1_118' title="bbox 3012 5963 3085 6021">
     <span class='ocr_line' id='line_1_118' title="bbox 3012 5963 3085 6021; baseline -0.041 0"><span class='ocrx_word' id='word_1_886' title='bbox 3012 5963 3085 6021; x_wconf 74' lang='lat'><strong>1&#39;2</strong></span> 
     </span>
    </p>
   </div>
  </div>
