3978 6612
462 363 568 426 3C3

1149 473 1315 530 LXIX

532 589 680 657 Quas
710 602 903 657 passus
957 586 1059 644 fuit
1107 602 1380 645 aerumnas
1413 586 1608 655 Jobns,
1645 592 1717 645 ob
1747 603 1841 645 eas
1864 588 2039 658 magis

444 684 654 740 ~beatus
687 681 1033 753 praedicatur,
1063 696 1225 751 quam
1259 681 1329 738 ob
1354 681 1496 738 facta
1526 697 1663 748 sua,
1709 695 2031 752 quanquam

460 789 524 831 ea
555 773 680 829 talia
711 780 973 843 tantaque
1038 771 1261 837 fuerint,
1286 780 1349 828 nt
1376 787 1565 828 eorum
1592 779 1871 828 auctorem
1895 771 2037 827 Dens

461 867 581 939 ipse
606 879 825 938 quoque
859 863 1214 921 collaudaret.
1246 861 1363 919 Jam
1398 864 1443 921 si
1481 864 1872 934 praclarornm
1906 878 2038 932 epe-

460 974 581 1014 rum
630 957 937 1013 effectorem
1012 970 1378 1011 aerumnarum
1430 970 1629 1012 sensus
1684 956 2035 1012 illustriorem

461 1048 716 1114 reddidit,
752 1062 861 1119 quo
903 1055 1066 1119 pacto
1098 1062 1203 1102 non
1251 1046 1396 1103 idem
1430 1046 1534 1102 hoc
1568 1048 1872 1103 remedium
1911 1061 2037 1115 pro-

461 1137 601 1193 derit
625 1135 752 1204 illis,
787 1136 881 1207 qui
906 1135 1077 1190 multa
1132 1143 1524 1206 perpetrarunt
1588 1136 1774 1192 mala!
1828 1135 2033 1191 Saltem

462 1233 573 1286 Deo
601 1229 723 1286 vitae
754 1240 957 1286 nostrae
982 1230 1138 1285 clavo
1166 1229 1487 1294 commisso,
1516 1230 1734 1300 quoties
1772 1244 2035 1300 prospera

462 1322 808 1393 navigatione
838 1321 1063 1387 utimur,
1095 1321 1456 1390 providentia:
1511 1322 1829 1378 facilitatem
1883 1322 2032 1376 illam

460 1419 742 1482 acceptam
787 1409 1047 1473 ferentes.
1084 1410 1189 1480 ipsi
1221 1412 1427 1480 gratias
1462 1426 1712 1483 agamus,
1750 1426 1817 1467 ac
1849 1411 2034 1468 mode-

442 1513 543 1559 'ste
572 1504 677 1558 Imti
721 1502 925 1565 simus;
961 1510 1017 1557 at
1045 1503 1139 1558 tibi
1180 1502 1381 1559 ﬂuctus
1414 1502 1614 1572 aliquis
1645 1504 1932 1574 ingruerit,
1983 1504 2032 1557 vi

462 1594 594 1652 ntali
630 1610 701 1652 ne
731 1594 1140 1666 demergamur.
1170 1595 1236 1675 E‘t
1265 1595 1410 1652 enim
1448 1596 1814 1666 quijucundis
1841 1611 2037 1651 secun-

461 1691 583 1746 dum
619 1686 889 1743 rationem
916 1704 1023 1743 non
1061 1687 1256 1753 utitur,
1292 1688 1341 1743 is
1368 1688 1677 1748 atristibus
1700 1687 1857 1758 quasi
1887 1688 2033 1742 dilu-

462 1782 548 1837 vio
573 1781 807 1851 quodatn
848 1779 1120 1834 obruitur.
1150 1777 1238 1833 Ab
1288 1777 1459 1834 altero
1518 1791 1751 1848 nanrque
1781 1780 2033 1849 provenit

446 1874 714 1930 alterum.
745 1871 823 1926 Ac
850 1870 895 1925 si
931 1870 1148 1940 quidem
1182 1868 1236 1923 in
1272 1878 1563 1940 utramque
1595 1878 1803 1939 partem
1845 1886 2031 1939 parum

1640 358 2037 421 MANUELIS
2082 354 2527 418 PALEOLOGI

2069 486 2121 548 Α

2778 423 2787 429 .
3700 350 3805 414 3(ὶᾶ

2864 469 2986 525 ΞΘἏ

2222 590 2343 651 Ἰὼϐ
2364 592 2428 645 ὲκ
2477 589 2588 644 τῶν
2632 588 2973 661 παθημάτων
3020 586 3453 660 μακαρίζεται
3514 586 3803 664 μᾶλλρνῆ

2137 683 2247 738 ἀπὸ
2275 684 2383 737 τῶν
2409 681 2589 753 ἔργων
2618 682 2831 743 αὐτῶν·
2861 680 3040 736 καίτοι
3064 679 3422 752 τηλικαῦτα
3463 672 3570 750 ἦν,
3604 682 3687 744 ὡς
3713 682 3803 733 καὶ

2137 773 2272 827 Θεὸν
2294 772 2581 827 ἐπαινέσαι
2609 772 2703 827 τὸν
2730 772 3130 843 ἐργασάμενον.
3158 772 3304 824 Καὶ
3338 770 3400 825 ει
3436 769 3567 823 τῶν
3620 770 3805 823 καλῶν

2137 865 2384 935 ἐργάτην
2411 863 2802 934 λαμπρότερον
2833 863 3078 929 ἀνέδειξε
3114 862 3178 918 τὸ
3229 863 3497 928 παθεῖν,
3539 861 3672 925 πῶς
3703 861 3803 917 οὐκ

2135 953 2321 1025 ὀνήσει
2347 951 2410 1007 τδ
2439 952 2731 1022 φάρμακον
2759 951 3099 1022 αὐτουργοὺς
3126 950 3390 1005 πολλῶν
3442 949 3661 1004 κακῶν
3711 967 3804 1019 γεο

2136 1046 2403 1113 γονότας;
2441 1043 2589 1115 Πλὴν
2625 1042 2745 1113 Θεῷ
2775 1045 3124 1107 τοὺςιοῐακας
3154 1041 3649 1115 ἐγχειρίσαντες
3700 1042 3801 1111 τῆς

2137 1137 2417 1208 ἡμετέρας
2458 1135 2630 1205 ζωῆς,
2678 1135 2808 1189 ὅταν
2847 1134 3101 1205 ἑξουρίας
3162 1136 3330 1206 ἡμῖν
3364 1137 3400 1189 ὁ
3473 1133 3688 1198 πλοῦς,
3734 1136 3798 1203 τῇ

2136 1228 2366 1301 προνοίᾳ.
2385 1227 2726 1298 λογιζόμενοι
2758 1226 2857 1297 τὴν
2893 1226 3166 1292 εὐκολίαν,
3205 1225 3497 1296 χάριτας
3543 1224 3792 1294 εἰδῶμεν

2137 1319 2290 1389 αὑτῷ
2316 1319 2473 1373 αὐτοὶ
2532 1320 2749 1391 σεμνῶς
2782 1319 3063 1390 ἡδόμενοι.
3091 1319 3287 1372 ὀταν
3356 1317 3430 1371 δέ
3515 1332 3577 1370 τι
3643 1316 3797 1387 κῦμα

2134 1410 2380 1478 ἐπέλθοι,
2407 1412 2482 1482 μὴ
2515 1409 2909 1481 βαῃιζὼμθα
2943 1410 3021 1481 τῷ
3038 1409 3229 1479 δεινῷ.
3298 1407 3373 1462 Ὅ
3406 1407 3537 1479 γὰρ
3571 1408 3697 1471 τοῖς
3732 1408 3793 1477 ή-

2133 1504 2246 1559 δέσι
2284 1503 2359 1572 μὴ
2392 1503 2537 1557 κατὰ
2564 1503 2725 1572 λόγον
2752 1501 3054 1573 χρώμενος,
3077 1502 3196 1565 τοῖς
3232 1499 3561 1570 λυπηροῖς
3619 1515 3790 1552 κατα-

2136 1595 2419 1661 κλύζεται.
2441 1596 2688 1667 Θάτερον
2716 1595 2828 1665 γὰρ
2853 1595 2916 1648 τὸ
2941 1593 3139 1649 λοιπὸν
3174 1591 3491 1664 προξενεῖ
3515 1608 3534 1623 ο
3569 1591 3672 1644 καὶ
3721 1591 3787 1660 ἣν

2135 1690 2257 1743 κατ’
2281 1688 2452 1758 ἄμφω
2482 1688 2746 1758 φανῶμεν
2777 1688 3051 1758 ἀδόκιμοι,
3092 1688 3218 1740 νυνὶ
3304 1686 3432 1755 μὲν
3503 1683 3783 1751 πλείστην

2135 1781 2421 1853 αἰσχύνην,
2453 1783 2537 1845 είς
2595 1782 2654 1836 δι
2680 1780 2747 1835 τὸ
2780 1781 2976 1852 μέλλον
3029 1780 3325 1837 ἀθάνατον
3366 1780 3529 1851 ἡμῖν
3600 1776 3780 1839 αὐτοῖς

2134 1889 2202 1925 πε
2208 1873 2501 1945 ριάψομεν.
2570 1916 2571 1919 η

462 1984 561 2026 nos
597 1969 766 2040 probe
793 1967 1150 2038 gesserimus,
1181 1966 1537 2039 ignominiam
1573 1982 1721 2022 nunc
1761 1980 1892 2023 sane
1939 1966 2265 2036 maximam,
2302 1979 2358 2026 et
2384 1969 2442 2026 in
2472 1970 2723 2027 futurum
2791 1978 3117 2042 perpetuam
3173 1970 3367 2027 nobis
3440 1970 3563 2043 ipsi
3652 1981 3772 2024 eon-

462 2064 794 2121 ciliabimus.

1170 2150 1333 2208 LXX.

537 2270 631 2328 Vir
662 2271 840 2329 bonus
869 2269 968 2327 tibi
997 2283 1104 2324 non
1134 2283 1207 2325 ex
1237 2268 1475 2332 fortuna,
1535 2269 1634 2326 sed
1691 2284 1757 2325 ex
1791 2269 2037 2325 moribus

464 2365 799 2423 aestimator:
829 2377 936 2417 non
963 2361 1057 2432 qui
1087 2375 1340 2433 magnam
1376 2360 1675 2431 potentiam
1722 2360 1904 2428 habet,
1942 2361 2036 2416 sed

464 2473 583 2514 eam
616 2493 633 2521 ,
662 2470 788 2526 qua:
811 2454 1028 2524 obtigit,
1062 2467 1163 2523 pro
1217 2452 1360 2507 virili
1402 2453 1743 2523 amplificat:
1776 2445 2033 2522 non,‘qui

465 2548 697 2606 multum
725 2547 844 2604 auri
868 2544 1071 2602 defessi
1102 2545 1368 2616 possidet,
1388 2547 1483 2601 sed
1511 2546 1704 2601 amicis
1735 2546 2036 2617 largiendo,

434 2636 526 2698 ‘se
576 2639 869 2711 magniﬁce
915 2638 1086 2709 gerit:
1121 2653 1253 2703 non,
1310 2638 1403 2706 qui
1442 2637 1843 2707 mancipiorum
1878 2636 2038 2708 quasi

464 2735 722 2807 gregibus
752 2729 1234 2797 circumfunditur,
1267 2732 1364 2786 sed
1413 2731 1734 2802 qniserviie
1794 2731 1932 2786 nihil
1982 2732 2036 2786 in

468 2828 652 2883 animo
686 2839 901 2897 gerens,
927 2823 1031 2880 sibi
1057 2823 1278 2893 quidem
1305 2823 1412 2893 ipsi
1449 2824 1701 2894 imperat,
1720 2824 1876 2878 malis
1905 2837 2039 2878 vero

466 2919 781 2975 servitutem
874 2915 1102 2971 minime
1177 2915 1368 2971 servit.
1429 2915 1572 2971 Idem
1645 2914 1909 2984 superbos
1985 2924 2041 2970 et

468 3011 767 3069 iracundos
802 3023 1004 3073 mores,
1037 3006 1231 3078 quales
1264 3007 1470 3062 cadunt
1508 3006 1563 3061 in
1603 3006 1852 3061 homines
1900 3003 2041 3075 inju-

469 3106 668 3166 riosos,
700 3115 1075 3172 equorumque
1110 3114 1266 3154 more
1291 3099 1535 3155 calcibus
1565 3107 1835 3170 petentes,
1854 3107 1909 3154 et
1955 3099 2039 3153 in-

468 3198 705 3253 solentes
739 3194 1009 3256 incessus,
1032 3200 1087 3247 et
1110 3191 1343 3246 aliorum
1386 3190 1842 3259 contemptiones,
1876 3198 1929 3244 et
1958 3188 2042 3244 in—

460 3292 640 3346 flexus
693 3286 897 3357 ubique
950 3283 1213 3347 cervices,
1251 3290 1307 3338 et
1358 3297 1498 3354 quos
1546 3282 1809 3338 delicatos
1845 3289 2043 3336 vocant

470 3392 681 3454 gestus,
735 3378 807 3434 ab
842 3376 1073 3449 egregiis
1110 3383 1166 3431 et
1223 3376 1408 3445 probis
1463 3373 1776 3430 hominibus
1830 3372 2040 3428 alienos

470 3474 643 3533 ducit.
674 3472 858 3542 Neque
882 3484 1010 3526 vero
1053 3477 1110 3525 et
1132 3468 1223 3524 ille
1243 3466 1385 3537 frugi
1442 3465 1740 3537 putandus,
1775 3465 1872 3537 qui
1913 3466 2041 3521 aliis

470 3565 845 3636 magnitudine
873 3578 970 3618 sua
992 3562 1174 3633 gravis
1199 3572 1319 3617 est:
1346 3561 1445 3617 sed
1475 3560 1563 3616 cui
1605 3559 1780 3616 fausta
1805 3574 2038 3630 quaeque

470 3659 573 3714 viri
623 3662 941 3725 praestantes
988 3664 1201 3725 optant,
1263 3660 1319 3708 et
1348 3650 1607 3709 secundis
1667 3651 1831 3706 rebus
1859 3651 2038 3707 utenti

464 3749 943 3820 congratulantur,
995 3755 1050 3801 et
1112 3746 1265 3802 triste
1292 3743 1426 3815 quid
1481 3742 1676 3799 ferenti
1725 3742 2038 3798 condolent.

471 3841 695 3896 lliccine
726 3839 822 3894 tibi
854 3838 935 3891 vir
965 3836 1212 3891 omnium
1260 3834 1761 3906 praestantissimus
1813 3849 1933 3889 esse
1963 3833 2041 3888 vi-

470 3931 674 3988 detur?
706 3940 865 4002 teque
894 3928 1049 3998 cupis
1081 3927 1151 3983 ab
1207 3926 1483 3982 universis
1529 3924 1864 3988 hominibus,
1904 3926 2048 3996 opti.

462 4041 624 4081 anum
683 4030 740 4079 te
803 4023 982 4077 virum
1017 4019 1480 4081 existimantibus,
1541 4018 1726 4072 itidem
1772 4017 1944 4086 diligi,
1984 4026 2046 4072 ut

471 4115 561 4170 ille
597 4110 885 4185 diligitur?
928 4110 1020 4166 Sic
1048 4109 1299 4179 equidem
1356 4121 1650 4178 persuasus
1705 4121 1848 4160 sum.
1882 4105 2045 4162 Decet

2879 2156 2959 2210 θ’.

2220 2270 2450 2338 Ἀγαθδς
2499 2270 2601 2325 οὐκ
2635 2270 2700 2326 ἐκ
2733 2271 2833 2343 τῆς
2855 2271 3047 2344 τύχης,
3076 2271 3196 2326 ἀλλ’
3223 2270 3352 2326 ἀπὸ
3386 2273 3517 2327 τῶν
3545 2271 3765 2342 τρόπων

2137 2363 2408 2433 κρινέσθω
2454 2379 2578 2417 σοι·
2611 2364 2710 2435 οὐχ
2731 2368 2759 2419 ὁ
2783 2365 3028 2437 μεγάλην
3059 2365 3307 2437 δύναμιν
3343 2366 3529 2437 ἔχων,
3565 2364 3686 2417 ἀλλ’
3732 2363 3758 2415 6

2137 2456 2238 2538 ’ξῆν
2266 2458 2620 2528 ὑπάρχουσαν
2654 2459 2712 2512 τὸ
2746 2460 2870 2513 κατ’
2923 2459 3086 2514 αὑτδν
3136 2459 3351 2529 βελτίω
3387 2460 3578 2513 ποιῶν
3606 2473 3624 2490 ·
3666 2455 3759 2524 οὐχ

2135 2544 2181 2620 ᾧ
2214 2549 2381 2614 πολύς
2413 2553 2528 2604 ἐστι
2555 2551 2757 2622 χρυσὸς
2810 2553 3346 2622 κατορωρυγμένος,
3406 2551 3538 2605 ἀλλ’
3588 2550 3649 2613 ὃς
3697 2565 3754 2616 γε

2140 2643 2316 2712 φίλοις
2336 2642 2712 2713 λαμπρύνοιτο
2739 2658 2755 2674 ·
2786 2643 2898 2697 οὐδ’
2930 2645 2957 2696 δ
2988 2644 3454 2716 περιρῤεόμενος
3485 2639 3755 2713 ἀνδραπό-

2138 2734 2246 2787 δων
2284 2734 2536 2802 ἀγέλαις,
2575 2734 2693 2787 ἀλλ’
2724 2733 2784 2798 ὃς
2837 2736 3004 2807 μηδὲν
3030 2735 3473 2806 ἀνδραποδῶδες
3503 2735 3649 2805 ἔχων
3696 2733 3752 2784 ἐν

2139 2828 2205 2897 τῇ
2234 2825 2405 2896 ψυχῇ.
2441 2825 2598 2898 ἄρχει
2626 2827 2728 2898 μὲν
2772 2828 2936 2893 αὐτὸς
2965 2828 3152 2894 αὐτοῦ,
3175 2831 3296 2895 τοῖς
3324 2831 3391 2884 δὲ
3444 2829 3645 2890 κακοῖς
3691 2826 3747 2878 οὗ

2139 2917 2482 2975 δεδούλωται.
2508 2920 2613 2972 Τὸν
2631 2919 2687 2973 δὲ
2712 2920 3026 2992 ὕπερόπτην
3053 2940 3112 2975 τε
3135 2923 3231 2977 καὶ
3251 2925 3500 2994 ὀργίλον
3526 2922 3744 2994 τρόπον.

2139 3011 2334 3077 ὅςτῶν
2381 3011 2715 3081 ὑϐριζόντων
2759 3013 2898 3078 ἐστὶ,
2958 3015 3056 3070 καὶ
3105 3014 3207 3081 λὰξ
3269 3017 3570 3071 παιόντων
3629 3011 3745 3065 καθ’

2141 3104 2365 3169 ἵππους,
2402 3104 2496 3157 καὶ
2527 3104 2587 3158 τὸ
2617 3104 2816 3171 σοϐεῖν,
2841 3092 2940 3160 καῖ
2967 3106 3265 3180 ὕπερορᾷν,
3299 3108 3410 3163 καὶ
3443 3108 3542 3160 τὸν
3568 3105 3741 3172 ἄκαμ-

2142 3212 2278 3251 πτον
2307 3197 2510 3267 αὐχένα
2540 3197 2842 3268 πανταχοῦ,
2901 3200 2997 3253 καὶ
3049 3198 3109 3253 τδ
3173 3200 3740 3272 προσαγορευόμενον

2141 3288 2507 3361 θρότπισθαι,
2540 3289 2794 3361 ἀλλότρια
2825 3290 3077 3362 νενόμικε
3108 3292 3295 3346 καλῶν
3319 3292 3426 3345 καὶ
3449 3286 3741 3361 χρηστοτέ-

2145 3399 2253 3453 ρων
2279 3380 2602 3453 ἀνθρώπων.
2625 3383 2700 3435 Οὐ
2749 3382 2856 3453 μὴν
2878 3382 3126 3445 κάκεῖνός
3156 3399 3215 3450 γε
3254 3385 3532 3454 χρηστὸς,
3558 3381 3616 3443 δς
3652 3378 3738 3428 λυ-

2146 3475 2239 3527 πεῖ
2261 3473 2337 3543 τῷ
2368 3472 2543 3543 μέγας
2577 3468 2719 3528 εἶναι
2745 3489 2762 3506 ·
2790 3473 2905 3527 ἀλλ’
2952 3466 2996 3543 ᾧ
3048 3473 3400 3539 σονεύξαιντ*
3436 3472 3508 3527 ἂν
3561 3469 3737 3540 ἀγαθὰ

2142 3564 2191 3616 oi
2222 3563 2332 3616 τῶν
2364 3562 2573 3633 ἀνδρῶν
2599 3563 2854 3633 ἀμείνους
2887 3563 2983 3617 καὶ
3006 3563 3326 3633 συνησθείεν
3350 3558 3737 3629 εὐδαιμονοῦν-

2140 3673 2216 3720 τι,
2240 3657 2334 3709 καὶ
2367 3656 2765 3726 συναλγήσαιεν
2814 3656 3095 3727 πάσχοντι.
3130 3657 3293 3709 Δοκεῖ
3319 3658 3390 3729 δή
3452 3672 3540 3707 σοι
3573 3650 3736 3705 πανάο

2146 3764 2332 3819 ριστος
2358 3747 2513 3812 οὗτος
2558 3744 2723 3815 εἶναι,
2751 3750 2848 3803 καὶ
2888 3748 3069 3819 βούλει
3109 3749 3320 3809 πάντας
3378 3745 3724 3817 ἀνθρώπους.

2140 3841 2328 3910 ὥσπερ
2365 3842 2594 3908 ἐκεῖνον,
2625 3842 2803 3910 φιλεῖν
2853 3858 2934 3905 σε,
2965 3842 3185 3910 ἄριστον
3231 3842 3455 3912 ἀνδρῶν
3490 3857 3550 3892 σε
3577 3835 3726 3906 νομί·

2152 3932 2382 3997 ζοντας;
2415 3931 2571 3985 Οὕτω
2598 3932 2881 4002 πείθομαι.
2913 3931 3076 3986 Ὥστε
3136 3931 3545 4004 ζηλοτυποῦντι
3607 3926 3726 3986 τοὺς

2154 4022 2394 4089 ἀγαθοὺς
2447 4020 2646 4093 ζηλοῦν
2719 4020 2987 4095 προσήκει
3045 4023 3214 4077 τῶνδε
3277 4025 3412 4088 τοὺς
3473 4021 3724 4092 τρόπουςο

2158 4113 2333 4182 Ζήλου
2365 4130 2456 4179 μοι
2484 4113 2697 4179 τούσδε,
2715 4115 2843 4177 τοὺς
2867 4114 2913 4167 δ’
2947 4113 3121 4178 ἄλλως
3140 4114 3366 4186 ἔχοντας
3397 4114 3590 4183 φεῦγε.

475 4222 606 4279 ergo
632 4218 686 4262 te
717 4209 891 4261 bonos
942 4203 1314 4268 attnuiantem,
1347 4205 1550 4257 mores
1600 4198 1845 4269 ipsorum
1911 4200 2176 4259 aemulari.
2231 4203 2362 4273 llos,
2406 4194 2656 4278 inquam,
2713 4206 3004 4273 admirare,
3063 4217 3231 4279 atque
3291 4210 3458 4264 aliter
3510 4204 3725 4261 allectos

476 4304 678 4375 fugito.

1173 4416 1359 4473 LXXI.

550 4539 750 4594 Animo
778 4549 909 4592 cave
939 4532 1255 4604 percellaris
1285 4531 1353 4585 ob
1387 4546 1475 4587 res
1527 4530 1795 4587 secundas
1845 4531 2049 4602 impro-

478 4636 828 4694 hornm,nec
859 4626 1102 4697 improbe
1151 4628 1395 4695 agentem
1454 4620 1747 4687 temuleris,
1797 4622 2049 4691 quamvis

481 4720 839 4785 Alexandros,
892 4717 1145 4788 quamvis
1208 4714 1403 4782 Cyros,
1458 4714 1711 4784 quamvis
1783 4712 2047 4776 Caesares.

2881 4424 3006 4477 OA'.

2228 4535 2301 4589 Σὺ
2337 4534 2445 4589 τῶν
2474 4535 2729 4608 πονηρῶν
2755 4535 3178 4608 εὖπραγούντων
3213 4538 3289 4611 μὴ
3320 4533 3720 4604 καταπλήττθυν

2162 4627 2302 4697 μηδὲ
2345 4626 2597 4700 ζηλώσῃς
2650 4629 3108 4699 πονηρευόμενον,
3158 4629 3263 4684 κᾶν
3326 4625 3714 4711 Ἀλεξάνδρους,

2159 4719 2267 4773 κᾶν
2305 4718 2541 4790 Κύρους,
2593 4718 2697 4772 κᾶν
2744 4718 3049 4790 Καίσαρας,
3098 4720 3203 4773 κᾶν
3237 4719 3403 4774 πάνθ’
3454 4714 3592 4787 ὁμοῦ
3633 4709 3717 4761 τὸν

481 4814 740 4888 quamvis
780 4809 1159 4867 beatissimum
1218 4820 1495 4878 quemque
1527 4804 1733 4861 divitiis
1775 4814 1831 4861 et
1878 4806 2041 4875 gloria

2158 4806 2452 4874 εὐδαίμονα
2471 4805 2716 4878 παρέλθῃ
2732 4806 2945 4878 πλούτῳ
2971 4809 3063 4862 καὶ
3083 4807 3230 4879 δόξῃ.
3248 4808 3390 4885 Μηδ*
3411 4807 3466 4860 εί
3486 4821 3566 4865 τις
3588 4802 3718 4868 ἱερο-

481 4914 723 4980 superet.
758 4903 869 4960 Nec
907 4901 956 4958 si
982 4900 1104 4971 quis
1130 4897 1457 4968 sacrilegiis,
1492 4897 1722 4966 rapinis,
1752 4898 2049 4969 grassatio-

482 5002 646 5056 nibus
690 4996 932 5063 infamis,
989 4992 1352 5062 Numinisque
1408 4989 1575 5045 divini
1626 4998 1952 5056 contemtor,
2001 4998 2057 5044 et

481 5092 714 5147 violator
741 5089 943 5160 legum.
973 5083 1192 5156 Scythis
1213 5082 1581 5153 imperaverit,
1612 5096 1676 5136 ac
1707 5081 1871 5135 totius
1900 5081 2051 5135 orbis

483 5180 740 5245 babitati,
766 5179 934 5234 totius
961 5174 1337 5231 inhabitabilis
1371 5174 1507 5229 fines
1563 5171 1620 5227 iu
1663 5171 1927 5228 ditionem
1965 5187 2052 5227 re-

482 5269 715 5343 degerit,
764 5268 838 5324 ob
884 5266 1095 5336 imperii
1129 5265 1326 5320 molem
1356 5262 1696 5318 admirabilis
1735 5260 1831 5316 tibi
1863 5259 2049 5315 videa-

481 5371 593 5418 tur.
623 5358 739 5414 Non
765 5358 908 5413 enim
941 5357 1034 5413 ille
1066 5355 1263 5411 beatus
1306 5363 1410 5420 est,
1471 5368 1579 5409 non
1613 5353 1890 5425 princeps,
1941 5366 2050 5407 non

479 5466 603 5515 rex,
624 5463 730 5504 non
768 5460 958 5518 reapse
985 5446 1145 5501 homo
1168 5483 1186 5511 ,
1217 5445 1341 5499 licet
1371 5444 1423 5499 id
1448 5443 1629 5499 omnis
1683 5441 1842 5513 lapis,
1895 5455 2056 5496 omne

483 5540 711 5605 animal,
738 5538 923 5595 omnis
982 5537 1266 5592 hominum
1318 5545 1534 5602 natura,
1560 5533 1815 5604 .quodvis
1850 5532 2060 5607 anima:

489 5644 604 5690 tum
642 5640 697 5687 et
726 5629 967 5686 inanime
995 5627 1170 5684 dicat:
1195 5626 1288 5683 sed
1320 5633 1644 5696 potestatem
1671 5623 1818 5694 quod
1842 5625 2055 5690 attinet,

483 5726 664 5796 magis
689 5733 772 5780 est
794 5723 864 5779 iis
886 5735 1105 5793 quoque
1140 5718 1431 5785 ridiculus,
1468 5717 1898 5789 quiprincipum
1934 5732 2061 5787 per-

485 5829 652 5873 sonas
704 5816 758 5870 in
812 5827 977 5872 scena
1034 5814 1339 5870 sustinent:
1392 5809 1538 5881 quod
1574 5808 1762 5878 vitam,
1809 5808 2057 5865 miserior

2159 4896 2356 4960 συλῶν,
2378 4896 2667 4968 (ἁρπάξων,
2684 4897 3032 4963 λωποδυτῶν,
3064 4899 3160 4952 καὶ
3199 4900 3339 4970 πρὸς
3365 4898 3468 4970 μὲν
3493 4897 3552 4949 τὸ
3571 4891 3712 4947 Θεῖον

2157 4986 2461 5059 ὀλιγωρῶν,
2488 4989 2571 5053 είς
2593 4988 2650 5042 δὲ
2665 4989 2790 5052 τοὺς
2807 4989 3005 5059 νόμους
3027 4989 3285 5061 ὑϐρίζων,
3303 4991 3458 5062 ἄρξει
3482 4982 3709 5043 Σκυθῶν,

2112 5141 2117 5147 _
2158 5078 2313 5150 ἄρξει
2337 5080 2592 5150 περάτων
2621 5081 2804 5148 πάσης
2841 5081 3186 5154 οἰκουμένης,
3227 5083 3409 5152 πάσης
3442 5076 3707 5145 demitto“.

2159 5168 2475 5239 θαυμαστός
2499 5187 2582 5223 σοι
2610 5171 2887 5241 φαινέσθω
2902 5171 2980 5243 τῷ
2998 5174 3099 5244 τῆς
3122 5174 3300 5246 ἀρχῆς
3319 5174 3488 5245 δγκῳ.
3515 5170 3591 5223 Οὒ
3611 5163 3709 5232 γὰρ

2159 5260 2450 5331 εὐδαίμων,
2482 5260 2584 5315 οὐκ
2618 5262 2825 5335 ἄρχων,
2865 5266 2925 5317 οὐ
2982 5264 3258 5335 βασιλεὺς,
3285 5267 3384 5321 οὐκ
3439 5262 3702 5330 ἄνθρωπος

2160 5351 2399 5421 άληθῶς,
2431 5351 2532 5406 κᾶν
2559 5353 2704 5417 ἄπας
2737 5353 2906 5422 λίθος,
2939 5356 3042 5410 κᾶν
3067 5356 3407 5422 ἅπανζῶον,
3440 5355 3541 5410 κᾶν
3570 5348 3703 5402 πᾶσι

2163 5441 2325 5510 φύσις
2348 5442 2674 5514 ἀνθρώπων,
2696 5446 2807 5500 πᾶν
2836 5447 3083 5517 ἔμψυχόν
3106 5466 3165 5502 τε
3190 5451 3288 5504 καὶ
3314 5450 3539 5520 ἄψυχον,
3558 5437 3701 5495 τοῦτο

2166 5537 2323 5606 φαῖεν
2353 5551 2367 5565 ⁸
2400 5534 2538 5591 ἀλλὰ
2566 5536 2666 5608 τῆς
2715 5536 2815 5609 μὲν
2854 5541 3101 5607 ἔξουσίας
3129 5541 3197 5596 ἂν
3243 5542 3328 5610 εἰη
3355 5537 3574 5596 καὶτῶν
3620 5525 3700 5582 ἐπὶ

2162 5626 2262 5697 τῆς
2282 5627 2488 5697 σκηνῆς
2518 5628 2962 5700 ὕποκρινομένων
2984 5631 3155 5701 αὐτὴν
3175 5632 3354 5704 πολλῷ
3369 5626 3694 5700 γελοιότερος.

2165 5720 2265 5789 τῆς
2294 5718 2349 5772 δὲ
2380 5718 2528 5790 ζωῆς
2554 5718 2942 5792 σχετλιώτερος
2970 5720 3081 5775 τῶν
3112 5722 3289 5794 λέπρᾳ
3312 5727 3403 5775 καὶ
3424 5716 3559 5786 λώϐῃ
3578 5721 3695 5765 κατ-

2165 5812 2460 5882 εχομένων.
2513 5811 2634 5865 υῖδε
2676 5812 2783 5882 γὰρ
2817 5811 3179 5880 θρηνοῦμενοί
3237 5829 3297 5868 τε
3344 5811 3435 5867 καὶ
3461 5806 3554 5862 οὐκ
3583 5800 3690 5851 ἐπι·
