  <div class='ocr_page' id='page_1' title='image "/cluster/home/n/w/nwhite01/storage/ocr_20150623/156/hvd.32044019208438/254.png"; bbox 0 0 3978 6602; ppageno 0'>
   <div class='ocr_carea' id='block_1_1' title="bbox 125 458 264 513">
    <p class='ocr_par' dir='ltr' id='par_1_1' title="bbox 125 458 264 513">
     <span class='ocr_line' id='line_1_1' title="bbox 125 458 264 513; baseline -0.014 0"><span class='ocrx_word' id='word_1_1' title='bbox 125 458 264 513; x_wconf 68' lang='grc' dir='ltr'><strong>ἐέδῦ</strong></span> 
     </span>
    </p>
   </div>
   <div class='ocr_carea' id='block_1_2' title="bbox 1135 445 1774 509">
    <p class='ocr_par' dir='ltr' id='par_1_2' title="bbox 1135 447 1774 509">
     <span class='ocr_line' id='line_1_2' title="bbox 1135 447 1774 509; baseline -0.005 -1"><span class='ocrx_word' id='word_1_2' title='bbox 1135 449 1541 509; x_wconf 68' lang='grc' dir='ltr'><strong>ΙῚΜΞΕΕΡΤΑ</strong></span> <span class='ocrx_word' id='word_1_3' title='bbox 1572 447 1774 506; x_wconf 88' lang='lat' dir='ltr'><strong>EDUC</strong></span> 
     </span>
    </p>
   </div>
   <div class='ocr_carea' id='block_1_3' title="bbox 1882 445 3419 509">
    <p class='ocr_par' dir='ltr' id='par_1_3' title="bbox 1887 445 3419 508">
     <span class='ocr_line' id='line_1_3' title="bbox 1887 445 3419 508; baseline 0 -3"><span class='ocrx_word' id='word_1_4' title='bbox 1887 445 2097 506; x_wconf 84' lang='lat' dir='ltr'>IONIS</span> <span class='ocrx_word' id='word_1_5' title='bbox 2131 447 2416 508; x_wconf 67' lang='lat' dir='ltr'><strong>REGI/ﬁ.</strong></span> <span class='ocrx_word' id='word_1_6' title='bbox 3319 447 3419 506; x_wconf 64' lang='grc' dir='ltr'><strong>ἓ(ῖῆ</strong></span> 
     </span>
    </p>
   </div>
   <div class='ocr_carea' id='block_1_4' title="bbox 135 558 1774 635">
    <p class='ocr_par' dir='ltr' id='par_1_4' title="bbox 135 563 1752 635">
     <span class='ocr_line' id='line_1_4' title="bbox 135 563 1752 635; baseline -0.003 -16"><span class='ocrx_word' id='word_1_7' title='bbox 135 565 480 635; x_wconf 74' lang='grc' dir='ltr'>τιμώμενοι</span> <span class='ocrx_word' id='word_1_8' title='bbox 501 584 516 599; x_wconf 87' lang='grc'><strong>·</strong></span> <span class='ocrx_word' id='word_1_9' title='bbox 549 567 580 620; x_wconf 87' lang='grc' dir='ltr'><strong>ό</strong></span> <span class='ocrx_word' id='word_1_10' title='bbox 608 567 664 620; x_wconf 76' lang='grc' dir='ltr'>δὲ</span> <span class='ocrx_word' id='word_1_11' title='bbox 696 565 918 629; x_wconf 76' lang='grc' dir='ltr'>δικαίως</span> <span class='ocrx_word' id='word_1_12' title='bbox 957 563 1285 635; x_wconf 82' lang='grc' dir='ltr'>μισούμενός</span> <span class='ocrx_word' id='word_1_13' title='bbox 1301 580 1359 616; x_wconf 90' lang='grc' dir='ltr'><strong>τε</strong></span> <span class='ocrx_word' id='word_1_14' title='bbox 1390 564 1483 617; x_wconf 78' lang='grc' dir='ltr'><strong>καὶ</strong></span> <span class='ocrx_word' id='word_1_15' title='bbox 1505 563 1752 632; x_wconf 85' lang='grc' dir='ltr'><strong>συριττό⁹</strong></span> 
     </span>
    </p>
   </div>
   <div class='ocr_carea' id='block_1_5' title="bbox 1882 558 3420 635">
    <p class='ocr_par' dir='ltr' id='par_1_5' title="bbox 1882 558 3420 630">
     <span class='ocr_line' id='line_1_5' title="bbox 1882 558 3420 630; baseline 0 -16"><span class='ocrx_word' id='word_1_16' title='bbox 1882 559 2073 616; x_wconf 82' lang='lat' dir='ltr'><strong>nfectis</strong></span> <span class='ocrx_word' id='word_1_17' title='bbox 2097 561 2262 627; x_wconf 80' lang='lat' dir='ltr'><strong>lepra.</strong></span> <span class='ocrx_word' id='word_1_18' title='bbox 2298 558 2431 615; x_wconf 82' lang='lat' dir='ltr'><strong>Nam</strong></span> <span class='ocrx_word' id='word_1_19' title='bbox 2453 561 2644 615; x_wconf 88' lang='lat' dir='ltr'><strong>horum</strong></span> <span class='ocrx_word' id='word_1_20' title='bbox 2667 574 2796 615; x_wconf 88' lang='lat' dir='ltr'><strong>sane</strong></span> <span class='ocrx_word' id='word_1_21' title='bbox 2821 575 2941 616; x_wconf 91' lang='lat' dir='ltr'><strong>sors</strong></span> <span class='ocrx_word' id='word_1_22' title='bbox 2964 559 3237 630; x_wconf 63' lang='lat' dir='ltr'><strong>deplorari</strong></span> <span class='ocrx_word' id='word_1_23' title='bbox 3258 561 3420 624; x_wconf 83' lang='lat' dir='ltr'><strong>solet,</strong></span> 
     </span>
    </p>
   </div>
   <div class='ocr_carea' id='block_1_6' title="bbox 155 675 359 728">
    <p class='ocr_par' dir='ltr' id='par_1_6' title="bbox 155 675 359 728">
     <span class='ocr_line' id='line_1_6' title="bbox 155 675 359 728; baseline -0.025 0"><span class='ocrx_word' id='word_1_24' title='bbox 155 675 359 728; x_wconf 77' lang='grc' dir='ltr'>μενος.</span> 
     </span>
    </p>
   </div>
   <div class='ocr_carea' id='block_1_7' title="bbox 909 835 1028 891">
    <p class='ocr_par' dir='ltr' id='par_1_7' title="bbox 909 835 1028 891">
     <span class='ocr_line' id='line_1_7' title="bbox 909 835 1028 891; baseline -0.008 0"><span class='ocrx_word' id='word_1_25' title='bbox 909 835 1028 891; x_wconf 76' lang='grc' dir='ltr'>οιιο.</span> 
     </span>
    </p>
   </div>
   <div class='ocr_carea' id='block_1_8' title="bbox 248 926 1753 999">
    <p class='ocr_par' dir='ltr' id='par_1_8' title="bbox 248 926 1753 999">
     <span class='ocr_line' id='line_1_8' title="bbox 248 926 1753 999; baseline -0.003 -15"><span class='ocrx_word' id='word_1_26' title='bbox 248 931 321 984; x_wconf 83' lang='grc' dir='ltr'>Ὀ</span> <span class='ocrx_word' id='word_1_27' title='bbox 351 930 472 993; x_wconf 80' lang='grc' dir='ltr'>τοῖς</span> <span class='ocrx_word' id='word_1_28' title='bbox 493 927 723 996; x_wconf 81' lang='grc' dir='ltr'>ἀγαθοῖς</span> <span class='ocrx_word' id='word_1_29' title='bbox 754 926 930 980; x_wconf 86' lang='grc' dir='ltr'>συνὼν</span> <span class='ocrx_word' id='word_1_30' title='bbox 960 927 1146 996; x_wconf 83' lang='grc' dir='ltr'>ἀγαθά</span> <span class='ocrx_word' id='word_1_31' title='bbox 1183 927 1498 999; x_wconf 73' lang='grc' dir='ltr'>πορίζεταιο</span> <span class='ocrx_word' id='word_1_32' title='bbox 1532 929 1560 982; x_wconf 84' lang='grc' dir='ltr'><strong>ό</strong></span> <span class='ocrx_word' id='word_1_33' title='bbox 1581 927 1638 982; x_wconf 74' lang='grc' dir='ltr'>δὲ</span> <span class='ocrx_word' id='word_1_34' title='bbox 1668 945 1753 997; x_wconf 72' lang='grc' dir='ltr'><strong>μισ</strong></span> 
     </span>
    </p>
   </div>
   <div class='ocr_carea' id='block_1_9' title="bbox 159 1019 1759 1091">
    <p class='ocr_par' dir='ltr' id='par_1_9' title="bbox 159 1019 1759 1091">
     <span class='ocr_line' id='line_1_9' title="bbox 159 1019 1759 1091; baseline -0.002 -15"><span class='ocrx_word' id='word_1_35' title='bbox 159 1022 452 1091; x_wconf 75' lang='grc' dir='ltr'>γνύμενος</span> <span class='ocrx_word' id='word_1_36' title='bbox 485 1022 680 1082; x_wconf 78' lang='grc' dir='ltr'><strong>κακοῖς</strong></span> <span class='ocrx_word' id='word_1_37' title='bbox 703 1020 797 1072; x_wconf 78' lang='grc' dir='ltr'>καὶ</span> <span class='ocrx_word' id='word_1_38' title='bbox 827 1019 922 1072; x_wconf 79' lang='grc' dir='ltr'><strong>τὸν</strong></span> <span class='ocrx_word' id='word_1_39' title='bbox 951 1020 1083 1073; x_wconf 86' lang='grc' dir='ltr'>ῖδιον</span> <span class='ocrx_word' id='word_1_40' title='bbox 1099 1021 1358 1073; x_wconf 85' lang='grc' dir='ltr'>ἀπόλλυσι</span> <span class='ocrx_word' id='word_1_41' title='bbox 1394 1019 1537 1085; x_wconf 83' lang='grc' dir='ltr'><strong>νοῦν,</strong></span> <span class='ocrx_word' id='word_1_42' title='bbox 1558 1019 1634 1083; x_wconf 82' lang='grc' dir='ltr'>ὥς</span> <span class='ocrx_word' id='word_1_43' title='bbox 1673 1037 1759 1083; x_wconf 88' lang='grc' dir='ltr'><strong>τις</strong></span> 
     </span>
    </p>
   </div>
   <div class='ocr_carea' id='block_1_10' title="bbox 162 1108 1761 1184">
    <p class='ocr_par' dir='ltr' id='par_1_10' title="bbox 162 1108 1761 1184">
     <span class='ocr_line' id='line_1_10' title="bbox 162 1108 1761 1184; baseline -0.002 -17"><span class='ocrx_word' id='word_1_44' title='bbox 162 1116 284 1184; x_wconf 74' lang='grc' dir='ltr'>ἔφη</span> <span class='ocrx_word' id='word_1_45' title='bbox 307 1115 424 1167; x_wconf 84' lang='grc' dir='ltr'><strong>τῶν</strong></span> <span class='ocrx_word' id='word_1_46' title='bbox 455 1113 717 1182; x_wconf 76' lang='grc' dir='ltr'><strong>ποιητῶν.</strong></span> <span class='ocrx_word' id='word_1_47' title='bbox 761 1111 952 1165; x_wconf 84' lang='grc' dir='ltr'>Ὅποῖα</span> <span class='ocrx_word' id='word_1_48' title='bbox 1006 1112 1113 1182; x_wconf 83' lang='grc' dir='ltr'><strong>γάρ</strong></span> <span class='ocrx_word' id='word_1_49' title='bbox 1142 1112 1208 1166; x_wconf 80' lang='grc' dir='ltr'>ἂν</span> <span class='ocrx_word' id='word_1_50' title='bbox 1297 1112 1366 1165; x_wconf 73' lang='grc' dir='ltr'><strong>τὰ</strong></span> <span class='ocrx_word' id='word_1_51' title='bbox 1393 1113 1504 1164; x_wconf 77' lang='grc' dir='ltr'><strong>τῶν</strong></span> <span class='ocrx_word' id='word_1_52' title='bbox 1549 1109 1761 1181; x_wconf 83' lang='grc' dir='ltr'>ἀνθρὼ-</span> 
     </span>
    </p>
   </div>
   <div class='ocr_carea' id='block_1_11' title="bbox 165 1201 1756 1274">
    <p class='ocr_par' dir='ltr' id='par_1_11' title="bbox 165 1201 1756 1274">
     <span class='ocr_line' id='line_1_11' title="bbox 165 1201 1756 1274; baseline -0.001 -18"><span class='ocrx_word' id='word_1_53' title='bbox 165 1222 304 1257; x_wconf 82' lang='grc' dir='ltr'><strong>πων</strong></span> <span class='ocrx_word' id='word_1_54' title='bbox 331 1203 465 1274; x_wconf 72' lang='grc' dir='ltr'>ἢθη,</span> <span class='ocrx_word' id='word_1_55' title='bbox 487 1202 716 1255; x_wconf 80' lang='grc' dir='ltr'>τοιαῦτα</span> <span class='ocrx_word' id='word_1_56' title='bbox 741 1202 963 1265; x_wconf 76' lang='grc' dir='ltr'>καὶτοῖς</span> <span class='ocrx_word' id='word_1_57' title='bbox 980 1202 1163 1265; x_wconf 76' lang='grc' dir='ltr'>ἄλλοις</span> <span class='ocrx_word' id='word_1_58' title='bbox 1189 1203 1454 1272; x_wconf 85' lang='grc' dir='ltr'>παρέχειν</span> <span class='ocrx_word' id='word_1_59' title='bbox 1475 1201 1756 1255; x_wconf 78' lang='grc' dir='ltr'>δύνανται.</span> 
     </span>
    </p>
   </div>
   <div class='ocr_carea' id='block_1_12' title="bbox 1855 651 3422 723">
    <p class='ocr_par' dir='ltr' id='par_1_12' title="bbox 1855 651 3422 723">
     <span class='ocr_line' id='line_1_12' title="bbox 1855 651 3422 723; baseline 0.003 -19"><span class='ocrx_word' id='word_1_60' title='bbox 1855 665 1962 704; x_wconf 89' lang='lat' dir='ltr'><strong>non</strong></span> <span class='ocrx_word' id='word_1_61' title='bbox 1993 651 2348 719; x_wconf 80' lang='lat' dir='ltr'><strong>reprehendi:</strong></span> <span class='ocrx_word' id='word_1_62' title='bbox 2382 661 2436 707; x_wconf 87' lang='lat' dir='ltr'><strong>at</strong></span> <span class='ocrx_word' id='word_1_63' title='bbox 2466 652 2614 707; x_wconf 88' lang='lat' dir='ltr'><strong>illum</strong></span> <span class='ocrx_word' id='word_1_64' title='bbox 2639 651 2778 708; x_wconf 88' lang='lat' dir='ltr'><strong>odiis</strong></span> <span class='ocrx_word' id='word_1_65' title='bbox 2802 651 2995 708; x_wconf 80' lang='lat' dir='ltr'><strong>merito</strong></span> <span class='ocrx_word' id='word_1_66' title='bbox 3014 663 3422 723; x_wconf 76' lang='lat' dir='ltr'><strong>persequentes,</strong></span> 
     </span>
    </p>
   </div>
   <div class='ocr_carea' id='block_1_13' title="bbox 1852 741 2218 813">
    <p class='ocr_par' dir='ltr' id='par_1_13' title="bbox 1852 741 2218 813">
     <span class='ocr_line' id='line_1_13' title="bbox 1852 741 2218 813; baseline -0.008 -15"><span class='ocrx_word' id='word_1_67' title='bbox 1852 741 2218 813; x_wconf 76' lang='lat' dir='ltr'><strong>explodimus.</strong></span> 
     </span>
    </p>
   </div>
   <div class='ocr_carea' id='block_1_14' title="bbox 2536 834 2746 890">
    <p class='ocr_par' dir='ltr' id='par_1_14' title="bbox 2536 834 2746 890">
     <span class='ocr_line' id='line_1_14' title="bbox 2536 834 2746 890; baseline 0.01 -2"><span class='ocrx_word' id='word_1_68' title='bbox 2536 834 2746 890; x_wconf 64' lang='lat' dir='ltr'><strong>LX-XII.</strong></span> 
     </span>
    </p>
   </div>
   <div class='ocr_carea' id='block_1_15' title="bbox 1926 927 3428 999">
    <p class='ocr_par' dir='ltr' id='par_1_15' title="bbox 1926 927 3428 999">
     <span class='ocr_line' id='line_1_15' title="bbox 1926 927 3428 999; baseline 0 -17"><span class='ocrx_word' id='word_1_69' title='bbox 1926 927 2078 982; x_wconf 89' lang='lat' dir='ltr'><strong>Licet</strong></span> <span class='ocrx_word' id='word_1_70' title='bbox 2131 927 2222 992; x_wconf 89' lang='lat' dir='ltr'><strong>ei,</strong></span> <span class='ocrx_word' id='word_1_71' title='bbox 2285 927 2378 997; x_wconf 90' lang='lat' dir='ltr'><strong>qui</strong></span> <span class='ocrx_word' id='word_1_72' title='bbox 2425 941 2551 982; x_wconf 90' lang='lat' dir='ltr'><strong>eum</strong></span> <span class='ocrx_word' id='word_1_73' title='bbox 2589 929 2748 982; x_wconf 87' lang='lat' dir='ltr'><strong>bonis</strong></span> <span class='ocrx_word' id='word_1_74' title='bbox 2800 936 3077 995; x_wconf 76' lang='lat' dir='ltr'><strong>versatur,</strong></span> <span class='ocrx_word' id='word_1_75' title='bbox 3142 929 3428 999; x_wconf 79' lang='lat' dir='ltr'><strong>acquirere</strong></span> 
     </span>
    </p>
   </div>
   <div class='ocr_carea' id='block_1_16' title="bbox 1859 1020 3428 1091">
    <p class='ocr_par' dir='ltr' id='par_1_16' title="bbox 1859 1020 3428 1091">
     <span class='ocr_line' id='line_1_16' title="bbox 1859 1020 3428 1091; baseline 0 -17"><span class='ocrx_word' id='word_1_76' title='bbox 1859 1020 2041 1075; x_wconf 85' lang='lat' dir='ltr'><strong>bona:</strong></span> <span class='ocrx_word' id='word_1_77' title='bbox 2074 1021 2166 1090; x_wconf 89' lang='lat' dir='ltr'><strong>qui</strong></span> <span class='ocrx_word' id='word_1_78' title='bbox 2198 1035 2328 1075; x_wconf 88' lang='lat' dir='ltr'><strong>vero</strong></span> <span class='ocrx_word' id='word_1_79' title='bbox 2364 1035 2423 1074; x_wconf 92' lang='lat' dir='ltr'><strong>se</strong></span> <span class='ocrx_word' id='word_1_80' title='bbox 2469 1021 2630 1074; x_wconf 85' lang='lat' dir='ltr'><strong>malis</strong></span> <span class='ocrx_word' id='word_1_81' title='bbox 2669 1021 2960 1085; x_wconf 92' lang='lat' dir='ltr'><strong>admiscet,</strong></span> <span class='ocrx_word' id='word_1_82' title='bbox 2995 1031 3234 1076; x_wconf 79' lang='lat' dir='ltr'><strong>mentem</strong></span> <span class='ocrx_word' id='word_1_83' title='bbox 3291 1037 3428 1091; x_wconf 85' lang='lat' dir='ltr'><strong>quo—</strong></span> 
     </span>
    </p>
   </div>
   <div class='ocr_carea' id='block_1_17' title="bbox 1860 1112 3426 1182">
    <p class='ocr_par' dir='ltr' id='par_1_17' title="bbox 1860 1112 3426 1182">
     <span class='ocr_line' id='line_1_17' title="bbox 1860 1112 3426 1182; baseline 0.001 -19"><span class='ocrx_word' id='word_1_84' title='bbox 1860 1126 1966 1180; x_wconf 87' lang='lat' dir='ltr'><strong>que</strong></span> <span class='ocrx_word' id='word_1_85' title='bbox 1999 1126 2154 1166; x_wconf 89' lang='lat' dir='ltr'><strong>suam</strong></span> <span class='ocrx_word' id='word_1_86' title='bbox 2183 1112 2408 1177; x_wconf 79' lang='lat' dir='ltr'><strong>amittit,</strong></span> <span class='ocrx_word' id='word_1_87' title='bbox 2444 1120 2502 1165; x_wconf 90' lang='lat' dir='ltr'><strong>ut</strong></span> <span class='ocrx_word' id='word_1_88' title='bbox 2527 1127 2556 1166; x_wconf 87' lang='lat' dir='ltr'><strong>a</strong></span> <span class='ocrx_word' id='word_1_89' title='bbox 2583 1122 2742 1182; x_wconf 88' lang='lat' dir='ltr'><strong>poeta</strong></span> <span class='ocrx_word' id='word_1_90' title='bbox 2794 1113 3032 1182; x_wconf 86' lang='lat' dir='ltr'><strong>quodam</strong></span> <span class='ocrx_word' id='word_1_91' title='bbox 3091 1113 3296 1167; x_wconf 83' lang='lat' dir='ltr'><strong>dictum</strong></span> <span class='ocrx_word' id='word_1_92' title='bbox 3323 1121 3426 1168; x_wconf 87' lang='lat' dir='ltr'><strong>est.</strong></span> 
     </span>
    </p>
   </div>
   <div class='ocr_carea' id='block_1_18' title="bbox 1860 1201 3430 1274">
    <p class='ocr_par' dir='ltr' id='par_1_18' title="bbox 1860 1201 3430 1274">
     <span class='ocr_line' id='line_1_18' title="bbox 1860 1201 3430 1274; baseline 0.004 -20"><span class='ocrx_word' id='word_1_93' title='bbox 1860 1201 2060 1268; x_wconf 80' lang='lat' dir='ltr'><strong>Quales</strong></span> <span class='ocrx_word' id='word_1_94' title='bbox 2086 1203 2230 1257; x_wconf 89' lang='lat' dir='ltr'><strong>enim</strong></span> <span class='ocrx_word' id='word_1_95' title='bbox 2264 1217 2446 1258; x_wconf 90' lang='lat' dir='ltr'><strong>mores</strong></span> <span class='ocrx_word' id='word_1_96' title='bbox 2465 1213 2590 1258; x_wconf 87' lang='lat' dir='ltr'><strong>sunt</strong></span> <span class='ocrx_word' id='word_1_97' title='bbox 2619 1205 2861 1274; x_wconf 85' lang='lat' dir='ltr'><strong>ipsorum</strong></span> <span class='ocrx_word' id='word_1_98' title='bbox 2886 1204 3191 1268; x_wconf 81' lang='lat' dir='ltr'><strong>hominum,</strong></span> <span class='ocrx_word' id='word_1_99' title='bbox 3221 1204 3355 1259; x_wconf 89' lang='lat' dir='ltr'><strong>tales</strong></span> <span class='ocrx_word' id='word_1_100' title='bbox 3376 1213 3430 1260; x_wconf 75' lang='lat' dir='ltr'><strong>et</strong></span> 
     </span>
    </p>
   </div>
   <div class='ocr_carea' id='block_1_19' title="bbox 169 1292 1774 1365">
    <p class='ocr_par' dir='ltr' id='par_1_19' title="bbox 169 1293 1762 1364">
     <span class='ocr_line' id='line_1_19' title="bbox 169 1293 1762 1364; baseline -0.001 -15"><span class='ocrx_word' id='word_1_101' title='bbox 169 1295 317 1349; x_wconf 67' lang='grc' dir='ltr'>Οὐδὲ</span> <span class='ocrx_word' id='word_1_102' title='bbox 350 1297 463 1362; x_wconf 83' lang='grc' dir='ltr'><strong>γὰρ</strong></span> <span class='ocrx_word' id='word_1_103' title='bbox 511 1294 802 1363; x_wconf 82' lang='grc' dir='ltr'>ἀντλήσεις</span> <span class='ocrx_word' id='word_1_104' title='bbox 853 1293 964 1348; x_wconf 72' lang='grc' dir='ltr'><strong>ἀπὸ</strong></span> <span class='ocrx_word' id='word_1_105' title='bbox 1014 1298 1199 1364; x_wconf 84' lang='grc' dir='ltr'>πηγῆς</span> <span class='ocrx_word' id='word_1_106' title='bbox 1261 1295 1295 1362; x_wconf 80' lang='grc' dir='ltr'><strong>ἧ</strong></span> <span class='ocrx_word' id='word_1_107' title='bbox 1340 1295 1524 1349; x_wconf 81' lang='grc' dir='ltr'>ὁποῖον</span> <span class='ocrx_word' id='word_1_108' title='bbox 1577 1293 1762 1363; x_wconf 79' lang='grc' dir='ltr'>βλύζει</span> 
     </span>
    </p>
   </div>
   <div class='ocr_carea' id='block_1_20' title="bbox 1882 1292 3430 1365">
    <p class='ocr_par' dir='ltr' id='par_1_20' title="bbox 1882 1292 3430 1365">
     <span class='ocr_line' id='line_1_20' title="bbox 1882 1292 3430 1365; baseline 0.001 -19"><span class='ocrx_word' id='word_1_109' title='bbox 1882 1292 1983 1347; x_wconf 80' lang='lat' dir='ltr'><strong>iliis</strong></span> <span class='ocrx_word' id='word_1_110' title='bbox 2043 1293 2302 1349; x_wconf 80' lang='lat' dir='ltr'><strong>exhibere</strong></span> <span class='ocrx_word' id='word_1_111' title='bbox 2357 1305 2608 1364; x_wconf 90' lang='lat' dir='ltr'><strong>possunt.</strong></span> <span class='ocrx_word' id='word_1_112' title='bbox 2669 1294 2804 1349; x_wconf 85' lang='lat' dir='ltr'><strong>Nam</strong></span> <span class='ocrx_word' id='word_1_113' title='bbox 2862 1296 3297 1365; x_wconf 83' lang='lat' dir='ltr'><strong>aquamefonte</strong></span> <span class='ocrx_word' id='word_1_114' title='bbox 3320 1311 3430 1349; x_wconf 86' lang='lat' dir='ltr'><strong>non</strong></span> 
     </span>
    </p>
   </div>
   <div class='ocr_carea' id='block_1_21' title="bbox 175 1386 1760 1457">
    <p class='ocr_par' dir='ltr' id='par_1_21' title="bbox 175 1386 1760 1457">
     <span class='ocr_line' id='line_1_21' title="bbox 175 1386 1760 1457; baseline -0.001 -17"><span class='ocrx_word' id='word_1_115' title='bbox 175 1388 406 1457; x_wconf 86' lang='grc' dir='ltr'>ῥεῖθρον</span> <span class='ocrx_word' id='word_1_116' title='bbox 432 1386 742 1456; x_wconf 48' lang='lat' dir='ltr'><strong>meeum.</strong></span> <span class='ocrx_word' id='word_1_117' title='bbox 775 1386 1124 1456; x_wconf 57' lang='lat' dir='ltr'><strong>Eovotdrpwe</strong></span> <span class='ocrx_word' id='word_1_118' title='bbox 1159 1386 1340 1438; x_wconf 72' lang='grc' dir='ltr'>τοίνυν</span> <span class='ocrx_word' id='word_1_119' title='bbox 1375 1389 1489 1448; x_wconf 91' lang='grc' dir='ltr'>τοῖς</span> <span class='ocrx_word' id='word_1_120' title='bbox 1510 1386 1760 1454; x_wconf 88' lang='grc' dir='ltr'>ἀγαθοῖς,</span> 
     </span>
    </p>
   </div>
   <div class='ocr_carea' id='block_1_22' title="bbox 172 1478 1766 1548">
    <p class='ocr_par' dir='ltr' id='par_1_22' title="bbox 172 1478 1766 1548">
     <span class='ocr_line' id='line_1_22' title="bbox 172 1478 1766 1548; baseline -0.002 -14"><span class='ocrx_word' id='word_1_121' title='bbox 172 1483 337 1542; x_wconf 76' lang='grc' dir='ltr'>ὅπως</span> <span class='ocrx_word' id='word_1_122' title='bbox 377 1480 585 1546; x_wconf 72' lang='grc' dir='ltr'>ἀγαθὸς</span> <span class='ocrx_word' id='word_1_123' title='bbox 618 1479 800 1548; x_wconf 86' lang='grc' dir='ltr'>γένοιο</span> <span class='ocrx_word' id='word_1_124' title='bbox 829 1495 845 1512; x_wconf 76' lang='grc' dir='ltr'><strong>ο</strong></span> <span class='ocrx_word' id='word_1_125' title='bbox 875 1478 971 1533; x_wconf 80' lang='grc' dir='ltr'><strong>καὶ</strong></span> <span class='ocrx_word' id='word_1_126' title='bbox 1010 1481 1131 1541; x_wconf 87' lang='grc' dir='ltr'>ταῖς</span> <span class='ocrx_word' id='word_1_127' title='bbox 1165 1479 1304 1548; x_wconf 81' lang='grc' dir='ltr'>πρὸς</span> <span class='ocrx_word' id='word_1_128' title='bbox 1331 1479 1534 1540; x_wconf 76' lang='grc' dir='ltr'>αὐτοὺς</span> <span class='ocrx_word' id='word_1_129' title='bbox 1581 1497 1766 1533; x_wconf 88' lang='grc' dir='ltr'>συνου-</span> 
     </span>
    </p>
   </div>
   <div class='ocr_carea' id='block_1_23' title="bbox 1865 1383 3516 1456">
    <p class='ocr_par' dir='ltr' id='par_1_23' title="bbox 1865 1383 3516 1456">
     <span class='ocr_line' id='line_1_23' title="bbox 1865 1383 3516 1456; baseline 0.003 -20"><span class='ocrx_word' id='word_1_130' title='bbox 1865 1383 2084 1437; x_wconf 84' lang='lat' dir='ltr'><strong>hauries</strong></span> <span class='ocrx_word' id='word_1_131' title='bbox 2113 1383 2298 1448; x_wconf 88' lang='lat' dir='ltr'><strong>aliam,</strong></span> <span class='ocrx_word' id='word_1_132' title='bbox 2335 1400 2499 1455; x_wconf 89' lang='lat' dir='ltr'><strong>quam</strong></span> <span class='ocrx_word' id='word_1_133' title='bbox 2534 1386 2844 1456; x_wconf 85' lang='lat' dir='ltr'><strong>cujusmodi</strong></span> <span class='ocrx_word' id='word_1_134' title='bbox 2871 1402 3086 1454; x_wconf 81' lang='lat' dir='ltr'><strong>semper</strong></span> <span class='ocrx_word' id='word_1_135' title='bbox 3118 1402 3182 1442; x_wconf 83' lang='lat' dir='ltr'><strong>ex</strong></span> <span class='ocrx_word' id='word_1_136' title='bbox 3214 1403 3278 1440; x_wconf 91' lang='lat' dir='ltr'><strong>eo</strong></span> <span class='ocrx_word' id='word_1_137' title='bbox 3305 1402 3434 1456; x_wconf 70' lang='lat' dir='ltr'><strong>pro.</strong></span> <span class='ocrx_word' id='word_1_138' title='bbox 3509 1451 3516 1455; x_wconf 95' lang='lat'>_</span> 
     </span>
    </p>
   </div>
   <div class='ocr_carea' id='block_1_24' title="bbox 1865 1475 3434 1549">
    <p class='ocr_par' dir='ltr' id='par_1_24' title="bbox 1865 1475 3434 1549">
     <span class='ocr_line' id='line_1_24' title="bbox 1865 1475 3434 1549; baseline 0.005 -21"><span class='ocrx_word' id='word_1_139' title='bbox 1865 1482 2069 1529; x_wconf 89' lang='lat' dir='ltr'><strong>manat.</strong></span> <span class='ocrx_word' id='word_1_140' title='bbox 2101 1475 2470 1541; x_wconf 79' lang='lat' dir='ltr'><strong>Quamobrem</strong></span> <span class='ocrx_word' id='word_1_141' title='bbox 2497 1494 2618 1531; x_wconf 86' lang='lat' dir='ltr'><strong>eum</strong></span> <span class='ocrx_word' id='word_1_142' title='bbox 2645 1477 2801 1532; x_wconf 87' lang='lat' dir='ltr'><strong>bonis</strong></span> <span class='ocrx_word' id='word_1_143' title='bbox 2833 1493 3175 1544; x_wconf 83' lang='lat' dir='ltr'><strong>conrersare,</strong></span> <span class='ocrx_word' id='word_1_144' title='bbox 3209 1494 3313 1549; x_wconf 90' lang='lat' dir='ltr'><strong>quo</strong></span> <span class='ocrx_word' id='word_1_145' title='bbox 3335 1478 3434 1536; x_wconf 82' lang='lat' dir='ltr'><strong>bo.-</strong></span> 
     </span>
    </p>
   </div>
   <div class='ocr_carea' id='block_1_25' title="bbox 176 1569 1774 1642">
    <p class='ocr_par' dir='ltr' id='par_1_25' title="bbox 176 1569 1764 1641">
     <span class='ocr_line' id='line_1_25' title="bbox 176 1569 1764 1641; baseline -0.001 -17"><span class='ocrx_word' id='word_1_146' title='bbox 176 1573 335 1633; x_wconf 81' lang='grc' dir='ltr'>σὲαις</span> <span class='ocrx_word' id='word_1_147' title='bbox 358 1572 492 1640; x_wconf 89' lang='grc' dir='ltr'>νέμε</span> <span class='ocrx_word' id='word_1_148' title='bbox 519 1588 571 1623; x_wconf 91' lang='grc' dir='ltr'><strong>τι</strong></span> <span class='ocrx_word' id='word_1_149' title='bbox 604 1569 822 1640; x_wconf 83' lang='grc' dir='ltr'>σεμνὸν,</span> <span class='ocrx_word' id='word_1_150' title='bbox 870 1569 964 1624; x_wconf 88' lang='grc' dir='ltr'>καὶ</span> <span class='ocrx_word' id='word_1_151' title='bbox 1027 1570 1238 1641; x_wconf 79' lang='grc' dir='ltr'>πρέπον</span> <span class='ocrx_word' id='word_1_152' title='bbox 1295 1571 1458 1640; x_wconf 79' lang='grc' dir='ltr'>ἀρχῇ.</span> <span class='ocrx_word' id='word_1_153' title='bbox 1512 1570 1764 1623; x_wconf 87' lang='grc' dir='ltr'>Γλῶττσν</span> 
     </span>
    </p>
   </div>
   <div class='ocr_carea' id='block_1_26' title="bbox 1882 1569 3428 1642">
    <p class='ocr_par' dir='ltr' id='par_1_26' title="bbox 1882 1569 3428 1642">
     <span class='ocr_line' id='line_1_26' title="bbox 1882 1569 3428 1642; baseline 0.001 -20"><span class='ocrx_word' id='word_1_154' title='bbox 1882 1584 1970 1623; x_wconf 75' lang='lat' dir='ltr'><strong>ius</strong></span> <span class='ocrx_word' id='word_1_155' title='bbox 2002 1569 2236 1624; x_wconf 85' lang='lat' dir='ltr'><strong>evadas:</strong></span> <span class='ocrx_word' id='word_1_156' title='bbox 2273 1581 2326 1624; x_wconf 89' lang='lat' dir='ltr'><strong>et</strong></span> <span class='ocrx_word' id='word_1_157' title='bbox 2362 1569 2727 1626; x_wconf 85' lang='lat' dir='ltr'><strong>familiaribus</strong></span> <span class='ocrx_word' id='word_1_158' title='bbox 2767 1571 2963 1624; x_wconf 88' lang='lat' dir='ltr'><strong>horum</strong></span> <span class='ocrx_word' id='word_1_159' title='bbox 2997 1573 3289 1642; x_wconf 81' lang='lat' dir='ltr'><strong>colloquiis</strong></span> <span class='ocrx_word' id='word_1_160' title='bbox 3321 1572 3428 1625; x_wconf 80' lang='lat' dir='ltr'><strong>ali-</strong></span> 
     </span>
    </p>
   </div>
   <div class='ocr_carea' id='block_1_27' title="bbox 174 1659 1767 1730">
    <p class='ocr_par' dir='ltr' id='par_1_27' title="bbox 174 1659 1767 1730">
     <span class='ocr_line' id='line_1_27' title="bbox 174 1659 1767 1730; baseline -0.001 -18"><span class='ocrx_word' id='word_1_161' title='bbox 174 1661 235 1713; x_wconf 80' lang='grc' dir='ltr'><em>δέ</em></span> <span class='ocrx_word' id='word_1_162' title='bbox 271 1677 334 1712; x_wconf 89' lang='grc' dir='ltr'><strong>σε</strong></span> <span class='ocrx_word' id='word_1_163' title='bbox 367 1660 737 1728; x_wconf 74' lang='grc' dir='ltr'><strong>βλάπτουσαν,</strong></span> <span class='ocrx_word' id='word_1_164' title='bbox 796 1659 987 1728; x_wconf 83' lang='grc' dir='ltr'>ὥσπερ</span> <span class='ocrx_word' id='word_1_165' title='bbox 1041 1661 1298 1730; x_wconf 83' lang='grc' dir='ltr'><strong>μέλιτταν</strong></span> <span class='ocrx_word' id='word_1_166' title='bbox 1347 1661 1556 1730; x_wconf 85' lang='grc' dir='ltr'>κέντρῳ</span> <span class='ocrx_word' id='word_1_167' title='bbox 1596 1659 1767 1730; x_wconf 84' lang='grc' dir='ltr'>πλήτ-</span> 
     </span>
    </p>
   </div>
   <div class='ocr_carea' id='block_1_28' title="bbox 177 1751 1764 1823">
    <p class='ocr_par' dir='ltr' id='par_1_28' title="bbox 177 1751 1764 1823">
     <span class='ocr_line' id='line_1_28' title="bbox 177 1751 1764 1823; baseline 0.002 -19"><span class='ocrx_word' id='word_1_168' title='bbox 177 1769 413 1815; x_wconf 85' lang='grc' dir='ltr'>τουσαν,</span> <span class='ocrx_word' id='word_1_169' title='bbox 436 1751 653 1806; x_wconf 72' lang='grc' dir='ltr'>ἔλαυνε.</span> <span class='ocrx_word' id='word_1_170' title='bbox 696 1753 793 1804; x_wconf 85' lang='grc' dir='ltr'><strong>’Δν</strong></span> <span class='ocrx_word' id='word_1_171' title='bbox 811 1753 956 1806; x_wconf 70' lang='grc' dir='ltr'>οὕτω</span> <span class='ocrx_word' id='word_1_172' title='bbox 989 1752 1246 1823; x_wconf 82' lang='grc' dir='ltr'>πράττων</span> <span class='ocrx_word' id='word_1_173' title='bbox 1274 1752 1543 1823; x_wconf 79' lang='grc' dir='ltr'>διατελῇς,</span> <span class='ocrx_word' id='word_1_174' title='bbox 1568 1755 1631 1807; x_wconf 85' lang='grc' dir='ltr'>οὐ</span> <span class='ocrx_word' id='word_1_175' title='bbox 1665 1754 1764 1822; x_wconf 86' lang='grc' dir='ltr'>μό-</span> 
     </span>
    </p>
   </div>
   <div class='ocr_carea' id='block_1_29' title="bbox 1864 1657 3433 1732">
    <p class='ocr_par' dir='ltr' id='par_1_29' title="bbox 1864 1657 3433 1732">
     <span class='ocr_line' id='line_1_29' title="bbox 1864 1657 3433 1732; baseline 0.003 -22"><span class='ocrx_word' id='word_1_176' title='bbox 1864 1657 1996 1727; x_wconf 90' lang='lat' dir='ltr'><strong>quid</strong></span> <span class='ocrx_word' id='word_1_177' title='bbox 2053 1660 2334 1729; x_wconf 72' lang='lat' dir='ltr'><strong>gravitatis</strong></span> <span class='ocrx_word' id='word_1_178' title='bbox 2391 1663 2742 1730; x_wconf 86' lang='lat' dir='ltr'><strong>decentisque</strong></span> <span class='ocrx_word' id='word_1_179' title='bbox 2794 1662 3089 1732; x_wconf 88' lang='lat' dir='ltr'><strong>principem</strong></span> <span class='ocrx_word' id='word_1_180' title='bbox 3152 1661 3433 1727; x_wconf 69' lang='lat' dir='ltr'><strong>dignitatis</strong></span> 
     </span>
    </p>
   </div>
   <div class='ocr_carea' id='block_1_30' title="bbox 1866 1751 3436 1824">
    <p class='ocr_par' dir='ltr' id='par_1_30' title="bbox 1866 1751 3436 1824">
     <span class='ocr_line' id='line_1_30' title="bbox 1866 1751 3436 1824; baseline 0.001 -20"><span class='ocrx_word' id='word_1_181' title='bbox 1866 1751 2144 1806; x_wconf 76' lang='lat' dir='ltr'><strong>adhibeto.</strong></span> <span class='ocrx_word' id='word_1_182' title='bbox 2198 1751 2460 1823; x_wconf 84' lang='lat' dir='ltr'><strong>Linguam</strong></span> <span class='ocrx_word' id='word_1_183' title='bbox 2520 1769 2648 1808; x_wconf 87' lang='lat' dir='ltr'><strong>vero</strong></span> <span class='ocrx_word' id='word_1_184' title='bbox 2684 1755 2922 1819; x_wconf 79' lang='lat' dir='ltr'><strong>noxiam,</strong></span> <span class='ocrx_word' id='word_1_185' title='bbox 2966 1755 3115 1808; x_wconf 66' lang='lat' dir='ltr'><strong>velut</strong></span> <span class='ocrx_word' id='word_1_186' title='bbox 3155 1755 3297 1824; x_wconf 87' lang='lat' dir='ltr'><strong>apim</strong></span> <span class='ocrx_word' id='word_1_187' title='bbox 3331 1754 3436 1808; x_wconf 90' lang='lat' dir='ltr'><strong>sti-</strong></span> 
     </span>
    </p>
   </div>
   <div class='ocr_carea' id='block_1_31' title="bbox 177 1842 1774 1915">
    <p class='ocr_par' dir='ltr' id='par_1_31' title="bbox 177 1843 1766 1914">
     <span class='ocr_line' id='line_1_31' title="bbox 177 1843 1766 1914; baseline 0.002 -19"><span class='ocrx_word' id='word_1_188' title='bbox 177 1859 274 1896; x_wconf 90' lang='grc' dir='ltr'><strong>νον</strong></span> <span class='ocrx_word' id='word_1_189' title='bbox 304 1843 544 1914; x_wconf 74' lang='grc' dir='ltr'>ἀνδράσι</span> <span class='ocrx_word' id='word_1_190' title='bbox 591 1844 707 1905; x_wconf 88' lang='grc' dir='ltr'>τοῖς</span> <span class='ocrx_word' id='word_1_191' title='bbox 755 1843 1006 1909; x_wconf 81' lang='grc' dir='ltr'>ἀγαθοῖς,</span> <span class='ocrx_word' id='word_1_192' title='bbox 1069 1843 1206 1897; x_wconf 83' lang='grc' dir='ltr'><strong>ἀλλά</strong></span> <span class='ocrx_word' id='word_1_193' title='bbox 1246 1844 1341 1897; x_wconf 60' lang='grc' dir='ltr'><strong>καὶ¹</strong></span> <span class='ocrx_word' id='word_1_194' title='bbox 1395 1846 1529 1898; x_wconf 82' lang='grc' dir='ltr'>πᾶσι</span> <span class='ocrx_word' id='word_1_195' title='bbox 1593 1844 1766 1911; x_wconf 78' lang='grc' dir='ltr'><strong>δόξεις</strong></span> 
     </span>
    </p>
   </div>
   <div class='ocr_carea' id='block_1_32' title="bbox 1882 1842 3435 1915">
    <p class='ocr_par' dir='ltr' id='par_1_32' title="bbox 1882 1842 3435 1915">
     <span class='ocr_line' id='line_1_32' title="bbox 1882 1842 3435 1915; baseline 0.001 -19"><span class='ocrx_word' id='word_1_196' title='bbox 1882 1842 2018 1898; x_wconf 74' lang='lat' dir='ltr'><strong>mulo</strong></span> <span class='ocrx_word' id='word_1_197' title='bbox 2049 1844 2356 1911; x_wconf 88' lang='lat' dir='ltr'><strong>ferientem,</strong></span> <span class='ocrx_word' id='word_1_198' title='bbox 2397 1845 2622 1915; x_wconf 86' lang='lat' dir='ltr'><strong>abigito.</strong></span> <span class='ocrx_word' id='word_1_199' title='bbox 2650 1845 2770 1913; x_wconf 91' lang='lat' dir='ltr'><strong>Quo</strong></span> <span class='ocrx_word' id='word_1_200' title='bbox 2801 1861 2936 1902; x_wconf 86' lang='lat' dir='ltr'><strong>sane</strong></span> <span class='ocrx_word' id='word_1_201' title='bbox 2967 1855 3122 1914; x_wconf 87' lang='lat' dir='ltr'><strong>pacto</strong></span> <span class='ocrx_word' id='word_1_202' title='bbox 3156 1847 3200 1901; x_wconf 89' lang='lat' dir='ltr'><strong>si</strong></span> <span class='ocrx_word' id='word_1_203' title='bbox 3235 1855 3284 1900; x_wconf 78' lang='lat' dir='ltr'><strong>te</strong></span> <span class='ocrx_word' id='word_1_204' title='bbox 3311 1860 3435 1914; x_wconf 86' lang='lat' dir='ltr'><strong>per—</strong></span> 
     </span>
    </p>
   </div>
   <div class='ocr_carea' id='block_1_33' title="bbox 181 1905 1774 2008">
    <p class='ocr_par' dir='ltr' id='par_1_33' title="bbox 181 1905 1765 2008">
     <span class='ocr_line' id='line_1_33' title="bbox 181 1905 1765 2008; baseline 0 -18"><span class='ocrx_word' id='word_1_205' title='bbox 181 1905 598 2004; x_wconf 68' lang='grc' dir='ltr'>ἄριστοςέῐναι.</span> <span class='ocrx_word' id='word_1_206' title='bbox 638 1934 771 1987; x_wconf 82' lang='grc' dir='ltr'>’Δπὺ</span> <span class='ocrx_word' id='word_1_207' title='bbox 804 1905 914 2004; x_wconf 74' lang='grc' dir='ltr'>γὰρ</span> <span class='ocrx_word' id='word_1_208' title='bbox 931 1905 1044 1989; x_wconf 67' lang='grc' dir='ltr'><strong>τῶν</strong></span> <span class='ocrx_word' id='word_1_209' title='bbox 1064 1937 1404 2005; x_wconf 78' lang='grc' dir='ltr'>φιλουμένων</span> <span class='ocrx_word' id='word_1_210' title='bbox 1426 1915 1538 2001; x_wconf 87' lang='grc' dir='ltr'>τοῖς</span> <span class='ocrx_word' id='word_1_211' title='bbox 1565 1905 1765 2008; x_wconf 40' lang='grc' dir='ltr'><strong>ἀρχ-ουζ</strong></span> 
     </span>
    </p>
   </div>
   <div class='ocr_carea' id='block_1_34' title="bbox 1882 1905 3432 2008">
    <p class='ocr_par' dir='ltr' id='par_1_34' title="bbox 1882 1936 3432 2005">
     <span class='ocr_line' id='line_1_34' title="bbox 1882 1936 3432 2005; baseline 0 -17"><span class='ocrx_word' id='word_1_212' title='bbox 1882 1943 2030 2000; x_wconf 69' lang='lat' dir='ltr'><strong>)etuo</strong></span> <span class='ocrx_word' id='word_1_213' title='bbox 2090 1950 2269 2005; x_wconf 86' lang='lat' dir='ltr'><strong>geres,</strong></span> <span class='ocrx_word' id='word_1_214' title='bbox 2321 1951 2428 1990; x_wconf 90' lang='lat' dir='ltr'><strong>non</strong></span> <span class='ocrx_word' id='word_1_215' title='bbox 2488 1937 2648 1992; x_wconf 88' lang='lat' dir='ltr'><strong>bonis</strong></span> <span class='ocrx_word' id='word_1_216' title='bbox 2679 1947 2886 1991; x_wconf 87' lang='lat' dir='ltr'><strong>tantum</strong></span> <span class='ocrx_word' id='word_1_217' title='bbox 2946 1938 3100 2000; x_wconf 88' lang='lat' dir='ltr'><strong>viris,</strong></span> <span class='ocrx_word' id='word_1_218' title='bbox 3133 1936 3227 1992; x_wconf 87' lang='lat' dir='ltr'><strong>sed</strong></span> <span class='ocrx_word' id='word_1_219' title='bbox 3266 1939 3432 1991; x_wconf 86' lang='lat' dir='ltr'><strong>etiam</strong></span> 
     </span>
    </p>
   </div>
   <div class='ocr_carea' id='block_1_35' title="bbox 185 2024 1206 2098">
    <p class='ocr_par' dir='ltr' id='par_1_35' title="bbox 185 2024 1206 2098">
     <span class='ocr_line' id='line_1_35' title="bbox 185 2024 1206 2098; baseline 0.004 -20"><span class='ocrx_word' id='word_1_220' title='bbox 185 2043 273 2079; x_wconf 85' lang='grc' dir='ltr'><strong>σιν</strong></span> <span class='ocrx_word' id='word_1_221' title='bbox 321 2027 378 2079; x_wconf 87' lang='grc' dir='ltr'><strong>οῖ</strong></span> <span class='ocrx_word' id='word_1_222' title='bbox 437 2025 608 2080; x_wconf 83' lang='grc' dir='ltr'>τῶνδε</span> <span class='ocrx_word' id='word_1_223' title='bbox 657 2024 854 2098; x_wconf 83' lang='grc' dir='ltr'>τρόποι</span> <span class='ocrx_word' id='word_1_224' title='bbox 903 2027 1206 2095; x_wconf 78' lang='grc' dir='ltr'>κρίνονται.</span> 
     </span>
    </p>
   </div>
   <div class='ocr_carea' id='block_1_36' title="bbox 187 2312 1768 2460">
    <p class='ocr_par' dir='ltr' id='par_1_36' title="bbox 187 2312 1768 2460">
     <span class='ocr_line' id='line_1_36' title="bbox 187 2312 1768 2460; baseline 0.001 -88"><span class='ocrx_word' id='word_1_225' title='bbox 187 2317 468 2384; x_wconf 80' lang='grc' dir='ltr'>τοιοῦτος</span> <span class='ocrx_word' id='word_1_226' title='bbox 501 2317 522 2386; x_wconf 84' lang='grc'><strong>(</strong></span> <span class='ocrx_word' id='word_1_227' title='bbox 551 2318 660 2388; x_wconf 86' lang='grc' dir='ltr'><strong>γάρ</strong></span> <span class='ocrx_word' id='word_1_228' title='bbox 710 2333 876 2388; x_wconf 88' lang='grc' dir='ltr'>φησιν</span> <span class='ocrx_word' id='word_1_229' title='bbox 903 2317 923 2389; x_wconf 97' lang='grc'>)</span> <span class='ocrx_word' id='word_1_230' title='bbox 953 2318 1233 2385; x_wconf 77' lang='grc' dir='ltr'>ἕκαστος,</span> <span class='ocrx_word' id='word_1_231' title='bbox 1293 2312 1508 2460; x_wconf 67' lang='grc' dir='ltr'>οῖσῗὲρ</span> <span class='ocrx_word' id='word_1_232' title='bbox 1561 2319 1768 2407; x_wconf 61' lang='lat' dir='ltr'><strong>fidem:</strong></span> 
     </span>
     <span class='ocr_line' id='line_1_37' title="bbox 1471 2407 1652 2444; baseline 0 0"><span class='ocrx_word' id='word_1_233' title='bbox 1471 2407 1652 2444; x_wconf 80' lang='grc' dir='ltr'>υνων.</span> 
     </span>
    </p>
   </div>
   <div class='ocr_carea' id='block_1_37' title="bbox 1471 2407 1652 2444">
    <p class='ocr_par' dir='ltr' id='par_1_37' title="bbox 1471 2407 1652 2444">
     <span class='ocr_line' id='line_1_38' title="bbox 1471 2407 1652 2444; baseline 0 0"><span class='ocrx_word' id='word_1_234' title='bbox 1471 2407 1652 2444; x_wconf 79' lang='grc' dir='ltr'>υνων.</span> 
     </span>
    </p>
   </div>
   <div class='ocr_carea' id='block_1_38' title="bbox 190 2482 1767 2557">
    <p class='ocr_par' dir='ltr' id='par_1_38' title="bbox 190 2482 1767 2557">
     <span class='ocr_line' id='line_1_39' title="bbox 190 2482 1767 2557; baseline 0.004 -23"><span class='ocrx_word' id='word_1_235' title='bbox 190 2482 535 2554; x_wconf 82' lang='grc' dir='ltr'>’Δρχοντιδὲ</span> <span class='ocrx_word' id='word_1_236' title='bbox 565 2482 664 2538; x_wconf 75' lang='grc' dir='ltr'>καὶ</span> <span class='ocrx_word' id='word_1_237' title='bbox 697 2482 758 2536; x_wconf 77' lang='grc' dir='ltr'>τὸ</span> <span class='ocrx_word' id='word_1_238' title='bbox 794 2483 978 2537; x_wconf 80' lang='grc' dir='ltr'>δοκεῖν</span> <span class='ocrx_word' id='word_1_239' title='bbox 1010 2483 1135 2552; x_wconf 75' lang='grc' dir='ltr'>οὐχὶ</span> <span class='ocrx_word' id='word_1_240' title='bbox 1167 2485 1464 2554; x_wconf 83' lang='grc' dir='ltr'>παρέργως</span> <span class='ocrx_word' id='word_1_241' title='bbox 1491 2487 1550 2538; x_wconf 72' lang='lat' dir='ltr'><strong>tv</strong></span> <span class='ocrx_word' id='word_1_242' title='bbox 1582 2487 1767 2557; x_wconf 74' lang='grc' dir='ltr'>χρείᾳ.</span> 
     </span>
    </p>
   </div>
   <div class='ocr_carea' id='block_1_39' title="bbox 183 2575 1768 2646">
    <p class='ocr_par' dir='ltr' id='par_1_39' title="bbox 183 2575 1768 2646">
     <span class='ocr_line' id='line_1_40' title="bbox 183 2575 1768 2646; baseline 0.003 -18"><span class='ocrx_word' id='word_1_243' title='bbox 183 2575 302 2645; x_wconf 53' lang='lat' dir='ltr'><strong>Hii</strong></span> <span class='ocrx_word' id='word_1_244' title='bbox 357 2575 475 2644; x_wconf 76' lang='grc' dir='ltr'>γὰρ</span> <span class='ocrx_word' id='word_1_245' title='bbox 524 2576 761 2646; x_wconf 83' lang='grc' dir='ltr'>πτέρυγι</span> <span class='ocrx_word' id='word_1_246' title='bbox 809 2576 1014 2646; x_wconf 69' lang='grc' dir='ltr'>πτηνὸν</span> <span class='ocrx_word' id='word_1_247' title='bbox 1062 2576 1176 2630; x_wconf 76' lang='grc' dir='ltr'>οὔτ’</span> <span class='ocrx_word' id='word_1_248' title='bbox 1215 2577 1536 2646; x_wconf 74' lang='grc' dir='ltr'><strong>ἐκφεύξεται</strong></span> <span class='ocrx_word' id='word_1_249' title='bbox 1577 2579 1768 2646; x_wconf 65' lang='grc' dir='ltr'>κακὸν,</span> 
     </span>
    </p>
   </div>
   <div class='ocr_carea' id='block_1_40' title="bbox 180 2666 1031 2738">
    <p class='ocr_par' dir='ltr' id='par_1_40' title="bbox 180 2666 1031 2738">
     <span class='ocr_line' id='line_1_41' title="bbox 180 2666 1031 2738; baseline 0.004 -19"><span class='ocrx_word' id='word_1_250' title='bbox 180 2666 298 2721; x_wconf 80' lang='grc' dir='ltr'>οῦτ⁹</span> <span class='ocrx_word' id='word_1_251' title='bbox 326 2666 400 2722; x_wconf 74' lang='grc' dir='ltr'><strong>ἀν</strong></span> <span class='ocrx_word' id='word_1_252' title='bbox 443 2667 652 2737; x_wconf 79' lang='grc' dir='ltr'>ἀγαθοῦ</span> <span class='ocrx_word' id='word_1_253' title='bbox 679 2685 824 2732; x_wconf 84' lang='grc' dir='ltr'>τινος</span> <span class='ocrx_word' id='word_1_254' title='bbox 857 2668 1031 2738; x_wconf 79' lang='grc' dir='ltr'>τύχοι.</span> 
     </span>
    </p>
   </div>
   <div class='ocr_carea' id='block_1_41' title="bbox 923 2759 1042 2816">
    <p class='ocr_par' dir='ltr' id='par_1_41' title="bbox 923 2759 1042 2816">
     <span class='ocr_line' id='line_1_42' title="bbox 923 2759 1042 2816; baseline 0 -1"><span class='ocrx_word' id='word_1_255' title='bbox 923 2759 1021 2815; x_wconf 75' lang='lat'><strong>01&quot;</strong></span> <span class='ocrx_word' id='word_1_256' title='bbox 1025 2800 1042 2816; x_wconf 93' lang='lat'><strong>.</strong></span> 
     </span>
    </p>
   </div>
   <div class='ocr_carea' id='block_1_42' title="bbox 252 2853 1772 2928">
    <p class='ocr_par' dir='ltr' id='par_1_42' title="bbox 252 2853 1772 2928">
     <span class='ocr_line' id='line_1_43' title="bbox 252 2853 1772 2928; baseline 0.003 -22"><span class='ocrx_word' id='word_1_257' title='bbox 252 2853 576 2924; x_wconf 84' lang='grc' dir='ltr'>’Υμνηνται</span> <span class='ocrx_word' id='word_1_258' title='bbox 609 2854 711 2924; x_wconf 87' lang='grc' dir='ltr'>μὲν</span> <span class='ocrx_word' id='word_1_259' title='bbox 743 2853 952 2910; x_wconf 74' lang='grc' dir='ltr'>ἄνωθεν</span> <span class='ocrx_word' id='word_1_260' title='bbox 983 2853 1140 2924; x_wconf 86' lang='grc' dir='ltr'><strong>παρά</strong></span> <span class='ocrx_word' id='word_1_261' title='bbox 1191 2855 1370 2917; x_wconf 82' lang='grc' dir='ltr'>πάσας</span> <span class='ocrx_word' id='word_1_262' title='bbox 1411 2855 1612 2927; x_wconf 76' lang='grc' dir='ltr'>ἀρετὰς</span> <span class='ocrx_word' id='word_1_263' title='bbox 1639 2857 1772 2928; x_wconf 88' lang='grc' dir='ltr'>φρό-</span> 
     </span>
    </p>
   </div>
   <div class='ocr_carea' id='block_1_43' title="bbox 178 2946 1771 3019">
    <p class='ocr_par' dir='ltr' id='par_1_43' title="bbox 178 2946 1771 3019">
     <span class='ocr_line' id='line_1_44' title="bbox 178 2946 1771 3019; baseline 0.001 -20"><span class='ocrx_word' id='word_1_264' title='bbox 178 2964 367 3016; x_wconf 79' lang='grc' dir='ltr'>νησις,</span> <span class='ocrx_word' id='word_1_265' title='bbox 391 2947 606 3015; x_wconf 80' lang='grc' dir='ltr'>ἀνδρία,</span> <span class='ocrx_word' id='word_1_266' title='bbox 637 2946 956 3018; x_wconf 82' lang='grc' dir='ltr'>δικαιοσύνη</span> <span class='ocrx_word' id='word_1_267' title='bbox 1020 2947 1114 3000; x_wconf 76' lang='grc' dir='ltr'>καὶ</span> <span class='ocrx_word' id='word_1_268' title='bbox 1155 2946 1480 3016; x_wconf 82' lang='grc' dir='ltr'>σωφροσύνη</span> <span class='ocrx_word' id='word_1_269' title='bbox 1508 2964 1523 2978; x_wconf 88' lang='grc'><strong>·</strong></span> <span class='ocrx_word' id='word_1_270' title='bbox 1561 2947 1771 3019; x_wconf 85' lang='grc' dir='ltr'>βουλοί-</span> 
     </span>
    </p>
   </div>
   <div class='ocr_carea' id='block_1_44' title="bbox 187 3037 1771 3110">
    <p class='ocr_par' dir='ltr' id='par_1_44' title="bbox 187 3037 1771 3110">
     <span class='ocr_line' id='line_1_45' title="bbox 187 3037 1771 3110; baseline 0.002 -20"><span class='ocrx_word' id='word_1_271' title='bbox 187 3055 307 3108; x_wconf 86' lang='grc' dir='ltr'>μην</span> <span class='ocrx_word' id='word_1_272' title='bbox 339 3038 388 3091; x_wconf 87' lang='grc' dir='ltr'>δ’</span> <span class='ocrx_word' id='word_1_273' title='bbox 418 3039 484 3091; x_wconf 81' lang='grc' dir='ltr'>ἂν</span> <span class='ocrx_word' id='word_1_274' title='bbox 518 3037 696 3107; x_wconf 77' lang='grc' dir='ltr'>ἔγωγε</span> <span class='ocrx_word' id='word_1_275' title='bbox 727 3038 805 3108; x_wconf 74' lang='grc' dir='ltr'>μὴ</span> <span class='ocrx_word' id='word_1_276' title='bbox 852 3037 1186 3109; x_wconf 80' lang='grc' dir='ltr'>κεχωρίσθαι</span> <span class='ocrx_word' id='word_1_277' title='bbox 1215 3037 1433 3092; x_wconf 80' lang='grc' dir='ltr'>τουτουῖ</span> <span class='ocrx_word' id='word_1_278' title='bbox 1475 3039 1567 3092; x_wconf 90' lang='grc' dir='ltr'><strong>τοῦ</strong></span> <span class='ocrx_word' id='word_1_279' title='bbox 1610 3037 1771 3110; x_wconf 88' lang='grc' dir='ltr'>χοροῦ</span> 
     </span>
    </p>
   </div>
   <div class='ocr_carea' id='block_1_45' title="bbox 180 3129 1772 3202">
    <p class='ocr_par' dir='ltr' id='par_1_45' title="bbox 180 3129 1772 3202">
     <span class='ocr_line' id='line_1_46' title="bbox 180 3129 1772 3202; baseline 0.001 -18"><span class='ocrx_word' id='word_1_280' title='bbox 180 3132 422 3198; x_wconf 70' lang='grc' dir='ltr'>ἀγάπην</span> <span class='ocrx_word' id='word_1_281' title='bbox 455 3131 553 3183; x_wconf 82' lang='grc' dir='ltr'>καὶ</span> <span class='ocrx_word' id='word_1_282' title='bbox 587 3131 917 3200; x_wconf 81' lang='grc' dir='ltr'>μετριότητα</span> <span class='ocrx_word' id='word_1_283' title='bbox 937 3146 952 3162; x_wconf 78' lang='grc' dir='ltr'><strong>ο</strong></span> <span class='ocrx_word' id='word_1_284' title='bbox 985 3130 1095 3183; x_wconf 72' lang='grc' dir='ltr'>εἴτε</span> <span class='ocrx_word' id='word_1_285' title='bbox 1129 3129 1238 3200; x_wconf 78' lang='grc' dir='ltr'><strong>γάρ</strong></span> <span class='ocrx_word' id='word_1_286' title='bbox 1266 3129 1436 3200; x_wconf 72' lang='grc' dir='ltr'>ἐχρῆν</span> <span class='ocrx_word' id='word_1_287' title='bbox 1465 3130 1563 3192; x_wconf 77' lang='grc' dir='ltr'><strong>τὰς</strong></span> <span class='ocrx_word' id='word_1_288' title='bbox 1590 3135 1772 3202; x_wconf 84' lang='grc' dir='ltr'>κρείτ-</span> 
     </span>
    </p>
   </div>
   <div class='ocr_carea' id='block_1_46' title="bbox 1778 2025 3435 2095">
    <p class='ocr_par' dir='ltr' id='par_1_46' title="bbox 1778 2025 3435 2095">
     <span class='ocr_line' id='line_1_47' title="bbox 1778 2025 3435 2095; baseline 0.003 -18"><span class='ocrx_word' id='word_1_289' title='bbox 1778 2046 1782 2050; x_wconf 60' lang='grc' dir='ltr'><strong>ι</strong></span> <span class='ocrx_word' id='word_1_290' title='bbox 1869 2025 2144 2080; x_wconf 78' lang='lat' dir='ltr'><strong>universis</strong></span> <span class='ocrx_word' id='word_1_291' title='bbox 2198 2028 2684 2095; x_wconf 63' lang='lat' dir='ltr'><strong>prastantissimus</strong></span> <span class='ocrx_word' id='word_1_292' title='bbox 2711 2029 3004 2083; x_wconf 89' lang='lat' dir='ltr'><strong>habebere.</strong></span> <span class='ocrx_word' id='word_1_293' title='bbox 3053 2027 3184 2081; x_wconf 83' lang='lat' dir='ltr'><strong>Nam</strong></span> <span class='ocrx_word' id='word_1_294' title='bbox 3217 2044 3280 2082; x_wconf 86' lang='lat' dir='ltr'><strong>ex</strong></span> <span class='ocrx_word' id='word_1_295' title='bbox 3318 2043 3435 2082; x_wconf 91' lang='lat' dir='ltr'><strong>mo-</strong></span> 
     </span>
    </p>
   </div>
   <div class='ocr_carea' id='block_1_47' title="bbox 1867 2115 3428 2190">
    <p class='ocr_par' dir='ltr' id='par_1_47' title="bbox 1867 2115 3428 2190">
     <span class='ocr_line' id='line_1_48' title="bbox 1867 2115 3428 2190; baseline 0.002 -20"><span class='ocrx_word' id='word_1_296' title='bbox 1867 2115 2020 2173; x_wconf 85' lang='lat' dir='ltr'><strong>ribus</strong></span> <span class='ocrx_word' id='word_1_297' title='bbox 2047 2133 2263 2186; x_wconf 84' lang='lat' dir='ltr'><strong>eorum,</strong></span> <span class='ocrx_word' id='word_1_298' title='bbox 2303 2120 2397 2190; x_wconf 89' lang='lat' dir='ltr'><strong>qui</strong></span> <span class='ocrx_word' id='word_1_299' title='bbox 2429 2119 2767 2190; x_wconf 88' lang='lat' dir='ltr'><strong>principibus</strong></span> <span class='ocrx_word' id='word_1_300' title='bbox 2822 2121 2975 2176; x_wconf 90' lang='lat' dir='ltr'><strong>chari</strong></span> <span class='ocrx_word' id='word_1_301' title='bbox 3007 2130 3158 2184; x_wconf 90' lang='lat' dir='ltr'><strong>sunt,</strong></span> <span class='ocrx_word' id='word_1_302' title='bbox 3185 2121 3428 2189; x_wconf 87' lang='lat' dir='ltr'><strong>ipsorum</strong></span> 
     </span>
    </p>
   </div>
   <div class='ocr_carea' id='block_1_48' title="bbox 1869 2209 3436 2280">
    <p class='ocr_par' dir='ltr' id='par_1_48' title="bbox 1869 2209 3436 2280">
     <span class='ocr_line' id='line_1_49' title="bbox 1869 2209 3436 2280; baseline 0.002 -18"><span class='ocrx_word' id='word_1_303' title='bbox 1869 2209 2176 2280; x_wconf 89' lang='lat' dir='ltr'><strong>principum</strong></span> <span class='ocrx_word' id='word_1_304' title='bbox 2225 2226 2407 2266; x_wconf 88' lang='lat' dir='ltr'><strong>mores</strong></span> <span class='ocrx_word' id='word_1_305' title='bbox 2441 2212 2787 2267; x_wconf 64' lang='lat' dir='ltr'><strong>aestimantur</strong></span> <span class='ocrx_word' id='word_1_306' title='bbox 2812 2251 2827 2278; x_wconf 93' lang='lat'><strong>,</strong></span> <span class='ocrx_word' id='word_1_307' title='bbox 2865 2219 2924 2266; x_wconf 91' lang='lat' dir='ltr'><strong>ut</strong></span> <span class='ocrx_word' id='word_1_308' title='bbox 2952 2213 3095 2267; x_wconf 90' lang='lat' dir='ltr'><strong>enim</strong></span> <span class='ocrx_word' id='word_1_309' title='bbox 3133 2212 3222 2268; x_wconf 92' lang='lat' dir='ltr'><strong>ille</strong></span> <span class='ocrx_word' id='word_1_310' title='bbox 3265 2211 3436 2267; x_wconf 80' lang='lat' dir='ltr'><strong>dixit:</strong></span> 
     </span>
    </p>
   </div>
   <div class='ocr_carea' id='block_1_49' title="bbox 1939 2320 3166 2397">
    <p class='ocr_par' dir='ltr' id='par_1_49' title="bbox 1939 2320 3166 2397">
     <span class='ocr_line' id='line_1_50' title="bbox 1939 2320 3166 2397; baseline 0.005 -23"><span class='ocrx_word' id='word_1_311' title='bbox 1939 2320 2034 2376; x_wconf 73' lang='lat' dir='ltr'><strong>Est</strong></span> <span class='ocrx_word' id='word_1_312' title='bbox 2065 2323 2280 2394; x_wconf 81' lang='lat' dir='ltr'><strong>quisque</strong></span> <span class='ocrx_word' id='word_1_313' title='bbox 2306 2325 2429 2378; x_wconf 79' lang='lat' dir='ltr'><strong>talis</strong></span> <span class='ocrx_word' id='word_1_314' title='bbox 2450 2326 2628 2395; x_wconf 80' lang='lat' dir='ltr'><strong>quales</strong></span> <span class='ocrx_word' id='word_1_315' title='bbox 2655 2326 2774 2397; x_wconf 79' lang='lat' dir='ltr'><strong>quis</strong></span> <span class='ocrx_word' id='word_1_316' title='bbox 2805 2327 2948 2382; x_wconf 77' lang='lat' dir='ltr'><strong>adest</strong></span> <span class='ocrx_word' id='word_1_317' title='bbox 2979 2327 3166 2382; x_wconf 80' lang='lat' dir='ltr'><strong>libens.</strong></span> 
     </span>
    </p>
   </div>
   <div class='ocr_carea' id='block_1_50' title="bbox 1872 2481 3439 2554">
    <p class='ocr_par' dir='ltr' id='par_1_50' title="bbox 1872 2481 3439 2554">
     <span class='ocr_line' id='line_1_51' title="bbox 1872 2481 3439 2554; baseline 0.006 -18"><span class='ocrx_word' id='word_1_318' title='bbox 1872 2481 2110 2552; x_wconf 87' lang='lat' dir='ltr'><strong>Principi</strong></span> <span class='ocrx_word' id='word_1_319' title='bbox 2161 2498 2294 2538; x_wconf 85' lang='lat' dir='ltr'><strong>vero</strong></span> <span class='ocrx_word' id='word_1_320' title='bbox 2350 2485 2513 2539; x_wconf 84' lang='lat' dir='ltr'><strong>etiam</strong></span> <span class='ocrx_word' id='word_1_321' title='bbox 2558 2485 2689 2541; x_wconf 84' lang='lat' dir='ltr'><strong>illud</strong></span> <span class='ocrx_word' id='word_1_322' title='bbox 2727 2487 2906 2554; x_wconf 85' lang='lat' dir='ltr'><strong>ipsum</strong></span> <span class='ocrx_word' id='word_1_323' title='bbox 2945 2489 3152 2554; x_wconf 87' lang='lat' dir='ltr'><strong>haberi,</strong></span> <span class='ocrx_word' id='word_1_324' title='bbox 3189 2504 3300 2545; x_wconf 91' lang='lat' dir='ltr'><strong>non</strong></span> <span class='ocrx_word' id='word_1_325' title='bbox 3342 2492 3439 2546; x_wconf 81' lang='lat' dir='ltr'><strong>abs</strong></span> 
     </span>
    </p>
   </div>
   <div class='ocr_carea' id='block_1_51' title="bbox 1873 2573 3441 2656">
    <p class='ocr_par' dir='ltr' id='par_1_51' title="bbox 1873 2573 3441 2656">
     <span class='ocr_line' id='line_1_52' title="bbox 1873 2573 3441 2656; baseline 0.007 -32"><span class='ocrx_word' id='word_1_326' title='bbox 1873 2586 1931 2627; x_wconf 85' lang='lat' dir='ltr'><strong>re</strong></span> <span class='ocrx_word' id='word_1_327' title='bbox 1987 2574 2110 2628; x_wconf 85' lang='lat' dir='ltr'><strong>usui</strong></span> <span class='ocrx_word' id='word_1_328' title='bbox 2159 2573 2341 2629; x_wconf 87' lang='lat' dir='ltr'><strong>fuerit.</strong></span> <span class='ocrx_word' id='word_1_329' title='bbox 2397 2573 2608 2656; x_wconf 81' lang='lat' dir='ltr'><strong>Etenim</strong></span> <span class='ocrx_word' id='word_1_330' title='bbox 2661 2577 2778 2632; x_wconf 86' lang='lat' dir='ltr'><strong>avis</strong></span> <span class='ocrx_word' id='word_1_331' title='bbox 2814 2593 2919 2631; x_wconf 89' lang='lat' dir='ltr'><strong>una</strong></span> <span class='ocrx_word' id='word_1_332' title='bbox 2976 2587 3191 2634; x_wconf 88' lang='lat' dir='ltr'><strong>tantum</strong></span> <span class='ocrx_word' id='word_1_333' title='bbox 3228 2581 3312 2635; x_wconf 86' lang='lat' dir='ltr'><strong>ala</strong></span> <span class='ocrx_word' id='word_1_334' title='bbox 3341 2597 3441 2636; x_wconf 84' lang='lat' dir='ltr'><strong>nec</strong></span> 
     </span>
    </p>
   </div>
   <div class='ocr_carea' id='block_1_52' title="bbox 1873 2663 3158 2740">
    <p class='ocr_par' dir='ltr' id='par_1_52' title="bbox 1873 2663 3158 2740">
     <span class='ocr_line' id='line_1_53' title="bbox 1873 2663 3158 2740; baseline 0.007 -22"><span class='ocrx_word' id='word_1_335' title='bbox 1873 2663 2074 2718; x_wconf 84' lang='lat' dir='ltr'><strong>malum</strong></span> <span class='ocrx_word' id='word_1_336' title='bbox 2105 2665 2346 2736; x_wconf 70' lang='lat' dir='ltr'><strong>effugiet,</strong></span> <span class='ocrx_word' id='word_1_337' title='bbox 2381 2681 2481 2722; x_wconf 89' lang='lat' dir='ltr'><strong>nec</strong></span> <span class='ocrx_word' id='word_1_338' title='bbox 2515 2669 2699 2738; x_wconf 81' lang='lat' dir='ltr'><strong>aliquo</strong></span> <span class='ocrx_word' id='word_1_339' title='bbox 2732 2670 2877 2725; x_wconf 87' lang='lat' dir='ltr'><strong>bono</strong></span> <span class='ocrx_word' id='word_1_340' title='bbox 2900 2672 3158 2740; x_wconf 86' lang='lat' dir='ltr'><strong>potietur.</strong></span> 
     </span>
    </p>
   </div>
   <div class='ocr_carea' id='block_1_53' title="bbox 2533 2760 2768 2817">
    <p class='ocr_par' dir='ltr' id='par_1_53' title="bbox 2533 2760 2768 2817">
     <span class='ocr_line' id='line_1_54' title="bbox 2533 2760 2768 2817; baseline 0.013 -3"><span class='ocrx_word' id='word_1_341' title='bbox 2533 2760 2768 2817; x_wconf 81' lang='lat' dir='ltr'><strong>LXXIII.</strong></span> 
     </span>
    </p>
   </div>
   <div class='ocr_carea' id='block_1_54' title="bbox 1943 2849 3444 2923">
    <p class='ocr_par' dir='ltr' id='par_1_54' title="bbox 1943 2849 3444 2923">
     <span class='ocr_line' id='line_1_55' title="bbox 1943 2849 3444 2923; baseline 0.008 -20"><span class='ocrx_word' id='word_1_342' title='bbox 1943 2849 2062 2904; x_wconf 84' lang='lat' dir='ltr'><strong>Jam</strong></span> <span class='ocrx_word' id='word_1_343' title='bbox 2103 2850 2236 2905; x_wconf 85' lang='lat' dir='ltr'><strong>olim</strong></span> <span class='ocrx_word' id='word_1_344' title='bbox 2297 2865 2463 2923; x_wconf 81' lang='lat' dir='ltr'><strong>supra</strong></span> <span class='ocrx_word' id='word_1_345' title='bbox 2529 2854 2756 2909; x_wconf 78' lang='lat' dir='ltr'><strong>virtutes</strong></span> <span class='ocrx_word' id='word_1_346' title='bbox 2791 2863 3018 2913; x_wconf 67' lang='lat' dir='ltr'><strong>carteras</strong></span> <span class='ocrx_word' id='word_1_347' title='bbox 3048 2857 3283 2914; x_wconf 56' lang='lat' dir='ltr'><strong>laudatae</strong></span> <span class='ocrx_word' id='word_1_348' title='bbox 3316 2869 3444 2915; x_wconf 78' lang='lat' dir='ltr'><strong>sunt</strong></span> 
     </span>
    </p>
   </div>
   <div class='ocr_carea' id='block_1_55' title="bbox 1875 2942 3444 3026">
    <p class='ocr_par' dir='ltr' id='par_1_55' title="bbox 1875 2942 3444 3026">
     <span class='ocr_line' id='line_1_56' title="bbox 1875 2942 3444 3026; baseline 0.005 -30"><span class='ocrx_word' id='word_1_349' title='bbox 1875 2942 2188 3012; x_wconf 88' lang='lat' dir='ltr'><strong>prudentia,</strong></span> <span class='ocrx_word' id='word_1_350' title='bbox 2229 2943 2514 3010; x_wconf 82' lang='lat' dir='ltr'><strong>fortitudo,</strong></span> <span class='ocrx_word' id='word_1_351' title='bbox 2567 2945 2780 3016; x_wconf 73' lang='lat' dir='ltr'><strong>iustitia</strong></span> <span class='ocrx_word' id='word_1_352' title='bbox 2817 2957 2871 3002; x_wconf 88' lang='lat' dir='ltr'><strong>et</strong></span> <span class='ocrx_word' id='word_1_353' title='bbox 2915 2951 3298 3020; x_wconf 85' lang='lat' dir='ltr'><strong>temperantia.</strong></span> <span class='ocrx_word' id='word_1_354' title='bbox 3329 2952 3444 3026; x_wconf 71' lang='lat' dir='ltr'><strong>Ege</strong></span> 
     </span>
    </p>
   </div>
   <div class='ocr_carea' id='block_1_56' title="bbox 1876 3035 3436 3116">
    <p class='ocr_par' dir='ltr' id='par_1_56' title="bbox 1876 3035 3436 3116">
     <span class='ocr_line' id='line_1_57' title="bbox 1876 3035 3436 3116; baseline 0.006 -28"><span class='ocrx_word' id='word_1_355' title='bbox 1876 3050 2004 3091; x_wconf 88' lang='lat' dir='ltr'><strong>vero</strong></span> <span class='ocrx_word' id='word_1_356' title='bbox 2058 3035 2217 3092; x_wconf 84' lang='lat' dir='ltr'><strong>velim</strong></span> <span class='ocrx_word' id='word_1_357' title='bbox 2273 3036 2340 3090; x_wconf 91' lang='lat' dir='ltr'><strong>ab</strong></span> <span class='ocrx_word' id='word_1_358' title='bbox 2395 3037 2498 3091; x_wconf 92' lang='lat' dir='ltr'><strong>hoc</strong></span> <span class='ocrx_word' id='word_1_359' title='bbox 2546 3038 2812 3093; x_wconf 85' lang='lat' dir='ltr'><strong>virtutum</strong></span> <span class='ocrx_word' id='word_1_360' title='bbox 2869 3042 3042 3096; x_wconf 88' lang='lat' dir='ltr'><strong>choro</strong></span> <span class='ocrx_word' id='word_1_361' title='bbox 3087 3056 3196 3097; x_wconf 87' lang='lat' dir='ltr'><strong>non</strong></span> <span class='ocrx_word' id='word_1_362' title='bbox 3228 3043 3436 3116; x_wconf 72' lang='lat' dir='ltr'><strong>diiungi</strong></span> 
     </span>
    </p>
   </div>
   <div class='ocr_carea' id='block_1_57' title="bbox 1878 3129 3448 3205">
    <p class='ocr_par' dir='ltr' id='par_1_57' title="bbox 1878 3129 3448 3205">
     <span class='ocr_line' id='line_1_58' title="bbox 1878 3129 3448 3205; baseline 0.003 -20"><span class='ocrx_word' id='word_1_363' title='bbox 1878 3129 2200 3185; x_wconf 88' lang='lat' dir='ltr'><strong>charitatem</strong></span> <span class='ocrx_word' id='word_1_364' title='bbox 2235 3137 2289 3184; x_wconf 90' lang='lat' dir='ltr'><strong>et</strong></span> <span class='ocrx_word' id='word_1_365' title='bbox 2327 3129 2783 3188; x_wconf 83' lang='lat' dir='ltr'><strong>moderationem.</strong></span> <span class='ocrx_word' id='word_1_366' title='bbox 2836 3131 2970 3187; x_wconf 83' lang='lat' dir='ltr'><strong>Nam</strong></span> <span class='ocrx_word' id='word_1_367' title='bbox 3015 3134 3136 3190; x_wconf 85' lang='lat' dir='ltr'><strong>sive</strong></span> <span class='ocrx_word' id='word_1_368' title='bbox 3185 3143 3448 3205; x_wconf 74' lang='lat' dir='ltr'><strong>praestan-</strong></span> 
     </span>
    </p>
   </div>
   <div class='ocr_carea' id='block_1_58' title="bbox 183 3221 1774 3310">
    <p class='ocr_par' dir='ltr' id='par_1_58' title="bbox 183 3221 1774 3292">
     <span class='ocr_line' id='line_1_59' title="bbox 183 3221 1774 3292; baseline 0.002 -18"><span class='ocrx_word' id='word_1_369' title='bbox 183 3221 321 3284; x_wconf 78' lang='grc' dir='ltr'>τούς</span> <span class='ocrx_word' id='word_1_370' title='bbox 359 3221 718 3292; x_wconf 81' lang='grc' dir='ltr'>ἀπαριθμεῖν,</span> <span class='ocrx_word' id='word_1_371' title='bbox 744 3221 844 3275; x_wconf 80' lang='grc' dir='ltr'>εῖτ⁹</span> <span class='ocrx_word' id='word_1_372' title='bbox 871 3223 936 3276; x_wconf 76' lang='grc' dir='ltr'>ἐκ</span> <span class='ocrx_word' id='word_1_373' title='bbox 962 3223 1163 3291; x_wconf 83' lang='grc' dir='ltr'>μέρους</span> <span class='ocrx_word' id='word_1_374' title='bbox 1193 3221 1254 3274; x_wconf 80' lang='grc' dir='ltr'>τὸ</span> <span class='ocrx_word' id='word_1_375' title='bbox 1276 3224 1386 3275; x_wconf 76' lang='grc' dir='ltr'>πᾶν</span> <span class='ocrx_word' id='word_1_376' title='bbox 1421 3222 1646 3290; x_wconf 85' lang='grc' dir='ltr'>διδόναι,</span> <span class='ocrx_word' id='word_1_377' title='bbox 1673 3223 1774 3278; x_wconf 85' lang='grc' dir='ltr'>οὐκ</span> 
     </span>
    </p>
   </div>
   <div class='ocr_carea' id='block_1_59' title="bbox 1882 3221 3449 3310">
    <p class='ocr_par' dir='ltr' id='par_1_59' title="bbox 1882 3223 3449 3299">
     <span class='ocr_line' id='line_1_60' title="bbox 1882 3223 3449 3299; baseline 0.004 -22"><span class='ocrx_word' id='word_1_378' title='bbox 1882 3223 2048 3278; x_wconf 87' lang='lat' dir='ltr'><strong>tiores</strong></span> <span class='ocrx_word' id='word_1_379' title='bbox 2109 3223 2497 3277; x_wconf 66' lang='lat' dir='ltr'><strong>enumeranda:</strong></span> <span class='ocrx_word' id='word_1_380' title='bbox 2548 3225 2866 3290; x_wconf 84' lang='lat' dir='ltr'><strong>veniebant,</strong></span> <span class='ocrx_word' id='word_1_381' title='bbox 2911 3226 3026 3282; x_wconf 64' lang='lat' dir='ltr'><strong>site</strong></span> <span class='ocrx_word' id='word_1_382' title='bbox 3073 3236 3246 3283; x_wconf 90' lang='lat' dir='ltr'><strong>totum</strong></span> <span class='ocrx_word' id='word_1_383' title='bbox 3293 3240 3449 3299; x_wconf 90' lang='lat' dir='ltr'><strong>parte</strong></span> 
     </span>
    </p>
   </div>
   <div class='ocr_carea' id='block_1_60' title="bbox 185 3312 1774 3390">
    <p class='ocr_par' dir='ltr' id='par_1_60' title="bbox 185 3312 1774 3386">
     <span class='ocr_line' id='line_1_61' title="bbox 185 3312 1774 3386; baseline 0.003 -22"><span class='ocrx_word' id='word_1_384' title='bbox 185 3314 362 3383; x_wconf 75' lang='grc' dir='ltr'>ἐχρῆν</span> <span class='ocrx_word' id='word_1_385' title='bbox 379 3313 602 3367; x_wconf 72' lang='grc' dir='ltr'>ἐκείνων</span> <span class='ocrx_word' id='word_1_386' title='bbox 622 3312 826 3376; x_wconf 88' lang='grc' dir='ltr'>ταύτας</span> <span class='ocrx_word' id='word_1_387' title='bbox 846 3312 1256 3381; x_wconf 71' lang='grc' dir='ltr'>ἀπολειφθῆναι.</span> <span class='ocrx_word' id='word_1_388' title='bbox 1294 3313 1542 3383; x_wconf 82' lang='grc' dir='ltr'>’Δγάπης</span> <span class='ocrx_word' id='word_1_389' title='bbox 1562 3315 1672 3384; x_wconf 87' lang='grc' dir='ltr'>γὰρ</span> <span class='ocrx_word' id='word_1_390' title='bbox 1701 3317 1774 3386; x_wconf 87' lang='grc' dir='ltr'>μὴ</span> 
     </span>
    </p>
   </div>
   <div class='ocr_carea' id='block_1_61' title="bbox 1882 3312 3445 3390">
    <p class='ocr_par' dir='ltr' id='par_1_61' title="bbox 1882 3312 3445 3390">
     <span class='ocr_line' id='line_1_62' title="bbox 1882 3312 3445 3390; baseline 0.005 -22"><span class='ocrx_word' id='word_1_391' title='bbox 1882 3312 2230 3376; x_wconf 83' lang='lat' dir='ltr'><strong>tradendum,</strong></span> <span class='ocrx_word' id='word_1_392' title='bbox 2264 3315 2332 3369; x_wconf 85' lang='lat' dir='ltr'><strong>ab</strong></span> <span class='ocrx_word' id='word_1_393' title='bbox 2392 3314 2501 3370; x_wconf 84' lang='lat' dir='ltr'><strong>illis</strong></span> <span class='ocrx_word' id='word_1_394' title='bbox 2557 3315 2658 3372; x_wconf 86' lang='lat' dir='ltr'><strong>has</strong></span> <span class='ocrx_word' id='word_1_395' title='bbox 2718 3317 2908 3373; x_wconf 74' lang='lat' dir='ltr'><strong>abesse</strong></span> <span class='ocrx_word' id='word_1_396' title='bbox 2952 3333 3062 3374; x_wconf 90' lang='lat' dir='ltr'><strong>non</strong></span> <span class='ocrx_word' id='word_1_397' title='bbox 3141 3322 3445 3390; x_wconf 87' lang='lat' dir='ltr'><strong>oportebat.</strong></span> 
     </span>
    </p>
   </div>
   <div class='ocr_carea' id='block_1_62' title="bbox 185 3403 1778 3478">
    <p class='ocr_par' dir='ltr' id='par_1_62' title="bbox 185 3403 1778 3478">
     <span class='ocr_line' id='line_1_63' title="bbox 185 3403 1778 3478; baseline 0.004 -25"><span class='ocrx_word' id='word_1_398' title='bbox 185 3404 499 3476; x_wconf 74' lang='grc' dir='ltr'>παρούσης,</span> <span class='ocrx_word' id='word_1_399' title='bbox 545 3404 700 3459; x_wconf 65' lang='grc' dir='ltr'>οὐδέν</span> <span class='ocrx_word' id='word_1_400' title='bbox 728 3403 1048 3474; x_wconf 76' lang='grc' dir='ltr'>ὠφελοῦμαι</span> <span class='ocrx_word' id='word_1_401' title='bbox 1078 3419 1094 3435; x_wconf 83' lang='lat'><strong><em>°</em></strong></span> <span class='ocrx_word' id='word_1_402' title='bbox 1156 3403 1250 3457; x_wconf 76' lang='grc' dir='ltr'>καὶ</span> <span class='ocrx_word' id='word_1_403' title='bbox 1297 3405 1650 3474; x_wconf 84' lang='grc' dir='ltr'>μετριότητος</span> <span class='ocrx_word' id='word_1_404' title='bbox 1699 3408 1778 3478; x_wconf 80' lang='grc' dir='ltr'>μὴ</span> 
     </span>
    </p>
   </div>
   <div class='ocr_carea' id='block_1_63' title="bbox 188 3493 1778 3568">
    <p class='ocr_par' dir='ltr' id='par_1_63' title="bbox 188 3493 1778 3568">
     <span class='ocr_line' id='line_1_64' title="bbox 188 3493 1778 3568; baseline 0.002 -20"><span class='ocrx_word' id='word_1_405' title='bbox 188 3495 528 3566; x_wconf 78' lang='grc' dir='ltr'>προσούσης,</span> <span class='ocrx_word' id='word_1_406' title='bbox 563 3498 697 3550; x_wconf 85' lang='grc' dir='ltr'><strong>κενά</strong></span> <span class='ocrx_word' id='word_1_407' title='bbox 739 3495 936 3550; x_wconf 82' lang='grc' dir='ltr'>πάντα.</span> <span class='ocrx_word' id='word_1_408' title='bbox 974 3495 1169 3568; x_wconf 64' lang='lat' dir='ltr'><strong>Iliasth</strong></span> <span class='ocrx_word' id='word_1_409' title='bbox 1197 3493 1292 3548; x_wconf 81' lang='grc' dir='ltr'><strong>οῦν</strong></span> <span class='ocrx_word' id='word_1_410' title='bbox 1319 3494 1442 3565; x_wconf 76' lang='grc' dir='ltr'>ἔχου</span> <span class='ocrx_word' id='word_1_411' title='bbox 1503 3496 1612 3550; x_wconf 83' lang='grc' dir='ltr'><strong>τῶν</strong></span> <span class='ocrx_word' id='word_1_412' title='bbox 1646 3498 1778 3568; x_wconf 87' lang='grc' dir='ltr'>ἀρε-</span> 
     </span>
    </p>
   </div>
   <div class='ocr_carea' id='block_1_64' title="bbox 188 3577 1070 3657">
    <p class='ocr_par' dir='ltr' id='par_1_64' title="bbox 188 3577 1070 3657">
     <span class='ocr_line' id='line_1_65' title="bbox 188 3577 1070 3657; baseline -0.001 -17"><span class='ocrx_word' id='word_1_413' title='bbox 188 3587 326 3653; x_wconf 84' lang='grc' dir='ltr'>τῶν,</span> <span class='ocrx_word' id='word_1_414' title='bbox 361 3577 459 3639; x_wconf 71' lang='grc' dir='ltr'>καὶ</span> <span class='ocrx_word' id='word_1_415' title='bbox 489 3585 727 3657; x_wconf 79' lang='grc' dir='ltr'>μάλιστά</span> <span class='ocrx_word' id='word_1_416' title='bbox 756 3602 819 3655; x_wconf 90' lang='grc' dir='ltr'><strong>γε</strong></span> <span class='ocrx_word' id='word_1_417' title='bbox 849 3585 957 3641; x_wconf 85' lang='grc' dir='ltr'><strong>τῶν</strong></span> <span class='ocrx_word' id='word_1_418' title='bbox 985 3583 1070 3650; x_wconf 71' lang='grc' dir='ltr'><strong>ἐξ.</strong></span> 
     </span>
    </p>
   </div>
   <div class='ocr_carea' id='block_1_65' title="bbox 918 3678 1040 3735">
    <p class='ocr_par' dir='ltr' id='par_1_65' title="bbox 918 3678 1040 3735">
     <span class='ocr_line' id='line_1_66' title="bbox 918 3678 1040 3735; baseline 0.025 -3"><span class='ocrx_word' id='word_1_419' title='bbox 918 3678 1040 3735; x_wconf 83' lang='grc' dir='ltr'><strong>οΔ’.</strong></span> 
     </span>
    </p>
   </div>
   <div class='ocr_carea' id='block_1_66' title="bbox 267 3771 1776 3846">
    <p class='ocr_par' dir='ltr' id='par_1_66' title="bbox 267 3771 1776 3846">
     <span class='ocr_line' id='line_1_67' title="bbox 267 3771 1776 3846; baseline 0.001 -20"><span class='ocrx_word' id='word_1_420' title='bbox 267 3773 488 3842; x_wconf 82' lang='grc' dir='ltr'>Νήφειν</span> <span class='ocrx_word' id='word_1_421' title='bbox 521 3771 710 3840; x_wconf 78' lang='grc' dir='ltr'>καλὸν,</span> <span class='ocrx_word' id='word_1_422' title='bbox 748 3771 843 3827; x_wconf 78' lang='grc' dir='ltr'><strong>καὶ</strong></span> <span class='ocrx_word' id='word_1_423' title='bbox 872 3772 1188 3829; x_wconf 77' lang='grc' dir='ltr'>τούναντίον</span> <span class='ocrx_word' id='word_1_424' title='bbox 1216 3774 1411 3830; x_wconf 89' lang='grc' dir='ltr'>κακόν.</span> <span class='ocrx_word' id='word_1_425' title='bbox 1442 3775 1637 3830; x_wconf 63' lang='grc' dir='ltr'><strong>Πολλοὶ⁸</strong></span> <span class='ocrx_word' id='word_1_426' title='bbox 1666 3775 1776 3846; x_wconf 79' lang='grc' dir='ltr'><strong>γὰρ</strong></span> 
     </span>
    </p>
   </div>
   <div class='ocr_carea' id='block_1_67' title="bbox 191 3862 1772 3937">
    <p class='ocr_par' dir='ltr' id='par_1_67' title="bbox 191 3862 1772 3937">
     <span class='ocr_line' id='line_1_68' title="bbox 191 3862 1772 3937; baseline 0.003 -21"><span class='ocrx_word' id='word_1_427' title='bbox 191 3864 260 3917; x_wconf 70' lang='grc' dir='ltr'>οὐ</span> <span class='ocrx_word' id='word_1_428' title='bbox 287 3864 358 3916; x_wconf 83' lang='grc' dir='ltr'><strong>δι’</strong></span> <span class='ocrx_word' id='word_1_429' title='bbox 387 3865 636 3933; x_wconf 77' lang='grc' dir='ltr'>ἄγνοιαν,</span> <span class='ocrx_word' id='word_1_430' title='bbox 688 3862 832 3918; x_wconf 80' lang='grc' dir='ltr'><strong>ἀλλά</strong></span> <span class='ocrx_word' id='word_1_431' title='bbox 868 3862 939 3917; x_wconf 89' lang='grc' dir='ltr'><strong>δι’</strong></span> <span class='ocrx_word' id='word_1_432' title='bbox 975 3864 1261 3934; x_wconf 81' lang='grc' dir='ltr'>ἀμέλειαν,</span> <span class='ocrx_word' id='word_1_433' title='bbox 1304 3867 1530 3937; x_wconf 75' lang='grc' dir='ltr'>ἄμεινον</span> <span class='ocrx_word' id='word_1_434' title='bbox 1565 3869 1630 3921; x_wconf 81' lang='grc' dir='ltr'>τὸ</span> <span class='ocrx_word' id='word_1_435' title='bbox 1658 3870 1772 3937; x_wconf 83' lang='grc' dir='ltr'>χεῖ-</span> 
     </span>
    </p>
   </div>
   <div class='ocr_carea' id='block_1_68' title="bbox 197 3955 1779 4031">
    <p class='ocr_par' dir='ltr' id='par_1_68' title="bbox 197 3955 1779 4031">
     <span class='ocr_line' id='line_1_69' title="bbox 197 3955 1779 4031; baseline 0.002 -20"><span class='ocrx_word' id='word_1_436' title='bbox 197 3976 297 4030; x_wconf 91' lang='grc' dir='ltr'><strong>ρον</strong></span> <span class='ocrx_word' id='word_1_437' title='bbox 335 3959 701 4026; x_wconf 75' lang='grc' dir='ltr'>ἡγησάμενοι,</span> <span class='ocrx_word' id='word_1_438' title='bbox 731 3958 846 4020; x_wconf 88' lang='grc' dir='ltr'>τοῖς</span> <span class='ocrx_word' id='word_1_439' title='bbox 886 3955 1172 4029; x_wconf 79' lang='grc' dir='ltr'>βλαϐεροῖς</span> <span class='ocrx_word' id='word_1_440' title='bbox 1225 3959 1457 4023; x_wconf 77' lang='grc' dir='ltr'>ἑαυτοὺς</span> <span class='ocrx_word' id='word_1_441' title='bbox 1500 3960 1779 4031; x_wconf 81' lang='grc' dir='ltr'>περιέπει-</span> 
     </span>
    </p>
   </div>
   <div class='ocr_carea' id='block_1_69' title="bbox 201 4049 1778 4123">
    <p class='ocr_par' dir='ltr' id='par_1_69' title="bbox 201 4049 1778 4123">
     <span class='ocr_line' id='line_1_70' title="bbox 201 4049 1778 4123; baseline 0.002 -18"><span class='ocrx_word' id='word_1_442' title='bbox 201 4068 329 4123; x_wconf 88' lang='grc' dir='ltr'>ραν.</span> <span class='ocrx_word' id='word_1_443' title='bbox 392 4049 872 4120; x_wconf 75' lang='grc' dir='ltr'>Παραπεπηγέναι</span> <span class='ocrx_word' id='word_1_444' title='bbox 923 4051 1030 4121; x_wconf 78' lang='grc' dir='ltr'>γάρ</span> <span class='ocrx_word' id='word_1_445' title='bbox 1083 4067 1219 4120; x_wconf 85' lang='grc' dir='ltr'>φασι</span> <span class='ocrx_word' id='word_1_446' title='bbox 1257 4053 1380 4114; x_wconf 81' lang='grc' dir='ltr'>ταῖς</span> <span class='ocrx_word' id='word_1_447' title='bbox 1409 4053 1635 4120; x_wconf 79' lang='grc' dir='ltr'>ἀρεταῖς</span> <span class='ocrx_word' id='word_1_448' title='bbox 1677 4055 1778 4118; x_wconf 86' lang='grc' dir='ltr'><strong>τὰς</strong></span> 
     </span>
    </p>
   </div>
   <div class='ocr_carea' id='block_1_70' title="bbox 198 4139 1776 4213">
    <p class='ocr_par' dir='ltr' id='par_1_70' title="bbox 198 4139 1776 4213">
     <span class='ocr_line' id='line_1_71' title="bbox 198 4139 1776 4213; baseline 0.003 -16"><span class='ocrx_word' id='word_1_449' title='bbox 198 4143 425 4207; x_wconf 84' lang='grc' dir='ltr'>κακίας,</span> <span class='ocrx_word' id='word_1_450' title='bbox 473 4145 571 4196; x_wconf 81' lang='grc' dir='ltr'>καὶ</span> <span class='ocrx_word' id='word_1_451' title='bbox 608 4143 944 4213; x_wconf 82' lang='grc' dir='ltr'>ἀγχιθύρους</span> <span class='ocrx_word' id='word_1_452' title='bbox 998 4160 1117 4207; x_wconf 85' lang='grc' dir='ltr'><strong>πως</strong></span> <span class='ocrx_word' id='word_1_453' title='bbox 1153 4139 1336 4199; x_wconf 71' lang='grc' dir='ltr'>εἶναι·</span> <span class='ocrx_word' id='word_1_454' title='bbox 1368 4146 1466 4199; x_wconf 76' lang='grc' dir='ltr'><strong>καὶ</strong></span> <span class='ocrx_word' id='word_1_455' title='bbox 1518 4146 1578 4199; x_wconf 78' lang='grc' dir='ltr'>οὐ</span> <span class='ocrx_word' id='word_1_456' title='bbox 1631 4147 1776 4201; x_wconf 83' lang='grc' dir='ltr'>πάνυ</span> 
     </span>
    </p>
   </div>
   <div class='ocr_carea' id='block_1_71' title="bbox 203 4236 1775 4308">
    <p class='ocr_par' dir='ltr' id='par_1_71' title="bbox 203 4236 1775 4308">
     <span class='ocr_line' id='line_1_72' title="bbox 203 4236 1775 4308; baseline 0.001 -18"><span class='ocrx_word' id='word_1_457' title='bbox 203 4237 445 4308; x_wconf 76' lang='grc' dir='ltr'>χαλεπὸν</span> <span class='ocrx_word' id='word_1_458' title='bbox 473 4236 823 4307; x_wconf 79' lang='grc' dir='ltr'>ἀπατηθῆναι</span> <span class='ocrx_word' id='word_1_459' title='bbox 864 4236 958 4290; x_wconf 83' lang='grc' dir='ltr'>τὸν</span> <span class='ocrx_word' id='word_1_460' title='bbox 1013 4237 1087 4306; x_wconf 83' lang='grc' dir='ltr'>μὴ</span> <span class='ocrx_word' id='word_1_461' title='bbox 1123 4237 1486 4308; x_wconf 85' lang='grc' dir='ltr'>προσέχοντα.</span> <span class='ocrx_word' id='word_1_462' title='bbox 1539 4238 1775 4302; x_wconf 78' lang='grc' dir='ltr'>Πολλοὺς</span> 
     </span>
    </p>
   </div>
   <div class='ocr_carea' id='block_1_72' title="bbox 202 4327 1776 4402">
    <p class='ocr_par' dir='ltr' id='par_1_72' title="bbox 202 4327 1776 4402">
     <span class='ocr_line' id='line_1_73' title="bbox 202 4327 1776 4402; baseline 0 -16"><span class='ocrx_word' id='word_1_463' title='bbox 202 4331 271 4386; x_wconf 74' lang='grc' dir='ltr'>ἂν</span> <span class='ocrx_word' id='word_1_464' title='bbox 292 4329 476 4399; x_wconf 74' lang='grc' dir='ltr'>εὕροις</span> <span class='ocrx_word' id='word_1_465' title='bbox 501 4330 643 4400; x_wconf 86' lang='grc' dir='ltr'>μέγα</span> <span class='ocrx_word' id='word_1_466' title='bbox 675 4328 1009 4398; x_wconf 80' lang='grc' dir='ltr'>φρονοῦντας</span> <span class='ocrx_word' id='word_1_467' title='bbox 1035 4327 1153 4383; x_wconf 79' lang='grc' dir='ltr'>ἀντ’</span> <span class='ocrx_word' id='word_1_468' title='bbox 1175 4329 1377 4400; x_wconf 86' lang='grc' dir='ltr'>ἀρετῆς</span> <span class='ocrx_word' id='word_1_469' title='bbox 1403 4335 1776 4402; x_wconf 83' lang='grc' dir='ltr'>κεχρημένους</span> 
     </span>
    </p>
   </div>
   <div class='ocr_carea' id='block_1_73' title="bbox 203 4417 1774 4493">
    <p class='ocr_par' dir='ltr' id='par_1_73' title="bbox 203 4417 1774 4493">
     <span class='ocr_line' id='line_1_74' title="bbox 203 4417 1774 4493; baseline 0 -17"><span class='ocrx_word' id='word_1_470' title='bbox 203 4425 273 4492; x_wconf 81' lang='grc' dir='ltr'><strong>τῇ</strong></span> <span class='ocrx_word' id='word_1_471' title='bbox 305 4419 692 4493; x_wconf 78' lang='grc' dir='ltr'>γειτνιαζούσῃ</span> <span class='ocrx_word' id='word_1_472' title='bbox 745 4419 922 4492; x_wconf 74' lang='grc' dir='ltr'>ταύτῃ</span> <span class='ocrx_word' id='word_1_473' title='bbox 953 4420 1146 4492; x_wconf 81' lang='grc' dir='ltr'>κακίᾳ.</span> <span class='ocrx_word' id='word_1_474' title='bbox 1193 4417 1346 4476; x_wconf 72' lang='grc' dir='ltr'>Εἶδον</span> <span class='ocrx_word' id='word_1_475' title='bbox 1373 4423 1613 4493; x_wconf 77' lang='grc' dir='ltr'>ἐσχάτην</span> <span class='ocrx_word' id='word_1_476' title='bbox 1652 4425 1774 4477; x_wconf 79' lang='grc' dir='ltr'>δουο</span> 
     </span>
    </p>
   </div>
   <div class='ocr_carea' id='block_1_74' title="bbox 205 4513 1774 4586">
    <p class='ocr_par' dir='ltr' id='par_1_74' title="bbox 205 4513 1774 4586">
     <span class='ocr_line' id='line_1_75' title="bbox 205 4513 1774 4586; baseline 0.001 -18"><span class='ocrx_word' id='word_1_477' title='bbox 205 4516 358 4568; x_wconf 83' lang='grc' dir='ltr'>λείαν</span> <span class='ocrx_word' id='word_1_478' title='bbox 402 4513 664 4582; x_wconf 82' lang='grc' dir='ltr'>πρόνοιαν</span> <span class='ocrx_word' id='word_1_479' title='bbox 713 4513 1160 4583; x_wconf 80' lang='grc' dir='ltr'>ὀνομαζομένην,</span> <span class='ocrx_word' id='word_1_480' title='bbox 1195 4515 1290 4567; x_wconf 78' lang='grc' dir='ltr'>καὶ</span> <span class='ocrx_word' id='word_1_481' title='bbox 1336 4513 1512 4582; x_wconf 79' lang='grc' dir='ltr'>θυμὸν</span> <span class='ocrx_word' id='word_1_482' title='bbox 1554 4516 1774 4586; x_wconf 83' lang='grc' dir='ltr'>ἀνδρίαν</span> 
     </span>
    </p>
   </div>
   <div class='ocr_carea' id='block_1_75' title="bbox 1881 3405 3451 3477">
    <p class='ocr_par' dir='ltr' id='par_1_75' title="bbox 1881 3405 3451 3477">
     <span class='ocr_line' id='line_1_76' title="bbox 1881 3405 3451 3477; baseline 0.003 -19"><span class='ocrx_word' id='word_1_483' title='bbox 1881 3405 2091 3475; x_wconf 87' lang='lat' dir='ltr'><strong>Quippe</strong></span> <span class='ocrx_word' id='word_1_484' title='bbox 2113 3405 2428 3458; x_wconf 74' lang='lat' dir='ltr'><strong>chharitas</strong></span> <span class='ocrx_word' id='word_1_485' title='bbox 2485 3406 2652 3469; x_wconf 84' lang='lat' dir='ltr'><strong>absit,</strong></span> <span class='ocrx_word' id='word_1_486' title='bbox 2693 3407 2824 3461; x_wconf 90' lang='lat' dir='ltr'><strong>nihil</strong></span> <span class='ocrx_word' id='word_1_487' title='bbox 2858 3408 3122 3477; x_wconf 77' lang='lat' dir='ltr'><strong>proficio:</strong></span> <span class='ocrx_word' id='word_1_488' title='bbox 3173 3419 3225 3464; x_wconf 89' lang='lat' dir='ltr'><strong>et</strong></span> <span class='ocrx_word' id='word_1_489' title='bbox 3252 3411 3295 3465; x_wconf 84' lang='lat' dir='ltr'><strong>si</strong></span> <span class='ocrx_word' id='word_1_490' title='bbox 3334 3426 3451 3464; x_wconf 78' lang='lat' dir='ltr'><strong>mo—</strong></span> 
     </span>
    </p>
   </div>
   <div class='ocr_carea' id='block_1_76' title="bbox 1881 3496 3452 3573">
    <p class='ocr_par' dir='ltr' id='par_1_76' title="bbox 1881 3496 3452 3573">
     <span class='ocr_line' id='line_1_77' title="bbox 1881 3496 3452 3573; baseline 0.004 -23"><span class='ocrx_word' id='word_1_491' title='bbox 1881 3496 2093 3550; x_wconf 87' lang='lat' dir='ltr'><strong>deratio</strong></span> <span class='ocrx_word' id='word_1_492' title='bbox 2119 3510 2228 3549; x_wconf 87' lang='lat' dir='ltr'><strong>non</strong></span> <span class='ocrx_word' id='word_1_493' title='bbox 2259 3496 2424 3561; x_wconf 87' lang='lat' dir='ltr'><strong>adsit,</strong></span> <span class='ocrx_word' id='word_1_494' title='bbox 2447 3497 2630 3551; x_wconf 83' lang='lat' dir='ltr'><strong>omnia</strong></span> <span class='ocrx_word' id='word_1_495' title='bbox 2657 3512 2793 3552; x_wconf 84' lang='lat' dir='ltr'><strong>vana</strong></span> <span class='ocrx_word' id='word_1_496' title='bbox 2829 3498 3056 3554; x_wconf 82' lang='lat' dir='ltr'><strong>fuerint.</strong></span> <span class='ocrx_word' id='word_1_497' title='bbox 3089 3498 3329 3556; x_wconf 83' lang='lat' dir='ltr'><strong>Virtutes</strong></span> <span class='ocrx_word' id='word_1_498' title='bbox 3351 3502 3452 3573; x_wconf 80' lang='lat' dir='ltr'><strong>igi-</strong></span> 
     </span>
    </p>
   </div>
   <div class='ocr_carea' id='block_1_77' title="bbox 1882 3586 3345 3660">
    <p class='ocr_par' dir='ltr' id='par_1_77' title="bbox 1882 3586 3345 3660">
     <span class='ocr_line' id='line_1_78' title="bbox 1882 3586 3345 3660; baseline 0.008 -22"><span class='ocrx_word' id='word_1_499' title='bbox 1882 3592 1974 3638; x_wconf 89' lang='lat' dir='ltr'><strong>tur</strong></span> <span class='ocrx_word' id='word_1_500' title='bbox 1998 3586 2311 3650; x_wconf 84' lang='lat' dir='ltr'><strong>universas,</strong></span> <span class='ocrx_word' id='word_1_501' title='bbox 2343 3594 2399 3640; x_wconf 91' lang='lat' dir='ltr'><strong>et</strong></span> <span class='ocrx_word' id='word_1_502' title='bbox 2428 3586 2527 3640; x_wconf 89' lang='lat' dir='ltr'><strong>has</strong></span> <span class='ocrx_word' id='word_1_503' title='bbox 2555 3588 2830 3657; x_wconf 65' lang='lat' dir='ltr'><strong>praecipue</strong></span> <span class='ocrx_word' id='word_1_504' title='bbox 2856 3603 2952 3645; x_wconf 88' lang='lat' dir='ltr'><strong>sex</strong></span> <span class='ocrx_word' id='word_1_505' title='bbox 2992 3590 3345 3660; x_wconf 87' lang='lat' dir='ltr'><strong>amplectere.</strong></span> 
     </span>
    </p>
   </div>
   <div class='ocr_carea' id='block_1_78' title="bbox 2545 3677 2781 3735">
    <p class='ocr_par' dir='ltr' id='par_1_78' title="bbox 2545 3677 2781 3735">
     <span class='ocr_line' id='line_1_79' title="bbox 2545 3677 2781 3735; baseline 0.017 -4"><span class='ocrx_word' id='word_1_506' title='bbox 2545 3677 2781 3735; x_wconf 75' lang='lat' dir='ltr'><strong>LXXIV.</strong></span> 
     </span>
    </p>
   </div>
   <div class='ocr_carea' id='block_1_79' title="bbox 1955 3773 3451 3844">
    <p class='ocr_par' dir='ltr' id='par_1_79' title="bbox 1955 3773 3451 3844">
     <span class='ocr_line' id='line_1_80' title="bbox 1955 3773 3451 3844; baseline 0.001 -15"><span class='ocrx_word' id='word_1_507' title='bbox 1955 3773 2236 3829; x_wconf 86' lang='lat' dir='ltr'><strong>Sobrietas</strong></span> <span class='ocrx_word' id='word_1_508' title='bbox 2260 3775 2472 3844; x_wconf 83' lang='lat' dir='ltr'><strong>egregia</strong></span> <span class='ocrx_word' id='word_1_509' title='bbox 2508 3792 2596 3831; x_wconf 88' lang='lat' dir='ltr'><strong>res</strong></span> <span class='ocrx_word' id='word_1_510' title='bbox 2618 3785 2702 3831; x_wconf 88' lang='lat' dir='ltr'><strong>est</strong></span> <span class='ocrx_word' id='word_1_511' title='bbox 2735 3793 2749 3828; x_wconf 90' lang='lat'><strong>:</strong></span> <span class='ocrx_word' id='word_1_512' title='bbox 2784 3787 2840 3830; x_wconf 90' lang='lat' dir='ltr'><strong>ut</strong></span> <span class='ocrx_word' id='word_1_513' title='bbox 2879 3775 3106 3839; x_wconf 83' lang='lat' dir='ltr'><strong>malum,</strong></span> <span class='ocrx_word' id='word_1_514' title='bbox 3129 3791 3239 3831; x_wconf 90' lang='lat' dir='ltr'><strong>non</strong></span> <span class='ocrx_word' id='word_1_515' title='bbox 3269 3777 3451 3833; x_wconf 87' lang='lat' dir='ltr'><strong>sobrie</strong></span> 
     </span>
    </p>
   </div>
   <div class='ocr_carea' id='block_1_80' title="bbox 1881 3865 3444 3938">
    <p class='ocr_par' dir='ltr' id='par_1_80' title="bbox 1881 3865 3444 3938">
     <span class='ocr_line' id='line_1_81' title="bbox 1881 3865 3444 3938; baseline 0 -14"><span class='ocrx_word' id='word_1_516' title='bbox 1881 3867 1984 3924; x_wconf 84' lang='lat' dir='ltr'><strong>sibi</strong></span> <span class='ocrx_word' id='word_1_517' title='bbox 2009 3867 2336 3938; x_wconf 84' lang='lat' dir='ltr'><strong>prospicere.</strong></span> <span class='ocrx_word' id='word_1_518' title='bbox 2373 3865 2506 3922; x_wconf 87' lang='lat' dir='ltr'><strong>Nam</strong></span> <span class='ocrx_word' id='word_1_519' title='bbox 2533 3868 2686 3922; x_wconf 90' lang='lat' dir='ltr'><strong>multi</strong></span> <span class='ocrx_word' id='word_1_520' title='bbox 2719 3883 2824 3922; x_wconf 90' lang='lat' dir='ltr'><strong>non</strong></span> <span class='ocrx_word' id='word_1_521' title='bbox 2847 3881 2914 3922; x_wconf 87' lang='lat' dir='ltr'><strong>ex</strong></span> <span class='ocrx_word' id='word_1_522' title='bbox 2947 3869 3311 3938; x_wconf 80' lang='lat' dir='ltr'><strong>ignoratione,</strong></span> <span class='ocrx_word' id='word_1_523' title='bbox 3345 3870 3444 3924; x_wconf 85' lang='lat' dir='ltr'><strong>sed</strong></span> 
     </span>
    </p>
   </div>
   <div class='ocr_carea' id='block_1_81' title="bbox 1883 3957 3452 4029">
    <p class='ocr_par' dir='ltr' id='par_1_81' title="bbox 1883 3957 3452 4029">
     <span class='ocr_line' id='line_1_82' title="bbox 1883 3957 3452 4029; baseline -0.002 -16"><span class='ocrx_word' id='word_1_524' title='bbox 1883 3957 2233 4029; x_wconf 70' lang='lat' dir='ltr'><strong>negligentia,</strong></span> <span class='ocrx_word' id='word_1_525' title='bbox 2270 3959 2416 4027; x_wconf 88' lang='lat' dir='ltr'><strong>quod</strong></span> <span class='ocrx_word' id='word_1_526' title='bbox 2459 3959 2660 4012; x_wconf 87' lang='lat' dir='ltr'><strong>malum</strong></span> <span class='ocrx_word' id='word_1_527' title='bbox 2724 3973 2827 4028; x_wconf 83' lang='lat' dir='ltr'><strong>pro</strong></span> <span class='ocrx_word' id='word_1_528' title='bbox 2881 3958 3030 4012; x_wconf 90' lang='lat' dir='ltr'><strong>bono</strong></span> <span class='ocrx_word' id='word_1_529' title='bbox 3080 3958 3362 4024; x_wconf 88' lang='lat' dir='ltr'><strong>ducerent,</strong></span> <span class='ocrx_word' id='word_1_530' title='bbox 3393 3972 3452 4011; x_wconf 88' lang='lat' dir='ltr'><strong>se</strong></span> 
     </span>
    </p>
   </div>
   <div class='ocr_carea' id='block_1_82' title="bbox 1885 4047 3450 4119">
    <p class='ocr_par' dir='ltr' id='par_1_82' title="bbox 1885 4047 3450 4119">
     <span class='ocr_line' id='line_1_83' title="bbox 1885 4047 3450 4119; baseline -0.001 -16"><span class='ocrx_word' id='word_1_531' title='bbox 1885 4051 2034 4119; x_wconf 75' lang='lat' dir='ltr'><strong>ipsos</strong></span> <span class='ocrx_word' id='word_1_532' title='bbox 2079 4049 2299 4104; x_wconf 83' lang='lat' dir='ltr'><strong>damnis</strong></span> <span class='ocrx_word' id='word_1_533' title='bbox 2333 4047 2654 4103; x_wconf 77' lang='lat' dir='ltr'><strong>all&#39;ecerunt.</strong></span> <span class='ocrx_word' id='word_1_534' title='bbox 2701 4048 2915 4119; x_wconf 83' lang='lat' dir='ltr'><strong>Quippe</strong></span> <span class='ocrx_word' id='word_1_535' title='bbox 2952 4049 3250 4103; x_wconf 83' lang='lat' dir='ltr'><strong>virtutibus</strong></span> <span class='ocrx_word' id='word_1_536' title='bbox 3294 4047 3450 4102; x_wconf 81' lang='lat' dir='ltr'><strong>aﬂixa</strong></span> 
     </span>
    </p>
   </div>
   <div class='ocr_carea' id='block_1_83' title="bbox 1879 4141 3449 4212">
    <p class='ocr_par' dir='ltr' id='par_1_83' title="bbox 1879 4141 3449 4212">
     <span class='ocr_line' id='line_1_84' title="bbox 1879 4141 3449 4212; baseline -0.003 -13"><span class='ocrx_word' id='word_1_537' title='bbox 1879 4143 2170 4212; x_wconf 83' lang='lat' dir='ltr'><strong>perhibent</strong></span> <span class='ocrx_word' id='word_1_538' title='bbox 2219 4157 2343 4197; x_wconf 89' lang='lat' dir='ltr'><strong>esse</strong></span> <span class='ocrx_word' id='word_1_539' title='bbox 2375 4141 2530 4206; x_wconf 83' lang='lat' dir='ltr'><strong>vitia,</strong></span> <span class='ocrx_word' id='word_1_540' title='bbox 2563 4143 2830 4211; x_wconf 81' lang='lat' dir='ltr'><strong>quasique</strong></span> <span class='ocrx_word' id='word_1_541' title='bbox 2857 4141 3115 4195; x_wconf 75' lang='lat' dir='ltr'><strong>viciniam</strong></span> <span class='ocrx_word' id='word_1_542' title='bbox 3156 4142 3449 4210; x_wconf 88' lang='lat' dir='ltr'><strong>quamdam</strong></span> 
     </span>
    </p>
   </div>
   <div class='ocr_carea' id='block_1_84' title="bbox 1883 4232 3451 4300">
    <p class='ocr_par' dir='ltr' id='par_1_84' title="bbox 1883 4232 3451 4300">
     <span class='ocr_line' id='line_1_85' title="bbox 1883 4232 3451 4300; baseline -0.001 -12"><span class='ocrx_word' id='word_1_543' title='bbox 1883 4234 2077 4289; x_wconf 87' lang='lat' dir='ltr'><strong>horum</strong></span> <span class='ocrx_word' id='word_1_544' title='bbox 2105 4248 2268 4298; x_wconf 85' lang='lat' dir='ltr'><strong>esse;</strong></span> <span class='ocrx_word' id='word_1_545' title='bbox 2295 4249 2400 4289; x_wconf 78' lang='lat' dir='ltr'><strong>nec</strong></span> <span class='ocrx_word' id='word_1_546' title='bbox 2431 4233 2724 4288; x_wconf 86' lang='lat' dir='ltr'><strong>admodum</strong></span> <span class='ocrx_word' id='word_1_547' title='bbox 2752 4243 2834 4289; x_wconf 88' lang='lat' dir='ltr'><strong>est</strong></span> <span class='ocrx_word' id='word_1_548' title='bbox 2860 4232 3097 4300; x_wconf 69' lang='lat' dir='ltr'><strong>climcile,</strong></span> <span class='ocrx_word' id='word_1_549' title='bbox 3131 4249 3236 4288; x_wconf 92' lang='lat' dir='ltr'><strong>non</strong></span> <span class='ocrx_word' id='word_1_550' title='bbox 3271 4240 3451 4287; x_wconf 87' lang='lat' dir='ltr'><strong>atten-</strong></span> 
     </span>
    </p>
   </div>
   <div class='ocr_carea' id='block_1_85' title="bbox 1883 4322 3452 4394">
    <p class='ocr_par' dir='ltr' id='par_1_85' title="bbox 1883 4322 3452 4394">
     <span class='ocr_line' id='line_1_86' title="bbox 1883 4322 3452 4394; baseline -0.001 -18"><span class='ocrx_word' id='word_1_551' title='bbox 1883 4331 1996 4378; x_wconf 92' lang='lat' dir='ltr'><strong>tum</strong></span> <span class='ocrx_word' id='word_1_552' title='bbox 2037 4324 2240 4394; x_wconf 85' lang='lat' dir='ltr'><strong>decipi.</strong></span> <span class='ocrx_word' id='word_1_553' title='bbox 2269 4324 2472 4379; x_wconf 85' lang='lat' dir='ltr'><strong>Multos</strong></span> <span class='ocrx_word' id='word_1_554' title='bbox 2512 4324 2762 4379; x_wconf 89' lang='lat' dir='ltr'><strong>invenias</strong></span> <span class='ocrx_word' id='word_1_555' title='bbox 2781 4322 3171 4394; x_wconf 83' lang='lat' dir='ltr'><strong>jactabundos,</strong></span> <span class='ocrx_word' id='word_1_556' title='bbox 3203 4322 3296 4392; x_wconf 91' lang='lat' dir='ltr'><strong>qui</strong></span> <span class='ocrx_word' id='word_1_557' title='bbox 3332 4323 3452 4376; x_wconf 73' lang='lat' dir='ltr'><strong>loco</strong></span> 
     </span>
    </p>
   </div>
   <div class='ocr_carea' id='block_1_86' title="bbox 1882 4414 3452 4486">
    <p class='ocr_par' dir='ltr' id='par_1_86' title="bbox 1882 4414 3452 4486">
     <span class='ocr_line' id='line_1_87' title="bbox 1882 4414 3452 4486; baseline 0 -16"><span class='ocrx_word' id='word_1_558' title='bbox 1882 4416 2102 4470; x_wconf 87' lang='lat' dir='ltr'><strong>virtutis</strong></span> <span class='ocrx_word' id='word_1_559' title='bbox 2152 4417 2344 4470; x_wconf 86' lang='lat' dir='ltr'><strong>vitium</strong></span> <span class='ocrx_word' id='word_1_560' title='bbox 2377 4416 2565 4470; x_wconf 80' lang='lat' dir='ltr'><strong>virtuti</strong></span> <span class='ocrx_word' id='word_1_561' title='bbox 2599 4415 2839 4471; x_wconf 87' lang='lat' dir='ltr'><strong>vicinum</strong></span> <span class='ocrx_word' id='word_1_562' title='bbox 2873 4415 3106 4486; x_wconf 81' lang='lat' dir='ltr'><strong>amplexi</strong></span> <span class='ocrx_word' id='word_1_563' title='bbox 3151 4425 3299 4471; x_wconf 87' lang='lat' dir='ltr'><strong>sunt.</strong></span> <span class='ocrx_word' id='word_1_564' title='bbox 3330 4414 3452 4470; x_wconf 80' lang='lat' dir='ltr'><strong>Vidi</strong></span> 
     </span>
    </p>
   </div>
   <div class='ocr_carea' id='block_1_87' title="bbox 1883 4508 3454 4578">
    <p class='ocr_par' dir='ltr' id='par_1_87' title="bbox 1883 4508 3454 4578">
     <span class='ocr_line' id='line_1_88' title="bbox 1883 4508 3454 4578; baseline 0.001 -16"><span class='ocrx_word' id='word_1_565' title='bbox 1883 4509 2198 4563; x_wconf 83' lang='lat' dir='ltr'><strong>servitutem</strong></span> <span class='ocrx_word' id='word_1_566' title='bbox 2228 4516 2549 4575; x_wconf 85' lang='lat' dir='ltr'><strong>extremam,</strong></span> <span class='ocrx_word' id='word_1_567' title='bbox 2601 4522 2723 4577; x_wconf 72' lang='lat' dir='ltr'><strong>quae</strong></span> <span class='ocrx_word' id='word_1_568' title='bbox 2750 4508 3094 4578; x_wconf 84' lang='lat' dir='ltr'><strong>providentia</strong></span> <span class='ocrx_word' id='word_1_569' title='bbox 3141 4509 3454 4563; x_wconf 86' lang='lat' dir='ltr'><strong>nominare-</strong></span> 
     </span>
    </p>
   </div>
   <div class='ocr_carea' id='block_1_88' title="bbox 209 4587 1774 4675">
    <p class='ocr_par' dir='ltr' id='par_1_88' title="bbox 209 4603 1774 4675">
     <span class='ocr_line' id='line_1_89' title="bbox 209 4603 1774 4675; baseline 0.001 -17"><span class='ocrx_word' id='word_1_570' title='bbox 209 4603 586 4673; x_wconf 69' lang='grc' dir='ltr'>καλούμενον*</span> <span class='ocrx_word' id='word_1_571' title='bbox 644 4605 740 4658; x_wconf 80' lang='grc' dir='ltr'>καὶ</span> <span class='ocrx_word' id='word_1_572' title='bbox 807 4605 984 4673; x_wconf 88' lang='grc' dir='ltr'>μυρία</span> <span class='ocrx_word' id='word_1_573' title='bbox 1022 4603 1220 4658; x_wconf 87' lang='grc' dir='ltr'>ταῦτα.</span> <span class='ocrx_word' id='word_1_574' title='bbox 1281 4603 1490 4675; x_wconf 85' lang='grc' dir='ltr'>Πολλῆς</span> <span class='ocrx_word' id='word_1_575' title='bbox 1537 4605 1632 4658; x_wconf 81' lang='grc' dir='ltr'>οὖν</span> <span class='ocrx_word' id='word_1_576' title='bbox 1681 4607 1774 4675; x_wconf 83' lang='grc' dir='ltr'><strong>νή-</strong></span> 
     </span>
    </p>
   </div>
   <div class='ocr_carea' id='block_1_89' title="bbox 1882 4587 3452 4675">
    <p class='ocr_par' dir='ltr' id='par_1_89' title="bbox 1883 4599 3452 4671">
     <span class='ocr_line' id='line_1_90' title="bbox 1883 4599 3452 4671; baseline 0.001 -17"><span class='ocrx_word' id='word_1_577' title='bbox 1883 4611 1992 4665; x_wconf 90' lang='lat' dir='ltr'><strong>tur,</strong></span> <span class='ocrx_word' id='word_1_578' title='bbox 2028 4611 2084 4655; x_wconf 91' lang='lat' dir='ltr'><strong>ct</strong></span> <span class='ocrx_word' id='word_1_579' title='bbox 2115 4601 2474 4666; x_wconf 76' lang='lat' dir='ltr'><strong>iracundiam,</strong></span> <span class='ocrx_word' id='word_1_580' title='bbox 2529 4615 2652 4670; x_wconf 61' lang='lat' dir='ltr'><strong>quae</strong></span> <span class='ocrx_word' id='word_1_581' title='bbox 2709 4599 2972 4656; x_wconf 80' lang='lat' dir='ltr'><strong>fortitudo</strong></span> <span class='ocrx_word' id='word_1_582' title='bbox 3028 4601 3452 4671; x_wconf 89' lang='lat' dir='ltr'><strong>perhiberetur;</strong></span> 
     </span>
    </p>
   </div>
   <div class='ocr_carea' id='block_1_90' title="bbox 208 4693 1780 4767">
    <p class='ocr_par' dir='ltr' id='par_1_90' title="bbox 208 4693 1780 4767">
     <span class='ocr_line' id='line_1_91' title="bbox 208 4693 1780 4767; baseline 0.001 -18"><span class='ocrx_word' id='word_1_583' title='bbox 208 4699 358 4766; x_wconf 73' lang='grc' dir='ltr'>ψεως</span> <span class='ocrx_word' id='word_1_584' title='bbox 404 4697 490 4749; x_wconf 90' lang='grc' dir='ltr'><strong>δεῖ</strong></span> <span class='ocrx_word' id='word_1_585' title='bbox 519 4693 862 4767; x_wconf 77' lang='grc' dir='ltr'>καθαρεῦσαι</span> <span class='ocrx_word' id='word_1_586' title='bbox 921 4696 1154 4766; x_wconf 80' lang='grc' dir='ltr'>ταυτησὶ</span> <span class='ocrx_word' id='word_1_587' title='bbox 1201 4697 1301 4764; x_wconf 87' lang='grc' dir='ltr'>τῆς</span> <span class='ocrx_word' id='word_1_588' title='bbox 1334 4696 1574 4767; x_wconf 82' lang='grc' dir='ltr'>ἀπάτης.</span> <span class='ocrx_word' id='word_1_589' title='bbox 1607 4699 1780 4751; x_wconf 85' lang='grc' dir='ltr'>Σπου-</span> 
     </span>
    </p>
   </div>
   <div class='ocr_carea' id='block_1_91' title="bbox 209 4785 1780 4859">
    <p class='ocr_par' dir='ltr' id='par_1_91' title="bbox 209 4785 1780 4859">
     <span class='ocr_line' id='line_1_92' title="bbox 209 4785 1780 4859; baseline 0 -17"><span class='ocrx_word' id='word_1_590' title='bbox 209 4786 454 4857; x_wconf 78' lang='grc' dir='ltr'>δῆς’γάρ</span> <span class='ocrx_word' id='word_1_591' title='bbox 481 4788 608 4858; x_wconf 80' lang='grc' dir='ltr'>περὶ</span> <span class='ocrx_word' id='word_1_592' title='bbox 634 4787 705 4839; x_wconf 85' lang='grc' dir='ltr'><strong>τά</strong></span> <span class='ocrx_word' id='word_1_593' title='bbox 735 4787 950 4857; x_wconf 84' lang='grc' dir='ltr'>χρηστά</span> <span class='ocrx_word' id='word_1_594' title='bbox 975 4787 1131 4840; x_wconf 73' lang='grc' dir='ltr'>οῦδὲν</span> <span class='ocrx_word' id='word_1_595' title='bbox 1158 4785 1588 4859; x_wconf 84' lang='grc' dir='ltr'>ὠφελιμώτερον</span> <span class='ocrx_word' id='word_1_596' title='bbox 1615 4788 1780 4854; x_wconf 82' lang='grc' dir='ltr'>νέοις,</span> 
     </span>
    </p>
   </div>
   <div class='ocr_carea' id='block_1_92' title="bbox 211 4876 1784 4949">
    <p class='ocr_par' dir='ltr' id='par_1_92' title="bbox 211 4876 1784 4949">
     <span class='ocr_line' id='line_1_93' title="bbox 211 4876 1784 4949; baseline 0 -17"><span class='ocrx_word' id='word_1_597' title='bbox 211 4879 403 4949; x_wconf 81' lang='grc' dir='ltr'>ὥσπερ</span> <span class='ocrx_word' id='word_1_598' title='bbox 441 4877 756 4932; x_wconf 79' lang='grc' dir='ltr'>τούναντίον</span> <span class='ocrx_word' id='word_1_599' title='bbox 785 4878 884 4946; x_wconf 83' lang='grc' dir='ltr'>τῆς</span> <span class='ocrx_word' id='word_1_600' title='bbox 916 4877 1216 4949; x_wconf 75' lang='grc' dir='ltr'>ῥᾳθυμίας.</span> <span class='ocrx_word' id='word_1_601' title='bbox 1255 4879 1314 4931; x_wconf 93' lang='lat'><strong>&#39;0</strong></span> <span class='ocrx_word' id='word_1_602' title='bbox 1339 4878 1382 4930; x_wconf 83' lang='grc' dir='ltr'>δ’</span> <span class='ocrx_word' id='word_1_603' title='bbox 1408 4876 1597 4943; x_wconf 79' lang='grc' dir='ltr'>ὕπνοις</span> <span class='ocrx_word' id='word_1_604' title='bbox 1633 4879 1784 4933; x_wconf 77' lang='grc' dir='ltr'>ἔκδο-</span> 
     </span>
    </p>
   </div>
   <div class='ocr_carea' id='block_1_93' title="bbox 211 4968 1782 5040">
    <p class='ocr_par' dir='ltr' id='par_1_93' title="bbox 211 4968 1782 5040">
     <span class='ocr_line' id='line_1_94' title="bbox 211 4968 1782 5040; baseline 0 -16"><span class='ocrx_word' id='word_1_605' title='bbox 211 4988 300 5034; x_wconf 89' lang='grc' dir='ltr'><strong>τος</strong></span> <span class='ocrx_word' id='word_1_606' title='bbox 326 4969 426 5040; x_wconf 74' lang='grc' dir='ltr'>ᾣν,</span> <span class='ocrx_word' id='word_1_607' title='bbox 453 4969 553 5024; x_wconf 76' lang='grc' dir='ltr'>καὶ</span> <span class='ocrx_word' id='word_1_608' title='bbox 579 4968 905 5024; x_wconf 83' lang='grc' dir='ltr'>ἀνακεῖσθαι</span> <span class='ocrx_word' id='word_1_609' title='bbox 931 4969 1124 5033; x_wconf 83' lang='grc' dir='ltr'>θέλων,</span> <span class='ocrx_word' id='word_1_610' title='bbox 1152 4969 1249 5022; x_wconf 72' lang='grc' dir='ltr'>καὶ</span> <span class='ocrx_word' id='word_1_611' title='bbox 1277 4969 1568 5040; x_wconf 75' lang='grc' dir='ltr'>ῥᾳθυμεῖν,</span> <span class='ocrx_word' id='word_1_612' title='bbox 1591 4971 1658 5024; x_wconf 83' lang='grc' dir='ltr'><strong>τὰ</strong></span> <span class='ocrx_word' id='word_1_613' title='bbox 1682 4970 1782 5039; x_wconf 76' lang='grc' dir='ltr'>μὲν</span> 
     </span>
    </p>
   </div>
   <div class='ocr_carea' id='block_1_94' title="bbox 211 5037 1784 5132">
    <p class='ocr_par' dir='ltr' id='par_1_94' title="bbox 211 5037 1784 5132">
     <span class='ocr_line' id='line_1_95' title="bbox 211 5037 1784 5132; baseline -0.001 -15"><span class='ocrx_word' id='word_1_614' title='bbox 211 5037 359 5132; x_wconf 79' lang='grc' dir='ltr'><strong>αὺτῷ</strong></span> <span class='ocrx_word' id='word_1_615' title='bbox 415 5060 904 5131; x_wconf 82' lang='grc' dir='ltr'>τεθησαυρισμένα</span> <span class='ocrx_word' id='word_1_616' title='bbox 958 5059 1229 5131; x_wconf 80' lang='grc' dir='ltr'>πατρόθεν</span> <span class='ocrx_word' id='word_1_617' title='bbox 1278 5037 1508 5132; x_wconf 50' lang='lat' dir='ltr'><strong>time</strong></span> <span class='ocrx_word' id='word_1_618' title='bbox 1562 5037 1700 5115; x_wconf 86' lang='grc' dir='ltr'><strong>κατά</strong></span> <span class='ocrx_word' id='word_1_619' title='bbox 1731 5079 1784 5115; x_wconf 88' lang='grc' dir='ltr'><strong>τι</strong></span> 
     </span>
    </p>
   </div>
   <div class='ocr_carea' id='block_1_95' title="bbox 219 5152 1783 5225">
    <p class='ocr_par' dir='ltr' id='par_1_95' title="bbox 219 5152 1783 5225">
     <span class='ocr_line' id='line_1_96' title="bbox 219 5152 1783 5225; baseline -0.001 -17"><span class='ocrx_word' id='word_1_620' title='bbox 219 5154 533 5224; x_wconf 86' lang='grc' dir='ltr'>συμπίπτον</span> <span class='ocrx_word' id='word_1_621' title='bbox 557 5152 750 5225; x_wconf 85' lang='grc' dir='ltr'>τύχης,</span> <span class='ocrx_word' id='word_1_622' title='bbox 786 5153 992 5223; x_wconf 78' lang='grc' dir='ltr'>ῥᾳδίως</span> <span class='ocrx_word' id='word_1_623' title='bbox 1035 5154 1104 5208; x_wconf 79' lang='grc' dir='ltr'>ἂν</span> <span class='ocrx_word' id='word_1_624' title='bbox 1130 5152 1418 5218; x_wconf 79' lang='grc' dir='ltr'>ἀποϐάλοι,</span> <span class='ocrx_word' id='word_1_625' title='bbox 1454 5153 1671 5217; x_wconf 80' lang='grc' dir='ltr'>πολλοῖς</span> <span class='ocrx_word' id='word_1_626' title='bbox 1699 5172 1783 5208; x_wconf 87' lang='grc' dir='ltr'>τι-</span> 
     </span>
    </p>
   </div>
   <div class='ocr_carea' id='block_1_96' title="bbox 219 5241 1786 5316">
    <p class='ocr_par' dir='ltr' id='par_1_96' title="bbox 219 5241 1786 5316">
     <span class='ocr_line' id='line_1_97' title="bbox 219 5241 1786 5316; baseline -0.001 -17"><span class='ocrx_word' id='word_1_627' title='bbox 219 5264 300 5300; x_wconf 87' lang='grc' dir='ltr'><strong>σιν</strong></span> <span class='ocrx_word' id='word_1_628' title='bbox 329 5241 489 5316; x_wconf 76' lang='grc' dir='ltr'>οἶμαι</span> <span class='ocrx_word' id='word_1_629' title='bbox 515 5245 763 5315; x_wconf 86' lang='grc' dir='ltr'>τρόποις·</span> <span class='ocrx_word' id='word_1_630' title='bbox 786 5245 902 5298; x_wconf 85' lang='grc' dir='ltr'><strong>τῶν</strong></span> <span class='ocrx_word' id='word_1_631' title='bbox 929 5244 987 5299; x_wconf 70' lang='grc' dir='ltr'>δὲ</span> <span class='ocrx_word' id='word_1_632' title='bbox 1011 5245 1178 5315; x_wconf 76' lang='grc' dir='ltr'>μήπω</span> <span class='ocrx_word' id='word_1_633' title='bbox 1199 5260 1264 5312; x_wconf 88' lang='grc' dir='ltr'><strong>γε</strong></span> <span class='ocrx_word' id='word_1_634' title='bbox 1283 5243 1598 5315; x_wconf 82' lang='grc' dir='ltr'>ληφθέντων</span> <span class='ocrx_word' id='word_1_635' title='bbox 1619 5261 1786 5315; x_wconf 88' lang='grc' dir='ltr'>προσ-</span> 
     </span>
    </p>
   </div>
   <div class='ocr_carea' id='block_1_97' title="bbox 217 5334 832 5406">
    <p class='ocr_par' dir='ltr' id='par_1_97' title="bbox 217 5334 832 5406">
     <span class='ocr_line' id='line_1_98' title="bbox 217 5334 832 5406; baseline -0.002 -17"><span class='ocrx_word' id='word_1_636' title='bbox 217 5335 462 5405; x_wconf 71' lang='grc' dir='ltr'>κτήσαιτ’</span> <span class='ocrx_word' id='word_1_637' title='bbox 491 5335 557 5389; x_wconf 79' lang='grc' dir='ltr'>ἂν</span> <span class='ocrx_word' id='word_1_638' title='bbox 589 5335 726 5406; x_wconf 79' lang='grc' dir='ltr'>μηδὲ</span> <span class='ocrx_word' id='word_1_639' title='bbox 753 5334 832 5388; x_wconf 74' lang='grc' dir='ltr'>ἐν.</span> 
     </span>
    </p>
   </div>
   <div class='ocr_carea' id='block_1_98' title="bbox 945 5508 1067 5563">
    <p class='ocr_par' dir='ltr' id='par_1_98' title="bbox 945 5508 1067 5563">
     <span class='ocr_line' id='line_1_99' title="bbox 945 5508 1067 5563; baseline 0.008 -2"><span class='ocrx_word' id='word_1_640' title='bbox 945 5508 1067 5563; x_wconf 75' lang='lat' dir='ltr'><strong>OE‘.</strong></span> 
     </span>
    </p>
   </div>
   <div class='ocr_carea' id='block_1_99' title="bbox 287 5591 1784 5674">
    <p class='ocr_par' dir='ltr' id='par_1_99' title="bbox 287 5591 1784 5674">
     <span class='ocr_line' id='line_1_100' title="bbox 287 5591 1784 5674; baseline -0.002 -16"><span class='ocrx_word' id='word_1_641' title='bbox 287 5604 491 5674; x_wconf 80' lang='grc' dir='ltr'>’Δρτος</span> <span class='ocrx_word' id='word_1_642' title='bbox 535 5601 752 5672; x_wconf 78' lang='grc' dir='ltr'>σώματι</span> <span class='ocrx_word' id='word_1_643' title='bbox 779 5602 991 5673; x_wconf 67' lang='grc' dir='ltr'>τροφήν</span> <span class='ocrx_word' id='word_1_644' title='bbox 1025 5603 1172 5672; x_wconf 76' lang='grc' dir='ltr'>ψυχῇ</span> <span class='ocrx_word' id='word_1_645' title='bbox 1217 5591 1541 5672; x_wconf 74' lang='grc' dir='ltr'>δὲ’μάθησις</span> <span class='ocrx_word' id='word_1_646' title='bbox 1580 5601 1784 5673; x_wconf 77' lang='grc' dir='ltr'>ἀγαθή.</span> 
     </span>
    </p>
   </div>
   <div class='ocr_carea' id='block_1_100' title="bbox 225 5690 1789 5764">
    <p class='ocr_par' dir='ltr' id='par_1_100' title="bbox 225 5690 1789 5764">
     <span class='ocr_line' id='line_1_101' title="bbox 225 5690 1789 5764; baseline -0.002 -15"><span class='ocrx_word' id='word_1_647' title='bbox 225 5698 435 5764; x_wconf 82' lang='grc' dir='ltr'>Ὠσπερ</span> <span class='ocrx_word' id='word_1_648' title='bbox 467 5690 562 5748; x_wconf 77' lang='grc' dir='ltr'>οὖν</span> <span class='ocrx_word' id='word_1_649' title='bbox 591 5693 858 5764; x_wconf 80' lang='grc' dir='ltr'>ὲρυθριᾷν</span> <span class='ocrx_word' id='word_1_650' title='bbox 885 5693 950 5746; x_wconf 84' lang='grc' dir='ltr'>οὐ</span> <span class='ocrx_word' id='word_1_651' title='bbox 975 5691 1322 5761; x_wconf 84' lang='grc' dir='ltr'>γιγνόμενον,</span> <span class='ocrx_word' id='word_1_652' title='bbox 1351 5692 1571 5755; x_wconf 68' lang='grc' dir='ltr'>ἐπειδὰν</span> <span class='ocrx_word' id='word_1_653' title='bbox 1599 5692 1789 5746; x_wconf 70' lang='grc' dir='ltr'>ὲσθίω-</span> 
     </span>
    </p>
   </div>
   <div class='ocr_carea' id='block_1_101' title="bbox 229 5779 1789 5854">
    <p class='ocr_par' dir='ltr' id='par_1_101' title="bbox 229 5779 1789 5854">
     <span class='ocr_line' id='line_1_102' title="bbox 229 5779 1789 5854; baseline -0.003 -15"><span class='ocrx_word' id='word_1_654' title='bbox 229 5801 362 5854; x_wconf 82' lang='grc' dir='ltr'>μιν,</span> <span class='ocrx_word' id='word_1_655' title='bbox 402 5783 548 5838; x_wconf 73' lang='grc' dir='ltr'>οὕτω</span> <span class='ocrx_word' id='word_1_656' title='bbox 594 5783 675 5837; x_wconf 84' lang='grc' dir='ltr'><strong>δεῖ</strong></span> <span class='ocrx_word' id='word_1_657' title='bbox 725 5783 820 5836; x_wconf 80' lang='grc' dir='ltr'>καὶ</span> <span class='ocrx_word' id='word_1_658' title='bbox 868 5781 969 5845; x_wconf 81' lang='grc' dir='ltr'>τὰς</span> <span class='ocrx_word' id='word_1_659' title='bbox 1025 5781 1288 5851; x_wconf 82' lang='grc' dir='ltr'>μαθήσεις</span> <span class='ocrx_word' id='word_1_660' title='bbox 1341 5779 1789 5849; x_wconf 82' lang='grc' dir='ltr'>ἀνεπαισχύντως</span> 
     </span>
    </p>
   </div>
   <div class='ocr_carea' id='block_1_102' title="bbox 226 5871 1788 5948">
    <p class='ocr_par' dir='ltr' id='par_1_102' title="bbox 226 5871 1788 5948">
     <span class='ocr_line' id='line_1_103' title="bbox 226 5871 1788 5948; baseline -0.001 -20"><span class='ocrx_word' id='word_1_661' title='bbox 226 5875 541 5946; x_wconf 75' lang='grc' dir='ltr'>λαμϐάνειν.</span> <span class='ocrx_word' id='word_1_662' title='bbox 571 5873 646 5928; x_wconf 81' lang='grc' dir='ltr'>ού</span> <span class='ocrx_word' id='word_1_663' title='bbox 693 5874 804 5944; x_wconf 81' lang='grc' dir='ltr'><strong>γὰρ</strong></span> <span class='ocrx_word' id='word_1_664' title='bbox 841 5873 1011 5948; x_wconf 76' lang='grc' dir='ltr'>εστιν,</span> <span class='ocrx_word' id='word_1_665' title='bbox 1043 5872 1144 5926; x_wconf 84' lang='grc' dir='ltr'>οὐκ</span> <span class='ocrx_word' id='word_1_666' title='bbox 1191 5871 1306 5926; x_wconf 76' lang='grc' dir='ltr'>ἔστι</span> <span class='ocrx_word' id='word_1_667' title='bbox 1345 5872 1487 5942; x_wconf 83' lang='grc' dir='ltr'>μέγα</span> <span class='ocrx_word' id='word_1_668' title='bbox 1519 5873 1641 5934; x_wconf 87' lang='grc' dir='ltr'>ταῖς</span> <span class='ocrx_word' id='word_1_669' title='bbox 1680 5889 1788 5942; x_wconf 88' lang='grc' dir='ltr'>μα-</span> 
     </span>
    </p>
   </div>
   <div class='ocr_carea' id='block_1_103' title="bbox 1882 4685 3448 4762">
    <p class='ocr_par' dir='ltr' id='par_1_103' title="bbox 1882 4685 3448 4762">
     <span class='ocr_line' id='line_1_104' title="bbox 1882 4685 3448 4762; baseline 0.001 -18"><span class='ocrx_word' id='word_1_670' title='bbox 1882 4691 2101 4762; x_wconf 86' lang='lat' dir='ltr'><strong>aliaque</strong></span> <span class='ocrx_word' id='word_1_671' title='bbox 2132 4685 2257 4746; x_wconf 79' lang='lat' dir='ltr'><strong>talia</strong></span> <span class='ocrx_word' id='word_1_672' title='bbox 2288 4692 2523 4746; x_wconf 82' lang='lat' dir='ltr'><strong>intinita.</strong></span> <span class='ocrx_word' id='word_1_673' title='bbox 2553 4691 2734 4758; x_wconf 89' lang='lat' dir='ltr'><strong>Quare</strong></span> <span class='ocrx_word' id='word_1_674' title='bbox 2783 4707 2976 4760; x_wconf 86' lang='lat' dir='ltr'><strong>magna</strong></span> <span class='ocrx_word' id='word_1_675' title='bbox 3013 4707 3154 4762; x_wconf 86' lang='lat' dir='ltr'><strong>epus</strong></span> <span class='ocrx_word' id='word_1_676' title='bbox 3183 4703 3270 4747; x_wconf 85' lang='lat' dir='ltr'><strong>est</strong></span> <span class='ocrx_word' id='word_1_677' title='bbox 3308 4695 3448 4762; x_wconf 84' lang='lat' dir='ltr'><strong>vigi-</strong></span> 
     </span>
    </p>
   </div>
   <div class='ocr_carea' id='block_1_104' title="bbox 1883 4779 3455 4851">
    <p class='ocr_par' dir='ltr' id='par_1_104' title="bbox 1883 4779 3455 4851">
     <span class='ocr_line' id='line_1_105' title="bbox 1883 4779 3455 4851; baseline -0.001 -18"><span class='ocrx_word' id='word_1_678' title='bbox 1883 4779 2074 4845; x_wconf 84' lang='lat' dir='ltr'><strong>lantia,</strong></span> <span class='ocrx_word' id='word_1_679' title='bbox 2112 4789 2171 4834; x_wconf 89' lang='lat' dir='ltr'><strong>ut</strong></span> <span class='ocrx_word' id='word_1_680' title='bbox 2207 4781 2276 4834; x_wconf 89' lang='lat' dir='ltr'><strong>ab</strong></span> <span class='ocrx_word' id='word_1_681' title='bbox 2305 4783 2406 4837; x_wconf 88' lang='lat' dir='ltr'><strong>hac</strong></span> <span class='ocrx_word' id='word_1_682' title='bbox 2429 4781 2732 4851; x_wconf 88' lang='lat' dir='ltr'><strong>impostura</strong></span> <span class='ocrx_word' id='word_1_683' title='bbox 2771 4781 2930 4836; x_wconf 88' lang='lat' dir='ltr'><strong>liberi</strong></span> <span class='ocrx_word' id='word_1_684' title='bbox 2963 4782 3164 4835; x_wconf 85' lang='lat' dir='ltr'><strong>simus.</strong></span> <span class='ocrx_word' id='word_1_685' title='bbox 3200 4780 3338 4834; x_wconf 89' lang='lat' dir='ltr'><strong>Nam</strong></span> <span class='ocrx_word' id='word_1_686' title='bbox 3361 4781 3455 4850; x_wconf 82' lang='lat' dir='ltr'><strong>ju—</strong></span> 
     </span>
    </p>
   </div>
   <div class='ocr_carea' id='block_1_105' title="bbox 1887 4869 3452 4931">
    <p class='ocr_par' dir='ltr' id='par_1_105' title="bbox 1887 4869 3452 4931">
     <span class='ocr_line' id='line_1_106' title="bbox 1887 4869 3452 4931; baseline 0.001 -7"><span class='ocrx_word' id='word_1_687' title='bbox 1887 4871 2118 4925; x_wconf 78' lang='lat' dir='ltr'><strong>venibus</strong></span> <span class='ocrx_word' id='word_1_688' title='bbox 2173 4871 2316 4926; x_wconf 77' lang='lat' dir='ltr'><strong>serio</strong></span> <span class='ocrx_word' id='word_1_689' title='bbox 2341 4887 2524 4927; x_wconf 77' lang='lat' dir='ltr'><strong>rerum</strong></span> <span class='ocrx_word' id='word_1_690' title='bbox 2563 4873 2829 4926; x_wconf 86' lang='lat' dir='ltr'><strong>bonarum</strong></span> <span class='ocrx_word' id='word_1_691' title='bbox 2863 4871 3046 4926; x_wconf 89' lang='lat' dir='ltr'><strong>studio</strong></span> <span class='ocrx_word' id='word_1_692' title='bbox 3073 4869 3206 4924; x_wconf 85' lang='lat' dir='ltr'><strong>nihil</strong></span> <span class='ocrx_word' id='word_1_693' title='bbox 3243 4870 3452 4931; x_wconf 81' lang='lat' dir='ltr'><strong>utilius.</strong></span> 
     </span>
    </p>
   </div>
   <div class='ocr_carea' id='block_1_106' title="bbox 1885 4959 3458 5034">
    <p class='ocr_par' dir='ltr' id='par_1_106' title="bbox 1885 4959 3458 5034">
     <span class='ocr_line' id='line_1_107' title="bbox 1885 4959 3458 5034; baseline -0.003 -18"><span class='ocrx_word' id='word_1_694' title='bbox 1885 4961 2034 5017; x_wconf 89' lang='lat' dir='ltr'><strong>velut</strong></span> <span class='ocrx_word' id='word_1_695' title='bbox 2060 4977 2091 5016; x_wconf 91' lang='lat' dir='ltr'><strong>e</strong></span> <span class='ocrx_word' id='word_1_696' title='bbox 2135 4962 2354 5017; x_wconf 87' lang='lat' dir='ltr'><strong>diverso</strong></span> <span class='ocrx_word' id='word_1_697' title='bbox 2379 4963 2707 5034; x_wconf 77' lang='lat' dir='ltr'><strong>negligentia</strong></span> <span class='ocrx_word' id='word_1_698' title='bbox 2737 4961 2874 5015; x_wconf 89' lang='lat' dir='ltr'><strong>nihil</strong></span> <span class='ocrx_word' id='word_1_699' title='bbox 2909 4961 3131 5014; x_wconf 84' lang='lat' dir='ltr'><strong>noxium</strong></span> <span class='ocrx_word' id='word_1_700' title='bbox 3169 4959 3362 5029; x_wconf 88' lang='lat' dir='ltr'><strong>magis.</strong></span> <span class='ocrx_word' id='word_1_701' title='bbox 3387 4965 3458 5012; x_wconf 81' lang='lat' dir='ltr'><strong>At</strong></span> 
     </span>
    </p>
   </div>
   <div class='ocr_carea' id='block_1_107' title="bbox 1884 5049 3457 5120">
    <p class='ocr_par' dir='ltr' id='par_1_107' title="bbox 1884 5049 3457 5120">
     <span class='ocr_line' id='line_1_108' title="bbox 1884 5049 3457 5120; baseline -0.002 -15"><span class='ocrx_word' id='word_1_702' title='bbox 1884 5052 1981 5120; x_wconf 89' lang='lat' dir='ltr'><strong>qui</strong></span> <span class='ocrx_word' id='word_1_703' title='bbox 2011 5067 2206 5108; x_wconf 86' lang='lat' dir='ltr'><strong>somno</strong></span> <span class='ocrx_word' id='word_1_704' title='bbox 2258 5055 2477 5109; x_wconf 86' lang='lat' dir='ltr'><strong>deditus</strong></span> <span class='ocrx_word' id='word_1_705' title='bbox 2508 5061 2612 5116; x_wconf 89' lang='lat' dir='ltr'><strong>est,</strong></span> <span class='ocrx_word' id='word_1_706' title='bbox 2659 5059 2712 5106; x_wconf 89' lang='lat' dir='ltr'><strong>et</strong></span> <span class='ocrx_word' id='word_1_707' title='bbox 2740 5051 2926 5120; x_wconf 79' lang='lat' dir='ltr'><strong>jacere</strong></span> <span class='ocrx_word' id='word_1_708' title='bbox 2948 5049 3178 5118; x_wconf 88' lang='lat' dir='ltr'><strong>supinus</strong></span> <span class='ocrx_word' id='word_1_709' title='bbox 3202 5056 3371 5111; x_wconf 87' lang='lat' dir='ltr'><strong>amat,</strong></span> <span class='ocrx_word' id='word_1_710' title='bbox 3403 5061 3457 5103; x_wconf 81' lang='lat' dir='ltr'><strong>et</strong></span> 
     </span>
    </p>
   </div>
   <div class='ocr_carea' id='block_1_108' title="bbox 1885 5139 3453 5214">
    <p class='ocr_par' dir='ltr' id='par_1_108' title="bbox 1885 5139 3453 5214">
     <span class='ocr_line' id='line_1_109' title="bbox 1885 5139 3453 5214; baseline -0.003 -14"><span class='ocrx_word' id='word_1_711' title='bbox 1885 5145 2098 5200; x_wconf 83' lang='lat' dir='ltr'><strong>otiosus</strong></span> <span class='ocrx_word' id='word_1_712' title='bbox 2123 5160 2268 5210; x_wconf 87' lang='lat' dir='ltr'><strong>esse,</strong></span> <span class='ocrx_word' id='word_1_713' title='bbox 2301 5145 2500 5214; x_wconf 88' lang='lat' dir='ltr'><strong>partim</strong></span> <span class='ocrx_word' id='word_1_714' title='bbox 2534 5143 2764 5199; x_wconf 89' lang='lat' dir='ltr'><strong>collecta</strong></span> <span class='ocrx_word' id='word_1_715' title='bbox 2806 5150 3034 5212; x_wconf 89' lang='lat' dir='ltr'><strong>paterno</strong></span> <span class='ocrx_word' id='word_1_716' title='bbox 3057 5139 3300 5196; x_wconf 77' lang='lat' dir='ltr'><strong>fortasse</strong></span> <span class='ocrx_word' id='word_1_717' title='bbox 3331 5151 3453 5197; x_wconf 85' lang='lat' dir='ltr'><strong>stu-</strong></span> 
     </span>
    </p>
   </div>
   <div class='ocr_carea' id='block_1_109' title="bbox 1886 5233 3456 5306">
    <p class='ocr_par' dir='ltr' id='par_1_109' title="bbox 1886 5233 3456 5306">
     <span class='ocr_line' id='line_1_110' title="bbox 1886 5233 3456 5306; baseline -0.003 -15"><span class='ocrx_word' id='word_1_718' title='bbox 1886 5236 2000 5302; x_wconf 88' lang='lat' dir='ltr'><strong>dio,</strong></span> <span class='ocrx_word' id='word_1_719' title='bbox 2035 5240 2118 5292; x_wconf 84' lang='lat' dir='ltr'><strong>vel</strong></span> <span class='ocrx_word' id='word_1_720' title='bbox 2153 5237 2338 5306; x_wconf 87' lang='lat' dir='ltr'><strong>aliquo</strong></span> <span class='ocrx_word' id='word_1_721' title='bbox 2357 5235 2592 5291; x_wconf 79' lang='lat' dir='ltr'><strong>fortuna:</strong></span> <span class='ocrx_word' id='word_1_722' title='bbox 2623 5250 2776 5297; x_wconf 88' lang='lat' dir='ltr'><strong>casu.</strong></span> <span class='ocrx_word' id='word_1_723' title='bbox 2819 5233 2976 5289; x_wconf 80' lang='lat' dir='ltr'><strong>facile</strong></span> <span class='ocrx_word' id='word_1_724' title='bbox 2994 5233 3181 5289; x_wconf 87' lang='lat' dir='ltr'><strong>multis</strong></span> <span class='ocrx_word' id='word_1_725' title='bbox 3223 5234 3306 5304; x_wconf 91' lang='lat' dir='ltr'><strong>(ut</strong></span> <span class='ocrx_word' id='word_1_726' title='bbox 3337 5236 3456 5305; x_wconf 82' lang='lat' dir='ltr'><strong>epi-</strong></span> 
     </span>
    </p>
   </div>
   <div class='ocr_carea' id='block_1_110' title="bbox 1888 5325 3452 5397">
    <p class='ocr_par' dir='ltr' id='par_1_110' title="bbox 1888 5325 3452 5397">
     <span class='ocr_line' id='line_1_111' title="bbox 1888 5325 3452 5397; baseline 0 -17"><span class='ocrx_word' id='word_1_727' title='bbox 1888 5327 2008 5386; x_wconf 87' lang='lat' dir='ltr'><strong>nor)</strong></span> <span class='ocrx_word' id='word_1_728' title='bbox 2051 5327 2229 5382; x_wconf 83' lang='lat' dir='ltr'><strong>modis</strong></span> <span class='ocrx_word' id='word_1_729' title='bbox 2277 5325 2566 5392; x_wconf 82' lang='lat' dir='ltr'><strong>amiserit;</strong></span> <span class='ocrx_word' id='word_1_730' title='bbox 2625 5327 2820 5397; x_wconf 87' lang='lat' dir='ltr'><strong>partim</strong></span> <span class='ocrx_word' id='word_1_731' title='bbox 2845 5340 2912 5380; x_wconf 89' lang='lat' dir='ltr'><strong>ex</strong></span> <span class='ocrx_word' id='word_1_732' title='bbox 2943 5325 3030 5390; x_wconf 89' lang='lat' dir='ltr'><strong>iis,</strong></span> <span class='ocrx_word' id='word_1_733' title='bbox 3063 5339 3182 5395; x_wconf 65' lang='lat' dir='ltr'><strong>quae</strong></span> <span class='ocrx_word' id='word_1_734' title='bbox 3204 5327 3452 5382; x_wconf 77' lang='lat' dir='ltr'><strong>nondum</strong></span> 
     </span>
    </p>
   </div>
   <div class='ocr_carea' id='block_1_111' title="bbox 1886 5417 3305 5490">
    <p class='ocr_par' dir='ltr' id='par_1_111' title="bbox 1886 5417 3305 5490">
     <span class='ocr_line' id='line_1_112' title="bbox 1886 5417 3305 5490; baseline 0.003 -19"><span class='ocrx_word' id='word_1_735' title='bbox 1886 5428 2222 5473; x_wconf 87' lang='lat' dir='ltr'><strong>consecutus</strong></span> <span class='ocrx_word' id='word_1_736' title='bbox 2249 5426 2351 5483; x_wconf 88' lang='lat' dir='ltr'><strong>est,</strong></span> <span class='ocrx_word' id='word_1_737' title='bbox 2387 5433 2455 5473; x_wconf 84' lang='lat' dir='ltr'><strong>ne</strong></span> <span class='ocrx_word' id='word_1_738' title='bbox 2479 5418 2648 5473; x_wconf 92' lang='lat' dir='ltr'><strong>hilum</strong></span> <span class='ocrx_word' id='word_1_739' title='bbox 2677 5417 2901 5488; x_wconf 86' lang='lat' dir='ltr'><strong>quidem</strong></span> <span class='ocrx_word' id='word_1_740' title='bbox 2930 5419 3305 5490; x_wconf 81' lang='lat' dir='ltr'><strong>acquisiverit.</strong></span> 
     </span>
    </p>
   </div>
   <div class='ocr_carea' id='block_1_112' title="bbox 2567 5508 2778 5566">
    <p class='ocr_par' dir='ltr' id='par_1_112' title="bbox 2567 5508 2778 5566">
     <span class='ocr_line' id='line_1_113' title="bbox 2567 5508 2778 5566; baseline 0.014 -3"><span class='ocrx_word' id='word_1_741' title='bbox 2567 5508 2778 5566; x_wconf 79' lang='lat' dir='ltr'><strong>LXXV.</strong></span> 
     </span>
    </p>
   </div>
   <div class='ocr_carea' id='block_1_113' title="bbox 1962 5599 3451 5672">
    <p class='ocr_par' dir='ltr' id='par_1_113' title="bbox 1962 5599 3451 5672">
     <span class='ocr_line' id='line_1_114' title="bbox 1962 5599 3451 5672; baseline 0.003 -18"><span class='ocrx_word' id='word_1_742' title='bbox 1962 5599 2033 5654; x_wconf 87' lang='lat' dir='ltr'><strong>Ut</strong></span> <span class='ocrx_word' id='word_1_743' title='bbox 2057 5600 2212 5670; x_wconf 83' lang='lat' dir='ltr'><strong>panis</strong></span> <span class='ocrx_word' id='word_1_744' title='bbox 2240 5600 2559 5656; x_wconf 72' lang='lat' dir='ltr'><strong>alimentum</strong></span> <span class='ocrx_word' id='word_1_745' title='bbox 2593 5609 2678 5658; x_wconf 85' lang='lat' dir='ltr'><strong>est</strong></span> <span class='ocrx_word' id='word_1_746' title='bbox 2703 5605 2970 5672; x_wconf 86' lang='lat' dir='ltr'><strong>corporis,</strong></span> <span class='ocrx_word' id='word_1_747' title='bbox 2989 5604 3074 5661; x_wconf 86' lang='lat' dir='ltr'><strong>sic</strong></span> <span class='ocrx_word' id='word_1_748' title='bbox 3101 5605 3269 5660; x_wconf 86' lang='lat' dir='ltr'><strong>animi</strong></span> <span class='ocrx_word' id='word_1_749' title='bbox 3307 5603 3451 5659; x_wconf 86' lang='lat' dir='ltr'><strong>bona</strong></span> 
     </span>
    </p>
   </div>
   <div class='ocr_carea' id='block_1_114' title="bbox 1891 5692 3458 5766">
    <p class='ocr_par' dir='ltr' id='par_1_114' title="bbox 1891 5692 3458 5766">
     <span class='ocr_line' id='line_1_115' title="bbox 1891 5692 3458 5766; baseline 0.001 -20"><span class='ocrx_word' id='word_1_750' title='bbox 1891 5692 2164 5747; x_wconf 87' lang='lat' dir='ltr'><strong>doctrina.</strong></span> <span class='ocrx_word' id='word_1_751' title='bbox 2221 5693 2695 5759; x_wconf 86' lang='lat' dir='ltr'><strong>Quemadmodum</strong></span> <span class='ocrx_word' id='word_1_752' title='bbox 2747 5709 2878 5766; x_wconf 89' lang='lat' dir='ltr'><strong>ergo</strong></span> <span class='ocrx_word' id='word_1_753' title='bbox 2909 5712 3016 5752; x_wconf 91' lang='lat' dir='ltr'><strong>non</strong></span> <span class='ocrx_word' id='word_1_754' title='bbox 3045 5696 3302 5752; x_wconf 90' lang='lat' dir='ltr'><strong>convenit</strong></span> <span class='ocrx_word' id='word_1_755' title='bbox 3327 5709 3458 5750; x_wconf 80' lang='lat' dir='ltr'><strong>eru-</strong></span> 
     </span>
    </p>
   </div>
   <div class='ocr_carea' id='block_1_115' title="bbox 1890 5783 3460 5854">
    <p class='ocr_par' dir='ltr' id='par_1_115' title="bbox 1890 5783 3460 5854">
     <span class='ocr_line' id='line_1_116' title="bbox 1890 5783 3460 5854; baseline 0 -17"><span class='ocrx_word' id='word_1_756' title='bbox 1890 5783 2135 5849; x_wconf 89' lang='lat' dir='ltr'><strong>bescere,</strong></span> <span class='ocrx_word' id='word_1_757' title='bbox 2171 5798 2297 5838; x_wconf 91' lang='lat' dir='ltr'><strong>cum</strong></span> <span class='ocrx_word' id='word_1_758' title='bbox 2323 5787 2685 5851; x_wconf 85' lang='lat' dir='ltr'><strong>comedimus,</strong></span> <span class='ocrx_word' id='word_1_759' title='bbox 2715 5787 2798 5842; x_wconf 90' lang='lat' dir='ltr'><strong>sic</strong></span> <span class='ocrx_word' id='word_1_760' title='bbox 2847 5801 3064 5841; x_wconf 88' lang='lat' dir='ltr'><strong>omnem</strong></span> <span class='ocrx_word' id='word_1_761' title='bbox 3101 5788 3239 5841; x_wconf 86' lang='lat' dir='ltr'><strong>citra</strong></span> <span class='ocrx_word' id='word_1_762' title='bbox 3282 5785 3460 5854; x_wconf 84' lang='lat' dir='ltr'><strong>pudo-</strong></span> 
     </span>
    </p>
   </div>
   <div class='ocr_carea' id='block_1_116' title="bbox 1893 5875 3459 5947">
    <p class='ocr_par' dir='ltr' id='par_1_116' title="bbox 1893 5875 3459 5947">
     <span class='ocr_line' id='line_1_117' title="bbox 1893 5875 3459 5947; baseline -0.001 -18"><span class='ocrx_word' id='word_1_763' title='bbox 1893 5884 2115 5931; x_wconf 86' lang='lat' dir='ltr'><strong>remet</strong></span> <span class='ocrx_word' id='word_1_764' title='bbox 2178 5876 2438 5932; x_wconf 66' lang='lat' dir='ltr'><strong>doctrinae</strong></span> <span class='ocrx_word' id='word_1_765' title='bbox 2506 5886 2634 5932; x_wconf 88' lang='lat' dir='ltr'><strong>sunt</strong></span> <span class='ocrx_word' id='word_1_766' title='bbox 2683 5877 3062 5947; x_wconf 64' lang='lat' dir='ltr'><strong>percipiendae.</strong></span> <span class='ocrx_word' id='word_1_767' title='bbox 3120 5875 3237 5932; x_wconf 81' lang='lat' dir='ltr'><strong>Non</strong></span> <span class='ocrx_word' id='word_1_768' title='bbox 3278 5885 3459 5946; x_wconf 77' lang='lat' dir='ltr'><strong>potest</strong></span> 
     </span>
    </p>
   </div>
  </div>
