3978 6586
566 364 668 425 36⁸ί

561 569 866 637 aequalibus
897 580 1178 623 certamen
1228 570 1477 639 suscipit,
1504 571 1548 624 si
1573 571 1787 639 quidem
1819 586 1941 625 eum
1982 569 2124 624 vinci

559 664 779 729 pudeat.
815 662 1103 716 Enimvero
1158 664 1209 715 in
1242 663 1380 717 cibis
1429 662 1542 732 ipsa
1574 662 1877 721 necessitas
1902 664 2125 717 modum

561 753 764 823 cuique
817 753 1051 819 desinit;
1088 753 1177 808 lric
1208 766 1387 808 autem
1427 755 1548 822 plus
1579 770 1795 824 semper
1848 755 2129 825 requiren-

561 848 715 902 dum.
747 845 959 901 Rursus
999 846 1072 900 ibi
1108 847 1279 916 magis
1303 846 1519 916 expedit
1546 847 1869 909 valetudini.
1899 862 1963 903 ac
1990 864 2128 918 prm-

559 938 842 991 fercndum
864 938 1030 1004 venit,
1054 939 1197 1007 quod
1224 940 1555 1008 expeditum.
1577 941 1720 1009 quod
1753 940 1981 1011 simplex
2009 952 2127 997 est:

561 1031 652 1084 hic
684 1046 812 1085 vero
838 1032 1016 1098 potior
1072 1031 1365 1102 omnigena
1400 1048 1581 1086 rerum
1618 1032 1883 1087 bonarum
1916 1033 2127 1087 exerci-

562 1122 716 1177 tatio.
756 1123 947 1176 Itidem
981 1124 1161 1192 pastui
1204 1137 1370 1193 quam
1397 1124 1685 1178 minimum
1716 1125 1981 1193 temporis
2024 1125 2130 1178 im-

562 1210 721 1278 pendi
781 1212 1067 1267 decentius
1095 1220 1223 1267 est:
1269 1212 1515 1267 discendi
1571 1223 1785 1282 tempus
1808 1214 2127 1269 universum

562 1300 633 1352 sil
660 1301 783 1353 vitae
814 1302 1075 1368 spatium,
1137 1302 1181 1354 si
1219 1300 1333 1355 ﬁeri
1367 1310 1569 1370 potest.
1600 1303 1737 1357 Nom
1785 1304 1985 1358 bonum
2022 1312 2127 1365 est,

560 1392 801 1444 animum
840 1391 980 1444 bona
1010 1407 1069 1444 re
1102 1393 1355 1461 quapiam
1385 1393 1578 1460 imbui,
1622 1395 1785 1448 etiam
1821 1403 1957 1461 tum,
1995 1409 2123 1450 cum

560 1495 587 1533 a
612 1495 843 1551 corpore
873 1481 1173 1537 dirimitur.

1232 1573 1460 1631 LXXVI.

634 1662 908 1718 Eximium
941 1664 1070 1734 quid
1096 1674 1181 1719 est
1204 1668 1413 1736 magnis
1440 1666 1715 1722 hominem
1744 1668 1952 1723 viribus
1987 1684 2129 1738 prte-

1746 361 2143 424 MANUELIS
2184 361 2627 424 PALAiOLOGI
3705 361 3790 424 368

562 479 732 548 enim,
768 493 877 533 non
917 485 1095 548 potest
1137 477 1289 533 valde
1319 478 1585 534 doctrinis
1626 479 1847 549 pollere,
1879 479 1971 549 qni
2004 494 2126 534 enm

2234 479 2424 550 θήσεσι
2454 478 2755 550 δυνηθῆναι
2790 479 2881 532 τὸν
2916 478 3056 549 προς
3081 479 3215 541 τοὺς
3263 476 3477 548 ἥλικας
3514 474 3791 546 ἁμιλλώμεο

2231 588 2342 635 νον,
2378 572 2426 623 εί
2477 572 2614 641 πρὸς
2643 571 2741 641 τὴν
2776 566 2947 641 ἧτταν
2992 570 3344 640 αἰσχύνοιτο.
3411 567 3560 622 Ἀλλ’
3599 569 3685 620 ἐπὶ
3715 571 3794 637 μὲν

2228 662 2328 731 τῆς
2366 663 2577 732 τροφῆς
2613 662 2814 731 μέτρον
2862 661 3117 723 ἑκάστοις
3151 663 3186 731 ἡ
3240 659 3440 730 χρεία,
3493 659 3728 713 ἐνταυθοῖ
3750 661 3795 713 δὲ

2228 752 2390 822 χρεία
2418 750 2513 803 τοῦ
2538 751 2804 813 πλείονος.
2841 752 3017 805 Κάκεῖ
3048 752 3145 821 μὲν
3180 748 3357 813 αὖθις
3383 752 3447 803 τὸ
3474 751 3616 804 λεῖόν
3642 769 3695 805 τε
3721 756 3797 804 καὶ

2233 848 2505 917 μονοειδὲς
2548 847 2915 917 ὑγιεινότερόν
2949 865 3009 900 τε
3047 849 3141 902 καὶ
3183 847 3666 916 σπουδαιότερον
3712 840 3797 900 ὧδε

2229 938 2286 992 δὲ
2339 938 2504 993 καλόν
2540 940 2691 992 ἐστιν
2718 941 2751 1009 ή
2785 940 3102 1009 παντοδαπὴ
3152 938 3276 992 τῶν
3329 939 3524 993 καλῶν
3570 939 3798 1006 ἄσκησις.

2230 1032 2340 1086 Καὶ
2364 1030 2474 1084 τῶν
2509 1032 2607 1101 μὲν
2642 1031 2826 1084 σιτίων
2853 1032 3044 1103 χρόνος
3072 1032 3101 1084 ὁ
3132 1030 3505 1101 βραχύτατος
3550 1031 3797 1100 εὐπρεπέ-

2232 1140 2445 1193 στερος,
2496 1126 2617 1186 ταῖς
2644 1124 2703 1177 δὲ
2738 1124 3007 1194 μαθήσεσι
3034 1124 3233 1192 καιρὸς
3268 1126 3299 1176 ὁ
3342 1123 3465 1193 βίος
3489 1122 3630 1187 ὅλος,
3656 1124 3702 1176 εί
3723 1124 3797 1174 δυο

2230 1218 2386 1270 νατόν
2408 1233 2421 1247 ’
2457 1218 2623 1272 καλὸν
2647 1219 2755 1287 γὰρ
2786 1219 3060 1289 μυηθῆναι
3084 1216 3181 1284 τὴν
3212 1217 3413 1287 ψυχήν
3432 1232 3488 1270 τι
3520 1214 3696 1280 καλὸν,
3721 1215 3797 1267 καὶ

2231 1310 2610 1383 χωριζομένην
2643 1310 2810 1365 αὐτοῦ
2842 1310 2937 1364 τοῦ
2973 1309 3256 1380 σώματος.

2943 1576 3081 1645 oq'.

2301 1676 2629 1747 Κράτιστον,
2662 1672 2916 1743 ἰσχύοντα
2952 1673 3118 1742 μέγα,
3159 1670 3412 1740 μηδενὸς
3449 1667 3789 1725 πλεονεκτεῖν.

561 1757 734 1809 ditnm
773 1756 1025 1811 fraudare
1085 1758 1386 1823 neminem,
1429 1773 1529 1812 nec
1562 1760 1828 1815 adversus
1861 1761 1999 1815 alios
2032 1762 2128 1815 in-

2235 1770 2369 1839 μηδὲ
2427 1765 2886 1835 κατεπαίρεσθαι,
2940 1748 3075 1835 μηδὲ
3138 1763 3423 1832 βλάπτειν
3475 1759 3724 1821 ὁντινοῦν,
3752 1758 3790 1809 εί

561 1864 809 1917 surgere,
856 1865 953 1904 nec
983 1866 1311 1919 quemquam
1354 1852 1590 1918 laedere;
1632 1851 1737 1908 nisi
1770 1853 1893 1922 quis
1934 1854 2127 1909 laedere

2341 1877 2423 1919 τις
2458 1831 2715 1928 βλάπτων
2747 1840 2807 1910 ού
2844 1831 3101 1923 παύεται,
3137 1831 3240 1909 καὶ
3281 1853 3677 1923 κατορχεῖσθαί
3711 1868 3787 1903 σου

560 1959 845 2013 nunquam
880 1944 1118 2007 desinat,
1165 1955 1218 1998 et
1273 1945 1538 2000 insultare
1574 1947 1673 2001 tibi
1704 1947 1851 2003 velit.
1890 1948 2126 2013 Bonum,

561 2038 649 2090 cui
685 2037 920 2090 maxima
968 2036 1317 2099 conveniant,
1353 2053 1477 2093 eum
1514 2041 1803 2107 prazsentia
1836 2040 1963 2094 boni
1995 2057 2129 2095 con-

560 2132 741 2186 sulere
766 2146 781 2190 ;
810 2130 855 2185 si
888 2144 1009 2183 cum
1048 2130 1277 2185 honesta
1304 2129 1447 2184 fama
1475 2145 1586 2185 non
1620 2131 1783 2187 liceat
1814 2132 2130 2188 accessione

560 2223 745 2293 potiri.
780 2222 844 2275 Et
874 2222 1093 2293 quidem
1124 2223 1443 2278 accessione
1469 2238 1574 2276 non
1607 2223 1790 2277 minus
1821 2237 1944 2279 esse
1968 2223 2128 2292 quid-

561 2316 682 2368 dam
716 2314 978 2379 arbitror,
1010 2313 1178 2367 illzesa
1217 2328 1439 2368 servare
1471 2328 1591 2382 quae
1629 2313 1852 2376 adsunt,
1885 2313 1952 2369 iis
1988 2328 2128 2382 prae-

561 2409 749 2464 sertim
809 2408 1169 2476 temporibus,
1228 2421 1350 2475 quae
1384 2406 1697 2461 detrimenti
1735 2407 2029 2476 plurimum
2057 2407 2133 2461 af-

556 2502 705 2556 ‘(erre
753 2508 1004 2569 possunt.
1044 2497 1154 2554 Nec
1201 2497 1335 2553 illud
1370 2498 1636 2568 praeteriri
1691 2498 1906 2552 silentio
1942 2498 2128 2553 debet.

562 2593 721 2647 Noris
760 2591 968 2645 illatum
993 2590 1221 2660 publica:
1252 2589 1329 2643 rei
1363 2590 1624 2644 damnum
1656 2588 1763 2643 tuis
1786 2604 1815 2642 a
1839 2588 2128 2653 ministris,

562 2686 925 2753 imputaturos
952 2682 1073 2745 tibi,
1111 2681 1207 2751 qui
1239 2681 1499 2735 damnum
1532 2679 1845 2749 acceperint
1874 2696 1888 2744 ;
1920 2680 1966 2733 si
1999 2694 2126 2734 cum

561 2790 727 2844 opera
760 2775 1048 2828 meliorum
1083 2773 1161 2827 nti
1206 2787 1417 2842 posses,
1449 2782 1544 2826 aut
1575 2772 1709 2827 istos
1734 2772 1923 2825 saltem
1955 2773 2131 2826 corri-

563 2882 711 2937 gere,
737 2880 839 2920 nec
872 2865 1001 2919 illud
1064 2863 1248 2919 facere
1290 2850 1559 2927 volueris,
1583 2872 1638 2918 ct
1673 2863 1776 2917 huc
1807 2861 2130 2931 neglexeris,

562 2960 807 3027 adeoque
838 2965 1096 3027 prmstare
1118 2956 1364 3022 duxeris,
1397 2965 1456 3010 ut
1485 2955 1716 3026 improbi
1751 2954 1871 3024 plus
1904 2954 2050 3025 apud
2077 2963 2128 3008 te

565 3051 775 3118 possint
808 3064 970 3119 quam
1000 3047 1156 3103 boni.

1217 3139 1472 3196 LXXVII.

630 3234 883 3289 Gloriosa
906 3232 1015 3288 tuis
1043 3248 1073 3287 a
1104 3232 1350 3287 moribus
1381 3232 1524 3287 absit
1553 3232 1883 3302 arrogantia,
1904 3231 2045 3287 sicut
2079 3239 2131 3287 et

563 3328 951 3384 dissimulatio.
1010 3324 1145 3379 Nam
1208 3335 1267 3378 ιιι
1307 3324 1420 3377 haec
1482 3324 1655 3392 turpis
1682 3333 1786 3387 est,
1811 3323 1955 3392 quod
1984 3324 2130 3389 (icta,

430 3420 451 3437 ‘
563 3422 709 3487 quod
765 3418 954 3472 inertis
975 3430 1029 3471 et
1052 3416 1335 3485 degeneris
1395 3416 1585 3478 animi,
1611 3416 1690 3471 sic
1720 3415 1902 3484 gravis
1933 3416 2126 3483 altera,

563 3516 707 3583 quod
730 3514 962 3582 superba
990 3512 1243 3577 nimium,
1278 3510 1424 3580 quod
1457 3512 1704 3565 mordax.
1735 3512 1882 3567 Satis
1914 3521 1995 3567 est
2019 3528 2128 3567 non

566 3618 618 3659 te
647 3607 817 3674 magis
848 3605 1079 3659 aliorum
1113 3602 1338 3657 credere
1364 3603 1635 3667 laudibus,
1667 3618 1827 3672 quam
1854 3603 1970 3667 tibi,
2001 3618 2127 3657 cum

566 3700 669 3751 illa:
697 3714 836 3751 verae
888 3714 991 3751 non
1026 3705 1176 3761 sunt,
1209 3710 1309 3749 nec
1347 3710 1599 3765 asperum
1632 3693 1857 3762 aliquid,
1889 3694 2128 3748 homini-

563 3790 1019 3861 quejactabnndo
1046 3788 1399 3853 conveniens,
1432 3786 1674 3857 proferre
1701 3804 1714 3839 :
1746 3802 1852 3841 non
1874 3786 2129 3841 incedere

564 3899 688 3935 cum
744 3882 910 3946 fastu,
975 3896 1074 3935 nec
1126 3881 1379 3935 attollere
1443 3878 1757 3947 supercilia,
1792 3876 2001 3940 licetii,
2033 3875 2127 3941 qui

538 3978 812 4044 plausum
861 3974 1014 4037 dant,
1058 3989 1245 4027 verum
1297 3974 1500 4027 dicant.
1543 3971 1622 4024 Ad
1668 3970 1910 4039 ingestas
1945 3977 2127 4023 autem

566 4068 750 4121 Iaudes
772 4066 839 4119 ab
864 4065 1005 4128 aliis,
1030 4064 1186 4129 quasi
1210 4064 1656 4132 tergiversantem
1686 4060 1908 4114 delicias
1926 4058 2127 4125 facere,

540 4172 844 4227 .paneaque
870 4157 935 4208 de
959 4171 1017 4208 se
1057 4155 1256 4217 dicere,
1287 4168 1481 4222 magna
1511 4151 1734 4216 sentire,
1756 4165 1919 4220 prope
1949 4150 2132 4219 scenie

565 4264 685 4301 eum
716 4246 971 4314 quiddam
1004 4250 1106 4305 est,
1133 4254 1187 4296 et
1216 4258 1384 4310 egens
1414 4243 1597 4305 larvas,
1626 4241 1721 4295 tibi
1771 4240 1993 4309 quidem
2031 4240 2132 4294 Ini-

568 4338 712 4389 nime
774 4334 1049 4389 convenit.
1114 4333 1417 4387 lloncstnm
1487 4332 1699 4388 facinus
1767 4332 1998 4388 illustris
2050 4342 2134 4387 cst

566 4444 766 4497 pra'cu.
800 4426 1048 4481 Ilominis
1072 4426 1367 4490 modestia,
1401 4426 1493 4494 qui
1528 4439 1723 4495 magna
1763 4424 1991 4495 peregit,
2022 4424 2129 4478 du-

2231 1952 2396 2007 θέλει.
2434 1950 2629 2014 Καλὸν,
2671 1948 2953 2019 μεγίστοις
2993 1945 3403 2015 συμϐαίνοντα,
3458 1945 3575 2003 τοῖς
3610 1940 3781 2011 παροῦι

2233 2061 2319 2097 σιν
2352 2042 2595 2111 ἀγαπᾷν,
2625 2040 2691 2093 ἂν
2739 2040 2813 2107 μὴ
2852 2037 2971 2109 μετ’
3020 2038 3281 2100 εὐκλείας
3317 2036 3421 2107 ἐξῇ
3472 2034 3779 2104 προσθεῖναι.

2243 2133 2398 2203 Ἐμοὶ
2426 2132 2574 2185 δοκεῖ
2621 2129 2945 2201 προσθήκης
2976 2129 3073 2199 οὐχ
3115 2124 3289 2199 ἦττον
3318 2123 3474 2180 εἶναι
3509 2127 3571 2180 τὸ
3596 2125 3660 2177 τὰ
3682 2123 3779 2175 ὄντα

2230 2225 2418 2293 τηρεῖν
2442 2221 2704 2289 ἀλώὸητα
2749 2222 2807 2274 ἐν
2842 2220 3053 2289 καιροῖς
3083 2218 3226 2273 πάνυ
3267 2216 3570 2269 λωϐᾶσθαι
3612 2225 3779 2276 κεκτη-

2236 2317 2417 2387 μένοις
2469 2314 2720 2381 δύναμιν.
2773 2312 2865 2363 Δεῖ
2908 2312 2963 2365 δὲ
3022 2310 3145 2380 μηδ’
3205 2302 3779 2373 ὲκεῖνοσιωπηθῆναι.

2235 2409 2375 2463 Ἴσθι
2408 2408 2507 2477 τὴν
2531 2405 2821 2475 ὑπηρετῶν
2852 2407 2933 2469 είς
2967 2404 3028 2458 τδ
3050 2403 3232 2457 κοινὸν
3256 2402 3323 2472 βλ
3336 2401 3476 2470 ᾅδην
3507 2399 3781 2462 σοὶ>.ογιου·

2237 2503 2431 2573 μένους
2464 2501 2589 2559 τοὺς
2622 2497 3029 2568 βλαπτομένους
3059 2496 3151 2565 ’ξεί
3184 2496 3375 2565 παρὸν
3406 2492 3655 2562 ἀμείνοσι
3678 2486 3784 2555 χρῆ·

2235 2596 2382 2657 σθαι,
2419 2595 2451 2664 ἢ
2478 2592 2609 2661 γοῦν
2638 2592 2879 2653 ἐκείνους
2902 2590 3165 2659 ὀρθῶσαι,
3206 2587 3381 2642 τοῦτό
3415 2603 3477 2639 τε
3511 2584 3584 2655 μὴ
3608 2580 3781 2651 πρᾶξαι

2235 2685 2515 2756 θελήσαις,
2547 2683 2642 2738 καὶ
2678 2683 2770 2737 τοῦ
2806 2682 2995 2752 ἐτέρου
3031 2681 3497 2753 παραμελῆσαις,
3530 2675 3621 2730 καὶ
3652 2671 3783 2727 καλὶν

2233 2783 2471 2852 ἡγήσαιο
2519 2778 2674 2849 παρά
2706 2778 2787 2832 σοὶ
2816 2777 2980 2831 πλέον
3022 2775 3166 2847 ἔχειν
3208 2775 3346 2840 τοὺς
3402 2770 3665 2842 πονηροὺς
3693 2766 3781 2818 τῶν

2238 2874 2551 2946 βελτίστων.

2958 3142 3074 3201 OZ'.

2303 3240 2455 3307 Μήτε
2484 3239 2737 3311 εἰρωνείᾳ
2762 3242 3000 3293 συνεῖναι
3027 3238 3169 3301 θέλε,
3198 3241 3345 3308 μήτε
3370 3233 3655 3302 ἀλαζονεία
3680 3248 3781 3285 συν-

2234 3331 2375 3384 έστω
2424 3348 2530 3384 σοι.
2576 3331 2795 3399 Ἐπειδὴ
2828 3332 2889 3383 τὸ
2933 3330 3034 3400 μὲν
3078 3331 3307 3400 αἰσχρόν
3336 3349 3350 3362 ο
3391 3328 3623 3383 ὕπουλον
3672 3323 3776 3391 γὰρ,

2240 3422 2622 3493 μικροπρεπὲς
2651 3439 2663 3453 ’
2711 3421 2938 3494 θάτερον
2968 3422 3023 3475 δὲ
3059 3422 3196 3492 βαρύ
3221 3440 3235 3454 ο
3276 3424 3590 3493 ὑπέρογκον
3620 3418 3779 3485 γάρτι

2232 3515 2325 3568 καὶ
2348 3515 2667 3583 πληκτικὸν.
2685 3515 2875 3585 Ἀρκεῖ
2896 3515 2969 3585 μὴ
2995 3517 3108 3577 τοῖς
3132 3515 3340 3585 ἑτέρων
3375 3515 3615 3574 ἐπαίνοις
3648 3525 3777 3562 σεαυ-

2230 3607 2324 3661 τοῦ
2357 3607 2558 3676 μᾶλλον
2585 3607 2886 3671 πιστεύειν,
2910 3608 3132 3660 ἐπειδὰν
3160 3608 3260 3660 οὐκ
3288 3606 3599 3677 ἀληθεύωσι
3619 3618 3631 3632 °
3664 3595 3778 3668 μηδὲ

2231 3699 2408 3751 εἰπεῖν
2453 3699 2710 3768 φορτικὸν
2756 3698 2939 3769 μηδὲν,
2999 3698 3133 3768 μηδὲ
3188 3700 3575 3769 κομπάζοντος
3612 3692 3773 3761 ῥῆμα·

2236 3790 2313 3858 μὴ
2375 3790 2729 3859 ἀκροϐατεῖν,
2778 3791 2914 3861 μηδὲ
2948 3789 3046 3860 τὴν
3095 3790 3270 3861 ὀφρὺν
3323 3790 3525 3860 αἴρειν,
3583 3781 3696 3854 μηδ’
3724 3779 3778 3831 ἂν

2231 3879 2573 3949 ἀληθεύωσιν
2604 3881 2654 3932 οἱ
2708 3879 3057 3952 κρατοῦντες.
3092 3879 3163 3931 Τὸ
3209 3879 3265 3932 δὲ
3320 3879 3463 3949 πρὸς
3491 3876 3613 3935 τοὺς
3659 3869 3775 3938 παρ’

2231 3970 2436 4038 ἐτέρων
2487 3969 2742 4029 ἐπαίνους
2786 3967 2975 4035 ὥσπερ
3021 3967 3392 4037 ἀκκιζόμενον
3442 3959 3771 4036 θρύπτεσθαι.

2234 4063 2329 4115 καὶ
2360 4059 2533 4130 μικρά
2564 4061 2661 4129 μὲν
2694 4059 2879 4127 λέγειν
2912 4061 3039 4128 περὶ
3092 4059 3316 4125 σαυτοῦ,
3358 4058 3572 4127 μεγάλα
3605 4052 3655 4103 δὲ
3682 4048 3771 4101 οίε·

2202 4153 2379 4217 σθαι,
2413 4151 2611 4221 μικροῦ
2660 4151 2770 4203 δεῖν
2827 4150 3085 4217 σκηνικόν
3129 4152 3266 4213 ἐστι,
3304 4152 3400 4205 καὶ
3448 4140 3770 4213 προσωπείου

2232 4245 2509 4313 δεόμενον,
2558 4244 2585 4295 ὃ
2621 4259 2705 4295 σοι
2738 4242 3054 4312 μηδαμόθεν
3096 4243 3363 4311 προσῆκε.
3420 4240 3620 4309 Πρᾶξις
3655 4230 3772 4294 “Hi

2234 4334 2411 4402 κῆρυξ
2466 4332 2738 4402 λαμπρός.
2784 4333 2857 4386 Τδ
2900 4333 3212 4403 μετριάζειν
3264 4332 3483 4404 μεγάλα
3535 4325 3773 4399 πράξαντι

2233 4425 2452 4478 διπλοῦν
2499 4425 2560 4477 τὸ
2612 4424 2878 4495 τρόπαιον
2928 4426 3160 4493 ἵστησιν,
3196 4425 3259 4478 εκ
3303 4443 3365 4479 τε
3423 4425 3534 4477 τῶν
3580 4412 3774 4483 ἀγαθῶν

568 4521 715 4588 plum
752 4527 1012 4586 tropmnm
1064 4515 1291 4576 statuit,
1324 4524 1436 4568 tum
1472 4515 1627 4569 Iactis
1659 4516 1810 4584 ipsis,
1847 4526 1957 4569 tum
1987 4516 2130 4584 quod

2238 4517 2435 4587 ἔργων,
2468 4516 2563 4567 καὶ
2608 4515 2703 4568 τοῦ
2736 4517 2811 4585 μὴ
2851 4515 3062 4577 τούτοις
3108 4517 3459 4585 ἐπαίρεσθαι.
3501 4512 3560 4563 ’0
3597 4507 3648 4559 δδ
3691 4518 3772 4572 με’

566 4612 635 4663 ob
663 4623 724 4662 ea
784 4622 843 4662 se
874 4622 979 4660 non
1015 4606 1220 4660 ell‘et'al.
1262 4606 1331 4658 At
1370 4620 1497 4659 vero
1545 4607 1640 4674 qui
1671 4621 1898 4675 magnas
1930 4621 2018 4659 res
2047 4621 2139 4673 ge-

572 4704 662 4766 rit,
694 4711 961 4768 etmagna
990 4699 1595 4768 loquitur,tantumque
1622 4712 1729 4750 non
1758 4699 1942 4751 volare
1969 4697 2135 4766 gestis

569 4793 832 4862 prmclare
867 4791 1028 4845 rebus
1056 4790 1172 4859 ipse
1203 4788 1308 4843 sibi
1334 4789 1568 4853 videtur,
1591 4788 1753 4842 etiam
1789 4789 1854 4842 iis
1876 4789 2135 4843 molestus

570 4903 632 4942 ac
654 4885 835 4954 gravis
865 4882 1052 4947 fuerit,
1082 4881 1175 4950 qui
1203 4879 1322 4950 ejus
1347 4893 1509 4949 opera
1541 4878 1698 4934 bonis
1730 4878 2009 4932 fruuntur.
2043 4878 2136 4931 Est

566 4979 713 5032 enim
743 4977 969 5029 adversa
1002 4972 1111 5028 Deo
1142 4986 1373 5041 quoque
1410 4970 1687 5039 superbia.
1717 4971 2053 5039 Quapropter
2088 4970 2136 5023 si

570 5069 757 5138 gloria:
791 5068 1027 5135 cupidus
1067 5080 1148 5125 es,
1174 5064 1331 5117 factis
1364 5078 1481 5116 eam
1515 5062 1763 5131 persequi
1812 5062 1997 5123 debes.
2028 5077 2135 5116 non

568 5162 750 5214 verbis
798 5172 1096 5214 arcessere.
1156 5156 1291 5209 Nam
1324 5166 1663 5209 arcessentes
1723 5153 1896 5219 fugit,
1956 5166 2010 5206 et
2069 5154 2136 5206 ad

570 5252 715 5317 illos,
748 5250 840 5320 qui
896 5249 1054 5303 Iactis
1110 5263 1229 5301 eam
1274 5256 1555 5317 prensant,
1585 5261 1747 5317 quam
1784 5244 2140 5300 libentissime

556 5344 799 5401 accedit.

1207 5427 1487 5495 LXXVIII.

793 5525 1020 5581 omnino
1073 5524 1292 5581 diﬂicile
1330 5523 1671 5585 mortalibus,
1707 5523 1775 5578 de
1813 5524 2142 5594 rebusjndi-

569 5636 714 5673 care.
752 5616 885 5669 Nam
919 5614 1118 5683 quibus
1147 5614 1200 5668 in
1250 5613 1406 5667 malis
1445 5624 1746 5674 versamur,
1771 5625 1832 5664 ea
1862 5611 2136 5665 deteriora

572 5722 828 5779 putamus
864 5706 1007 5769 aliis,
1032 5705 1289 5774 quoniam
1325 5703 1549 5763 malum,
1584 5701 1725 5769 quod
1751 5703 1925 5764 adest,
1955 5703 2138 5768 seipso

560 5804 800 5871 quodam
835 5797 996 5851 modo
1020 5797 1241 5865 gravius
1300 5808 1421 5848 esse
1455 5793 1685 5855 videtur,
1721 5792 1943 5859 ipsaque
2003 5805 2141 5859 prae-

2238 4610 2378 4675 γάλα
2409 4608 2509 4677 μὲν
2537 4608 2727 4670 ποιῶν,
2759 4608 2972 4677 μεγάλα
2993 4609 3049 4660 δὲ
3074 4608 3271 4676 λέγων,
3304 4609 3398 4662 καὶ
3426 4596 3692 4675 μονονουχὶ
3708 4592 3771 4641 δο-

2236 4702 2349 4754 κῶν
2376 4704 2487 4762 τοῖς
2515 4699 2906 4770 κατορθώμασι
2948 4700 3227 4761 πέτεσθαι,
3256 4702 3352 4753 καὶ
3378 4700 3489 4757 τοῖς
3525 4690 3588 4745 δι’
3624 4679 3766 4741 αὑτοῦ

2238 4794 2417 4847 καλῶν
2440 4793 2775 4846 ἀπολαύουσι
2799 4792 3039 4862 λυπηρὸς
3059 4794 3124 4846 ἂν
3142 4794 3369 4861 γένοιτο.
3387 4792 3461 4843 Τὸ
3475 4790 3578 4854 γὰρ
3591 4774 3742 4846 ὑπείιή
3756 4802 3767 4810 ·

2239 4904 2405 4957 φανον
2451 4888 2546 4938 καὶ
2591 4885 2711 4955 Θεῷ
2763 4886 3046 4953 πολέμιον.
3079 4884 3245 4955 Δόξης
3284 4885 3376 4939 οὖν
3427 4867 3764 4951 ἐρῶνταοχρὴ

2238 4982 2421 5051 ἔργοις
2439 4997 2495 5033 τε
2517 4981 2718 5048 ταύτην
2741 4978 2982 5043 διώκειν,
3014 4979 3110 5030 καὶ
3135 4978 3209 5047 μὴ
3233 4972 3648 5048 προσκαλεῖσθαι
3674 4962 3765 5017 τοῖς

2238 5074 2440 5140 λόγοις.
2480 5056 2674 5140 Φεύγει
2702 5072 2810 5140 γὰρ
2849 5072 2975 5132 τοὺς
3011 5069 3339 5133 καλοῦντας·
3384 5070 3493 5128 τοῖς
3519 5064 3571 5115 δὲ
3610 5058 3762 5123 ἔργοις

2239 5166 2410 5236 αὐτὴν
2436 5162 2801 5233 δεξιουμένοις
2832 5163 3208 5232 ἀσμενέστατα
3239 5162 3611 5233 προσέρχεται.

2958 5424 3089 5480 οΗ’.

2324 5513 2566 5581 Ἀληθῶς
2598 5514 2703 5568 τῶν
2736 5513 2908 5568 ὄντων
2943 5516 3097 5569 οὐδὲν
3125 5514 3375 5585 εὔκριτον
3401 5502 3681 5577 ἀνθρώποις
3703 5487 3755 5589 ἓν

2242 5603 2349 5671 εἴη·
2407 5597 2501 5665 Οἷς
2553 5604 2662 5673 γὰρ
2696 5602 2956 5673 Χρώμεθα
3005 5606 3217 5667 κακοῖς,
3266 5604 3430 5672 χείρω
3475 5591 3632 5647 ταῦτα
3663 5593 3752 5632 των

2242 5697 2420 5749 ἄλλων
2452 5696 2747 5763 νομίζομεν
2770 5710 2783 5722 ⁸
2835 5697 2917 5748 ὅτι
2946 5696 3009 5748 τὸ
3036 5696 3209 5748 δεινὸν
3244 5695 3419 5764 παρὸν
3457 5678 3632 5743 ἑαυτοῦ
3667 5673 3752 5725 δει-

2244 5787 2458 5855 νότερόν
2496 5804 2611 5848 πως
2653 5787 2820 5851 δοκεῖ,
2853 5787 2999 5855 αὑτῷ
3042 5787 3117 5856 τῷ
3167 5792 3414 5857 παρεῖναι
3448 5781 3548 5835 τῶν
3575 5772 3628 5824 ού
3662 5773 3749 5812 παο

3890 442 3895 495 i
