  <div class='ocr_page' id='page_1' title='image "/cluster/home/n/w/nwhite01/storage/ocr_20150623/156/hvd.32044019208438/256.png"; bbox 0 0 3978 6566; ppageno 0'>
   <div class='ocr_carea' id='block_1_1' title="bbox 129 406 250 460">
    <p class='ocr_par' dir='ltr' id='par_1_1' title="bbox 129 406 250 460">
     <span class='ocr_line' id='line_1_1' title="bbox 129 406 250 460; baseline 0.008 -1"><span class='ocrx_word' id='word_1_1' title='bbox 129 407 172 459; x_wconf 65' lang='lat'><strong>};</strong></span> <span class='ocrx_word' id='word_1_2' title='bbox 180 406 250 460; x_wconf 61' lang='grc' dir='ltr'><strong>(δὲ)</strong></span> 
     </span>
    </p>
   </div>
   <div class='ocr_carea' id='block_1_2' title="bbox 1132 405 2416 474">
    <p class='ocr_par' dir='ltr' id='par_1_2' title="bbox 1132 405 2416 474">
     <span class='ocr_line' id='line_1_2' title="bbox 1132 405 2416 474; baseline 0.003 -5"><span class='ocrx_word' id='word_1_3' title='bbox 1132 410 1541 470; x_wconf 66' lang='grc' dir='ltr'><strong>ΡὶῖᾸΞΕΕΡΤᾹ</strong></span> <span class='ocrx_word' id='word_1_4' title='bbox 1580 405 2016 474; x_wconf 69' lang='grc' dir='ltr'><strong>ΕῸΗΟΛἸῚΟΝ</strong></span> <span class='ocrx_word' id='word_1_5' title='bbox 2033 411 2100 470; x_wconf 89' lang='lat' dir='ltr'><strong>lS</strong></span> <span class='ocrx_word' id='word_1_6' title='bbox 2138 413 2416 472; x_wconf 70' lang='lat' dir='ltr'><strong>REGIE.</strong></span> 
     </span>
    </p>
   </div>
   <div class='ocr_carea' id='block_1_3' title="bbox 3305 410 3443 474">
    <p class='ocr_par' dir='ltr' id='par_1_3' title="bbox 3305 410 3443 474">
     <span class='ocr_line' id='line_1_3' title="bbox 3305 410 3443 474; baseline 0.022 -3"><span class='ocrx_word' id='word_1_7' title='bbox 3305 410 3414 474; x_wconf 78' lang='lat'><strong>370</strong></span> <span class='ocrx_word' id='word_1_8' title='bbox 3427 425 3443 444; x_wconf 63' lang='grc' dir='ltr'><strong>ί</strong></span> 
     </span>
    </p>
   </div>
   <div class='ocr_carea' id='block_1_4' title="bbox 93 502 1735 598">
    <p class='ocr_par' dir='ltr' id='par_1_4' title="bbox 93 502 1735 587">
     <span class='ocr_line' id='line_1_4' title="bbox 93 502 1735 587; baseline 0.009 -25"><span class='ocrx_word' id='word_1_9' title='bbox 93 502 110 506; x_wconf 65' lang='grc'><em>”</em></span> <span class='ocrx_word' id='word_1_10' title='bbox 128 510 364 581; x_wconf 76' lang='grc' dir='ltr'><strong>ρόντων</strong></span> <span class='ocrx_word' id='word_1_11' title='bbox 401 511 766 567; x_wconf 76' lang='grc' dir='ltr'><strong>πλεονεκτοῦν</strong></span> <span class='ocrx_word' id='word_1_12' title='bbox 797 529 811 546; x_wconf 74' lang='grc'><strong>⁸</strong></span> <span class='ocrx_word' id='word_1_13' title='bbox 835 515 928 568; x_wconf 72' lang='grc' dir='ltr'><strong>καὶ</strong></span> <span class='ocrx_word' id='word_1_14' title='bbox 968 516 1222 586; x_wconf 71' lang='grc' dir='ltr'><strong>ἠλλάξατ⁹</strong></span> <span class='ocrx_word' id='word_1_15' title='bbox 1250 523 1316 576; x_wconf 79' lang='grc' dir='ltr'><strong>ἄν</strong></span> <span class='ocrx_word' id='word_1_16' title='bbox 1347 539 1432 587; x_wconf 85' lang='grc' dir='ltr'><strong>τις</strong></span> <span class='ocrx_word' id='word_1_17' title='bbox 1465 523 1735 586; x_wconf 78' lang='grc' dir='ltr'><strong>πιέζοντος</strong></span> 
     </span>
    </p>
   </div>
   <div class='ocr_carea' id='block_1_5' title="bbox 1843 502 3416 598">
    <p class='ocr_par' dir='ltr' id='par_1_5' title="bbox 1851 524 3416 598">
     <span class='ocr_line' id='line_1_5' title="bbox 1851 524 3416 598; baseline 0.003 -18"><span class='ocrx_word' id='word_1_18' title='bbox 1851 527 2024 582; x_wconf 86' lang='lat' dir='ltr'><strong>sentia</strong></span> <span class='ocrx_word' id='word_1_19' title='bbox 2054 543 2151 582; x_wconf 89' lang='lat' dir='ltr'><strong>sua</strong></span> <span class='ocrx_word' id='word_1_20' title='bbox 2173 527 2426 598; x_wconf 85' lang='lat' dir='ltr'><strong>deprimit</strong></span> <span class='ocrx_word' id='word_1_21' title='bbox 2451 524 2699 582; x_wconf 97' lang='lat' dir='ltr'><strong>absentia</strong></span> <span class='ocrx_word' id='word_1_22' title='bbox 2734 525 2912 582; x_wconf 86' lang='lat' dir='ltr'><strong>mala:</strong></span> <span class='ocrx_word' id='word_1_23' title='bbox 2948 526 3105 583; x_wconf 80' lang='lat' dir='ltr'><strong>facile</strong></span> <span class='ocrx_word' id='word_1_24' title='bbox 3131 536 3190 582; x_wconf 92' lang='lat' dir='ltr'><strong>ut</strong></span> <span class='ocrx_word' id='word_1_25' title='bbox 3217 528 3416 598; x_wconf 83' lang='lat' dir='ltr'><strong>aliquis</strong></span> 
     </span>
    </p>
   </div>
   <div class='ocr_carea' id='block_1_6' title="bbox 126 603 1734 679">
    <p class='ocr_par' dir='ltr' id='par_1_6' title="bbox 126 603 1734 679">
     <span class='ocr_line' id='line_1_6' title="bbox 126 603 1734 679; baseline 0.009 -23"><span class='ocrx_word' id='word_1_26' title='bbox 126 603 366 672; x_wconf 75' lang='grc' dir='ltr'><strong>κούφου</strong></span> <span class='ocrx_word' id='word_1_27' title='bbox 412 606 846 677; x_wconf 67' lang='grc' dir='ltr'><strong>ἐμϐριθέστερον</strong></span> <span class='ocrx_word' id='word_1_28' title='bbox 878 610 1092 678; x_wconf 69' lang='grc' dir='ltr'><strong>μέλλον.</strong></span> <span class='ocrx_word' id='word_1_29' title='bbox 1125 615 1217 666; x_wconf 82' lang='grc' dir='ltr'><strong>Διὸ</strong></span> <span class='ocrx_word' id='word_1_30' title='bbox 1264 617 1360 668; x_wconf 76' lang='grc' dir='ltr'><strong>καὶ</strong></span> <span class='ocrx_word' id='word_1_31' title='bbox 1392 619 1505 679; x_wconf 84' lang='grc' dir='ltr'><strong>τοῖς</strong></span> <span class='ocrx_word' id='word_1_32' title='bbox 1535 617 1734 671; x_wconf 83' lang='grc' dir='ltr'><strong>ἀποῦσι</strong></span> 
     </span>
    </p>
   </div>
   <div class='ocr_carea' id='block_1_7' title="bbox 123 690 1736 771">
    <p class='ocr_par' dir='ltr' id='par_1_7' title="bbox 123 690 1736 771">
     <span class='ocr_line' id='line_1_7' title="bbox 123 690 1736 771; baseline 0.009 -25"><span class='ocrx_word' id='word_1_33' title='bbox 123 697 603 768; x_wconf 75' lang='grc' dir='ltr'><strong>προστρέχομεν,</strong></span> <span class='ocrx_word' id='word_1_34' title='bbox 629 699 731 753; x_wconf 80' lang='grc' dir='ltr'><strong>κᾶν</strong></span> <span class='ocrx_word' id='word_1_35' title='bbox 763 693 866 753; x_wconf 79' lang='grc' dir='ltr'><strong>ὦσι</strong></span> <span class='ocrx_word' id='word_1_36' title='bbox 902 702 1073 771; x_wconf 77' lang='grc' dir='ltr'><strong>μείζω</strong></span> <span class='ocrx_word' id='word_1_37' title='bbox 1106 705 1215 758; x_wconf 89' lang='grc' dir='ltr'><strong>τῶν</strong></span> <span class='ocrx_word' id='word_1_38' title='bbox 1242 705 1431 760; x_wconf 74' lang='grc' dir='ltr'><strong>όντων.</strong></span> <span class='ocrx_word' id='word_1_39' title='bbox 1461 709 1521 759; x_wconf 80' lang='lat' dir='ltr'><strong>Ei</strong></span> <span class='ocrx_word' id='word_1_40' title='bbox 1560 708 1605 762; x_wconf 76' lang='grc' dir='ltr'><strong>δ’</strong></span> <span class='ocrx_word' id='word_1_41' title='bbox 1636 690 1736 760; x_wconf 68' lang='grc' dir='ltr'><strong>ἆο-</strong></span> 
     </span>
    </p>
   </div>
   <div class='ocr_carea' id='block_1_8' title="bbox 83 789 1736 869">
    <p class='ocr_par' dir='ltr' id='par_1_8' title="bbox 83 789 1736 869">
     <span class='ocr_line' id='line_1_8' title="bbox 83 789 1736 869; baseline 0.01 -31"><span class='ocrx_word' id='word_1_42' title='bbox 83 790 247 850; x_wconf 73' lang='grc' dir='ltr'><strong>ιςοῖς</strong></span> <span class='ocrx_word' id='word_1_43' title='bbox 315 789 674 860; x_wconf 73' lang='grc' dir='ltr'><strong>ἐντύχοιμεν,</strong></span> <span class='ocrx_word' id='word_1_44' title='bbox 727 793 1066 864; x_wconf 65' lang='grc' dir='ltr'><strong>ἐπαινοῦμεν</strong></span> <span class='ocrx_word' id='word_1_45' title='bbox 1109 794 1268 861; x_wconf 76' lang='grc' dir='ltr'><strong>αὖθις</strong></span> <span class='ocrx_word' id='word_1_46' title='bbox 1319 803 1388 852; x_wconf 81' lang='grc' dir='ltr'><strong>τὰ</strong></span> <span class='ocrx_word' id='word_1_47' title='bbox 1433 800 1736 869; x_wconf 74' lang='grc' dir='ltr'><strong>φθάσαντα.</strong></span> 
     </span>
    </p>
   </div>
   <div class='ocr_carea' id='block_1_9' title="bbox 56 877 1737 958">
    <p class='ocr_par' dir='ltr' id='par_1_9' title="bbox 56 877 1737 958">
     <span class='ocr_line' id='line_1_9' title="bbox 56 877 1737 958; baseline 0.011 -31"><span class='ocrx_word' id='word_1_48' title='bbox 56 877 250 937; x_wconf 66' lang='grc' dir='ltr'><strong>ξ-(ειὶ</strong></span> <span class='ocrx_word' id='word_1_49' title='bbox 283 881 569 944; x_wconf 80' lang='grc' dir='ltr'><strong>πολλάκις</strong></span> <span class='ocrx_word' id='word_1_50' title='bbox 618 899 681 950; x_wconf 85' lang='grc' dir='ltr'><strong>γε</strong></span> <span class='ocrx_word' id='word_1_51' title='bbox 721 885 885 954; x_wconf 81' lang='grc' dir='ltr'><strong>τυχὸν</strong></span> <span class='ocrx_word' id='word_1_52' title='bbox 909 887 1069 940; x_wconf 87' lang='grc' dir='ltr'><strong>τοῦτο</strong></span> <span class='ocrx_word' id='word_1_53' title='bbox 1111 887 1364 958; x_wconf 84' lang='grc' dir='ltr'><strong>δράσειεν</strong></span> <span class='ocrx_word' id='word_1_54' title='bbox 1394 891 1458 944; x_wconf 76' lang='grc' dir='ltr'><strong>ἄν</strong></span> <span class='ocrx_word' id='word_1_55' title='bbox 1489 909 1593 954; x_wconf 89' lang='grc' dir='ltr'><strong>τις.</strong></span> <span class='ocrx_word' id='word_1_56' title='bbox 1627 894 1737 946; x_wconf 79' lang='grc' dir='ltr'><strong>Καὶ</strong></span> 
     </span>
    </p>
   </div>
   <div class='ocr_carea' id='block_1_10' title="bbox 86 968 1738 1054">
    <p class='ocr_par' dir='ltr' id='par_1_10' title="bbox 86 968 1738 1054">
     <span class='ocr_line' id='line_1_10' title="bbox 86 968 1738 1054; baseline 0.007 -29"><span class='ocrx_word' id='word_1_57' title='bbox 86 968 443 1038; x_wconf 64' lang='grc' dir='ltr'><strong>δηλοῦσιν,</strong></span> <span class='ocrx_word' id='word_1_58' title='bbox 495 973 546 1025; x_wconf 82' lang='grc' dir='ltr'><strong>οῖ</strong></span> <span class='ocrx_word' id='word_1_59' title='bbox 594 974 890 1043; x_wconf 84' lang='grc' dir='ltr'><strong>φεύγοντες</strong></span> <span class='ocrx_word' id='word_1_60' title='bbox 936 978 1029 1033; x_wconf 70' lang='grc' dir='ltr'><strong>τὸν</strong></span> <span class='ocrx_word' id='word_1_61' title='bbox 1075 981 1318 1051; x_wconf 87' lang='grc' dir='ltr'><strong>σίδηρον,</strong></span> <span class='ocrx_word' id='word_1_62' title='bbox 1370 983 1738 1054; x_wconf 73' lang='grc' dir='ltr'><strong>ὑποϐρυχίους</strong></span> 
     </span>
    </p>
   </div>
   <div class='ocr_carea' id='block_1_11' title="bbox 131 1063 1741 1146">
    <p class='ocr_par' dir='ltr' id='par_1_11' title="bbox 131 1063 1741 1146">
     <span class='ocr_line' id='line_1_11' title="bbox 131 1063 1741 1146; baseline 0.014 -34"><span class='ocrx_word' id='word_1_63' title='bbox 131 1063 394 1126; x_wconf 73' lang='grc' dir='ltr'><strong>’ἑαυτοὺς</strong></span> <span class='ocrx_word' id='word_1_64' title='bbox 453 1067 736 1121; x_wconf 84' lang='grc' dir='ltr'><strong>ποιοῦσιν·</strong></span> <span class='ocrx_word' id='word_1_65' title='bbox 780 1067 902 1126; x_wconf 80' lang='grc' dir='ltr'><strong>εἶτα</strong></span> <span class='ocrx_word' id='word_1_66' title='bbox 953 1075 1200 1145; x_wconf 87' lang='grc' dir='ltr'><strong>ναυαγίῳ</strong></span> <span class='ocrx_word' id='word_1_67' title='bbox 1250 1077 1609 1146; x_wconf 82' lang='grc' dir='ltr'><strong>χρησάμενοι,</strong></span> <span class='ocrx_word' id='word_1_68' title='bbox 1645 1084 1741 1134; x_wconf 70' lang='grc' dir='ltr'><strong>καὶ</strong></span> 
     </span>
    </p>
   </div>
   <div class='ocr_carea' id='block_1_12' title="bbox 138 1153 1738 1240">
    <p class='ocr_par' dir='ltr' id='par_1_12' title="bbox 138 1153 1738 1240">
     <span class='ocr_line' id='line_1_12' title="bbox 138 1153 1738 1240; baseline 0.014 -37"><span class='ocrx_word' id='word_1_69' title='bbox 138 1153 580 1221; x_wconf 81' lang='grc' dir='ltr'><strong>κινδυνεύοντες</strong></span> <span class='ocrx_word' id='word_1_70' title='bbox 609 1161 930 1228; x_wconf 87' lang='grc' dir='ltr'><strong>καταδῦναι,</strong></span> <span class='ocrx_word' id='word_1_71' title='bbox 974 1163 1233 1234; x_wconf 90' lang='grc' dir='ltr'><strong>διστόμου</strong></span> <span class='ocrx_word' id='word_1_72' title='bbox 1274 1168 1548 1239; x_wconf 73' lang='grc' dir='ltr'><strong>μαχαίρας</strong></span> <span class='ocrx_word' id='word_1_73' title='bbox 1576 1171 1738 1240; x_wconf 83' lang='grc' dir='ltr'><strong>δράτ-</strong></span> 
     </span>
    </p>
   </div>
   <div class='ocr_carea' id='block_1_13' title="bbox 135 1249 1739 1332">
    <p class='ocr_par' dir='ltr' id='par_1_13' title="bbox 135 1249 1739 1332">
     <span class='ocr_line' id='line_1_13' title="bbox 135 1249 1739 1332; baseline 0.011 -35"><span class='ocrx_word' id='word_1_74' title='bbox 135 1262 375 1302; x_wconf 80' lang='grc' dir='ltr'><strong>τονται.</strong></span> <span class='ocrx_word' id='word_1_75' title='bbox 405 1249 520 1303; x_wconf 80' lang='grc' dir='ltr'><strong>Καί</strong></span> <span class='ocrx_word' id='word_1_76' title='bbox 551 1251 654 1305; x_wconf 86' lang='grc' dir='ltr'><strong>πού</strong></span> <span class='ocrx_word' id='word_1_77' title='bbox 692 1270 774 1316; x_wconf 85' lang='grc' dir='ltr'><strong>τις</strong></span> <span class='ocrx_word' id='word_1_78' title='bbox 815 1254 1023 1309; x_wconf 68' lang='grc' dir='ltr'><strong>καπνὸν</strong></span> <span class='ocrx_word' id='word_1_79' title='bbox 1050 1256 1270 1326; x_wconf 79' lang='grc' dir='ltr'><strong>φεύγων</strong></span> <span class='ocrx_word' id='word_1_80' title='bbox 1296 1261 1739 1332; x_wconf 71' lang='grc' dir='ltr'><strong>ἀπερισκέπτως,</strong></span> 
     </span>
    </p>
   </div>
   <div class='ocr_carea' id='block_1_14' title="bbox 134 1338 1740 1420">
    <p class='ocr_par' dir='ltr' id='par_1_14' title="bbox 134 1338 1740 1420">
     <span class='ocr_line' id='line_1_14' title="bbox 134 1338 1740 1420; baseline 0.012 -30"><span class='ocrx_word' id='word_1_81' title='bbox 134 1339 235 1401; x_wconf 73' lang='grc' dir='ltr'><strong>εἰς</strong></span> <span class='ocrx_word' id='word_1_82' title='bbox 277 1338 399 1409; x_wconf 82' lang='grc' dir='ltr'><strong>πῦρ</strong></span> <span class='ocrx_word' id='word_1_83' title='bbox 448 1341 673 1396; x_wconf 67' lang='grc' dir='ltr'><strong>ἐνέπεσε</strong></span> <span class='ocrx_word' id='word_1_84' title='bbox 697 1361 714 1378; x_wconf 78' lang='grc' dir='ltr'>ο</span> <span class='ocrx_word' id='word_1_85' title='bbox 751 1347 844 1400; x_wconf 76' lang='grc' dir='ltr'><strong>καὶ</strong></span> <span class='ocrx_word' id='word_1_86' title='bbox 878 1343 947 1402; x_wconf 79' lang='grc' dir='ltr'><strong>αὖ</strong></span> <span class='ocrx_word' id='word_1_87' title='bbox 993 1351 1128 1419; x_wconf 66' lang='grc' dir='ltr'><strong>πυρὶ</strong></span> <span class='ocrx_word' id='word_1_88' title='bbox 1164 1352 1518 1420; x_wconf 81' lang='grc' dir='ltr'><strong>φλεγόμενος,</strong></span> <span class='ocrx_word' id='word_1_89' title='bbox 1546 1355 1620 1417; x_wconf 80' lang='grc' dir='ltr'><strong>ὡς</strong></span> <span class='ocrx_word' id='word_1_90' title='bbox 1649 1357 1740 1409; x_wconf 65' lang='grc' dir='ltr'><strong>ἐπὶ</strong></span> 
     </span>
    </p>
   </div>
   <div class='ocr_carea' id='block_1_15' title="bbox 137 1433 1740 1516">
    <p class='ocr_par' dir='ltr' id='par_1_15' title="bbox 137 1433 1740 1516">
     <span class='ocr_line' id='line_1_15' title="bbox 137 1433 1740 1516; baseline 0.012 -34"><span class='ocrx_word' id='word_1_91' title='bbox 137 1433 524 1501; x_wconf 78' lang='grc' dir='ltr'><strong>παραμύθιον</strong></span> <span class='ocrx_word' id='word_1_92' title='bbox 551 1436 645 1490; x_wconf 78' lang='grc' dir='ltr'><strong>τὸν</strong></span> <span class='ocrx_word' id='word_1_93' title='bbox 698 1441 944 1510; x_wconf 77' lang='grc' dir='ltr'><strong>κρημνὸν</strong></span> <span class='ocrx_word' id='word_1_94' title='bbox 993 1443 1252 1514; x_wconf 73' lang='grc' dir='ltr'><strong>ἔδραμεν.</strong></span> <span class='ocrx_word' id='word_1_95' title='bbox 1291 1446 1356 1499; x_wconf 85' lang='grc' dir='ltr'><strong>Οῖ</strong></span> <span class='ocrx_word' id='word_1_96' title='bbox 1400 1446 1507 1516; x_wconf 81' lang='grc' dir='ltr'><strong>γὰρ</strong></span> <span class='ocrx_word' id='word_1_97' title='bbox 1556 1449 1740 1502; x_wconf 69' lang='grc' dir='ltr'><strong>πολλοὶ</strong></span> 
     </span>
    </p>
   </div>
   <div class='ocr_carea' id='block_1_16' title="bbox 135 1521 1742 1608">
    <p class='ocr_par' dir='ltr' id='par_1_16' title="bbox 135 1521 1742 1608">
     <span class='ocr_line' id='line_1_16' title="bbox 135 1521 1742 1608; baseline 0.014 -37"><span class='ocrx_word' id='word_1_98' title='bbox 135 1521 272 1573; x_wconf 80' lang='grc' dir='ltr'><strong>τῶν</strong></span> <span class='ocrx_word' id='word_1_99' title='bbox 325 1522 672 1595; x_wconf 85' lang='grc' dir='ltr'><strong>ἀνθρώπων.</strong></span> <span class='ocrx_word' id='word_1_100' title='bbox 734 1530 895 1601; x_wconf 85' lang='grc' dir='ltr'><strong>δεινῷ</strong></span> <span class='ocrx_word' id='word_1_101' title='bbox 964 1532 1061 1586; x_wconf 88' lang='grc' dir='ltr'><strong>τοῦ</strong></span> <span class='ocrx_word' id='word_1_102' title='bbox 1131 1535 1400 1606; x_wconf 89' lang='grc' dir='ltr'><strong>λογισμοῦ</strong></span> <span class='ocrx_word' id='word_1_103' title='bbox 1453 1540 1742 1608; x_wconf 76' lang='grc' dir='ltr'><strong>συσχεθέν-</strong></span> 
     </span>
    </p>
   </div>
   <div class='ocr_carea' id='block_1_17' title="bbox 139 1616 1743 1700">
    <p class='ocr_par' dir='ltr' id='par_1_17' title="bbox 139 1616 1743 1700">
     <span class='ocr_line' id='line_1_17' title="bbox 139 1616 1743 1700; baseline 0.012 -33"><span class='ocrx_word' id='word_1_104' title='bbox 139 1633 278 1682; x_wconf 78' lang='grc' dir='ltr'><strong>τος,</strong></span> <span class='ocrx_word' id='word_1_105' title='bbox 309 1616 394 1670; x_wconf 80' lang='grc' dir='ltr'><strong>ὅτι</strong></span> <span class='ocrx_word' id='word_1_106' title='bbox 433 1619 535 1688; x_wconf 77' lang='grc' dir='ltr'><strong>μὲν</strong></span> <span class='ocrx_word' id='word_1_107' title='bbox 565 1620 862 1693; x_wconf 83' lang='grc' dir='ltr'><strong>φεύγομεν,</strong></span> <span class='ocrx_word' id='word_1_108' title='bbox 907 1626 1068 1697; x_wconf 73' lang='grc' dir='ltr'><strong>ἴσμεν</strong></span> <span class='ocrx_word' id='word_1_109' title='bbox 1095 1643 1109 1658; x_wconf 85' lang='grc'>⁶</span> <span class='ocrx_word' id='word_1_110' title='bbox 1140 1629 1263 1682; x_wconf 77' lang='grc' dir='ltr'><strong>ὅποι</strong></span> <span class='ocrx_word' id='word_1_111' title='bbox 1302 1628 1358 1683; x_wconf 82' lang='grc' dir='ltr'><strong>δὲ</strong></span> <span class='ocrx_word' id='word_1_112' title='bbox 1404 1633 1743 1700; x_wconf 76' lang='grc' dir='ltr'><strong>καταφευξό-</strong></span> 
     </span>
    </p>
   </div>
   <div class='ocr_carea' id='block_1_18' title="bbox 150 1703 1742 1789">
    <p class='ocr_par' dir='ltr' id='par_1_18' title="bbox 150 1703 1742 1789">
     <span class='ocr_line' id='line_1_18' title="bbox 150 1703 1742 1789; baseline 0.013 -33"><span class='ocrx_word' id='word_1_113' title='bbox 150 1703 327 1771; x_wconf 80' lang='grc' dir='ltr'><strong>μεθα,</strong></span> <span class='ocrx_word' id='word_1_114' title='bbox 355 1707 519 1761; x_wconf 86' lang='grc' dir='ltr'><strong>τοῦτο</strong></span> <span class='ocrx_word' id='word_1_115' title='bbox 548 1709 614 1781; x_wconf 83' lang='grc' dir='ltr'><strong>δὴ</strong></span> <span class='ocrx_word' id='word_1_116' title='bbox 649 1710 724 1776; x_wconf 84' lang='grc' dir='ltr'><strong>ὡς</strong></span> <span class='ocrx_word' id='word_1_117' title='bbox 756 1713 935 1768; x_wconf 74' lang='grc' dir='ltr'><strong>ἔοικεν</strong></span> <span class='ocrx_word' id='word_1_118' title='bbox 981 1717 1307 1789; x_wconf 87' lang='grc' dir='ltr'><strong>ἀγνοοῦμεν.</strong></span> <span class='ocrx_word' id='word_1_119' title='bbox 1346 1721 1457 1775; x_wconf 70' lang='grc' dir='ltr'><strong>Καὶ</strong></span> <span class='ocrx_word' id='word_1_120' title='bbox 1508 1723 1601 1774; x_wconf 76' lang='grc' dir='ltr'><strong>ἐπὶ</strong></span> <span class='ocrx_word' id='word_1_121' title='bbox 1635 1725 1742 1776; x_wconf 87' lang='grc' dir='ltr'><strong>τῶν</strong></span> 
     </span>
    </p>
   </div>
   <div class='ocr_carea' id='block_1_19' title="bbox 147 1796 1742 1880">
    <p class='ocr_par' dir='ltr' id='par_1_19' title="bbox 147 1796 1742 1880">
     <span class='ocr_line' id='line_1_19' title="bbox 147 1796 1742 1880; baseline 0.013 -34"><span class='ocrx_word' id='word_1_122' title='bbox 147 1796 576 1863; x_wconf 77' lang='grc' dir='ltr'><strong>εὐφραινόντων</strong></span> <span class='ocrx_word' id='word_1_123' title='bbox 627 1799 683 1853; x_wconf 78' lang='grc' dir='ltr'><strong>δὲ</strong></span> <span class='ocrx_word' id='word_1_124' title='bbox 717 1802 784 1855; x_wconf 84' lang='grc' dir='ltr'><strong>τὰ</strong></span> <span class='ocrx_word' id='word_1_125' title='bbox 822 1803 914 1858; x_wconf 79' lang='grc' dir='ltr'><strong>ίσα</strong></span> <span class='ocrx_word' id='word_1_126' title='bbox 958 1805 1524 1880; x_wconf 36' lang='grc' dir='ltr'><strong>τούτοιςλπάσχομεν.</strong></span> <span class='ocrx_word' id='word_1_127' title='bbox 1575 1814 1742 1868; x_wconf 73' lang='grc' dir='ltr'><strong>Οὐδὲν</strong></span> 
     </span>
    </p>
   </div>
   <div class='ocr_carea' id='block_1_20' title="bbox 1840 619 3420 690">
    <p class='ocr_par' dir='ltr' id='par_1_20' title="bbox 1840 619 3420 690">
     <span class='ocr_line' id='line_1_20' title="bbox 1840 619 3420 690; baseline 0.001 -16"><span class='ocrx_word' id='word_1_128' title='bbox 1840 620 1960 674; x_wconf 83' lang='lat' dir='ltr'><strong>leve</strong></span> <span class='ocrx_word' id='word_1_129' title='bbox 2011 619 2236 682; x_wconf 90' lang='lat' dir='ltr'><strong>malum,</strong></span> <span class='ocrx_word' id='word_1_130' title='bbox 2292 619 2439 688; x_wconf 90' lang='lat' dir='ltr'><strong>quod</strong></span> <span class='ocrx_word' id='word_1_131' title='bbox 2477 619 2698 690; x_wconf 90' lang='lat' dir='ltr'><strong>premit,</strong></span> <span class='ocrx_word' id='word_1_132' title='bbox 2742 635 2868 674; x_wconf 87' lang='lat' dir='ltr'><strong>cum</strong></span> <span class='ocrx_word' id='word_1_133' title='bbox 2934 619 3117 676; x_wconf 88' lang='lat' dir='ltr'><strong>futuro</strong></span> <span class='ocrx_word' id='word_1_134' title='bbox 3167 620 3420 690; x_wconf 75' lang='lat' dir='ltr'><strong>graviore</strong></span> 
     </span>
    </p>
   </div>
   <div class='ocr_carea' id='block_1_21' title="bbox 1841 708 3417 780">
    <p class='ocr_par' dir='ltr' id='par_1_21' title="bbox 1841 708 3417 780">
     <span class='ocr_line' id='line_1_21' title="bbox 1841 708 3417 780; baseline 0.001 -17"><span class='ocrx_word' id='word_1_135' title='bbox 1841 711 2282 764; x_wconf 85' lang='lat' dir='ltr'><strong>commutaverit.</strong></span> <span class='ocrx_word' id='word_1_136' title='bbox 2345 708 2418 764; x_wconf 89' lang='lat' dir='ltr'><strong>Ea</strong></span> <span class='ocrx_word' id='word_1_137' title='bbox 2457 720 2681 780; x_wconf 79' lang='lat' dir='ltr'><strong>propter</strong></span> <span class='ocrx_word' id='word_1_138' title='bbox 2743 719 2794 766; x_wconf 91' lang='lat' dir='ltr'><strong>et</strong></span> <span class='ocrx_word' id='word_1_139' title='bbox 2835 725 2999 765; x_wconf 84' lang='lat' dir='ltr'><strong>cursu</strong></span> <span class='ocrx_word' id='word_1_140' title='bbox 3046 710 3113 766; x_wconf 83' lang='lat' dir='ltr'><strong>ad</strong></span> <span class='ocrx_word' id='word_1_141' title='bbox 3147 710 3237 766; x_wconf 88' lang='lat' dir='ltr'><strong>illa</strong></span> <span class='ocrx_word' id='word_1_142' title='bbox 3261 711 3417 779; x_wconf 87' lang='lat' dir='ltr'><strong>quasi</strong></span> 
     </span>
    </p>
   </div>
   <div class='ocr_carea' id='block_1_22' title="bbox 1841 801 3419 872">
    <p class='ocr_par' dir='ltr' id='par_1_22' title="bbox 1841 801 3419 872">
     <span class='ocr_line' id='line_1_22' title="bbox 1841 801 3419 872; baseline 0.003 -18"><span class='ocrx_word' id='word_1_143' title='bbox 1841 817 2198 872; x_wconf 88' lang='lat' dir='ltr'><strong>properamus</strong></span> <span class='ocrx_word' id='word_1_144' title='bbox 2216 801 2379 867; x_wconf 86' lang='lat' dir='ltr'><strong>mala,</strong></span> <span class='ocrx_word' id='word_1_145' title='bbox 2409 817 2529 871; x_wconf 65' lang='lat' dir='ltr'><strong>quae</strong></span> <span class='ocrx_word' id='word_1_146' title='bbox 2551 802 2768 867; x_wconf 87' lang='lat' dir='ltr'><strong>absunt,</strong></span> <span class='ocrx_word' id='word_1_147' title='bbox 2807 802 3025 857; x_wconf 76' lang='lat' dir='ltr'><strong>tametsi</strong></span> <span class='ocrx_word' id='word_1_148' title='bbox 3057 804 3419 872; x_wconf 58' lang='lat' dir='ltr'><strong>praesentibus</strong></span> 
     </span>
    </p>
   </div>
   <div class='ocr_carea' id='block_1_23' title="bbox 1843 893 3421 963">
    <p class='ocr_par' dir='ltr' id='par_1_23' title="bbox 1843 893 3421 963">
     <span class='ocr_line' id='line_1_23' title="bbox 1843 893 3421 963; baseline 0.003 -18"><span class='ocrx_word' id='word_1_149' title='bbox 1843 893 2049 960; x_wconf 83' lang='lat' dir='ltr'><strong>majora</strong></span> <span class='ocrx_word' id='word_1_150' title='bbox 2075 893 2206 948; x_wconf 88' lang='lat' dir='ltr'><strong>sint.</strong></span> <span class='ocrx_word' id='word_1_151' title='bbox 2245 893 2322 948; x_wconf 78' lang='lat' dir='ltr'><strong>Ad</strong></span> <span class='ocrx_word' id='word_1_152' title='bbox 2345 895 2532 948; x_wconf 89' lang='lat' dir='ltr'><strong>eadem</strong></span> <span class='ocrx_word' id='word_1_153' title='bbox 2567 909 2696 949; x_wconf 87' lang='lat' dir='ltr'><strong>vero</strong></span> <span class='ocrx_word' id='word_1_154' title='bbox 2722 893 2910 960; x_wconf 83' lang='lat' dir='ltr'><strong>delati,</strong></span> <span class='ocrx_word' id='word_1_155' title='bbox 2945 909 3164 948; x_wconf 81' lang='lat' dir='ltr'><strong>rursum</strong></span> <span class='ocrx_word' id='word_1_156' title='bbox 3197 904 3421 963; x_wconf 61' lang='lat' dir='ltr'><strong>praeter-</strong></span> 
     </span>
    </p>
   </div>
   <div class='ocr_carea' id='block_1_24' title="bbox 1843 983 3422 1055">
    <p class='ocr_par' dir='ltr' id='par_1_24' title="bbox 1843 983 3422 1055">
     <span class='ocr_line' id='line_1_24' title="bbox 1843 983 3422 1055; baseline 0.001 -19"><span class='ocrx_word' id='word_1_157' title='bbox 1843 983 1914 1036; x_wconf 86' lang='lat' dir='ltr'><strong>ita</strong></span> <span class='ocrx_word' id='word_1_158' title='bbox 1942 983 2248 1039; x_wconf 87' lang='lat' dir='ltr'><strong>laudamus.</strong></span> <span class='ocrx_word' id='word_1_159' title='bbox 2301 983 2455 1051; x_wconf 85' lang='lat' dir='ltr'><strong>Quod</strong></span> <span class='ocrx_word' id='word_1_160' title='bbox 2485 984 2704 1055; x_wconf 86' lang='lat' dir='ltr'><strong>quidem</strong></span> <span class='ocrx_word' id='word_1_161' title='bbox 2732 985 3047 1050; x_wconf 88' lang='lat' dir='ltr'><strong>usuvenire,</strong></span> <span class='ocrx_word' id='word_1_162' title='bbox 3078 986 3163 1040; x_wconf 97' lang='lat' dir='ltr'><strong>vel</strong></span> <span class='ocrx_word' id='word_1_163' title='bbox 3194 985 3271 1039; x_wconf 90' lang='lat' dir='ltr'><strong>illi</strong></span> <span class='ocrx_word' id='word_1_164' title='bbox 3293 993 3422 1039; x_wconf 86' lang='lat' dir='ltr'><strong>sunt</strong></span> 
     </span>
    </p>
   </div>
   <div class='ocr_carea' id='block_1_25' title="bbox 1843 1073 3418 1144">
    <p class='ocr_par' dir='ltr' id='par_1_25' title="bbox 1843 1073 3418 1144">
     <span class='ocr_line' id='line_1_25' title="bbox 1843 1073 3418 1144; baseline 0.001 -17"><span class='ocrx_word' id='word_1_165' title='bbox 1843 1073 2068 1138; x_wconf 89' lang='lat' dir='ltr'><strong>indicio,</strong></span> <span class='ocrx_word' id='word_1_166' title='bbox 2090 1074 2182 1143; x_wconf 85' lang='lat' dir='ltr'><strong>qui</strong></span> <span class='ocrx_word' id='word_1_167' title='bbox 2217 1074 2424 1130; x_wconf 84' lang='lat' dir='ltr'><strong>ferrum</strong></span> <span class='ocrx_word' id='word_1_168' title='bbox 2453 1075 2744 1144; x_wconf 84' lang='lat' dir='ltr'><strong>fugientes,</strong></span> <span class='ocrx_word' id='word_1_169' title='bbox 2784 1075 2838 1130; x_wconf 90' lang='lat' dir='ltr'><strong>in</strong></span> <span class='ocrx_word' id='word_1_170' title='bbox 2867 1074 3043 1130; x_wconf 85' lang='lat' dir='ltr'><strong>undas</strong></span> <span class='ocrx_word' id='word_1_171' title='bbox 3077 1089 3199 1130; x_wconf 90' lang='lat' dir='ltr'><strong>sese</strong></span> <span class='ocrx_word' id='word_1_172' title='bbox 3223 1074 3418 1144; x_wconf 49' lang='lat' dir='ltr'><strong>praeci-</strong></span> 
     </span>
    </p>
   </div>
   <div class='ocr_carea' id='block_1_26' title="bbox 1844 1164 3418 1238">
    <p class='ocr_par' dir='ltr' id='par_1_26' title="bbox 1844 1164 3418 1238">
     <span class='ocr_line' id='line_1_26' title="bbox 1844 1164 3418 1238; baseline 0 -21"><span class='ocrx_word' id='word_1_173' title='bbox 1844 1166 2038 1235; x_wconf 89' lang='lat' dir='ltr'><strong>pitant,</strong></span> <span class='ocrx_word' id='word_1_174' title='bbox 2067 1166 2261 1221; x_wconf 91' lang='lat' dir='ltr'><strong>deinde</strong></span> <span class='ocrx_word' id='word_1_175' title='bbox 2285 1166 2630 1238; x_wconf 77' lang='lat' dir='ltr'><strong>naufragium</strong></span> <span class='ocrx_word' id='word_1_176' title='bbox 2656 1167 2823 1238; x_wconf 84' lang='lat' dir='ltr'><strong>passi,</strong></span> <span class='ocrx_word' id='word_1_177' title='bbox 2851 1175 2905 1221; x_wconf 92' lang='lat' dir='ltr'><strong>et</strong></span> <span class='ocrx_word' id='word_1_178' title='bbox 2927 1164 3330 1222; x_wconf 88' lang='lat' dir='ltr'><strong>submersionis</strong></span> <span class='ocrx_word' id='word_1_179' title='bbox 3364 1165 3418 1218; x_wconf 93' lang='lat' dir='ltr'><strong>in</strong></span> 
     </span>
    </p>
   </div>
   <div class='ocr_carea' id='block_1_27' title="bbox 1844 1257 3418 1331">
    <p class='ocr_par' dir='ltr' id='par_1_27' title="bbox 1844 1257 3418 1331">
     <span class='ocr_line' id='line_1_27' title="bbox 1844 1257 3418 1331; baseline 0.002 -22"><span class='ocrx_word' id='word_1_180' title='bbox 1844 1257 2086 1325; x_wconf 89' lang='lat' dir='ltr'><strong>periculo</strong></span> <span class='ocrx_word' id='word_1_181' title='bbox 2110 1260 2414 1325; x_wconf 85' lang='lat' dir='ltr'><strong>constituti,</strong></span> <span class='ocrx_word' id='word_1_182' title='bbox 2453 1259 2690 1331; x_wconf 79' lang='lat' dir='ltr'><strong>gladium</strong></span> <span class='ocrx_word' id='word_1_183' title='bbox 2720 1260 3011 1329; x_wconf 76' lang='lat' dir='ltr'><strong>ancipitem</strong></span> <span class='ocrx_word' id='word_1_184' title='bbox 3052 1258 3418 1328; x_wconf 84' lang='lat' dir='ltr'><strong>prehendunt.</strong></span> 
     </span>
    </p>
   </div>
   <div class='ocr_carea' id='block_1_28' title="bbox 1843 1347 3418 1420">
    <p class='ocr_par' dir='ltr' id='par_1_28' title="bbox 1843 1347 3418 1420">
     <span class='ocr_line' id='line_1_28' title="bbox 1843 1347 3418 1420; baseline -0.003 -13"><span class='ocrx_word' id='word_1_185' title='bbox 1843 1353 2000 1407; x_wconf 86' lang='lat' dir='ltr'><strong>Alius</strong></span> <span class='ocrx_word' id='word_1_186' title='bbox 2023 1353 2423 1406; x_wconf 86' lang='lat' dir='ltr'><strong>inconsiderate</strong></span> <span class='ocrx_word' id='word_1_187' title='bbox 2455 1351 2668 1407; x_wconf 90' lang='lat' dir='ltr'><strong>fumum</strong></span> <span class='ocrx_word' id='word_1_188' title='bbox 2707 1351 2945 1419; x_wconf 81' lang='lat' dir='ltr'><strong>fugiens,</strong></span> <span class='ocrx_word' id='word_1_189' title='bbox 2977 1351 3028 1404; x_wconf 95' lang='lat' dir='ltr'><strong>in</strong></span> <span class='ocrx_word' id='word_1_190' title='bbox 3057 1351 3234 1420; x_wconf 80' lang='lat' dir='ltr'><strong>ignem</strong></span> <span class='ocrx_word' id='word_1_191' title='bbox 3267 1347 3418 1412; x_wconf 85' lang='lat' dir='ltr'><strong>ruit;</strong></span> 
     </span>
    </p>
   </div>
   <div class='ocr_carea' id='block_1_29' title="bbox 1843 1440 3419 1512">
    <p class='ocr_par' dir='ltr' id='par_1_29' title="bbox 1843 1440 3419 1512">
     <span class='ocr_line' id='line_1_29' title="bbox 1843 1440 3419 1512; baseline -0.004 -14"><span class='ocrx_word' id='word_1_192' title='bbox 1843 1459 1908 1498; x_wconf 91' lang='lat' dir='ltr'><strong>ac</strong></span> <span class='ocrx_word' id='word_1_193' title='bbox 1937 1443 2180 1499; x_wconf 81' lang='lat' dir='ltr'><strong>vicissim</strong></span> <span class='ocrx_word' id='word_1_194' title='bbox 2214 1445 2283 1495; x_wconf 88' lang='lat' dir='ltr'><strong>ab</strong></span> <span class='ocrx_word' id='word_1_195' title='bbox 2317 1441 2427 1512; x_wconf 73' lang='lat' dir='ltr'><strong>igni</strong></span> <span class='ocrx_word' id='word_1_196' title='bbox 2457 1441 2587 1496; x_wconf 91' lang='lat' dir='ltr'><strong>dum</strong></span> <span class='ocrx_word' id='word_1_197' title='bbox 2621 1441 2823 1506; x_wconf 90' lang='lat' dir='ltr'><strong>uritur,</strong></span> <span class='ocrx_word' id='word_1_198' title='bbox 2849 1441 2914 1494; x_wconf 91' lang='lat' dir='ltr'><strong>ad</strong></span> <span class='ocrx_word' id='word_1_199' title='bbox 2960 1440 3290 1509; x_wconf 67' lang='lat' dir='ltr'><strong>praecipitem</strong></span> <span class='ocrx_word' id='word_1_200' title='bbox 3327 1454 3419 1491; x_wconf 80' lang='lat' dir='ltr'><strong>ru-</strong></span> 
     </span>
    </p>
   </div>
   <div class='ocr_carea' id='block_1_30' title="bbox 1843 1531 3423 1606">
    <p class='ocr_par' dir='ltr' id='par_1_30' title="bbox 1843 1531 3423 1606">
     <span class='ocr_line' id='line_1_30' title="bbox 1843 1531 3423 1606; baseline -0.004 -17"><span class='ocrx_word' id='word_1_201' title='bbox 1843 1551 1991 1606; x_wconf 92' lang='lat' dir='ltr'><strong>pem,</strong></span> <span class='ocrx_word' id='word_1_202' title='bbox 2024 1535 2191 1589; x_wconf 88' lang='lat' dir='ltr'><strong>veluti</strong></span> <span class='ocrx_word' id='word_1_203' title='bbox 2217 1533 2475 1588; x_wconf 85' lang='lat' dir='ltr'><strong>solatium</strong></span> <span class='ocrx_word' id='word_1_204' title='bbox 2503 1533 2802 1602; x_wconf 88' lang='lat' dir='ltr'><strong>quoddam,</strong></span> <span class='ocrx_word' id='word_1_205' title='bbox 2849 1534 3110 1587; x_wconf 90' lang='lat' dir='ltr'><strong>accurrit.</strong></span> <span class='ocrx_word' id='word_1_206' title='bbox 3143 1531 3277 1586; x_wconf 85' lang='lat' dir='ltr'><strong>Nam</strong></span> <span class='ocrx_word' id='word_1_207' title='bbox 3309 1531 3423 1600; x_wconf 86' lang='lat' dir='ltr'><strong>ple-</strong></span> 
     </span>
    </p>
   </div>
   <div class='ocr_carea' id='block_1_31' title="bbox 1846 1622 3419 1696">
    <p class='ocr_par' dir='ltr' id='par_1_31' title="bbox 1846 1622 3419 1696">
     <span class='ocr_line' id='line_1_31' title="bbox 1846 1622 3419 1696; baseline -0.003 -16"><span class='ocrx_word' id='word_1_208' title='bbox 1846 1627 2001 1696; x_wconf 85' lang='lat' dir='ltr'><strong>rique</strong></span> <span class='ocrx_word' id='word_1_209' title='bbox 2031 1624 2310 1691; x_wconf 88' lang='lat' dir='ltr'><strong>mortales,</strong></span> <span class='ocrx_word' id='word_1_210' title='bbox 2361 1623 2491 1679; x_wconf 91' lang='lat' dir='ltr'><strong>dum</strong></span> <span class='ocrx_word' id='word_1_211' title='bbox 2549 1624 2686 1678; x_wconf 89' lang='lat' dir='ltr'><strong>ratio</strong></span> <span class='ocrx_word' id='word_1_212' title='bbox 2716 1624 2765 1677; x_wconf 90' lang='lat' dir='ltr'><strong>vi</strong></span> <span class='ocrx_word' id='word_1_213' title='bbox 2802 1623 2928 1677; x_wconf 89' lang='lat' dir='ltr'><strong>mali</strong></span> <span class='ocrx_word' id='word_1_214' title='bbox 2956 1622 3242 1692; x_wconf 85' lang='lat' dir='ltr'><strong>premitur,</strong></span> <span class='ocrx_word' id='word_1_215' title='bbox 3273 1623 3419 1691; x_wconf 88' lang='lat' dir='ltr'><strong>quod</strong></span> 
     </span>
    </p>
   </div>
   <div class='ocr_carea' id='block_1_32' title="bbox 1845 1713 3418 1790">
    <p class='ocr_par' dir='ltr' id='par_1_32' title="bbox 1845 1713 3418 1790">
     <span class='ocr_line' id='line_1_32' title="bbox 1845 1713 3418 1790; baseline -0.004 -17"><span class='ocrx_word' id='word_1_216' title='bbox 1845 1719 2142 1790; x_wconf 85' lang='lat' dir='ltr'><strong>fugiamus,</strong></span> <span class='ocrx_word' id='word_1_217' title='bbox 2163 1718 2406 1773; x_wconf 86' lang='lat' dir='ltr'><strong>scimus:</strong></span> <span class='ocrx_word' id='word_1_218' title='bbox 2433 1731 2542 1787; x_wconf 91' lang='lat' dir='ltr'><strong>quo</strong></span> <span class='ocrx_word' id='word_1_219' title='bbox 2568 1731 2697 1770; x_wconf 86' lang='lat' dir='ltr'><strong>vero</strong></span> <span class='ocrx_word' id='word_1_220' title='bbox 2716 1715 3120 1783; x_wconf 80' lang='lat' dir='ltr'><strong>confugiamus,</strong></span> <span class='ocrx_word' id='word_1_221' title='bbox 3141 1713 3283 1769; x_wconf 91' lang='lat' dir='ltr'><strong>scire</strong></span> <span class='ocrx_word' id='word_1_222' title='bbox 3311 1728 3418 1767; x_wconf 89' lang='lat' dir='ltr'><strong>non</strong></span> 
     </span>
    </p>
   </div>
   <div class='ocr_carea' id='block_1_33' title="bbox 1845 1805 3421 1880">
    <p class='ocr_par' dir='ltr' id='par_1_33' title="bbox 1845 1805 3421 1880">
     <span class='ocr_line' id='line_1_33' title="bbox 1845 1805 3421 1880; baseline -0.003 -16"><span class='ocrx_word' id='word_1_223' title='bbox 1845 1826 2164 1880; x_wconf 84' lang='lat' dir='ltr'><strong>possumus.</strong></span> <span class='ocrx_word' id='word_1_224' title='bbox 2214 1807 2536 1864; x_wconf 87' lang='lat' dir='ltr'><strong>Consimilia</strong></span> <span class='ocrx_word' id='word_1_225' title='bbox 2606 1808 2764 1863; x_wconf 93' lang='lat' dir='ltr'><strong>nobis</strong></span> <span class='ocrx_word' id='word_1_226' title='bbox 2793 1816 2847 1862; x_wconf 89' lang='lat' dir='ltr'><strong>et</strong></span> <span class='ocrx_word' id='word_1_227' title='bbox 2905 1807 3042 1862; x_wconf 58' lang='lat' dir='ltr'><strong>lastis</strong></span> <span class='ocrx_word' id='word_1_228' title='bbox 3074 1806 3238 1862; x_wconf 89' lang='lat' dir='ltr'><strong>rebus</strong></span> <span class='ocrx_word' id='word_1_229' title='bbox 3272 1805 3421 1861; x_wconf 81' lang='lat' dir='ltr'><strong>acci-</strong></span> 
     </span>
    </p>
   </div>
   <div class='ocr_carea' id='block_1_34' title="bbox 149 1886 1735 1977">
    <p class='ocr_par' dir='ltr' id='par_1_34' title="bbox 149 1886 1735 1977">
     <span class='ocr_line' id='line_1_34' title="bbox 149 1886 1735 1977; baseline 0.014 -42"><span class='ocrx_word' id='word_1_230' title='bbox 149 1887 265 1955; x_wconf 72' lang='grc' dir='ltr'><strong>γὰρ</strong></span> <span class='ocrx_word' id='word_1_231' title='bbox 291 1886 468 1956; x_wconf 81' lang='grc' dir='ltr'><strong>δήπου</strong></span> <span class='ocrx_word' id='word_1_232' title='bbox 499 1890 610 1944; x_wconf 90' lang='grc' dir='ltr'><strong>τῶν</strong></span> <span class='ocrx_word' id='word_1_233' title='bbox 632 1893 899 1950; x_wconf 83' lang='grc' dir='ltr'><strong>ποθεινῶν</strong></span> <span class='ocrx_word' id='word_1_234' title='bbox 926 1899 1180 1968; x_wconf 76' lang='grc' dir='ltr'><strong>στήσειεν</strong></span> <span class='ocrx_word' id='word_1_235' title='bbox 1205 1902 1272 1954; x_wconf 81' lang='grc' dir='ltr'><strong>ἂν</strong></span> <span class='ocrx_word' id='word_1_236' title='bbox 1302 1905 1434 1974; x_wconf 74' lang='grc' dir='ltr'><strong>ἡμῖν</strong></span> <span class='ocrx_word' id='word_1_237' title='bbox 1458 1905 1544 1974; x_wconf 78' lang='grc' dir='ltr'><strong>ἐφ’</strong></span> <span class='ocrx_word' id='word_1_238' title='bbox 1567 1905 1735 1977; x_wconf 76' lang='grc' dir='ltr'><strong>ἑαυτῷ</strong></span> 
     </span>
    </p>
   </div>
   <div class='ocr_carea' id='block_1_35' title="bbox 1843 1886 3422 1977">
    <p class='ocr_par' dir='ltr' id='par_1_35' title="bbox 1848 1900 3422 1971">
     <span class='ocr_line' id='line_1_35' title="bbox 1848 1900 3422 1971; baseline -0.004 -13"><span class='ocrx_word' id='word_1_239' title='bbox 1848 1903 2002 1958; x_wconf 83' lang='lat' dir='ltr'><strong>dunt.</strong></span> <span class='ocrx_word' id='word_1_240' title='bbox 2027 1900 2166 1956; x_wconf 84' lang='lat' dir='ltr'><strong>Nam</strong></span> <span class='ocrx_word' id='word_1_241' title='bbox 2201 1916 2288 1957; x_wconf 90' lang='lat' dir='ltr'><strong>res</strong></span> <span class='ocrx_word' id='word_1_242' title='bbox 2318 1901 2478 1971; x_wconf 90' lang='lat' dir='ltr'><strong>plane</strong></span> <span class='ocrx_word' id='word_1_243' title='bbox 2529 1900 2675 1956; x_wconf 90' lang='lat' dir='ltr'><strong>nulla</strong></span> <span class='ocrx_word' id='word_1_244' title='bbox 2708 1911 2811 1966; x_wconf 91' lang='lat' dir='ltr'><strong>est,</strong></span> <span class='ocrx_word' id='word_1_245' title='bbox 2851 1917 2915 1955; x_wconf 82' lang='lat' dir='ltr'><strong>ex</strong></span> <span class='ocrx_word' id='word_1_246' title='bbox 2943 1900 3200 1954; x_wconf 82' lang='lat' dir='ltr'><strong>universo</strong></span> <span class='ocrx_word' id='word_1_247' title='bbox 3239 1913 3422 1954; x_wconf 90' lang='lat' dir='ltr'><strong>rerum</strong></span> 
     </span>
    </p>
   </div>
   <div class='ocr_carea' id='block_1_36' title="bbox 151 1980 1740 2068">
    <p class='ocr_par' dir='ltr' id='par_1_36' title="bbox 151 1980 1740 2068">
     <span class='ocr_line' id='line_1_36' title="bbox 151 1980 1740 2068; baseline 0.015 -39"><span class='ocrx_word' id='word_1_248' title='bbox 151 1980 257 2049; x_wconf 75' lang='grc' dir='ltr'><strong>τήν</strong></span> <span class='ocrx_word' id='word_1_249' title='bbox 289 1980 618 2050; x_wconf 76' lang='grc' dir='ltr'><strong>ἐπιθυμίαν.</strong></span> <span class='ocrx_word' id='word_1_250' title='bbox 656 1985 767 2038; x_wconf 71' lang='grc' dir='ltr'><strong>Καὶ</strong></span> <span class='ocrx_word' id='word_1_251' title='bbox 799 1987 1076 2044; x_wconf 85' lang='grc' dir='ltr'><strong>δείκνυσιν</strong></span> <span class='ocrx_word' id='word_1_252' title='bbox 1109 1993 1248 2065; x_wconf 73' lang='grc' dir='ltr'><strong>αὕτη</strong></span> <span class='ocrx_word' id='word_1_253' title='bbox 1296 1996 1501 2065; x_wconf 70' lang='grc' dir='ltr'><strong>τρυφὴ,</strong></span> <span class='ocrx_word' id='word_1_254' title='bbox 1546 1998 1614 2051; x_wconf 82' lang='grc' dir='ltr'><strong>ἵν’</strong></span> <span class='ocrx_word' id='word_1_255' title='bbox 1644 1998 1740 2068; x_wconf 85' lang='grc' dir='ltr'><strong>ἀφ’</strong></span> 
     </span>
    </p>
   </div>
   <div class='ocr_carea' id='block_1_37' title="bbox 151 2072 1744 2162">
    <p class='ocr_par' dir='ltr' id='par_1_37' title="bbox 151 2072 1744 2162">
     <span class='ocr_line' id='line_1_37' title="bbox 151 2072 1744 2162; baseline 0.015 -41"><span class='ocrx_word' id='word_1_256' title='bbox 151 2072 347 2135; x_wconf 77' lang='grc' dir='ltr'><strong>ἑστίας</strong></span> <span class='ocrx_word' id='word_1_257' title='bbox 379 2075 519 2142; x_wconf 78' lang='grc' dir='ltr'><strong>ἡμῖν</strong></span> <span class='ocrx_word' id='word_1_258' title='bbox 562 2077 746 2150; x_wconf 81' lang='grc' dir='ltr'><strong>δειχθῇ</strong></span> <span class='ocrx_word' id='word_1_259' title='bbox 785 2080 844 2134; x_wconf 79' lang='grc' dir='ltr'><strong>τὸ</strong></span> <span class='ocrx_word' id='word_1_260' title='bbox 876 2084 1261 2154; x_wconf 85' lang='grc' dir='ltr'><strong>προκείμενον.</strong></span> <span class='ocrx_word' id='word_1_261' title='bbox 1296 2087 1421 2142; x_wconf 85' lang='grc' dir='ltr'><strong>Τῶν</strong></span> <span class='ocrx_word' id='word_1_262' title='bbox 1461 2089 1587 2161; x_wconf 69' lang='grc' dir='ltr'><strong>γὰρ</strong></span> <span class='ocrx_word' id='word_1_263' title='bbox 1632 2093 1744 2162; x_wconf 81' lang='grc' dir='ltr'><strong>ἡδί-</strong></span> 
     </span>
    </p>
   </div>
   <div class='ocr_carea' id='block_1_38' title="bbox 151 2167 1744 2252">
    <p class='ocr_par' dir='ltr' id='par_1_38' title="bbox 151 2167 1744 2252">
     <span class='ocr_line' id='line_1_38' title="bbox 151 2167 1744 2252; baseline 0.014 -37"><span class='ocrx_word' id='word_1_264' title='bbox 151 2181 301 2217; x_wconf 79' lang='grc' dir='ltr'><strong>στων</strong></span> <span class='ocrx_word' id='word_1_265' title='bbox 332 2167 709 2234; x_wconf 80' lang='grc' dir='ltr'><strong>ἀπολαύοντες</strong></span> <span class='ocrx_word' id='word_1_266' title='bbox 736 2173 814 2236; x_wconf 80' lang='grc' dir='ltr'><strong>είς</strong></span> <span class='ocrx_word' id='word_1_267' title='bbox 837 2175 1016 2243; x_wconf 88' lang='grc' dir='ltr'><strong>κόρον,</strong></span> <span class='ocrx_word' id='word_1_268' title='bbox 1039 2172 1204 2248; x_wconf 80' lang='grc' dir='ltr'><strong>ἦττον</strong></span> <span class='ocrx_word' id='word_1_269' title='bbox 1230 2179 1409 2232; x_wconf 79' lang='grc' dir='ltr'><strong>αὐτῶν</strong></span> <span class='ocrx_word' id='word_1_270' title='bbox 1431 2180 1744 2252; x_wconf 78' lang='grc' dir='ltr'><strong>ὀρεγόμεθα</strong></span> 
     </span>
    </p>
   </div>
   <div class='ocr_carea' id='block_1_39' title="bbox 150 2256 1742 2345">
    <p class='ocr_par' dir='ltr' id='par_1_39' title="bbox 150 2256 1742 2345">
     <span class='ocr_line' id='line_1_39' title="bbox 150 2256 1742 2345; baseline 0.014 -37"><span class='ocrx_word' id='word_1_271' title='bbox 150 2256 262 2309; x_wconf 88' lang='grc' dir='ltr'><strong>τῶν</strong></span> <span class='ocrx_word' id='word_1_272' title='bbox 321 2259 726 2331; x_wconf 77' lang='grc' dir='ltr'><strong>ἀφισταμένων</strong></span> <span class='ocrx_word' id='word_1_273' title='bbox 784 2265 975 2332; x_wconf 87' lang='grc' dir='ltr'><strong>ἀπλῶς</strong></span> <span class='ocrx_word' id='word_1_274' title='bbox 1007 2269 1204 2338; x_wconf 77' lang='grc' dir='ltr'><strong>ἡδέων.</strong></span> <span class='ocrx_word' id='word_1_275' title='bbox 1252 2270 1371 2324; x_wconf 83' lang='grc' dir='ltr'><strong>Κᾶν</strong></span> <span class='ocrx_word' id='word_1_276' title='bbox 1409 2273 1489 2337; x_wconf 85' lang='grc' dir='ltr'><strong>εἰς</strong></span> <span class='ocrx_word' id='word_1_277' title='bbox 1547 2275 1742 2345; x_wconf 76' lang='grc' dir='ltr'><strong>ἡδονὴν</strong></span> 
     </span>
    </p>
   </div>
   <div class='ocr_carea' id='block_1_40' title="bbox 150 2350 1738 2440">
    <p class='ocr_par' dir='ltr' id='par_1_40' title="bbox 150 2350 1738 2440">
     <span class='ocr_line' id='line_1_40' title="bbox 150 2350 1738 2440; baseline 0.014 -40"><span class='ocrx_word' id='word_1_278' title='bbox 150 2350 382 2406; x_wconf 78' lang='grc' dir='ltr'><strong>ἔλαττον</strong></span> <span class='ocrx_word' id='word_1_279' title='bbox 412 2353 512 2424; x_wconf 78' lang='grc' dir='ltr'><strong>ἔχῃ</strong></span> <span class='ocrx_word' id='word_1_280' title='bbox 545 2354 605 2408; x_wconf 76' lang='grc' dir='ltr'><strong>τὸ</strong></span> <span class='ocrx_word' id='word_1_281' title='bbox 651 2359 1128 2430; x_wconf 80' lang='grc' dir='ltr'><strong>προσδοκώμενον,</strong></span> <span class='ocrx_word' id='word_1_282' title='bbox 1165 2363 1379 2433; x_wconf 75' lang='grc' dir='ltr'><strong>πέφυκε</strong></span> <span class='ocrx_word' id='word_1_283' title='bbox 1416 2365 1629 2435; x_wconf 80' lang='grc' dir='ltr'><strong>θέλγειν</strong></span> <span class='ocrx_word' id='word_1_284' title='bbox 1659 2368 1738 2440; x_wconf 82' lang='grc' dir='ltr'><strong>τῷ</strong></span> 
     </span>
    </p>
   </div>
   <div class='ocr_carea' id='block_1_41' title="bbox 151 2443 1742 2526">
    <p class='ocr_par' dir='ltr' id='par_1_41' title="bbox 151 2443 1742 2526">
     <span class='ocr_line' id='line_1_41' title="bbox 151 2443 1742 2526; baseline 0.013 -33"><span class='ocrx_word' id='word_1_285' title='bbox 151 2443 574 2512; x_wconf 79' lang='grc' dir='ltr'><strong>προσδοκᾶσθαι</strong></span> <span class='ocrx_word' id='word_1_286' title='bbox 599 2463 614 2478; x_wconf 82' lang='grc'><em>’</em></span> <span class='ocrx_word' id='word_1_287' title='bbox 643 2449 741 2502; x_wconf 88' lang='grc' dir='ltr'><strong>καί</strong></span> <span class='ocrx_word' id='word_1_288' title='bbox 786 2453 890 2503; x_wconf 86' lang='grc' dir='ltr'><strong>πού</strong></span> <span class='ocrx_word' id='word_1_289' title='bbox 928 2470 1014 2516; x_wconf 90' lang='grc' dir='ltr'><strong>τις</strong></span> <span class='ocrx_word' id='word_1_290' title='bbox 1041 2455 1361 2526; x_wconf 77' lang='grc' dir='ltr'><strong>ἐπεθύμησε</strong></span> <span class='ocrx_word' id='word_1_291' title='bbox 1394 2458 1611 2523; x_wconf 79' lang='grc' dir='ltr'>πολλοῖς</span> <span class='ocrx_word' id='word_1_292' title='bbox 1643 2479 1742 2514; x_wconf 85' lang='grc' dir='ltr'><strong>πε-</strong></span> 
     </span>
    </p>
   </div>
   <div class='ocr_carea' id='block_1_42' title="bbox 152 2537 1741 2618">
    <p class='ocr_par' dir='ltr' id='par_1_42' title="bbox 152 2537 1741 2618">
     <span class='ocr_line' id='line_1_42' title="bbox 152 2537 1741 2618; baseline 0.013 -31"><span class='ocrx_word' id='word_1_293' title='bbox 152 2537 516 2606; x_wconf 79' lang='grc' dir='ltr'><strong>ριρῤεόμενος</strong></span> <span class='ocrx_word' id='word_1_294' title='bbox 569 2541 819 2607; x_wconf 75' lang='grc' dir='ltr'><strong>ἀγαθοῖς,</strong></span> <span class='ocrx_word' id='word_1_295' title='bbox 857 2543 886 2596; x_wconf 87' lang='grc' dir='ltr'><strong>δ</strong></span> <span class='ocrx_word' id='word_1_296' title='bbox 920 2545 1057 2617; x_wconf 70' lang='grc' dir='ltr'><strong>μηδὲ</strong></span> <span class='ocrx_word' id='word_1_297' title='bbox 1095 2549 1207 2612; x_wconf 84' lang='grc' dir='ltr'><strong>τοῖς</strong></span> <span class='ocrx_word' id='word_1_298' title='bbox 1247 2547 1458 2612; x_wconf 87' lang='grc' dir='ltr'><strong>δούλοις</strong></span> <span class='ocrx_word' id='word_1_299' title='bbox 1497 2550 1564 2604; x_wconf 86' lang='grc' dir='ltr'><strong>ἂν</strong></span> <span class='ocrx_word' id='word_1_300' title='bbox 1593 2552 1741 2618; x_wconf 75' lang='grc' dir='ltr'><strong>ἔδοξε</strong></span> 
     </span>
    </p>
   </div>
   <div class='ocr_carea' id='block_1_43' title="bbox 151 2628 1744 2716">
    <p class='ocr_par' dir='ltr' id='par_1_43' title="bbox 151 2628 1744 2716">
     <span class='ocr_line' id='line_1_43' title="bbox 151 2628 1744 2716; baseline 0.014 -38"><span class='ocrx_word' id='word_1_301' title='bbox 151 2628 452 2695; x_wconf 84' lang='grc' dir='ltr'><strong>μεθεκτόν.</strong></span> <span class='ocrx_word' id='word_1_302' title='bbox 485 2633 578 2685; x_wconf 85' lang='grc' dir='ltr'><strong>Δεῖ</strong></span> <span class='ocrx_word' id='word_1_303' title='bbox 597 2633 660 2702; x_wconf 87' lang='grc' dir='ltr'><strong>δὴ</strong></span> <span class='ocrx_word' id='word_1_304' title='bbox 693 2636 1013 2706; x_wconf 81' lang='grc' dir='ltr'><strong>φρονήσεως</strong></span> <span class='ocrx_word' id='word_1_305' title='bbox 1039 2640 1193 2709; x_wconf 77' lang='grc' dir='ltr'><strong>ἡμῖν,</strong></span> <span class='ocrx_word' id='word_1_306' title='bbox 1222 2640 1365 2696; x_wconf 83' lang='grc' dir='ltr'><strong>ὥστε</strong></span> <span class='ocrx_word' id='word_1_307' title='bbox 1409 2643 1488 2714; x_wconf 80' lang='grc' dir='ltr'><strong>τῷ</strong></span> <span class='ocrx_word' id='word_1_308' title='bbox 1532 2644 1608 2716; x_wconf 83' lang='grc' dir='ltr'><strong>νῷ</strong></span> <span class='ocrx_word' id='word_1_309' title='bbox 1636 2663 1744 2699; x_wconf 86' lang='grc' dir='ltr'><strong>πα-</strong></span> 
     </span>
    </p>
   </div>
   <div class='ocr_carea' id='block_1_44' title="bbox 146 2719 1740 2808">
    <p class='ocr_par' dir='ltr' id='par_1_44' title="bbox 146 2719 1740 2808">
     <span class='ocr_line' id='line_1_44' title="bbox 146 2719 1740 2808; baseline 0.015 -38"><span class='ocrx_word' id='word_1_310' title='bbox 146 2719 495 2787; x_wconf 73' lang='grc' dir='ltr'><strong>ραϐἀλλουσι</strong></span> <span class='ocrx_word' id='word_1_311' title='bbox 526 2722 596 2777; x_wconf 80' lang='grc' dir='ltr'><strong>τὰ</strong></span> <span class='ocrx_word' id='word_1_312' title='bbox 643 2724 773 2779; x_wconf 74' lang='grc' dir='ltr'><strong>ὄντα</strong></span> <span class='ocrx_word' id='word_1_313' title='bbox 816 2729 930 2791; x_wconf 88' lang='grc' dir='ltr'><strong>τοῖς</strong></span> <span class='ocrx_word' id='word_1_314' title='bbox 962 2729 1217 2799; x_wconf 79' lang='grc' dir='ltr'><strong>ἀποῦσιν,</strong></span> <span class='ocrx_word' id='word_1_315' title='bbox 1260 2731 1430 2804; x_wconf 82' lang='grc' dir='ltr'><strong>ὀρθήν</strong></span> <span class='ocrx_word' id='word_1_316' title='bbox 1467 2751 1588 2789; x_wconf 88' lang='grc' dir='ltr'><strong>τινα</strong></span> <span class='ocrx_word' id='word_1_317' title='bbox 1633 2735 1740 2808; x_wconf 72' lang='grc' dir='ltr'><strong>ψῆ-</strong></span> 
     </span>
    </p>
   </div>
   <div class='ocr_carea' id='block_1_45' title="bbox 143 2815 623 2882">
    <p class='ocr_par' dir='ltr' id='par_1_45' title="bbox 143 2815 623 2882">
     <span class='ocr_line' id='line_1_45' title="bbox 143 2815 623 2882; baseline 0.015 -17"><span class='ocrx_word' id='word_1_318' title='bbox 143 2831 246 2882; x_wconf 78' lang='grc' dir='ltr'><strong>φον</strong></span> <span class='ocrx_word' id='word_1_319' title='bbox 276 2815 623 2882; x_wconf 77' lang='grc' dir='ltr'><strong>ἐξενεγκεῖν.</strong></span> 
     </span>
    </p>
   </div>
   <div class='ocr_carea' id='block_1_46' title="bbox 1850 1989 3424 2063">
    <p class='ocr_par' dir='ltr' id='par_1_46' title="bbox 1850 1989 3424 2063">
     <span class='ocr_line' id='line_1_46' title="bbox 1850 1989 3424 2063; baseline -0.004 -15"><span class='ocrx_word' id='word_1_320' title='bbox 1850 2007 2104 2058; x_wconf 90' lang='lat' dir='ltr'><strong>numero,</strong></span> <span class='ocrx_word' id='word_1_321' title='bbox 2139 2008 2277 2062; x_wconf 87' lang='lat' dir='ltr'><strong>quas</strong></span> <span class='ocrx_word' id='word_1_322' title='bbox 2314 1991 2563 2048; x_wconf 85' lang='lat' dir='ltr'><strong>homines</strong></span> <span class='ocrx_word' id='word_1_323' title='bbox 2587 2000 2872 2062; x_wconf 82' lang='lat' dir='ltr'><strong>expetunt,</strong></span> <span class='ocrx_word' id='word_1_324' title='bbox 2904 2007 3023 2063; x_wconf 69' lang='lat' dir='ltr'><strong>quae</strong></span> <span class='ocrx_word' id='word_1_325' title='bbox 3049 1992 3104 2045; x_wconf 88' lang='lat' dir='ltr'><strong>in</strong></span> <span class='ocrx_word' id='word_1_326' title='bbox 3131 2005 3190 2046; x_wconf 89' lang='lat' dir='ltr'><strong>se</strong></span> <span class='ocrx_word' id='word_1_327' title='bbox 3211 1989 3424 2058; x_wconf 83' lang='lat' dir='ltr'><strong>cupidi-</strong></span> 
     </span>
    </p>
   </div>
   <div class='ocr_carea' id='block_1_47' title="bbox 1851 2083 3422 2156">
    <p class='ocr_par' dir='ltr' id='par_1_47' title="bbox 1851 2083 3422 2156">
     <span class='ocr_line' id='line_1_47' title="bbox 1851 2083 3422 2156; baseline -0.003 -16"><span class='ocrx_word' id='word_1_328' title='bbox 1851 2095 2014 2140; x_wconf 85' lang='lat' dir='ltr'><strong>tatem</strong></span> <span class='ocrx_word' id='word_1_329' title='bbox 2063 2093 2306 2139; x_wconf 91' lang='lat' dir='ltr'><strong>nostram</strong></span> <span class='ocrx_word' id='word_1_330' title='bbox 2341 2086 2540 2140; x_wconf 88' lang='lat' dir='ltr'><strong>sistere</strong></span> <span class='ocrx_word' id='word_1_331' title='bbox 2593 2085 2791 2156; x_wconf 84' lang='lat' dir='ltr'><strong>possit.</strong></span> <span class='ocrx_word' id='word_1_332' title='bbox 2822 2085 3161 2155; x_wconf 79' lang='lat' dir='ltr'><strong>Argumento</strong></span> <span class='ocrx_word' id='word_1_333' title='bbox 3190 2093 3273 2139; x_wconf 89' lang='lat' dir='ltr'><strong>est</strong></span> <span class='ocrx_word' id='word_1_334' title='bbox 3306 2083 3422 2150; x_wconf 87' lang='lat' dir='ltr'><strong>ipsa</strong></span> 
     </span>
    </p>
   </div>
   <div class='ocr_carea' id='block_1_48' title="bbox 1847 2175 3423 2249">
    <p class='ocr_par' dir='ltr' id='par_1_48' title="bbox 1847 2175 3423 2249">
     <span class='ocr_line' id='line_1_48' title="bbox 1847 2175 3423 2249; baseline -0.002 -18"><span class='ocrx_word' id='word_1_335' title='bbox 1847 2178 2121 2249; x_wconf 89' lang='lat' dir='ltr'><strong>voluptas,</strong></span> <span class='ocrx_word' id='word_1_336' title='bbox 2177 2177 2457 2243; x_wconf 89' lang='lat' dir='ltr'><strong>utalare,</strong></span> <span class='ocrx_word' id='word_1_337' title='bbox 2510 2177 2656 2248; x_wconf 88' lang='lat' dir='ltr'><strong>quod</strong></span> <span class='ocrx_word' id='word_1_338' title='bbox 2717 2177 2892 2245; x_wconf 86' lang='lat' dir='ltr'><strong>aiunt,</strong></span> <span class='ocrx_word' id='word_1_339' title='bbox 2945 2191 3056 2231; x_wconf 90' lang='lat' dir='ltr'><strong>rem</strong></span> <span class='ocrx_word' id='word_1_340' title='bbox 3089 2175 3423 2246; x_wconf 81' lang='lat' dir='ltr'><strong>propositam</strong></span> 
     </span>
    </p>
   </div>
   <div class='ocr_carea' id='block_1_49' title="bbox 1849 2266 3423 2338">
    <p class='ocr_par' dir='ltr' id='par_1_49' title="bbox 1849 2266 3423 2338">
     <span class='ocr_line' id='line_1_49' title="bbox 1849 2266 3423 2338; baseline -0.003 -13"><span class='ocrx_word' id='word_1_341' title='bbox 1849 2271 2227 2326; x_wconf 86' lang='lat' dir='ltr'><strong>ostendamus.</strong></span> <span class='ocrx_word' id='word_1_342' title='bbox 2279 2268 2488 2338; x_wconf 81' lang='lat' dir='ltr'><strong>Quippe</strong></span> <span class='ocrx_word' id='word_1_343' title='bbox 2546 2283 2669 2322; x_wconf 92' lang='lat' dir='ltr'><strong>cum</strong></span> <span class='ocrx_word' id='word_1_344' title='bbox 2696 2267 3120 2338; x_wconf 84' lang='lat' dir='ltr'><strong>jucundissimis</strong></span> <span class='ocrx_word' id='word_1_345' title='bbox 3152 2268 3316 2322; x_wconf 84' lang='lat' dir='ltr'><strong>rebus</strong></span> <span class='ocrx_word' id='word_1_346' title='bbox 3355 2266 3423 2321; x_wconf 91' lang='lat' dir='ltr'><strong>ad</strong></span> 
     </span>
    </p>
   </div>
   <div class='ocr_carea' id='block_1_50' title="bbox 1843 2356 3421 2429">
    <p class='ocr_par' dir='ltr' id='par_1_50' title="bbox 1843 2356 3421 2429">
     <span class='ocr_line' id='line_1_50' title="bbox 1843 2356 3421 2429; baseline -0.006 -8"><span class='ocrx_word' id='word_1_347' title='bbox 1843 2365 2150 2421; x_wconf 86' lang='lat' dir='ltr'><strong>satietatem</strong></span> <span class='ocrx_word' id='word_1_348' title='bbox 2176 2360 2429 2426; x_wconf 85' lang='lat' dir='ltr'><strong>fruimur,</strong></span> <span class='ocrx_word' id='word_1_349' title='bbox 2466 2359 2648 2414; x_wconf 89' lang='lat' dir='ltr'><strong>minus</strong></span> <span class='ocrx_word' id='word_1_350' title='bbox 2676 2373 2770 2413; x_wconf 87' lang='lat' dir='ltr'><strong>cas</strong></span> <span class='ocrx_word' id='word_1_351' title='bbox 2795 2360 3304 2429; x_wconf 82' lang='lat' dir='ltr'><strong>appetimus,quam</strong></span> <span class='ocrx_word' id='word_1_352' title='bbox 3326 2356 3421 2428; x_wconf 80' lang='lat' dir='ltr'><strong>ju-</strong></span> 
     </span>
    </p>
   </div>
   <div class='ocr_carea' id='block_1_51' title="bbox 1843 2448 3424 2524">
    <p class='ocr_par' dir='ltr' id='par_1_51' title="bbox 1843 2448 3424 2524">
     <span class='ocr_line' id='line_1_51' title="bbox 1843 2448 3424 2524; baseline -0.006 -12"><span class='ocrx_word' id='word_1_353' title='bbox 1843 2456 2022 2512; x_wconf 89' lang='lat' dir='ltr'><strong>cunda</strong></span> <span class='ocrx_word' id='word_1_354' title='bbox 2047 2453 2391 2524; x_wconf 90' lang='lat' dir='ltr'><strong>simpliciter,</strong></span> <span class='ocrx_word' id='word_1_355' title='bbox 2428 2467 2550 2523; x_wconf 79' lang='lat' dir='ltr'><strong>qnze</strong></span> <span class='ocrx_word' id='word_1_356' title='bbox 2585 2466 2691 2504; x_wconf 92' lang='lat' dir='ltr'><strong>non</strong></span> <span class='ocrx_word' id='word_1_357' title='bbox 2725 2449 2945 2506; x_wconf 87' lang='lat' dir='ltr'><strong>adsunt.</strong></span> <span class='ocrx_word' id='word_1_358' title='bbox 2979 2448 3054 2504; x_wconf 81' lang='lat' dir='ltr'><strong>Ac</strong></span> <span class='ocrx_word' id='word_1_359' title='bbox 3087 2452 3214 2505; x_wconf 90' lang='lat' dir='ltr'><strong>licet</strong></span> <span class='ocrx_word' id='word_1_360' title='bbox 3241 2449 3424 2504; x_wconf 87' lang='lat' dir='ltr'><strong>minus</strong></span> 
     </span>
    </p>
   </div>
   <div class='ocr_carea' id='block_1_52' title="bbox 1843 2543 3420 2620">
    <p class='ocr_par' dir='ltr' id='par_1_52' title="bbox 1843 2543 3420 2620">
     <span class='ocr_line' id='line_1_52' title="bbox 1843 2543 3420 2620; baseline -0.004 -17"><span class='ocrx_word' id='word_1_361' title='bbox 1843 2549 2136 2620; x_wconf 83' lang='lat' dir='ltr'><strong>voluptatis</strong></span> <span class='ocrx_word' id='word_1_362' title='bbox 2171 2547 2388 2608; x_wconf 89' lang='lat' dir='ltr'><strong>habeat,</strong></span> <span class='ocrx_word' id='word_1_363' title='bbox 2427 2546 2572 2615; x_wconf 92' lang='lat' dir='ltr'><strong>quod</strong></span> <span class='ocrx_word' id='word_1_364' title='bbox 2630 2544 2683 2598; x_wconf 92' lang='lat' dir='ltr'><strong>in</strong></span> <span class='ocrx_word' id='word_1_365' title='bbox 2730 2544 3137 2613; x_wconf 78' lang='lat' dir='ltr'><strong>exspectatione</strong></span> <span class='ocrx_word' id='word_1_366' title='bbox 3176 2543 3420 2611; x_wconf 88' lang='lat' dir='ltr'><strong>positum</strong></span> 
     </span>
    </p>
   </div>
   <div class='ocr_carea' id='block_1_53' title="bbox 1845 2633 3424 2709">
    <p class='ocr_par' dir='ltr' id='par_1_53' title="bbox 1845 2633 3424 2709">
     <span class='ocr_line' id='line_1_53' title="bbox 1845 2633 3424 2709; baseline -0.009 -11"><span class='ocrx_word' id='word_1_367' title='bbox 1845 2653 1948 2705; x_wconf 83' lang='lat' dir='ltr'><strong>est.</strong></span> <span class='ocrx_word' id='word_1_368' title='bbox 1979 2653 2158 2696; x_wconf 85' lang='lat' dir='ltr'><strong>tamen</strong></span> <span class='ocrx_word' id='word_1_369' title='bbox 2193 2639 2310 2709; x_wconf 89' lang='lat' dir='ltr'><strong>ipsa</strong></span> <span class='ocrx_word' id='word_1_370' title='bbox 2339 2637 2424 2692; x_wconf 92' lang='lat' dir='ltr'><strong>sui</strong></span> <span class='ocrx_word' id='word_1_371' title='bbox 2444 2635 2854 2705; x_wconf 76' lang='lat' dir='ltr'><strong>exspectatione</strong></span> <span class='ocrx_word' id='word_1_372' title='bbox 2889 2633 3164 2689; x_wconf 87' lang='lat' dir='ltr'><strong>delectare</strong></span> <span class='ocrx_word' id='word_1_373' title='bbox 3194 2646 3424 2688; x_wconf 83' lang='lat' dir='ltr'><strong>consue-</strong></span> 
     </span>
    </p>
   </div>
   <div class='ocr_carea' id='block_1_54' title="bbox 1846 2725 3423 2803">
    <p class='ocr_par' dir='ltr' id='par_1_54' title="bbox 1846 2725 3423 2803">
     <span class='ocr_line' id='line_1_54' title="bbox 1846 2725 3423 2803; baseline -0.009 -12"><span class='ocrx_word' id='word_1_374' title='bbox 1846 2737 1948 2791; x_wconf 87' lang='lat' dir='ltr'><strong>vit.</strong></span> <span class='ocrx_word' id='word_1_375' title='bbox 1985 2733 2103 2789; x_wconf 89' lang='lat' dir='ltr'><strong>lmo</strong></span> <span class='ocrx_word' id='word_1_376' title='bbox 2144 2731 2400 2803; x_wconf 89' lang='lat' dir='ltr'><strong>pluribus</strong></span> <span class='ocrx_word' id='word_1_377' title='bbox 2427 2730 2549 2800; x_wconf 85' lang='lat' dir='ltr'><strong>quis</strong></span> <span class='ocrx_word' id='word_1_378' title='bbox 2601 2729 2762 2784; x_wconf 89' lang='lat' dir='ltr'><strong>bonis</strong></span> <span class='ocrx_word' id='word_1_379' title='bbox 2807 2727 3056 2789; x_wconf 76' lang='lat' dir='ltr'><strong>afﬂuens,</strong></span> <span class='ocrx_word' id='word_1_380' title='bbox 3111 2727 3165 2782; x_wconf 93' lang='lat' dir='ltr'><strong>id</strong></span> <span class='ocrx_word' id='word_1_381' title='bbox 3213 2725 3423 2795; x_wconf 83' lang='lat' dir='ltr'><strong>appetit</strong></span> 
     </span>
    </p>
   </div>
   <div class='ocr_carea' id='block_1_55' title="bbox 1846 2817 3420 2896">
    <p class='ocr_par' dir='ltr' id='par_1_55' title="bbox 1846 2817 3420 2896">
     <span class='ocr_line' id='line_1_55' title="bbox 1846 2817 3420 2896; baseline -0.007 -15"><span class='ocrx_word' id='word_1_382' title='bbox 1846 2825 2162 2896; x_wconf 88' lang='lat' dir='ltr'><strong>aliquando,</strong></span> <span class='ocrx_word' id='word_1_383' title='bbox 2198 2822 2356 2893; x_wconf 80' lang='lat' dir='ltr'><strong>cujus</strong></span> <span class='ocrx_word' id='word_1_384' title='bbox 2395 2820 2508 2875; x_wconf 80' lang='lat' dir='ltr'><strong>fieri</strong></span> <span class='ocrx_word' id='word_1_385' title='bbox 2554 2820 2852 2891; x_wconf 89' lang='lat' dir='ltr'><strong>participes</strong></span> <span class='ocrx_word' id='word_1_386' title='bbox 2901 2835 2971 2874; x_wconf 85' lang='lat' dir='ltr'><strong>ne</strong></span> <span class='ocrx_word' id='word_1_387' title='bbox 3001 2819 3147 2874; x_wconf 87' lang='lat' dir='ltr'><strong>servi</strong></span> <span class='ocrx_word' id='word_1_388' title='bbox 3195 2817 3420 2888; x_wconf 86' lang='lat' dir='ltr'><strong>quidem</strong></span> 
     </span>
    </p>
   </div>
   <div class='ocr_carea' id='block_1_56' title="bbox 143 2907 3416 2996">
    <p class='ocr_par' dir='ltr' id='par_1_56' title="bbox 143 2907 3416 2996">
     <span class='ocr_line' id='line_1_56' title="bbox 143 2907 3416 2996; baseline 0.004 -38"><span class='ocrx_word' id='word_1_389' title='bbox 143 2907 377 2964; x_wconf 82' lang='lat' dir='ltr'><strong>vellent.</strong></span> <span class='ocrx_word' id='word_1_390' title='bbox 434 2909 702 2968; x_wconf 85' lang='lat' dir='ltr'><strong>Nimirum</strong></span> <span class='ocrx_word' id='word_1_391' title='bbox 759 2915 1047 2985; x_wconf 90' lang='lat' dir='ltr'><strong>prudentia</strong></span> <span class='ocrx_word' id='word_1_392' title='bbox 1115 2918 1276 2976; x_wconf 89' lang='lat' dir='ltr'><strong>nobis</strong></span> <span class='ocrx_word' id='word_1_393' title='bbox 1309 2930 1395 2978; x_wconf 89' lang='lat' dir='ltr'><strong>est</strong></span> <span class='ocrx_word' id='word_1_394' title='bbox 1443 2937 1610 2996; x_wconf 84' lang='lat' dir='ltr'><strong>opus,</strong></span> <span class='ocrx_word' id='word_1_395' title='bbox 1672 2929 1731 2978; x_wconf 86' lang='lat' dir='ltr'><strong>ut</strong></span> <span class='ocrx_word' id='word_1_396' title='bbox 1772 2926 1956 2976; x_wconf 86' lang='lat' dir='ltr'><strong>mente</strong></span> <span class='ocrx_word' id='word_1_397' title='bbox 1983 2924 2368 2988; x_wconf 86' lang='lat' dir='ltr'><strong>comparantes</strong></span> <span class='ocrx_word' id='word_1_398' title='bbox 2389 2913 2679 2985; x_wconf 68' lang='lat' dir='ltr'><strong>praesentia</strong></span> <span class='ocrx_word' id='word_1_399' title='bbox 2715 2927 2839 2968; x_wconf 88' lang='lat' dir='ltr'><strong>cum</strong></span> <span class='ocrx_word' id='word_1_400' title='bbox 2866 2911 2956 2980; x_wconf 83' lang='lat' dir='ltr'><strong>iis,</strong></span> <span class='ocrx_word' id='word_1_401' title='bbox 3017 2925 3139 2982; x_wconf 67' lang='lat' dir='ltr'><strong>quae</strong></span> <span class='ocrx_word' id='word_1_402' title='bbox 3195 2910 3416 2972; x_wconf 76' lang='lat' dir='ltr'><strong>absunt.</strong></span> 
     </span>
    </p>
   </div>
   <div class='ocr_carea' id='block_1_57' title="bbox 139 3003 1312 3068">
    <p class='ocr_par' dir='ltr' id='par_1_57' title="bbox 139 3003 1312 3068">
     <span class='ocr_line' id='line_1_57' title="bbox 139 3003 1312 3068; baseline 0.013 -17"><span class='ocrx_word' id='word_1_403' title='bbox 139 3006 360 3053; x_wconf 81' lang='lat' dir='ltr'><strong>rectam</strong></span> <span class='ocrx_word' id='word_1_404' title='bbox 387 3003 678 3068; x_wconf 86' lang='lat' dir='ltr'><strong>quamdam</strong></span> <span class='ocrx_word' id='word_1_405' title='bbox 701 3009 1026 3062; x_wconf 88' lang='lat' dir='ltr'><strong>sententiam</strong></span> <span class='ocrx_word' id='word_1_406' title='bbox 1050 3007 1312 3066; x_wconf 89' lang='lat' dir='ltr'><strong>feramus.</strong></span> 
     </span>
    </p>
   </div>
   <div class='ocr_carea' id='block_1_58' title="bbox 888 3099 1011 3154">
    <p class='ocr_par' dir='ltr' id='par_1_58' title="bbox 888 3099 1011 3154">
     <span class='ocr_line' id='line_1_58' title="bbox 888 3099 1011 3154; baseline 0.008 -2"><span class='ocrx_word' id='word_1_407' title='bbox 888 3099 1011 3154; x_wconf 78' lang='lat'><strong>08’.</strong></span> 
     </span>
    </p>
   </div>
   <div class='ocr_carea' id='block_1_59' title="bbox 213 3184 1732 3264">
    <p class='ocr_par' dir='ltr' id='par_1_59' title="bbox 213 3184 1732 3264">
     <span class='ocr_line' id='line_1_59' title="bbox 213 3184 1732 3264; baseline 0.007 -26"><span class='ocrx_word' id='word_1_408' title='bbox 213 3184 412 3255; x_wconf 82' lang='grc' dir='ltr'><strong>Ζημία</strong></span> <span class='ocrx_word' id='word_1_409' title='bbox 460 3186 696 3258; x_wconf 87' lang='grc' dir='ltr'><strong>μεγίστη</strong></span> <span class='ocrx_word' id='word_1_410' title='bbox 731 3190 844 3251; x_wconf 86' lang='grc' dir='ltr'><strong>τοῖς</strong></span> <span class='ocrx_word' id='word_1_411' title='bbox 881 3190 1177 3262; x_wconf 79' lang='grc' dir='ltr'><strong>πράγμασι</strong></span> <span class='ocrx_word' id='word_1_412' title='bbox 1221 3191 1282 3247; x_wconf 77' lang='grc' dir='ltr'><strong>τὸ</strong></span> <span class='ocrx_word' id='word_1_413' title='bbox 1307 3194 1612 3264; x_wconf 83' lang='grc' dir='ltr'><strong>διαχεῖσθαι</strong></span> <span class='ocrx_word' id='word_1_414' title='bbox 1637 3196 1732 3249; x_wconf 62' lang='grc' dir='ltr'><strong>τίαν</strong></span> 
     </span>
    </p>
   </div>
   <div class='ocr_carea' id='block_1_60' title="bbox 2510 3091 2750 3149">
    <p class='ocr_par' dir='ltr' id='par_1_60' title="bbox 2510 3091 2750 3149">
     <span class='ocr_line' id='line_1_60' title="bbox 2510 3091 2750 3149; baseline 0.004 -1"><span class='ocrx_word' id='word_1_415' title='bbox 2510 3091 2750 3149; x_wconf 78' lang='lat' dir='ltr'><strong>LXXIX.</strong></span> 
     </span>
    </p>
   </div>
   <div class='ocr_carea' id='block_1_61' title="bbox 1912 3182 3419 3245">
    <p class='ocr_par' dir='ltr' id='par_1_61' title="bbox 1912 3182 3419 3245">
     <span class='ocr_line' id='line_1_61' title="bbox 1912 3182 3419 3245; baseline -0.003 -2"><span class='ocrx_word' id='word_1_416' title='bbox 1912 3186 2314 3245; x_wconf 87' lang='lat' dir='ltr'><strong>Tristissimum</strong></span> <span class='ocrx_word' id='word_1_417' title='bbox 2346 3186 2514 3242; x_wconf 88' lang='lat' dir='ltr'><strong>rebus</strong></span> <span class='ocrx_word' id='word_1_418' title='bbox 2546 3184 2740 3241; x_wconf 69' lang='grc' dir='ltr'><strong>εποντο</strong></span> <span class='ocrx_word' id='word_1_419' title='bbox 2762 3182 3023 3240; x_wconf 85' lang='lat' dir='ltr'><strong>damnum</strong></span> <span class='ocrx_word' id='word_1_420' title='bbox 3054 3183 3419 3240; x_wconf 83' lang='lat' dir='ltr'><strong>soletanimo-</strong></span> 
     </span>
    </p>
   </div>
   <div class='ocr_carea' id='block_1_62' title="bbox 141 3275 1735 3377">
    <p class='ocr_par' dir='ltr' id='par_1_62' title="bbox 141 3277 1734 3355">
     <span class='ocr_line' id='line_1_62' title="bbox 141 3277 1734 3355; baseline 0.006 -28"><span class='ocrx_word' id='word_1_421' title='bbox 141 3277 278 3328; x_wconf 83' lang='grc' dir='ltr'><strong>νοῦν</strong></span> <span class='ocrx_word' id='word_1_422' title='bbox 311 3278 430 3339; x_wconf 88' lang='grc' dir='ltr'><strong>τοῖς</strong></span> <span class='ocrx_word' id='word_1_423' title='bbox 467 3277 748 3347; x_wconf 76' lang='grc' dir='ltr'><strong>ἄρχουσιν.</strong></span> <span class='ocrx_word' id='word_1_424' title='bbox 783 3277 916 3334; x_wconf 79' lang='grc' dir='ltr'><strong>Ὅτε</strong></span> <span class='ocrx_word' id='word_1_425' title='bbox 947 3278 1006 3334; x_wconf 83' lang='grc' dir='ltr'><strong>δὲ</strong></span> <span class='ocrx_word' id='word_1_426' title='bbox 1034 3280 1298 3335; x_wconf 85' lang='grc' dir='ltr'><strong>ἀδύνατον</strong></span> <span class='ocrx_word' id='word_1_427' title='bbox 1324 3283 1481 3353; x_wconf 71' lang='grc' dir='ltr'><strong>φλογὶ</strong></span> <span class='ocrx_word' id='word_1_428' title='bbox 1517 3284 1734 3355; x_wconf 87' lang='grc' dir='ltr'><strong>φροντί-</strong></span> 
     </span>
    </p>
   </div>
   <div class='ocr_carea' id='block_1_63' title="bbox 1843 3275 3434 3377">
    <p class='ocr_par' dir='ltr' id='par_1_63' title="bbox 1843 3275 3434 3352">
     <span class='ocr_line' id='line_1_63' title="bbox 1843 3275 3434 3352; baseline -0.006 -13"><span class='ocrx_word' id='word_1_429' title='bbox 1843 3299 1964 3339; x_wconf 90' lang='lat' dir='ltr'><strong>rum</strong></span> <span class='ocrx_word' id='word_1_430' title='bbox 2018 3284 2077 3339; x_wconf 90' lang='lat' dir='ltr'><strong>in</strong></span> <span class='ocrx_word' id='word_1_431' title='bbox 2113 3280 2454 3352; x_wconf 82' lang='lat' dir='ltr'><strong>principibus</strong></span> <span class='ocrx_word' id='word_1_432' title='bbox 2480 3277 2830 3334; x_wconf 77' lang='lat' dir='ltr'><strong>exhilaratio.</strong></span> <span class='ocrx_word' id='word_1_433' title='bbox 2896 3276 3003 3332; x_wconf 92' lang='lat' dir='ltr'><strong>Sed</strong></span> <span class='ocrx_word' id='word_1_434' title='bbox 3035 3277 3258 3346; x_wconf 84' lang='lat' dir='ltr'><strong>quando</strong></span> <span class='ocrx_word' id='word_1_435' title='bbox 3300 3275 3434 3331; x_wconf 65' lang='lat' dir='ltr'><strong>fieri,</strong></span> 
     </span>
    </p>
   </div>
   <div class='ocr_carea' id='block_1_64' title="bbox 141 3367 1736 3446">
    <p class='ocr_par' dir='ltr' id='par_1_64' title="bbox 141 3367 1736 3446">
     <span class='ocr_line' id='line_1_64' title="bbox 141 3367 1736 3446; baseline 0.009 -27"><span class='ocrx_word' id='word_1_436' title='bbox 141 3367 255 3420; x_wconf 80' lang='grc' dir='ltr'><strong>δων</strong></span> <span class='ocrx_word' id='word_1_437' title='bbox 281 3368 649 3440; x_wconf 72' lang='grc' dir='ltr'><strong>ἐγκαρτερεῖν</strong></span> <span class='ocrx_word' id='word_1_438' title='bbox 677 3371 945 3442; x_wconf 80' lang='grc' dir='ltr'><strong>διηνεκῶς</strong></span> <span class='ocrx_word' id='word_1_439' title='bbox 978 3376 1072 3428; x_wconf 82' lang='grc' dir='ltr'><strong>τὸν</strong></span> <span class='ocrx_word' id='word_1_440' title='bbox 1103 3378 1436 3446; x_wconf 86' lang='grc' dir='ltr'><strong>κρατοῦντα,</strong></span> <span class='ocrx_word' id='word_1_441' title='bbox 1478 3379 1736 3433; x_wconf 86' lang='grc' dir='ltr'><strong>τοσοῦτον</strong></span> 
     </span>
    </p>
   </div>
   <div class='ocr_carea' id='block_1_65' title="bbox 144 3459 1736 3540">
    <p class='ocr_par' dir='ltr' id='par_1_65' title="bbox 144 3459 1736 3540">
     <span class='ocr_line' id='line_1_65' title="bbox 144 3459 1736 3540; baseline 0.008 -30"><span class='ocrx_word' id='word_1_442' title='bbox 144 3461 172 3511; x_wconf 83' lang='grc' dir='ltr'><strong>ὸ</strong></span> <span class='ocrx_word' id='word_1_443' title='bbox 201 3459 335 3523; x_wconf 83' lang='grc' dir='ltr'><strong>νοῦς</strong></span> <span class='ocrx_word' id='word_1_444' title='bbox 366 3459 724 3514; x_wconf 65' lang='grc' dir='ltr'><strong>ἀπολελύσθαι</strong></span> <span class='ocrx_word' id='word_1_445' title='bbox 759 3464 1083 3532; x_wconf 83' lang='grc' dir='ltr'><strong>φροντίδων,</strong></span> <span class='ocrx_word' id='word_1_446' title='bbox 1113 3467 1239 3522; x_wconf 80' lang='grc' dir='ltr'><strong>ὅσον</strong></span> <span class='ocrx_word' id='word_1_447' title='bbox 1267 3485 1327 3521; x_wconf 88' lang='grc' dir='ltr'><strong>τε</strong></span> <span class='ocrx_word' id='word_1_448' title='bbox 1357 3469 1458 3537; x_wconf 78' lang='grc' dir='ltr'><strong>τὴν</strong></span> <span class='ocrx_word' id='word_1_449' title='bbox 1493 3470 1736 3540; x_wconf 80' lang='grc' dir='ltr'><strong>ἀθυμίαν</strong></span> 
     </span>
    </p>
   </div>
   <div class='ocr_carea' id='block_1_66' title="bbox 144 3550 1737 3634">
    <p class='ocr_par' dir='ltr' id='par_1_66' title="bbox 144 3550 1737 3634">
     <span class='ocr_line' id='line_1_66' title="bbox 144 3550 1737 3634; baseline 0.01 -33"><span class='ocrx_word' id='word_1_450' title='bbox 144 3550 525 3618; x_wconf 69' lang='grc' dir='ltr'><strong>ἀποσοϐῆσαι,</strong></span> <span class='ocrx_word' id='word_1_451' title='bbox 577 3553 672 3606; x_wconf 74' lang='grc' dir='ltr'><strong>καὶ</strong></span> <span class='ocrx_word' id='word_1_452' title='bbox 719 3557 794 3624; x_wconf 76' lang='grc' dir='ltr'><strong>μὴ</strong></span> <span class='ocrx_word' id='word_1_453' title='bbox 850 3559 1138 3627; x_wconf 78' lang='grc' dir='ltr'><strong>συνεχέσιν</strong></span> <span class='ocrx_word' id='word_1_454' title='bbox 1183 3559 1417 3630; x_wconf 75' lang='grc' dir='ltr'><strong>ὄμϐροις</strong></span> <span class='ocrx_word' id='word_1_455' title='bbox 1467 3561 1563 3616; x_wconf 88' lang='grc' dir='ltr'><strong>τοῦ</strong></span> <span class='ocrx_word' id='word_1_456' title='bbox 1609 3563 1737 3634; x_wconf 76' lang='grc' dir='ltr'><strong>τῇδε</strong></span> 
     </span>
    </p>
   </div>
   <div class='ocr_carea' id='block_1_67' title="bbox 149 3643 1736 3724">
    <p class='ocr_par' dir='ltr' id='par_1_67' title="bbox 149 3643 1736 3724">
     <span class='ocr_line' id='line_1_67' title="bbox 149 3643 1736 3724; baseline 0.011 -29"><span class='ocrx_word' id='word_1_457' title='bbox 149 3643 270 3710; x_wconf 81' lang='grc' dir='ltr'><strong>βίου</strong></span> <span class='ocrx_word' id='word_1_458' title='bbox 328 3647 797 3717; x_wconf 76' lang='grc' dir='ltr'><strong>κατακλυσθῆναι.</strong></span> <span class='ocrx_word' id='word_1_459' title='bbox 847 3651 1066 3706; x_wconf 84' lang='grc' dir='ltr'>Πολλῶν</span> <span class='ocrx_word' id='word_1_460' title='bbox 1114 3653 1224 3724; x_wconf 80' lang='grc' dir='ltr'><strong>γὰρ</strong></span> <span class='ocrx_word' id='word_1_461' title='bbox 1261 3653 1432 3710; x_wconf 72' lang='grc' dir='ltr'><strong>ὄντων</strong></span> <span class='ocrx_word' id='word_1_462' title='bbox 1463 3655 1560 3708; x_wconf 87' lang='grc' dir='ltr'><strong>καὶ</strong></span> <span class='ocrx_word' id='word_1_463' title='bbox 1617 3675 1736 3712; x_wconf 90' lang='grc' dir='ltr'><strong>ποι-</strong></span> 
     </span>
    </p>
   </div>
   <div class='ocr_carea' id='block_1_68' title="bbox 150 3739 1735 3816">
    <p class='ocr_par' dir='ltr' id='par_1_68' title="bbox 150 3739 1735 3816">
     <span class='ocr_line' id='line_1_68' title="bbox 150 3739 1735 3816; baseline 0.009 -27"><span class='ocrx_word' id='word_1_464' title='bbox 150 3739 350 3800; x_wconf 85' lang='grc' dir='ltr'><strong>κίλων,</strong></span> <span class='ocrx_word' id='word_1_465' title='bbox 383 3739 495 3790; x_wconf 89' lang='grc' dir='ltr'><strong>τῶν</strong></span> <span class='ocrx_word' id='word_1_466' title='bbox 549 3740 873 3812; x_wconf 79' lang='grc' dir='ltr'><strong>μεθημέραν</strong></span> <span class='ocrx_word' id='word_1_467' title='bbox 904 3743 999 3798; x_wconf 84' lang='grc' dir='ltr'><strong>καὶ</strong></span> <span class='ocrx_word' id='word_1_468' title='bbox 1046 3745 1268 3815; x_wconf 82' lang='grc' dir='ltr'><strong>νύκτωρ</strong></span> <span class='ocrx_word' id='word_1_469' title='bbox 1314 3748 1735 3816; x_wconf 78' lang='grc' dir='ltr'><strong>ἀναγκαζόντων</strong></span> 
     </span>
    </p>
   </div>
   <div class='ocr_carea' id='block_1_69' title="bbox 151 3831 1733 3912">
    <p class='ocr_par' dir='ltr' id='par_1_69' title="bbox 151 3831 1733 3912">
     <span class='ocr_line' id='line_1_69' title="bbox 151 3831 1733 3912; baseline 0.009 -30"><span class='ocrx_word' id='word_1_470' title='bbox 151 3831 488 3899; x_wconf 77' lang='grc' dir='ltr'><strong>φροντίζειν,</strong></span> <span class='ocrx_word' id='word_1_471' title='bbox 506 3832 746 3897; x_wconf 70' lang='grc' dir='ltr'><strong>εὐκόλως</strong></span> <span class='ocrx_word' id='word_1_472' title='bbox 775 3835 841 3889; x_wconf 82' lang='grc' dir='ltr'><strong>ἂν</strong></span> <span class='ocrx_word' id='word_1_473' title='bbox 873 3836 968 3890; x_wconf 67' lang='grc' dir='ltr'><strong>καὶ</strong></span> <span class='ocrx_word' id='word_1_474' title='bbox 995 3839 1023 3891; x_wconf 87' lang='grc' dir='ltr'><strong>ό</strong></span> <span class='ocrx_word' id='word_1_475' title='bbox 1049 3837 1234 3908; x_wconf 79' lang='grc' dir='ltr'><strong>ἄρχων</strong></span> <span class='ocrx_word' id='word_1_476' title='bbox 1261 3839 1360 3910; x_wconf 79' lang='grc' dir='ltr'><strong>τὴν</strong></span> <span class='ocrx_word' id='word_1_477' title='bbox 1385 3838 1528 3910; x_wconf 79' lang='grc' dir='ltr'><strong>ζωὴν</strong></span> <span class='ocrx_word' id='word_1_478' title='bbox 1557 3859 1733 3912; x_wconf 87' lang='grc' dir='ltr'><strong>προσ-</strong></span> 
     </span>
    </p>
   </div>
   <div class='ocr_carea' id='block_1_70' title="bbox 151 3925 1732 4006">
    <p class='ocr_par' dir='ltr' id='par_1_70' title="bbox 151 3925 1732 4006">
     <span class='ocr_line' id='line_1_70' title="bbox 151 3925 1732 4006; baseline 0.008 -30"><span class='ocrx_word' id='word_1_479' title='bbox 151 3925 467 3990; x_wconf 79' lang='grc' dir='ltr'><strong>απολὲσειε,</strong></span> <span class='ocrx_word' id='word_1_480' title='bbox 506 3927 801 3998; x_wconf 85' lang='grc' dir='ltr'><strong>πράγμασι</strong></span> <span class='ocrx_word' id='word_1_481' title='bbox 846 3929 1098 3986; x_wconf 89' lang='grc' dir='ltr'><strong>παλαίων</strong></span> <span class='ocrx_word' id='word_1_482' title='bbox 1146 3932 1255 3997; x_wconf 78' lang='grc' dir='ltr'><strong>ἀεὶ,</strong></span> <span class='ocrx_word' id='word_1_483' title='bbox 1292 3935 1563 4006; x_wconf 81' lang='grc' dir='ltr'><strong>μηδαμῶς</strong></span> <span class='ocrx_word' id='word_1_484' title='bbox 1613 3937 1732 3999; x_wconf 84' lang='grc' dir='ltr'><strong>τοῖς</strong></span> 
     </span>
    </p>
   </div>
   <div class='ocr_carea' id='block_1_71' title="bbox 152 4020 1734 4092">
    <p class='ocr_par' dir='ltr' id='par_1_71' title="bbox 152 4020 1734 4092">
     <span class='ocr_line' id='line_1_71' title="bbox 152 4020 1734 4092; baseline 0.009 -24"><span class='ocrx_word' id='word_1_485' title='bbox 152 4020 444 4088; x_wconf 76' lang='grc' dir='ltr'><strong>λογισμοῖς</strong></span> <span class='ocrx_word' id='word_1_486' title='bbox 473 4021 782 4092; x_wconf 75' lang='grc' dir='ltr'><strong>ἐκεχειρίαν</strong></span> <span class='ocrx_word' id='word_1_487' title='bbox 822 4023 1046 4077; x_wconf 79' lang='grc' dir='ltr'><strong>διδοῦσι.</strong></span> <span class='ocrx_word' id='word_1_488' title='bbox 1080 4026 1220 4078; x_wconf 80' lang='grc' dir='ltr'><strong>Φασὶ</strong></span> <span class='ocrx_word' id='word_1_489' title='bbox 1247 4026 1304 4079; x_wconf 83' lang='grc' dir='ltr'><strong>δὲ</strong></span> <span class='ocrx_word' id='word_1_490' title='bbox 1326 4026 1422 4082; x_wconf 88' lang='grc' dir='ltr'><strong>καί</strong></span> <span class='ocrx_word' id='word_1_491' title='bbox 1465 4043 1590 4082; x_wconf 87' lang='grc' dir='ltr'><strong>τινα</strong></span> <span class='ocrx_word' id='word_1_492' title='bbox 1625 4027 1734 4082; x_wconf 90' lang='grc' dir='ltr'><strong>τῶν</strong></span> 
     </span>
    </p>
   </div>
   <div class='ocr_carea' id='block_1_72' title="bbox 154 4111 1734 4190">
    <p class='ocr_par' dir='ltr' id='par_1_72' title="bbox 154 4111 1734 4190">
     <span class='ocr_line' id='line_1_72' title="bbox 154 4111 1734 4190; baseline 0.007 -28"><span class='ocrx_word' id='word_1_493' title='bbox 154 4111 324 4164; x_wconf 69' lang='grc' dir='ltr'><strong>παλαι</strong></span> <span class='ocrx_word' id='word_1_494' title='bbox 363 4111 659 4179; x_wconf 85' lang='grc' dir='ltr'><strong>μεγίστων,</strong></span> <span class='ocrx_word' id='word_1_495' title='bbox 713 4113 897 4185; x_wconf 74' lang='grc' dir='ltr'><strong>ἁδρῶς</strong></span> <span class='ocrx_word' id='word_1_496' title='bbox 942 4118 1056 4180; x_wconf 87' lang='grc' dir='ltr'><strong>τοῖς</strong></span> <span class='ocrx_word' id='word_1_497' title='bbox 1090 4118 1270 4186; x_wconf 80' lang='grc' dir='ltr'><strong>φίλοις</strong></span> <span class='ocrx_word' id='word_1_498' title='bbox 1321 4120 1734 4190; x_wconf 86' lang='grc' dir='ltr'><strong>συνευωχούμε-</strong></span> 
     </span>
    </p>
   </div>
   <div class='ocr_carea' id='block_1_73' title="bbox 154 4205 1732 4286">
    <p class='ocr_par' dir='ltr' id='par_1_73' title="bbox 154 4205 1732 4286">
     <span class='ocr_line' id='line_1_73' title="bbox 154 4205 1732 4286; baseline 0.008 -32"><span class='ocrx_word' id='word_1_499' title='bbox 154 4222 266 4270; x_wconf 85' lang='grc' dir='ltr'><strong>νον,</strong></span> <span class='ocrx_word' id='word_1_500' title='bbox 301 4205 498 4271; x_wconf 87' lang='grc' dir='ltr'><strong>είπεῖν,</strong></span> <span class='ocrx_word' id='word_1_501' title='bbox 535 4207 646 4260; x_wconf 85' lang='grc' dir='ltr'><strong>δεῖν</strong></span> <span class='ocrx_word' id='word_1_502' title='bbox 696 4208 786 4262; x_wconf 80' lang='grc' dir='ltr'><strong>τὸν</strong></span> <span class='ocrx_word' id='word_1_503' title='bbox 837 4207 961 4262; x_wconf 82' lang='grc' dir='ltr'><strong>νοῦν</strong></span> <span class='ocrx_word' id='word_1_504' title='bbox 1001 4213 1304 4282; x_wconf 80' lang='grc' dir='ltr'><strong>φροντίδων</strong></span> <span class='ocrx_word' id='word_1_505' title='bbox 1338 4213 1507 4284; x_wconf 86' lang='grc' dir='ltr'><strong>λύειν,</strong></span> <span class='ocrx_word' id='word_1_506' title='bbox 1543 4215 1732 4286; x_wconf 84' lang='grc' dir='ltr'><strong>ὥσπερ</strong></span> 
     </span>
    </p>
   </div>
   <div class='ocr_carea' id='block_1_74' title="bbox 155 4297 1732 4375">
    <p class='ocr_par' dir='ltr' id='par_1_74' title="bbox 155 4297 1732 4375">
     <span class='ocr_line' id='line_1_74' title="bbox 155 4297 1732 4375; baseline 0.007 -26"><span class='ocrx_word' id='word_1_507' title='bbox 155 4298 224 4349; x_wconf 77' lang='grc' dir='ltr'><strong>τα</strong></span> <span class='ocrx_word' id='word_1_508' title='bbox 251 4297 383 4362; x_wconf 81' lang='grc' dir='ltr'><strong>τόξα</strong></span> <span class='ocrx_word' id='word_1_509' title='bbox 419 4299 528 4351; x_wconf 88' lang='grc' dir='ltr'><strong>τῶν</strong></span> <span class='ocrx_word' id='word_1_510' title='bbox 554 4301 764 4370; x_wconf 86' lang='grc' dir='ltr'><strong>νευρῶν</strong></span> <span class='ocrx_word' id='word_1_511' title='bbox 788 4302 1123 4372; x_wconf 86' lang='grc' dir='ltr'><strong>ἀπολύομεν,</strong></span> <span class='ocrx_word' id='word_1_512' title='bbox 1154 4307 1202 4358; x_wconf 87' lang='grc' dir='ltr'><strong>εί</strong></span> <span class='ocrx_word' id='word_1_513' title='bbox 1231 4307 1524 4375; x_wconf 72' lang='grc' dir='ltr'><strong>μέλλοιμεν</strong></span> <span class='ocrx_word' id='word_1_514' title='bbox 1549 4309 1732 4372; x_wconf 81' lang='grc' dir='ltr'><strong>αὐτοῖς</strong></span> 
     </span>
    </p>
   </div>
   <div class='ocr_carea' id='block_1_75' title="bbox 161 4387 1732 4467">
    <p class='ocr_par' dir='ltr' id='par_1_75' title="bbox 161 4387 1732 4467">
     <span class='ocr_line' id='line_1_75' title="bbox 161 4387 1732 4467; baseline 0.008 -27"><span class='ocrx_word' id='word_1_515' title='bbox 161 4391 406 4459; x_wconf 80' lang='grc' dir='ltr'><strong>ἰσχυροῖς</strong></span> <span class='ocrx_word' id='word_1_516' title='bbox 431 4387 586 4454; x_wconf 79' lang='grc' dir='ltr'><strong>αὖθις</strong></span> <span class='ocrx_word' id='word_1_517' title='bbox 617 4393 879 4462; x_wconf 75' lang='grc' dir='ltr'><strong>χρῆσθαι,</strong></span> <span class='ocrx_word' id='word_1_518' title='bbox 928 4395 1339 4450; x_wconf 79' lang='grc' dir='ltr'><strong>ἑπαναλασοῦσι</strong></span> <span class='ocrx_word' id='word_1_519' title='bbox 1369 4396 1470 4467; x_wconf 77' lang='grc' dir='ltr'><strong>τὴν</strong></span> <span class='ocrx_word' id='word_1_520' title='bbox 1517 4399 1732 4452; x_wconf 88' lang='grc' dir='ltr'><strong>οίκείαν</strong></span> 
     </span>
    </p>
   </div>
   <div class='ocr_carea' id='block_1_76' title="bbox 157 4485 1731 4562">
    <p class='ocr_par' dir='ltr' id='par_1_76' title="bbox 157 4485 1731 4562">
     <span class='ocr_line' id='line_1_76' title="bbox 157 4485 1731 4562; baseline 0.006 -26"><span class='ocrx_word' id='word_1_521' title='bbox 157 4485 404 4552; x_wconf 69' lang='grc' dir='ltr'><strong>δῦναμιν.</strong></span> <span class='ocrx_word' id='word_1_522' title='bbox 443 4485 590 4554; x_wconf 82' lang='grc' dir='ltr'><strong>Πλήν</strong></span> <span class='ocrx_word' id='word_1_523' title='bbox 614 4503 678 4554; x_wconf 84' lang='grc' dir='ltr'><strong>γε</strong></span> <span class='ocrx_word' id='word_1_524' title='bbox 705 4489 771 4558; x_wconf 82' lang='grc' dir='ltr'><strong>τῇ</strong></span> <span class='ocrx_word' id='word_1_525' title='bbox 804 4488 1055 4558; x_wconf 72' lang='grc' dir='ltr'><strong>ῥᾳστώνῃ</strong></span> <span class='ocrx_word' id='word_1_526' title='bbox 1086 4489 1371 4558; x_wconf 79' lang='grc' dir='ltr'><strong>χρώμεθα,</strong></span> <span class='ocrx_word' id='word_1_527' title='bbox 1401 4489 1476 4554; x_wconf 85' lang='grc' dir='ltr'><strong>ῶς</strong></span> <span class='ocrx_word' id='word_1_528' title='bbox 1499 4509 1602 4544; x_wconf 82' lang='grc' dir='ltr'><strong>τινι</strong></span> <span class='ocrx_word' id='word_1_529' title='bbox 1630 4493 1731 4562; x_wconf 86' lang='grc' dir='ltr'><strong>τῆς</strong></span> 
     </span>
    </p>
   </div>
   <div class='ocr_carea' id='block_1_77' title="bbox 158 4574 1728 4652">
    <p class='ocr_par' dir='ltr' id='par_1_77' title="bbox 158 4574 1728 4652">
     <span class='ocr_line' id='line_1_77' title="bbox 158 4574 1728 4652; baseline 0.006 -26"><span class='ocrx_word' id='word_1_530' title='bbox 158 4574 393 4642; x_wconf 83' lang='grc' dir='ltr'><strong>ἀθυμίας</strong></span> <span class='ocrx_word' id='word_1_531' title='bbox 418 4575 727 4646; x_wconf 80' lang='grc' dir='ltr'><strong>βοηθήματι</strong></span> <span class='ocrx_word' id='word_1_532' title='bbox 751 4596 766 4610; x_wconf 92' lang='grc'><strong>·</strong></span> <span class='ocrx_word' id='word_1_533' title='bbox 798 4577 974 4641; x_wconf 73' lang='grc' dir='ltr'><strong>ἄλλως</strong></span> <span class='ocrx_word' id='word_1_534' title='bbox 1003 4579 1060 4633; x_wconf 74' lang='grc' dir='ltr'><strong>δὲ</strong></span> <span class='ocrx_word' id='word_1_535' title='bbox 1088 4579 1259 4649; x_wconf 83' lang='grc' dir='ltr'><strong>αὐτὴν</strong></span> <span class='ocrx_word' id='word_1_536' title='bbox 1289 4582 1728 4652; x_wconf 75' lang='grc' dir='ltr'><strong>ἀπορῤίπτομεν,</strong></span> 
     </span>
    </p>
   </div>
   <div class='ocr_carea' id='block_1_78' title="bbox 1844 3369 3420 3446">
    <p class='ocr_par' dir='ltr' id='par_1_78' title="bbox 1844 3369 3420 3446">
     <span class='ocr_line' id='line_1_78' title="bbox 1844 3369 3420 3446; baseline -0.005 -14"><span class='ocrx_word' id='word_1_537' title='bbox 1844 3375 2056 3446; x_wconf 82' lang='lat' dir='ltr'><strong>nequit.</strong></span> <span class='ocrx_word' id='word_1_538' title='bbox 2087 3383 2145 3430; x_wconf 91' lang='lat' dir='ltr'><strong>ut</strong></span> <span class='ocrx_word' id='word_1_539' title='bbox 2169 3381 2436 3444; x_wconf 90' lang='lat' dir='ltr'><strong>perpetuo</strong></span> <span class='ocrx_word' id='word_1_540' title='bbox 2458 3386 2724 3428; x_wconf 87' lang='lat' dir='ltr'><strong>curarum</strong></span> <span class='ocrx_word' id='word_1_541' title='bbox 2753 3369 3028 3425; x_wconf 82' lang='lat' dir='ltr'><strong>ﬂammam</strong></span> <span class='ocrx_word' id='word_1_542' title='bbox 3056 3369 3326 3426; x_wconf 88' lang='lat' dir='ltr'><strong>sustineat</strong></span> <span class='ocrx_word' id='word_1_543' title='bbox 3352 3369 3420 3434; x_wconf 87' lang='lat' dir='ltr'><strong>is,</strong></span> 
     </span>
    </p>
   </div>
   <div class='ocr_carea' id='block_1_79' title="bbox 1838 3464 3418 3540">
    <p class='ocr_par' dir='ltr' id='par_1_79' title="bbox 1838 3464 3418 3540">
     <span class='ocr_line' id='line_1_79' title="bbox 1838 3464 3418 3540; baseline -0.004 -17"><span class='ocrx_word' id='word_1_544' title='bbox 1838 3469 1933 3540; x_wconf 93' lang='lat' dir='ltr'><strong>qui</strong></span> <span class='ocrx_word' id='word_1_545' title='bbox 1974 3483 2157 3523; x_wconf 91' lang='lat' dir='ltr'><strong>rerum</strong></span> <span class='ocrx_word' id='word_1_546' title='bbox 2213 3467 2442 3537; x_wconf 90' lang='lat' dir='ltr'><strong>potitur,</strong></span> <span class='ocrx_word' id='word_1_547' title='bbox 2485 3473 2714 3520; x_wconf 80' lang='lat' dir='ltr'><strong>eatenus</strong></span> <span class='ocrx_word' id='word_1_548' title='bbox 2775 3479 2931 3520; x_wconf 89' lang='lat' dir='ltr'><strong>mens</strong></span> <span class='ocrx_word' id='word_1_549' title='bbox 2962 3464 3114 3519; x_wconf 88' lang='lat' dir='ltr'><strong>curis</strong></span> <span class='ocrx_word' id='word_1_550' title='bbox 3150 3464 3418 3527; x_wconf 88' lang='lat' dir='ltr'><strong>solvatur,</strong></span> 
     </span>
    </p>
   </div>
   <div class='ocr_carea' id='block_1_80' title="bbox 1837 3555 3420 3632">
    <p class='ocr_par' dir='ltr' id='par_1_80' title="bbox 1837 3555 3420 3632">
     <span class='ocr_line' id='line_1_80' title="bbox 1837 3555 3420 3632; baseline -0.004 -16"><span class='ocrx_word' id='word_1_551' title='bbox 1837 3570 2112 3632; x_wconf 90' lang='lat' dir='ltr'><strong>quatenus</strong></span> <span class='ocrx_word' id='word_1_552' title='bbox 2136 3567 2192 3614; x_wconf 89' lang='lat' dir='ltr'><strong>et</strong></span> <span class='ocrx_word' id='word_1_553' title='bbox 2211 3559 2378 3613; x_wconf 84' lang='lat' dir='ltr'><strong>animi</strong></span> <span class='ocrx_word' id='word_1_554' title='bbox 2411 3557 2717 3613; x_wconf 84' lang='lat' dir='ltr'><strong>molestiam</strong></span> <span class='ocrx_word' id='word_1_555' title='bbox 2744 3555 3001 3627; x_wconf 87' lang='lat' dir='ltr'><strong>depellat,</strong></span> <span class='ocrx_word' id='word_1_556' title='bbox 3021 3571 3123 3612; x_wconf 89' lang='lat' dir='ltr'><strong>nec</strong></span> <span class='ocrx_word' id='word_1_557' title='bbox 3149 3555 3420 3610; x_wconf 89' lang='lat' dir='ltr'><strong>imbribus</strong></span> 
     </span>
    </p>
   </div>
   <div class='ocr_carea' id='block_1_81' title="bbox 1841 3650 3420 3726">
    <p class='ocr_par' dir='ltr' id='par_1_81' title="bbox 1841 3650 3420 3726">
     <span class='ocr_line' id='line_1_81' title="bbox 1841 3650 3420 3726; baseline -0.002 -18"><span class='ocrx_word' id='word_1_558' title='bbox 1841 3654 2009 3726; x_wconf 84' lang='lat' dir='ltr'><strong>hujus</strong></span> <span class='ocrx_word' id='word_1_559' title='bbox 2041 3654 2166 3708; x_wconf 65' lang='lat' dir='ltr'><strong>vita</strong></span> <span class='ocrx_word' id='word_1_560' title='bbox 2187 3651 2465 3707; x_wconf 89' lang='lat' dir='ltr'><strong>continuis</strong></span> <span class='ocrx_word' id='word_1_561' title='bbox 2487 3652 2770 3706; x_wconf 90' lang='lat' dir='ltr'><strong>obruatur.</strong></span> <span class='ocrx_word' id='word_1_562' title='bbox 2796 3650 2930 3706; x_wconf 82' lang='lat' dir='ltr'><strong>Nam</strong></span> <span class='ocrx_word' id='word_1_563' title='bbox 2946 3666 3068 3706; x_wconf 92' lang='lat' dir='ltr'><strong>cum</strong></span> <span class='ocrx_word' id='word_1_564' title='bbox 3100 3651 3265 3705; x_wconf 90' lang='lat' dir='ltr'><strong>multa</strong></span> <span class='ocrx_word' id='word_1_565' title='bbox 3288 3651 3420 3718; x_wconf 89' lang='lat' dir='ltr'><strong>sint,</strong></span> 
     </span>
    </p>
   </div>
   <div class='ocr_carea' id='block_1_82' title="bbox 1840 3743 3420 3817">
    <p class='ocr_par' dir='ltr' id='par_1_82' title="bbox 1840 3743 3420 3817">
     <span class='ocr_line' id='line_1_82' title="bbox 1840 3743 3420 3817; baseline -0.004 -14"><span class='ocrx_word' id='word_1_566' title='bbox 1840 3762 2020 3817; x_wconf 88' lang='lat' dir='ltr'><strong>eaque</strong></span> <span class='ocrx_word' id='word_1_567' title='bbox 2043 3745 2217 3810; x_wconf 90' lang='lat' dir='ltr'><strong>varia,</strong></span> <span class='ocrx_word' id='word_1_568' title='bbox 2269 3760 2391 3815; x_wconf 75' lang='lat' dir='ltr'><strong>quat</strong></span> <span class='ocrx_word' id='word_1_569' title='bbox 2424 3752 2532 3799; x_wconf 84' lang='lat' dir='ltr'><strong>tam</strong></span> <span class='ocrx_word' id='word_1_570' title='bbox 2570 3743 2836 3807; x_wconf 91' lang='lat' dir='ltr'><strong>interdiu,</strong></span> <span class='ocrx_word' id='word_1_571' title='bbox 2867 3759 3031 3814; x_wconf 87' lang='lat' dir='ltr'><strong>quam</strong></span> <span class='ocrx_word' id='word_1_572' title='bbox 3064 3752 3228 3799; x_wconf 89' lang='lat' dir='ltr'><strong>noctu</strong></span> <span class='ocrx_word' id='word_1_573' title='bbox 3267 3744 3420 3814; x_wconf 87' lang='lat' dir='ltr'><strong>prin-</strong></span> 
     </span>
    </p>
   </div>
   <div class='ocr_carea' id='block_1_83' title="bbox 1837 3835 3419 3910">
    <p class='ocr_par' dir='ltr' id='par_1_83' title="bbox 1837 3835 3419 3910">
     <span class='ocr_line' id='line_1_83' title="bbox 1837 3835 3419 3910; baseline -0.001 -17"><span class='ocrx_word' id='word_1_574' title='bbox 1837 3840 2014 3910; x_wconf 91' lang='lat' dir='ltr'><strong>cipem</strong></span> <span class='ocrx_word' id='word_1_575' title='bbox 2050 3837 2345 3893; x_wconf 91' lang='lat' dir='ltr'><strong>sollicitum</strong></span> <span class='ocrx_word' id='word_1_576' title='bbox 2385 3851 2509 3892; x_wconf 89' lang='lat' dir='ltr'><strong>esse</strong></span> <span class='ocrx_word' id='word_1_577' title='bbox 2570 3845 2796 3907; x_wconf 78' lang='lat' dir='ltr'><strong>cogunt,</strong></span> <span class='ocrx_word' id='word_1_578' title='bbox 2835 3835 2995 3892; x_wconf 89' lang='lat' dir='ltr'><strong>facile</strong></span> <span class='ocrx_word' id='word_1_579' title='bbox 3020 3837 3186 3894; x_wconf 89' lang='lat' dir='ltr'><strong>vitam</strong></span> <span class='ocrx_word' id='word_1_580' title='bbox 3225 3839 3419 3894; x_wconf 82' lang='lat' dir='ltr'><strong>amise-</strong></span> 
     </span>
    </p>
   </div>
   <div class='ocr_carea' id='block_1_84' title="bbox 1838 3925 3421 3998">
    <p class='ocr_par' dir='ltr' id='par_1_84' title="bbox 1838 3925 3421 3998">
     <span class='ocr_line' id='line_1_84' title="bbox 1838 3925 3421 3998; baseline 0.003 -20"><span class='ocrx_word' id='word_1_581' title='bbox 1838 3925 1933 3989; x_wconf 92' lang='lat' dir='ltr'><strong>rit,</strong></span> <span class='ocrx_word' id='word_1_582' title='bbox 1969 3940 2182 3993; x_wconf 90' lang='lat' dir='ltr'><strong>semper</strong></span> <span class='ocrx_word' id='word_1_583' title='bbox 2212 3940 2338 3980; x_wconf 86' lang='lat' dir='ltr'><strong>cutn</strong></span> <span class='ocrx_word' id='word_1_584' title='bbox 2386 3925 2621 3996; x_wconf 88' lang='lat' dir='ltr'><strong>negotiis</strong></span> <span class='ocrx_word' id='word_1_585' title='bbox 2661 3925 3012 3983; x_wconf 89' lang='lat' dir='ltr'><strong>colluctando</strong></span> <span class='ocrx_word' id='word_1_586' title='bbox 3036 3967 3053 3990; x_wconf 86' lang='lat'><strong>.</strong></span> <span class='ocrx_word' id='word_1_587' title='bbox 3085 3944 3207 3998; x_wconf 73' lang='lat' dir='ltr'><strong>qua:</strong></span> <span class='ocrx_word' id='word_1_588' title='bbox 3239 3928 3421 3986; x_wconf 87' lang='lat' dir='ltr'><strong>nullas</strong></span> 
     </span>
    </p>
   </div>
   <div class='ocr_carea' id='block_1_85' title="bbox 1835 4015 3421 4085">
    <p class='ocr_par' dir='ltr' id='par_1_85' title="bbox 1835 4015 3421 4085">
     <span class='ocr_line' id='line_1_85' title="bbox 1835 4015 3421 4085; baseline 0.004 -16"><span class='ocrx_word' id='word_1_589' title='bbox 1835 4015 2058 4070; x_wconf 92' lang='lat' dir='ltr'><strong>omnino</strong></span> <span class='ocrx_word' id='word_1_590' title='bbox 2081 4015 2766 4085; x_wconf 88' lang='lat' dir='ltr'><strong>cogitationibusinducias</strong></span> <span class='ocrx_word' id='word_1_591' title='bbox 2785 4019 3106 4074; x_wconf 83' lang='lat' dir='ltr'><strong>concedant.</strong></span> <span class='ocrx_word' id='word_1_592' title='bbox 3122 4021 3421 4076; x_wconf 87' lang='lat' dir='ltr'><strong>Perhibent</strong></span> 
     </span>
    </p>
   </div>
   <div class='ocr_carea' id='block_1_86' title="bbox 1833 4105 3414 4178">
    <p class='ocr_par' dir='ltr' id='par_1_86' title="bbox 1833 4105 3414 4178">
     <span class='ocr_line' id='line_1_86' title="bbox 1833 4105 3414 4178; baseline 0.005 -20"><span class='ocrx_word' id='word_1_593' title='bbox 1833 4105 2128 4178; x_wconf 88' lang='lat' dir='ltr'><strong>quemdam</strong></span> <span class='ocrx_word' id='word_1_594' title='bbox 2187 4107 2492 4162; x_wconf 82' lang='lat' dir='ltr'><strong>maximum</strong></span> <span class='ocrx_word' id='word_1_595' title='bbox 2549 4109 2828 4178; x_wconf 87' lang='lat' dir='ltr'><strong>quondam</strong></span> <span class='ocrx_word' id='word_1_596' title='bbox 2863 4110 3065 4175; x_wconf 90' lang='lat' dir='ltr'><strong>virum,</strong></span> <span class='ocrx_word' id='word_1_597' title='bbox 3100 4111 3252 4168; x_wconf 78' lang='lat' dir='ltr'><strong>laute</strong></span> <span class='ocrx_word' id='word_1_598' title='bbox 3287 4129 3414 4167; x_wconf 91' lang='lat' dir='ltr'><strong>cum</strong></span> 
     </span>
    </p>
   </div>
   <div class='ocr_carea' id='block_1_87' title="bbox 1837 4199 3420 4271">
    <p class='ocr_par' dir='ltr' id='par_1_87' title="bbox 1837 4199 3420 4271">
     <span class='ocr_line' id='line_1_87' title="bbox 1837 4199 3420 4271; baseline 0.006 -17"><span class='ocrx_word' id='word_1_599' title='bbox 1837 4199 2029 4256; x_wconf 88' lang='lat' dir='ltr'><strong>amicis</strong></span> <span class='ocrx_word' id='word_1_600' title='bbox 2064 4202 2418 4271; x_wconf 72' lang='lat' dir='ltr'><strong>epulantem,</strong></span> <span class='ocrx_word' id='word_1_601' title='bbox 2466 4202 2697 4268; x_wconf 84' lang='lat' dir='ltr'><strong>dixisse,</strong></span> <span class='ocrx_word' id='word_1_602' title='bbox 2733 4213 2971 4260; x_wconf 88' lang='lat' dir='ltr'><strong>mentem</strong></span> <span class='ocrx_word' id='word_1_603' title='bbox 3001 4207 3152 4264; x_wconf 86' lang='lat' dir='ltr'><strong>curis</strong></span> <span class='ocrx_word' id='word_1_604' title='bbox 3189 4209 3420 4264; x_wconf 87' lang='lat' dir='ltr'><strong>solven-</strong></span> 
     </span>
    </p>
   </div>
   <div class='ocr_carea' id='block_1_88' title="bbox 1836 4293 3417 4373">
    <p class='ocr_par' dir='ltr' id='par_1_88' title="bbox 1836 4293 3417 4373">
     <span class='ocr_line' id='line_1_88' title="bbox 1836 4293 3417 4373; baseline 0.004 -25"><span class='ocrx_word' id='word_1_605' title='bbox 1836 4293 1960 4348; x_wconf 87' lang='lat' dir='ltr'><strong>dam</strong></span> <span class='ocrx_word' id='word_1_606' title='bbox 1990 4309 2133 4362; x_wconf 87' lang='lat' dir='ltr'><strong>esse,</strong></span> <span class='ocrx_word' id='word_1_607' title='bbox 2160 4296 2305 4350; x_wconf 87' lang='lat' dir='ltr'><strong>sicut</strong></span> <span class='ocrx_word' id='word_1_608' title='bbox 2330 4310 2492 4351; x_wconf 89' lang='lat' dir='ltr'><strong>arcus</strong></span> <span class='ocrx_word' id='word_1_609' title='bbox 2523 4312 2787 4353; x_wconf 87' lang='lat' dir='ltr'><strong>enervare</strong></span> <span class='ocrx_word' id='word_1_610' title='bbox 2812 4299 3110 4366; x_wconf 87' lang='lat' dir='ltr'><strong>soleamus,</strong></span> <span class='ocrx_word' id='word_1_611' title='bbox 3142 4303 3417 4373; x_wconf 88' lang='lat' dir='ltr'><strong>siquidem</strong></span> 
     </span>
    </p>
   </div>
   <div class='ocr_carea' id='block_1_89' title="bbox 1835 4385 3414 4455">
    <p class='ocr_par' dir='ltr' id='par_1_89' title="bbox 1835 4385 3414 4455">
     <span class='ocr_line' id='line_1_89' title="bbox 1835 4385 3414 4455; baseline 0.007 -16"><span class='ocrx_word' id='word_1_612' title='bbox 1835 4385 1944 4440; x_wconf 88' lang='lat' dir='ltr'><strong>illis</strong></span> <span class='ocrx_word' id='word_1_613' title='bbox 1977 4387 2170 4440; x_wconf 90' lang='lat' dir='ltr'><strong>iterum</strong></span> <span class='ocrx_word' id='word_1_614' title='bbox 2203 4387 2399 4442; x_wconf 87' lang='lat' dir='ltr'><strong>validis</strong></span> <span class='ocrx_word' id='word_1_615' title='bbox 2435 4388 2514 4442; x_wconf 89' lang='lat' dir='ltr'><strong>uti</strong></span> <span class='ocrx_word' id='word_1_616' title='bbox 2548 4389 2780 4446; x_wconf 84' lang='lat' dir='ltr'><strong>velimus</strong></span> <span class='ocrx_word' id='word_1_617' title='bbox 2807 4430 2822 4455; x_wconf 92' lang='lat'><strong>,</strong></span> <span class='ocrx_word' id='word_1_618' title='bbox 2877 4390 3196 4449; x_wconf 91' lang='lat' dir='ltr'><strong>instauratis</strong></span> <span class='ocrx_word' id='word_1_619' title='bbox 3224 4410 3414 4450; x_wconf 88' lang='lat' dir='ltr'><strong>eorum</strong></span> 
     </span>
    </p>
   </div>
   <div class='ocr_carea' id='block_1_90' title="bbox 1835 4477 3412 4552">
    <p class='ocr_par' dir='ltr' id='par_1_90' title="bbox 1835 4477 3412 4552">
     <span class='ocr_line' id='line_1_90' title="bbox 1835 4477 3412 4552; baseline 0.005 -20"><span class='ocrx_word' id='word_1_620' title='bbox 1835 4477 2068 4532; x_wconf 85' lang='lat' dir='ltr'><strong>viribus.</strong></span> <span class='ocrx_word' id='word_1_621' title='bbox 2099 4477 2222 4534; x_wconf 30' lang='lat' dir='ltr'><strong>Sed.</strong></span> <span class='ocrx_word' id='word_1_622' title='bbox 2245 4480 2345 4534; x_wconf 87' lang='lat' dir='ltr'><strong>hac</strong></span> <span class='ocrx_word' id='word_1_623' title='bbox 2379 4490 2562 4536; x_wconf 91' lang='lat' dir='ltr'><strong>tamen</strong></span> <span class='ocrx_word' id='word_1_624' title='bbox 2595 4481 2927 4539; x_wconf 83' lang='lat' dir='ltr'><strong>relaxatione</strong></span> <span class='ocrx_word' id='word_1_625' title='bbox 2950 4485 3144 4541; x_wconf 87' lang='lat' dir='ltr'><strong>saltem</strong></span> <span class='ocrx_word' id='word_1_626' title='bbox 3183 4489 3412 4552; x_wconf 88' lang='lat' dir='ltr'><strong>utimur,</strong></span> 
     </span>
    </p>
   </div>
   <div class='ocr_carea' id='block_1_91' title="bbox 1837 4569 3412 4645">
    <p class='ocr_par' dir='ltr' id='par_1_91' title="bbox 1837 4569 3412 4645">
     <span class='ocr_line' id='line_1_91' title="bbox 1837 4569 3412 4645; baseline 0.006 -21"><span class='ocrx_word' id='word_1_627' title='bbox 1837 4569 2004 4625; x_wconf 83' lang='lat' dir='ltr'><strong>veluti</strong></span> <span class='ocrx_word' id='word_1_628' title='bbox 2054 4574 2292 4642; x_wconf 90' lang='lat' dir='ltr'><strong>quodam</strong></span> <span class='ocrx_word' id='word_1_629' title='bbox 2340 4574 2686 4644; x_wconf 63' lang='lat' dir='ltr'><strong>aegritudinis</strong></span> <span class='ocrx_word' id='word_1_630' title='bbox 2739 4577 2914 4632; x_wconf 90' lang='lat' dir='ltr'><strong>animi</strong></span> <span class='ocrx_word' id='word_1_631' title='bbox 2979 4579 3412 4645; x_wconf 75' lang='lat' dir='ltr'><strong>remedio;.ctuu</strong></span> 
     </span>
    </p>
   </div>
   <div class='ocr_carea' id='block_1_92' title="bbox 159 4655 1735 4745">
    <p class='ocr_par' dir='ltr' id='par_1_92' title="bbox 159 4667 1720 4745">
     <span class='ocr_line' id='line_1_92' title="bbox 159 4667 1720 4745; baseline 0.006 -25"><span class='ocrx_word' id='word_1_632' title='bbox 159 4670 243 4720; x_wconf 83' lang='grc' dir='ltr'><strong>ἵνα</strong></span> <span class='ocrx_word' id='word_1_633' title='bbox 277 4667 350 4736; x_wconf 79' lang='grc' dir='ltr'><strong>μὴ</strong></span> <span class='ocrx_word' id='word_1_634' title='bbox 379 4667 516 4721; x_wconf 76' lang='grc' dir='ltr'><strong>πολὺ</strong></span> <span class='ocrx_word' id='word_1_635' title='bbox 553 4670 767 4740; x_wconf 74' lang='grc' dir='ltr'><strong>τρυφᾷν</strong></span> <span class='ocrx_word' id='word_1_636' title='bbox 791 4671 1124 4741; x_wconf 80' lang='grc' dir='ltr'><strong>ἐφιεμένοις,</strong></span> <span class='ocrx_word' id='word_1_637' title='bbox 1149 4673 1286 4726; x_wconf 85' lang='grc' dir='ltr'><strong>πολὺ</strong></span> <span class='ocrx_word' id='word_1_638' title='bbox 1326 4675 1464 4745; x_wconf 75' lang='grc' dir='ltr'><strong>πρὸς</strong></span> <span class='ocrx_word' id='word_1_639' title='bbox 1491 4676 1720 4730; x_wconf 80' lang='grc' dir='ltr'><strong>τούναν-</strong></span> 
     </span>
    </p>
   </div>
   <div class='ocr_carea' id='block_1_93' title="bbox 1843 4655 3410 4745">
    <p class='ocr_par' dir='ltr' id='par_1_93' title="bbox 1843 4662 3410 4739">
     <span class='ocr_line' id='line_1_93' title="bbox 1843 4662 3410 4739; baseline 0.004 -21"><span class='ocrx_word' id='word_1_640' title='bbox 1843 4678 1952 4718; x_wconf 73' lang='lat' dir='ltr'><strong>:atn</strong></span> <span class='ocrx_word' id='word_1_641' title='bbox 2013 4662 2309 4732; x_wconf 68' lang='lat' dir='ltr'><strong>cmteroqui</strong></span> <span class='ocrx_word' id='word_1_642' title='bbox 2348 4664 2689 4734; x_wconf 86' lang='lat' dir='ltr'><strong>rejiciamus,</strong></span> <span class='ocrx_word' id='word_1_643' title='bbox 2729 4683 2797 4722; x_wconf 87' lang='lat' dir='ltr'><strong>ne</strong></span> <span class='ocrx_word' id='word_1_644' title='bbox 2842 4667 3146 4739; x_wconf 81' lang='lat' dir='ltr'><strong>voluptates</strong></span> <span class='ocrx_word' id='word_1_645' title='bbox 3179 4669 3410 4724; x_wconf 89' lang='lat' dir='ltr'><strong>nimium</strong></span> 
     </span>
    </p>
   </div>
   <div class='ocr_carea' id='block_1_94' title="bbox 158 4756 1735 4840">
    <p class='ocr_par' dir='ltr' id='par_1_94' title="bbox 158 4763 1724 4840">
     <span class='ocr_line' id='line_1_94' title="bbox 158 4763 1724 4840; baseline 0.006 -26"><span class='ocrx_word' id='word_1_646' title='bbox 158 4763 269 4814; x_wconf 80' lang='grc' dir='ltr'><strong>τίον</strong></span> <span class='ocrx_word' id='word_1_647' title='bbox 299 4763 430 4833; x_wconf 72' lang='grc' dir='ltr'><strong>ἡμῖν</strong></span> <span class='ocrx_word' id='word_1_648' title='bbox 479 4765 715 4833; x_wconf 77' lang='grc' dir='ltr'><strong>περιστῇ</strong></span> <span class='ocrx_word' id='word_1_649' title='bbox 763 4764 825 4816; x_wconf 79' lang='grc' dir='ltr'><strong>τὸ</strong></span> <span class='ocrx_word' id='word_1_650' title='bbox 863 4765 1134 4834; x_wconf 84' lang='grc' dir='ltr'><strong>βούλημα.</strong></span> <span class='ocrx_word' id='word_1_651' title='bbox 1178 4767 1253 4821; x_wconf 81' lang='grc' dir='ltr'><strong>Τὸ</strong></span> <span class='ocrx_word' id='word_1_652' title='bbox 1287 4770 1398 4840; x_wconf 77' lang='grc' dir='ltr'><strong>γὰρ</strong></span> <span class='ocrx_word' id='word_1_653' title='bbox 1445 4770 1503 4831; x_wconf 81' lang='grc' dir='ltr'><strong>ἐς</strong></span> <span class='ocrx_word' id='word_1_654' title='bbox 1550 4768 1724 4838; x_wconf 83' lang='grc' dir='ltr'><strong>ἀκρον</strong></span> 
     </span>
    </p>
   </div>
   <div class='ocr_carea' id='block_1_95' title="bbox 1843 4756 3410 4840">
    <p class='ocr_par' dir='ltr' id='par_1_95' title="bbox 1843 4756 3410 4827">
     <span class='ocr_line' id='line_1_95' title="bbox 1843 4756 3410 4827; baseline 0.002 -16"><span class='ocrx_word' id='word_1_655' title='bbox 1843 4757 2197 4826; x_wconf 84' lang='lat' dir='ltr'><strong>:aptantibus,</strong></span> <span class='ocrx_word' id='word_1_656' title='bbox 2218 4756 2270 4810; x_wconf 90' lang='lat' dir='ltr'><strong>in</strong></span> <span class='ocrx_word' id='word_1_657' title='bbox 2287 4757 2559 4813; x_wconf 86' lang='lat' dir='ltr'><strong>diversam</strong></span> <span class='ocrx_word' id='word_1_658' title='bbox 2580 4767 2789 4827; x_wconf 85' lang='lat' dir='ltr'><strong>partem</strong></span> <span class='ocrx_word' id='word_1_659' title='bbox 2811 4760 3027 4816; x_wconf 88' lang='lat' dir='ltr'><strong>animus</strong></span> <span class='ocrx_word' id='word_1_660' title='bbox 3043 4760 3251 4815; x_wconf 89' lang='lat' dir='ltr'><strong>tendat.</strong></span> <span class='ocrx_word' id='word_1_661' title='bbox 3275 4759 3410 4814; x_wconf 82' lang='lat' dir='ltr'><strong>Nam</strong></span> 
     </span>
    </p>
   </div>
   <div class='ocr_carea' id='block_1_96' title="bbox 160 4853 1597 4926">
    <p class='ocr_par' dir='ltr' id='par_1_96' title="bbox 160 4853 1597 4926">
     <span class='ocr_line' id='line_1_96' title="bbox 160 4853 1597 4926; baseline 0.007 -20"><span class='ocrx_word' id='word_1_662' title='bbox 160 4853 455 4924; x_wconf 82' lang='grc' dir='ltr'><strong>διαχεῖσθαι</strong></span> <span class='ocrx_word' id='word_1_663' title='bbox 487 4855 544 4918; x_wconf 86' lang='grc' dir='ltr'><strong>ὲς</strong></span> <span class='ocrx_word' id='word_1_664' title='bbox 578 4857 747 4926; x_wconf 73' lang='grc' dir='ltr'><strong>ἄκρον</strong></span> <span class='ocrx_word' id='word_1_665' title='bbox 777 4858 1142 4914; x_wconf 81' lang='grc' dir='ltr'><strong>συνεστάλθαι</strong></span> <span class='ocrx_word' id='word_1_666' title='bbox 1170 4863 1346 4914; x_wconf 87' lang='grc' dir='ltr'><strong>ποιεῖν</strong></span> <span class='ocrx_word' id='word_1_667' title='bbox 1383 4861 1597 4916; x_wconf 74' lang='grc' dir='ltr'><strong>εἴωθεν.</strong></span> 
     </span>
    </p>
   </div>
   <div class='ocr_carea' id='block_1_97' title="bbox 903 5035 988 5092">
    <p class='ocr_par' dir='ltr' id='par_1_97' title="bbox 903 5035 988 5092">
     <span class='ocr_line' id='line_1_97' title="bbox 903 5035 988 5092; baseline 0.024 -2"><span class='ocrx_word' id='word_1_668' title='bbox 903 5035 988 5092; x_wconf 88' lang='lat' dir='ltr'><strong>Il&#39;.</strong></span> 
     </span>
    </p>
   </div>
   <div class='ocr_carea' id='block_1_98' title="bbox 238 5123 1731 5203">
    <p class='ocr_par' dir='ltr' id='par_1_98' title="bbox 238 5123 1731 5203">
     <span class='ocr_line' id='line_1_98' title="bbox 238 5123 1731 5203; baseline 0.003 -23"><span class='ocrx_word' id='word_1_669' title='bbox 238 5125 346 5180; x_wconf 82' lang='grc' dir='ltr'><strong>Οὐκ</strong></span> <span class='ocrx_word' id='word_1_670' title='bbox 375 5123 523 5179; x_wconf 76' lang='grc' dir='ltr'><strong>ἔστιν</strong></span> <span class='ocrx_word' id='word_1_671' title='bbox 552 5127 729 5190; x_wconf 77' lang='grc' dir='ltr'><strong>οὐδεὶς</strong></span> <span class='ocrx_word' id='word_1_672' title='bbox 760 5130 816 5182; x_wconf 78' lang='grc' dir='ltr'><strong>ἐν</strong></span> <span class='ocrx_word' id='word_1_673' title='bbox 851 5127 1184 5200; x_wconf 82' lang='grc' dir='ltr'><strong>ἀνθρώποις,</strong></span> <span class='ocrx_word' id='word_1_674' title='bbox 1211 5129 1268 5194; x_wconf 85' lang='grc' dir='ltr'><strong>δς</strong></span> <span class='ocrx_word' id='word_1_675' title='bbox 1302 5133 1369 5186; x_wconf 82' lang='grc' dir='ltr'><strong>ἀν</strong></span> <span class='ocrx_word' id='word_1_676' title='bbox 1398 5131 1603 5203; x_wconf 84' lang='grc' dir='ltr'><strong>σπουδῇ</strong></span> <span class='ocrx_word' id='word_1_677' title='bbox 1634 5131 1731 5186; x_wconf 68' lang='grc' dir='ltr'><strong>καὶ</strong></span> 
     </span>
    </p>
   </div>
   <div class='ocr_carea' id='block_1_99' title="bbox 172 5205 1730 5296">
    <p class='ocr_par' dir='ltr' id='par_1_99' title="bbox 172 5205 1730 5296">
     <span class='ocr_line' id='line_1_99' title="bbox 172 5205 1730 5296; baseline 0.006 -26"><span class='ocrx_word' id='word_1_678' title='bbox 172 5221 346 5282; x_wconf 69' lang='grc' dir='ltr'><strong>πόνοις</strong></span> <span class='ocrx_word' id='word_1_679' title='bbox 398 5218 668 5289; x_wconf 77' lang='grc' dir='ltr'><strong>διηνεκῶς</strong></span> <span class='ocrx_word' id='word_1_680' title='bbox 717 5223 1024 5292; x_wconf 75' lang='grc' dir='ltr'><strong>χρήσαιτοο</strong></span> <span class='ocrx_word' id='word_1_681' title='bbox 1070 5224 1185 5277; x_wconf 79' lang='grc' dir='ltr'><strong>ἀλλ’</strong></span> <span class='ocrx_word' id='word_1_682' title='bbox 1235 5205 1466 5295; x_wconf 36' lang='grc' dir='ltr'><strong>ήθφύσις</strong></span> <span class='ocrx_word' id='word_1_683' title='bbox 1513 5227 1730 5296; x_wconf 77' lang='grc' dir='ltr'><strong>ἑκάστῳ</strong></span> 
     </span>
    </p>
   </div>
   <div class='ocr_carea' id='block_1_100' title="bbox 174 5310 1728 5386">
    <p class='ocr_par' dir='ltr' id='par_1_100' title="bbox 174 5310 1728 5386">
     <span class='ocr_line' id='line_1_100' title="bbox 174 5310 1728 5386; baseline 0.003 -22"><span class='ocrx_word' id='word_1_684' title='bbox 174 5310 517 5374; x_wconf 75' lang='grc' dir='ltr'><strong>σπουδάζοντι</strong></span> <span class='ocrx_word' id='word_1_685' title='bbox 548 5312 642 5365; x_wconf 79' lang='grc' dir='ltr'><strong>καὶ</strong></span> <span class='ocrx_word' id='word_1_686' title='bbox 669 5312 1029 5383; x_wconf 85' lang='grc' dir='ltr'><strong>παραμυθίας</strong></span> <span class='ocrx_word' id='word_1_687' title='bbox 1057 5315 1204 5378; x_wconf 78' lang='grc' dir='ltr'><strong>τινὸς</strong></span> <span class='ocrx_word' id='word_1_688' title='bbox 1239 5316 1478 5386; x_wconf 78' lang='grc' dir='ltr'><strong>ἐφίεται.</strong></span> <span class='ocrx_word' id='word_1_689' title='bbox 1513 5317 1728 5380; x_wconf 81' lang='grc' dir='ltr'><strong>Ἀλλοις</strong></span> 
     </span>
    </p>
   </div>
   <div class='ocr_carea' id='block_1_101' title="bbox 177 5401 1726 5478">
    <p class='ocr_par' dir='ltr' id='par_1_101' title="bbox 177 5401 1726 5478">
     <span class='ocr_line' id='line_1_101' title="bbox 177 5401 1726 5478; baseline 0.005 -23"><span class='ocrx_word' id='word_1_690' title='bbox 177 5404 265 5466; x_wconf 76' lang='grc' dir='ltr'><strong>μὲν</strong></span> <span class='ocrx_word' id='word_1_691' title='bbox 292 5401 380 5456; x_wconf 78' lang='grc' dir='ltr'><strong>οὖν</strong></span> <span class='ocrx_word' id='word_1_692' title='bbox 406 5403 540 5456; x_wconf 80' lang='grc' dir='ltr'><strong>ἄλλα</strong></span> <span class='ocrx_word' id='word_1_693' title='bbox 562 5404 700 5475; x_wconf 64' lang='grc' dir='ltr'><strong>πρὶς</strong></span> <span class='ocrx_word' id='word_1_694' title='bbox 729 5404 1002 5476; x_wconf 78' lang='grc' dir='ltr'><strong>ρᾳθυμίαν</strong></span> <span class='ocrx_word' id='word_1_695' title='bbox 1028 5406 1351 5478; x_wconf 77' lang='grc' dir='ltr'><strong>ἐξεύρηταιο</strong></span> <span class='ocrx_word' id='word_1_696' title='bbox 1388 5408 1472 5461; x_wconf 78' lang='grc' dir='ltr'><strong>σοὶ</strong></span> <span class='ocrx_word' id='word_1_697' title='bbox 1500 5407 1556 5461; x_wconf 86' lang='grc' dir='ltr'><strong>δὲ</strong></span> <span class='ocrx_word' id='word_1_698' title='bbox 1585 5410 1726 5475; x_wconf 79' lang='grc' dir='ltr'><strong>μετά</strong></span> 
     </span>
    </p>
   </div>
   <div class='ocr_carea' id='block_1_102' title="bbox 175 5494 1724 5571">
    <p class='ocr_par' dir='ltr' id='par_1_102' title="bbox 175 5494 1724 5571">
     <span class='ocr_line' id='line_1_102' title="bbox 175 5494 1724 5571; baseline 0.004 -23"><span class='ocrx_word' id='word_1_699' title='bbox 175 5496 356 5558; x_wconf 82' lang='grc' dir='ltr'><strong>πόνους</strong></span> <span class='ocrx_word' id='word_1_700' title='bbox 386 5494 513 5556; x_wconf 79' lang='grc' dir='ltr'><strong>τοὺς</strong></span> <span class='ocrx_word' id='word_1_701' title='bbox 545 5495 828 5566; x_wconf 86' lang='grc' dir='ltr'><strong>βασιλεῦσι</strong></span> <span class='ocrx_word' id='word_1_702' title='bbox 860 5498 1242 5568; x_wconf 76' lang='grc' dir='ltr'><strong>προσήκοντας</strong></span> <span class='ocrx_word' id='word_1_703' title='bbox 1271 5499 1516 5570; x_wconf 83' lang='grc' dir='ltr'><strong>ἀρκείτω</strong></span> <span class='ocrx_word' id='word_1_704' title='bbox 1538 5503 1604 5554; x_wconf 77' lang='grc' dir='ltr'><strong>τὰ</strong></span> <span class='ocrx_word' id='word_1_705' title='bbox 1642 5502 1724 5571; x_wconf 83' lang='grc' dir='ltr'><strong>βι-</strong></span> 
     </span>
    </p>
   </div>
   <div class='ocr_carea' id='block_1_103' title="bbox 179 5586 1724 5662">
    <p class='ocr_par' dir='ltr' id='par_1_103' title="bbox 179 5586 1724 5662">
     <span class='ocr_line' id='line_1_103' title="bbox 179 5586 1724 5662; baseline 0.005 -24"><span class='ocrx_word' id='word_1_706' title='bbox 179 5587 308 5647; x_wconf 76' lang='grc' dir='ltr'><strong>ϐλία.</strong></span> <span class='ocrx_word' id='word_1_707' title='bbox 337 5587 432 5640; x_wconf 71' lang='grc' dir='ltr'><strong>καὶ</strong></span> <span class='ocrx_word' id='word_1_708' title='bbox 470 5586 530 5640; x_wconf 76' lang='grc' dir='ltr'><strong>τὸ</strong></span> <span class='ocrx_word' id='word_1_709' title='bbox 566 5587 771 5653; x_wconf 86' lang='grc' dir='ltr'><strong>πεδίον,</strong></span> <span class='ocrx_word' id='word_1_710' title='bbox 808 5588 1070 5656; x_wconf 81' lang='grc' dir='ltr'><strong>ἑκάτερον</strong></span> <span class='ocrx_word' id='word_1_711' title='bbox 1117 5591 1257 5660; x_wconf 81' lang='grc' dir='ltr'><strong>μετὰ</strong></span> <span class='ocrx_word' id='word_1_712' title='bbox 1295 5591 1493 5662; x_wconf 86' lang='grc' dir='ltr'><strong>καιροῦ</strong></span> <span class='ocrx_word' id='word_1_713' title='bbox 1519 5607 1533 5623; x_wconf 78' lang='grc'><strong><em>⁸</em></strong></span> <span class='ocrx_word' id='word_1_714' title='bbox 1564 5594 1660 5645; x_wconf 76' lang='grc' dir='ltr'><strong>καὶ</strong></span> <span class='ocrx_word' id='word_1_715' title='bbox 1691 5594 1724 5659; x_wconf 81' lang='grc' dir='ltr'><strong>ἡ</strong></span> 
     </span>
    </p>
   </div>
   <div class='ocr_carea' id='block_1_104' title="bbox 179 5677 1721 5754">
    <p class='ocr_par' dir='ltr' id='par_1_104' title="bbox 179 5677 1721 5754">
     <span class='ocr_line' id='line_1_104' title="bbox 179 5677 1721 5754; baseline 0.005 -25"><span class='ocrx_word' id='word_1_716' title='bbox 179 5677 360 5747; x_wconf 82' lang='grc' dir='ltr'><strong>σχέδιος</strong></span> <span class='ocrx_word' id='word_1_717' title='bbox 391 5680 519 5731; x_wconf 77' lang='grc' dir='ltr'><strong>σκιὰ</strong></span> <span class='ocrx_word' id='word_1_718' title='bbox 572 5683 800 5751; x_wconf 81' lang='grc' dir='ltr'><strong>σκηνῆς,</strong></span> <span class='ocrx_word' id='word_1_719' title='bbox 836 5681 868 5750; x_wconf 74' lang='grc' dir='ltr'>ἢ</span> <span class='ocrx_word' id='word_1_720' title='bbox 916 5681 1154 5749; x_wconf 83' lang='grc' dir='ltr'><strong>φύλλων,</strong></span> <span class='ocrx_word' id='word_1_721' title='bbox 1208 5682 1238 5751; x_wconf 85' lang='grc' dir='ltr'>ἢ</span> <span class='ocrx_word' id='word_1_722' title='bbox 1276 5682 1489 5752; x_wconf 80' lang='grc' dir='ltr'><strong>ἄντρων</strong></span> <span class='ocrx_word' id='word_1_723' title='bbox 1513 5699 1528 5714; x_wconf 77' lang='grc'><strong><em>⁸</em></strong></span> <span class='ocrx_word' id='word_1_724' title='bbox 1571 5685 1721 5754; x_wconf 78' lang='grc' dir='ltr'><strong>καὶὴ</strong></span> 
     </span>
    </p>
   </div>
   <div class='ocr_carea' id='block_1_105' title="bbox 177 5769 1724 5847">
    <p class='ocr_par' dir='ltr' id='par_1_105' title="bbox 177 5769 1724 5847">
     <span class='ocr_line' id='line_1_105' title="bbox 177 5769 1724 5847; baseline 0.005 -25"><span class='ocrx_word' id='word_1_725' title='bbox 177 5769 356 5840; x_wconf 74' lang='grc' dir='ltr'><strong>ἀηδὼν,</strong></span> <span class='ocrx_word' id='word_1_726' title='bbox 389 5769 438 5822; x_wconf 90' lang='grc' dir='ltr'><strong>εί</strong></span> <span class='ocrx_word' id='word_1_727' title='bbox 467 5770 658 5840; x_wconf 63' lang='grc' dir='ltr'><strong>τύχοι*</strong></span> <span class='ocrx_word' id='word_1_728' title='bbox 687 5773 720 5840; x_wconf 71' lang='grc' dir='ltr'>ἦ</span> <span class='ocrx_word' id='word_1_729' title='bbox 742 5771 790 5824; x_wconf 83' lang='grc' dir='ltr'><strong>τ’</strong></span> <span class='ocrx_word' id='word_1_730' title='bbox 823 5775 1162 5843; x_wconf 74' lang='grc' dir='ltr'><strong>ἀναπηδῶσα</strong></span> <span class='ocrx_word' id='word_1_731' title='bbox 1186 5775 1358 5846; x_wconf 78' lang='grc' dir='ltr'><strong>πηγὴ,</strong></span> <span class='ocrx_word' id='word_1_732' title='bbox 1388 5776 1478 5829; x_wconf 72' lang='grc' dir='ltr'><strong>καὶ</strong></span> <span class='ocrx_word' id='word_1_733' title='bbox 1507 5777 1560 5829; x_wconf 83' lang='grc' dir='ltr'><strong>αἱ</strong></span> <span class='ocrx_word' id='word_1_734' title='bbox 1594 5777 1724 5847; x_wconf 70' lang='grc' dir='ltr'><strong>περὶ</strong></span> 
     </span>
    </p>
   </div>
   <div class='ocr_carea' id='block_1_106' title="bbox 174 5860 1725 5938">
    <p class='ocr_par' dir='ltr' id='par_1_106' title="bbox 174 5860 1725 5938">
     <span class='ocr_line' id='line_1_106' title="bbox 174 5860 1725 5938; baseline 0.012 -33"><span class='ocrx_word' id='word_1_735' title='bbox 174 5860 360 5933; x_wconf 75' lang='grc' dir='ltr'><strong>ταύτην</strong></span> <span class='ocrx_word' id='word_1_736' title='bbox 383 5862 606 5932; x_wconf 73' lang='grc' dir='ltr'><strong>βοτάναι</strong></span> <span class='ocrx_word' id='word_1_737' title='bbox 629 5880 642 5896; x_wconf 78' lang='grc' dir='ltr'><strong>ο</strong></span> <span class='ocrx_word' id='word_1_738' title='bbox 680 5863 826 5918; x_wconf 84' lang='grc' dir='ltr'><strong>λιτόν</strong></span> <span class='ocrx_word' id='word_1_739' title='bbox 858 5883 913 5919; x_wconf 85' lang='grc' dir='ltr'><strong>τε</strong></span> <span class='ocrx_word' id='word_1_740' title='bbox 940 5868 1031 5920; x_wconf 69' lang='grc' dir='ltr'><strong>καὶ</strong></span> <span class='ocrx_word' id='word_1_741' title='bbox 1064 5869 1374 5937; x_wconf 78' lang='grc' dir='ltr'><strong>αὐτόματον</strong></span> <span class='ocrx_word' id='word_1_742' title='bbox 1393 5869 1545 5938; x_wconf 57' lang='grc' dir='ltr'><strong>ὄψον,</strong></span> <span class='ocrx_word' id='word_1_743' title='bbox 1573 5871 1725 5937; x_wconf 68' lang='grc' dir='ltr'><strong>ἥδιον</strong></span> 
     </span>
    </p>
   </div>
   <div class='ocr_carea' id='block_1_107' title="bbox 1837 4846 3416 4916">
    <p class='ocr_par' dir='ltr' id='par_1_107' title="bbox 1837 4846 3416 4916">
     <span class='ocr_line' id='line_1_107' title="bbox 1837 4846 3416 4916; baseline 0.002 -15"><span class='ocrx_word' id='word_1_744' title='bbox 1837 4856 2080 4902; x_wconf 82' lang='lat' dir='ltr'><strong>extrema</strong></span> <span class='ocrx_word' id='word_1_745' title='bbox 2129 4846 2378 4916; x_wconf 64' lang='lat' dir='ltr'><strong>quaedam</strong></span> <span class='ocrx_word' id='word_1_746' title='bbox 2442 4847 2770 4904; x_wconf 79' lang='lat' dir='ltr'><strong>cxhilaratio</strong></span> <span class='ocrx_word' id='word_1_747' title='bbox 2819 4863 2983 4904; x_wconf 84' lang='lat' dir='ltr'><strong>causa</strong></span> <span class='ocrx_word' id='word_1_748' title='bbox 3016 4849 3257 4905; x_wconf 85' lang='lat' dir='ltr'><strong>vicissim</strong></span> <span class='ocrx_word' id='word_1_749' title='bbox 3289 4865 3416 4906; x_wconf 73' lang='lat' dir='ltr'><strong>esse</strong></span> 
     </span>
    </p>
   </div>
   <div class='ocr_carea' id='block_1_108' title="bbox 1831 4941 2524 4997">
    <p class='ocr_par' dir='ltr' id='par_1_108' title="bbox 1831 4941 2524 4997">
     <span class='ocr_line' id='line_1_108' title="bbox 1831 4941 2524 4997; baseline 0 -3"><span class='ocrx_word' id='word_1_750' title='bbox 1831 4941 2084 4996; x_wconf 66' lang='lat' dir='ltr'><strong>maeroris</strong></span> <span class='ocrx_word' id='word_1_751' title='bbox 2104 4941 2340 4996; x_wconf 81' lang='lat' dir='ltr'><strong>extremi</strong></span> <span class='ocrx_word' id='word_1_752' title='bbox 2361 4942 2524 4997; x_wconf 89' lang='lat' dir='ltr'><strong>solet.</strong></span> 
     </span>
    </p>
   </div>
   <div class='ocr_carea' id='block_1_109' title="bbox 2510 5032 2724 5088">
    <p class='ocr_par' dir='ltr' id='par_1_109' title="bbox 2510 5032 2724 5088">
     <span class='ocr_line' id='line_1_109' title="bbox 2510 5032 2724 5088; baseline 0.009 -2"><span class='ocrx_word' id='word_1_753' title='bbox 2510 5032 2595 5086; x_wconf 82' lang='lat' dir='ltr'><strong>LX</strong></span> <span class='ocrx_word' id='word_1_754' title='bbox 2607 5032 2724 5088; x_wconf 82' lang='lat' dir='ltr'><strong>XX.</strong></span> 
     </span>
    </p>
   </div>
   <div class='ocr_carea' id='block_1_110' title="bbox 1906 5120 3424 5192">
    <p class='ocr_par' dir='ltr' id='par_1_110' title="bbox 1906 5120 3424 5192">
     <span class='ocr_line' id='line_1_110' title="bbox 1906 5120 3424 5192; baseline -0.003 -10"><span class='ocrx_word' id='word_1_755' title='bbox 1906 5125 2143 5182; x_wconf 87' lang='lat' dir='ltr'><strong>Omnino</strong></span> <span class='ocrx_word' id='word_1_756' title='bbox 2199 5124 2514 5179; x_wconf 88' lang='lat' dir='ltr'><strong>mortalium</strong></span> <span class='ocrx_word' id='word_1_757' title='bbox 2554 5137 2717 5178; x_wconf 88' lang='lat' dir='ltr'><strong>nemo</strong></span> <span class='ocrx_word' id='word_1_758' title='bbox 2751 5131 2854 5189; x_wconf 91' lang='lat' dir='ltr'><strong>est,</strong></span> <span class='ocrx_word' id='word_1_759' title='bbox 2908 5120 3002 5192; x_wconf 80' lang='lat' dir='ltr'><strong>qui</strong></span> <span class='ocrx_word' id='word_1_760' title='bbox 3051 5121 3210 5177; x_wconf 75' lang='lat' dir='ltr'><strong>seriis</strong></span> <span class='ocrx_word' id='word_1_761' title='bbox 3245 5125 3424 5177; x_wconf 68' lang='lat' dir='ltr'><strong>rebus.</strong></span> 
     </span>
    </p>
   </div>
   <div class='ocr_carea' id='block_1_111' title="bbox 1834 5217 3418 5290">
    <p class='ocr_par' dir='ltr' id='par_1_111' title="bbox 1834 5217 3418 5290">
     <span class='ocr_line' id='line_1_111' title="bbox 1834 5217 3418 5290; baseline -0.003 -15"><span class='ocrx_word' id='word_1_762' title='bbox 1834 5229 1998 5290; x_wconf 88' lang='lat' dir='ltr'><strong>atque</strong></span> <span class='ocrx_word' id='word_1_763' title='bbox 2029 5219 2314 5275; x_wconf 89' lang='lat' dir='ltr'><strong>laboribus</strong></span> <span class='ocrx_word' id='word_1_764' title='bbox 2341 5217 2589 5273; x_wconf 90' lang='lat' dir='ltr'><strong>intentus</strong></span> <span class='ocrx_word' id='word_1_765' title='bbox 2611 5231 2732 5271; x_wconf 86' lang='lat' dir='ltr'><strong>esse</strong></span> <span class='ocrx_word' id='word_1_766' title='bbox 2768 5225 3034 5286; x_wconf 87' lang='lat' dir='ltr'><strong>perpetuo</strong></span> <span class='ocrx_word' id='word_1_767' title='bbox 3064 5218 3235 5286; x_wconf 88' lang='lat' dir='ltr'><strong>possit</strong></span> <span class='ocrx_word' id='word_1_768' title='bbox 3262 5235 3275 5272; x_wconf 89' lang='lat'><strong>:</strong></span> <span class='ocrx_word' id='word_1_769' title='bbox 3311 5218 3418 5273; x_wconf 81' lang='lat' dir='ltr'><strong>scd.</strong></span> 
     </span>
    </p>
   </div>
   <div class='ocr_carea' id='block_1_112' title="bbox 1837 5307 3407 5382">
    <p class='ocr_par' dir='ltr' id='par_1_112' title="bbox 1837 5307 3407 5382">
     <span class='ocr_line' id='line_1_112' title="bbox 1837 5307 3407 5382; baseline 0.001 -16"><span class='ocrx_word' id='word_1_770' title='bbox 1837 5312 1951 5382; x_wconf 80' lang='lat' dir='ltr'><strong>ipsa</strong></span> <span class='ocrx_word' id='word_1_771' title='bbox 1986 5321 2178 5366; x_wconf 89' lang='lat' dir='ltr'><strong>natura</strong></span> <span class='ocrx_word' id='word_1_772' title='bbox 2200 5309 2471 5379; x_wconf 84' lang='lat' dir='ltr'><strong>cujusque</strong></span> <span class='ocrx_word' id='word_1_773' title='bbox 2494 5307 2640 5365; x_wconf 89' lang='lat' dir='ltr'><strong>seria</strong></span> <span class='ocrx_word' id='word_1_774' title='bbox 2662 5308 2979 5374; x_wconf 85' lang='lat' dir='ltr'><strong>tractantis,</strong></span> <span class='ocrx_word' id='word_1_775' title='bbox 2999 5308 3214 5377; x_wconf 79' lang='lat' dir='ltr'><strong>aliquod</strong></span> <span class='ocrx_word' id='word_1_776' title='bbox 3241 5309 3407 5368; x_wconf 90' lang='lat' dir='ltr'><strong>etiam</strong></span> 
     </span>
    </p>
   </div>
   <div class='ocr_carea' id='block_1_113' title="bbox 1838 5399 3407 5472">
    <p class='ocr_par' dir='ltr' id='par_1_113' title="bbox 1838 5399 3407 5472">
     <span class='ocr_line' id='line_1_113' title="bbox 1838 5399 3407 5472; baseline 0 -14"><span class='ocrx_word' id='word_1_777' title='bbox 1838 5403 2100 5458; x_wconf 87' lang='lat' dir='ltr'><strong>solatium</strong></span> <span class='ocrx_word' id='word_1_778' title='bbox 2131 5401 2431 5456; x_wconf 85' lang='lat' dir='ltr'><strong>desiderat.</strong></span> <span class='ocrx_word' id='word_1_779' title='bbox 2485 5399 2620 5454; x_wconf 81' lang='lat' dir='ltr'><strong>Aliis</strong></span> <span class='ocrx_word' id='word_1_780' title='bbox 2650 5399 2818 5472; x_wconf 77' lang='lat' dir='ltr'><strong>igitur</strong></span> <span class='ocrx_word' id='word_1_781' title='bbox 2849 5399 2956 5455; x_wconf 87' lang='lat' dir='ltr'><strong>alia</strong></span> <span class='ocrx_word' id='word_1_782' title='bbox 2994 5400 3204 5457; x_wconf 75' lang='lat' dir='ltr'><strong>levandi</strong></span> <span class='ocrx_word' id='word_1_783' title='bbox 3238 5404 3407 5458; x_wconf 86' lang='lat' dir='ltr'><strong>animi</strong></span> 
     </span>
    </p>
   </div>
   <div class='ocr_carea' id='block_1_114' title="bbox 1837 5493 3408 5564">
    <p class='ocr_par' dir='ltr' id='par_1_114' title="bbox 1837 5493 3408 5564">
     <span class='ocr_line' id='line_1_114' title="bbox 1837 5493 3408 5564; baseline 0.001 -15"><span class='ocrx_word' id='word_1_784' title='bbox 1837 5509 2005 5549; x_wconf 87' lang='lat' dir='ltr'><strong>causa</strong></span> <span class='ocrx_word' id='word_1_785' title='bbox 2041 5503 2258 5564; x_wconf 88' lang='lat' dir='ltr'><strong>reperta</strong></span> <span class='ocrx_word' id='word_1_786' title='bbox 2286 5500 2436 5548; x_wconf 86' lang='lat' dir='ltr'><strong>sunt.</strong></span> <span class='ocrx_word' id='word_1_787' title='bbox 2478 5493 2545 5546; x_wconf 80' lang='lat' dir='ltr'><strong>At</strong></span> <span class='ocrx_word' id='word_1_788' title='bbox 2594 5493 2688 5548; x_wconf 92' lang='lat' dir='ltr'><strong>tibi</strong></span> <span class='ocrx_word' id='word_1_789' title='bbox 2725 5501 2849 5562; x_wconf 88' lang='lat' dir='ltr'><strong>post</strong></span> <span class='ocrx_word' id='word_1_790' title='bbox 2895 5494 3283 5551; x_wconf 88' lang='lat' dir='ltr'><strong>convenientes</strong></span> <span class='ocrx_word' id='word_1_791' title='bbox 3322 5511 3408 5550; x_wconf 80' lang='lat' dir='ltr'><strong>re—</strong></span> 
     </span>
    </p>
   </div>
   <div class='ocr_carea' id='block_1_115' title="bbox 1835 5585 3415 5660">
    <p class='ocr_par' dir='ltr' id='par_1_115' title="bbox 1835 5585 3415 5660">
     <span class='ocr_line' id='line_1_115' title="bbox 1835 5585 3415 5660; baseline 0 -20"><span class='ocrx_word' id='word_1_792' title='bbox 1835 5590 1992 5660; x_wconf 77' lang='lat' dir='ltr'><strong>gibus</strong></span> <span class='ocrx_word' id='word_1_793' title='bbox 2015 5588 2232 5642; x_wconf 86' lang='lat' dir='ltr'><strong>labores</strong></span> <span class='ocrx_word' id='word_1_794' title='bbox 2263 5586 2387 5641; x_wconf 91' lang='lat' dir='ltr'><strong>libri</strong></span> <span class='ocrx_word' id='word_1_795' title='bbox 2419 5585 2693 5642; x_wconf 82' lang='lat' dir='ltr'><strong>sulliciant</strong></span> <span class='ocrx_word' id='word_1_796' title='bbox 2713 5596 2767 5641; x_wconf 90' lang='lat' dir='ltr'><strong>et</strong></span> <span class='ocrx_word' id='word_1_797' title='bbox 2794 5601 3021 5658; x_wconf 91' lang='lat' dir='ltr'><strong>campus</strong></span> <span class='ocrx_word' id='word_1_798' title='bbox 3047 5607 3065 5654; x_wconf 60' lang='grc'><strong>;,</strong></span> <span class='ocrx_word' id='word_1_799' title='bbox 3089 5599 3415 5657; x_wconf 71' lang='lat' dir='ltr'><strong>utrumque,</strong></span> 
     </span>
    </p>
   </div>
   <div class='ocr_carea' id='block_1_116' title="bbox 1834 5679 3405 5749">
    <p class='ocr_par' dir='ltr' id='par_1_116' title="bbox 1834 5679 3405 5749">
     <span class='ocr_line' id='line_1_116' title="bbox 1834 5679 3405 5749; baseline -0.004 -11"><span class='ocrx_word' id='word_1_800' title='bbox 1834 5698 1957 5738; x_wconf 88' lang='lat' dir='ltr'><strong>cum</strong></span> <span class='ocrx_word' id='word_1_801' title='bbox 1992 5679 2339 5735; x_wconf 77' lang='lat' dir='ltr'><strong>commodum</strong></span> <span class='ocrx_word' id='word_1_802' title='bbox 2377 5681 2524 5746; x_wconf 91' lang='lat' dir='ltr'><strong>erit;</strong></span> <span class='ocrx_word' id='word_1_803' title='bbox 2569 5689 2621 5736; x_wconf 88' lang='lat' dir='ltr'><strong>et</strong></span> <span class='ocrx_word' id='word_1_804' title='bbox 2650 5680 2842 5735; x_wconf 83' lang='lat' dir='ltr'><strong>umbra</strong></span> <span class='ocrx_word' id='word_1_805' title='bbox 2873 5681 3105 5749; x_wconf 84' lang='lat' dir='ltr'><strong>simplex</strong></span> <span class='ocrx_word' id='word_1_806' title='bbox 3144 5695 3208 5732; x_wconf 91' lang='lat' dir='ltr'><strong>ac</strong></span> <span class='ocrx_word' id='word_1_807' title='bbox 3239 5679 3405 5732; x_wconf 82' lang='lat' dir='ltr'><strong>inela-</strong></span> 
     </span>
    </p>
   </div>
   <div class='ocr_carea' id='block_1_117' title="bbox 1835 5771 3397 5838">
    <p class='ocr_par' dir='ltr' id='par_1_117' title="bbox 1835 5771 3397 5838">
     <span class='ocr_line' id='line_1_117' title="bbox 1835 5771 3397 5838; baseline -0.006 -7"><span class='ocrx_word' id='word_1_808' title='bbox 1835 5776 2026 5830; x_wconf 87' lang='lat' dir='ltr'><strong>borata</strong></span> <span class='ocrx_word' id='word_1_809' title='bbox 2065 5773 2144 5827; x_wconf 88' lang='lat' dir='ltr'><strong>vel</strong></span> <span class='ocrx_word' id='word_1_810' title='bbox 2192 5774 2413 5828; x_wconf 88' lang='lat' dir='ltr'><strong>tentorii</strong></span> <span class='ocrx_word' id='word_1_811' title='bbox 2474 5772 2558 5827; x_wconf 84' lang='lat' dir='ltr'><strong>ve!</strong></span> <span class='ocrx_word' id='word_1_812' title='bbox 2593 5771 2896 5838; x_wconf 80' lang='lat' dir='ltr'><strong>frondium,</strong></span> <span class='ocrx_word' id='word_1_813' title='bbox 2954 5771 3035 5824; x_wconf 88' lang='lat' dir='ltr'><strong>vel</strong></span> <span class='ocrx_word' id='word_1_814' title='bbox 3068 5779 3352 5823; x_wconf 79' lang='lat' dir='ltr'><strong>antrorutu</strong></span> <span class='ocrx_word' id='word_1_815' title='bbox 3386 5811 3397 5833; x_wconf 86' lang='lat'><strong>,</strong></span> 
     </span>
    </p>
   </div>
   <div class='ocr_carea' id='block_1_118' title="bbox 1832 5857 3402 5934">
    <p class='ocr_par' dir='ltr' id='par_1_118' title="bbox 1832 5857 3402 5934">
     <span class='ocr_line' id='line_1_118' title="bbox 1832 5857 3402 5934; baseline -0.006 -10"><span class='ocrx_word' id='word_1_816' title='bbox 1832 5879 1884 5924; x_wconf 91' lang='lat' dir='ltr'><strong>ct</strong></span> <span class='ocrx_word' id='word_1_817' title='bbox 1908 5867 2164 5934; x_wconf 87' lang='lat' dir='ltr'><strong>luscinia,</strong></span> <span class='ocrx_word' id='word_1_818' title='bbox 2202 5868 2245 5920; x_wconf 85' lang='lat' dir='ltr'><strong>si</strong></span> <span class='ocrx_word' id='word_1_819' title='bbox 2306 5866 2481 5931; x_wconf 51' lang='lat' dir='ltr'><strong>adsit;</strong></span> <span class='ocrx_word' id='word_1_820' title='bbox 2525 5873 2580 5920; x_wconf 87' lang='lat' dir='ltr'><strong>et</strong></span> <span class='ocrx_word' id='word_1_821' title='bbox 2607 5863 2731 5920; x_wconf 85' lang='lat' dir='ltr'><strong>fons</strong></span> <span class='ocrx_word' id='word_1_822' title='bbox 2764 5865 2986 5928; x_wconf 80' lang='lat' dir='ltr'><strong>saliens,</strong></span> <span class='ocrx_word' id='word_1_823' title='bbox 3015 5869 3071 5916; x_wconf 83' lang='lat' dir='ltr'><strong>et</strong></span> <span class='ocrx_word' id='word_1_824' title='bbox 3103 5861 3246 5917; x_wconf 90' lang='lat' dir='ltr'><strong>circa</strong></span> <span class='ocrx_word' id='word_1_825' title='bbox 3279 5857 3402 5916; x_wconf 86' lang='lat' dir='ltr'><strong>fon-</strong></span> 
     </span>
    </p>
   </div>
  </div>
