3978 6602
530 323 623 405 37-1

1685 334 2082 397 MANUELIS
2125 338 2566 402 ΡΑιιΕοιοσΙ

3735 349 3827 414 3⁵12

527 447 632 488 tem
666 433 849 491 herba:
876 453 897 508 ;⁴
923 444 979 490 et
1010 435 1116 490 vile
1144 437 1364 506 quidem
1415 441 1706 496 obsonium
1743 445 2100 514 oblatumque

2227 449 2256 502 ἑὲ
2303 453 2596 522 πεινήσασι
2644 453 2738 506 καὶ
2790 454 3137 518 πανδαισίας
3183 453 3310 525 τῆς
3345 451 3531 508 οτκοι-
3585 453 3692 509 Ἓῶ
3738 461 3830 529 γὰρ
3917 485 3919 494 “

469 599 477 610 ι
529 528 798 594 fortuito;
862 527 957 582 sed
1009 528 1208 585 famem
1261 531 1636 598 all'erentibus,
1703 536 1868 590 etiam
1925 537 2094 592 dubia

527 632 706 681 cinna,
739 617 884 673 domi
931 628 1164 684 structa,
1218 619 1539 690 jucundius.
1569 623 1725 680 Mitto
1760 641 1994 695 namque
2031 627 2098 680 de

525 711 799 766 ambrosia
830 720 882 765 et
913 711 1432 777 nectare,fabulosis
1462 713 1835 785 rebus,loqui.
1863 717 2102 773 Accedat

527 805 614 859 iis
653 803 748 857 tibi
783 802 982 859 charus
1009 819 1211 874 equus,
1241 814 1296 860 et
1335 806 1489 860 canis
1515 817 1569 861 et
1601 808 1890 877 accipiter,
1938 818 1992 864 et
2021 818 2100 865 te-

529 899 706 950 lorum
742 895 796 949 in
829 894 973 951 feras
1001 897 1246 962 emissio,
1283 914 1430 954 nunc
1452 900 1592 954 clam
1615 940 1628 962 ,
1665 915 1810 954 nunc
1843 902 2000 972 pleno
2024 901 2101 955 fa-

527 987 719 1042 cicnda
743 1002 934 1048 cursu.
957 997 1116 1058 prout
1151 987 1281 1058 ipsae
1310 998 1484 1044 semet
1519 991 1844 1047 obtulerint.
1878 993 1981 1047 Sed
2014 993 2098 1047 his

530 1087 703 1142 utere,
735 1095 841 1133 non
872 1089 1130 1150 tanquam
1166 1082 1294 1142 line.
1323 1081 1417 1137 sed
1449 1082 1639 1138 melius
1676 1083 1881 1153 aliquid
1923 1083 2099 1154 respi-

531 1173 703 1238 ciens,
729 1181 786 1227 ut
818 1174 1184 1228 valetudinem
1221 1175 1440 1240 bonam,
1485 1187 1543 1232 ut
1575 1177 2020 1247 popularitatem.
2043 1162 2101 1231 ut

531 1264 946 1333 experientiam,
973 1279 1092 1333 qum
1117 1265 1315 1320 milites
1336 1267 1545 1323 deceat.
1577 1266 1652 1320 lla
1681 1266 1794 1332 lict,
1826 1275 1886 1320 ut
1919 1265 2097 1336 praeda

535 1370 640 1409 non
670 1357 894 1425 potitus,
931 1371 1095 1426 quam
1125 1372 1340 1426 semper
1369 1357 1596 1425 adipisci
1629 1373 1734 1410 non
1763 1357 1912 1423 licet,
1944 1357 2100 1411 volu-

2201 537 2383 605 λέγειν
2418 539 2729 610 ἀμϐροσίαν
2773 550 2866 596 καὶ
2897 544 3124 614 νέκταρ,
3176 543 3261 598 τὰ
3301 545 3568 613 μυθικὰ,
3605 546 3741 616 πρὸς
3767 528 3833 612 οἷς
3919 528 3921 598 ξ

2201 629 2230 680 ὀ
2265 629 2417 698 φίλος
2453 648 2533 684 σοι
2571 633 2757 697 ἵππος,
2789 636 2817 687 ό
2853 634 3024 703 κύων,
3067 638 3094 690 ὁ
3131 636 3347 706 ἱέραξ,
3385 638 3422 706 ἡ
3455 636 3607 707 πρὸς
3646 639 3713 693 τὰ
3754 640 3836 710 οη·

2207 721 2301 791 ρία
2332 722 2440 776 τῶν
2491 723 2665 794 βελῶν
2715 725 2934 795 ἄφεσις,
2986 729 3118 782 ποτὲ
3169 727 3294 798 μὲν
3331 729 3558 799 λάθρα,
3617 730 3748 783 ποτὲ
3786 731 3835 784 δὲ

2206 811 2392 884 δρόμῳ
2425 818 2715 885 χρωμένῳ,
2757 820 2981 874 ἐπειδὰν
3014 821 3338 883 κάκείνοις
3391 821 3612 874 ταυτὸν
3655 822 3835 892 γίγνη-

2208 922 2320 959 ται.
2349 906 2441 975 Μὴ
2466 908 2582 976 χρῶ
2609 909 2663 961 δὲ
2691 909 2906 974 τούτοις
2929 911 3002 974 ὡς
3030 913 3218 976 τέλει,
3248 911 3389 965 ἀλλ’
3415 914 3662 982 ἀφορῶν
3687 914 3766 976 είς
3787 931 3834 966 τι

2208 995 2440 1065 βέλτιον,
2472 999 2710 1065 εὐεξίαν,
2747 1004 3054 1068 κοινωνίαν,
3089 1004 3442 1074 ἐμπειρίαν
3472 1004 3835 1074 στρατιώταις

2207 1092 2550 1188 πρέπουσαν.
2603 1095 2793 1166 Ταύτῃ
2822 1098 3046 1188 καὶιτῆς
3094 1099 3303 1169 θήρας
3361 1099 3681 1169 ἀποτυχὼν
3707 1101 3835 1163 (οὐδὲ

2207 1181 2314 1250 γὰρ
2353 1183 2444 1236 ἀεὶ
2472 1187 2764 1255 τυγχάνειν
2796 1183 2907 1241 οἷόν
2924 1181 3042 1257 τε),
3077 1191 3192 1260 τῆς
3231 1191 3628 1262 εὐφροσύνης
3655 1191 3752 1243 οὐκ
3776 1190 3833 1243 ἂν

2208 1271 2497 1340 ἁμάρτοις,
2547 1276 2605 1330 ὲν
2653 1274 2735 1342 οἷς
2788 1279 2888 1333 οὐκ
2948 1279 3096 1334 ἔστιν
3141 1283 3519 1351 ἀποτυχεῖν,
3576 1282 3647 1335 δι’
3679 1282 3715 1336 ὅ.
3760 1298 3831 1334 σοι

2209 1359 2489 1431 προῦργου
2523 1363 2771 1432 γίγνεται
2801 1366 2861 1419 τὸ
2892 1367 3088 1439 θηρᾷν.

533 1459 676 1520 ptate
712 1459 893 1506 tamen
919 1453 974 1507 in
1017 1453 1086 1507 iis
1115 1453 1341 1508 minime
1376 1467 1589 1516 careas,
1621 1467 1741 1523 quae
1775 1453 1964 1508 abesse
1985 1452 2296 1524 nequeunt,
2327 1468 2381 1514 et
2413 1473 2648 1529 quorum
2721 1476 2891 1518 causa
2959 1461 3213 1518 venandi
3301 1461 3591 1518 laborem
3655 1461 3825 1532 ιιηεὶ,

534 1559 635 1614 pue
671 1544 932 1616 suscipis.

1199 1635 1440 1692 LXXXI.

605 1725 750 1780 Cave
811 1726 1129 1796 permiseris
1163 1727 1232 1783 ad
1265 1736 1316 1783 te
1345 1729 1531 1784 venire
1567 1727 1788 1798 propius
1846 1728 2105 1800 bypocri-
2138 1754 2182 1810 Β

539 1828 672 1882 tam,
705 1817 798 1873 sed
829 1820 1008 1874 omnis
1035 1819 1314 1875 simulatio
1346 1821 1440 1875 tibi
1471 1821 1828 1876 exsecrabilis
1856 1828 2004 1888 esto,
2042 1837 2109 1876 ne

540 1911 858 1978 imprudens
891 1911 1018 1979 lupo
1057 1926 1120 1965 ac
1172 1912 1369 1982 piratae
1419 1910 1601 1977 ﬁdem,
1660 1926 1760 1981 pro
1791 1920 2010 1980 pastore
2046 1927 2110 1967 ac

540 2002 926 2070 gubernatore,
953 2002 1179 2057 habeas.
1203 2003 1261 2057 In
1288 2017 1406 2064 eos.
1423 2003 1516 2074 qui
1535 2003 1668 2058 false
1690 2014 1922 2074 carpunt
1946 2005 2107 2070 alios,

543 2093 692 2150 nullo
736 2110 859 2149 cum
913 2095 1155 2164 ipsorum
1210 2094 1415 2162 fructu,
1447 2095 1657 2152 salibus
1700 2096 1817 2166 ipse
1865 2096 2112 2166 paternis

545 2187 748 2243 utitor:
788 2196 846 2242 ut
873 2187 974 2243 hos
1009 2188 1230 2258 quidem
1267 2188 1565 2258 ignominia
1602 2188 1826 2253 liberes,
1875 2189 1966 2260 qui
1991 2204 2114 2244 car-

545 2287 749 2345 puntur
779 2277 1024 2349 inquam,
1057 2279 1178 2336 illos
1209 2294 1338 2334 vero
1369 2280 1726 2336 modestiores
1747 2280 2116 2338 ellicias.Cre—

545 2370 656 2424 dita
695 2370 942 2425 ﬁdeituaa
975 2368 1140 2425 verba
1164 2386 1274 2425 non
1299 2370 1454 2426 aliter
1487 2371 1784 2437 custodies,
1819 2388 1884 2426 ac
1909 2373 1955 2430 si
1991 2373 2115 2444 quis

545 2462 818 2533 ingentem
853 2461 968 2516 auri
997 2461 1104 2516 vim
1135 2465 1277 2531 apud
1339 2473 1388 2518 te
1421 2463 1790 2534 deposuisset.
1822 2463 2117 2519 Jurameu—

546 2557 615 2610 tis
640 2564 694 2610 tu
716 2555 932 2625 quidem
962 2555 1284 2620 abstinebis,
1318 2555 1412 2611 sed
1432 2556 1648 2610 interim
1685 2571 1868 2612 mores
1896 2557 1972 2612 tui
1997 2557 2119 2611 uni-

548 2648 720 2704 versis
755 2649 958 2718 optima
994 2663 1224 2720 quasque
1248 2648 1313 2704 de
1348 2659 1399 2702 te
1431 2647 1813 2720 polliceantur.
1852 2646 2117 2702 Votorum

548 2741 958 2810 conceptionem
1006 2739 1224 2810 putabis
1261 2755 1384 2796 esse
1434 2755 1548 2796 rem
1591 2739 1803 2810 plenam
1847 2740 2116 2807 horroris,

549 2833 641 2888 sed
672 2843 725 2888 tu
762 2839 870 2886 tam
911 2831 1041 2896 Deo,
1074 2847 1234 2901 quam
1292 2833 1630 2898 hominibus,
1668 2833 1945 2902 promissa
1976 2846 2118 2901 prae-

552 2925 744 2980 stabis.
809 2925 1014 2980 Decere
1041 2933 1093 2980 te
1129 2924 1514 2989 arbitraberis,
1567 2931 1627 2978 ut
1669 2935 2020 2994 acceptorum
2053 2926 2120 2980 ab

553 3018 673 3072 aliis
705 3017 1091 3071 beneﬁciorum
1131 3016 1469 3083 memineris,
1504 3016 1600 3072 sed
1631 3017 1753 3073 aliis
1779 3017 1877 3073 abs
1909 3027 1962 3074 te
1983 3033 2121 3088 pra:-

555 3112 809 3164 stitorum
844 3108 1212 3167 obliviscaris.
1243 3109 1307 3161 Et
1358 3108 1584 3178 quidem
1619 3108 1838 3163 vincere
1866 3123 2124 3179 compen—

557 3201 742 3257 saudis
795 3199 1098 3263 beneficiis,
1133 3213 1241 3252 non
1306 3199 1454 3253 vinei
1522 3198 1680 3254 velis.
1714 3197 1849 3264 Quae
1872 3200 1916 3254 si
1948 3199 2126 3255 facere

559 3309 664 3349 non
715 3291 956 3357 desines,
1018 3291 1297 3346 occultum
1355 3305 1575 3362 quoque
1628 3292 1866 3348 dedecus
1910 3291 2126 3362 fugiens

561 3389 709 3456 (nam
740 3387 890 3440 larva
910 3399 1184 3454 scenaque
1214 3384 1300 3438 vix
1322 3385 1487 3438 etiam
1515 3384 1721 3440 scurris
1753 3384 2126 3449 concedenda,

560 3478 652 3547 qui
686 3477 768 3533 vel
792 3476 1051 3546 colaphos
1097 3476 1347 3545 accipere
1408 3491 1519 3531 non
1553 3475 1827 3537 dubitant,
1864 3487 1922 3531 ut
1952 3476 2123 3531 risum

564 3569 684 3624 aliis
706 3568 1014 3638 moveant):
1074 3568 1380 3623 orationem
1417 3575 1564 3623 tuam
1617 3567 1982 3638 jurisjurandi
2011 3567 2130 3624 loco

567 3661 894 3716 mortalibus
919 3659 1195 3717 universis
1223 3658 1580 3716 suffecturam
1617 3659 1881 3714 arbitror.

1226 3749 1487 3806 LXXXII.
1541 3742 1552 3752 ’

635 3847 783 3902 Viris
816 3845 1154 3918 principibus
1190 3843 1336 3898 haud
1372 3827 2132 3911 male'conveniuntgravitas

568 3955 730 4012 atque
761 3936 1321 4011 magniﬁcentia;sed
1374 3934 1654 3990 miscenda
1701 3935 1801 3990 tibi
1825 3950 2044 4004 semper
2082 3935 2132 3988 ei

567 4031 785 4104 frigori,
817 4031 962 4100 quod
985 4029 1164 4084 inesse
1197 4027 1451 4096 gravitati
1485 4027 1702 4081 videtur
1730 4033 1858 4096 apta
1885 4026 2130 4094 quadam

569 4126 848 4181 suavitas:
883 4131 938 4178 et
968 4122 1273 4185 severitati,
1299 4136 1420 4190 qua:
1451 4118 1873 4187 magniﬁcentia:
1915 4117 2135 4172 videtur

572 4216 774 4280 inesse,
814 4221 964 4282 grata
997 4211 1244 4281 quaedam
1277 4207 1616 4278 p0pularitas
1641 4225 1657 4262 :
1683 4215 1743 4261 ut
1774 4207 1860 4262 his
1916 4223 2136 4276 quoque

575 4308 738 4362 rebus
763 4306 994 4374 imperio
1023 4312 1115 4358 tuo
1177 4303 1344 4357 decus
1396 4300 1686 4363 concilies,
1746 4306 1800 4353 et
1847 4300 2136 4355 audientes

576 4400 723 4454 dicto
745 4398 996 4452 subditos
1028 4397 1081 4450 in
1122 4394 1188 4450 iis
1211 4395 1436 4459 habeas,
1472 4393 1658 4464 (μιξενί
1693 4393 1896 4449 mentis
1923 4393 2131 4462 Optime

578 4489 951 4562 perspexeris;
988 4487 1196 4555 absque
1227 4501 1336 4554 quo
1366 4484 1620 4548 sit,nihil
1679 4484 1827 4540 utilis
1885 4485 1962 4539 rei
2019 4481 2135 4538 ﬁeri

557 4582 793 4652 poterit.
823 4580 885 4634 Et
917 4596 981 4635 ex
1017 4588 1140 4632 voto
1176 4593 1308 4633 sane
1336 4592 1424 4631 res
1462 4575 1560 4629 tibi
1587 4592 1694 4630 non
1727 4591 1916 4646 parum
1955 4589 2140 4630 succe~

577 4679 688 4743 det,
719 4669 768 4731 si
801 4673 1096 4745 benignum
1136 4680 1188 4725 et
1245 4667 1650 4724 formidabilem
1715 4669 1770 4722 in
1828 4681 1942 4732 eos,
1999 4680 2138 4736 quos

578 4766 851 4831 convenit,
885 4776 933 4820 te
961 4779 1140 4835 geres,
1172 4776 1274 4816 nec
1295 4761 1386 4830 jus
1419 4769 1570 4815 tuum
1607 4760 1660 4814 in
1687 4758 1944 4815 omnibus
1970 4773 2139 4813 accu-

580 4871 694 4916 rate
715 4857 1008 4929 Spectabis,
1035 4864 1089 4909 et
1122 4868 1314 4924 poenas
1342 4867 1451 4906 non
1483 4850 1551 4904 ab
1600 4851 1857 4905 omnibus
1914 4848 2137 4917 exiges:

515 4928 522 4935 ’
579 4928 816 5006 maxime
856 4963 1006 5014 vero,
1032 4947 1078 5003 si
1118 4963 1222 5000 non
1259 4944 1438 4999 minus
1462 4942 1642 5008 lactis,
1705 4957 1870 5011 quam
1929 4940 2139 5005 verbis,

581 5058 673 5098 eos
700 5041 1076 5112 persuadebis,
1097 5038 1300 5094 rectius
1328 5035 1449 5103 tibi,
1480 5034 1926 5105 quamipsismet.
1953 5048 2141 5089 eorum

581 5151 702 5189 esse
723 5142 1005 5202 perspecta
1036 5130 1343 5187 commoda.
1403 5128 1615 5198 Quippe
1653 5125 1698 5180 si
1753 5124 2000 5179 futurum
2051 5141 2146 5194 pa-

585 5228 776 5290 ruerit,
815 5237 873 5280 ut
900 5226 1122 5280 monitis
1157 5225 1266 5279 tuis
1305 5223 1774 5291 obtemperantes,
1841 5219 1960 5289 ejus
2017 5220 2149 5274 obe-

586 5317 804 5373 dientia:
837 5316 1074 5372 fructum
1117 5317 1311 5380 ferant,
1348 5315 1512 5370 etiam
1547 5313 1706 5369 factis
1743 5313 1996 5366 hortatus
2023 5320 2147 5366 tuos

588 5419 925 5464 antevertcre
967 5407 1282 5463 studebunt.
1311 5404 1422 5460 Hoc
1455 5405 1704 5468 medicis,
1745 5402 1849 5457 hoc
1874 5401 2151 5474 guberna-

589 5501 820 5565 toribus,
847 5503 950 5554 hoc
975 5499 1288 5567 pastoribus
1333 5497 1582 5568 largitur,
1619 5494 1865 5550 utetiam
1920 5492 2149 5548 nutibus

589 5594 864 5666 impellere
877 5590 1112 5664 possint.

1218 5678 1509 5734 LXXXIII.

663 5781 869 5838 Imitari
902 5778 1040 5836 nelis
1078 5777 1192 5845 eius
1221 5775 1388 5830 animi
1415 5771 1616 5840 studia,
1647 5786 1803 5842 quem
1833 5785 1943 5827 non
1977 5784 2149 5837 amas,

2936 1642 3065 1699 IIA'.

2294 1730 2612 1804 ’Υπόκρισις
2641 1733 2784 1788 ἔστω
2807 1751 2889 1789 σοι
2924 1735 3186 1806 μισητὸν,
3229 1736 3346 1790 καὶ
3380 1735 3621 1806 μακρὰν
3653 1735 3679 1788 ὸ
3706 1735 3821 1788 ταύο

2209 1842 2309 1896 την
2340 1827 2736 1896 ἐργαζόμενος,
2774 1828 2848 1898 μή
2905 1845 3036 1881 ποτε
3072 1828 3262 1901 λάθῃς
3307 1827 3642 1889 πιστεύσας
3689 1825 3816 1893 λύκῳ

2211 1932 2270 1968 τε
2295 1915 2390 1968 καὶ
2413 1918 2647 1986 πειρατῇ
2672 1917 2792 1970 ἀντὶ
2831 1919 3091 1986 ποιμένος
3118 1921 3224 1970 καὶ
3266 1918 3666 1989 κυϐερνήτου.
3690 1916 3816 1968 Σκὼ-
3924 1907 3925 1910 “

2213 2024 2314 2061 πτε
2345 2007 2402 2061 δὲ
2437 2009 2719 2079 πατρικῶς
2747 2011 2873 2070 τοὺς
2925 2009 3210 2063 σκώπτειν
3248 2009 3475 2072 ἄλλους
3531 2008 3804 2070 ἐθέλοντας,

2212 2100 2311 2154 οὐκ
2339 2098 2608 2169 ὠφελείας
2633 2100 2827 2154 ἕνεκα·
2855 2102 3002 2164 ὅπως
3033 2101 3160 2164 τοὺς
3189 2101 3309 2171 μὲν
3345 2102 3635 2170 αἰσχύνης
3667 2097 3806 2151 ἁπαλ-

2215 2191 2456 2257 λάξειας,
2491 2191 2636 2260 λέγω
2665 2192 2730 2262 δὴ
2777 2193 2904 2256 τοὺς
2937 2195 3294 2262 πάσχοντας,
3329 2194 3471 2257 τοὺς
3507 2191 3568 2244 δὲ
3620 2206 3804 2257 ctoqu-

2216 2283 2506 2354 νεστέρους
2537 2283 2819 2355 ἐργάσαιο.
2868 2279 3255 2338 Πιστευθέντα
3285 2285 3353 2339 δέ
3408 2302 3501 2338 σοι
3534 2283 3690 2352 λόγον
3719 2281 3808 2332 δια-

2218 2375 2477 2444 φύλαττε,
2511 2375 2544 2446 ἣ
2576 2375 2741 2438 εἴτις
2789 2375 2854 2430 ἄν
2889 2393 2970 2429 σοι
3019 2377 3260 2446 χρυσίον
3299 2375 3483 2446 ἁδρὸν
3540 2370 3801 2443 παρέθετο.

2219 2466 2440 2537 Ὀρκων
2477 2465 2535 2519 δέ
2569 2483 2664 2519 σου
2700 2466 3046 2536 φειδομένου,
3082 2467 3457 2535 ἐπαγγελίας
3486 2463 3698 2533 ἀγαθὰς
3723 2462 3806 2513 πᾶα

2220 2575 2305 2610 σιν
2334 2559 2382 2610 οἱ
2412 2558 2603 2628 τρόποι
2632 2557 2947 2614 διδότωσαν.
2976 2559 3217 2629 Φρικτὸν
3255 2559 3372 2629 μὲν
3409 2553 3562 2611 εἶναι
3586 2557 3643 2610 τὸ
3675 2554 3802 2620 εὖξα-

2223 2649 2349 2703 σθαι
2384 2650 2526 2703 πάνυ
2561 2648 2768 2719 νόμιζε,
2798 2651 2898 2712 τὰς
2939 2649 3278 2719 ὑποσχέσεις
3313 2650 3376 2702 δὲ
3429 2649 3558 2719 Θεῷ
3586 2648 3675 2700 καὶ
3709 2649 3803 2706 τοῖς

2221 2742 2532 2812 ἀνθρώποις
2567 2742 2801 2796 ὲκτέλει.
2833 2741 3162 2811 Μεμνῆσθαι
3194 2743 3405 2812 μέντοι
3454 2741 3571 2794 τῶν
3598 2739 3724 2807 πρὸς
3749 2735 3798 2788 σι

2221 2835 2328 2888 τῶν
2355 2834 2531 2890 ἄλλων
2554 2833 2812 2887 εὐποιιῶν
2839 2834 3116 2905 προσῆκον
3143 2828 3300 2888 εἶναί
3333 2851 3436 2887 σου
3472 2831 3684 2901 νόμιζε,
3709 2827 3798 2880 τῶν

2223 2924 2379 2994 παρὰ
2421 2922 2515 2977 σοῦ
2569 2923 2706 2995 πρὸς
2754 2923 2952 2987 ἄλλους
3001 2925 3526 2995 ἐπιλανθανόμενος
3551 2939 3567 2955 ο
3605 2921 3716 2974 θέλε
3750 2917 3796 2968 δὲ

2226 3015 2588 3082 πλεονεκτεῖν,
2634 3015 2732 3085 οὐχ
2759 3015 3006 3084 ὑστερεῖν
3044 3016 3458 3086 ἀμειϐόμενος.
3495 3014 3612 3066 Κᾶν
3649 3009 3798 3062 ταῦτα

2153 3114 2198 3174 C
2228 3106 2488 3177 πράττων
2539 3105 2806 3177 διατελῇς,
2863 3107 3082 3176 φεύγων
3113 3108 3210 3160 καὶ
3249 3107 3320 3160 τὸ
3379 3105 3588 3175 ὕφαλον
3634 3095 3795 3168 αἶσχος

2231 3201 2314 3272 (τδ
2343 3201 2453 3273 γὰρ
2502 3204 2870 3271 προσωπεῖον,
2907 3202 3060 3272 καὶὴ
3091 3202 3297 3272 σκηνὴ,
3339 3201 3504 3270 μόλις
3554 3215 3654 3252 που
3687 3208 3797 3257 συγ·

2227 3293 2482 3364 χωρητέα
2522 3293 2910 3361 γελωτοποιοῖς
2958 3294 3308 3365 ἀνθρώποις,
3343 3293 3398 3347 οἳ
3441 3291 3536 3347 καὶ
3573 3288 3658 3342 ἐπὶ
3689 3284 3793 3354 κόῤ-

2231 3387 2333 3456 ῥης
2363 3384 2711 3456 ῥαπίζονται,
2757 3383 2897 3438 ὥστε
2931 3384 3058 3448 τοὺς
3105 3384 3310 3448 ἄλλους
3354 3378 3633 3448 γελάσαι),
3661 3371 3792 3444 οἶμαί

2232 3495 2314 3530 σοι
2345 3478 2439 3530 καὶ
2481 3477 2640 3546 λόγον
2673 3474 2791 3531 ἀνθ’
2843 3476 3010 3546 ὅρκου
3052 3477 3188 3547 πρὸς
3244 3478 3514 3536 ἅπαντας
3567 3469 3792 3540 ἀρκέσειν

2231 3570 2573 3641 ἀνθρώπους.

2955 3746 3080 3803 UB’.

2307 3843 2583 3914 Σεμνότης
2612 3843 2708 3896 καὶ
2741 3840 3188 3913 μεγαλοπρέπεια
3217 3836 3500 3908 ἡγεμόσιν
3535 3831 3632 3887 ούκ
3661 3824 3785 3894 ἁπᾴο

2234 3937 2334 3990 δει.
2364 3937 2456 3988 Δεῖ
2502 3952 2562 3988 σε
2596 3935 2652 3988 δὲ
2686 3935 2881 4004 κιρνᾷν
2919 3933 3008 3987 ἀεὶ
3061 3931 3156 3985 τοῦ
3211 3932 3319 3999 μὲν
3364 3927 3568 3997 σεμνοῦ
3620 3924 3682 3990 τῇ
3713 3917 3783 3968 δ’)-

2237 4029 2409 4099 κούσῃ
2442 4027 2746 4098 ψυχρότητι
2775 4026 2875 4096 τὴν
2922 4025 3258 4096 γιγνομένην
3311 4023 3572 4095 ήδύτητα,
3623 4010 3709 4068 τοῦ
3738 4006 3784 4060 δὲ

2242 4117 2700 4190 μεγαλοπρεποῦς
2743 4115 2820 4188 τῷ
2863 4115 3163 4187 ἀμειλίκτῳ
3210 4114 3469 4170 δοκοῦντι
3521 4101 3780 4162 κοινωνίαν

2238 4213 2575 4281 χαρίεσσαν·
2619 4210 2768 4273 ὅπως
2816 4208 3032 4277 φαίνοιο
3060 4208 3152 4260 καὶ⁵
3190 4208 3374 4261 τοῖσδε
3427 4203 3652 4274 πρέπων
3675 4199 3782 4281 ’lYf‘

2243 4276 2424 4373 μονίᾳ,
2459 4299 2554 4354 καὶ
2586 4301 2776 4371 σχοίης
2820 4276 2885 4368 γε
2919 4301 3045 4362 τοὺς
3085 4300 3190 4353 ὑπὸ
3223 4300 3286 4352 σὲ
3324 4295 3691 4364 πειθομένους.
3713 4276 3778 4342 οἷς

2243 4393 2309 4447 ἂν
2341 4394 2415 4455 ὼς
2447 4394 2645 4463 ἄριστα
2671 4392 2858 4462 γνοίης
2883 4407 2900 4424 ⁸
2936 4387 2994 4446 οὗ
3025 4393 3193 4463 χωρὶς
3223 4392 3377 4445 οὐδὲν
3411 4388 3527 4442 ἔστι
3556 4375 3777 4451 γενέσθαι

2246 4488 2352 4539 τῶν
2384 4487 2579 4555 ὀνῆσαι
2621 4485 2958 4554 δυναμένων.
3001 4483 3205 4537 Τούτου
3233 4482 3291 4535 δὲ
3325 4475 3581 4546 ἐπιτυχὴς
3612 4470 3672 4524 ἂν
3698 4463 3773 4555 τί·

2243 4594 2376 4642 νοιο,
2408 4549 2506 4647 οὐχ
2547 4549 2881 4648 ἥκιστανμὲν
2926 4575 3000 4628 ῶν
3030 4575 3268 4645 χρηστὸς
3314 4574 3412 4626 καὶ
3457 4563 3672 4639 φοδερδῖ
3711 4549 3778 4614 οἷς

2243 4669 2535 4739 προσήκει,
2571 4669 2664 4722 καὶ
2716 4667 2790 4738 μὴ
2835 4667 2897 4720 τὸ
2941 4667 3141 4721 σαυτοῦ
3195 4666 3416 4720 σκοπῶν
3457 4654 3684 4729 ἀκριὸὦς
3726 4647 3770 4739 ἐν

2242 4736 2436 4824 ἅπασιν,
2470 4762 2563 4813 καὶ
2600 4760 2757 4824 δίκας
2779 4736 2842 4814 ού
2881 4761 3034 4830 παρᾶ
3079 4759 3300 4813 πάντων
3338 4736 3773 4840 λαμὸάνωνέ

2238 4839 2401 4906 ’λιστα
2428 4853 2505 4920 δὲ,
2539 4854 2588 4906 εί
2623 4853 2835 4916 πείθεις
2880 4853 3079 4916 αὐτοὺς
3118 4851 3298 4924 ἔργοις
3341 4850 3440 4917 ούχ
3468 4840 3620 4917 ἦττον
3643 4834 3672 4903 ἦ
3699 4829 3768 4880 λό’

2245 4961 2388 5012 γοις,
2419 4945 2494 5009 ὡς
2521 4946 2608 5017 ἄρ’
2645 4945 2868 4997 ἐκείνων
2911 4944 3135 5014 ἄμεινον
3167 4944 3227 4996 τὸ
3261 4940 3485 4994 ἐκείνων
3527 4924 3769 4998 συμφέρον

2246 5037 2552 5090 ἐπίστασαι.
2593 5035 2804 5106 Σαφοῦς
2837 5037 2946 5107 γὰρ
2983 5035 3268 5106 γεγονότος
3318 5031 3542 5090 ἐκείνου,
3573 5021 3639 5082 ὡς
3668 5027 3763 5107 mt—

2251 5128 2502 5199 θεμένοις
2534 5146 2617 5183 σοι
2675 5099 3122 5200 παραινοῦντιεῦ
3168 5127 3234 5182 ἂν
3285 5125 3436 5196 σχοίη
3483 5106 3696 5172 τουτοισὶ
3717 5099 3763 5153 τδ

2252 5222 2564 5285 πεπεῖσθαι,
2596 5223 2800 5292 φθάσαι
2831 5239 2928 5275 σου
2955 5223 3053 5284 τὰς
3084 5221 3431 5290 παραινέσεις
3463 5208 3758 5297 ἐθελήσονξίν

2251 5313 2454 5385 ἔργοις.
2505 5314 2674 5366 Τοῦτο
2730 5315 2957 5384 ἰατροῖς,
3006 5311 3166 5366 τοῦτο
3218 5307 3586 5380 κυϐερνήταις,
3632 5298 3759 5344 τουπ

2253 5406 2477 5477 ποιμέσι
2503 5405 2686 5460 δίδωσι
2716 5405 2776 5459 τὸ
2802 5407 2896 5461 καὶ
2925 5407 3040 5469 τοῖς
3073 5405 3338 5476 νεύμασιν
3367 5401 3532 5467 ἄγειν.

2979 5675 3023 5729 ιι
3032 5675 3105 5729 Γ’.

2327 5766 2432 5833 Ἥς
2486 5769 2582 5830 μὲν
2643 5769 2909 5857 οὐκοὲρᾷς
2942 5749 3140 5838 ψυχῆς,
3192 5766 3266 5832 ὡς
3301 5764 3394 5821 οὐκ
3445 5753 3631 5821 ἐρώσης
3665 5730 3748 5788 τῶν
