3978 6566
178 409 296 472 δτι

1167 407 1576 470 ΡΒᾸΞΟΕΡΤΑ
1617 406 2141 468 ΕΒΗΕΑΤΙΟΝΙΞ
2179 407 2462 468 REGUE.

3345 403 3459 464 374

174 521 415 589 καλῶν,
457 521 663 592 ταύτης
699 522 772 593 μὴ
802 521 974 593 μιμοῦ
999 520 1068 575 τὰ
1099 523 1510 594 ἐπιτηδεύματα
1531 542 1545 556 ·
1649 522 1694 574 δ’
1722 515 1788 574 αὖ

1898 520 2038 574 velut
2070 520 2424 574 honestarum
2481 531 2664 573 rerum
2725 514 2948 572 minime
3003 516 3331 572 studiosum.
3391 519 3461 569 At

183 614 478 670 σύνοισθα
520 614 721 682 ἀγαθὰ,
773 615 929 684 τήνδε
977 615 1168 686 ζήλου.
1203 614 1422 669 Μᾶλλον
1467 615 1547 676 δὲ.
1593 613 1784 682 ἐπειδὴ

185 709 408 780 μηδεὶς
463 707 767 777 ἀνθρώπων
801 707 952 760 ἔστιν
1000 707 1034 777 ἢ
1092 707 1252 761 πάνθ’
1292 706 1428 776 ὁμοῦ
1479 703 1782 774 τάγαθὰ,ἢ

184 799 382 870 μηδέν
416 815 473 851 τι
527 796 888 867 κεκτημένος,
923 797 1018 851 καὶ
1067 794 1247 848 ἔνεστί
1289 812 1393 848 που
1440 795 1535 847 καὶ
1579 791 1784 862 φαῦλον

177 891 379 959 ἄνδρα
416 889 654 959 χρηστὸν
698 888 856 956 λόγον
903 889 1100 950 εἰπεῖν,
1135 887 1228 940 καὶ
1272 883 1590 939 τούναντίον
1625 880 1785 950 γενέ-

179 983 351 1046 σθαι,
385 983 648 1050 κρεῖσσον
674 980 884 1033 εἰπόντι
937 979 1106 1032 καλὸν
1137 978 1448 1047 πεισθῆναι,
1481 974 1588 1029 κᾶν
1642 974 1787 1027 ἐκεῖ·

180 1090 286 1134 νος
317 1072 432 1125 οὐκ
457 1071 788 1142 ἐργάζηται,
826 1071 858 1140 ἢ
895 1073 1064 1124 τᾶλλα
1095 1072 1196 1140 μὲν
1225 1068 1339 1123 δντι
1364 1066 1608 1140 χρηστῷ,
1644 1065 1785 1135 φαῦ-

180 1167 289 1218 λον
350 1163 408 1217 δ’
460 1165 669 1218 εἰπόντι
719 1163 1030 1217 συνθέσθαι.
1086 1162 1272 1216 Κακδν
1321 1163 1354 1232 ή
1400 1161 1518 1231 ἔρις
1579 1160 1675 1214 καὶ
1723 1159 1786 1213 τὸ

178 1259 509 1312 ἀντίτυπον
529 1271 547 1288 °
584 1257 755 1312 κακον
788 1258 851 1310 τὺ
890 1258 1060 1310 πᾶσιν
1092 1253 1433 1319 ἀκολουθεῖν,
1461 1255 1644 1308 καὶτὸ
1677 1271 1784 1320 μα-

175 1347 506 1401 λάττεσθαι
531 1363 612 1413 τε,
643 1350 739 1401 καὶ
765 1347 1024 1402 ἕλκεσθαι
1047 1345 1140 1400 νοῦ
1184 1347 1500 1416 χαυνότητι.
1540 1347 1634 1399 Ἐκ
1661 1345 1782 1400 δια-

179 1441 419 1511 μέτρου
464 1441 566 1510 μὲν
617 1442 776 1495 ταυτὶ
828 1440 1091 1510 διέχετον,
1141 1439 1313 1509 ἄμφω
1359 1438 1416 1492 δὲ
1465 1438 1616 1508 λύμη
1671 1441 1784 1504 τοῖς

176 1535 598 1603 κεκτημένοις.
639 1535 715 1589 Τὸ
755 1535 802 1588 δ’
833 1537 1006 1590 εἴκειν
1055 1536 1238 1604 λόγοις
1271 1535 1519 1604 ἀγαθοῖς,
1567 1535 1690 1588 ὅθεν
1719 1536 1785 1590 ἂν

176 1645 334 1681 ποτε
370 1629 644 1696 λέγοιντο.
680 1630 842 1683 τοῦτο
874 1630 933 1682 δὲ
979 1630 1146 1694 μέσον
1171 1629 1338 1696 ἐστὶν,
1379 1629 1626 1700 εντορνον
1663 1629 1786 1682 ὅλον

178 1720 478 1790 ἀκριϐῶς,
521 1721 655 1792 μηδὲ
686 1720 762 1792 τῷ
791 1722 970 1793 μὼμῳ
1004 1721 1176 1793 λαϐὴν
1205 1721 1472 1794 παρέχον.
1505 1721 1650 1792 Πρὸς
1674 1719 1785 1791 γὰρ

182 1815 288 1867 τὸν
318 1815 605 1883 φεύγοντα
649 1815 747 1879 τὰς
778 1817 1088 1887 ἀκρότητας
1125 1816 1250 1886 μηδ’
1289 1814 1356 1869 ἂν
1385 1816 1596 1868 ἐκεῖνον
1628 1810 1784 1884 οἶμαι

1891 613 2050 681 cujus
2075 611 2170 666 tibi
2204 610 2432 686 virtutes
2463 619 2606 665 notae
2633 617 2784 673 sunt,
2827 623 2952 666 eum
3005 611 3287 663 aemulare.
3343 607 3460 663 [mo

1891 705 2100 775 potius,
2138 718 2262 758 cum
2300 703 2551 757 mortalis
2578 717 2740 757 nemo
2769 702 2862 766 sit,
2910 701 2963 755 in
3002 715 3112 771 quo
3147 700 3230 754 vel
3260 711 3458 754 cuncta

1890 796 2053 851 simul
2085 795 2194 851 sint
2231 796 2390 859 bona,
2427 795 2512 850 vel
2554 795 2780 849 omnino
2807 795 3042 859 nullum,
3075 808 3312 862 cumque
3335 794 3480 846 fieri,

1890 888 2090 956 possit,
2116 896 2176 940 ut
2199 886 2282 940 vir
2306 887 2485 942 malus
2521 887 2802 958 egregium
2830 887 3060 941 verbum
3099 885 3367 955 proferat,
3397 899 3462 939 ac

1891 977 2011 1033 vice
2041 993 2196 1034 versa
2233 995 2247 1033 :
2279 985 2502 1049 praestat
2529 979 2576 1034 ei
2603 993 2818 1050 parere,
2853 979 2942 1049 qui
2973 978 3101 1034 boui
3124 977 3256 1047 quid
3277 986 3463 1046 protu-

1891 1071 1974 1137 iit,
2007 1070 2223 1126 tametsi
2257 1071 2438 1126 verbis
2468 1070 2611 1127 facta
2663 1087 2774 1126 non
2838 1070 3240 1141 respondeant,
3293 1083 3460 1139 quam

1893 1162 2102 1216 homini
2134 1163 2428 1232 cazteroqui
2464 1162 2629 1229 bono,
2655 1163 2750 1217 sed
2782 1162 2874 1231 qui
2909 1161 3037 1216 mali
3057 1161 3185 1229 quid
3211 1173 3461 1224 pronun-

1889 1253 2067 1319 tiavit,
2098 1254 2378 1328 assentiri.
2399 1251 2600 1308 Malum
2643 1253 2776 1323 quid
2801 1263 2887 1308 est
2917 1252 3201 1307 contentio
3253 1260 3309 1306 et
3365 1249 3464 1304 ad-

1890 1347 2134 1402 versatio
2165 1363 2179 1401 :
2204 1349 2435 1413 malum,
2467 1360 2661 1402 omnes
2682 1345 2860 1416 sequi,
2879 1345 3040 1410 ﬂecti,
3067 1345 3288 1399 levitate
3306 1358 3464 1397 men-

1892 1435 1964 1492 tis
1997 1436 2221 1506 impelli.
2259 1436 2470 1492 Distant
2496 1435 2610 1490 haec
2643 1434 2864 1506 quidem
2905 1449 2936 1488 a
2983 1448 3043 1488 se
3095 1433 3331 1487 invicem
3396 1445 3464 1484 ex

1892 1529 2201 1597 intervallo,
2241 1530 2334 1585 sed
2371 1529 2535 1585 ambo
2592 1528 2894 1598 perniciem
2957 1525 3196 1581 afferunt
3258 1522 3461 1590 iis,,in

1891 1622 2092 1694 quibus
2116 1623 2408 1679 exsistunt.
2439 1621 2509 1676 At
2538 1619 2882 1677 orationibus
2946 1617 3144 1673 cedere
3195 1616 3379 1678 bonis,
3433 1625 3462 1666 a

1891 1731 2220 1786 quocunque
2245 1715 2462 1771 tandem
2509 1712 2886 1784 proferantur,
2925 1710 2979 1766 id
2999 1725 3126 1765 vero
3157 1716 3210 1765 et
3239 1707 3464 1780 politis-

1892 1808 2094 1863 simum
2132 1809 2293 1880 plane
2323 1807 2581 1878 quiddam
2628 1815 2732 1870 est,
2764 1819 2829 1860 ac
2883 1819 2953 1859 ne
2999 1801 3182 1857 Momo
3239 1803 3462 1873 quidem

179 1897 614 1976 ἄναισχυντεῖν.
657 1909 763 1962 Καὶ
800 1909 1078 1980 πανταχοῦ
1107 1909 1163 1964 δὲ
1205 1909 1488 1980 χρώμενον
1524 1910 1646 1972 ταῖς
1682 1924 1780 1978 με·-

1898 1902 1986 1974 psi
2011 1899 2455 1971 reprehensionis"
2488 1913 2681 1954 ansam
2711 1897 2935 1968 praebet.
2969 1894 3187 1964 Quippe
3211 1909 3278 1950 ne
3319 1893 3466 1950 hunc

189 2000 424 2068 σᾶτησι,
484 1997 696 2066 φαίνοιο
745 1999 812 2054 ἂν
853 2003 974 2065 ταῖς
1006 2003 1230 2069 ἀρεταῖς
1279 2001 1581 2074 χρώμενος.
1618 2001 1786 2072 Ὅρος

188 2092 311 2163 γὰρ
341 2091 534 2146 αὐτῶν
575 2095 632 2147 τδ
662 2093 829 2163 μέσον
853 2095 1031 2163 ἔδοξεν
1063 2091 1226 2151 εἶναι.

937 2383 1063 2438 ﬂA’.

267 2496 508 2552 Ἥκιστ⁹
537 2497 603 2551 ἂν
632 2497 924 2568 ἀρμόσειεν
947 2498 1314 2571 αὐτοκράτορι
1339 2499 1372 2571 ἢ
1401 2499 1621 2571 βουλαῖς
1657 2498 1790 2554 ὕπο-

193 2592 496 2661 τετὰχθαι,
521 2591 596 2654 ὡς
620 2591 710 2658 ὑφ’
735 2592 1038 2662 ἁρμοσταῖς
1073 2592 1264 2645 ἑαυτὸν
1297 2593 1562 2660 ποιοῦντι,
1587 2593 1621 2665 ἧ
1646 2609 1788 2646 τισιν

192 2684 519 2750 ἀξιολόγοις
541 2684 867 2754 ἐπιχειρεῖν,
898 2685 973 2754 μὴ
1006 2685 1188 2748 καλῶς
1221 2685 1664 2757 βεϐουλευμένῳ,
1694 2685 1790 2740 καὶ

193 2778 297 2838 τὰς
335 2775 572 2844 γνώμας
614 2776 794 2844 ἔχοντι
850 2777 960 2828 τῶν
1004 2777 1327 2844 φιλούντων.
1384 2777 1712 2831 Βουλευτέον
1743 2776 1788 2831 δ’

195 2872 268 2924 ἂν
299 2872 395 2936 εῐη
432 2868 494 2922 τδ
550 2869 674 2941 μήτ’
724 2869 986 2922 ἀδύνατον
1030 2869 1218 2933 καλὸν,
1249 2871 1388 2940 μήτε
1419 2870 1644 2940 εὐχερὲς
1690 2870 1789 2940 μὲν

194 2963 554 3033 πραχθῆναι,
581 2962 752 3016 κακδν
778 2963 853 3029 δὲ,
885 2965 1022 3033 μήτε
1061 2981 1112 3017 τι
1139 2963 1249 3016 τῶν
1283 2962 1598 3027 ἀναγκαίως
1627 2963 1790 3032 ἐπερ-

196 3057 467 3125 χομένων
489 3071 502 3084 ⁸
549 3055 668 3109 ἀλλ’
701 3055 729 3108 δ
768 3057 1008 3124 σπουδῆς
1039 3057 1131 3109 καὶ
1167 3057 1481 3128 φρονήσεως
1513 3054 1676 3126 ἔργον
1706 3053 1787 3124 δν,

198 3151 400 3217 ὀνήσει
430 3163 494 3214 γε
547 3146 730 3211 καλῶς
765 3146 1040 3218 πραχθέν·
1076 3148 1167 3200 καὶ
1209 3147 1284 3218 μὴ
1317 3145 1580 3217 πραχθὲν,
1611 3144 1645 3216 ἢ
1688 3163 1790 3199 κα-

1888 1992 2108 2064 quidem
2132 1991 2371 2046 arbitror
2397 1990 2746 2062 impudenter
2774 1988 3044 2044 adversus
3091 1986 3244 2040 illum
3275 2000 3463 2057 agere,

1847 2122 1855 2128 -
1889 2083 1983 2152 qui
2003 2082 2384 2137 extremitates
2405 2081 2559 2136 vitat.
2598 2079 2841 2150 Denique
2870 2078 2918 2133 si
2965 2077 3144 2133 media
3190 2075 3358 2132 rebus
3409 2077 3464 2133 in

1889 2170 2145 2228 omnibus
2172 2173 2520 2244 amplecteris
2556 2173 2809 2228 virtutes.
2863 2169 3000 2226 Nam
3029 2185 3221 2226 earum
3260 2169 3460 2224 finitior

1889 2281 2014 2322 nem
2048 2266 2256 2337 placuit
2283 2281 2351 2322 ex
2380 2281 2468 2334 eo,
2493 2266 2641 2336 quod
2691 2265 2932 2321 medium
2969 2265 3065 2331 sit,
3104 2262 3464 2321 constituere.

2537 2378 2821 2436 LXXXIV.

1965 2498 2218 2557 Decuerit
2235 2498 2660 2570 haudquaquam
2688 2495 3096 2564 imperatorem,
3116 2493 3200 2549 vel
3216 2489 3462 2548 consiliis

1887 2594 2085 2650 alienis
2112 2607 2234 2649 esse
2261 2591 2594 2662 subjectum,
2637 2587 2796 2659 quasi
2844 2585 3286 2640 moderatoribus
3340 2599 3464 2642 sese

1890 2683 2324 2748 submittentem,
2345 2681 2431 2737 vel
2451 2679 2687 2750 alicujus
2707 2677 2968 2733 momenti
2995 2692 3085 2732 res
3107 2675 3286 2730 moliri
3311 2677 3464 2745 prius

1889 2791 2052 2848 quam
2085 2784 2234 2831 recte
2264 2771 2677 2838 consultaverit,
2714 2784 3019 2840 eorumque
3076 2752 3402 2832 sententias,
3434 2781 3465 2821 a

1889 2870 2087 2940 quibus
2111 2867 2379 2937 diligitur,
2400 2863 2685 2920 habeat.ln
2715 2862 3175 2920 consultationem
3213 2875 3341 2916 vero
3369 2859 3464 2913 dc-

1889 2960 2221 3026 ducendum,
2254 2975 2355 3014 nec
2387 2959 2615 3025 bonum,
2652 2956 2800 3030 quod
2834 2957 2950 3011 fieri
3006 2952 3220 3025 nequit,
3277 2969 3376 3010 nec
3418 2954 3462 3006 si

1889 3051 2018 3123 quid
2050 3050 2245 3107 eﬂ'ectu
2279 3049 2456 3115 facile,
2493 3049 2590 3105 sed
2643 3049 2874 3112 malum,
2898 3064 2998 3104 nec
3047 3045 3314 3118 quidquid
3374 3061 3467 3100 ne-

1890 3142 2130 3199 cessario
2155 3150 2371 3198 constat
2420 3150 2743 3197 eventurum
2788 3159 2805 3200 :
2836 3139 2930 3195 sed
2959 3139 3103 3211 quod
3128 3154 3252 3194 cum
3284 3138 3466 3193 studio

202 3241 348 3306 κῶς,
404 3239 614 3308 ζημίαν
658 3241 901 3308 ἐνεγκεῖν
923 3238 1182 3296 δύναται.
1226 3238 1423 3300 Καλῶς
1452 3239 1509 3293 δὲ
1556 3235 1623 3292 ἂν
1667 3236 1786 3290 τότε

1898 3237 2294 3308 prudentiaque
2317 3234 2502 3305 perlici
2537 3233 2741 3305 possit,
2768 3241 2916 3288 recte
2939 3231 3143 3287 factum
3170 3230 3464 3295 conducet,

205 3331 514 3402 πραχθείη,
550 3331 676 3384 ὅταν
708 3325 740 3405 ᾗ
798 3330 916 3399 μεθ’
948 3329 1143 3384 ἑαυτοῦ
1194 3330 1535 3398 κεκτημένον
1581 3327 1788 3382 τούτων

127 3424 148 3434 ”
209 3426 272 3494 δὴ
305 3423 420 3478 τῶν
457 3423 689 3476 τελικῶν
720 3422 1070 3494 καλουμένων
1100 3422 1424 3494 ὁλόκληρον,
1464 3423 1512 3476 εί
1540 3421 1786 3488 δυνατὸν,

209 3521 312 3586 τὴν
361 3516 568 3582 ἑξάδαο
617 3517 666 3569 εί
696 3517 753 3570 δὲ
799 3515 894 3586 μὴ.
938 3515 1006 3568 τὰ
1050 3515 1226 3569 πλείω
1268 3514 1496 3580 τούτων,
1533 3512 1566 3583 ἢ
1621 3514 1689 3567 τά
1727 3530 1788 3582 γε

214 3609 456 3677 κρείττω
517 3607 611 3658 καὶ
664 3604 991 3674 τελεώτερα.
1043 3604 1227 3658 Καλὸν
1276 3604 1333 3658 δὲ
1382 3603 1479 3657 καὶ
1534 3603 1642 3672 πρὸ
1687 3601 1790 3671 τῆς

215 3701 411 3772 χρείας
445 3696 798 3770 βουλεύεσθαι
819 3715 834 3727 ⁸
867 3697 942 3760 ὡς
969 3697 1036 3768 ἢν
1060 3694 1256 3768 ἐπείγῃ
1285 3696 1344 3749 τὺ
1377 3693 1788 3766 βουλευόμενον,

221 3794 468 3864 ταραχῆς
515 3792 614 3854 τὰς
647 3790 888 3854 διανοίας
935 3790 1226 3861 ἐμπιπλῶν
1257 3787 1506 3860 ἐμποδὼν
1551 3785 1683 3840 αὐτὸ
1709 3783 1791 3853 γίο

222 3901 370 3938 νεται
404 3885 471 3954 τῇ
503 3881 684 3950 οἰκείᾳ
707 3879 1018 3953 διορθώσει.

941 4170 1068 4226 HE’.

307 4289 366 4342 '0
395 4287 648 4357 βασιλεὺς
693 4289 932 4356 ἐννόμως
975 4287 1106 4351 ζῶν,
1151 4284 1243 4339 καὶ
1272 4285 1457 4354 νόμοις
1486 4285 1635 4352 ἄγων
1668 4287 1794 4346 τοὺς

231 4380 321 4433 ὑπ’
349 4379 533 4444 αὐτὸν,
566 4377 825 4442 καθάπαξ
883 4377 1127 4439 ἐναντίος
1183 4377 1300 4428 ἐστὶ
1345 4377 1458 4439 τοῖς
1509 4377 1794 4445 τυραννεῖν

231 4473 528 4532 ἐθέλουσιν,
559 4473 607 4525 οἳ
653 4472 820 4542 νόμον
849 4469 1203 4538 ἀπαράϐατον
1236 4469 1420 4538 ἔχουσι
1454 4469 1548 4532 τὰς
1584 4470 1795 4522 ἑαυτῶν

231 4567 440 4633 ἡδονάς.
491 4546 762 4618 Ἐοικέναι
795 4565 902 4632 γὰρ
951 4563 1100 4616 δοκεί
1130 4561 1190 4615 τὸ
1226 4561 1534 4629 βασιλεύειν
1569 4561 1648 4631 τῷ
1696 4579 1794 4613 τυ-

235 4659 465 4728 ραννεῖν.
521 4657 844 4708 Διίστασθον
873 4654 932 4708 δὲ
967 4653 1234 4724 ἀλλήλων,
1291 4654 1416 4706 ὅσον
1459 4653 1570 4705 οὐδ’
1617 4654 1796 4705 εἰπεῖν

234 4749 476 4817 εὐχερές.
511 4747 602 4816 Τῷ
631 4747 728 4817 μὲν
759 4750 870 4818 γὰρ
912 4749 1160 4818 τυράννῳ
1192 4746 1252 4799 τὸ
1282 4744 1546 4800 δύνασθαι
1583 4746 1644 4797 τὸ
1671 4746 1800 4808 τοὺς

236 4841 325 4894 ὑπ’
358 4840 548 4908 ἐκείνῳ
604 4839 834 4909 χαυνοῦν
881 4841 1032 4892 ἐστι⁶
1068 4839 1175 4891 κᾶν
1215 4838 1370 4908 ίσχῦν
1417 4837 1698 4909 προσλάϐῃ
1746 4837 1801 4890 τὸ

238 4932 428 4994 κοινὸν,
467 4932 804 5002 ὀνειροπολεῖ
841 4930 941 5001 τὴν
967 4929 1133 4985 αὑτοῦ
1164 4931 1491 5001 καθαίρεσιν
1509 4947 1524 4962 θ
1552 4929 1580 4982 ὁ
1602 4929 1647 4983 δ’
1671 4930 1802 4998 ἁλη-

241 5024 342 5086 θῶς
375 5023 626 5094 βασιλεὺς
655 5026 766 5086 τοῖς
812 5023 1270 5099 ὑποταττομένοις
1303 5024 1352 5076 οἰ
1392 5022 1646 5093 πλήθεσι,
1696 5038 1802 5075 πα-

241 5115 378 5185 τρὸς,
407 5116 686 5184 ποιμένος,
719 5113 926 5185 ἰατροῦ,
951 5115 1295 5181 διδασκάλου,
1325 5114 1419 5168 καὶ
1451 5115 1506 5167 εί
1525 5131 1579 5166 τι
1608 5111 1796 5183 σχῆμα

243 5210 452 5263 δύναται
498 5207 718 5272 σώζειν,
759 5211 924 5260 τόπον
979 5207 1167 5272 σώζων
1213 5206 1498 5277 τυγχάνει.
1542 5207 1799 5275 Νομίζων

244 5303 296 5355 δὲ
320 5304 368 5354 ὲν
396 5300 474 5371 τῷ
503 5299 670 5365 κοινῷ
702 5300 1054 5354 συνίστασθαι
1090 5300 1334 5353 τόκείνου
1374 5300 1675 5370 συμφέρον,
1708 5298 1800 5351 καὶ

248 5395 453 5466 Χριστῷ
483 5394 767 5459 διακονῶν,
801 5396 896 5448 καλ⁸
928 5393 1262 5464 μιμούμενος
1297 5393 1460 5447 αὐτὸν
1492 5393 1694 5462 μᾶλλον
1722 5391 1800 5464 τῷ

247 5487 562 5558 διακονεῖνῆ
608 5486 686 5557 τῷ
736 5486 946 5558 ἄρχειν,
1003 5487 1181 5559 χαίρει
1227 5487 1453 5558 βελτιῶν
1478 5486 1576 5556 τὴν
1624 5484 1802 5557 ἀρχὴν

248 5582 343 5634 τῶν
395 5578 794 5651 βελτιουμένων
839 5579 1084 5650 ἄμεινον.
1138 5578 1284 5650 Είης,
1323 5596 1414 5648 μοι
1459 5576 1718 5644 τοιοῦτος,
1757 5571 1804 5632 ὦ

251 5673 482 5743 φίλτατε.

1895 3343 1957 3382 ac
1994 3342 2099 3381 non
2127 3327 2328 3380 factum
2350 3325 2432 3381 vel
2455 3325 2656 3380 factum
2684 3324 3243 3389 malc,detrimentum
3272 3321 3468 3379 afferre

1895 3421 2112 3490 poterit.
2136 3416 2290 3473 Tunc
2320 3427 2500 3474 autem
2525 3426 2673 3473 recte
2701 3416 2903 3472 factum
2933 3416 3058 3483 erit,
3078 3432 3202 3472 cum
3231 3415 3464 3488 integre,

1897 3511 1942 3566 si
1989 3511 2103 3566 fieri
2144 3510 2368 3580 poterit,
2404 3525 2500 3565 sex
2531 3509 2650 3564 illas
2688 3509 2948 3576 virtutes,
2982 3525 3122 3579 quas
3181 3519 3464 3563 extremas

1897 3613 2118 3674 vocant,
2139 3603 2475 3660 continebit:
2496 3603 2582 3658 sin
2616 3610 2825 3669 autem,
2843 3603 2930 3656 vel
2962 3604 3220 3675 majorem
3247 3602 3462 3656 illarum

1898 3707 2129 3766 partem,
2149 3697 2233 3751 vel
2259 3694 2667 3766 praestantiores
2694 3702 2859 3764 atque
2884 3695 3261 3762 perfectiores.
3287 3693 3464 3748 Etiam

1897 3790 2102 3845 bonum
2129 3797 2232 3852 est,
2264 3786 2692 3843 deliberationes
2725 3788 2898 3858 prius,
2948 3802 3115 3858 quam
3174 3786 3246 3841 sit
3297 3800 3462 3852 opus,

1900 3877 2150 3944 institui;
2179 3877 2400 3947 quippe,
2432 3877 2573 3945 quod
2605 3877 2659 3930 in
2710 3876 3172 3933 consultationem
3219 3875 3389 3940 venit,
3417 3876 3466 3931 si

1899 3969 2131 4022 nimium
2181 3978 2387 4037 urgeat,
2422 3967 2825 4038 perturbatione
2889 3976 3102 4024 mentes
3152 3967 3363 4036 implet,
3413 3976 3467 4022 et

1899 4074 2010 4130 quo
2037 4058 2220 4114 minus
2244 4057 2430 4113 haberi
2466 4057 2764 4113 remedium
2799 4057 2989 4129 possit,
3020 4058 3264 4128 impedit.

2549 4168 2811 4224 LXXXV.

1973 4282 2038 4337 Et
2059 4282 2176 4353 ipse
2200 4279 2499 4337 secundum
2520 4281 2673 4351 leges
2729 4279 2943 4346 vivens,
2992 4289 3047 4337 et
3090 4282 3344 4339 subditos
3400 4298 3467 4338 ex

1902 4375 2079 4446 legum
2106 4373 2424 4444 praescripto
2451 4373 2758 4443 gubernans
2783 4388 2903 4438 rex,
2933 4375 3097 4444 plane
3123 4375 3383 4432 diversus.
3402 4376 3473 4432 ab

1901 4469 1967 4523 iis
1994 4477 2099 4545 est,
2133 4468 2226 4538 qui
2263 4466 2605 4538 tyrannidem
2647 4482 2908 4523 exercere
2967 4470 3158 4524 volunt
3190 4487 3206 4536 ;
3270 4485 3472 4524 unam-

1903 4578 2009 4632 que
2035 4557 2204 4631 legem
2241 4558 2608 4614 inviolabilem
2635 4559 2856 4626 habent,
2884 4574 3016 4616 suas
3049 4561 3310 4617 nimirum
3346 4563 3471 4618 libi-

1902 4655 2082 4708 dines.
2107 4650 2244 4705 Nam
2275 4651 2523 4721 quzedam
2548 4650 2692 4704 inter
2720 4650 2930 4720 regium
2997 4653 3359 4720 dominatum,
3420 4663 3473 4710 et

1903 4745 2270 4827 tvrannidem,
2297 4760 2418 4801 esse
2457 4744 2754 4800 similitudo
2785 4745 3002 4799 videtur
3028 4763 3041 4800 :
3067 4748 3160 4800 sed
3196 4756 3408 4800 tantum
3443 4762 3472 4800 a

1905 4838 2217 4894 seiuvicem
2257 4835 2595 4907 discrepant,
2659 4846 2926 4906 quantum
2961 4851 3028 4890 ne
3075 4836 3308 4891 dicendo
3350 4837 3474 4906 qui-

1905 4931 2027 4985 dem
2054 4929 2317 5000 explicari
2351 4927 2509 4983 facile
2531 4937 2731 4998 potest.
2761 4929 3047 4996 Tyrannus
3084 4929 3138 4983 in
3187 4943 3252 4983 eo
3281 4940 3476 4999 poten-

1908 5022 2037 5076 tiam
2070 5035 2225 5075 suam
2254 5021 2413 5075 sitam
2439 5029 2615 5086 putat.
2646 5020 2692 5074 si
2712 5032 2843 5073 suos
2873 5017 2987 5086 ipse
3023 5016 3274 5074 subditos
3317 5019 3474 5073 debi-

1908 5111 2064 5178 litet;
2105 5127 2169 5166 ac
2197 5111 2241 5166 si
2284 5127 2371 5166 res
2404 5111 2620 5180 publica
2676 5110 2845 5166 robur
2907 5108 3131 5178 aliquod
3200 5112 3470 5182 acquirat,

1908 5204 2250 5260 eversionem
2271 5202 2519 5272 protinus
2547 5203 2661 5271 ipse
2683 5216 2838 5258 suam
2868 5201 3125 5257 somniat.
3181 5203 3351 5260 Verus
3376 5219 3476 5261 au-
3546 5237 3550 5241 ι

1909 5306 2018 5352 tem
2059 5311 2153 5350 rex
2181 5310 2311 5364 erga
2337 5294 2613 5364 subjectos
2643 5294 2747 5350 sibi
2802 5294 3054 5364 populos,
3115 5297 3311 5365 patris,
3377 5313 3479 5370 pa-

1910 5390 2096 5450 storis.
2136 5388 2358 5453 medici,
2388 5388 2652 5453 doctoris,
2683 5397 2735 5443 et
2763 5389 2806 5443 si
2841 5403 2946 5456 qua
2977 5389 3139 5444 saluti
3192 5389 3478 5445 consulere

1909 5462 2140 5552 persona
2181 5487 2379 5550 potest,
2404 5478 2523 5548 ejus
2565 5480 2741 5535 locum
2777 5479 3006 5536 obtinet.
3047 5479 3297 5552 Cumque
3324 5495 3478 5536 com-

1915 5572 2134 5626 modum
2159 5585 2320 5625 suum
2361 5570 2632 5626 contineri
2685 5571 2905 5640 publico
2965 5581 3138 5641 putet,
3188 5580 3244 5626 et
3273 5569 3477 5626 Christi

1916 5664 2164 5720 minister
2191 5665 2281 5727 sit,
2309 5672 2364 5719 et
2386 5665 2562 5734 magis
2605 5662 2758 5718 illum
2818 5664 3062 5719 imitetur
3109 5661 3480 5724 iuserviendo.

252 5779 397 5836 quam
423 5763 930 5836 imperandozplus
976 5765 1277 5836 voluptatis
1325 5764 1496 5836 capit,
1566 5776 1795 5835 regnum
1837 5759 2033 5817 melius
2057 5757 2360 5824 eliiclendo,
2402 5773 2566 5829 quam
2605 5756 2705 5825 illi,
2740 5755 2804 5811 ad
2833 5771 2971 5830 quos
3027 5757 3146 5827 ejus
3218 5753 3297 5810 rei
3356 5751 3477 5809 fru-

257 5867 361 5911 etus
391 5857 656 5927 pervenit.
686 5855 835 5914 Talis
869 5859 999 5916 mihi
1027 5861 1124 5925 sis,
1158 5859 1484 5917 charissime
1517 5858 1612 5913 illi.
