3978 6624
353 419 461 483 377

1316 419 1730 484 PRAECEPTA
1767 419 2294 483 EDUCATIONIS
2329 422 2605 484 BEGME.

3482 407 3592 479 3‘78

361 535 524 602 μένη.
563 534 810 588 Εὑλαόοῦ
859 534 1024 603 φύσιν
1065 535 1278 607 ἀγαθὴν
1317 538 1695 609 καταισχῦναι,
1737 539 1817 607 τῷ
1853 538 1920 608 μὴ

2035 546 2136 600 tre,
2175 537 2376 590 multos
2425 535 2675 605 egregios
2707 549 2876 600 avos;
2905 533 3078 590 habes
3111 531 3345 587 indolem
3371 532 3596 594 bonam,

354 626 562 699 ζηλοῦν
585 628 708 692 τοὺς
747 629 986 698 ἀγαθοὺς
1017 631 1126 685 τῶν
1153 631 1452 702 προγόνων.

1085 811 1212 866 ΗΘΖ

425 911 666 978 Σημεῖον
702 909 963 977 στρατιᾶς
991 907 1191 975 κακῆς,
1217 907 1312 960 καὶ
1341 907 1568 976 φεύγειν
1599 907 1766 980 οὔσης
1791 909 1931 964 ἑτοί-

357 1020 484 1070 μου,
537 1002 599 1052 τὸ
641 1000 957 1070 μεθημεραν
1005 1000 1228 1062 ἑαυτοὺς
1270 1001 1652 1070 ἀφανίζοντας,
1709 1002 1929 1074 νύκτωρ

355 1091 691 1159 ἑπιφύεσθαι
720 1094 834 1153 τοῖς
882 1091 1116 1162 ἐχθροῖς.
1152 1091 1309 1160 Μήτε
1359 1090 1490 1160 γοῦν
1533 1092 1696 1155 αὐτὸς
1724 1096 1929 1158 ξνυκτὸς

351 1185 447 1236 ἐπὶ
474 1186 604 1246 τοὺς
645 1185 874 1254 ἐχθροὺς
907 1184 1214 1254 ἐκδράμῃς,
1241 1183 1308 1254 ἣν
1357 1187 1430 1254 μὴ
1471 1187 1774 1258 κατεπείγῃ
1802 1188 1929 1257 χρό-

352 1293 466 1338 νος,
494 1279 589 1330 καὶ
613 1278 673 1329 τὸ
698 1277 914 1345 νικῆσαι
945 1277 1216 1347 πρόδηλον
1240 1275 1296 1351 ᾖ,
1327 1280 1359 1346 ἦ
1389 1279 1484 1331 καὶ
1506 1279 1695 1349 ἕτερον
1725 1282 1923 1346 εἰπεῖν,

353 1365 422 1433 ἦν
459 1364 586 1434 μηδ’
618 1367 677 1418 ὲν
705 1365 889 1419 ἐλπίσι
919 1367 1119 1435 κέηται
1147 1366 1208 1420 τὸ
1234 1369 1509 1438 κρατῆσαι
1537 1369 1808 1439 φανερῶς,
1831 1372 1927 1425 καὶ

355 1459 416 1508 το
465 1459 861 1527 ἐπιτεταμένον
899 1459 1000 1527 τῆς
1051 1459 1234 1530 μάχης
1285 1461 1481 1531 ἀπειλῇ
1543 1478 1626 1514 σοι
1670 1461 1922 1516 θάνατον.

356 1549 506 1617 Μήτε
545 1549 654 1618 μὴν
699 1550 810 1603 τῶν
861 1552 1122 1604 ἐναντίων
1156 1551 1348 1614 νυκτὸς
1399 1551 1780 1620 ἐφαλλομένων
1831 1553 1926 1606 ὲκ-

353 1640 622 1708 πλήττου.
647 1641 834 1712 Σκότῳ
861 1640 992 1710 γὰρ,
1016 1641 1110 1694 καὶ
1128 1641 1308 1710 ψόφῳ,
1331 1644 1426 1695 καὶ
1449 1645 1654 1710 φωναῖς
1680 1644 1927 1707 ἐλπίζον-

351 1748 444 1792 τες
480 1729 724 1800 τρέψειν,
756 1731 818 1784 ού
854 1733 1201 1799 γενναιότητι
1230 1733 1434 1803 ψυχῆς,
1481 1733 1600 1798 οὐδὲ
1633 1734 1924 1805 καρτερίᾳ,

354 1822 577 1876 ἐπειδὰν
596 1823 780 1885 αὐτοῖς
800 1824 862 1876 ού
889 1823 1009 1877 κατ’
1031 1824 1254 1888 ὲλπίδας
1276 1828 1502 1898 χωρήσῃ
1522 1827 1815 1898 τούγχείρη
1827 1845 1920 1896 μα,

357 1912 587 1981 μηδενὸς
633 1912 921 1977 διώκοντος
977 1915 1124 1982 μάλα
1167 1915 1450 1985 φεύγουσι.
1497 1919 1591 1971 Δεῖ
1620 1918 1676 1972 δὲ
1728 1920 1859 1981 πᾶν,
1895 1919 1924 1972 ὃ

357 2004 542 2057 δίδωσι
595 2006 1058 2074 περιγενήσεσθαι
1103 2007 1430 2078 προσδοκᾷν,
1483 2009 1566 2072 είς
1610 2010 1924 2079 τούμφανὲς

355 2096 512 2164 ἄγειν
563 2099 628 2166 τῇ
667 2099 916 2170 στρατιᾷ,
958 2099 1106 2162 ὅπως
1140 2100 1205 2152 ἄν
1254 2115 1336 2151 σοι
1391 2099 1777 2162 κοινωνοῦντες
1822 2102 1922 2170 τῆς

354 2190 534 2258 δόξης,
592 2192 910 2262 ἀδεέστερον
944 2192 1041 2246 καὶ
1078 2192 1175 2245 τοῦ
1223 2191 1461 2262 πολέμου
1507 2194 1920 2263 κοινωνήσαιεν.

353 2283 428 2337 0-3
478 2283 641 2353 μόνον
696 2286 806 2354 γάρ
839 2287 899 2338 τὸ
934 2286 1152 2356 ἰσχυρὸν
1199 2289 1292 2339 καὶ
1327 2284 1557 2355 φοϐερὸν
1599 2285 1721 2340 καθ’
1768 2287 1921 2353 αὐτὸ,

353 2375 489 2429 ἀλλὰ
515 2376 579 2446 δὴ
610 2378 706 2431 καὶ
755 2379 815 2432 τὸ
857 2377 1048 2430 δοκοῦν
1085 2377 1344 2448 βλάπτειν
1382 2378 1564 2433 εἴωθε.
1618 2381 1700 2432 Τά
1741 2380 1921 2451 πλήθη

351 2471 457 2540 γὰρ
486 2473 567 2535 εἰς
595 2471 752 2538 δόξαν
786 2471 991 2543 μᾶλλον
1022 2472 1054 2543 ἢ
1082 2472 1313 2544 τάληθὲς
1340 2472 1668 2527 ἀποϐλέπει.

423 2833 606 2886 Είδοτι
663 2833 729 2886 ἀν
773 2850 880 2886 που
926 2832 1166 2903 λέγοιμι.
1219 2831 1402 2898 Ἰξεύει
1444 2832 1543 2901 μὲν
1593 2834 1620 2885 ὁ
1651 2831 1921 2903 θηρευτὴς

346 2925 556 2987 αἰετὸν,
617 2923 731 2976 ἀλλ’
782 2923 1112 2993 ἀπροόπτως
1159 2923 1483 2995 ποιούμενον
1531 2921 1629 2986 τάς
1680 2924 1760 2984 είς
1796 2923 1921 2986 τοὺς

348 3015 625 3085 πτόρθους
659 3019 1013 3083 καταγωγὰς.
1051 3016 1163 3069 Καὶ
1195 3015 1335 3067 λέων
1375 3014 1473 3082 μὲν
1502 3013 1780 3068 ἁλίσκεται
1813 3013 1920 3066 πά-

346 3125 498 3174 γαις,
523 3106 645 3160 ἀλλ’
673 3108 1024 3176 ἀπρονοήτως
1053 3107 1304 3176 βαδίζων.
1338 3106 1634 3178 Κορυδαλοὶ
1662 3107 1718 3160 δὲ
1740 3109 1921 3177 πάγης

2033 626 2298 682 divinitus
2325 627 2421 682 tibi
2446 641 2762 682 concessam
2795 641 2980 690 :cave,
3001 625 3314 694 praeclaram
3336 624 3600 688 indolem,

2033 719 2323 789 prmelaros
2350 732 2482 774 avos
2509 719 2652 774 haud
2682 717 3012 782 mmulando,
3041 717 3522 772 dehonestaveris.

2657 808 2947 864 LXXXIX.

2101 899 2338 956 Omnino
2369 901 2584 971 signum
2614 910 2698 957 est
2727 902 3001 956 exercitus
3059 899 3263 970 ignavi,
3315 898 3458 954 etad
3518 897 3603 952 fu-

2031 992 2285 1064 gieudum
2319 995 2516 1063 parati,
2550 996 2595 1049 si
2649 995 2862 1063 suipsos
2927 993 3167 1048 interdiu
3227 993 3596 1056 occultantes,

2031 1095 2196 1140 noctu
2230 1087 2413 1141 hostes
2434 1086 2774 1142 adoriantur.
2818 1083 2929 1140 Nec
2956 1086 3124 1154 igitur
3177 1085 3292 1153 ipse
3323 1093 3485 1138 noctu
3538 1085 3592 1138 in

2031 1178 2218 1232 hostes
2251 1179 2611 1247 procurreris.
2655 1178 2759 1233 nisi
2785 1189 2998 1244 tempus
3033 1185 3244 1248 urgeat,
3268 1186 3321 1231 et
3368 1177 3599 1232 victoria

2032 1279 2082 1323 te
2110 1269 2408 1338 potiturum
2439 1271 2718 1324 evidenter
2749 1280 3044 1339 appareat;
3081 1268 3186 1332 vel,
3219 1279 3279 1322 ut
3307 1267 3465 1322 aliter
3519 1268 3600 1322 lo-

2027 1376 2188 1430 quar,
2223 1361 2268 1416 si
2295 1375 2396 1416 nec
2419 1361 2687 1430 speranda
2719 1363 2790 1417 sit
2843 1371 3033 1431 aperto
3057 1361 3228 1416 Marte
3253 1362 3503 1423 victoria,
3547 1369 3602 1414 et

2029 1467 2224 1522 pugme
2258 1452 2555 1507 vehemens
2589 1454 2825 1523 impetus
2876 1462 3106 1507 mortem
3181 1453 3278 1508 tibi
3340 1454 3597 1514 minetur,

2027 1557 2129 1598 nec
2152 1543 2482 1598 adversariis
2505 1553 2670 1599 noctu
2703 1553 2756 1600 te
2784 1545 3195 1605 invadentibus.
3253 1543 3440 1598 animo
3471 1559 3597 1612 per-

2028 1638 2286 1693 turberis.
2321 1638 2454 1692 Nam
2488 1639 2614 1707 quia
2647 1639 2906 1705 tenebris,
2931 1649 2984 1694 et
3015 1640 3274 1708 strepitu,
3298 1645 3356 1692 et
3392 1637 3598 1691 clamo-

2028 1729 2204 1795 ribus,
2237 1744 2340 1784 non
2377 1729 2545 1784 animi
2582 1732 2926 1794 strenuitate.
2954 1746 3054 1785 nec
3081 1730 3324 1784 laborum
3359 1729 3598 1784 toleran-

2029 1819 2122 1883 tia,
2158 1835 2216 1875 se
2251 1829 2377 1874 tuos
2419 1821 2471 1875 in
2513 1821 2694 1890 fugam
2730 1831 2950 1876 acturos
3003 1828 3260 1890 sperant,
3298 1834 3423 1874 cum
3478 1820 3592 1898 pri-

2027 1927 2174 1967 mum
2196 1927 2294 1980 pro
2316 1928 2410 1980 spe
2429 1921 2691 1982 concepta
2721 1922 2948 1968 conatus
2979 1913 3084 1968 iste
3108 1928 3216 1967 non
3238 1911 3594 1975 successerit,

2025 2002 2319 2074 admodum
2346 2015 2712 2073 persequente
2736 2006 2957 2060 nemine
2998 2005 3240 2074 fugiunt.
3271 2004 3448 2060 Debes
3501 2019 3598 2058 au-

2025 2069 2133 2150 tem
2167 2069 2434 2166 quidquid
2450 2069 2696 2152 victoriae
2722 2113 2877 2168 spem
2898 2097 2996 2152 tibi
3029 2069 3336 2166 pollicetur,
3371 2096 3441 2152 ob
3473 2111 3597 2151 ocu-

2026 2186 2108 2243 los
2139 2190 2404 2244 exercitui
2440 2205 2664 2260 ponere,
2695 2198 2756 2245 ut
2787 2191 2840 2245 in
2861 2191 3174 2262 Opinionem
3214 2199 3361 2244 tuam
3389 2199 3597 2259 pertra-

2024 2281 2119 2346 cti,
2152 2285 2460 2352 promptius
2495 2285 2548 2338 in
2577 2285 2892 2340 societatem
2915 2300 3106 2355 pugna:
3124 2285 3363 2340 veniant.
3387 2283 3599 2353 Quippe

2025 2387 2130 2425 non
2162 2381 2374 2429 tantum
2409 2375 2482 2440 id,
2509 2375 2656 2445 quod
2687 2392 2879 2446 reapse
2910 2377 3150 2448 validum
3182 2387 3286 2442 est,
3315 2392 3378 2430 ac
3409 2376 3598 2432 formi-

2024 2463 2224 2530 dabile,
2260 2481 2447 2520 verum
2469 2469 2632 2521 etiam
2664 2469 2810 2537 quod
2843 2483 2968 2524 esse
2994 2469 3232 2530 videtur,
3289 2482 3488 2522 nocere
3509 2483 3600 2522 so-

2023 2555 2118 2610 let.
2155 2557 2290 2611 Nam
2332 2558 2527 2628 vulgus
2558 2559 2839 2614 hominum
2873 2561 3043 2630 magis
3087 2559 3402 2630 opinionem
3430 2573 3595 2628 quam

2027 2651 2313 2706 veritatem
2348 2660 2580 2723 spectat.

2766 2739 2879 2795 XC.

2095 2838 2284 2894 Dicam
2311 2837 2520 2907 aliquid
2548 2835 2965 2893 non'nescieuti.
3001 2832 3164 2890 Visco
3187 2833 3408 2904 quidem
3443 2834 3599 2904 aqui-

2023 2932 2128 2986 lam
2167 2940 2392 2985 venator
2420 2931 2586 2999 capit,
2611 2931 2704 2986 sed
2727 2929 3098 3000 imprudenter
3116 2927 3170 2982 in
3200 2929 3453 2982 arborum
3476 2943 3599 2983 sese

2024 3038 2209 3078 ramos
2229 3020 2626 3076 demittentem.
2649 3020 2836 3075 Itidem
2859 3021 2943 3073 leo
2965 3018 3220 3088 indagine
3245 3019 3480 3087 capitur,
3501 3017 3599 3074 sed

2027 3124 2230 3170 temere
2272 3113 2650 3183 progrediens.
2687 3111 2942 3168 Galeritaa
2991 3125 3122 3166 vero
3167 3109 3441 3165 tendicula
3475 3110 3596 3180 capi

347 3200 620 3267 ἀνώτεροι
646 3200 721 3262 ὡς
749 3197 1158 3254 ὲπιτοπλεῖστόν
1186 3202 1345 3264 εἰσιν,
1387 3200 1462 3262 ὡς
1503 3201 1576 3270 μὴ
1609 3200 1919 3272 προπετῶς,

2028 3207 2346 3278 plerumque
2387 3215 2685 3274 nequeunt,
2709 3205 2857 3276 quod
2892 3220 2997 3260 non
3041 3213 3248 3260 temere
3285 3221 3386 3259 nec
3438 3204 3599 3258 avide

353 3291 493 3360 μηδὲ
526 3290 723 3359 λίχνως
761 3289 872 3343 τῶν
897 3290 978 3351 είς
1009 3289 1219 3362 τροφὴν
1253 3291 1714 3360 προκαλουμένων
1752 3290 1923 3344 ἀπτό-

354 3400 531 3452 μενοι.
580 3381 726 3435 Ἡδὲ
759 3382 959 3452 δορκὶς
1007 3381 1192 3452 ἔργοις
1238 3383 1422 3446 αὐτοῖς
1454 3384 1765 3436 συνεστῶσα
1803 3381 1925 3436 τοῦ-

351 3493 520 3545 νομα,
547 3475 764 3545 βρόχοις
793 3476 896 3528 οὐκ
925 3475 1197 3539 εὐάλωτος
1225 3477 1492 3544 γίγνεται.
1523 3477 1634 3529 Καὶ
1660 3477 1830 3528 πολλά
1857 3492 1919 3543 γε

351 3570 518 3639 ἕτερα
551 3567 728 3636 πολλῴ
774 3567 984 3620 τούτων
1029 3568 1358 3638 φαυλότερα,
1411 3567 1581 3638 σοφὴν
1613 3568 1921 3621 ἐπιδεικνύ-

358 3679 492 3730 μενα
526 3661 756 3724 δίαιταν,
789 3659 900 3712 τῶν
929 3659 1388 3713 ἐπιϐουλευόντων
1428 3661 1724 3732 καταγελᾷ.
1754 3661 1920 3712 Ὥστε

355 3759 464 3817 τοῖς
495 3754 810 3824 ἀνθρώποις
841 3754 1172 3824 προσέχουσι
1203 3753 1405 3823 μᾶλλον
1429 3754 1536 3806 τῶν
1571 3754 1776 3824 θηρίων
1807 3753 1924 3819 ἐξέ-

359 3863 476 3899 σται
504 3846 798 3908 ἐπιϐουλὰς
824 3846 1130 3916 διαδρᾶναι.
1163 3846 1368 3916 Πολλῆς
1395 3846 1494 3914 μὲν
1519 3844 1610 3898 οῦν
1639 3846 1922 3916 φροντίδος

354 3937 434 3989 δεῖ
473 3939 567 3989 καὶ
603 3936 843 3997 ίδιώταις
874 3936 1121 4006 ἀνδράσι,
1172 3938 1310 4006 μόνα
1339 3951 1403 4004 γε
1445 3935 1512 3988 τὰ
1556 3936 1681 3989 κατ’
1724 3935 1921 3998 αὐτοὺς

355 4028 691 4098 ἐνεργοῦσιν,
729 4027 778 4081 εί
827 4027 906 4080 δεῖ
933 4029 1008 4097 μὴ
1057 4029 1392 4098 πειραθῆναι
1427 4027 1642 4080 πολλῶν
1691 4026 1878 4080 κακῶν
1902 4043 1917 4058 ο

353 4123 462 4182 τοῖς
497 4119 553 4172 δὲ
583 4116 808 4189 λαχοῦσι
849 4119 1218 4190 προΐστασθαι
1265 4118 1647 4190 ἐπιμελεῖσθαι
1684 4118 1792 4172 τῶν
1825 4117 1920 4172 ἄλ-

353 4211 459 4264 λων
485 4211 548 4264 τὺ
571 4213 681 4264 πᾶν
706 4212 763 4263 ὲν
787 4209 864 4279 τῷ
893 4209 1200 4281 φροντίζειν
1226 4211 1376 4265 ἐστὶν
1400 4209 1541 4280 ὑπὲρ
1566 4208 1673 4262 τῶν
1699 4209 1917 4263 κοινῶν·

351 4303 411 4356 τὸ
439 4305 691 4373 προνοεῖν
737 4302 831 4356 καὶ
869 4303 1179 4370 οἰκονομεῖν
1231 4301 1448 4371 φυλακὴ
1482 4302 1916 4373 τῶνύπαρχόν-

350 4411 457 4448 των
479 4394 738 4467 ἀκριϐὴς,
769 4395 880 4448 τῶν
905 4395 1007 4447 ούκ
1030 4394 1203 4447 ὄντων
1229 4397 1498 4464 πορισμὸς
1529 4394 1782 4462 ἄφθονος,
1811 4413 1919 4448 σω-

2025 3300 2237 3358 soleant
2260 3315 2416 3355 escas
2450 3299 2738 3370 attingere.
2765 3297 2966 3352 Dorcas
3003 3312 3226 3367 quoque
3253 3297 3461 3352 nomini
3495 3312 3595 3351 suo

2024 3407 2083 3446 re
2115 3392 2229 3461 ipsa
2259 3391 2417 3446 fidem
2445 3389 2671 3456 faciens,
2704 3389 2911 3460 laqueis
2952 3388 3095 3443 haud
3142 3388 3302 3444 facile
3347 3389 3466 3458 capi
3502 3403 3598 3460 po-

2025 3494 2148 3541 test.
2170 3484 2356 3540 ltidem
2383 3483 2487 3539 alia
2513 3484 2680 3538 multa
2707 3483 2862 3554 longe
2881 3483 2966 3539 his
2985 3484 3336 3552 ignobiliora,
3357 3484 3599 3554 vafricize

2024 3579 2347 3630 documenta
2387 3575 2678 3646 singularis
2703 3575 2940 3640 edentia,
2972 3576 3152 3630 rident
3181 3591 3298 3638 eos,
3333 3590 3360 3627 a
3393 3575 3597 3645 quibus

2023 3667 2158 3736 ipsis
2183 3668 2397 3722 insidia:
2428 3675 2735 3722 struuntur.
2769 3665 3112 3735 Quapmpter
3145 3665 3190 3720 si
3221 3665 3462 3719 animum
3499 3667 3599 3720 ho-

2025 3759 2197 3812 mines
2235 3759 2516 3812 advertere
2551 3758 2740 3824 velint,
2780 3757 2994 3812 felicius
3027 3772 3191 3824 quam
3256 3757 3388 3826 ipsa
3447 3757 3594 3820 ferae,
3679 3793 3684 3796 ί

2021 3846 2250 3903 insidias
2278 3849 2483 3902 evitare
2514 3855 2788 3916 poterunt.
2827 3845 3120 3900 Enimvero
3186 3860 3380 3916 magna
3406 3845 3593 3913 priva-

2022 3939 2094 3994 tis
2121 3954 2340 4009 quoque
2381 3938 2699 3993 hominibus
2743 3953 2881 4008 opus
2903 3947 2986 3992 est
3008 3952 3162 4000 cura,
3183 3951 3313 3992 suas
3332 3937 3596 3991 duntaxat

2023 4046 2112 4085 res
2157 4031 2470 4099 agentibus,
2507 4039 2565 4083 ut
2601 4029 2888 4099 complura
2915 4028 3053 4082 mala
3085 4044 3194 4083 non
3219 4028 3574 4098 experiantur

2019 4121 2090 4174 At
2123 4120 2206 4185 iis,
2241 4119 2439 4190 quibus
2476 4119 2668 4190 obtigit
2694 4129 2805 4174 tum
2829 4119 2952 4174 aliis
2985 4134 3243 4190 praeesse,
3273 4130 3384 4172 tum
3403 4135 3592 4173 curam

2019 4226 2206 4266 eorum
2233 4226 2440 4282 gerere,
2461 4226 2675 4266 summa
2708 4226 2891 4266 rerum
2925 4211 2978 4264 in
3007 4210 3457 4266 sollicitudinede
3495 4226 3594 4265 ne-

2021 4303 2190 4373 gotiis
2217 4303 2449 4372 publicis
2470 4311 2556 4358 est
2599 4302 2726 4358 sita.
2767 4300 3041 4358 Nimirum
3075 4303 3361 4374 providere
3402 4304 3590 4368 rebus,

2020 4406 2074 4452 et
2099 4397 2318 4452 easdem
2349 4407 2496 4452 recte
2523 4397 2883 4462 constituere,
2927 4397 3278 4467 praesontium
3317 4397 3590 4451 bonorum

350 4489 512 4557 τηρία
546 4488 658 4540 τῶν
689 4487 792 4541 ὑπὸ
823 4489 1001 4558 χεῖρα,
1032 4487 1249 4557 ἐχθροῖς
1282 4486 1528 4557 ὀλέθριον
1557 4487 1730 4557 βέλος.
1760 4488 1832 4541 Τὸ
1861 4489 1919 4542 δὲ

2028 4498 2283 4545 accurata
2310 4489 2771 4555 cstconservatio,
2800 4499 2854 4544 et
2880 4489 3176 4558 acquisitio
3223 4490 3446 4558 copiosa
3496 4505 3593 4544 co-

353 4581 427 4651 μὴ
474 4581 767 4650 προσέχειν
813 4583 908 4633 καὶ
955 4580 1181 4650 ἀμελεῖν
1232 4580 1591 4649 προκαλεῖται
1637 4585 1706 4634 τὰ
1747 4582 1917 4646 δεινὰ,

348 4674 640 4741 ἐφέλκεται
670 4672 738 4726 τὰ
784 4672 1110 4742 βλάπτοντα.
1159 4673 1232 4725 Τὸ
1264 4674 1372 4724 πᾶν
1404 4675 1684 4742 συντόμως
1719 4675 1917 4738 εἰπεῖν,

347 4765 651 4836 διαφθείροι
683 4766 749 4819 ἂν
783 4765 878 4818 καὶ
913 4755 1174 4834 βουκόλῳ,
1219 4765 1314 4818 καὶ
1343 4765 1574 4831 αίπύλῳ,
1609 4766 1704 4818 καὶ
1755 4767 1918 4818 ἱππο-

347 4858 534 4928 φορϐᾦ
576 4856 676 4926 τὴν
709 4857 906 4928 ἀρχὴν,
947 4856 1109 4926 μήτοι
1155 4872 1218 4922 γε
1265 4855 1581 4926 στρατηγῷ.
1617 4855 1756 4919 Τοὺς
1804 4856 1915 4926 γὰρ

347 4949 602 5018 βασιλέας
635 4950 1004 5019 παρέρχομαι,
1032 4946 1354 5017 τηλικοῦτον
1384 4947 1536 5016 ἅρμα
1567 4947 1913 5010 ἐλαύνοντας·

344 5035 420 5094 ὧν
454 5043 564 5110 γὰρ
591 5041 655 5110 δὴ
684 5040 846 5112 χρεία
873 5042 985 5104 τοῖς
1019 5040 1229 5110 ἥττοσι,
1263 5039 1442 5110 πολλῷ
1467 5057 1530 5108 γε
1565 5041 1764 5094 μᾶλλον
1803 5043 1914 5104 τοῖς

345 5134 671 5206 κρείττοσιν.

1077 5401 1194 5464 LA'.

431 5493 560 5546 Ἰδοὺ
593 5493 686 5545 καὶ
711 5495 806 5546 νῦν
833 5494 1118 5564 εἰρήσεται
1148 5493 1259 5569 τῶν
1288 5495 1604 5561 ἀναγκαίων
1657 5513 1740 5559 σοι
1772 5497 1914 5564 γνῶ-

352 5601 458 5641 ναι.
491 5585 550 5636 Εί
579 5584 960 5653 ἐπιστημόνως
989 5601 1071 5646 τις
1108 5587 1221 5648 τοῖς
1263 5586 1368 5639 ἀνὰ
1397 5588 1587 5657 χεῖρας
1621 5590 1912 5658 πράγμασι

341 5674 542 5745 χρῷτο,
568 5675 719 5728 οῦδὲν
744 5674 979 5728 κωλύσει
1013 5676 1107 5728 καὶ
1141 5676 1396 5730 τάναντία
1426 5680 1505 5740 είς
1534 5677 1592 5732 ἓν
1623 5695 1676 5731 τι
1723 5680 1913 5749 φέρειν

341 5767 452 5818 τῶν
479 5766 725 5832 ἀγαθῶν.
753 5768 862 5821 Καὶ
905 5767 1099 5820 σκόπει
1124 5767 1188 5836 δή
1225 5785 1314 5836 μοι
1343 5769 1435 5822 τὸν
1473 5769 1654 5836 λόγον.
1687 5771 1761 5823 Τὸ
1811 5772 1912 5840 μὲν

345 5859 451 5927 γὰρ
479 5857 831 5929 ἐπιλελῆσθαι
867 5858 943 5929 τῷ
989 5860 1298 5930 μεμνῆσθαι
1335 5861 1727 5917 ἐναντιώτατον
1751 5881 1762 5892 θ
1794 5865 1908 5930 ἀλλ’

2023 4597 2164 4644 rum,
2202 4595 2320 4650 qua:
2348 4582 3184 4646 desiderantur,etsubditorum
3219 4583 3383 4647 salus,
3410 4592 3464 4637 et
3496 4583 3596 4636 ho~

2022 4675 2196 4729 stibus
2220 4673 2440 4729 exitiale
2504 4674 2694 4730 telum.
2757 4675 3098 4729 Atsecordia
3150 4673 3593 4742 negligentiaqzze

2020 4768 2137 4822 dira
2167 4765 2318 4820 elicit
2351 4765 2583 4830 u:ala,et
2609 4766 2835 4820 attrahit
2864 4766 3024 4820 noxia
3055 4782 3070 4830 ;
3106 4764 3362 4820 brevibus
3397 4774 3456 4817 ut
3513 4775 3595 4817 to-

2021 4867 2130 4913 tam
2173 4872 2285 4912 rem
2315 4857 2671 4927 complectar,
2699 4858 2812 4910 haec
2842 4865 2896 4910 et
2953 4855 3211 4921 bubulco,
3236 4863 3291 4906 et
3338 4855 3591 4923 caprario

2020 4950 2320 5022 ctequario
2350 4951 2590 5021 regimen
2631 4963 2794 5003 omne
2825 4947 3148 5016 perdiderit,
3193 4947 3392 5000 nedum
3410 4945 3593 5014 copia-

2018 5059 2138 5098 rum
2173 5043 2511 5114 imperatori.
2537 5039 2747 5109 Quippe
2780 5053 2934 5108 reges
2958 5038 3053 5108 qui
3078 5037 3237 5091 talem
3265 5045 3588 5107 tantumque

2018 5149 2241 5190 currum
2275 5142 2465 5202 agunt,
2498 5133 2663 5185 (tiam
2680 5131 2900 5184 silentio
2957 5137 3245 5198 praetereo.
3295 5128 3429 5184 Nam
3464 5145 3588 5200 qua:

2023 5243 2109 5282 res
2147 5227 2202 5281 in
2232 5225 2322 5289 iis,
2355 5226 2446 5294 qui
2481 5234 2610 5277 sunt
2635 5221 2944 5288 inferiores,
2993 5221 3167 5278 multo
3191 5224 3364 5296 magis
3386 5227 3440 5280 in
3494 5240 3588 5295 po-

2022 5317 2349 5373 tentioribtts
2389 5313 2764 5386 requiruntur.
3408 5329 3410 5331 ‘

2725 5404 2861 5460 XCI.

2091 5501 2227 5554 Ecce
2260 5514 2406 5554 nunc
2433 5512 2650 5569 quoque
2699 5497 2911 5554 dicetur
2956 5498 3160 5570 aliquid
3213 5499 3431 5570 cognitu
3491 5498 3584 5553 tibi

2018 5593 2411 5646 necessarium.
2449 5591 2504 5646 Si
2532 5589 2702 5659 perite
2721 5590 2846 5662 quis
2868 5592 3231 5660 praesentibus
3256 5603 3442 5646 utatur
3499 5606 3585 5644 re-

2018 5682 2140 5747 bus,
2175 5683 2309 5737 nihil
2341 5683 2616 5753 impediet,
2637 5685 2934 5753 quominus
2967 5693 3020 5739 et
3051 5685 3155 5738 illis
3180 5683 3469 5738 contraria
3489 5683 3585 5735 bo-

2019 5789 2148 5828 num
2167 5774 2233 5829 ad
2260 5775 2472 5843 aliquod
2493 5777 2734 5831 tendant.
2768 5775 2833 5831 Et
2853 5776 2974 5831 vide
3003 5776 3158 5840 mihi,
3179 5789 3385 5844 quaeso,
3412 5774 3590 5828 ratio.

2017 5883 2162 5924 nem.
2211 5869 2470 5924 Oblivisci
2508 5885 2569 5925 ac
2622 5869 2956 5933 meminisse,
2998 5867 3236 5923 maxime
3294 5867 3576 5922 contraria
