3978 6662
428 440 540 498 381

1427 454 1841 518 PR/ECEPTA
1883 460 2407 524 EDUCATIONIS
2452 466 2725 528 BEGLE.

3594 470 3703 533 382

427 554 628 617 νίτρον
653 547 793 606 εἶναι
815 556 1031 622 λογίζου
1059 560 1309 628 εὐφυΐας,
1341 564 1434 617 καὶ
1467 565 1680 635 σοφίας,
1713 568 1807 620 καὶ
1822 567 2001 637 ψυχῆς

2129 573 2382 627 reddunt.
2409 571 2617 643 Aquam
2646 579 2847 635 autem,
2884 581 2939 626 et
2965 560 3236 641 mappam.
3278 579 3332 627 et
3360 572 3560 627 uitrum
3580 591 3702 632 εεδρ

425 641 669 712 πρᾶξιν,
705 648 965 717 σπουδὴν,
999 653 1327 724 καρτερίαν.

1177 837 1294 903 te.

514 920 790 992 Στοχάξου
833 941 925 994 μοι
955 929 1068 990 τοῖς
1096 928 1340 996 φθάσασι
1374 930 1470 982 καὶ
1504 933 1614 994 τοῖς
1642 932 1880 1004 παροῦσι
1913 934 2023 988 τῶν

433 1013 754 1079 μελλόντων
779 1033 793 1046 ο
829 1018 928 1070 καὶ
978 1017 1126 1072 λεῖον
1174 1022 1274 1090 μέν
1323 1038 1405 1074 σοι
1443 1022 1533 1076 τὸν
1573 1024 1766 1094 καιρὸν
1798 1025 2022 1079 ἔσεσθαι

429 1105 784 1172 προσδοκῶν,
815 1110 966 1173 ὅπως
995 1110 1070 1180 μὴ
1102 1111 1440 1182 τραχύτερον
1468 1114 1777 1186 ἀποφήνῃς,
1811 1117 2022 1186 ἀμελὴς

425 1194 741 1262 γενόμενος
762 1204 885 1259 ταῖς
921 1205 1321 1273 χρηστοτέραις
1355 1205 1593 1273 ὲλπίσιν,
1629 1209 1767 1277 ὅπερ
1800 1210 1847 1260 οί
1886 1209 2019 1262 πολ-

424 1287 527 1340 λοὶ
557 1290 851 1359 πάσχουσι*
872 1294 1111 1365 δυσχερῆ
1136 1298 1194 1350 δὲ
1218 1297 1317 1350 καὶ
1335 1301 1614 1369 προσάντη
1643 1301 1709 1354 τά
1733 1303 2020 1371 πράγμαθ’

428 1378 787 1448 ὑποπτεύων,
845 1385 1023 1455 πειρῶ
1087 1390 1486 1458 συναιρομένου
1541 1390 1637 1444 τοῦ
1706 1392 2020 1462 κρείττονος

429 1471 770 1536 μεταϐαλεῖν
848 1479 930 1539 είς
999 1477 1060 1530 τὸ
1107 1477 1344 1547 βέλτιον,
1389 1481 1573 1550 ψυχῆς
1617 1481 1916 1553 θερμότητι
1957 1500 2021 1536 τε

429 1564 536 1615 καὶ
561 1564 892 1636 ἐδραιότητι,
924 1568 1020 1624 καὶ
1047 1571 1275 1641 προσέτι
1303 1571 1589 1642 λογισμοῖς
1622 1576 1840 1628 συνέσει
1864 1593 2022 1629 κεκι-

425 1655 720 1722 νημένοις,
749 1657 819 1710 δι’
849 1652 924 1713 ὧν
978 1660 1197 1726 πολλοῖς
1234 1663 1515 1731 ἐξεγένετο
1547 1663 1809 1732 ἀφύκτων
1841 1667 2020 1721 ἀπαλ-

427 1743 694 1814 λαγῆναι.
729 1749 958 1820 Χαίρειν
989 1752 1048 1806 δὲ
1094 1754 1398 1811 πολύποσιν
1452 1757 1767 1830 ἀνθρώποις
1801 1759 1896 1813 καὶ
1924 1778 2020 1830 χα-

433 1837 721 1900 μαιλέουσι
753 1843 992 1912 φράσας,
1023 1845 1186 1910 αὐτὸς
1212 1847 1364 1912 ἀξίου
1391 1849 1684 1914 φαίνεσθαι
1718 1853 1747 1904 ό
1774 1850 1935 1914 αὐτὸς
1959 1853 2018 1906 ὲν

432 1927 607 1983 ἅπασι
627 1934 738 1993 τοῖς
765 1938 1002 2003 καιροῖς·
1035 1938 1129 1992 καὶ
1157 1938 1233 2010 μὴ
1265 1940 1764 2010 μεταϐαλλομένοις
1801 1944 2014 2009 τούτοις

437 2022 988 2090 συμμεταϐάλλεσθαι
1019 2034 1158 2098 προς
1191 2031 1221 2083 ὅ
1264 2047 1318 2084 τι
1350 2031 1420 2085 ἂν
1462 2032 1833 2102 μεταϐληθεὶς
1893 2036 2012 2105 χεί-

435 2129 545 2180 ρων
592 2113 772 2185 δόξῃς.
827 2117 984 2171 Οὕτω
1033 2119 1092 2174 δὲ
1143 2121 1437 2189 διατεθεὶς,
1489 2125 1586 2178 καὶ
1649 2123 1824 2189 οὕτως
1874 2126 2013 2198 ἔχων

432 2218 493 2270 γε
529 2205 784 2278 γνώμης,
817 2212 992 2280 πειρῶ
1013 2213 1227 2286 φέρειν,
1251 2216 1388 2287 ὅπερ
1417 2217 1484 2272 ἂν
1503 2217 1532 2270 ὁ
1554 2216 1686 2282 Θεὸς
1706 2216 1857 2289 διδῷ,
1887 2236 2013 2288 γεν-

433 2298 626 2362 uiue.

1164 2405 1298 2470 ιιεῖὀ

495 2484 724 2579 μᾶλλον
771 2489 999 2562 ἀνόητός
1035 2496 1206 2564 ἐστιν,
1255 2501 1304 2554 εί
1336 2502 1433 2556 καὶ
1459 2506 1769 2577 παράδοξον
1805 2510 2005 2579 είπεῖν,

420 2577 520 2670 τοῦ
572 2579 652 2650 μὴ
703 2583 905 2648 εἰδότος
958 2605 1013 2640 τι
1066 2591 1329 2660 χρηστὸν,
1373 2597 1510 2666 μηδὲ
1567 2577 2010 2670 ἑνεργοῦντος,δ

421 2669 614 2724 πάντα
668 2673 769 2742 μὲν
821 2678 1000 2742 είδὼς,
1046 2681 1082 2734 ἃ
1137 2685 1268 2754 χρὴ,
1309 2688 1481 2757 μηδὲν
1532 2691 1590 2746 δὲ
1634 2669 1744 2746 τῶν
1777 2694 2010 2752 δεόντων

417 2761 828 2855 ἐργαζόμενος.
870 2769 1110 2825 Ἀτοπον
1155 2776 1270 2846 γὰρ
1309 2778 1593 2847 ἐπιεικῶς,
1639 2784 2008 2855 ἐπιστάμενον

415 2853 615 2918 καλῶς
660 2857 688 2909 ὅ
719 2875 770 2911 τι
809 2860 1082 2917 συνοίσειν
1135 2861 1247 2920 οἷόν
1294 2887 1378 2936 τε,
1408 2873 1744 2942 ἐργάζεσθαι
1778 2853 2008 2950 ατὰ-βλά-

419 2963 654 3004 πτοντα.
679 2950 1097 3024 Σωφρονοῦντος
1138 2960 1248 3030 γὰρ
1280 2963 1499 3033 ἀνδρὸς,
1538 2967 1633 3020 τὸν
1683 2969 1898 3024 ὄλισθον
1927 2974 2008 3025 εί-

418 3038 578 3126 δότα,
624 3042 914 3118 ἀποπηδᾷν
940 3065 955 3080 ·
989 3052 1084 3104 καὶ
1138 3052 1508 3125 μελαγχολίαν
1561 3060 1846 3126 νοσοῦντος
1884 3063 2006 3118 κατ’

421 3125 654 3193 ἄγνοιαν
687 3135 1050 3200 παραπαίειν.
1079 3139 1153 3193 Τὸ
1175 3140 1232 3194 δὲ
1263 3145 1459 3201 ἑκόντα
1490 3148 1652 3202 τοῦτο
1679 3125 1879 3217 ποιεῖν,
1909 3153 2006 3207 καὶ

2127 665 2392 732 cogitabis
2412 664 2636 734 ingenii,
2657 664 2920 720 doctrinae
2943 663 3110 718 animi
3129 663 3421 733 actionem,
3437 667 3703 736 studium,

2125 759 2529 815 assiduitatem.

2833 849 2995 904 XCV.

2195 942 2419 1012 Oportet
2447 958 2513 998 ex
2571 943 2858 1012 prmteritis
2903 953 2958 997 et
2993 943 3352 1012 praesentibus
3392 944 3460 1000 de
3503 944 3702 1004 futuris

2125 1038 2495 1106 coniecturam
2523 1045 2574 1092 te
2605 1034 2802 1092 facere.
2825 1036 3074 1105 Cumque
3097 1037 3309 1106 placido
3328 1045 3380 1092 te
3406 1038 3697 1094 fruiturum

2123 1136 2367 1196 tempore
2397 1143 2604 1194 speras.
2638 1142 2770 1183 cave
2802 1127 2942 1183 faxis
2985 1128 3261 1193 acerbius,
3295 1130 3577 1200 negligens
3629 1136 3700 1186 ob

2123 1234 2273 1288 spem
2312 1219 2591 1274 meliorem
2628 1218 2822 1281 fartus,
2851 1219 2994 1286 quod
3027 1219 3401 1286 compluribus
3455 1221 3702 1277 accidere

2123 1311 2278 1366 solet.
2310 1310 2380 1364 At
2408 1326 2532 1365 cum
2563 1313 2856 1365 immittere
2887 1310 3130 1366 difﬁcilia
3153 1313 3473 1381 suspicaris.
3500 1314 3704 1368 ardua-

2122 1416 2230 1470 que
2261 1402 2501 1472 negotia,
2528 1400 2714 1458 divino
2761 1400 2987 1470 juvante
3017 1402 3263 1466 numine,
3304 1402 3358 1458 in
3391 1403 3589 1457 melius
3632 1419 3698 1458 ea

2122 1502 2462 1548 commutare
2509 1492 2705 1557 nitere,
2743 1502 2855 1546 tum
2888 1492 3096 1548 fervido
3127 1495 3331 1564 impetu
3356 1495 3697 1552 constantia-

2121 1600 2229 1654 que
2255 1585 2449 1650 animi,
2484 1594 2597 1639 tum
2655 1584 2819 1640 etiam
2866 1585 3127 1654 profectis
3154 1601 3185 1640 a
3219 1587 3511 1656 prudentia
3545 1587 3698 1656 cogi-

2123 1675 2450 1741 tationibus,
2483 1690 2579 1745 per
2606 1690 2744 1743 quas
2803 1674 3215 1730 inevitabilibus
3269 1675 3426 1731 malis
3472 1676 3696 1732 liberari

2123 1768 2370 1838 pluribus
2398 1767 2648 1834 contigit.
2679 1767 2792 1821 lllis
2819 1775 3001 1822 autem
3024 1767 3362 1834 hominibus,
3391 1768 3482 1838 qui
3514 1768 3696 1840 polypi

2121 1868 2327 1915 suntet
2357 1859 2798 1923 cbamaeleontes,
2828 1860 3008 1915 valere
3054 1859 3225 1928 jussis
3277 1858 3528 1914 eumdem
3581 1859 3698 1929 ipse

2050 1925 2090 1980 Β
2117 1951 2327 2004 cum-tis
2368 1948 2705 2019 temporibus
2737 1949 2996 2005 exhibere
3029 1960 3081 2004 te
3102 1949 3252 2012 velis,
3287 1964 3387 2004 nec
3436 1964 3557 2003 cum
3590 1949 3693 2012 eis,

2113 2043 2326 2112 quoties
2359 2051 2663 2106 mutantur,
2717 2056 2823 2095 una
2852 2039 3050 2095 mutari
3086 2058 3100 2094 :
3135 2040 3441 2110 praesertim
3498 2040 3543 2095 si
3576 2056 3696 2094 mu-

2113 2135 2318 2189 tatione
2350 2143 2562 2197 secuta,
2587 2133 2828 2189 deterior
2876 2149 2998 2189 esse
3033 2133 3210 2190 factus
3258 2133 3549 2190 videberis.
3601 2134 3695 2190 Sic

2111 2237 2294 2282 autem
2343 2227 2593 2295 affectus,
2619 2236 2786 2297 atque
2835 2225 2940 2282 boc
2987 2227 3174 2281 animo
3223 2225 3507 2296 praeditus,
3532 2225 3708 2280 enixe-

2111 2318 2268 2374 dabis
2287 2332 2532 2389 operam,
2578 2326 2636 2372 ut
2674 2316 2804 2388 quid
2843 2319 2984 2373 Deus
3025 2317 3252 2384 dederit,
3290 2315 3502 2373 fortiter
3529 2315 3691 2372 feras.
3777 2337 3782 2346 -

2797 2407 2986 2467 XCVI.

2181 2492 2290 2550 Res
2333 2493 2548 2564 quidem
2585 2493 2769 2549 auditu
2826 2511 2964 2549 nova
2993 2503 3048 2550 et
3076 2493 3345 2559 insolens,
3372 2495 3468 2552 sed
3511 2503 3694 2550 tamen

2108 2602 2193 2651 eo,
2223 2587 2309 2655 qui
2338 2602 2435 2642 nec
2465 2585 2592 2642 boni
2621 2586 2913 2656 quidquam
2946 2587 3120 2653 novit,
3145 2602 3246 2642 nec
3271 2586 3422 2652 facit,
3444 2587 3696 2643 stolidior

2110 2681 2154 2736 is
2217 2691 2323 2743 est,
2358 2679 2450 2752 qui
2484 2680 2636 2736 novit
2667 2681 2848 2736 omnia
2902 2695 3027 2750 qua:
3086 2681 3230 2737 scire
3288 2681 3543 2738 convenit
3585 2697 3599 2734 :
3639 2689 3694 2735 at

2111 2774 2245 2828 nibil
2276 2788 2492 2840 eorum,
2523 2789 2645 2844 quat
2682 2774 2796 2830 ﬁeri
2839 2789 2938 2843 par
2966 2782 3105 2838 erat,
3133 2772 3282 2828 facit.
3310 2773 3526 2828 Etenim
3557 2771 3693 2828 satis

2109 2866 2407 2922 absurdum
2439 2875 2545 2929 est,
2581 2882 2705 2922 eum
2754 2865 2848 2936 qui
2883 2875 3029 2920 recte
3071 2865 3234 2932 sciat,
3275 2864 3546 2936 quidquid
3593 2880 3695 2921 ex-

2109 2958 2292 3029 pedire
2325 2959 2517 3028 possit,
2541 2958 2703 3013 noxia
2743 2957 2940 3012 facere.
2977 2955 3095 3012 Viri
3142 2971 3377 3028 namque
3407 2956 3692 3027 prudentis

2107 3058 2212 3116 est,
2247 3049 2297 3104 si
2328 3048 2458 3118 quid
2501 3048 2766 3103 lubricum
2818 3047 2985 3114 norit,
3024 3048 3091 3103 ab
3142 3063 3209 3104 eo
3270 3047 3503 3112 resilire,
3545 3047 3690 3103 sicut

2109 3139 2251 3210 ejus,
2283 3140 2377 3210 qui
2437 3139 2790 3194 ntelaneliolia
2849 3139 3086 3204 laborat,
3122 3155 3224 3211 per
3293 3140 3688 3212 ignorationem

421 3223 612 3330 stupet:
626 3225 1031 3300 ἀπαλλαγῆναι,
1067 3234 1143 3304 μὴ
1175 3235 1485 3306 βούλεσθαι,
1537 3240 1658 3307 πῶς
1690 3245 1790 3298 οὐκ
1823 3246 2001 3316 αἰνίγ-

2113 3233 2368 3288 delirare.
2399 3230 2468 3288 At
2498 3247 2628 3287 vero
2656 3231 2912 3288 Consulto
2948 3231 2999 3286 id
3030 3230 3238 3298 facere,
3269 3247 3504 3301 cumque
3550 3230 3694 3286 desi-

425 3329 559 3408 ματι
586 3313 733 3408 sonte
757 3335 774 3385 ;
807 3320 916 3374 Καὶ
946 3325 1264 3393 κρείττονος
1293 3329 1388 3382 τοῦ
1423 3330 1681 3399 λύσοντος
1706 3336 1766 3388 τὸ
1793 3313 2001 3408 ἄπορον

2111 3337 2255 3384 atere
2278 3327 2456 3391 liceat,
2487 3325 2763 3394 nolle,quo
2791 3334 2948 3394 pacto
2983 3340 3088 3380 non
3113 3325 3389 3396 aenigmati
3413 3325 3675 3394 quiddam

422 3404 557 3499 ἡμῖν
588 3405 758 3462 δεῖται
803 3410 836 3480 ἢ
879 3415 1022 3467 κατὰ
1067 3415 1159 3468 τὸν
1205 3418 1376 3472 πάλαι
1417 3422 1693 3478 Οἰδίποδα.
1747 3425 1852 3479 Τὸν
1892 3404 2003 3499 γὰρ

429 3496 503 3562 μὴ
535 3496 835 3569 δυνάμενον
865 3505 1068 3571 γνῶναι
1113 3508 1219 3564 κᾶν
1248 3511 1443 3582 ἐχθρὸς
1479 3515 1715 3586 ἠλέησεν
1745 3496 2002 3592 ἀμαρτήξ

429 3603 614 3642 σαντα.
625 3591 722 3654 ’ος
737 3593 782 3644 δ’
804 3594 873 3648 ἂν
896 3599 1238 3670 γευσάμενος
1260 3604 1355 3658 τοῦ
1377 3608 1636 3676 χρηστοῦ,
1658 3609 1831 3664 ἔπειτ’
1848 3607 2006 3675 αὖθις

423 3679 586 3734 αὑτὸν
607 3684 788 3755 exeam
814 3689 1042 3756 φαύλοις
1091 3694 1420 3764 πράγμασιν
1452 3699 1572 3768 (οὐχ
1598 3695 1762 3770 ἦττον
1781 3701 1839 3754 δὲ
1876 3704 2004 3772 περὶ

422 3772 662 3840 ἐμαυτοῦ
690 3774 832 3844 λέγω
867 3778 900 3849 ἦ
930 3783 1059 3853 περὶ
1103 3787 1324 3840 πάντων
1353 3788 1714 3858 ἀνθρώπων),
1750 3790 1853 3844 κᾶν
1899 3792 2000 3844 αὑ-

421 3864 509 3929 τὸς
541 3868 706 3922 αὐτὸν
737 3872 968 3940 εἰκότως
1005 3880 1312 3948 μισήσειεν.
1366 3883 1443 3937 Οὐ
1495 3883 1631 3953 πρὸς
1677 3883 1872 3953 ἀνδρὸς
1905 3879 1999 3937 οῦν

423 3956 629 4024 ἀγαθοῦ
661 3963 867 4019 είδέναι
897 3972 990 4020 καὶ
1015 3969 1310 4040 διδάσκειν,
1335 3973 1370 4027 ἃ
1398 3974 1526 4044 χρὴ,
1561 3974 1736 4029 ἔπειτ’
1760 3976 2002 4044 ἀποφαί-

425 4065 534 4101 νειν
558 4051 742 4119 αὑτὸν,
773 4048 854 4117 οἷς
879 4057 940 4110 οὐ
975 4060 1103 4130 χρὴ,
1140 4063 1486 4120 δουλεύοντα.

2110 3429 2197 3474 est
2224 3417 2400 3474 simile
2429 3417 2452 3471 Ἰ
2481 3415 2774 3472 Subtiliore
2805 3417 3025 3487 quidem
3067 3419 3223 3474 nobis
3248 3433 3384 3489 opus
3411 3429 3494 3476 est
3520 3419 3691 3475 inter-

2113 3518 2286 3578 prete,
2321 3509 2386 3563 ad
2428 3507 2838 3564 dissolvendum
2865 3511 2962 3564 hoc
2992 3508 3242 3574 dubium,
3273 3524 3433 3576 quam
3473 3508 3687 3577 priscus

2114 3603 2204 3658 ille
2235 3602 2396 3658 fuerit
2427 3600 2686 3672 (Edipus.
2714 3600 2961 3656 Hominis
2987 3601 3130 3657 enim
3165 3601 3372 3670 judicio
3418 3601 3690 3668 cognitio-

2104 3711 2283 3766 neque
2332 3695 2600 3760 destituti,
2631 3695 2676 3749 si
2735 3693 2919 3763 lapsus
2953 3693 3043 3756 sit,
3085 3691 3170 3748 vel
3211 3691 3382 3748 bostis
3430 3693 3688 3748 misertus

2104 3786 2293 3842 fuerit.
2325 3787 2394 3840 At
2437 3785 2531 3854 qui
2592 3786 2878 3852 degustato
2935 3784 3075 3837 bono
3122 3782 3321 3838 deinde
3371 3797 3428 3838 se
3504 3783 3681 3853 ipsum

2103 3891 2297 3933 rursus
2357 3874 2537 3944 pravis
2581 3877 2746 3930 rebus
2793 3873 3067 3929 addixerit
3103 3875 3228 3941 (nec
3279 3873 3460 3928 minus
3499 3873 3566 3929 de
3597 3889 3684 3930 me

2101 3968 2220 4038 ipso
2270 3981 2434 4036 quam
2475 3965 2800 4020 mortalibus
2848 3963 3117 4020 universis
3180 3963 3420 4034 loquor),
3472 3966 3520 4018 is
3551 3979 3682 4020 vero

2100 4076 2208 4116 non
2243 4059 2340 4115 abs
2395 4074 2455 4112 re
2498 4057 2716 4114 sibimet
2755 4057 2862 4127 ipsi
2894 4056 3020 4113 odio
3067 4056 3256 4113 fuerit.
3305 4057 3676 4124 Quamobrem

419 4139 517 4194 viri
573 4143 698 4200 boni
737 4161 846 4202 non
914 4161 1018 4216 est,
1052 4161 1163 4208 tum
1211 4170 1399 4225 nosse,
1471 4167 1584 4214 tum
1625 4158 1822 4217 docere
1874 4171 1995 4229 quae
2031 4159 2266 4224 oportet,
2333 4165 2398 4208 ac
2447 4150 2642 4207 deinde
2707 4165 2767 4206 se
2820 4149 2996 4221 ipsum
3038 4151 3296 4208 exhibere
3355 4150 3680 4210 servientem

419 4233 505 4298 iis,
531 4237 739 4306 quibus
758 4240 898 4297 haud
927 4260 1026 4314 par
1048 4257 1186 4304 erat.

1207 4347 1278 4400 Z'.

487 4423 592 4476 Ἤν
628 4442 711 4490 τις
754 4426 1102 4500 ἰσχυρίζηται
1320 4433 1650 4504 ἀνθρώπων,
1698 4436 1735 4490 ἃ
1767 4451 1832 4504 γε
1878 4431 1987 4504 χρὴ

412 4519 590 4570 ποιεῖν
613 4523 938 4586 ἐγνωκέναι,
979 4523 1173 4578 ἔπειτα
1205 4526 1282 4596 μὴ
1314 4529 1575 4599 φαίνηται
1609 4521 1784 4583 ταῦτα
1815 4529 1990 4598 πράτ-

2785 4335 2996 4392 XCVII.

2164 4430 2302 4487 Esse
2330 4429 2430 4484 sibi
2468 4431 2684 4499 cognita
2737 4428 2783 4484 si
2835 4431 3122 4484 conlirmet
3153 4428 3347 4499 aliquis
3372 4427 3679 4495 hominum,

2091 4538 2212 4594 quia
2245 4522 2496 4577 faciunda
2529 4522 2658 4585 sint,
2703 4521 3038 4592 interimque
3068 4536 3175 4578 non
3228 4529 3514 4594 appareat,
3561 4521 3680 4577 haec

409 4626 542 4675 των,
571 4610 603 4681 ἦ
635 4612 968 4682 ψευδόμενός
1000 4617 1171 4684 ἐστιν,
1197 4618 1228 4689 ἢ
1269 4619 1406 4691 πρὸς
1444 4620 1652 4690 βλάϐην
1682 4620 1877 4674 ἑαυτοῦ
1921 4617 1984 4671 es

2106 4630 2214 4670 :um
2256 4614 2416 4670 factis
2455 4623 2733 4683 praestare,
2764 4613 2848 4669 vel
2900 4616 3129 4670 mendax
3157 4623 3260 4676 est,
3296 4612 3379 4667 vel
3420 4626 3577 4669 suum
3611 4611 3677 4665 ad

407 4700 608 4767 γνῶναι
641 4705 1002 4774 κεκτημένος.
1035 4709 1145 4762 Καὶ
1171 4709 1381 4772 πάντας
1415 4711 1516 4779 μὲν
1546 4711 1612 4766 ἂν
1636 4712 1813 4781 ἔχοιμι
1832 4700 1974 4781 ’πρὸς

2106 4704 2464 4758 Ietritnentum
2500 4719 2562 4759 ea
2588 4704 2898 4776 cognitione
2957 4704 3236 4776 praeditus.
3283 4703 3338 4757 ln
3357 4717 3420 4757 ea
3444 4718 3502 4758 re
3519 4702 3669 4758 netni

405 4791 566 4846 τοῦτο
615 4795 1138 4866 συμφθεγγομένους
1158 4815 1174 4832 ο
1221 4799 1379 4871 ἄθρει
1411 4802 1468 4856 δὲ
1498 4803 1594 4857 καὶ
1623 4803 1717 4856 τὸν
1749 4803 1982 4872 Σωτῆρα

2106 4811 2217 4850 tetn
2272 4796 2402 4850 tnilti
2445 4813 2555 4852 non
2601 4812 2957 4854 assensurum
3004 4807 3208 4866 putem.
3253 4794 3360 4851 Sed
3405 4797 3526 4850 vide
3551 4810 3675 4864 pro-

403 4883 549 4938 τοῦτ’
582 4887 1021 4959 ἀποφαινόμενον
1064 4893 1366 4964 άριδήλως,
1409 4895 1490 4963 τῷ
1521 4895 1725 4963 λέγειν,
1765 4894 1982 4965 μέλλειν

2106 4889 2433 4945 tuntiantem
2472 4890 2575 4946 hoc
2610 4890 2964 4945 Servatorem
2991 4903 3205 4959 quoque
3229 4897 3474 4942 nostrum
3506 4887 3674 4942 claris

402 4978 740 5048 δαρήσεσθαι
771 4980 864 5034 τὸν
892 4982 1052 5051 ὀλίγα
1097 4984 1300 5052 γνώσει
1331 4986 1817 5057 προσκεκρουκότα
1845 4987 1982 5056 μᾶλ-

401 5071 493 5122 λον
517 5069 616 5124 τοῦ
657 5071 729 5126 τὰ
752 5071 979 5142 μείζονα
1011 5075 1134 5129 κατ’
1166 5075 1393 5144 ἄγνοιαν
1436 5078 1786 5142 ἐπταικότος.
1820 5078 1978 5133 Ὠσθ’

398 5165 427 5216 δ
454 5163 516 5215 τδ
545 5164 712 5218 καλὸν
739 5165 920 5229 καλῶς
944 5167 1119 5232 εἰδὼς,
1147 5169 1327 5233 καλῶς
1361 5171 1419 5224 δὲ
1447 5171 1607 5224 τοῦτο
1635 5173 1710 5242 μὴ
1739 5173 1973 5241 πράξας,

399 5256 706 5327 ἑζημίωται
727 5259 804 5329 τῷ
830 5259 1057 5327 γνῶναι.
1096 5262 1206 5315 Καὶ
1253 5263 1458 5332 ταύτην
1484 5265 1585 5330 τὴν
1616 5265 1844 5336 γνώμην
1874 5266 1976 5319 οὐκ

397 5351 476 5404 gat
507 5351 1011 5421 παραλογίσασθαι,
1058 5355 1167 5407 οὐδ’
1209 5355 1276 5425 ῆν
1307 5357 1538 5428 συνέλθῃ
1568 5361 1634 5427 τῇ
1680 5360 1842 5430 σοφίᾳ
1871 5358 1972 5428 τῆς

395 5442 500 5512 γῆς
545 5444 764 5513 ἀπάσης
794 5446 826 5515 ἡ
862 5444 970 5497 τῶν
997 5447 1251 5514 ἀγγέλων
1293 5449 1575 5504 ἁπάντων.
1621 5450 1817 5504 Θεόθεν
1861 5454 1970 5522 γὰρ

396 5539 530 5606 ἡμῖν
559 5538 709 5590 ἐστιν
739 5538 1162 5610 ἑξενηνεγμένη,
1195 5541 1304 5606 ὅλῳ
1348 5545 1444 5596 καὶ
1484 5545 1652 5598 παντὶ
1678 5545 1758 5614 τῷ
1789 5561 1969 5614 γιγνοο

399 5627 547 5698 μένῳ
596 5631 1016 5704 κεκοσμημένη.
1072 5632 1241 5686 Στενὰ
1267 5633 1324 5686 δὲ
1377 5635 1447 5689 τὰ
1497 5636 1744 5709 ἡμέτερα
1779 5639 1970 5693 ἑκατέ-

396 5719 593 5788 ρωθεν.
644 5721 719 5774 Ἤ
765 5739 824 5775 τε
873 5722 982 5793 γάρ
1027 5723 1330 5795 ἀϐελτηρία
1389 5727 1596 5795 κακὸν,
1636 5729 1670 5800 ἥ
1714 5747 1775 5783 τε
1825 5731 1966 5798 γνῶ-

394 5828 478 5873 σις
527 5812 784 5885 φοϐερὸν,
825 5814 884 5869 οὐ
929 5815 1124 5887 μικρδν
1154 5816 1264 5871 τὸν
1315 5817 1559 5874 κίνδυνον
1605 5821 1754 5892 ἡμῖν.
1787 5821 1963 5895 ἐξαρ-

391 5921 536 5958 τωσα
551 5943 566 5960 ο

2083 4981 2289 5050 verbis,
2314 4998 2437 5038 cum
2459 4982 2556 5047 ait,
2590 4982 2972 5052 vapulaturum
2999 4981 3171 5051 magis
3201 4993 3348 5043 eum,
3371 4979 3460 5048 qui
3485 4978 3671 5037 sciens

2081 5073 2323 5143 prudens
2339 5071 2812 5142 oﬂ‘enderit,quaut
2839 5072 2932 5141 qui
2958 5071 3163 5140 majora
3188 5084 3283 5140 per
3306 5068 3667 5138 ignorantiam

2079 5166 2377 5221 admiserit.
2417 5165 2536 5232 Quo
2583 5165 2836 5226 efficitur,
2869 5175 2927 5216 ut
2976 5162 3092 5233 qui,
3124 5161 3268 5233 quod
3326 5162 3525 5216 bonum
3559 5168 3667 5227 est,

2077 5267 2225 5312 recte
2286 5257 2457 5320 novit,
2492 5271 2591 5310 nec
2652 5266 2828 5309 tamen
2857 5254 2910 5309 id
2965 5263 3116 5309 recte
3157 5253 3308 5320 facit,
3337 5268 3433 5322 per
3476 5253 3670 5322 ipsant'

2081 5350 2448 5419 cognitionem
2470 5348 2668 5401 damno
2692 5346 2925 5415 quodam
2961 5343 3187 5400 aiiectus
3217 5345 3306 5400 sit.
3342 5346 3518 5413 Atque
3551 5344 3666 5398 haec

2071 5455 2202 5495 sane
2237 5439 2502 5516 sententia
2538 5438 2770 5508 perverti
2816 5452 2978 5506 prave
3030 5437 3407 5493 ratiocinando
3439 5436 3654 5504 nequit,

2069 5533 2294 5589 etiamsi
2336 5547 2459 5587 cum
2482 5532 2735 5585 universa
2786 5529 3028 5585 terrestri
3057 5530 3376 5600 angelorum
3411 5528 3656 5582 omnium

2069 5623 2338 5693 sapientia
2371 5632 2544 5677 coeat.
2583 5621 2852 5676 Divinitus
2897 5622 3044 5676 enim
3097 5621 3305 5691 prolata
3342 5619 3499 5674 nobis
3546 5627 3653 5684 est,

2069 5715 2220 5771 omni
2273 5714 2527 5785 aequitate
2560 5715 2944 5771 condecorata.
2977 5713 3081 5768 Res
3119 5713 3336 5768 interim
3365 5719 3568 5766 nostra:
3600 5711 3656 5764 in

2067 5816 2245 5862 artum
2295 5808 2552 5878 utrinque
2589 5819 2879 5879 coguntur.
2953 5804 3083 5860 Nam
3114 5816 3171 5861 et
3217 5804 3482 5872 imperitia
3540 5818 3658 5856 ma-

2067 5897 2173 5952 lutn
2212 5899 2343 5970 quid
2390 5908 2494 5964 est,
2530 5906 2584 5952 et
2631 5899 2891 5964 cognitio,
2929 5895 3294 5958 formidabile,
3333 5908 3456 5948 cum
3505 5894 3653 5963 peri-

2067 5993 2251 6047 culum
2298 6008 2361 6048 ex
2399 6007 2460 6048 ea
2491 6009 2597 6047 non
2639 5992 2892 6058 exiguum
2945 5989 3102 6044 nobis
3141 5987 3471 6055 impendeat.
