3978 6640
327 357 433 420 383

975 473 1204 532 XCVIII.
1305 499 1308 501 λ

400 563 594 618 Sciunt
621 580 840 628 omnes,
867 565 1044 634 ipsum
1080 583 1173 635 per
1198 584 1255 622 se
1284 567 1468 624 vivere
1492 570 1695 625 bonum
1753 586 1896 626 esse.

321 653 522 710 Verum
553 655 660 710 alio
691 658 927 726 quodam
959 659 1121 713 modo
1144 667 1250 712 vna
1281 670 1453 715 morte
1472 661 1712 716 deterior
1738 661 1896 716 inve-

322 751 495 809 nitur.
521 764 643 816 quae
666 750 875 804 scilicet
903 759 1116 804 aetatem
1148 768 1310 806 unam
1349 768 1471 807 cum
1495 755 1602 807 alia
1650 764 1895 818 mutans,

321 837 589 906 quasique
613 840 924 907 proliciens,
958 840 1126 894 animi
1181 841 1320 895 bona
1372 843 1652 898 ditninuit.
1703 843 1896 897 Itidem

323 938 501 996 turpe,
528 931 753 1000 capillus
767 932 984 1001 quidem
1001 934 1197 998 albari,
1216 935 1309 990 sed
1330 936 1574 990 animum
1595 935 1892 1005 denigrari.

327 1024 510 1080 Solent
536 1012 716 1078 autem
751 1029 862 1078 haec
892 1028 1208 1091 usuvenire,
1249 1027 1470 1097 quando
1497 1043 1618 1082 cum
1648 1027 1896 1082 aetatibus

327 1117 442 1185 ipsa
473 1116 687 1169 vivendi
723 1117 866 1172 ratio
895 1134 1003 1172 non
1038 1119 1206 1174 sumit
1237 1121 1656 1178 incrementum.
1689 1121 1897 1191 Magum

323 1208 542 1277 quidem
571 1209 808 1263 infamiae
857 1211 1014 1278 plena
1047 1227 1135 1267 res
1161 1221 1266 1276 est,
1294 1212 1570 1269 hominem
1621 1225 1894 1270 maturum

320 1307 372 1352 ct
405 1313 612 1360 senem,
641 1301 694 1353 in
721 1314 927 1354 morem
953 1302 1104 1370 pueri
1137 1317 1255 1357 sese
1284 1319 1495 1371 gerere.
1554 1303 1618 1358 Et
1671 1307 1896 1360 omnino

320 1390 562 1444 deterius
597 1405 811 1460 sapere,
838 1409 1000 1462 quam
1033 1404 1183 1459 tetas,
1212 1410 1316 1464 qua
1373 1396 1608 1468 quisque
1646 1409 1748 1461 est,
1794 1415 1894 1467 po-

321 1482 517 1547 stulat,
543 1498 644 1537 nec
681 1484 968 1539 honestum
993 1495 1076 1541 est
1111 1503 1212 1542 nec
1233 1488 1578 1554 houum,nec
1603 1490 1890 1546 laudabile.

321 1577 662 1648 Quapropter
680 1579 726 1634 si
752 1579 916 1634 vitam
944 1579 1282 1650 gloriamque
1305 1597 1488 1636 veram
1519 1584 1752 1652 appetis,
1783 1600 1896 1654 quo

323 1669 418 1724 tibi
445 1671 653 1723 servire
684 1681 926 1725 nostram
958 1673 1100 1726 hanc
1128 1674 1444 1737 forationem
1506 1676 1763 1739 arbitror,
1809 1676 1897 1731 fac

321 1762 431 1815 vita
464 1770 554 1815 tua
576 1776 854 1817 concessae
883 1764 979 1817 tibi
1029 1763 1291 1820 divinitus
1339 1767 1486 1822 aetati
1545 1769 1893 1836 respondeat.

1008 1854 1203 1912 XCIX.
1744 1870 1746 1872 '

392 1945 526 2001 Tam
569 1946 813 2016 pulvere,
847 1963 1012 2019 quam
1043 1949 1264 2020 spiritu,
1294 1952 1458 2008 rebus
1481 1953 1739 2021 diversis,
1768 1969 1894 2011 cum

323 2051 639 2096 constemus
674 2041 945 2106 homines,
970 2043 1238 2111 quasique
1266 2045 1517 2114 duplices
1542 2047 1644 2116 (uti
1669 2048 1892 2117 quidem

320 2131 542 2187 ‘videtur
570 2133 588 2202 )
619 2133 794 2188 simus
822 2152 836 2189 :
875 2137 1020 2204 parti
1047 2135 1229 2190 viliori
1256 2138 1688 2206 praestantiorem
1722 2139 1893 2210 subji-

325 2226 522 2291 cimus,
555 2227 814 2297 nulloque
843 2229 896 2282 in
919 2229 1095 2298 pretio
1126 2232 1396 2300 potiorem
1422 2231 1569 2288 illam
1605 2234 1894 2292 habemus.

327 2319 490 2386 Digna
523 2334 649 2374 vero
681 2321 954 2390 vituperio
975 2337 1084 2389 res,
1109 2339 1175 2377 ne
1191 2324 1412 2393 quidem
1437 2341 1465 2380 a
1491 2327 1647 2382 nobis
1668 2327 1784 2396 pari
1807 2343 1895 2382 ra-

325 2412 472 2466 tione
497 2428 620 2466 cum
651 2428 816 2469 carne
843 2416 1080 2481 mortali,
1113 2432 1234 2486 qua:
1259 2419 1435 2488 pulvis
1455 2434 1482 2472 a
1501 2419 1610 2473 Deo
1627 2419 1897 2477 formatus

321 2511 422 2566 est,
445 2503 808 2558 immortalem
828 2505 1094 2569 animum,
1120 2523 1232 2561 rem
1257 2508 1521 2563 divinitus
1549 2509 1892 2576 inspiratam,

326 2595 378 2648 in
422 2595 632 2648 honore
659 2595 869 2650 haberi.
905 2595 1106 2652 Verum
1146 2598 1386 2654 scientes
1415 2615 1542 2654 esse
1573 2601 1764 2656 vitium
1793 2603 1898 2658 hoc

325 2686 648 2754 ignorantia:
683 2686 925 2756 plenum,
963 2689 1256 2760 magnique
1305 2691 1620 2746 detrimenti
1671 2709 1894 2748 causam

323 2779 584 2851 praebere,
618 2781 759 2848 quod
794 2779 926 2834 nulli
956 2789 1040 2835 est
1066 2783 1186 2836 usui
1223 2797 1450 2852 corpus,
1487 2794 1544 2838 ut
1565 2786 1772 2839 oraculi
1813 2785 1897 2840 di-

322 2871 434 2926 vini
465 2873 648 2927 verbis
675 2880 916 2935 utamur,
954 2875 1192 2929 tenuiter
1238 2877 1549 2944 tnodieique
1588 2875 1895 2945 faveamus,

321 2977 389 3016 ne
417 2963 666 3032 spiritum
692 2963 840 3018 illum
870 2965 1144 3020 vivilicum
1165 2969 1319 3036 quasi
1355 2979 1530 3025 morte
1563 2972 1893 3028 multemus.

318 3052 455 3108 Nam
483 3055 536 3109 in
563 3057 995 3125 repugnantibus
1021 3061 1318 3124 universis,
1362 3063 1408 3116 si
1465 3065 1712 3120 alterutri
1763 3067 1894 3136 quid

1515 361 1914 423 MANUELIS
1953 364 2398 426 PALIEOLOGI

1916 486 1963 540 Α

1925 1818 1972 1878 Β

3561 360 3678 424 381

2729 480 2847 549 ur.

2076 575 2149 626 Τὸ
2175 575 2275 641 ζῇν
2303 575 2438 628 αὐτὸ
2478 573 2606 629 καθ’
2639 575 2772 627 αὐτὸ
2820 574 3008 638 καλὸν,
3040 575 3135 627 καὶ
3192 574 3468 632 πάντες
3507 570 3678 622 ἴσασι

2001 666 2178 720 τοῦτο.
2212 669 2337 739 Ζωὴ
2369 667 2426 721 δὲ
2463 668 2666 738 τρόπον
2702 666 2890 736 ἕτερον
2928 667 3157 720 Θανάτου
3191 663 3465 734 χείρων
3509 661 3679 730 εὑρί-

2003 778 2212 826 σκεται,
2244 761 2278 830 ἢ
2314 761 2412 823 τάς
2442 761 2659 831 ἡλικίας
2689 760 3016 832 ἀμείϐουσα,
3047 763 3140 812 καὶ
3171 759 3395 812 οἱονεὶ
3433 754 3678 824 προκὸο

1999 868 2230 916 πτουσα,
2276 852 2342 904 τὰ
2385 852 2486 921 τῆς
2527 852 2705 922 ψυχῆς
2743 855 2885 922 μειοῖ
2917 853 3217 918 πλεονεκτή
3233 864 3462 920 ματα.
3519 847 3671 899 Λίσ-

1997 941 2127 1010 χρδν
2161 941 2218 995 δὲ
2254 943 2346 996 καὶ
2387 942 2486 1012 τὴν
2517 945 2680 1013 τρίχα
2721 943 3127 1005 λευκαίνεσθαι,
3164 942 3294 1010 τὴν
3345 940 3418 992 δὲ
3460 937 3672 1006 ψυχὴν

2001 1033 2374 1102 μελαίνεσθαι.
2425 1035 2595 1088 Ταυτὶ
2635 1035 2693 1088 δὲ
2729 1035 2940 1103 πέφυκε
2989 1034 3330 1102 γίγνεσθαι,
3377 1033 3542 1085 ὅταν
3583 1027 3668 1098 μὴ

2000 1124 2334 1193 συναὺξηται
2363 1131 2485 1189 ταῖς
2525 1125 2768 1194 ἡλικίαις
2793 1127 2820 1178 ό
2854 1125 2988 1194 βίος·
3021 1125 3095 1187 ὡς
3144 1123 3397 1190 πολλῆς
3435 1121 3669 1189 αἰσχῦ-

1997 1230 2092 1283 νης
2126 1215 2299 1281 γέμον
2332 1214 2487 1284 ἀνδρὶ
2511 1215 2705 1281 τελείῳ
2738 1216 2832 1267 καὶ
2864 1217 3082 1284 γέροντι
3108 1217 3224 1276 τοῖς
3263 1211 3392 1265 τοῦ
3439 1211 3666 1271 παιδὸς

1998 1306 2399 1360 πολιτεύεσθαι.
2434 1308 2612 1368 Ὀλως
2642 1307 2698 1361 δὲ
2729 1309 2897 1377 χείρω
2942 1310 3161 1376 φρονεῖν
3189 1307 3322 1374 τῆς
3357 1307 3434 1358 ἐν
3565 1306 3664 1365 τίς

1997 1396 2141 1447 ἐστιν
2174 1395 2410 1465 ἡλικίας,
2439 1397 2500 1449 οὐ
2534 1395 2715 1460 καλὸν,
2751 1397 2852 1448 οὐκ
2881 1396 3106 1463 ἀγαθὸν,
3132 1396 3238 1446 οὐκ
3270 1389 3658 1445 ἐπαινετόν.

1999 1486 2061 1540 Εἰ
2093 1487 2225 1555 γοῦν
2249 1489 2464 1557 ἀληθῶς
2491 1490 2637 1557 ζωῆς
2663 1489 2758 1540 καί
2790 1487 2946 1558 δόξης
2979 1485 3284 1555 ἐπιθυμεῖς
3325 1481 3557 1552 (ταυτὶ
3591 1480 3656 1532 δὲ

1998 1579 2186 1633 τοῦτον
2211 1581 2301 1633 τὸν
2322 1581 2482 1650 λόγον
2511 1582 2807 1650 ἁρμόττειν
2836 1575 3038 1648 οἶμαι),
3061 1579 3280 1646 πάρεχε
3320 1576 3469 1642 βίον
3498 1590 3656 1627 κατ-

1999 1673 2232 1742 άλληλον
2263 1672 2343 1745 τῷ
2366 1675 2520 1744 παρά
2545 1672 2682 1726 Θεοῦ
2715 1672 2988 1743 δεδομένῳ
3015 1688 3096 1725 σοι
3119 1670 3350 1742 χρόνῳ.

2745 1855 2862 1926 te.

2080 1947 2169 2012 ὀς
2202 1948 2366 2014 ἔοικε,
2397 1947 2574 2003 διπλοῖ
2594 1966 2739 2011 τινες
2770 1949 2923 2012 ὅντες
2948 1948 3000 2001 οἱ
3027 1946 3325 2017 ἀνθρωττοι
3359 1946 3432 2012 ἐξ
3465 1945 3646 1998 ἐναν-

1997 2041 2150 2105 τίων,
2182 2041 2304 2112 χοὸς
2331 2043 2428 2096 καὶ
2446 2042 2774 2112 πνεύματος,
2803 2042 2881 2113 τῷ
2907 2041 3223 2112 φαυλοτέρῳ
3244 2040 3320 2093 τὸ
3341 2041 3645 2109 κρεῖττον

2000 2133 2396 2203 ὑποτάττομεν,
2421 2135 2554 2204 παρ’
2593 2133 2747 2187 οὐδὲν
2787 2134 2848 2186 τὸ
2875 2135 3124 2204 κρεῖττον
3162 2133 3454 2200 θέμενοι.
3495 2129 3643 2184 Οῖον

1998 2224 2055 2278 δὲ
2083 2224 2222 2292 πρὸς
2275 2222 2536 2294 μέμψεως
2565 2225 2747 2293 λόγον,
2781 2224 2920 2294 μηδὲ
2951 2224 3084 2293 γοῦν
3127 2226 3186 2278 ὲν
3233 2225 3354 2294 ῐσῳ
3399 2224 3640 2293 θνητῆς

2001 2318 2223 2387 σαρκὸς,
2262 2316 2599 2370 θεοπλάστου
2639 2316 2860 2382 κόνεως,
2892 2315 3074 2386 ψυχὴν
3117 2317 3290 2386 τιμᾷν
3329 2315 3635 2388 ἀείζωον,

1998 2407 2192 2479 χρῆμά
2214 2425 2266 2461 τι
2297 2407 2680 2462 θεόπνευστον.
2723 2407 2863 2460 Ἀλλ’
2888 2408 3114 2476 ἀγνοίας
3143 2406 3395 2474 γνόντες
3433 2406 3633 2475 γέμον

1997 2504 2148 2555 τουτὶ
2169 2501 2230 2554 τδ
2252 2502 2447 2567 πάθος,
2465 2502 2561 2554 καὶ
2590 2499 2793 2570 πολλῆς
2834 2500 3038 2571 ζημίας
3067 2499 3412 2569 παραίτιον,
3448 2497 3632 2564 ὀλίγα

2000 2594 2430 2664 περιθάλπωμεν
2458 2592 2520 2647 τὸ
2557 2593 2724 2664 μηδὲν
2769 2593 3003 2664 ὠφελεῖν
3049 2594 3374 2663 δυνάμενον
3413 2591 3625 2661 σῶμα,

1999 2689 2139 2740 κατά
2165 2687 2262 2739 τὸν
2279 2685 2422 2739 Θεϊον
2456 2688 2636 2739 εἰπεῖν
2662 2687 2935 2758 χρησμόν·
2965 2687 3051 2739 ῖνα
3077 2686 3153 2757 μὴ
3178 2685 3239 2738 τδ
3264 2683 3626 2755 ζωογονοῦν

1997 2779 2241 2849 ὡσπερεὶ
2263 2778 2456 2848 νεκρὸν
2477 2779 2870 2848 ἀποφαίνωμεν
2897 2779 3137 2849 πνεῦμα.
3169 2778 3300 2832 Ἐπὶ
3327 2781 3460 2848 γὰρ
3498 2776 3620 2829 τῶν

1999 2873 2391 2943 ἀντικειμένων
2411 2873 2690 2941 ἀπάντων,
2715 2874 2782 2928 ἀν
2803 2873 3018 2944 θατέρῳ
3047 2891 3099 2926 τι
3120 2873 3335 2944 ξυμδῇ,
3373 2872 3620 2941 Θατέρῳ

1997 2967 2308 3021 τούναντίον
2357 2967 2680 3021 ἀκολουθεῖο
2715 2967 2811 3021 καὶ
2839 2969 2939 3036 τῆς
2971 2968 3174 3036 σαρκὸς
3209 2967 3612 3033 εὐεκτούσης,

1999 3063 2180 3114 νοσεῖν
2209 3060 2430 3132 ἀνάγκη
2473 3061 2534 3114 τὸ
2566 3062 2810 3133 πνεῦμα.
2855 3060 3214 3115 ’Δντίκεινται
3260 3062 3389 3131 γὰρ
3427 3057 3614 3129 ἀ).λή-

321 3148 551 3210 accidat.
583 3149 636 3202 in
667 3149 839 3205 altero
857 3151 1134 3206 diversum
1164 3155 1297 3224 quid
1329 3156 1582 3225 sequitur
1610 3175 1624 3213 :
1651 3169 1700 3212 et
1734 3173 1900 3215 carne
1925 3163 1966 3222 C
1999 3157 2135 3223 λοις.

320 3239 457 3296 belle
491 3252 698 3304 curata,
730 3243 982 3311 spiritum
1011 3245 1363 3318 languescere
1384 3263 1606 3305 necesse
1622 3249 1894 3318 est.,Sunt

224 3367 228 3372 ι
320 3335 463 3390 enim
488 3334 606 3390 haec
638 3337 1022 3407 repugnantia.

390 3519 710 3577 Obtiuendae
744 3530 851 3577 tam
885 3511 936 3576 in
960 3524 1061 3580 hac
1082 3525 1214 3590 vita,
1241 3541 1402 3596 quam
1435 3527 1487 3582 in
1518 3529 1708 3596 altera,
1734 3543 1895 3584 coro-

323 3624 426 3672 nze,
455 3610 538 3663 vis
565 3625 963 3681 perpaucorum
991 3614 1284 3669 verborum
1308 3615 1568 3672 facillime
1597 3619 1892 3676 suﬂ‘ecerit.

321 3696 551 3768 Deﬂecte
573 3701 787 3768 amalo,
818 3703 1169 3775 inquitdivus
1188 3706 1276 3762 ille
1301 3708 1547 3774 Davides,
1585 3719 1635 3764 et
1679 3712 1767 3779 [ac
1809 3712 1898 3766 bo-

320 3808 465 3845 num.
500 3793 640 3860 Quid
673 3797 800 3851 huic
817 3799 1100 3855 sententia:
1133 3816 1230 3870 par
1245 3817 1366 3858 esse
1393 3805 1607 3872 possit?
1637 3806 1768 3876 quid
1790 3807 1897 3862 uti-

324 3885 430 3940 lius
459 3886 482 3940 ?
510 3887 639 3957 quid
670 3891 1024 3959 expeditius!
1052 3893 1094 3946 0
1119 3895 1458 3964 spiritualem
1485 3899 1837 3968 sapientiam,
1862 3915 1895 3956 ο

321 3979 600 4048 singulare
625 3983 822 4038 mentis
844 3999 1072 4040 acumen
1097 3987 1150 4041 iu
1180 4002 1266 4051 eo,
1288 3991 1381 4059 qui
1405 3991 1568 4061 hujus
1594 4003 1788 4049 auctor
1812 4003 1896 4049 est

321 4072 621 4137 sementim,
659 4088 781 4141 quae
815 4076 1038 4144 quidem
1089 4077 1331 4145 perfecta
1376 4081 1630 4148 perfectis
1683 4098 1712 4136 a
1770 4099 1896 4152 per-

325 4159 468 4214 fecto
497 4170 581 4215 est
610 4161 832 4216 tradita.
869 4162 1135 4218 Nimirum
1171 4167 1214 4220 is
1249 4177 1429 4221 mente
1475 4169 1735 4237 praeditus
1789 4181 1893 4238 est,

322 4253 414 4321 qui
437 4267 560 4306 cum
583 4268 641 4307 se
673 4255 944 4324 pulverem
975 4263 1139 4320 norit,
1156 4268 1421 4326 terranque
1438 4260 1595 4313 matri
1655 4259 1896 4316 debitum

321 4360 443 4400 esse
474 4345 916 4412 persolvendum,
941 4347 1125 4401 Davidi
1147 4347 1550 4417 obtemperans,
1571 4351 1899 4420 resipiscen-

325 4436 396 4490 tia
423 4445 651 4490 mortem
679 4445 977 4492 antevertet
1015 4451 1031 4489 :
1077 4437 1369 4495 vitiositate
1402 4440 1550 4494 omni
1581 4451 1764 4507 exuta,
1803 4445 1896 4496 bo-

323 4529 515 4598 nisque
542 4530 819 4597 operibus,
857 4531 922 4583 ad
948 4546 1070 4601 qua:
1094 4531 1298 4586 conditi
1320 4547 1532 4597 sumus,
1575 4533 1770 4604 Opiﬁce
1811 4551 1897 4591 re-

323 4633 442 4672 rum
465 4617 695 4688 placato.
723 4617 804 4673 Tu
835 4620 1076 4690 quidem,
1109 4621 1433 4677 charissima
1468 4622 1564 4687 lili,
1601 4634 1896 4694 utrumque

325 4709 552 4776 faciens,
584 4711 653 4765 ob
675 4719 930 4766 neutrum
961 4712 1164 4766 elatum
1187 4722 1239 4768 te
1281 4728 1520 4784 unquam
1573 4715 1744 4785 gerito
1777 4734 1790 4770 :
1827 4731 1896 4773 ne

323 4802 442 4869 tibi,
469 4801 804 4859 Phariszeum
839 4803 1013 4872 illum,
1037 4807 1128 4875 qui
1155 4805 1410 4860 virtutem
1433 4807 1647 4862 colebat
1665 4807 1752 4863 ille
1775 4809 1897 4878 qui-

323 4891 444 4947 dem
489 4893 542 4947 in
580 4894 847 4964 moribus,
880 4894 975 4952 sed
994 4910 1335 4966 nequaquam
1360 4896 1637 4951 modestus
1667 4913 1788 4954 esse
1810 4899 1894 4954 di-

321 4983 547 5048 dicerat,
580 4985 719 5042 male
767 4987 999 5054 imitato,
1041 4988 1227 5044 multis
1259 4989 1477 5059 egregie
1531 4999 1681 5058 parta
1720 4990 1890 5045 sudo-

323 5074 497 5142 ribus,
520 5077 980 5146 quemadmodum
997 5089 1050 5136 et
1067 5080 1169 5152 ipsi
1194 5081 1468 5146 usuvenit,
1489 5079 1591 5136 levi
1611 5091 1890 5137 momento

321 5167 652 5225 adiuuantur.

2749 3428 2831 3481 P'.

2077 3519 2175 3591 Ῥη
2185 3519 2370 3591 μάτων
2391 3520 2589 3588 ὀλίγων
2605 3519 2836 3590 δύναμις
2862 3521 3038 3591 ῥᾷστα
3060 3521 3126 3573 ἃν
3150 3519 3457 3590 ἀρκέσειεν
3486 3511 3593 3571 ὦδε

1997 3613 2162 3666 κάκεῖ
2183 3612 2552 3679 στεφανῶσαι.
2591 3613 2917 3666 Ἕκκλινον
2943 3611 3063 3667 ἀπὸ
3104 3611 3316 3674 κακοῦ,
3351 3613 3538 3681 φησιν
3567 3610 3597 3663 ό

2001 3705 2142 3766 Gaio;
2171 3704 2355 3768 Δαὸὶδ,
2388 3703 2490 3758 καὶ
2530 3705 2796 3771 ποίησον
2822 3703 3067 3772 ἀγαθόν.
3105 3703 3170 3757 Τί
3199 3703 3305 3770 τῆς
3342 3701 3595 3771 γνώμης

2001 3796 2206 3866 ταύτης
2232 3795 2430 3862 γένοιτ’
2463 3795 2531 3850 ἂν
2555 3797 2670 3849 ἴσον
2693 3814 2710 3864 ;
2737 3797 2790 3850 τί
2825 3795 3286 3866 ὠφελιμώτερον;
3319 3797 3377 3849 τί
3413 3793 3594 3862 ταχύ-

1999 3904 2194 3958 τερονς
2229 3889 2295 3941 Ὠ
2329 3889 2710 3957 πνευματικῆς
2740 3886 2969 3956 σοφίαςί
3003 3887 3280 3957 ὣφρενῶν
3309 3886 3591 3954 ὀξύτητος

1998 3979 2095 4034 τοῦ
2140 3981 2439 4044 δεδωκότος
2473 3981 2573 4051 τὴν
2617 3979 2868 4050 γνώμην,
2913 3978 3128 4034 τελείαν
3159 3981 3393 4044 τελείοις
3427 3979 3589 4046 παρὰ

1999 4073 2210 4126 τελείου
2257 4071 2677 4143 γεγενημένηνί
2733 4072 2880 4126 Νοῦν
2913 4071 3003 4141 ἄρ’
3032 4072 3172 4141 ἔχων
3203 4067 3360 4136 οὗτός
3407 4075 3581 4134 ἐστιν,

1999 4164 2060 4227 δς
2088 4161 2264 4229 εἰδὼς,
2302 4163 2375 4226 ὡς
2400 4161 2519 4215 ἔστι
2549 4164 2703 4232 χοῦς,
2748 4163 2844 4216 καὶ
2867 4163 2950 4215 δεῖ
2986 4162 3048 4214 τὸ
3087 4163 3246 4232 χρέος
3277 4161 3583 4214 ἀποδοῦναι

2001 4258 2073 4323 γῇ
2101 4257 2165 4325 τῇ
2197 4255 2386 4324 μητρὶ,
2417 4253 2496 4323 τῷ
2519 4253 2684 4306 Δαδὶδ
2715 4253 3056 4322 πειθόμενος,
3079 4251 3274 4320 φθάσει
3305 4249 3580 4322 μετανοίᾳ

2001 4345 2094 4398 τὸν
2121 4345 2375 4398 θάνατον’
2404 4345 2590 4397 πᾶσαν
2625 4344 2724 4413 μὲν
2769 4345 2971 4398 κακίαν
3004 4345 3183 4410 ἐκδὺς,
3231 4345 3494 4414 χρηστοῖς
3522 4340 3577 4392 δὲ

2002 4434 2206 4506 ἔργοις,
2239 4435 2327 4504 ἐφ’
2355 4430 2440 4498 οἷς
2489 4434 2757 4506 ἐπλάσθη,
2794 4436 2955 4488 ἵλεων
3001 4435 3095 4489 τὸν
3125 4435 3374 4503 πλάστην
3408 4435 3576 4503 ὲργα·

2003 4531 2260 4598 σάμενος.
2298 4528 2409 4581 Καὶ
2437 4528 2504 4598 δὴ
2535 4527 2706 4582 ποιῶν
2753 4527 3062 4598 ἀμφότερα,
3107 4526 3240 4597 μηδὲ
3280 4526 3348 4578 δι’
3380 4526 3573 4592 1ιὲτερον

1998 4619 2366 4690 ἐπαιρόμενος
2387 4617 2593 4689 φάνηθί
2638 4635 2794 4684 ποτε,
2819 4618 3070 4688 φίλτατεο
3109 4618 3208 4671 ινα
3247 4617 3322 4688 μὴ
3347 4617 3442 4670 τὸν
3469 4615 3569 4666 Φα-

2002 4718 2212 4788 ρισαῖον
2243 4716 2471 4780 ἐκεῖνον,
2499 4711 2593 4767 τὸν
2639 4711 2916 4766 ἀσκοῦντα
2961 4712 3062 4780 μὲν
3090 4709 3310 4782 τρόπων
3339 4705 3568 4778 ἀρετὴν,

2001 4807 2270 4878 μηδαμῶς
2289 4806 2346 4859 δὲ
2393 4804 2710 4874 μετριάζειν
2759 4803 3140 4874 μεμαθηκότα,
3174 4799 3364 4862 κακῶς
3396 4793 3565 4867 ζηλώ-

1995 4917 2118 4963 σας,
2171 4899 2239 4953 τὶ
2295 4898 2514 4960 πολλοῖς
2573 4897 2765 4966 ἱδρῶσι
2822 4893 3240 4966 κατωρθωμόνα
3289 4909 3374 4945 σοι
3420 4889 3562 4943 πάνυ

1997 4991 2196 5065 ῥᾳδίως
2224 4984 2553 5064 ἀφαιρεθῇς,
2587 4990 2779 5061 ὥσπερ
2809 4989 3049 5058 κάκείνῳ
3073 4984 3424 5057 συμδέδηκεν
3442 5021 3458 5038 .
