3978 6574
361 404 523 466 385

461 545 908 558 ⁴“-“σ---

1861 404 2150 468 ORATIO
2193 407 2242 468 ἰ.

913 711 1324 866 MAN
1334 711 1888 870 UELIS
2000 714 3157 877 PAL/EOLOGI

3559 415 3668 478 εδδ

1712 980 1813 1042 ΑΒ
1852 981 2231 1046 JOANNEM
2263 986 2543 1049 FlLlUM

725 1171 1553 1289 ORATIONES
1631 1175 1846 1290 VII
1964 1175 3344 1295 ETHICO-POLITICIE.

1125 1531 1206 1587 A'.
1389 1564 1420 1591 ο

379 1627 603 1699 Λόγος
627 1625 1058 1699 προτρεπτικός
1079 1625 1437 1699 sic)!de
1477 1623 1574 1679 καί
1601 1623 1735 1692 περὶ
1759 1622 1980 1692 ἀρετῆς

831 1696 932 1751 καὶ
968 1696 1195 1765 ἀγαθοῦ
1223 1696 1544 1765 ἄρχοντος.

479 1810 590 1864 Τοῦ
617 1810 796 1874 καλῶς
821 1810 1147 1865 ἐπίστασθαι
1165 1811 1348 1879 λέγειν
1377 1809 1532 1863 οὐδὲν
1560 1810 1627 1864 ἂν
1658 1810 1868 1878 γένοιτο
1883 1809 1980 1862 λυ-

393 1904 789 1974 σιτελέστερον
809 1905 1075 1975 ἄρχουσιν
1105 1904 1388 1957 ἐθέλουσιν
1419 1903 1646 1973 ἀγαθοῖς
1678 1899 1848 1965 εἶναι,
1885 1901 1980 1956 νοῦ

393 2015 472 2052 τε
505 1997 672 2070 βάρος
696 1997 910 2068 έχουσι,
936 1999 1032 2052 καὶ
1059 1997 1194 2069 πρὸς
1221 1996 1284 2050 τὸ
1313 1999 1464 2067 κοινῇ
1496 1998 1742 2050 συνοῖσον
1789 1996 1981 2066 ὁρῶσι,

396 2091 525 2144 τῶν
555 2109 614 2145 τε
660 2091 886 2161 ἀγαθῶν
940 2091 1135 2162 ὲρῶσι,
1193 2092 1290 2146 καὶ
1348 2091 1514 2161 μηδὲν
1559 2093 1663 2158 τῆς
1721 2089 1982 2158 ἀληθείας

399 2185 753 2255 προτιμῶσι.
787 2183 962 2239 Τοῦτο
1003 2185 1243 2238 τουτοισὶ⁸
1297 2188 1409 2250 τοῖς
1459 2183 1690 2254 ἀνδράσι
1726 2185 1975 2252 κρεῖττον

398 2276 712 2347 ἀτεχνῶςῆ
749 2276 1028 2341 πλουτεῖν,
1056 2278 1154 2331 καὶ
1176 2277 1305 2339 τοὺς
1347 2275 1442 2329 τοῦ
1474 2275 1720 2346 Κροίσου
1775 2274 1984 2342 θησαυ-

401 2371 546 2440 ροὺς
571 2371 651 2432 είς
683 2369 990 2438 ἀσφαλείας
1016 2369 1180 2436 λόγον
1217 2367 1356 2422 πολὺ
1384 2365 1577 2433 νικῶν,
1627 2367 1983 2437 ἰσχυρότερον

396 2464 515 2532 τῆς
577 2462 777 2534 Ξέρξου
841 2463 1222 2532 πολυχειρίας,
1277 2460 1573 2531 σφενδόνης
1642 2459 1818 2526 Γύγου
1883 2459 1984 2528 τῆς

403 2553 653 2623 μυθικῆς
687 2555 785 2609 σὺν
811 2553 889 2624 τῷ
913 2551 1063 2622 καλῷ
1099 2552 1413 2623 βιαιότερον
1434 2567 1450 2584 ο
1492 2552 1586 2604 καὶ
1613 2551 1751 2614 ὅλως
1776 2550 1983 2603 τούτων

398 2645 826 2716 ἀνυσιμώτερόν
852 2662 911 2698 τε
943 2646 1039 2697 καὶ
1093 2643 1446 2716 τιμιώτερον,
1497 2643 1622 2697 ὅσον
1660 2643 1768 2696 οὐδ’
1806 2643 1985 2696 εἰπεῖν

402 2739 482 2793 ἂν
507 2741 593 2806 εῐη
625 2739 733 2792 τῶν
778 2739 1047 2810 εὐχερῶν.
1077 2738 1384 2807 Σκοπῶμεν
1425 2735 1490 2807 δὴ
1519 2736 1630 2790 τῶν
1675 2735 1986 2804 εἰρημένων

402 2831 625 2900 ἀνδρῶν
653 2830 901 2896 ἕκαστον,
937 2831 1033 2884 καὶ
1081 2830 1132 2882 τί
1178 2847 1309 2882 ποτε
1341 2828 1660 2895 δεδύνηνται
1702 2825 1978 2894 κατορθῶο

407 2941 533 2988 σαι,
558 2923 625 2976 δι’
657 2915 730 2977 ὧν
757 2939 822 2990 γε
846 2922 1172 2992 νενομίκασι
1217 2921 1363 2992 μέγα
1398 2937 1453 2974 τι
1485 2920 1580 2974 καὶ
1613 2921 1863 2988 γενναῖον
1886 2919 1981 2970 δυ-

408 3016 676 3088 νήσεσθαι
727 3015 1070 3088 δεδρακέναι.
1135 3015 1370 3067 Ἔπειτα
1417 3014 1510 3067 τὸν
1551 3012 1733 3080 λόγοις
1768 3012 1974 3064 εὐδόκιο

409 3125 518 3178 μον
577 3107 817 3160 τουτοισὶ
881 3106 1312 3176 παραὸἀλωμεν,
1362 3104 1490 3158 ὄντα
1535 3121 1598 3172 γε
1663 3103 1758 3157 κα)⁵
1812 3101 1982 3156 τᾶλλα

405 3199 659 3253 τοιοῦτον
691 3195 1078 3269 ἀρχοντα,οἷον
1107 3198 1272 3261 εὐθὺς
1303 3195 1850 3269 ὲπροοιμιασάμεθα.
1871 3195 1980 3248 Καὶ

409 3294 528 3362 γὰρ
560 3291 685 3362 τῇδέ
720 3309 797 3361 πη
848 3291 1245 3360 διακρίνοντας,
1315 3290 1413 3343 οὐκ
1466 3287 1624 3358 οἶμαί
1655 3305 1716 3356 γε
1781 3287 1982 3359 ῥαδίως

405 3386 559 3455 ἡμᾶς
587 3383 992 3455 ὲξαμαρτήσειν
1021 3383 1120 3450 τῆς
1154 3382 1437 3452 ἀληθείας.
1480 3380 1540 3435 Ὀ
1571 3382 1670 3452 μὲν
1693 3380 1786 3433 οὖν
1812 3381 1980 3442 πολὺς

407 3479 620 3540 ἐκεῖνος
653 3479 853 3547 χρυσὸς
873 3477 966 3529 τὸν
995 3477 1086 3530 ἐπ’
1110 3475 1263 3546 αὑτῷ
1307 3476 1453 3545 μέγα
1491 3474 1792 3546 φρονοῦντα
1816 3475 1857 3526 Κ
1868 3475 1980 3544 ροῖ-

410 3584 508 3622 σον
537 3568 842 3637 ψευσθέντα
887 3567 996 3620 τῶν
1048 3566 1279 3620 ἐλπίδων
1311 3568 1587 3634 ἀπέφηνε,
1631 3565 1725 3618 καὶ
1754 3564 1978 3633 γέγονεν

406 3663 672 3728 ἄντικρυς
695 3659 844 3729 αὐτῷ
876 3660 1066 3730 συκίνη
1126 3659 1418 3728 ιπικουρια
1477 3660 1510 3728 ἡ
1557 3658 1651 3711 ἐπὶ
1699 3660 1978 3727 χρήμασιν

409 3753 591 3817 ἐλπὶς,
616 3752 818 3806 οὑτωσὶ
853 3754 1071 3822 νεκροῖς
1102 3751 1385 3821 κειμένοις
1410 3750 1481 3804 δι’
1511 3751 1836 3821 ἀχρηστίαν.
1869 3749 1980 3802 Καὶ

413 3849 522 3919 μὴν
563 3848 657 3899 καὶ
689 3844 777 3898 διὰ
823 3843 1016 3897 τοῦτον
1068 3843 1312 3896 ἀπόλωλε
1345 3843 1482 3914 πρὸς
1518 3843 1596 3912 τῷ
1628 3842 1793 3912 μηδὲν
1848 3859 1979 3896 κατ-

407 3938 728 4011 ωρθωκέναι
779 3937 888 3990 τῶν
937 3935 1059 3989 κατ’
1091 3935 1300 3988 ἐλπίδα.
1335 3935 1538 3988 Καινδν
1593 3934 1650 3986 δὲ
1682 3929 1839 4003 οἶμαι
1873 3949 1977 4002 μη-

407 4033 517 4094 δὲν,
553 4030 688 4101 μηδὲ
718 4027 966 4093 ἀπεικὸς,
995 4027 1044 4080 εί
1069 4026 1433 4097 περιέστηκεν
1459 4025 1607 4095 αὐτῷ
1647 4027 1784 4096 πρὸς
1814 4026 1975 4078 τούν-

409 4125 656 4194 αντίονή
697 4123 848 4187 δόξα,
888 4120 1154 4191 μηδαμῶς
1207 4121 1295 4174 ἐπ’
1335 4121 1530 4190 ἀρετῇ,
1563 4117 1680 4172 ἀλλ’
1725 4119 1817 4170 ἐπὶ
1876 4135 1974 4188 με-

2012 1533 2059 1588 Α

2087 1623 2271 1678 Oratio
2287 1625 2590 1678 hortatoria
2609 1623 2677 1676 ad
2698 1623 3012 1692 eloquentia
3047 1624 3247 1693 studia,
3271 1626 3434 1695 deque
3474 1629 3661 1683 virtute

2611 1711 2672 1747 ac
2703 1696 2834 1748 bono
2857 1697 3114 1767 principe.

2156 1807 2263 1874 Qui
2291 1807 2421 1864 boni
2452 1822 2572 1863 esse
2595 1809 2868 1879 principes
2890 1808 3101 1876 volunt,
3127 1816 3180 1863 et
3213 1808 3410 1864 tuentis
3439 1809 3660 1878 aliquod

2083 1902 2294 1970 pondus
2327 1901 2550 1965 habent,
2578 1901 2672 1971 qui
2705 1902 2980 1970 publicam
3011 1912 3264 1972 spectant
3293 1902 3584 1957 utilitatem
3607 1911 3662 1956 et

2084 1992 2352 2046 bonarum
2381 2008 2561 2047 rerum
2589 2003 2862 2059 amantes,
2889 1993 3028 2048 nihil
3063 1995 3298 2049 verltate
3325 1995 3534 2048 ducunt
3565 2008 3664 2047 au-

2084 2087 2316 2155 tiquius,
2342 2085 2409 2141 iis
2441 2085 2588 2140 nulla
2621 2101 2710 2142 res
2743 2086 2865 2142 usui
2897 2088 3073 2157 magis
3105 2103 3226 2142 esse
3255 2097 3453 2158 potest,
3494 2105 3658 2158 quam

2083 2186 2230 2233 recte
2250 2176 2508 2246 loquendi
2529 2177 2783 2232 scientia.
2805 2175 2990 2232 Potius
3009 2178 3152 2233 enim
3179 2182 3282 2233 hoc
3303 2181 3384 2234 eis
3405 2189 3510 2244 est,
3543 2196 3660 2233 om-

2085 2285 2208 2327 nem
2227 2278 2381 2326 extra
2414 2270 2876 2332 controversiam,
2903 2286 3066 2341 quam
3100 2287 3266 2339 opum
3293 2273 3495 2340 copiae;
3521 2289 3661 2344 pne-

2085 2365 2210 2421 sidii
2250 2365 2373 2434 plus
2407 2363 2570 2419 habet
2610 2377 2774 2434 quam
2805 2365 2978 2419 Crmsi
3021 2364 3164 2434 regis
3213 2366 3448 2419 thesauri
3485 2381 3499 2429 ;
3536 2366 3658 2434 plus

2084 2455 2321 2518 roboris,
2375 2470 2539 2524 quam
2596 2455 2905 2510 immensus
2945 2455 3036 2509 ille
3077 2453 3274 2509 Xerxis
3334 2455 3655 2510 exercitus:

2085 2550 2207 2618 plus
2246 2548 2470 2613 virium,
2520 2563 2645 2602 cum
2700 2547 2954 2613 honesto,
2997 2563 3162 2616 quam
3214 2547 3382 2620 Gygis
3429 2549 3519 2604 illa
3572 2551 3659 2604 fa.

2086 2642 2279 2698 bulosa
2331 2641 2453 2711 pala
2488 2658 2503 2695 :
2541 2641 2778 2710 denique
2827 2649 2981 2695 tanto
3037 2642 3122 2696 his
3179 2651 3232 2696 et
3283 2642 3556 2698 cﬂicacius
3603 2654 3657 2698 et

2086 2735 2315 2803 majoris
2365 2744 2446 2790 est
2494 2735 2676 2804 pretii,
2712 2743 2976 2803 quantum
3030 2751 3095 2789 ne
3149 2734 3380 2790 dicendo
3431 2735 3651 2806 quidem

2086 2825 2345 2896 explicari
2380 2825 2539 2880 facile
2569 2824 2764 2896 possit.
2796 2824 2858 2877 Et
2876 2825 3293 2880 consideretqu
3316 2842 3654 2897 sanequem-

2086 2921 2214 2974 libet
2241 2921 2459 2983 horum,
2495 2933 2632 2988 quos
2663 2917 2930 2981 diximus,
2961 2934 3191 2988 quaeque
3217 2919 3300 2974 vis
3342 2935 3529 2974 earum
3564 2937 3654 2976 re-

2084 3028 2202 3068 rum
2238 3010 2424 3076 fuerit,
2451 3011 2652 3080 quibus
2683 3009 2761 3064 illi
2801 3011 2964 3065 rebus
3015 3026 3076 3067 se
3125 3021 3345 3081 patrare
3397 3028 3652 3083 magnum

2082 3103 2355 3175 quoddam
2383 3118 2447 3158 ac
2478 3103 2661 3158 nobile
2679 3103 2894 3158 facinus
2925 3119 3086 3171 posse
3133 3114 3418 3174 putarunt.
3452 3105 3654 3161 Deinde

2083 3197 2286 3253 nostris
2313 3197 2462 3253 hisce
2479 3197 2925 3251 commendatum
2946 3213 3036 3251 ora
3047 3198 3284 3252 liOulbUS
3299 3205 3364 3253 ad
3397 3214 3490 3254 eos
3507 3215 3654 3254 con:-

2083 3305 2361 3360 paremus,
2389 3290 2693 3359 principem
2727 3298 2920 3345 cmtera
2945 3306 3167 3361 quoque
3196 3292 3380 3356 talem,
3433 3294 3650 3363 qualem

2081 3381 2263 3436 statim
2289 3385 2356 3436 ab
2385 3381 2539 3435 initio
2567 3381 3206 3452 delineavimusﬂuippe
3229 3383 3273 3439 si
3302 3384 3650 3456 hocquodam

2083 3475 2246 3529 modo
2265 3489 2496 3528 examen
2533 3474 2874 3541 instituatur,
2915 3476 3058 3529 haud
3090 3477 3251 3532 facile
3284 3493 3384 3533 nos
3443 3495 3473 3534 a
3523 3495 3652 3536 vero

2081 3567 2437 3620 aberraturos
2460 3565 2720 3621 arbitror.
2761 3566 2955 3636 Ingens
2980 3566 3144 3635 igitur
3165 3569 3254 3622 illa
3273 3569 3352 3624 vis
3369 3571 3510 3634 auri,
3533 3586 3618 3626 ma
3635 3601 3654 3616 -

2081 3673 2216 3727 gnos
2243 3655 2312 3711 ob
2337 3671 2454 3709 eam
2489 3665 2766 3726 gerentem
2796 3657 3014 3712 animos
3062 3657 3311 3714 Croesum
3364 3672 3650 3730 exspecta-

2084 3750 2230 3803 tione
2263 3762 2362 3802 sua
2395 3747 2716 3802 frustratum
2751 3748 2938 3816 elusit,
2974 3765 3253 3820 quamque
3272 3767 3420 3820 spem
3454 3769 3652 3822 posue-

2082 3848 2166 3896 rat
2199 3840 2250 3894 in
2285 3840 2538 3909 pecunia,
2563 3854 2683 3907 qua:
2708 3840 2840 3894 nulli
2869 3841 3016 3910 quod
3041 3853 3187 3897 esset
3223 3845 3370 3911 usui,
3434 3856 3648 3901 mortua

2078 3935 2234 4005 quasi
2255 3934 2472 4004 jaCebat
2501 3975 2518 4001 ,
2553 3951 2618 3990 ea
2652 3936 2812 4003 plane
2833 3935 3090 3990 ﬁculnum
3105 3937 3152 3990 ei
3184 3939 3492 4007 praesidium
3526 3941 3648 3997 fuit.

2081 4029 2196 4083 Imo
2233 4036 2452 4098 propter
2484 4027 2590 4084 hoc
2639 4029 2817 4098 ipsum
2852 4044 3072 4094 aurum,
3106 4040 3466 4102 praeterquam
3501 4036 3648 4104 quod

2081 4121 2214 4177 nihil
2242 4135 2430 4175 eorum
2456 4119 2707 4188 perfecit,
2739 4137 2862 4190 qua:
2890 4137 2988 4191 spe
3038 4123 3428 4192 destinaverat,
3482 4128 3646 4182 etiam

405 4219 621 4280 τάλλοις
673 4215 1068 4287 τεθαρρηκότι.
1129 4212 1304 4268 Ταυτὶ
1352 4213 1462 4283 γὰρ
1486 4213 1600 4274 τοῖς
1663 4209 1969 4281 χρωμένοις

2080 4215 2254 4284 periit.
2274 4211 2462 4282 Neque
2482 4228 2610 4268 vero
2627 4228 2828 4268 novum
2849 4224 2939 4268 aut
2958 4214 3276 4284 absurdum,
3296 4234 3410 4272 mea
3431 4221 3648 4288 quidem

406 4311 614 4372 αὐτοῖς,
651 4309 724 4370 ὡς
758 4307 888 4379 χρὴ,
923 4306 1042 4377 μετ’
1084 4307 1405 4375 ἐπιστήμης
1437 4303 1590 4373 ἀνδρὶ
1648 4300 1971 4370 πρεπούσης

405 4403 554 4455 δοκεῖ
603 4418 656 4453 τι
681 4401 972 4454 κάλλιστον
1009 4394 1147 4452 εἶναι
1178 4399 1254 4468 τῷ
1286 4399 1386 4468 βίῳ
1431 4396 1628 4467 τούτῳ.
1681 4396 1774 4459 Εἰς
1826 4394 1971 4447 τοῦτ’

407 4492 553 4561 αὐτῷ
581 4493 636 4546 δὲ
675 4495 837 4562 μόνον
869 4492 1060 4562 ὁρῶσι,
1104 4493 1167 4544 τὸ
1214 4490 1597 4560 θησαυρίζειν,
1647 4490 1744 4541 καὶ
1796 4488 1974 4540 εὐδαι-

409 4585 598 4655 μονίαν
623 4587 716 4638 καὶ
747 4585 898 4645 τέλος
929 4582 1093 4637 τοῦτο
1122 4582 1462 4654 νομίζουσιν,
1493 4581 1779 4650 ὑπηρέτης
1813 4580 1968 4632 ἀπωο

406 4677 552 4739 λείας
576 4679 603 4728 ό
633 4677 885 4741 πλοῦτος,
939 4677 1033 4729 καὶ
1087 4677 1362 4746 μεγίστων
1396 4675 1616 4728 ὀνειδῶν
1650 4673 1843 4736 αἴτιος.
1911 4673 1970 4727 ’0

406 4769 462 4821 δέ
484 4785 545 4836 γε
568 4769 662 4822 καὶ
689 4770 794 4839 πρὸ
820 4768 916 4822 τοῦ
947 4767 1082 4822 Θεοῦ
1122 4769 1185 4822 τὸ
1223 4768 1577 4836 θησαυρίζειν
1599 4764 1752 4834 οἶμαι
1773 4765 1969 4829 τιθεὶς,

408 4860 501 4912 καὶ¹
549 4861 626 4922 είς
661 4844 822 4928 μόνον
853 4860 947 4912 τὸν
982 4861 1186 4932 χρυσὸν
1245 4861 1625 4929 ἀνηρτημένος
1683 4858 1966 4928 ὑπάρχων,

409 4951 607 5021 χρυσὸν
633 4952 842 5004 ἐκεῖνον
875 4952 966 5004 τὸν
1019 4952 1238 5006 ἐοικότα
1288 4952 1478 5014 λίθοις,
1525 4951 1639 5013 τοῖς
1695 4949 1970 5002 ὕποκεκα-

409 5041 704 5110 λυμμένοις
737 5045 956 5111 συχνοῖς
993 5042 1200 5107 ὕδασιν,
1231 5039 1282 5094 οἳ
1310 5043 1444 5110 πρὸς
1467 5040 1620 5095 οὐδὲν
1654 5039 1966 5109 όνήσουσιν,

411 5135 459 5185 εί
490 5133 564 5203 μή
599 5150 706 5187 που
737 5135 831 5185 καὶ
862 5134 1106 5201 γένοιντο
1132 5133 1410 5202 ναυαγίων
1444 5134 1630 5196 σίτιοι,
1673 5130 1969 5200 ἠλαζονεύ-

411 5240 540 5277 σατο
560 5226 669 5278 πᾶν
704 5225 950 5278 ἀνύσειν.
993 5225 1132 5288 Τοὺς
1150 5225 1262 5296 γὰρ
1294 5225 1395 5295 τῆς
1424 5223 1604 5294 ψυχῆς
1651 5222 1968 5292 ὀφθαλμοὺς

410 5317 780 5388 ἀμϐλυώττων
825 5319 852 5370 ό
889 5319 1122 5387 Κροῖσος
1143 5317 1222 5386 τῷ
1247 5319 1349 5386 τῆς
1398 5315 1764 5386 φιλαργυρίας
1812 5315 1969 5384 νοσή-

413 5425 559 5478 ματι,
595 5408 932 5480 πορῤωτέρω
969 5409 1080 5461 τῶν
1126 5411 1278 5479 παρά
1335 5409 1500 5472 πόδας
1541 5408 1809 5476 κειμένων
1867 5407 1968 5460 οὐκ

2077 4304 2369 4370 sententia,
2394 4320 2507 4360 rem
2532 4307 2691 4360 aliter
2717 4307 3008 4371 cecidisse,
3029 4323 3192 4378 quam
3221 4310 3365 4365 illius
3390 4323 3504 4364 erat
3531 4314 3650 4382 opi-

2075 4399 2284 4468 uio,qui
2317 4399 2566 4452 fiduciam
2593 4414 2700 4452 non
2734 4399 2786 4452 in
2822 4399 3042 4466 virtute,
3062 4401 3158 4456 sed
3189 4405 3422 4459 metallis
3469 4404 3610 4460 collo
3630 4434 3650 4445 -

2073 4501 2318 4547 caverat.
2341 4490 2476 4546 Nam
2513 4491 2603 4546 illa
2632 4503 2776 4547 recte
2800 4493 3098 4560 utentibus,
3125 4509 3222 4549 ceu
3244 4511 3341 4565 par
3355 4506 3457 4560 est,
3479 4513 3652 4566 eaque

2072 4600 2194 4641 cum
2213 4585 2521 4654 prudentia,
2545 4599 2665 4654 quae
2687 4585 2858 4638 virum
2881 4593 3058 4651 decet,
3080 4587 3500 4652 pulcherrimqu
3527 4591 3651 4644 vita:

2075 4678 2237 4744 hujus
2267 4687 2653 4731 ornamentum
2690 4691 2814 4732 esse
2844 4678 3122 4732 videntur.
3154 4679 3256 4744 Qui
3292 4697 3419 4734 vero
3475 4683 3646 4736 solam

2075 4769 2460 4824 thesaurorum
2506 4769 2884 4824 collectionem
2927 4771 3244 4838 respiciunt,
3272 4787 3502 4842 eamque
3532 4783 3644 4827 tum

2074 4861 2409 4926 felicitatem,
2427 4870 2539 4915 tum
2566 4861 2725 4916 linem
2751 4863 2928 4932 ipsum
2949 4872 3216 4928 statuunt,
3239 4864 3302 4917 iis
3326 4879 3454 4932 opes
3477 4866 3540 4919 ad
3569 4867 3649 4918 iu-

2037 4953 2294 5008 -teritum
2323 4955 2592 5019 serviunt,
2615 4954 2959 5025 infamiaeque
2979 4954 3232 5022 tuaxiuize
3262 4970 3484 5009 causam
3511 4974 3646 5024 pra:-

2073 5047 2220 5101 bent.
2245 5045 2312 5098 At
2332 5045 2555 5100 Croesus
2579 5046 2669 5099 ille
2699 5053 2909 5108 noster,
2938 5046 3029 5114 qui
3068 5048 3646 5119 majoremcougereuo-

2072 5137 2266 5191 darum
2288 5151 2474 5206 opum,
2492 5151 2655 5205 quam
2679 5135 2870 5204 ipsius,
2891 5146 2952 5190 ut
2973 5137 3232 5200 arbitror,
3254 5140 3342 5194 Dei
3374 5141 3644 5197 rationem

2072 5228 2455 5291 habebat,cta
2487 5228 2607 5282 solo
2641 5227 2907 5297 pendebat
2946 5243 3104 5294 auro,
3131 5231 3222 5285 illo
3267 5233 3490 5304 inquam
3545 5251 3646 5289 au-

2072 5334 2157 5384 ro,
2185 5318 2330 5388 quod
2363 5317 2432 5373 iis
2459 5318 2778 5373 eratsimile
2804 5317 3100 5388 lapidibus,
3127 5323 3220 5392 qui
3263 5325 3556 5392 profundis
3593 5328 3647 5380 in

2071 5410 2233 5480 aquis
2270 5410 2463 5477 abditi,
2489 5411 2694 5464 nullam
2725 5412 2792 5465 ad
2820 5427 2933 5467 rem
2957 5423 3086 5469 sunt
3115 5417 3298 5482 utiles,
3318 5419 3420 5473 uisi
3446 5420 3648 5474 fortas-

408 5499 628 5554 ἐδύνατο
651 5500 892 5570 βλέπειν.
921 5501 1086 5554 Ὅθεν
1118 5501 1184 5572 δὴ
1211 5501 1304 5554 καὶ
1329 5501 1392 5553 τὸ
1419 5499 1841 5570 κατορωρύχθαι
1865 5516 1960 5553 1:0-

2080 5517 2129 5558 se
2160 5500 2458 5571 naufragiis
2487 5513 2549 5557 ut
2580 5504 2928 5561 occasionem
2974 5510 3273 5578 praebeant,
3340 5512 3526 5566 omnia
3577 5525 3640 5566 se

407 5592 676 5663 λὺν⁶αύτῷ
703 5594 907 5664 χρυσὸν
937 5594 1231 5663 σωτηρίαν,
1265 5593 1361 5646 καὶ
1394 5593 1626 5662 τρυφὴν.
1664 5593 1758 5661 καὶ
1809 5592 1962 5662 βασι-

403 5683 549 5736 λείαν
583 5685 823 5750 ἐνόμιζε.
852 5686 962 5739 Καὶ
1000 5685 1168 5747 πολὺς
1197 5680 1266 5753 ἦν
1297 5684 1387 5738 διά
1419 5684 1577 5737 τοῦτο
1633 5686 1776 5738 κατᾶ
1822 5685 1962 5738 πάν-

404 5791 505 5827 των
541 5775 928 5844 ιπαιρόμενος,
959 5779 1052 5829 καὶ
1078 5775 1352 5846 μηδαμῶς
1402 5775 1768 5843 κοιμώμενος,
1829 5774 1964 5844 μηδὲ

405 5865 718 5934 κραιπαλῶν
760 5849 910 5934 οἴνῳ,
946 5872 1169 5936 μονονοὺ
1222 5868 1640 5938 παρεφθέγγετο
1662 5881 1677 5899 ο
1710 5869 1802 5919 καὶ
1835 5867 1967 5920 ταῦ-

2069 5593 2432 5664 perfecturam
2453 5597 2812 5666 gloriabatur.
2833 5599 2966 5656 Nam
2989 5605 3131 5673 quod
3150 5605 3326 5659 oculis
3343 5603 3511 5657 animi
3548 5614 3652 5658 cae.

2074 5685 2295 5748 cutiret,
2314 5688 2384 5741 ob
2415 5690 2659 5745 avaritiae
2687 5696 2959 5756 morbum.
2987 5697 3302 5762 remotiora,
3328 5712 3492 5766 quam
3529 5712 3652 5767 qua:

2075 5788 2201 5832 ante
2228 5777 2385 5845 pedes
2414 5791 2576 5836 erant
2618 5784 2743 5846 sita,
2774 5787 3087 5855 prospicere
3134 5803 3240 5842 non
3275 5796 3502 5858 poterat.
3531 5787 3650 5855 Quo

2077 5871 2260 5938 (iebat,
2286 5879 2343 5924 ut
2370 5873 2688 5929 imumusam
2716 5877 2832 5930 auri
2855 5880 2960 5932 vim
2983 5879 3281 5946 defossam,
3315 5897 3416 5951 pro
3446 5880 3627 5939 salute
