3978 6642
343 421 448 485 387

1513 415 1914 478 MANUELIS
1946 415 2396 482 PALzEOLOGI

3599 412 3705 474 1383

346 555 444 609 pro
464 535 695 601 deliciis,
731 551 829 606 pro
865 551 1031 608 regno
1049 535 1294 591 duceret.
1320 533 1401 590 Ob
1423 534 1566 588 hanc
1597 546 1820 587 causam
1845 529 1945 584 ad-

2081 531 2116 584 ά
2146 550 2233 601 γε’
2260 536 2400 603 πρδς
2430 534 2600 604 ἄνδρα
2638 532 3025 604 διαλεγόμενος
3049 525 3096 599 ᾧ
3146 547 3226 599 γε
3303 527 3467 596 πρὶς
3515 526 3705 579 εεδαιι

342 647 540 689 versus
566 645 757 685 omnes
783 628 1014 684 nimium
1047 638 1315 699 quantum
1344 635 1583 687 tumens,
1610 640 1714 679 nec
1766 623 1932 677 ullam

354 725 580 794 capiens
614 723 878 793 quietem,
905 737 1005 777 nec
1039 723 1170 776 vino
1204 736 1263 776 se
1299 719 1580 773 inebrians
1627 723 1836 770 tantum
1882 714 1937 769 in

351 832 612 874 sermone
658 815 928 870 delirabat
961 830 976 868 :
1011 822 1065 867 et
1100 813 1192 866 illo
1217 811 1438 881 quidem
1471 824 1596 865 cum
1631 807 1748 862 viro
1775 806 1941 861 collo.

351 925 553 980 quens,
573 909 665 978 qui
695 923 879 961 veram
919 906 983 960 ad
1010 904 1323 959 felicitatem
1345 916 1541 956 aurum
1571 915 1679 954 non
1712 898 1814 952 nisi
1841 912 1939 967 pro

355 1002 594 1057 ludibrio
632 1001 889 1063 habebat,
936 998 1152 1053 etiamsi
1189 996 1312 1065 quis
1344 995 1554 1062 integra
1589 1007 1717 1046 saxa
1754 992 1806 1044 in
1841 1004 1943 1043 auo

354 1112 477 1151 rum
514 1110 802 1160 conversa,
839 1093 962 1162 ejus
1009 1091 1076 1146 ad
1113 1091 1276 1160 pedes
1313 1086 1624 1158 abiecisset.
1665 1085 1795 1138 Erat
1849 1083 1939 1137 hic

353 1188 702 1244 Atheniensis
731 1186 820 1241 ille
863 1186 1165 1255 legislator,
1202 1183 1290 1237 cui
1325 1196 1525 1236 nomen
1564 1179 1754 1242 Solon,
1777 1191 1939 1246 quem

355 1281 608 1335 homines
654 1277 1067 1332 admirabantur
1113 1273 1344 1328 Athenis
1394 1271 1504 1326 illis
1548 1269 1767 1331 aureis,
1818 1280 1942 1336 qua:

355 1375 529 1445 plenae
556 1371 606 1425 id
641 1371 902 1440 temporis
932 1365 1351 1422 admirabilibus
1381 1363 1515 1417 viris
1553 1370 1732 1414 erant.
1760 1359 1826 1444 Et
1850 1359 1942 1428 qui

357 1482 465 1520 non
496 1479 711 1532 aequum
743 1469 880 1522 erat,
901 1474 1092 1513 omnes
1117 1459 1269 1512 illum
1296 1455 1557 1510 admirari
1580 1454 1602 1507 ?
1623 1451 1754 1506 Nam
1785 1439 1944 1506 inter

357 1565 436 1611 tot
458 1556 752 1626 praeclaros
769 1562 823 1607 et
847 1553 1097 1621 egregios
1123 1550 1289 1612 viros,
1316 1548 1409 1616 qui
1428 1545 1614 1601 referti
1644 1543 1798 1614 copia
1820 1544 1944 1612 plu-

355 1649 500 1701 rium
525 1647 884 1700 honestarum
914 1644 1298 1710 bonarumque
1319 1654 1500 1694 rerum
1527 1645 1736 1699 essent,
1768 1650 1943 1689 unum

359 1741 596 1809 aliquem
629 1752 961 1807 quocunque
993 1735 1155 1789 modo
1183 1743 1412 1789 cancros
1462 1731 1719 1790 anteisse,
1753 1743 1944 1798 parum

359 1833 537 1896 abest,
561 1831 693 1899 quin
727 1829 885 1882 ﬁdem
912 1840 1175 1896 superare
1209 1825 1488 1878 videatur.
1519 1821 1620 1875 llic
1659 1827 1843 1874 tamen
1893 1827 1949 1872 et

360 1926 506 1980 inter
534 1924 683 1985 illos,
715 1921 1019 1977 secundum
1058 1920 1250 1983 Deum,
1285 1914 1623 1971 venerabilis
1643 1921 1786 1977 erat,
1839 1925 1948 1965 non
1984 1899 2030 1960 Β

361 2019 505 2088 quod
537 2030 730 2070 aurum
758 2013 1082 2084 possideret,
1115 2024 1180 2064 ac
1211 2007 1609 2078 suppeditaret.
1645 2004 1766 2060 Non
1801 2002 1948 2057 enim

363 2109 677 2164 abundabat
703 2119 861 2171 auro,
888 2119 991 2158 nec
1009 2111 1295 2172 argentum
1323 2099 1635 2154 habebatin
1657 2095 1953 2168 pretiumi—

364 2205 408 2259 si
427 2213 569 2258 recte
595 2201 1026 2270 colligeretur,et
1045 2197 1244 2251 melius
1262 2192 1685 2263 expenderetur,
1701 2199 1756 2246 et
1773 2190 1828 2243 in
1874 2189 1956 2244 lo-

365 2308 431 2348 co
466 2303 760 2360 utrumque
781 2292 959 2344 ﬂeret.
986 2287 1198 2356 Quippe
1229 2300 1331 2341 nec
1365 2286 1502 2354 ipse,
1537 2296 1642 2338 nec
1696 2282 1771 2335 illi
1815 2295 1956 2350 quos

365 2386 512 2440 dicto
535 2384 817 2438 audientes
844 2381 1099 2443 habebat,
1136 2386 1423 2445 tantopere
1457 2373 1728 2444 putabant
1775 2386 1942 2442 espe-

369 2475 563 2530 tendas
589 2473 712 2527 illas
749 2471 869 2525 auri
914 2484 1156 2536 massas,
1191 2481 1426 2538 quarum
1459 2479 1592 2520 sane
1620 2465 1955 2534 mancipium

365 2581 488 2621 cum
534 2566 756 2621 Crassus
789 2571 956 2627 esset,
983 2577 1082 2632 pro
1108 2560 1332 2615 domino
1383 2573 1445 2614 se
1498 2559 1739 2628 gerebat.
1800 2557 1958 2612 Unde

373 2673 474 2713 nec
499 2673 645 2712 curae
665 2655 849 2711 Soloni
890 2655 1014 2716 fuit,
1049 2662 1111 2706 ut
1133 2661 1305 2706 artem
1339 2650 1577 2718 aliquam
1600 2648 1814 2702 civibus
1838 2647 1956 2702 suis

373 2749 670 2811 inveniret,
687 2763 793 2818 qua
820 2747 1049 2800 omnino
1073 2743 1408 2797 ditescerent
1430 2759 1442 2796 :
1468 2755 1576 2795 non
1604 2740 1746 2793 hanc
1769 2738 1961 2794 metal-

374 2845 560 2907 licam,
593 2856 692 2896 nec
747 2840 921 2902 illam,
947 2837 1162 2907 Opinor,
1192 2835 1280 2890 cui
1312 2835 1381 2889 ab
1411 2847 1548 2887 auro
1591 2831 1956 2886 conﬁciendo-

373 2951 569 2992 nnmen
601 2943 684 2988 est
711 2933 922 2987 datum.
945 2929 1061 2984 Non
1088 2932 1184 2984 has
1210 2929 1282 2982 ob
1305 2942 1392 2982 res
1415 2925 1498 2980 vir
1516 2927 1752 2995 optimus
1777 2925 1847 2979 ab
1862 2940 1964 2995 op-

374 3027 525 3081 timis
545 3026 698 3089 viris,
733 3024 1005 3078 maximus
1035 3036 1064 3075 a
1096 3019 1355 3075 maximis
1386 3019 1712 3082 habebatur,
1734 3025 1788 3071 et
1823 3031 1967 3071 nunc

374 3131 594 3188 quoque
615 3114 830 3169 cunctis
860 3113 1029 3167 fuisse
1049 3111 1265 3166 videtur
1294 3128 1307 3164 :
1337 3111 1431 3164 sed
1460 3109 1607 3179 quod
1630 3117 1828 3179 praeter
1843 3109 1952 3162 alia

368 3210 548 3266 multa
577 3209 946 3278 praeclaraque
973 3205 1141 3268 facta,
1186 3218 1310 3272 quas
1352 3212 1770 3272 praecesserant,
1819 3200 1964 3271 leges

374 3305 548 3360 bonas
573 3301 786 3356 civibus
818 3299 1137 3355 omnimodo
1168 3296 1329 3351 bonis
1357 3294 1565 3352 tulerit.
1611 3293 1788 3348 Tanto
1830 3307 1962 3348 vero

375 3395 750 3467 praestiterunt
780 3406 946 3460 opere
972 3388 1168 3459 priscis
1221 3387 1430 3458 legibus
1483 3386 1554 3439 ab
1607 3387 1728 3456 ipso
1785 3383 1964 3449 factae,

361 3485 570 3558 καυθηιί
603 3481 1174 3543 venittestimandum,
1201 3479 1346 3548 quod
1379 3477 1464 3532 ha:
1511 3485 1802 3546 postremae
1850 3476 1968 3528 fue-

365 3579 512 3643 rint,
529 3585 867 3632 etasternum
887 3572 1096 3628 civitati
1128 3569 1472 3633 duraveriut.
1503 3568 1639 3623 Nam
1673 3568 1806 3623 visae
1829 3575 1964 3622 sunt.

383 3670 513 3735 illis,
533 3671 736 3740 quibus
751 3674 907 3723 erant
925 3666 1066 3729 latas,
1091 3664 1326 3735 publicis
1344 3663 1587 3732 ipsorum
1610 3661 1967 3724 ornamentis,

384 3777 701 3834 quanquam
727 3775 788 3815 ea
817 3758 1102 3814 civitatum
1134 3755 1366 3810 aliarum
1391 3761 1719 3808 ornamenta
1749 3767 1974 3822 supera-

385 3863 530 3918 rent,
565 3856 721 3926 Ionge
747 3851 1093 3917 illustriores,
1136 3850 1364 3918 ipsaque
1391 3861 1541 3912 arce,
1575 3860 1740 3916 quam
1790 3843 1974 3898 muni-

388 3950 584 4004 tiorem
612 3948 827 4002 caeteris
855 3945 1057 4014 ubique
1087 3951 1354 3998 terrarum
1382 3939 1802 4002 existimabant,
1821 3936 1963 3990 insi-

387 4044 569 4115 gniter
600 4041 948 4104 munitiores,
980 4037 1145 4106 longo
1170 4035 1407 4103 denique
1463 4031 1754 4085 intervallo
1807 4029 1976 4083 rebus

391 4133 518 4197 illis,
547 4132 746 4200 quibus
776 4145 835 4184 se
860 4127 1168 4198 iactabant,
1195 4124 1472 4178 meliores.
1525 4122 1584 4176 In
1636 4122 1785 4176 hunc
1834 4134 1970 4190 ergo

389 4223 613 4276 modum
647 4219 812 4273 Solon
828 4217 1107 4288 sapientia:
1123 4216 1340 4270 culmen
1374 4215 1576 4281 attigit,
1599 4210 1754 4280 quod
1779 4225 1842 4265 ea
1869 4225 1979 4279 pra:

391 4313 595 4383 quovis
627 4327 762 4366 auro
794 4312 848 4364 in
870 4309 1046 4380 pretio
1068 4309 1385 4363 haberetur.
1415 4305 1726 4361 AtCrmsus
1747 4305 1883 4359 adeo
1904 4315 1982 4359 te-

398 4403 678 4459 mulentus
702 4418 765 4457 ex
791 4403 886 4456 illo
916 4401 1048 4455 vitio
1072 4414 1194 4463 suo,
1215 4397 1651 4453 animadvertere
1675 4411 1785 4451 non
1826 4404 1980 4465 pote-

389 4507 502 4562 rat,
527 4495 706 4564 qualis
739 4494 827 4548 ille
859 4493 943 4548 vir
973 4501 1143 4554 esset,
1173 4501 1224 4546 et
1251 4490 1396 4560 apud
1423 4489 1640 4558 qualem
1693 4487 1980 4566 hominem

2048 627 2238 694 μονίαν
2267 627 2367 697 τὴν
2400 627 2580 697 ἀληθῆ
2611 627 2786 696 γέλως
2823 622 2890 699 ἦν
2927 626 3110 697 σαφὴς
3137 627 3172 677 ὁ
3218 623 3494 694 χρυσὸς,
3530 620 3591 674 εῐ
3623 638 3706 684 τις

2041 719 2107 789 δὴ
2132 720 2227 772 καὶ
2265 718 2452 782 λίθους
2485 720 2642 782 ὅλους
2690 720 2857 792 τέχνῃ
2909 717 3170 790 χρυσοῦς
3249 717 3704 788 ἐργασάμενος.

2045 814 2227 882 φέρων
2289 812 2459 866 ἐτίθει
2495 812 2672 882 τούτῳ
2713 814 2829 884 ’πρὸ
2881 813 2992 866 τῶν
3043 811 3282 866 ποδῶν.
3348 808 3704 879 Νομοθέτης

2054 906 2299 976 Ἀθηνῶν
2360 906 2571 968 οὑτοσὶ,
2610 907 2792 960 Σόλων
2849 904 3471 977 προσαγορευόμενος
3499 898 3596 971 ἦν,
3645 905 3704 955 ὲν

2041 1001 2163 1063 ταῖς
2215 1001 2449 1070 χρυσαῖς
2492 999 2747 1069 Ἀθήναις
2793 998 3264 1068 θαυμαζόμενος,
3329 994 3705 1062 Θαυμαστῶν

2042 1090 2120 1158 τῷ
2155 1090 2462 1160 τηνικαῦτα
2490 1089 2792 1159 γεμούσαις
2826 1088 3058 1158 ἀνδρῶν.
3127 1086 3365 1141 Καίτοι
3415 1087 3551 1148 πῶς
3599 1087 3702 1139 οὐκ

2044 1183 2198 1247 ἄξιον
2220 1183 2430 1244 πάντας
2459 1182 2773 1252 θαυμάσαι;
2804 1183 2878 1236 Τδ
2909 1184 3021 1252 γὰρ
3049 1184 3105 1235 ὲν
3147 1181 3444 1234 τοσοῖσδε
3501 1180 3703 1242 καλοῖς

2044 1293 2105 1328 τε
2133 1278 2228 1328 καὶ
2275 1276 2503 1344 ἀγαθοῖς
2550 1276 2835 1346 ἀνδράσιν,
2878 1274 3422 1345 ὲμπεπλησμὲνοις
3479 1252 3703 1326 πολλῶν

2045 1368 2228 1421 καλῶν
2285 1385 2345 1420 τε
2405 1369 2500 1420 καὶ
2541 1368 2785 1436 ἀγαθῶν,
2813 1368 2910 1420 ἕνα
2939 1368 3060 1420 τινὰ
3111 1367 3265 1420 καθ’
3309 1365 3520 1419 ὁτιοῦν
3574 1365 3704 1429 τοὺς

2047 1460 2247 1522 ἄλλους
2285 1458 2628 1527 ύπερελάσαι
2681 1460 2882 1529 μικροῦ
2935 1460 3044 1512 δεῖν
3097 1457 3467 1512 κινδυνεύει
3521 1457 3703 1526 παρέ-

2047 1569 2166 1621 χειν
2189 1551 2520 1605 διαπιστεῖν.
2571 1551 2714 1606 Ἀλλ’
2756 1547 2912 1614 οὗτός
2937 1568 2999 1619 γε
3047 1551 3151 1604 καὶ
3209 1553 3280 1603 έν
3313 1552 3528 1612 αὐτοῖς
3563 1550 3705 1618 μετά

2046 1641 2270 1694 τδθεῖον
2335 1641 2662 1710 σεϐάσμιος,
2696 1642 2755 1694 ού
2810 1641 2889 1711 τῷ
2932 1641 3137 1712 χρυσὸν
3201 1641 3551 1708 κεκτῆσθαι
3607 1644 3700 1692 καὶ

2049 1737 2329 1804 χορηγεῖν.
2361 1734 2507 1788 Οὐδὲ
2538 1733 2646 1804 γὰρ
2670 1729 2740 1805 ἦν
2788 1736 2982 1804 ἐκείνῳ
3010 1735 3194 1797 πολὺς
3253 1735 3519 1805 χρυσὸς,
3574 1732 3698 1785 οὐδέ

2051 1844 2116 1895 γε
2150 1827 2431 1898 προύργου
2492 1827 2816 1898 τάργύριον,
2873 1829 2920 1880 εί
2957 1827 3277 1897 μὴκαλῶς
3337 1825 3695 1896 ἁθροίζοιτο,

2057 1921 2154 1974 καὶ
2198 1922 2453 1990 κρεῖττον
2515 1922 2888 1982 ἀναλίσκοιτο,
2935 1921 3031 1973 καὶ
3098 1920 3410 1990 ἑκάτερον
3474 1919 3585 1971 σὺν
3619 1918 3696 1986 τῷ

2051 2012 2232 2086 καιρῷ
2256 2015 2522 2082 γίγνοιτο.
2567 2014 2708 2068 Οὔτε
2746 2015 2854 2084 γὰρ
2889 2014 3037 2084 αὐτῷ
3087 2013 3332 2087 τάνδρὶ,
3377 2013 3518 2066 οὔτε
3584 2011 3692 2082 μὴν

2053 2111 2168 2171 τοῖς
2197 2108 2550 2178 πειθομένοις
2586 2107 2755 2176 αὐτῷ,
2781 2107 2928 2160 οὕτω
2963 2107 3495 2177 περισπούδαστον
3524 2101 3598 2175 ἦν
3629 2106 3697 2157 τά

2056 2203 2151 2257 τοῦ
2177 2199 2386 2272 χρυσοῦ
2412 2199 2701 2270 ψήγματα,
2727 2192 2803 2252 ὢν
2835 2199 2864 2252 ό
2891 2201 3125 2269 Κροῖσος
3147 2199 3372 2262 δοῦλος
3403 2199 3512 2264 ὢν,
3536 2199 3695 2268 ἡγεῖ-

2057 2309 2120 2344 το
2143 2290 2336 2361 κύριος
2362 2286 2527 2344 εἶναι.
2566 2289 2731 2343 Ὅθεν
2764 2289 2891 2343 οὐδὲ
2938 2289 3200 2360 μηχανὴν
3241 2292 3274 2344 ὁ
3339 2289 3542 2342 Σόλων
3573 2289 3690 2354 ἐξε-

2061 2382 2304 2453 ζήτησεν
2364 2383 2660 2453 εὑρηκέναι
2691 2383 2808 2446 τοῖς
2846 2382 3091 2445 πολίταις
3135 2384 3272 2446 τοῖς
3311 2381 3499 2435 αὐτοῦ
3550 2381 3690 2453 πρὸς

2058 2478 2122 2530 τὸ
2177 2476 2474 2547 δυνηθῆναι
2517 2475 2959 2546 χρηματίζεσθαι
3009 2477 3200 2528 πάντα
3246 2477 3514 2547 τρόπον’
3563 2473 3688 2527 οὔτε

2060 2567 2272 2640 ταύτην
2297 2568 2359 2639 δή
2399 2585 2540 2638 φημι
2589 2567 2691 2637 τὴν
2725 2566 3077 2636 μεταλλικὴν.
3107 2566 3247 2620 οὔτε
3305 2568 3428 2640 μὴν
3475 2567 3580 2637 τὴν
3613 2560 3688 2619 οἷ-

2067 2681 2166 2734 μαι
2200 2660 2595 2733 χρυσοποιικὴν
2629 2659 2999 2729 καλουμένην.
3031 2661 3147 2712 Ούκ
3199 2657 3324 2732 ἄρα
3384 2660 3480 2714 διά
3513 2657 3686 2712 ταῦτα

2065 2756 2285 2826 ἄριστος
2317 2753 2586 2824 ἀρίστοις,
2610 2755 2705 2807 καὶ
2754 2751 3016 2821 μέγιστος
3055 2752 3370 2822 μεγίστοις
3403 2751 3554 2824 ἀνὴρ
3596 2751 3684 2803 ἀν-

2067 2845 2229 2915 δράσι
2265 2843 2562 2914 νομίξοιτο,
2589 2843 2684 2895 καὶ
2710 2841 2806 2895 νῦν
2844 2859 2905 2909 γε
2934 2843 3098 2896 πᾶσιν
3138 2842 3226 2897 ἔτι
3269 2843 3440 2897 δοκεῖ
3469 2861 3482 2872 ·
3518 2842 3599 2912 τῷ
3627 2842 3681 2894 δὲ

2068 2939 2267 3008 νόμους
2323 2935 2567 3004 ἀγαθοὺς
2629 2933 2724 2987 ἐπὶ
2771 2933 2989 2999 πολλοῖς
3041 2951 3100 2987 τε
3139 2935 3244 2989 καὶ
3277 2934 3484 2996 καλοῖς
3515 2932 3681 3002 ἐφθα-

2072 3029 2198 3082 κόσι
2229 3028 2477 3091 πολίταις
2529 3027 2706 3080 πάντα
2740 3029 2971 3096 ἀγαθοῖς
3015 3029 3377 3082 τεθεικέναι.
3419 3027 3678 3096 Τοσούτῳ

2072 3118 2129 3171 δὲ
2155 3120 2514 3190 ὑπερήλασαν
2559 3120 2688 3182 τοὺς
2725 3118 3140 3189 πρεσϐυτέρους
3181 3119 3240 3173 οι
3295 3120 3464 3190 παρά
3526 3117 3675 3171 τοῦδε

2072 3211 2462 3280 γεγενημένοι,
2493 3211 2602 3278 ὅσῳ
2627 3209 2978 3274 τελευταίους
3005 3211 3210 3275 αὐτοὺς
3237 3211 3549 3280 γενέσθαι,
3584 3211 3678 3264 καὶ

2069 3301 2382 3354 διαιωνίσαι
2444 3304 2511 3371 τῇ
2573 3301 2751 3356 πόλει.
2803 3302 3033 3367 Ἔδοξαν
3079 3305 3192 3376 γὰρ
3257 3309 3408 3370 τοῖς,
3471 3305 3545 3359 δι’
3586 3302 3678 3366 οὓς

2070 3391 2343 3460 ἐγένοντο,
2383 3391 2597 3461 κόσμου
2657 3392 2757 3461 μὲν
2809 3393 2904 3445 τοῦ
2940 3393 3074 3463 παρ’
3137 3396 3340 3460 αὐτοῖς
3383 3397 3670 3468 δημοσίου,

2073 3485 2252 3536 καίτοι
2314 3501 2378 3551 γε
2424 3484 2881 3548 πλεονεκτοῦντος
2923 3486 3042 3540 τῶν
3102 3488 3162 3540 έν
3194 3490 3404 3554 ἄλλαις
3462 3489 3668 3553 πόλεσι,

2077 3574 2278 3645 κομιδῆ
2308 3577 2772 3646 περιφανέστεροι
2798 3592 2812 3607 ⁸
2849 3578 3020 3645 αἰτῆς
3047 3579 3104 3632 δὲ
3144 3583 3545 3652 ἀκροπόλεως,
3575 3582 3671 3649 τῆς

2075 3667 2258 3728 αὐτοῖς
2317 3665 2687 3736 νομιζομένης
2730 3668 3144 3740 ἀσφαλεστέρας
3180 3673 3297 3725 τῶν
3342 3669 3668 3740 ἁπανταχοῦ

2077 3759 2200 3829 γῆς,
2229 3759 2529 3830 ὑπερφυῶς
2559 3759 2957 3832 ἀσφαλέστεροι
2980 3779 2993 3794 ·
3019 3764 3112 3817 καὶ
3143 3764 3288 3827 ὅλως
3331 3782 3398 3833 γε
3426 3764 3668 3836 βελτίους

2078 3853 2209 3918 τῶν,
2243 3848 2326 3916 οἷς
2357 3853 2645 3922 ἐφρόνουν,
2676 3853 2856 3924 πολλῷ
2884 3855 2962 3926 τῷ
3005 3857 3183 3927 μέσῳ.
3222 3857 3393 3912 Οὕτω
3433 3858 3537 3927 μὲν
3581 3851 3670 3908 οὖν

2078 3936 2237 4005 οὗτος
2268 3945 2408 4014 ἀνὴρ
2433 3942 2647 4015 προύϐη
2682 3946 2820 4016 πρὸς
2847 3946 3018 4018 ἀκρον
3048 3951 3266 4018 σοφίας,
3299 3948 3382 4020 τῷ
3406 3945 3668 4017 τιμᾶσθαι

2081 4035 2290 4105 ταύτην
2318 4038 2520 4099 παντὸς
2541 4038 2765 4108 χρυσίου
2788 4056 2801 4070 ο
2831 4039 2976 4092 οὕτω
3027 4041 3082 4094 δὲ
3117 4042 3348 4111 μεθύων
3383 4041 3466 4110 τῷ
3509 4038 3668 4091 πάθει

2081 4127 2338 4194 Κροῖσος,
2381 4128 2481 4198 οὐχ
2511 4127 2627 4192 οἷός
2650 4129 2696 4182 τ’
2722 4125 2791 4201 ἦν
2822 4131 3204 4194 αἰσθάνεσθαι,
3235 4128 3353 4196 οἷος
3395 4131 3475 4184 ὢν
3526 4129 3667 4182 Exsi-

2083 4233 2173 4279 νος
2236 4219 2521 4287 τυγχάνει,
2564 4221 2654 4272 καὶ
2715 4221 2854 4292 πρὸς
2915 4215 3028 4274 οἷον
3074 4223 3461 4292 ἐπεδείκνυτο.
3508 4214 3666 4272 Τουτὶ

2087 4308 2197 4376 γὰρ
2246 4308 2422 4378 δήπου
2474 4311 2536 4362 τὸ
2581 4311 2753 4375 πάθος
2816 4305 2890 4365 ὧν
2922 4311 2988 4366 ἃν
3019 4312 3286 4378 καθάπαξ
3343 4311 3662 4383 κρατήσειε.

2087 4399 2294 4452 τούτων
2327 4403 2446 4456 ταῖς
2475 4401 2680 4472 ψυχαῖς
2731 4405 2948 4474 ὲντήκει
3009 4403 3207 4458 ἑαυτοῦ
3262 4404 3500 4472 διηνεκῆ
3551 4413 3667 4451 τινα

2090 4493 2287 4561 δίψαν·
2335 4494 2403 4566 ἢν
2447 4496 2516 4547 ιτδ
2550 4497 2916 4566 μετεχόμενον
2969 4498 3264 4567 ἀειδήποτε
3338 4493 3661 4566 προσαῦξονν

391 4589 758 4660 gloriaretur.
796 4585 948 4652 Quos
979 4584 1126 4638 enim
1160 4583 1352 4637 vitium
1387 4581 1497 4636 hoc
1526 4581 1694 4636 semel
1727 4589 1966 4651 occupat

2087 4584 2161 4648 ὡς
2212 4587 2314 4654 ὕλη
2365 4587 2476 4658 πῦρ
2525 4604 2586 4639 τε
2637 4589 2733 4642 καὶ
2772 4588 2968 4656 φλόγα,
3011 4590 3134 4652 ταῖς
3189 4591 3303 4643 τῶν
3349 4585 3664 4642 ἑαλωκότων

396 4696 590 4736 eorum
620 4679 819 4734 animis
841 4677 1133 4748 quamdam
1158 4677 1242 4729 sui
1272 4684 1589 4744 perpetuam
1613 4672 1762 4728 sitim
1798 4671 1986 4727 instil-

401 4773 699 4840 latzquam
753 4769 888 4824 illud
942 4769 1142 4838 ipsum,
1169 4765 1314 4836 quod
1356 4763 1680 4834 percipitur,
1704 4777 1990 4836 nunquam?

398 4881 515 4920 non
545 4866 724 4934 magis
755 4879 819 4918 ac
839 4862 1014 4931 magis
1043 4875 1274 4930 augens,
1305 4859 1383 4912 uti
1407 4856 1663 4912 materies
1701 4856 1882 4922 ignem
1935 4863 1990 4910 et

2094 4681 2261 4748 φρεσὶ
2292 4677 2642 4747 λυμαίνεται.
2679 4681 2754 4733 Ού
2781 4679 2890 4751 γάρ
2916 4680 3032 4733 ἐστι
3071 4680 3338 4734 νοσοῦντα
3364 4681 3466 4749 τὴν
3490 4672 3660 4746 ψυχὴν

2093 4770 2262 4839 ὑγιῶς
2299 4770 2447 4841 ἔχειν
2492 4771 2592 4834 τάς
2626 4773 2854 4842 φρένας.
2913 4772 3087 4827 Ταυτὶ
3127 4773 3496 4844 καὶ,Κροίσῳ
3531 4783 3662 4830 συμ-

2095 4861 2324 4931 ϐέϐηκε.
2363 4863 2654 4931 Καὶκδηλοῖ
2675 4864 2735 4917 τὸ
2762 4862 3060 4917 δλιαπτύσαι
3082 4864 3181 4928 τὰς
3219 4867 3360 4938 πρὸς
3389 4860 3551 4915 αὐτὸν
3571 4855 3655 4908 τοῦ

401 4955 705 5017 ﬂaunnam,
745 4961 957 5008 mentes
1007 4959 1384 5019 correptorum
1414 4948 1518 5003 hoc
1562 4947 1753 5001 morbo
1799 4946 1955 5000 vitiat

2097 4955 2338 5017 Σόλωνος
2392 4957 2771 5026 παραινέσεις,
2803 4959 2898 5011 καὶ
2939 4957 3007 5011 τὰ
3060 4958 3456 5029 βουλεύματα’
3503 4950 3539 5007 ἃ
3567 4947 3658 5002 κᾶν

404 5049 614 5119 quippe
677 5048 792 5101 beri
861 5045 1072 5114 nequit,
1103 5051 1166 5096 ut
1183 5043 1437 5112 quixger
1470 5046 1556 5095 est
1581 5038 1786 5103 animo,
1812 5052 1993 5094 mente

403 5155 580 5194 sanus
607 5140 699 5194 sit.
726 5139 782 5192 1d
815 5140 978 5192 etiam
996 5137 1190 5191 Crwso
1220 5131 1499 5189 usuvenit.
1526 5133 1864 5200 Argumenta
1888 5139 1992 5196 est,

403 5232 558 5302 quod
593 5230 811 5286 Solonis
839 5231 902 5284 ad
931 5231 1113 5300 ipsum
1139 5227 1382 5286 monitus
1403 5224 1738 5294 consiliaque
1766 5239 1994 5294 respue-

411 5326 511 5388 rit,
530 5339 650 5391 qua:
670 5323 751 5376 vel
774 5321 1016 5390 Ulysses,
1040 5319 1121 5373 vel
1138 5315 1353 5382 Nestor,
1373 5316 1453 5372 vel
1473 5316 1652 5388 quivis
1671 5317 1832 5382 alius,
1850 5315 1997 5370 civili

406 5415 691 5483 snpientia
727 5414 888 5481 longe
916 5411 1130 5465 caeteris
1165 5419 1453 5479 prasstans,
1481 5408 1676 5464 merito
1710 5409 1998 5473 rexeritns,

384 5523 542 5562 amco
561 5505 787 5576 quidem
810 5502 1043 5573 judicio,
1064 5502 1274 5568 luisset,
1308 5518 1372 5558 ac
1405 5502 1887 5559 suismetdecretis
1909 5516 2004 5554 an-

401 5601 762 5670 seposuisset.
781 5597 850 5651 At
865 5596 1086 5650 Crmsus
1105 5609 1209 5648 non
1230 5595 1300 5647 ita
1321 5609 1336 5658 ;
1357 5598 1448 5649 sed
1467 5602 1678 5648 tantum
1697 5609 1808 5648 non
1827 5593 2007 5649 ridere

400 5710 628 5758 senem,
646 5705 885 5762 spesque
901 5689 977 5743 .de
989 5687 1244 5756 pecuniis
1267 5702 1494 5756 prorsus
1512 5689 1793 5742 inutilibus
1809 5701 2007 5741 conce-

419 5797 569 5857 ptas,
596 5795 650 5840 et
672 5799 840 5839 vanas
870 5781 1112 5852 quidem,
1136 5779 1339 5834 ducere
1364 5780 1601 5846 potiores
1623 5779 2010 5834 admonitioni-

422 5879 525 5933 bus
547 5892 741 5948 reapse
775 5875 980 5938 aureis,
1027 5886 1259 5943 quaeque
1289 5869 1482 5927 salutis
1505 5879 1558 5925 et
1591 5871 1776 5940 gloriae
1809 5885 2008 5939 paran.

2107 5045 2420 5111 Ὀδυσσεὺς,
2473 5045 2577 5099 κᾶν
2609 5047 2862 5117 Νέστωρ,
2899 5049 3006 5102 κᾶν
3070 5049 3322 5101 ὁστισοῦν
3363 5045 3455 5098 ἐπὶ
3504 5035 3654 5106 σοφίᾳ

2100 5138 2356 5207 πολιτικῇ
2417 5139 2552 5190 πολὺ
2583 5137 2694 5191 τῶν
2749 5139 2930 5192 ἄλλων
2959 5139 3281 5208 διενεγκὼν,
3326 5131 3564 5209 ᾐσχύνθη
3602 5139 3650 5176 τε

2099 5221 2254 5297 οἶμαι
2283 5227 2532 5290 δικαίως,
2562 5229 2659 5281 καὶ
2693 5229 2803 5282 τῶν
2841 5230 3304 5300 ίδὶωνδογμάτων
3335 5222 3629 5298 προῦθηκεν

2113 5319 2254 5372 Ἀλλ’
2283 5319 2310 5370 6
2340 5319 2579 5388 Κροῖσός
2612 5337 2675 5388 γε
2716 5321 2815 5392 οὐχ
2860 5321 3068 5386 οῦτωςο
3101 5322 3239 5376 ἀλλὰ
3287 5315 3508 5392 μονονοὺ
3537 5323 3651 5364 κατ-

2105 5410 2272 5478 εγέλα
2305 5409 2403 5462 τοῦ
2433 5410 2712 5482 γέροντος,
2754 5414 2849 5464 καὶ
2904 5412 3090 5484 πολλῷ
3125 5412 3368 5483 βελτίους
3407 5404 3507 5477 ἦγε
3559 5398 3646 5456 τὰς

2107 5502 2215 5555 ἀπὸ
2243 5502 2546 5572 χρημάτων
2585 5501 2724 5564 ὅλως
2756 5503 3051 5573 ἀχρήστων
3094 5504 3261 5565 κενὰς
3297 5498 3511 5555 ἐλπίδας
3539 5503 3645 5542 νου·

2107 5594 2306 5648 θεσιῶν
2343 5593 2564 5663 χρυσῶν
2609 5593 2689 5660 τῷ
2733 5595 2874 5659 δντι,
2914 5597 3011 5650 καὶ
3069 5595 3345 5667 σωτηρίας
3390 5579 3638 5656 ἀφορμάιῖν

2109 5687 2204 5740 καὶ
2227 5684 2386 5750 δόξης
2425 5686 2842 5756 παρεχομένων.
2876 5685 3064 5750 Οὕτως
3110 5686 3252 5741 ἑάλω
3307 5681 3399 5736 τοῦ
3435 5667 3639 5747 χρυσοῦν

2111 5779 2206 5832 καὶ
2229 5777 2379 5830 τόνδε
2407 5777 2568 5845 μόνον
2589 5778 2890 5846 θαυμάζων
2943 5774 3035 5848 ἦν,
3093 5779 3201 5842 ἕως
3242 5779 3306 5830 έκ
3335 5773 3432 5839 τῆς
3471 5762 3640 5848 πειρᾷς

2117 5869 2289 5936 αὐτῆς
2327 5867 2639 5939 μεμάθηκε,
2673 5870 2768 5923 καὶ
2823 5847 3040 5938 ἐπέγνω
3081 5869 3274 5922 ἑαυτὸν
3319 5847 3637 5928 ἐξηπατημέ’
