3978 6574
270 409 379 470 ἓὸἱ)

1746 401 2038 464 ORATIO
2066 403 2119 464 Ῑ.

3423 414 3527 476 £90

266 539 386 575 νον.
416 521 556 577 οὐδὲ
581 522 798 592 χρόνος,
824 521 1005 592 οἶμαι,
1037 523 1230 586 πολὺς,
1284 521 1382 577 καὶ
1428 522 1457 576 ό
1479 519 1672 593 νεκρδς
1699 521 1825 574 ἐκεῖ·

1945 515 2027 570 ιιω
2051 517 2290 574 rationes
2315 521 2740 590 suppeditarent.
2766 521 2950 592 Usque
2969 524 3105 580 adeo
3119 523 3187 581 ab
3213 541 3348 582 auro
3367 529 3526 584 reda-

263 632 360 679 νος
420 617 628 686 χρυσὸς
676 617 1008 693 μετάμελον,
1045 615 1196 686 αύτῷ
1255 616 1534 686 παρέσχεν
1581 615 1842 685 ἀνόνητον

262 709 365 761 καὶ
397 709 499 778 τῆς
533 712 665 779 περὶ
695 709 848 762 τόνδε
899 709 1135 777 πλάνης,
1167 709 1263 762 καὶ
1294 708 1406 762 τῶν
1441 707 1705 770 ἀπονοίας
1748 709 1844 778 ρη-

267 800 488 868 μὰτων.
519 795 602 864 οἷς
632 801 882 854 ἀπειθῶν
904 800 980 872 τῷ
1007 803 1402 872 σωφρονίζοντι
1439 799 1839 871 κατεκέχρητο.

272 893 376 954 ’ος
406 893 516 964 γὰρ
543 892 673 962 χθὲς
703 894 795 946 καὶ
827 895 1093 966 πρότριτα
1130 893 1220 947 διὰ
1240 895 1333 946 τὸν
1389 892 1620 946 πλοῦτον
1674 892 1841 957 ἐκόμ-

261 983 470 1047 παζεν,
494 984 664 1054 αἴρων
687 983 883 1053 ὀφρὺν,
909 985 1004 1038 καὶ
1033 983 1377 1055 ἀκροϐατῶν.
1439 987 1532 1037 καὶ
1595 982 1685 1038 τὸν
1739 982 1840 1034 αὑ·-

258 1074 406 1144 χένα
439 1077 637 1128 τείνων
676 1077 759 1139 είς
808 1075 1060 1145 οὐρανὸν,
1092 1077 1231 1139 ὅλως
1282 1077 1645 1147 ἐπαιρόμενος
1695 1077 1840 1130 κατὰ

257 1169 377 1221 τῶν
403 1167 572 1222 αὑτοῦ
601 1169 913 1239 βελτιόνων,
960 1168 1235 1240 Ἀθηναίῳ
1266 1167 1468 1222 Σόλωνι
1510 1167 1838 1237 διαλεγόμε·

260 1277 383 1324 νος,
411 1259 568 1324 οὗτος
609 1259 774 1323 αὐτὸς
800 1262 942 1330 μετὰ
977 1259 1186 1331 βραχύν
1243 1278 1367 1314 τινα
1411 1258 1627 1329 χρόνον,
1656 1254 1835 1328 οἶμαι,

257 1359 332 1411 δι’
361 1359 566 1420 αὐτοὺς
596 1357 660 1427 δὴ
688 1357 817 1418 τοὺς
859 1359 1076 1427 σωροὶς
1110 1356 1219 1409 τῶν
1267 1354 1549 1424 μετάλλων
1585 1353 1744 1424 ὤφθη
1773 1371 1836 1422 γε

256 1449 453 1503 κλάων
499 1450 639 1520 μετὰ
667 1449 825 1518 βοῆς.
874 1448 1166 1519 Ἀθηναίου
1200 1446 1550 1517 μεμνημένος
1578 1446 1837 1509 Σόλωνος,

252 1545 505 1614 ὁπηνίκα
530 1542 641 1613 πῦρ
681 1541 923 1607 ὲξάλοιτο
959 1539 1082 1599 κατ’
1104 1538 1294 1602 αὐτοῦ,
1313 1539 1425 1611 διαὶ
1459 1538 1547 1592 διὰ
1577 1538 1654 1609 τῷ
1667 1537 1838 1591 πλούο

249 1655 336 1707 τῳ
373 1637 622 1706 θαρρεῖν,
673 1635 992 1698 όνειδίζοιτο
1024 1634 1176 1704 παρὰ
1232 1631 1442 1702 Κύρου,
1500 1631 1592 1686 τοῦ
1619 1631 1719 1694 τὰς
1748 1632 1838 1685 εύ-

254 1729 416 1792 νοὶας
441 1729 549 1780 τῶν
586 1727 676 1779 ὑπ’
708 1727 877 1798 αύτῷ,
907 1728 1002 1779 καὶ
1043 1725 1312 1796 φρουρὰν,
1360 1724 1458 1779 καὶ
1497 1723 1833 1795 θησαυροὺς,

260 1821 364 1874 καὶ
388 1821 498 1890 ὅτῳ
534 1819 600 1873 ἂν
629 1818 888 1888 βασιλεὺς
944 1818 1171 1883 σώζοιτό
1204 1835 1263 1871 τε
1328 1819 1424 1871 καὶ
1455 1811 1514 1871 εὖ
1577 1819 1831 1886 πράττοι,
1863 1853 1910 1913 Β

264 1914 496 1982 μεγέθει
525 1915 844 1982 φρονήσεως
891 1917 1258 1984 κεκτημένου.
1299 1911 1464 1966 Ἀλλά
1509 1912 1617 1982 μὴν
1647 1911 1835 1966 κάκεί-

257 2024 373 2070 νως
407 2006 600 2074 γέγονε
637 2006 799 2077 δῆλον
830 2004 891 2059 τδ
924 2007 1024 2075 τῆς
1071 2006 1265 2077 σοφίας
1315 2007 1410 2060 καλ⁸
1441 2005 1536 2060 τοῦ
1597 2005 1832 2058 πλούτου

255 2101 545 2171 διάφορον.
586 2099 664 2153 Δι’
693 2101 901 2154 ἐκεῖνον
931 2089 1031 2170 μὲν
1063 2099 1171 2170 γὰρ
1207 2100 1235 2152 ό
1276 2099 1620 2168 κεκτημένος
1669 2100 1832 2153 αὑτὸν

258 2192 537 2247 ὲκέκαυτο
558 2208 572 2223 ⁸
610 2191 849 2263 τοῦνομα
876 2192 934 2246 δὲ
968 2192 1060 2246 τοῦ
1093 2192 1333 2254 Σόλωνος
1361 2191 1526 2246 αὑτὸν
1561 2191 1832 2263 ἐρρύσατο

257 2286 366 2355 τῆς
395 2285 616 2355 φλογὸς,
643 2285 785 2340 κατὰ
814 2287 1096 2355 πάρεργον
1133 2283 1319 2356 ῥηθέν.
1366 2285 1439 2337 Οὐ
1475 2284 1582 2355 γὰρ
1609 2285 1672 2352 δὴ
1697 2285 1832 2355 πρὸς

259 2379 552 2450 σωτηρίαν
590 2378 724 2434 ἐϐόα
756 2379 991 2448 Κροῖσος
1025 2377 1110 2439 τὸ,
1145 2376 1346 2441 Σόλων,
1379 2376 1580 2438 Σόλων,
1609 2376 1726 2430 ἀλλ’
1755 2377 1830 2439 ὡς

262 2469 416 2539 μάλα
441 2486 504 2537 γε
541 2468 841 2538 θαυμάζων
873 2469 967 2522 τὶν
1002 2469 1192 2539 ἄνδρα,
1250 2469 1328 2523 ὅτ’
1369 2469 1460 2524 ἐπὶ
1495 2467 1603 2522 τῶν
1658 2469 1830 2534 ξύλων

256 2559 585 2628 ὲιρήπλωτο,
631 2561 845 2619 τούτοις
889 2558 1425 2630 συγκανθησόμενος.
1485 2558 1666 2629 Ἐὡρα
1720 2561 1829 2630 γὰρ

250 2652 362 2723 τὴν
397 2653 458 2705 ὲν
495 2651 690 2722 ἐκείνῳ
739 2652 933 2720 σοφίαν
987 2651 1084 2704 καὶ
1125 2651 1611 2721 προφητεύουσανο
1649 2651 1830 2718 ἔξεστι

245 2742 310 2795 δέ
354 2760 440 2796 σοι
470 2742 860 2815 καθαρώτερον
890 2739 1094 2808 γνῶναι
1126 2741 1198 2795 τὰ
1246 2742 1371 2813 περὶ
1417 2742 1611 2804 τῶνδε,
1644 2743 1739 2796 ἐάν
1765 2735 1828 2809 γε

245 2831 284 2908 ᾖ
325 2833 642 2905 βουλομένῳ
676 2835 994 2900 διεξελθεῖν,
1030 2835 1083 2886 εί
1113 2834 1195 2894 τίς
1226 2851 1284 2886 τε
1331 2833 1492 2897 ἄλλος
1522 2835 1656 2903 περὶ
1705 2834 1830 2887 τού-

244 2944 372 2980 των
390 2927 671 2997 ἱστόρηκε,
701 2926 917 2990 καὶτὰς
942 2926 1232 2996 Ἡροδότου
1261 2925 1503 2990 Μούσας.
1528 2925 1700 2980 Ταυτὶ
1727 2927 1828 2998 μὲν

243 3017 356 3075 οὖν
384 3021 521 3090 ἡμῖν
545 3018 861 3087 ἀρκούντως
882 3020 1017 3089 ἡμῖν
1045 3018 1182 3089 ἔχει,
1213 3018 1313 3072 ὅσα
1354 3022 1448 3072 καὶ
1510 3019 1704 3086 σοφίαν
1737 3038 1827 3090 μισ

245 3115 392 3183 κρδν
421 3111 686 3182 ὑμνῆσαι,
717 3111 812 3164 κα)⁸
833 3108 1112 3178 ἐξελέγξαι
1134 3109 1222 3163 τὸν
1246 3109 1476 3163 πλοῦτον
1495 3111 1662 3182 μηδὲν
1691 3113 1826 3181 άληο

1947 621 2068 667 ctus
2087 613 2139 667 in
2157 622 2477 684 potestatem
2497 626 2634 683 erat,
2654 616 2817 686 idque
2831 617 3006 672 solum
3025 619 3420 687 admirabatur,
3435 624 3530 677 do-

1945 719 2048 760 nec
2071 705 2188 774 ipsa
2211 703 2408 760 didicit
2433 709 2791 777 experientia,
2819 724 2984 778 seque
3013 709 3301 780 deceptum
3325 727 3528 782 cogno-

1948 796 2048 852 vit.
2088 796 2200 854 Nec
2226 799 2484 865 multum,
2509 801 2726 871 opinor,
2755 805 3018 872 temporis
3047 805 3382 870 intercessit,
3401 822 3522 860 cum

1944 899 2224 945 mortuum
2269 892 2402 946 illud
2429 907 2621 948 aurum
2655 895 2804 959 fecit,
2827 906 2884 949 ut
2911 911 3037 951 eum
3078 897 3228 950 nullo
3255 896 3369 966 jam
3395 912 3519 951 cum

1943 982 2124 1036 fructu
2157 987 2450 1054 ptruiteret
2482 995 2594 1039 tum
2622 989 2830 1042 erroris
2855 987 2921 1043 de
2955 1004 3090 1044 auro
3117 989 3224 1054 sui,
3258 1000 3371 1043 tum
3393 1003 3522 1059 pro-

1944 1073 2210 1130 feclorum
2241 1076 2308 1131 ab
2355 1079 2596 1132 amentia
2631 1080 2943 1145 verborum,
2978 1081 3199 1150 quibus,
3232 1081 3520 1152 castiganti

1943 1183 2052 1221 non
2081 1169 2489 1239 obtemperans,
2516 1187 2650 1227 usus
2673 1171 2874 1228 fuerat.
2908 1173 3012 1238 Qui
3057 1175 3205 1230 eiiim
3254 1176 3367 1228 heri
3411 1191 3517 1229 nu-

1941 1261 2175 1329 diusque
2200 1263 2393 1317 tertius
2426 1280 2485 1318 se
2516 1275 2736 1334 propter
2767 1282 2901 1335 opes
2934 1267 3222 1336 magnifice
3245 1268 3515 1336 jactabat,

1941 1354 2202 1407 attollens
2234 1355 2550 1424 supercilia,
2579 1358 2919 1424 summisque
2938 1361 3133 1428 pedum
3155 1360 3340 1427 digitis
3365 1361 3516 1414 ince-

1939 1442 2096 1510 dens,
2126 1455 2180 1500 et
2207 1446 2273 1499 ad
2299 1447 2497 1503 cmlum
2521 1463 2695 1516 usque
2709 1448 2977 1503 cervicem
3009 1451 3314 1519 porrigens,
3341 1459 3518 1504 totus-

1939 1550 2046 1602 que
2073 1547 2292 1590 tumens
2313 1538 2575 1595 adversus
2602 1541 2852 1597 homines
2877 1556 2935 1596 se
2953 1542 3225 1607 meliores,
3247 1559 3357 1612 quo
3377 1552 3517 1597 tem-

1940 1641 2072 1695 pore
2096 1642 2218 1681 cum
2243 1628 2442 1684 Solone
2460 1630 2781 1688 Atheniensi
2812 1633 3222 1700 colloquebatur
3247 1652 3262 1687 :
3286 1636 3372 1689 hic
3402 1635 3518 1703 ipse

1942 1726 2063 1786 post
2087 1719 2246 1773 breve
2271 1728 2508 1790 tempus,
2545 1732 2604 1777 ut
2655 1725 2914 1791 arbitror,
2944 1737 3164 1795 pr0pter
3209 1727 3333 1781 illos
3370 1729 3518 1796 ipsos

1938 1811 2285 1865 metallorum
2319 1828 2548 1869 acervos
2577 1815 2685 1871 alta
2722 1831 2858 1871 voce
2913 1819 3133 1887 plorare
3181 1830 3516 1889 conspectus

1940 1913 2042 1969 est,
2073 1904 2291 1960 Solonis
2316 1905 2466 1961 illius
2482 1907 2836 1964 Atheniensis
2862 1909 3205 1974 recordatus,
3227 1925 3350 1964 cum
3373 1911 3513 1979 ignis

1941 1997 1994 2050 in
2025 2013 2149 2052 eum
2185 1999 2444 2065 insiliret,
2475 2008 2528 2054 et
2555 2001 2700 2069 quod
2734 2001 2788 2055 in
2831 2001 3027 2070 opibus
3058 2000 3312 2054 fiduciam
3343 2001 3516 2056 collo-

1939 2097 2119 2144 casset
2141 2132 2154 2156 ,
2186 2092 2566 2161 obiurgaretur
2593 2107 2622 2146 a
2647 2093 2812 2164 Cyro,
2841 2095 2934 2164 qui
2964 2093 3312 2148 subditorum
3345 2094 3512 2149 bene-

1939 2181 2330 2250 volentiam,et
2355 2185 2592 2254 prazsidii
2625 2184 2839 2252 locu,et
2870 2188 3352 2250 thesaur‘orum,ct
3383 2202 3512 2256 qua-

1937 2275 2147 2330 rumvis
2179 2292 2386 2342 rerum,
2419 2279 2624 2348 quibus
2652 2288 2708 2333 et
2731 2279 3083 2334 incolumitas
3111 2282 3514 2349 etprosperitas

1937 2367 2086 2437 regia
2099 2369 2376 2446 continetu
2389 2385 2432 2435 r,
2447 2369 2615 2424 animi
2632 2371 3058 2442 magnitudinem
3075 2384 3510 2442 comparaverat.

1938 2458 2080 2526 Quin
2108 2471 2163 2515 et
2208 2461 2297 2515 ilia
2328 2477 2410 2528 re,
2439 2463 2713 2530 quodnam
2740 2474 2890 2518 esset
2914 2472 3027 2520 tum
3073 2466 3507 2534 sapientiae,tum

1935 2566 2100 2622 opum
2125 2553 2446 2618 discrimen,
2472 2554 2746 2624 apparuit.
2768 2553 2900 2608 Nam
2926 2565 3146 2626 propter
3174 2573 3305 2626 opes
3331 2558 3397 2623 is,
3415 2560 3509 2627 qui

1935 2659 2029 2699 eas
2063 2645 2403 2715 possidebat,
2436 2657 2664 2703 exustus
2696 2647 2888 2703 fuisset
2919 2665 2933 2703 :
2969 2658 3026 2704 at
3049 2649 3269 2704 Solonis
3312 2665 3512 2704 nomen

1935 2736 2110 2793 obiter
2125 2753 2470 2808 expressum,
2485 2755 2514 2794 e
2531 2740 2759 2794 flammis
2779 2743 3050 2797 hominem
3067 2743 3286 2812 eripuit.
3303 2741 3515 2814 Quippe

1934 2845 2044 2885 non
2069 2831 2263 2886 salutis
2292 2832 2647 2901 impetranda:
2669 2849 2834 2888 causa
2865 2833 3084 2890 Solonis
3111 2852 3308 2890 nomen
3351 2839 3504 2892 Crte-

1934 2939 2030 2978 sus
2050 2924 2444 2994 ingeminabat,
2473 2926 2568 2981 sed
2591 2927 2736 2997 quod
2765 2942 3093 2996 magnopere
3128 2929 3301 2983 virum
3331 2929 3507 2984 admi-

1933 3027 2172 3084 raretur,
2196 3033 2308 3088 quo
2339 3027 2580 3088 tempore
2617 3019 2777 3088 lignis
2799 3021 3088 3089 impositus
3119 3022 3356 3091 jacehat,
3381 3039 3504 3077 cum

1933 3107 2135 3164 eisdem
2161 3111 2618 3164 cuncremandus.
2643 3109 3038 3182 Videbatﬁenim
3063 3115 3382 3183 sapientiam
3409 3116 3510 3168 So-

243 3205 369 3267 θῶς
398 3204 554 3269 ὄντα,
622 3203 671 3258 εί
711 3202 786 3274 μὴ
835 3199 902 3254 δι’
935 3201 1123 3273 ἕτερόν
1179 3219 1234 3254 τι
1275 3202 1586 3271 συνάγοιτο,
1617 3206 1710 3256 καὶ
1761 3203 1825 3258 δι’

1932 3201 2075 3256 lonis
2104 3200 2266 3255 etiam
2283 3201 2617 3256 vaticinandi
2644 3203 2692 3256 vi
2722 3206 3028 3272 praeditam.
3061 3203 3123 3257 Et
3153 3205 3264 3258 haec
3286 3207 3500 3273 quidem

241 3299 439 3352 ἐκεῖνο
487 3297 654 3352 πάλιν
686 3295 1057 3366 σκορπίζοιτο,
1092 3295 1188 3348 καὶ
1209 3297 1670 3366 τοῖὴεὶρημένοιν
1701 3298 1828 3352 ἑκά-

245 3408 418 3460 τερον
446 3391 506 3444 οὐ
535 3387 623 3444 διὰ
652 3389 846 3458 θυμὸν,
881 3387 992 3441 οὐδ’
1055 3387 1248 3459 ὀργὴν.
1289 3387 1399 3442 οὐδ’
1424 3390 1725 3460 ἐπιθυμίαν
1749 3390 1826 3462 μὴ

246 3483 540 3551 σώφρονα,
574 3480 710 3535 ἀλλὰ
737 3481 878 3548 λόγῳ
915 3479 1178 3548 γίγνοιτο.
1210 3478 1364 3532 Δοκῶ
1404 3481 1511 3550 γάρ
1554 3498 1644 3549 μοι
1671 3482 1821 3550 εἰρη-

242 3573 413 3628 κέναι
459 3572 712 3627 τοσοῦτον
735 3572 901 3628 ἕνεκα
925 3571 1019 3627 τοῦ
1053 3571 1420 3642 προκειμένου
1453 3571 1679 3636 σκοποῦ,
1699 3573 1823 3626 ὅσον

243 3667 311 3732 ἐξ
369 3664 608 3736 ὀνύχων,
677 3665 833 3735 φασὶ.
891 3667 988 3718 και)⁵
1043 3665 1109 3718 lx
1165 3662 1261 3718 τοῦ
1315 3664 1648 3734 κρασπέδου,
1695 3663 1823 3718 νοῦν

244 3760 437 3828 ἔχουσι
492 3758 683 3811 λέοντα
715 3756 811 3810 καὶ
852 3754 1084 3826 ὕφασμα
1143 3755 1430 3826 ἀρκέσειεν
1477 3754 1546 3808 ἂν
1599 3755 1824 3810 εἰδέναι.

247 3847 378 3905 Οἶον
413 3849 525 3919 γάρ
547 3867 631 3913 τις
664 3851 790 3921 ὅρος
823 3865 914 3918 μοι
950 3848 1210 3918 φαίνεται
1242 3847 1393 3899 τουτὶ
1411 3833 1488 3898 ’τὸ
1515 3847 1828 3899 τελευταῖον

249 3943 419 4014 ῥηθὲν
467 3942 563 3996 τοῦ
599 3941 780 4005 καλῶς
837 3959 897 3995 τε
935 3941 1314 4012 θησαυρίζειν,
1377 3939 1474 3992 καὶ
1523 3940 1620 4009 μή.
1662 3939 1826 3992 Ὅθεν

252 4037 490 4091 ὕστατον
519 4036 681 4090 τοῦτο
708 4039 924 4107 ιρράσας
955 4035 1088 4103 περὶ
1123 4036 1218 4089 τοῦ
1251 4031 1484 4086 πλούτου
1521 4049 1580 4084 τε
1612 4032 1820 4098 ἁπλῶς,

249 4130 345 4182 καὶ
379 4129 476 4183 τοῦ
529 4131 735 4201 τρόπου
775 4129 1044 4200 βασιλέως
1098 4127 1311 4194 Λυδῶν,
1339 4123 1434 4178 τοῦ
1479 4123 1610 4194 περὶ
1641 4123 1822 4177 αὐτῶν

248 4225 673 4296 ἀπαλλάττομαι
702 4226 886 4291 λόγου.

1935 3289 2142 3346 clarius
2190 3306 2522 3362 cognoscere
2574 3294 2797 3362 poteris,
2830 3295 2875 3348 si
2919 3295 3192 3366 perlegere
3222 3307 3332 3352 tum
3367 3299 3506 3354 alios

1932 3382 2173 3436 volueris
2205 3383 2515 3448 historicos,
2543 3391 2656 3438 tum
2684 3383 2943 3453 Herodoti
2975 3385 3181 3454 Musas.
3216 3388 3500 3445 Nobis-ista

1933 3492 2068 3531 sane
2098 3476 2395 3542 sufﬁciant,
2429 3477 2630 3547 quibus
2657 3487 2712 3534 et
2737 3480 3004 3549 sapientia
3037 3483 3225 3549 paucis
3277 3484 3500 3538 laudata

1933 3569 2098 3636 sit,et
2121 3582 2399 3625 ostensum
2434 3586 2624 3640 reapse
2655 3573 2788 3626 nihil
2811 3587 2932 3628 esse
2962 3574 3203 3642 divitias,
3231 3579 3335 3632 nisi
3361 3581 3499 3636 alte-

1932 3664 2046 3718 rius
2065 3663 2141 3717 rei
2163 3678 2324 3717 causa
2347 3663 2696 3732 colligantur,
2719 3674 2770 3718 et
2787 3665 2856 3718 ob
2880 3667 3126 3720 eamdem
3153 3684 3369 3723 rursum
3384 3672 3497 3726 dis-

1926 3763 2264 3824 pergantur:
2295 3765 2458 3824 atque
2486 3755 2679 3809 horum
2714 3763 3008 3824 utrumque
3031 3773 3136 3809 non
3162 3774 3254 3826 per
3274 3760 3496 3816 iracun-

1926 3847 2092 3909 diam,
2120 3859 2219 3899 uec
2254 3843 2413 3909 iram,
2450 3859 2550 3898 nec
2580 3845 2932 3912 cupiditatem
2963 3862 3152 3914 parum
3191 3849 3492 3917 honestam,

1925 3941 2020 3996 sed
2049 3955 2171 3993 cum
2198 3937 2411 3992 ratione
2439 3938 2548 3992 fiat.
2577 3936 2788 4007 Quippe
2816 3945 3024 3990 tantum
3056 3954 3086 3992 a
3121 3940 3278 3994 nobis
3325 3941 3394 3994 de
3441 3960 3502 3995 re

1926 4032 2202 4104 proposita
2231 4031 2435 4086 dictum
2468 4031 2724 4097 arbitror,
2759 4041 3019 4100 quantum
3044 4044 3226 4087 mente
3257 4036 3506 4105 praeditis

1931 4126 2065 4182 satis
2093 4123 2584 4194 sitagnoscendum
2622 4139 2686 4176 es
2720 4124 3016 4194 unguibus,
3048 4128 3192 4194 quod
3217 4127 3393 4190 aiunt,
3445 4140 3500 4180 et-

1932 4219 2152 4281 lacinia,
2183 4227 2296 4270 tum
2323 4213 2562 4277 leonem,
2596 4223 2708 4268 tum
2739 4229 2997 4282 pannum.
3027 4215 3159 4268 Nam
3195 4217 3328 4270 mihi
3377 4217 3497 4286 qui-

247 4317 368 4371 dem
397 4318 502 4372 hoc
542 4328 820 4386 postremi)
855 4320 978 4373 loco
1006 4317 1210 4373 dictum
1243 4317 1459 4372 videtur
1477 4332 1598 4372 esse
1621 4319 1775 4386 quasi
1812 4319 1897 4374 lex
1931 4315 2178 4388 quaedam
2217 4319 2374 4366 rectae
2411 4307 2756 4362 callet-tionis
2779 4310 3186 4378 thesaurorum,
3219 4315 3300 4366 vel
3333 4327 3503 4368 secus.

244 4411 527 4468 institutae.
565 4410 800 4482 Ideoque
834 4425 1150 4480 supremum
1203 4411 1305 4465 hoc
1331 4418 1441 4464 tam
1497 4410 1564 4464 de
1593 4409 1798 4464 divitiis
1832 4406 2176 4479 simpliciter,
2205 4416 2366 4473 quam
2397 4399 2464 4454 de
2487 4397 2759 4471 Lydorum
2799 4401 2941 4471 regis
2975 4403 3195 4473 ingenio
3245 4407 3490 4475 prolocu-

244 4522 355 4574 tus,
384 4509 623 4578 amplius
661 4509 726 4564 de
758 4509 839 4563 eis
868 4507 1050 4563 dicere
1073 4505 1430 4577 supersedeo.

311 4611 406 4662 Δεῖ
457 4607 516 4660 δέ
576 4623 678 4659 που
735 4605 886 4658 τόνδε
947 4607 1287 4676 μεταγαγεῖν
1340 4602 1435 4655 ἐπὶ
1469 4601 1566 4673 τὴν
1614 4599 1815 4670 Ξέρξου

1993 4588 2349 4651 Traducenda
2385 4601 2516 4642 vero
2542 4585 2607 4641 ad
2642 4587 2916 4657 ingentem
2961 4585 3153 4642 Xerxis
3188 4591 3498 4642 exercitum

245 4703 512 4775 στρατιὰν
543 4701 641 4768 τὴν
673 4699 901 4769 πολλὴν,
950 4699 1052 4767 τὴν
1098 4699 1344 4766 φρίττειν
1378 4697 1810 4767 παρασκευάσα-

241 4811 338 4847 σαν
375 4793 634 4860 δύναμιν,
670 4791 764 4843 καὶ
791 4789 972 4842 πάντα
1001 4786 1262 4840 σείσασαν
1287 4786 1522 4855 πέρατα,
1551 4787 1618 4856 τῇ
1651 4786 1810 4856 φήμῃ

237 4902 298 4936 τε
354 4883 450 4936 καὶ
505 4882 625 4942 ταῖς
685 4877 1030 4948 ἁπειλαῑςοῆ
1060 4877 1124 4948 δὴ
1179 4875 1425 4948 σκηπτοῦ
1463 4892 1609 4938 τινος
1652 4876 1811 4943 δίκην

239 4973 608 5044 ὲπενεχθεῖσα
634 4968 910 5040 πολλαχοῦ
939 4967 1069 5038 γῆς,
1101 4966 1230 5020 ἔνθα
1269 4969 1345 5037 μὴ
1373 4961 1441 5036 ἦν
1493 4963 1690 5034 ἀρετὴ.
1722 4958 1810 5015 οἷα

243 5068 346 5137 μὲν
376 5066 556 5119 ἐδίδου
576 5064 806 5136 θαρρεῖν
834 5061 913 5131 τῷ
939 5058 1276 5130 συνειλοχότι
1303 5059 1513 5127 ταύτην
1529 5055 1810 5124 λαμπραῖς

238 5159 498 5224 ὲλπίσινς
530 5151 643 5210 οἷον
671 5156 715 5209 δ’
739 5153 930 5207 ἔπειτα
959 5152 1201 5223 παρέσχε
1266 5151 1573 5222 μετάμελον
1616 5150 1808 5218 ἀνόνη-

236 5268 366 5316 τον;
403 5250 668 5308 Εἰκότως.
711 5246 806 5300 Ἐκ
840 5244 940 5314 μὲν
984 5245 1090 5315 γὰρ
1127 5242 1314 5306 ἁπλῶς
1358 5243 1468 5296 τῶν
1522 5241 1806 5311 κατορθωο

241 5343 429 5412 μάτων
454 5339 629 5408 μείζω
663 5339 892 5408 παρεῖχε
923 5335 1326 5407 τεκμαίρεσθαι
1358 5335 1470 5388 τῶν
1493 5333 1600 5405 ήδη
1638 5349 1802 5401 γεγεο

235 5434 507 5504 νημίνωνο
537 5433 622 5485 ὅτι
659 5429 715 5484 δὲ
740 5431 909 5484 ταυτὶ
933 5429 1030 5499 τῆς
1065 5427 1257 5498 τύχης,
1312 5427 1412 5480 οὐκ
1448 5425 1658 5496 ἀρετῆς
1708 5421 1797 5495 ἦν,

231 5527 359 5590 τοὺς
405 5525 553 5580 κατὰ
582 5523 785 5591 ταύτης
843 5521 1236 5592 ἐπαιρομένους
1303 5519 1405 5572 οὐκ
1464 5519 1688 5588 ἀληθεῖς
1737 5533 1801 5585 γε

235 5620 458 5689 μάντεις
494 5617 765 5688 ἀπέφηνε.
808 5616 931 5679 [ιὼς
983 5615 1091 5684 γὰρ
1122 5614 1190 5667 ἂν
1239 5612 1571 5682 κρατήσειεν
1599 5611 1801 5681 ἀρετῆς

230 5709 394 5779 τύχη,
428 5710 496 5780 ἢν
529 5709 605 5778 μὴ
630 5708 690 5761 τὸ
719 5707 865 5761 θεῖον
917 5707 1209 5776 όργίζίιται
1254 5705 1350 5757 καὶ
1383 5703 1652 5773 περιορᾷς
1690 5701 1798 5754 Καὶ

228 5801 386 5854 τοῦτο
408 5803 601 5869 γέγονε
626 5800 809 5870 δῆλον,
841 5800 940 5868 οὐχ
962 5793 1124 5868 ἦττον
1195 5797 1295 5869 μὲν
1318 5797 1412 5850 καὶ
1443 5797 1557 5858 τοῖς
1593 5793 1797 5866 προλαο

230 5889 381 5944 δοῦσι
411 5891 800 5958 κατορθώμασι
841 5889 953 5943 τῶν
984 5888 1253 5960 Ἑλλήνων
1279 5905 1291 5920 ⁸
1332 5887 1570 5956 μάλιστα
1609 5886 1663 5938 δὲ
1701 5901 1799 5938 κα-

1917 4689 2114 4750 oratio,
2144 4695 2197 4738 et
2259 4683 2325 4736 ad
2378 4681 2496 4735 illas
2541 4681 2751 4748 capias,
2801 4696 2923 4749 qua:
2976 4680 3116 4734 fama
3170 4683 3374 4750 pariter
3426 4697 3490 4734 ae

1919 4781 2084 4836 minis
2160 4791 2352 4830 omnes
2397 4774 2531 4827 lines
2573 4783 2626 4826 et
2670 4774 2944 4843 trepidare
2987 4775 3366 4841 compulerunt
3435 4785 3500 4826 et

1919 4875 2652 4940 conquassarunt:quazque
2705 4865 2758 4919 in
2820 4866 3096 4931 complura
3156 4872 3316 4918 terra:
3373 4865 3496 4917 lora.

1920 4965 2165 5021 fulminis
2195 4963 2246 5016 in
2283 4975 2489 5015 morem
2522 4961 2737 5024 delatze,
2795 4959 2883 5010 ubi
2921 4956 3064 5009 nulla
3116 4956 3288 5008 virtus
3344 4967 3484 5014 erat.

1917 5066 2184 5127 quantum
2220 5053 2296 5108 illi
2319 5053 2550 5114 liduciaz,
2575 5037 3243 5120 quaeso,suppeditabant,
3273 5049 3364 5116 qui
3391 5064 3497 5104 eas

1915 5147 2192 5218 splendida
2229 5145 2463 5214 quadam
2495 5158 2591 5212 spe
2635 5139 2960 5209 collegerat?
2995 5150 3258 5208 quantum
3310 5143 3486 5209 penni-

1913 5240 2098 5296 tentia:
2131 5237 2390 5304 deinceps
2421 5235 2629 5288 inutilis
2653 5233 2788 5286 attul
2813 5233 2997 5286 fl‘lllll?
3029 5231 3092 5284 Et
3121 5233 3315 5286 merito
3358 5235 3484 5302 qui-

1910 5330 2072 5392 dem;
2127 5343 2250 5382 nam
2307 5325 2632 5394 simpliciter
2676 5339 2741 5378 ex
2785 5324 2949 5378 rebus
3006 5339 3266 5395 prospere
3316 5335 3488 5394 gi-sts

1908 5419 2116 5488 majora
2167 5417 2454 5486 praeteritis
2507 5416 2783 5485 conjicere
2821 5416 3042 5470 dabant.
3079 5415 3183 5470 Sed
3217 5417 3488 5486 quoniam

1907 5513 1998 5566 illa
2034 5511 2284 5574 fortunae,
2310 5523 2416 5562 non
2459 5506 2679 5561 virtutis
2707 5516 2883 5572 erant,
2917 5507 3122 5562 idcirco
3153 5507 3482 5577 superbit-rt-

1905 5611 1987 5658 tes
2048 5603 2312 5656 adversus
2381 5601 2545 5661 hanc,
2599 5607 2750 5654 vates
2785 5601 3011 5655 minime
3050 5616 3270 5655 veraces
3303 5601 3486 5654 exsu-

1905 5704 2106 5749 terunt.
2136 5693 2256 5762 Quo
2281 5691 2428 5747 enim
2481 5701 2638 5760 pacto
2677 5689 2892 5746 fortuna
2949 5694 3201 5745 virtutem
3264 5688 3484 5752 vicerit,

1902 5788 2004 5841 nisi
2027 5787 2182 5839 'Deus
2213 5786 2382 5841 iratus
2410 5786 2570 5847 sit,et
2603 5783 2936 5840 conniveat?
2965 5786 3108 5853 quod
3147 5795 3278 5835 sane
3304 5781 3486 5834 mani-

1904 5880 2042 5934 festo
2085 5876 2257 5946 paruit
2296 5888 2408 5930 tum
2443 5878 2510 5932 de
2558 5877 2902 5941 superiorum
2964 5883 3271 5934 temporum
3331 5869 3469 5923 faci-
