3978 6598
431 378 531 441 3‘31
1610 376 2005 439 MANUELIS
2032 375 2484 437 PAUEOLOGI
3640 368 3735 429 392

432 488 662 542 norihus
684 485 1002 542 Graaeorum
1035 486 1287 558 egregiis,
1317 495 1430 540 tum
1453 485 1537 540 vel
1565 486 1818 550 maxime,
1843 499 2016 555 quan-

2151 487 2345 557 άδηλον
2376 487 2622 555 γέγονεν,
2666 484 2828 554 ἡνίκα
2859 481 2924 552 δὴ
2972 483 3086 545 τοῖς
3118 478 3488 549 Ἀθηναίοις
3538 480 3734 548 προσέ-

431 581 503 635 do
559 582 828 635 universa:
878 581 1049 651 copia:
1098 581 1333 634 Persicae
1382 580 1748 634 Atheuienses
1802 577 2010 633 adortae

2151 582 2278 636 αλεν
2312 582 2347 650 ἡ
2381 580 2620 650 Περσικὴ
2644 579 2796 632 πᾶσα
2829 577 3062 647 δύναμις
3082 576 3272 647 δριμὺ
3346 576 3459 641 μὲν
3499 573 3732 641 σφόδρα,

433 681 580 735 sunt,
613 671 908 727 admodum
943 672 1048 727 illa;
1072 672 1293 742 quidem
1333 673 1553 736 acriter,
1586 679 1647 725 ut
1677 685 1871 724 cervos
1921 670 2008 725 leo

2154 676 2369 744 αθάπερ
2393 673 2532 726 λέων
2562 673 2809 742 ἐλάφοις,
2848 672 3024 724 ἔπειτ’
3051 672 3270 740 ἐχρῆτο
3305 669 3438 730 τοῖς
3474 667 3642 717 ποσὶν
3665 664 3737 726 ώς

433 767 608 832 solet;
639 766 735 820 sed
759 781 881 820 mox
923 764 976 819 in
1025 767 1192 835 pedes
1226 779 1346 820 sese
1381 763 1766 832 conjicientes,
1816 762 2010 832 quasi-

2155 766 2225 820 πδ
2284 766 2516 819 λεόντων
2577 763 2826 832 φυγοῦσα
2874 763 3034 832 δίκην
3096 761 3369 830 ἐλάφων,
3440 757 3562 810 τῶν
3619 756 3739 824 μηδ’

437 871 545 924 que
577 872 860 910 cervorum
895 872 1047 910 ntere
1079 858 1331 911 leonibus
1379 865 1531 928 terga
1563 857 1776 914 dantes.
1815 855 1909 924 qui
1944 868 2013 908 ne

2153 857 2324 928 λακὴν
2356 857 2599 926 ἐνεγκεῖν
2642 855 2978 922 δυναμένων.
3021 855 3244 922 Ἐμαθε
3283 851 3359 922 δὴ
3388 851 3524 904 τότε
3557 850 3738 911 καλῶς

441 948 698 1002 latratum
734 948 955 1018 quidem
990 948 1134 1002 ferre
1163 957 1411 1017 possunt.
1456 948 1594 1002 'l‘um
1633 963 1760 1002 vero
1819 946 1887 1000 de
1917 943 2010 1010 iis,

2150 944 2272 1015 ξῶν
2305 967 2368 1018 γε
2397 949 2685 1002 ἐπεπόνθει
2721 947 3002 1018 βασιλεὺς,
3034 947 3111 1009 ὡς
3142 948 3207 999 οὐ
3241 947 3312 998 τὸ
3348 945 3603 1012 πλῆθος,
3631 942 3741 995 ἀλλ’

442 1057 565 1108 qua:
595 1055 792 1109 passus
826 1049 932 1104 est,
972 1053 1118 1095 recte
1152 1055 1244 1094 rex
1286 1040 1498 1106 didicit,
1558 1055 1665 1094 non
1710 1037 2017 1093 multitudi-

2150 1043 2293 1116 λρετὴ
2323 1045 2382 1097 τὸ
2412 1042 2576 1096 νικῶν
2609 1045 2730 1094 ἐστι
2790 1043 3082 1110 πανταχῆο
3143 1040 3252 1092 καὶ
3313 1038 3387 1090 οὐ
3461 1037 3578 1108 χρὴ
3631 1023 3740 1099 τοῖς

444 1147 593 1196 nem,
626 1136 719 1187 sed
754 1133 1010 1186 virtutem
1046 1134 1246 1202 ubique
1275 1135 1520 1197 vincere,
1553 1148 1653 1187 nec
1679 1148 1801 1188 cum
1833 1130 2014 1196 bonis,

2150 1137 2369 1206 ,yaﬁol;,
2405 1135 2508 1189 κᾶν
2539 1131 2674 1188 ὦσιν
2714 1133 3102 1202 εὐαρίθμητοι,
3149 1133 3297 1192 τοὺς
3341 1130 3602 1190 πολλοὺς
3638 1146 3741 1180 πα-

443 1226 657 1279 etiamsi
686 1226 842 1294 pauci
873 1224 1004 1290 sint,
1038 1228 1235 1280 multos
1291 1243 1411 1282 esse
1439 1227 1860 1296 comparandos.
1894 1226 2018 1278 licet

2150 1231 2394 1293 μαθεῖναι,
2426 1228 2476 1281 εί
2502 1227 2566 1296 δὴ
2603 1227 2696 1280 καὶ
2746 1226 2966 1278 πάντων
3011 1225 3140 1293 ἑξῆς
3183 1222 3579 1292 κρατήσαιεν
3636 1219 3738 1272 τῶν

445 1333 639 1371 omnes
684 1317 875 1370 ordine
927 1321 1064 1372 lines
1094 1320 1148 1371 in
1190 1319 1451 1374 ditionem
1489 1319 1762 1389 redigant.
1793 1315 1926 1371 Nam
1965 1326 2019 1370 et

2154 1323 2436 1394 ερμάτων.
2466 1321 2577 1374 Καὶ
2601 1320 2710 1390 γάρ
2733 1335 2816 1371 τοι
2853 1321 2946 1370 καὶ
2996 1318 3156 1369 πενία
3197 1315 3344 1384 μετ’
3380 1313 3606 1382 ἀρετῆς
3657 1328 3740 1362 τι-

447 1411 735 1478 eonjuncta
766 1423 890 1464 cum
929 1410 1130 1463 virtute
1161 1420 1452 1480 paupertas
1483 1411 1550 1465 iis
1577 1421 1658 1464 est
1715 1407 2014 1471 honestior,

2150 1419 2370 1487 ιιωτέρα
2393 1415 2502 1469 τῶν
2537 1413 2750 1480 πλούτῳ
2773 1412 3073 1482 κομώντων
3124 1411 3373 1478 ἐκείνης
3421 1409 3564 1462 ἄνευ
3585 1422 3602 1439 ·
3649 1407 3740 1459 καὶ

446 1501 540 1570 qui
569 1502 774 1569 absque
809 1500 1009 1554 virtute.
1069 1501 1284 1555 divitiis
1323 1501 1622 1566 abundant,
1677 1510 1731 1553 et
1766 1499 2022 1554 obscuris

2153 1510 2170 1561 ἱ
2207 1509 2266 1574 ἐξ
2291 1508 2524 1577 ἀσήμων
2560 1504 2747 1568 παῖδες
2769 1503 2862 1555 τὸν
2913 1501 3120 1573 τρόπον
3153 1499 3378 1553 τοῦτον
3444 1497 3743 1566 διαφερόν-

450 1595 561 1646 nati
598 1594 913 1662 parentibus
945 1603 1047 1647 hoc
1083 1594 1240 1647 modo
1266 1594 1421 1662 longe
1447 1602 1576 1647 sunt
1605 1593 1869 1647 clariores
1912 1591 2020 1645 il?is

2155 1621 2228 1664 ως
2253 1601 2628 1670 λαμπρότεροι
2649 1599 2760 1650 τῶν
2811 1592 3240 1665 σεμνυνομένων
3298 1591 3400 1644 ἐπ’
3435 1587 3700 1659 εὐγενείᾳ
3723 1605 3736 1618 ο

449 1683 542 1751 qui
585 1683 652 1734 ob
694 1683 1036 1735 nobilitatem
1090 1697 1211 1736 sese
1267 1682 1542 1751 jactitant.
1594 1680 1649 1734 In
1708 1683 2018 1735 universum

2150 1697 2220 1749 ιαὶ
2255 1695 2392 1757 ὅλως
2428 1695 2498 1746 τὰ
2544 1694 2642 1746 σὺν
2691 1691 2861 1760 ἀρετῇ
2913 1689 3007 1742 καὶ
3042 1687 3292 1756 λαμπρά
3329 1701 3350 1718 ο
3401 1685 3480 1738 τὰ
3536 1683 3740 1746 ταύτης

451 1777 684 1844 denique
722 1778 1012 1845 conjuncta
1047 1791 1170 1830 cum
1217 1777 1438 1840 virtute,
1467 1774 1613 1828 clara
1646 1783 1806 1829 sunt:
1837 1784 1893 1828 et
1937 1789 2023 1828 se-

2155 1789 2180 1840 ἐ
2211 1789 2286 1858 μὴ
2319 1788 2615 1856 μετέχοντα
2648 1781 2980 1838 τούναντίον.
3021 1780 3184 1834 Ἀλλὰ
3210 1778 3552 1846 σκοπῶμεν
3586 1776 3734 1843 ἀκριο

451 1883 572 1932 cus,
597 1869 816 1922 virtutis
849 1869 1111 1937 expertia.
1155 1867 1258 1921 Sed
1292 1867 1704 1922 consideremus
1733 1877 2018 1931 accurate,

2150 1883 2258 1946 ῑῶς,
2289 1883 2338 1934 εί
2368 1880 2540 1942 δοκεῖ,
2585 1877 2850 1947 στρατιάν
2905 1877 3053 1946 ἥττω
3114 1872 3441 1926 δεικνῦσαν
3497 1867 3736 1938 ἀριθμὸν

453 1963 496 2016 si
529 1964 726 2031 placet,
780 1966 1084 2018 exercitum
1117 1962 1265 2016 omni
1316 1978 1547 2016 numero
1577 1961 1941 2031 superiorem,
1975 1959 2021 2014 si

2150 1975 2370 2037 ιπαντα,
2407 1974 2455 2026 εί
2485 1970 2730 2042 βούλοιτό
2766 1987 2848 2032 τις
2877 1969 3090 2034 ἐκείνην
3135 1964 3513 2037 ἐξαριθμεῖν,
3569 1965 3602 2032 ἢ
3663 1959 3734 2029 τῷ

456 2059 581 2125 quis
630 2070 752 2108 eum
819 2069 1106 2110 recensere
1163 2054 1328 2119 velit;
1401 2053 1496 2123 qui
1552 2054 1809 2122 quoniam
1867 2049 2025 2105 facile

456 2150 770 2216 complures
807 2149 872 2200 ad
903 2158 1091 2217 gentes
1145 2146 1355 2201 irruere
1390 2146 1582 2215 potuit,
1647 2145 1890 2198 omnium
1931 2158 2028 2214 po-

457 2251 683 2300 stremo.
717 2240 954 2308 pessimo
989 2238 1098 2292 fato
1127 2253 1247 2303 suo,
1277 2248 1478 2292 terram
1504 2235 1637 2289 adiit
1666 2235 1898 2288 alentem
1925 2233 2027 2286 ho-

459 2337 654 2394 mines,
686 2333 776 2400 qui
806 2335 1033 2386 honesto
1060 2347 1122 2385 ac
1154 2330 1338 2384 virtuti
1374 2339 1570 2382 cuncta
1604 2325 2026 2398 postponebant.

459 2427 550 2481 liae
586 2444 712 2481 vero
749 2430 878 2481 tales
908 2442 970 2481 ac
1003 2435 1166 2480 tantm
1192 2426 1383 2494 copim,
1433 2431 1605 2477 totum
1663 2422 1804 2476 Asia:
1841 2421 2027 2484 robur,

458 2524 542 2575 vel
573 2522 823 2575 universa
855 2521 1036 2589 potius
1070 2519 1224 2582 Asia,
1255 2517 1528 2587 siquidem
1570 2524 1622 2568 et
1650 2516 1768 2584 ipsa
1813 2525 2034 2581 quoque

460 2615 626 2684 Libya
658 2630 764 2668 non
799 2615 1007 2678 aderat,
1039 2628 1158 2682 qua:
1191 2611 1292 2666 sibi
1325 2609 1617 2665 convenire
1662 2605 1948 2677 putabant,
1975 2611 2034 2656 ut

464 2724 557 2776 per
588 2723 738 2761 mare
773 2707 979 2775 pedites
1011 2703 1348 2766 incederent,
1407 2709 1693 2767 terrasque
1730 2697 1934 2753 solidas
1983 2704 2037 2749 ct

461 2804 806 2857 continentes
839 2801 1068 2870 navigiis
1101 2796 1508 2867 transjicerent,
1555 2802 1611 2848 et
1667 2791 1901 2846 urbibus
1933 2804 2037 2842 nu-

465 2897 664 2949 merari
698 2894 1093 2948 Inedimnornnt
1119 2892 1172 2944 in
1202 2906 1406 2943 morem
1451 2895 1796 2954 repererunt,
1833 2892 1888 2938 et
1913 2882 2037 2934 inu-

464 2991 642 3044 sitatis
678 2989 841 3042 rebus
877 3001 1050 3055 ttSqtle
1111 2985 1249 3038 adeo
1283 2982 1604 3053 studebant,
1663 2987 1723 3032 ut
1753 2975 2036 3047 L‘pusillum

462 3083 748 3143 ducerent,
780 3079 825 3132 si
860 3092 967 3130 non
999 3076 1082 3130 his
1108 3076 1239 3128 solis
1267 3073 1416 3127 omni
1464 3072 1707 3140 subjecta
1739 3068 1841 3124 soli
1895 3079 2038 3121 terra

2131 2068 2328 2140 ῥαδίως
2349 2067 2429 2128 είς
2462 2065 2590 2133 ἔθνη
2622 2061 2920 2130 πάμπολλα
2953 2059 3311 2126 είσκωμάσαι
3369 2052 3734 2122 δεδυνῆσθαι,

2131 2161 2365 2214 ’ύστατον
2421 2159 2642 2212 πάντων
2681 2157 2939 2224 ἐκώμασε
2989 2154 3227 2222 κακίστη
3295 2149 3488 2221 μοίρᾳ
3539 2146 3735 2211 ἑαυτῆς

2132 2254 2212 2315 εις
2250 2253 2357 2320 γῆν
2411 2249 2720 2320 ἀνθρώποις
2778 2248 3110 2318 τρέφουσαν,
3149 2244 3374 2313 ὕστερα
3424 2241 3620 2300 πάντα
3656 2239 3740 2291 θε-

2135 2347 2332 2416 μένους
2370 2343 2463 2396 τοῦ
2495 2333 2664 2396 καλοῦ
2697 2341 2788 2393 καὶ
2851 2340 2951 2408 τῆς
2989 2339 3212 2408 ἀρετῆς.
3267 2336 3442 2406 Αὕτη
3487 2335 3546 2388 δὲ
3581 2335 3612 2404 ὴ
3643 2350 3737 2404 τη·

2132 2438 2370 2508 λικαύτη
2403 2439 2497 2490 καὶ
2527 2434 2766 2504 τοσαύτη
2800 2433 3052 2503 δύναμις,
3094 2433 3127 2502 ἡ
3164 2433 3327 2484 πᾶσα
3395 2431 3506 2500 τῆς
3556 2427 3736 2486 Ἀσίας

2139 2532 2315 2601 ἰσχὺς,
2353 2529 2557 2598 μᾶλλον
2615 2526 2671 2579 δὲ
2704 2526 2864 2579 Ἀσία
2925 2527 3096 2588 πᾶσα,
3135 2524 3184 2576 εί
3247 2525 3339 2594 μὴ
3379 2590 3381 2592 η
3419 2523 3525 2575 καὶ
3570 2516 3732 2585 Λισύη

2137 2623 2374 2694 προσῆν,
2400 2620 2435 2692 ἢ
2467 2620 2722 2684 πεζεύειν
2758 2618 3037 2672 θάλασσαν
3075 2618 3214 2686 αὐτῇ
3249 2617 3565 2686 προσῆκον
3596 2614 3736 2681 ἡγεῖ-

2137 2731 2221 2774 το,
2257 2712 2353 2765 καὶ
2373 2712 2529 2764 πλεῖν
2548 2710 2814 2778 ἠπείρους
2835 2710 2934 2761 οὐκ
2960 2708 3217 2778 ἀπηξίου,
3245 2708 3467 2760 πόλεσί
3497 2722 3557 2758 τε
3587 2701 3734 2773 ἀριθο

2142 2805 2364 2875 μεῖσθαι
2401 2802 2675 2873 μεδίμνων
2701 2802 2858 2872 δίκην
2888 2803 3198 2872 ἐξεύρισκε,
3234 2803 3345 2855 καὶ
3383 2799 3610 2852 τοσόνδε
3629 2798 3730 2855 τοῖς

2142 2900 2352 2961 καινοῖς
2385 2897 2774 2966 ἐφιλοτιμεῖτο,
2806 2895 2881 2958 ὡς
2913 2896 3111 2964 μικρὸν
3155 2895 3305 2948 πάνυ
3349 2892 3636 2962 νομίζειν,
3684 2888 3728 2939 εἰ

2145 2991 2221 3062 μὴ
2253 2993 2436 3059 μόνοις
2465 2989 2705 3041 τουτοισὶ
2731 2988 2831 3054 τῆς
2870 2987 2959 3054 ὑφ’
2991 2986 3127 3057 ἡλίῳ
3183 2988 3547 3057 κρατήσειεν
3604 2980 3731 3049 (ἐσε-

2146 3081 2270 3134 σθαι
2300 3081 2410 3148 γὰρ
2438 3078 2547 3132 τῶν
2584 3079 2904 3148 αἰσχίστων,
2933 3079 2982 3130 εί
3033 3077 3128 3130 καί
3178 3094 3330 3140 τινος
3372 3076 3524 3145 αὐτῇ
3583 3070 3731 3124 πολέ-

467 3175 773 3239 potirentur
799 3166 1200 3237 (turpissimum
1238 3177 1473 3232 namque
1504 3162 1640 3224 fore,
1676 3160 1720 3216 si
1773 3158 1854 3213 vel
1898 3156 2041 3212 bello

2150 3189 2251 3242 μου
2285 3171 2498 3242 δεήσειε
2528 3171 2664 3239 πρὸς
2694 3167 3052 3222 οὑστινασοῦν
3081 3167 3192 3220 τῶν
3229 3168 3538 3231 ἁπάντων,
3580 3163 3612 3233 ἢ
3643 3161 3730 3214 καὶ

468 3269 618 3314 esset
681 3273 819 3328 epos
884 3257 1151 3310 adversus
1199 3267 1560 3323 quoscunque
1623 3251 1904 3314 mortales,
1946 3255 2040 3299 aut

465 3352 731 3406 adversus
761 3364 954 3403 onmes
989 3349 1249 3417 pariter):
1285 3347 1398 3400 haec
1434 3360 1565 3415 ergo
1601 3342 1896 3397 multitudo
1921 3341 2044 3394 bar-

469 3447 674 3509 barica,
713 3459 820 3512 qua
853 3441 1080 3496 inferior
1107 3442 1285 3495 ontnis
1317 3447 1437 3492 erat
1485 3436 1765 3507 cogitatio,
1825 3451 1852 3487 a
1908 3449 2039 3504 pau-

468 3539 550 3593 cis
580 3537 875 3592 admodum
935 3535 1075 3590 victa
1128 3533 1390 3586 militibus
1431 3538 1533 3592 est,
1593 3527 1688 3582 sed
1743 3525 1837 3596 qui
1895 3524 2039 3594 digni

469 3633 656 3687 multis
693 3639 878 3687 essent
905 3629 1164 3700 prazmiis.
1197 3625 1365 3679 Erant
1400 3622 1454 3677 hi
1485 3621 1872 3684 Athenienses,
1903 3631 2046 3689 quos

467 3739 749 3779 armorum
812 3722 1028 3792 peritia,
1069 3729 1124 3774 et
1162 3718 1328 3773 animi
1362 3715 1701 3779 fortitudine,
1745 3714 1929 3768 multis
1957 3721 2045 3766 at-

468 3838 575 3892 que
605 3819 770 3875 claris
825 3821 1031 3890 potitos
1069 3818 1314 3881 coronis,
1350 3826 1460 3869 tum
1503 3815 1721 3886 priscis,
1763 3822 1876 3867 tum
1924 3826 2048 3882 pro-

474 3917 634 3970 ximis
666 3914 1024 3982 temporibus,
1057 3927 1125 3964 ne
1173 3910 1226 3963 id
1277 3908 1497 3979 quidem
1553 3907 1796 3978 praalium
1853 3906 2047 3960 iisdem

472 4009 744 4078 spoliavit.
783 4005 896 4058 lmo
927 4006 1088 4072 longe
1143 4001 1548 4072 pulchrioribus
1605 4009 1662 4053 et
1723 3997 2046 4068 majoribus,

473 4121 636 4173 quam
693 4101 798 4154 illa:
837 4101 1046 4169 priores
1111 4096 1350 4158 fuerant,
1396 4097 1510 4148 ha‘c
1567 4095 1647 4147 eis
1698 4091 2049 4146 benefaciens

474 4212 652 4264 pugna
685 4203 850 4260 caput
884 4188 1119 4244 ornavit.
1159 4187 1262 4240 Par
1287 4187 1431 4241 enim
1467 4192 1612 4247 erat,
1646 4195 1704 4236 ut
1731 4182 1874 4252 quod
1914 4197 2050 4250 prae—

472 4290 605 4342 Luxu
641 4284 923 4354 pulchrius
951 4292 1113 4348 atque
1149 4280 1323 4347 majus
1373 4277 1570 4332 fuisset
1599 4276 1722 4328 aliis
1773 4273 2049 4336 omnibus,

476 4391 639 4433 antea
692 4374 970 4444 pugnatis,
1011 4373 1062 4425 id
1097 4382 1205 4424 tam
1256 4359 1383 4431 sibi,
1419 4384 1578 4436 quam
1639 4365 1922 4427 militibus,
1958 4364 2050 4444 qui

475 4492 590 4531 rem
630 4470 1039 4540 praeclarissime
1101 4464 1422 4533 gessissent,
1471 4459 1775 4514 consimilia
1834 4471 2054 4526 quaque

2144 3268 2281 3335 προς
2305 3265 2515 3325 πάντας
2542 3260 2688 3332 rei:
2710 3261 3054 3332 ἀνθρώπους)
3085 3275 3099 3290 °
3133 3259 3272 3330 αὕτη
3310 3259 3562 3328 τοίνυνή
3604 3257 3731 3321 πληο

2146 3358 2244 3422 θὺς
2271 3358 2306 3429 ἡ
2337 3356 2672 3428 βαρϐαρικὴ,
2705 3349 2774 3427 ἧς
2823 3355 3088 3424 λογισμὸς
3141 3355 3293 3416 άπας
3333 3355 3578 3423 ἥττητο,
3626 3346 3729 3401 ὀλί-

2146 3471 2261 3522 γων
2296 3453 2439 3507 πάνυ
2467 3449 2820 3522 στρατιωτῶν
2850 3450 3108 3519 ἥττηται,
3154 3447 3377 3500 πολλῶν
3440 3462 3509 3515 γε
3553 3447 3728 3514 μέντοι

2147 3545 2328 3615 γερῶν
2352 3545 2543 3610 ἀξίων.
2589 3542 2895 3612 ’Δθηναίων
2917 3536 3063 3595 οὗτοι
3113 3541 3326 3606 παῖδες,
3365 3539 3468 3600 οὓς
3525 3533 3726 3588 πολλῶν

2147 3656 2208 3693 τε
2241 3640 2335 3692 καὶ
2367 3637 2639 3708 λαμπρῶν
2677 3634 3051 3704 τετυχηκότας
3085 3634 3378 3703 στεφάνων
3412 3635 3531 3693 τοῖς
3569 3628 3726 3683 πάλαι

2151 3731 2386 3800 χρόνοις,
2421 3729 2516 3782 καὶ
2556 3731 2665 3792 τοῖς
2692 3727 2881 3795 ἐγγὺς,
2912 3726 3095 3780 ὃπλων
3154 3726 3433 3796 ἐμπειρίᾳ
3469 3724 3567 3776 καὶ
3605 3735 3725 3788 γεν-

2151 3825 2420 3894 ναιότητι,
2449 3822 2558 3875 οὐδ’
2589 3825 2616 3876 ὁ
2655 3821 2964 3893 τηνικαῦτα
3014 3821 3250 3890 πόλεμος
3302 3822 3544 3872 ἐκείνων
3592 3811 3728 3867 ἐστέο

2157 3933 2314 3986 ρησεο
2375 3915 2564 3985 Πολλῷ
2619 3916 2718 3984 μὲν
2775 3914 2869 3972 οὖν
2931 3914 3178 3966 καλλίοσι
3217 3915 3315 3966 καὶ
3347 3910 3571 3982 μείζοσι
3623 3905 3722 3957 τῶν

2155 4009 2480 4076 φθασάντων
2521 4009 2684 4071 αύτὸς
2732 4025 2797 4076 γε
2854 4006 3068 4069 τούτοις
3121 3999 3180 4058 εὖ
3219 4005 3399 4058 ποιῶν
3456 4001 3723 4068 ἐκόσμησε

2155 4104 2424 4174 κεφαλήν.
2469 4103 2618 4156 “seu
2648 4105 2758 4170 γαρ
2810 4101 2973 4153 αὑτὸν
3026 4099 3232 4153 καλλίω
3281 4099 3382 4153 καὶ
3415 4097 3587 4166 μείζω
3625 4089 3720 4142 τῶν

2157 4198 2264 4268 πρὸ
2312 4195 2480 4248 αὐτοῦ
2522 4194 2894 4266 γεγενημένον
2949 4194 3231 4256 ἁπάντων,
3286 4189 3474 4259 ἐαυτῷ
3524 4201 3582 4239 τε
3637 4177 3720 4232 καὶ

2156 4293 2270 4351 τοῖς
2327 4286 2688 4357 ἀριστεύσασι
2744 4287 3008 4356 παρέχειν
3063 4281 3202 4338 ἆθλα
3247 4280 3590 4350 κατάλληλα,
3648 4273 3718 4324 αἶ-

2156 4381 2421 4452 δούμενον
2501 4381 2599 4450 μέν
2656 4379 2972 4448 φιλοτιμίαν
3028 4379 3128 4448 τὴν
3193 4376 3416 4446 ἀληθῆ,
3483 4365 3718 4442 γενναιόο

2158 4489 2279 4543 τητι
2355 4471 2822 4544 λαμπρυνομένην
2899 4471 3194 4535 ἐπιεικῶς,
3269 4471 3591 4538 αἰδούμενον
3666 4456 3716 4510 δὲ

479 4567 697 4638 prtetnin
764 4562 1031 4614 donaret:
1092 4559 1164 4612 ob
1217 4554 1577 4610 reverentiam
1652 4553 1850 4620 partim
1917 4564 2045 4602 vera:

2163 4565 2384 4635 ἀνδρίαν
2443 4566 2734 4633 ὑπερφυᾶ,
2804 4565 3128 4636 σωφροσύνῃ
3184 4563 3283 4633 μέν
3344 4563 3578 4634 μεγίστῃ
3637 4567 3719 4604 κε-

479 4654 960 4729 n:agnanimttatis,
998 4668 1118 4720 qnze
1159 4648 1359 4718 insigni
1395 4645 1766 4715 generositate
1799 4644 2050 4714 Splende»

481 4768 595 4819 ret;
628 4753 827 4820 partim
891 4744 1228 4800 fortitudinis
1277 4741 1515 4804 eximiae,
1559 4754 1683 4807 qua:
1722 4748 1779 4792 et
1833 4737 2049 4791 modes-

480 4848 551 4900 tia
594 4844 830 4899 maxima
866 4849 1013 4895 esset
1066 4847 1282 4900 ornata,
1343 4843 1395 4887 et
1429 4831 1703 4886 consimili
1764 4829 2049 4899 prudentia

477 4943 799 5008 conspicua,
835 4949 1162 5005 semperque
1187 4931 1418 5001 justitia:
1470 4941 1677 4990 comes,
1711 4939 1834 4977 eum
1877 4921 2052 4975 virtu-

481 5039 623 5089 tibus
674 5037 755 5088 eis
789 5030 1068 5100 subjectis.
1109 5027 1241 5079 Nam
1289 5022 1433 5093 quod
1485 5019 1816 5090 partieulare
1869 5024 1974 5078 est,
2022 5029 2052 5067 a

481 5128 653 5193 magis
689 5125 927 5193 generali
965 5133 1015 5176 et
1057 5129 1288 5189 cognato
1319 5129 1541 5170 necesse
1575 5122 1658 5166 est
1692 5109 2057 5179 comprehen-

479 5219 660 5271 datur.
700 5216 758 5268 ιιι
792 5218 934 5269 hunc
971 5217 1188 5268 modum
1221 5212 1399 5266 allecti
1433 5225 1559 5278 erga
1615 5221 1832 5261 omnem
1886 5203 2056 5258 virtu-

482 5321 588 5362 tem
644 5309 1024 5372 Athenienses,
1075 5321 1260 5374 pacein
1310 5306 1482 5376 pluris
1543 5302 1835 5362 faciebant,
1893 5315 2055 5368 quam

482 5403 776 5455 tnultormn
811 5412 964 5452 terra:
1014 5399 1266 5468 jugerutn
1296 5397 1754 5466 aequisitionem:
1787 5393 2060 5462 simulque

481 5497 697 5558 Persas,
729 5493 1048 5562 injmiarum
1081 5502 1335 5544 auctores
1369 5500 1422 5543 et
1467 5504 1682 5550 avaros.
1716 5502 1822 5541 non
1863 5501 1893 5539 a
1945 5485 2060 5539 solo

483 5605 692 5646 tantum
728 5606 828 5645 stto
864 5587 1162 5657 patriisque
1187 5585 1440 5648 sedibus;
1481 5598 1668 5637 verum
1698 5591 1809 5635 tota
1841 5593 2062 5651 quoque

481 5683 685 5737 Gracia
723 5679 1080 5748 tle-pellebant.
1117 5675 1180 5728 Et
1221 5676 1333 5726 haec
1378 5690 1508 5726 sane
1570 5677 1747 5725 lacere
1811 5686 1919 5723 non
1967 5667 2064 5721 de-

483 5777 623 5829 siere
652 5788 865 5828 summa
903 5786 1026 5826 cum
1069 5766 1470 5827 moderatione,
1506 5780 1627 5832 qua:
1661 5762 1897 5831 cepisset
1927 5759 2062 5814 olim

484 5869 553 5920 ab
590 5868 718 5926 ipsis
757 5864 1058 5928 maioribus
1089 5877 1212 5917 Cum
1241 5857 1584 5928 praecedente
1609 5855 1766 5909 bonis
1807 5857 1859 5906 itt
1899 5852 2063 5905 rebus

2159 4658 2546 4727 κοσμημὲνην,
2576 4657 2834 4724 φρονήσει
2879 4655 2936 4706 δὲ
2961 4655 3142 4725 ’ὁμοίᾳ
3184 4655 3245 4707 τὸ
3270 4653 3397 4707 κατ’
3421 4649 3589 4716 αὐτὴν
3611 4646 3715 4696 ἐπι-

2155 4749 2526 4819 δεδειγμένην,
2575 4748 2666 4800 καὶ
2714 4749 2800 4800 ἀεὶ
2849 4747 2945 4798 σὺν
2990 4747 3068 4816 τῷ
3115 4747 3308 4815 δικαίῳ
3358 4737 3715 4808 πεξευομίνην

2158 4843 2275 4910 ἅμα
2305 4858 2367 4909 γε
2396 4843 2516 4901 ταῖς
2548 4839 2639 4890 ὑπ’
2663 4838 2834 4900 αὐτὰς
2867 4840 3110 4907 ἀρεταῖς.
3146 4838 3220 4890 Τὸ
3250 4839 3361 4908 γὰρ
3391 4836 3457 4906 δὴ
3489 4826 3713 4902 μερικῶν

2155 4951 2314 5003 τερον
2344 4934 2614 5000 ἀνάγκαις
2652 4931 2852 4992 πάσαις
2886 4929 3354 5000 περιληφθήσεται
3386 4928 3466 4996 τῷ
3500 4932 3714 4991 γενικω-

2156 5026 2300 5092 τέρῳ
2344 5022 2438 5075 καὶ
2484 5021 2761 5088 συγγενεῖ.
2808 5018 2966 5072 Οὕτω
3010 5020 3076 5087 δὴ
3123 5021 3262 5090 πρὸς
3309 5019 3493 5070 πᾶσαν
3534 5003 3711 5079 ἀρετὴν

2159 5118 2376 5186 ἔχοντες
2401 5115 2698 5184 Ἀθηναῖοι.
2727 5113 2930 5183 ἐτίμων
2959 5112 3057 5182 μὲν
3083 5113 3330 5182 εἰρήνην,
3358 5111 3462 5179 πρὸ
3486 5104 3576 5159 τοῦ
3601 5097 3713 5151 πλέω

2160 5207 2268 5277 θρα
2320 5206 2620 5275 πάμπολλα
2650 5204 2754 5273 γῆς
2808 5202 3261 5273 κερδᾶναι·τοὺς
3307 5201 3388 5253 δε
3416 5193 3708 5277 ὑϐρίζοντας

2162 5299 2255 5350 καὶ
2293 5299 2622 5354 πλεονέκτας
2664 5291 2986 5363 ἀνθρώπους
3027 5291 3090 5343 ού
3137 5290 3297 5357 μόνον
3327 5286 3428 5357 τῆς
3466 5275 3706 5348 σφετίί)ις

2162 5391 2344 5444 αὐτῶν
2371 5389 2498 5459 γῆς,
2526 5388 2620 5440 καὶ
2645 5387 2753 5440 τῶν
2783 5386 3027 5455 πατρίων
3054 5382 3222 5452 ἠθῶν,
3249 5379 3384 5434 ἀλλὰ
3414 5377 3503 5430 καὶ
3533 5363 3706 5422 παντὸς

2161 5486 2433 5554 ἠμύνοντο
2472 5480 2568 5534 τοῦ
2604 5477 2946 5549 Ἑλληνικοῦ.
2982 5477 3094 5530 Καὶ
3133 5475 3308 5529 ταῦτα
3351 5475 3414 5542 δὴ
3453 5461 3706 5554 ποιοῦντες

2164 5550 2576 5629 διατετελέκασι
2611 5572 2748 5644 μετὰ
2779 5571 2949 5639 πόσης
2978 5569 3082 5621 οίει
3113 5566 3486 5636 μετριότητος,
3513 5550 3706 5644 πόρρω

2167 5668 2260 5720 θεν
2306 5668 2407 5737 μέν
2451 5641 2739 5736 ἠργμένης
2782 5664 2848 5714 ἐκ
2891 5662 3001 5712 τῶν
3045 5659 3327 5729 προγόνων
3377 5653 3509 5725 μετὰ
3548 5641 3702 5737 πόξιης

2169 5760 2641 5830 προηγησαμένης
2674 5753 2989 5818 πλεονεξίας
3018 5752 3130 5804 τῶν
3160 5748 3384 5818 ἀγαθῶν
3404 5786 3418 5810 ,
3447 5731 3702 5797 κατιούσης

2169 5824 2226 5901 δέ
2264 5824 2509 5911 δικαίως,
2554 5824 2742 5913 ὥσπερ
2784 5860 2868 5906 τις
2912 5841 3136 5909 κλῆρος,
3176 5838 3435 5906 χρηστοῖς
3469 5824 3698 5891 ἐκγόνοιίν
