  <div class='ocr_page' id='page_1' title='image "/cluster/home/n/w/nwhite01/storage/ocr_20150623/156/hvd.32044019208438/268.png"; bbox 0 0 3978 6578; ppageno 0'>
   <div class='ocr_carea' id='block_1_1' title="bbox 122 1238 1839 1311">
    <p class='ocr_par' dir='ltr' id='par_1_1' title="bbox 122 1238 1839 1311">
     <span class='ocr_line' id='line_1_1' title="bbox 122 1238 1839 1311; baseline 0 -20"><span class='ocrx_word' id='word_1_1' title='bbox 122 1290 125 1291; x_wconf 65' lang='lat'>,</span> <span class='ocrx_word' id='word_1_2' title='bbox 231 1240 392 1310; x_wconf 78' lang='grc' dir='ltr'><strong>γοῦν</strong></span> <span class='ocrx_word' id='word_1_3' title='bbox 439 1241 666 1311; x_wconf 75' lang='grc' dir='ltr'><strong>βασιλέα</strong></span> <span class='ocrx_word' id='word_1_4' title='bbox 712 1243 788 1311; x_wconf 69' lang='grc' dir='ltr'><strong>μὴ</strong></span> <span class='ocrx_word' id='word_1_5' title='bbox 829 1240 1132 1309; x_wconf 84' lang='grc' dir='ltr'><strong>λεληθέναι,</strong></span> <span class='ocrx_word' id='word_1_6' title='bbox 1178 1240 1313 1308; x_wconf 83' lang='grc' dir='ltr'><strong>μηδέ</strong></span> <span class='ocrx_word' id='word_1_7' title='bbox 1355 1239 1599 1310; x_wconf 80' lang='grc' dir='ltr'><strong>νομίζειν</strong></span> <span class='ocrx_word' id='word_1_8' title='bbox 1643 1238 1839 1309; x_wconf 78' lang='grc' dir='ltr'><strong>πλήθει</strong></span> 
     </span>
    </p>
   </div>
   <div class='ocr_carea' id='block_1_2' title="bbox 234 473 1851 548">
    <p class='ocr_par' dir='ltr' id='par_1_2' title="bbox 234 485 1851 548">
     <span class='ocr_line' id='line_1_2' title="bbox 234 485 1851 548; baseline -0.002 -2"><span class='ocrx_word' id='word_1_9' title='bbox 234 485 356 548; x_wconf 67' lang='lat'><strong>393</strong></span> <span class='ocrx_word' id='word_1_10' title='bbox 1468 518 1475 529; x_wconf 70' lang='grc' dir='ltr'><strong><em>ε</em></strong></span> <span class='ocrx_word' id='word_1_11' title='bbox 1713 488 1851 546; x_wconf 70' lang='grc' dir='ltr'><strong>ΟιιΑ</strong></span> 
     </span>
    </p>
   </div>
   <div class='ocr_carea' id='block_1_3' title="bbox 1954 473 3502 548">
    <p class='ocr_par' dir='ltr' id='par_1_3' title="bbox 1954 473 3502 547">
     <span class='ocr_line' id='line_1_3' title="bbox 1954 473 3502 547; baseline -0.005 -4"><span class='ocrx_word' id='word_1_12' title='bbox 1954 486 1993 543; x_wconf 85' lang='grc' dir='ltr'><strong>Ο</strong></span> <span class='ocrx_word' id='word_1_13' title='bbox 2038 476 2079 547; x_wconf 81' lang='grc' dir='ltr'><strong>Ῐ.</strong></span> <span class='ocrx_word' id='word_1_14' title='bbox 3396 473 3502 536; x_wconf 62' lang='grc' dir='ltr'><strong>τοι</strong></span> 
     </span>
    </p>
   </div>
   <div class='ocr_carea' id='block_1_4' title="bbox 228 584 1851 671">
    <p class='ocr_par' dir='ltr' id='par_1_4' title="bbox 228 598 1835 671">
     <span class='ocr_line' id='line_1_4' title="bbox 228 598 1835 671; baseline -0.001 -17"><span class='ocrx_word' id='word_1_15' title='bbox 228 602 531 670; x_wconf 71' lang='grc' dir='ltr'><strong>χρηστοὺς</strong></span> <span class='ocrx_word' id='word_1_16' title='bbox 565 598 792 669; x_wconf 77' lang='grc' dir='ltr'><strong>ζηλοῦσι</strong></span> <span class='ocrx_word' id='word_1_17' title='bbox 818 600 1030 667; x_wconf 73' lang='grc' dir='ltr'><strong>γονίας.</strong></span> <span class='ocrx_word' id='word_1_18' title='bbox 1060 599 1294 669; x_wconf 79' lang='grc' dir='ltr'><strong>ᾚδεσαν</strong></span> <span class='ocrx_word' id='word_1_19' title='bbox 1323 599 1433 671; x_wconf 83' lang='grc' dir='ltr'><strong>γὰρ</strong></span> <span class='ocrx_word' id='word_1_20' title='bbox 1454 636 1469 661; x_wconf 90' lang='grc'><strong>,</strong></span> <span class='ocrx_word' id='word_1_21' title='bbox 1499 599 1574 663; x_wconf 85' lang='grc' dir='ltr'><strong>ὡς</strong></span> <span class='ocrx_word' id='word_1_22' title='bbox 1601 602 1835 667; x_wconf 74' lang='grc' dir='ltr'><strong>ταυτησὶ</strong></span> 
     </span>
    </p>
   </div>
   <div class='ocr_carea' id='block_1_5' title="bbox 1954 584 3505 671">
    <p class='ocr_par' dir='ltr' id='par_1_5' title="bbox 1957 584 3505 669">
     <span class='ocr_line' id='line_1_5' title="bbox 1957 584 3505 669; baseline 0.001 -16"><span class='ocrx_word' id='word_1_23' title='bbox 1957 602 2087 655; x_wconf 78' lang='grc' dir='ltr'><strong>ιιιιηὶ</strong></span> <span class='ocrx_word' id='word_1_24' title='bbox 2109 590 2451 664; x_wconf 79' lang='lat' dir='ltr'><strong>excellentia,</strong></span> <span class='ocrx_word' id='word_1_25' title='bbox 2485 598 2783 669; x_wconf 83' lang='lat' dir='ltr'><strong>meritoque</strong></span> <span class='ocrx_word' id='word_1_26' title='bbox 2822 599 2968 654; x_wconf 82' lang='lat' dir='ltr'><strong>velut</strong></span> <span class='ocrx_word' id='word_1_27' title='bbox 3009 599 3297 653; x_wconf 78' lang='lat' dir='ltr'><strong>luereditas</strong></span> <span class='ocrx_word' id='word_1_28' title='bbox 3322 584 3325 589; x_wconf 27' lang='grc'><strong>⁴</strong></span> <span class='ocrx_word' id='word_1_29' title='bbox 3352 614 3505 666; x_wconf 68' lang='lat' dir='ltr'><strong>quaa-</strong></span> 
     </span>
    </p>
   </div>
   <div class='ocr_carea' id='block_1_6' title="bbox 228 689 1851 763">
    <p class='ocr_par' dir='ltr' id='par_1_6' title="bbox 228 689 1836 763">
     <span class='ocr_line' id='line_1_6' title="bbox 228 689 1836 763; baseline -0.001 -17"><span class='ocrx_word' id='word_1_30' title='bbox 228 695 321 762; x_wconf 75' lang='grc' dir='ltr'><strong>μὴ</strong></span> <span class='ocrx_word' id='word_1_31' title='bbox 367 692 663 763; x_wconf 67' lang='grc' dir='ltr'><strong>παρούσης</strong></span> <span class='ocrx_word' id='word_1_32' title='bbox 702 692 812 745; x_wconf 78' lang='grc' dir='ltr'><strong>οὐδ’</strong></span> <span class='ocrx_word' id='word_1_33' title='bbox 836 690 981 745; x_wconf 77' lang='grc' dir='ltr'><strong>ἀπαν</strong></span> <span class='ocrx_word' id='word_1_34' title='bbox 1012 690 1077 743; x_wconf 58' lang='lat' dir='ltr'><strong>sb</strong></span> <span class='ocrx_word' id='word_1_35' title='bbox 1108 692 1208 758; x_wconf 80' lang='grc' dir='ltr'><strong>τῆς</strong></span> <span class='ocrx_word' id='word_1_36' title='bbox 1246 689 1453 760; x_wconf 81' lang='grc' dir='ltr'><strong>ἀρετῆς</strong></span> <span class='ocrx_word' id='word_1_37' title='bbox 1491 693 1681 760; x_wconf 79' lang='grc' dir='ltr'><strong>χρῆμα</strong></span> <span class='ocrx_word' id='word_1_38' title='bbox 1721 690 1836 744; x_wconf 79' lang='grc' dir='ltr'><strong>οἶόν</strong></span> 
     </span>
    </p>
   </div>
   <div class='ocr_carea' id='block_1_7' title="bbox 1954 689 3508 763">
    <p class='ocr_par' dir='ltr' id='par_1_7' title="bbox 1954 691 3508 762">
     <span class='ocr_line' id='line_1_7' title="bbox 1954 691 3508 762; baseline 0.001 -17"><span class='ocrx_word' id='word_1_39' title='bbox 1954 693 2066 746; x_wconf 75' lang='lat' dir='ltr'><strong>dam</strong></span> <span class='ocrx_word' id='word_1_40' title='bbox 2092 694 2343 747; x_wconf 88' lang='lat' dir='ltr'><strong>devoluta</strong></span> <span class='ocrx_word' id='word_1_41' title='bbox 2376 700 2519 748; x_wconf 77' lang='lat' dir='ltr'><strong>esset</strong></span> <span class='ocrx_word' id='word_1_42' title='bbox 2545 694 2611 747; x_wconf 87' lang='lat' dir='ltr'><strong>ad</strong></span> <span class='ocrx_word' id='word_1_43' title='bbox 2641 701 2890 762; x_wconf 76' lang='lat' dir='ltr'><strong>posteros</strong></span> <span class='ocrx_word' id='word_1_44' title='bbox 2913 691 3077 757; x_wconf 76' lang='lat' dir='ltr'><strong>frugi,</strong></span> <span class='ocrx_word' id='word_1_45' title='bbox 3117 692 3259 758; x_wconf 79' lang='lat' dir='ltr'><strong>frugi</strong></span> <span class='ocrx_word' id='word_1_46' title='bbox 3296 708 3508 760; x_wconf 85' lang='lat' dir='ltr'><strong>paren-</strong></span> 
     </span>
    </p>
   </div>
   <div class='ocr_carea' id='block_1_8' title="bbox 225 775 1851 854">
    <p class='ocr_par' dir='ltr' id='par_1_8' title="bbox 225 775 1836 854">
     <span class='ocr_line' id='line_1_8' title="bbox 225 775 1836 854; baseline -0.002 -17"><span class='ocrx_word' id='word_1_47' title='bbox 225 802 298 837; x_wconf 82' lang='grc' dir='ltr'><strong>τε</strong></span> <span class='ocrx_word' id='word_1_48' title='bbox 363 784 647 838; x_wconf 76' lang='grc' dir='ltr'><strong>συνοίσειν</strong></span> <span class='ocrx_word' id='word_1_49' title='bbox 695 782 1010 854; x_wconf 78' lang='grc' dir='ltr'><strong>ἀνθρώπῳ·</strong></span> <span class='ocrx_word' id='word_1_50' title='bbox 1046 782 1198 850; x_wconf 75' lang='grc' dir='ltr'><strong>περὶ</strong></span> <span class='ocrx_word' id='word_1_51' title='bbox 1246 775 1313 852; x_wconf 82' lang='grc' dir='ltr'><strong>ἧς</strong></span> <span class='ocrx_word' id='word_1_52' title='bbox 1364 798 1426 848; x_wconf 81' lang='grc' dir='ltr'><strong>γε</strong></span> <span class='ocrx_word' id='word_1_53' title='bbox 1479 782 1836 852; x_wconf 75' lang='grc' dir='ltr'><strong>μετριότητος</strong></span> 
     </span>
    </p>
   </div>
   <div class='ocr_carea' id='block_1_9' title="bbox 1954 775 3511 854">
    <p class='ocr_par' dir='ltr' id='par_1_9' title="bbox 1954 783 3511 847">
     <span class='ocr_line' id='line_1_9' title="bbox 1954 783 3511 847; baseline 0 -11"><span class='ocrx_word' id='word_1_54' title='bbox 1954 796 2055 839; x_wconf 76' lang='lat' dir='ltr'><strong>tum</strong></span> <span class='ocrx_word' id='word_1_55' title='bbox 2087 786 2451 839; x_wconf 65' lang='lat' dir='ltr'><strong>aemulatores.</strong></span> <span class='ocrx_word' id='word_1_56' title='bbox 2484 783 2691 839; x_wconf 83' lang='lat' dir='ltr'><strong>Norant</strong></span> <span class='ocrx_word' id='word_1_57' title='bbox 2716 784 2885 847; x_wconf 85' lang='lat' dir='ltr'><strong>enim,</strong></span> <span class='ocrx_word' id='word_1_58' title='bbox 2926 784 2971 837; x_wconf 85' lang='lat' dir='ltr'><strong>si</strong></span> <span class='ocrx_word' id='word_1_59' title='bbox 3011 784 3125 836; x_wconf 68' lang='lat' dir='ltr'><strong>haec</strong></span> <span class='ocrx_word' id='word_1_60' title='bbox 3153 798 3260 834; x_wconf 87' lang='lat' dir='ltr'><strong>non</strong></span> <span class='ocrx_word' id='word_1_61' title='bbox 3291 784 3511 837; x_wconf 79' lang='lat' dir='ltr'><strong>adesset</strong></span> 
     </span>
    </p>
   </div>
   <div class='ocr_carea' id='block_1_10' title="bbox 233 872 1851 947">
    <p class='ocr_par' dir='ltr' id='par_1_10' title="bbox 233 872 1837 947">
     <span class='ocr_line' id='line_1_10' title="bbox 233 872 1837 947; baseline -0.002 -19"><span class='ocrx_word' id='word_1_62' title='bbox 233 873 506 947; x_wconf 68' lang='grc' dir='ltr'><strong>ἑροῦμόν</strong></span> <span class='ocrx_word' id='word_1_63' title='bbox 545 894 600 930; x_wconf 92' lang='grc' dir='ltr'><strong>τι</strong></span> <span class='ocrx_word' id='word_1_64' title='bbox 642 872 1099 944; x_wconf 85' lang='grc' dir='ltr'><strong>προύργιαίτερον</strong></span> <span class='ocrx_word' id='word_1_65' title='bbox 1138 872 1281 925; x_wconf 79' lang='grc' dir='ltr'><strong>κατά</strong></span> <span class='ocrx_word' id='word_1_66' title='bbox 1323 872 1520 943; x_wconf 82' lang='grc' dir='ltr'><strong>σχολὴν</strong></span> <span class='ocrx_word' id='word_1_67' title='bbox 1565 873 1703 941; x_wconf 85' lang='grc' dir='ltr'><strong>μετά</strong></span> <span class='ocrx_word' id='word_1_68' title='bbox 1743 874 1837 925; x_wconf 81' lang='grc' dir='ltr'><strong>τοῦ</strong></span> 
     </span>
    </p>
   </div>
   <div class='ocr_carea' id='block_1_11' title="bbox 1954 872 3511 947">
    <p class='ocr_par' dir='ltr' id='par_1_11' title="bbox 1954 872 3511 947">
     <span class='ocr_line' id='line_1_11' title="bbox 1954 872 3511 947; baseline -0.004 -18"><span class='ocrx_word' id='word_1_69' title='bbox 1954 892 2011 932; x_wconf 77' lang='lat' dir='ltr'><strong>ne</strong></span> <span class='ocrx_word' id='word_1_70' title='bbox 2045 877 2262 947; x_wconf 85' lang='lat' dir='ltr'><strong>quidem</strong></span> <span class='ocrx_word' id='word_1_71' title='bbox 2289 878 2598 929; x_wconf 83' lang='lat' dir='ltr'><strong>universam</strong></span> <span class='ocrx_word' id='word_1_72' title='bbox 2627 875 2839 927; x_wconf 65' lang='lat' dir='ltr'><strong>virtutis</strong></span> <span class='ocrx_word' id='word_1_73' title='bbox 2861 874 2966 925; x_wconf 89' lang='lat' dir='ltr'><strong>vim</strong></span> <span class='ocrx_word' id='word_1_74' title='bbox 3018 872 3221 926; x_wconf 83' lang='lat' dir='ltr'><strong>homini</strong></span> <span class='ocrx_word' id='word_1_75' title='bbox 3250 874 3511 939; x_wconf 72' lang='lat' dir='ltr'><strong>prodesse</strong></span> 
     </span>
    </p>
   </div>
   <div class='ocr_carea' id='block_1_12' title="bbox 231 962 1851 1039">
    <p class='ocr_par' dir='ltr' id='par_1_12' title="bbox 231 962 1839 1037">
     <span class='ocr_line' id='line_1_12' title="bbox 231 962 1839 1037; baseline -0.004 -16"><span class='ocrx_word' id='word_1_76' title='bbox 231 967 483 1037; x_wconf 75' lang='grc' dir='ltr'><strong>καιροῦ,</strong></span> <span class='ocrx_word' id='word_1_77' title='bbox 529 967 923 1036; x_wconf 76' lang='grc' dir='ltr'><strong>συναιρομένου</strong></span> <span class='ocrx_word' id='word_1_78' title='bbox 962 966 1056 1019; x_wconf 81' lang='grc' dir='ltr'><strong>τοῦ</strong></span> <span class='ocrx_word' id='word_1_79' title='bbox 1102 965 1431 1034; x_wconf 82' lang='grc' dir='ltr'><strong>κρείττονος.</strong></span> <span class='ocrx_word' id='word_1_80' title='bbox 1476 963 1591 1017; x_wconf 83' lang='grc' dir='ltr'><strong>Νῦν</strong></span> <span class='ocrx_word' id='word_1_81' title='bbox 1631 962 1689 1017; x_wconf 74' lang='grc' dir='ltr'><strong>δὲ</strong></span> <span class='ocrx_word' id='word_1_82' title='bbox 1729 966 1839 1017; x_wconf 77' lang='grc' dir='ltr'><strong>τῶν</strong></span> 
     </span>
    </p>
   </div>
   <div class='ocr_carea' id='block_1_13' title="bbox 1954 962 3512 1039">
    <p class='ocr_par' dir='ltr' id='par_1_13' title="bbox 1954 966 3512 1039">
     <span class='ocr_line' id='line_1_13' title="bbox 1954 966 3512 1039; baseline -0.005 -14"><span class='ocrx_word' id='word_1_83' title='bbox 1954 983 2145 1039; x_wconf 71' lang='lat' dir='ltr'><strong>posse:</strong></span> <span class='ocrx_word' id='word_1_84' title='bbox 2185 969 2253 1024; x_wconf 87' lang='lat' dir='ltr'><strong>de</strong></span> <span class='ocrx_word' id='word_1_85' title='bbox 2290 984 2398 1037; x_wconf 79' lang='lat' dir='ltr'><strong>qua</strong></span> <span class='ocrx_word' id='word_1_86' title='bbox 2428 968 2801 1022; x_wconf 71' lang='lat' dir='ltr'><strong>moderatione</strong></span> <span class='ocrx_word' id='word_1_87' title='bbox 2832 967 3136 1020; x_wconf 88' lang='lat' dir='ltr'><strong>studiosius</strong></span> <span class='ocrx_word' id='word_1_88' title='bbox 3178 966 3383 1035; x_wconf 87' lang='lat' dir='ltr'><strong>aliquid</strong></span> <span class='ocrx_word' id='word_1_89' title='bbox 3415 981 3512 1033; x_wconf 83' lang='lat' dir='ltr'><strong>per</strong></span> 
     </span>
    </p>
   </div>
   <div class='ocr_carea' id='block_1_14' title="bbox 232 1056 1851 1127">
    <p class='ocr_par' dir='ltr' id='par_1_14' title="bbox 232 1056 1838 1127">
     <span class='ocr_line' id='line_1_14' title="bbox 232 1056 1838 1127; baseline -0.002 -17"><span class='ocrx_word' id='word_1_90' title='bbox 232 1058 649 1127; x_wconf 69' lang='grc' dir='ltr'><strong>προκειμένων</strong></span> <span class='ocrx_word' id='word_1_91' title='bbox 673 1056 949 1126; x_wconf 65' lang='grc' dir='ltr'><strong>ἐχώμεθα.</strong></span> <span class='ocrx_word' id='word_1_92' title='bbox 980 1056 1127 1111; x_wconf 77' lang='grc' dir='ltr'><strong>ἐδει</strong></span> <span class='ocrx_word' id='word_1_93' title='bbox 1159 1058 1258 1125; x_wconf 66' lang='grc' dir='ltr'><strong>μὲν</strong></span> <span class='ocrx_word' id='word_1_94' title='bbox 1286 1056 1475 1122; x_wconf 53' lang='lat' dir='ltr'><strong>com-si</strong></span> <span class='ocrx_word' id='word_1_95' title='bbox 1507 1056 1603 1108; x_wconf 75' lang='grc' dir='ltr'><strong>καὶ</strong></span> <span class='ocrx_word' id='word_1_96' title='bbox 1634 1056 1838 1116; x_wconf 79' lang='grc' dir='ltr'><strong>πάντας</strong></span> 
     </span>
    </p>
   </div>
   <div class='ocr_carea' id='block_1_15' title="bbox 1954 1056 3515 1127">
    <p class='ocr_par' dir='ltr' id='par_1_15' title="bbox 1954 1057 3515 1127">
     <span class='ocr_line' id='line_1_15' title="bbox 1954 1057 3515 1127; baseline -0.001 -16"><span class='ocrx_word' id='word_1_97' title='bbox 1954 1060 2140 1123; x_wconf 79' lang='lat' dir='ltr'><strong>mium,</strong></span> <span class='ocrx_word' id='word_1_98' title='bbox 2176 1060 2363 1113; x_wconf 88' lang='lat' dir='ltr'><strong>divino</strong></span> <span class='ocrx_word' id='word_1_99' title='bbox 2392 1058 2619 1127; x_wconf 64' lang='lat' dir='ltr'><strong>iuvante</strong></span> <span class='ocrx_word' id='word_1_100' title='bbox 2647 1057 2895 1121; x_wconf 80' lang='lat' dir='ltr'><strong>numine,</strong></span> <span class='ocrx_word' id='word_1_101' title='bbox 2924 1072 3027 1111; x_wconf 91' lang='lat' dir='ltr'><strong>suo</strong></span> <span class='ocrx_word' id='word_1_102' title='bbox 3056 1066 3303 1125; x_wconf 84' lang='lat' dir='ltr'><strong>tempore</strong></span> <span class='ocrx_word' id='word_1_103' title='bbox 3333 1057 3515 1124; x_wconf 82' lang='lat' dir='ltr'><strong>prole-</strong></span> 
     </span>
    </p>
   </div>
   <div class='ocr_carea' id='block_1_16' title="bbox 234 1146 1851 1221">
    <p class='ocr_par' dir='ltr' id='par_1_16' title="bbox 234 1146 1838 1221">
     <span class='ocr_line' id='line_1_16' title="bbox 234 1146 1838 1221; baseline -0.002 -17"><span class='ocrx_word' id='word_1_104' title='bbox 234 1146 513 1221; x_wconf 74' lang='grc' dir='ltr'><strong>ὲλελῆθει</strong></span> <span class='ocrx_word' id='word_1_105' title='bbox 560 1149 875 1221; x_wconf 73' lang='grc' dir='ltr'><strong>βαρϐάρους</strong></span> <span class='ocrx_word' id='word_1_106' title='bbox 916 1149 978 1204; x_wconf 82' lang='grc' dir='ltr'><strong>τὸ</strong></span> <span class='ocrx_word' id='word_1_107' title='bbox 1021 1151 1123 1220; x_wconf 78' lang='grc' dir='ltr'><strong>τῆς</strong></span> <span class='ocrx_word' id='word_1_108' title='bbox 1168 1149 1372 1219; x_wconf 83' lang='grc' dir='ltr'><strong>ἀρετῆς</strong></span> <span class='ocrx_word' id='word_1_109' title='bbox 1412 1150 1631 1219; x_wconf 80' lang='grc' dir='ltr'><strong>περιὸν,</strong></span> <span class='ocrx_word' id='word_1_110' title='bbox 1674 1148 1838 1202; x_wconf 66' lang='grc' dir='ltr'><strong>αὐτὸν</strong></span> 
     </span>
    </p>
   </div>
   <div class='ocr_carea' id='block_1_17' title="bbox 1954 1146 3511 1221">
    <p class='ocr_par' dir='ltr' id='par_1_17' title="bbox 1954 1146 3511 1218">
     <span class='ocr_line' id='line_1_17' title="bbox 1954 1146 3511 1218; baseline -0.003 -14"><span class='ocrx_word' id='word_1_111' title='bbox 1954 1164 2151 1204; x_wconf 84' lang='lat' dir='ltr'><strong>remus.</strong></span> <span class='ocrx_word' id='word_1_112' title='bbox 2191 1150 2349 1204; x_wconf 88' lang='lat' dir='ltr'><strong>Nunc</strong></span> <span class='ocrx_word' id='word_1_113' title='bbox 2381 1150 2470 1212; x_wconf 79' lang='lat' dir='ltr'><strong>iis,</strong></span> <span class='ocrx_word' id='word_1_114' title='bbox 2507 1164 2627 1218; x_wconf 68' lang='lat' dir='ltr'><strong>quae</strong></span> <span class='ocrx_word' id='word_1_115' title='bbox 2662 1149 2938 1215; x_wconf 86' lang='lat' dir='ltr'><strong>proposita</strong></span> <span class='ocrx_word' id='word_1_116' title='bbox 2975 1146 3135 1201; x_wconf 87' lang='lat' dir='ltr'><strong>nobis</strong></span> <span class='ocrx_word' id='word_1_117' title='bbox 3169 1157 3320 1207; x_wconf 82' lang='lat' dir='ltr'><strong>sunt,</strong></span> <span class='ocrx_word' id='word_1_118' title='bbox 3375 1148 3511 1200; x_wconf 58' lang='lat' dir='ltr'><strong>insi.</strong></span> 
     </span>
    </p>
   </div>
   <div class='ocr_carea' id='block_1_18' title="bbox 1942 1238 3513 1307">
    <p class='ocr_par' dir='ltr' id='par_1_18' title="bbox 1942 1238 3513 1307">
     <span class='ocr_line' id='line_1_18' title="bbox 1942 1238 3513 1307; baseline -0.003 -12"><span class='ocrx_word' id='word_1_119' title='bbox 1942 1252 2174 1296; x_wconf 76' lang='lat' dir='ltr'><strong>stamus.</strong></span> <span class='ocrx_word' id='word_1_120' title='bbox 2210 1238 2364 1296; x_wconf 72' lang='lat' dir='ltr'><strong>Licet</strong></span> <span class='ocrx_word' id='word_1_121' title='bbox 2411 1253 2564 1305; x_wconf 79' lang='lat' dir='ltr'><strong>ergo.</strong></span> <span class='ocrx_word' id='word_1_122' title='bbox 2609 1255 2729 1307; x_wconf 66' lang='lat' dir='ltr'><strong>qua:</strong></span> <span class='ocrx_word' id='word_1_123' title='bbox 2778 1240 3000 1294; x_wconf 85' lang='lat' dir='ltr'><strong>virtutis</strong></span> <span class='ocrx_word' id='word_1_124' title='bbox 3050 1239 3365 1305; x_wconf 71' lang='lat' dir='ltr'><strong>pmstantia</strong></span> <span class='ocrx_word' id='word_1_125' title='bbox 3418 1240 3513 1299; x_wconf 90' lang='lat' dir='ltr'><strong>sit,</strong></span> 
     </span>
    </p>
   </div>
   <div class='ocr_carea' id='block_1_19' title="bbox 1943 1331 3513 1402">
    <p class='ocr_par' dir='ltr' id='par_1_19' title="bbox 1943 1331 3513 1402">
     <span class='ocr_line' id='line_1_19' title="bbox 1943 1331 3513 1402; baseline -0.003 -15"><span class='ocrx_word' id='word_1_126' title='bbox 1943 1348 2135 1389; x_wconf 84' lang='lat' dir='ltr'><strong>omnes</strong></span> <span class='ocrx_word' id='word_1_127' title='bbox 2162 1336 2474 1402; x_wconf 81' lang='lat' dir='ltr'><strong>ignorarent</strong></span> <span class='ocrx_word' id='word_1_128' title='bbox 2494 1331 2716 1386; x_wconf 86' lang='lat' dir='ltr'><strong>Barbari</strong></span> <span class='ocrx_word' id='word_1_129' title='bbox 2744 1346 2761 1396; x_wconf 87' lang='lat'><strong>;</strong></span> <span class='ocrx_word' id='word_1_130' title='bbox 2814 1345 2994 1401; x_wconf 82' lang='lat' dir='ltr'><strong>regem</strong></span> <span class='ocrx_word' id='word_1_131' title='bbox 3025 1332 3201 1399; x_wconf 80' lang='lat' dir='ltr'><strong>ipsum</strong></span> <span class='ocrx_word' id='word_1_132' title='bbox 3235 1331 3287 1385; x_wconf 90' lang='lat' dir='ltr'><strong>id</strong></span> <span class='ocrx_word' id='word_1_133' title='bbox 3319 1332 3513 1386; x_wconf 89' lang='lat' dir='ltr'><strong>saltem</strong></span> 
     </span>
    </p>
   </div>
   <div class='ocr_carea' id='block_1_20' title="bbox 1941 1425 3516 1496">
    <p class='ocr_par' dir='ltr' id='par_1_20' title="bbox 1941 1425 3516 1496">
     <span class='ocr_line' id='line_1_20' title="bbox 1941 1425 3516 1496; baseline -0.004 -17"><span class='ocrx_word' id='word_1_134' title='bbox 1941 1427 2199 1496; x_wconf 79' lang='lat' dir='ltr'><strong>ignorare</strong></span> <span class='ocrx_word' id='word_1_135' title='bbox 2228 1440 2339 1479; x_wconf 89' lang='lat' dir='ltr'><strong>non</strong></span> <span class='ocrx_word' id='word_1_136' title='bbox 2385 1425 2653 1493; x_wconf 86' lang='lat' dir='ltr'><strong>oportuit,</strong></span> <span class='ocrx_word' id='word_1_137' title='bbox 2696 1438 2872 1493; x_wconf 87' lang='lat' dir='ltr'><strong>neque</strong></span> <span class='ocrx_word' id='word_1_138' title='bbox 2922 1432 3115 1494; x_wconf 87' lang='lat' dir='ltr'><strong>putare</strong></span> <span class='ocrx_word' id='word_1_139' title='bbox 3149 1426 3415 1486; x_wconf 81' lang='lat' dir='ltr'><strong>futurum,</strong></span> <span class='ocrx_word' id='word_1_140' title='bbox 3455 1432 3516 1475; x_wconf 83' lang='lat' dir='ltr'><strong>ut</strong></span> 
     </span>
    </p>
   </div>
   <div class='ocr_carea' id='block_1_21' title="bbox 1941 1515 3513 1587">
    <p class='ocr_par' dir='ltr' id='par_1_21' title="bbox 1941 1515 3513 1587">
     <span class='ocr_line' id='line_1_21' title="bbox 1941 1515 3513 1587; baseline -0.004 -14"><span class='ocrx_word' id='word_1_141' title='bbox 1941 1520 2229 1574; x_wconf 79' lang='lat' dir='ltr'><strong>hominum</strong></span> <span class='ocrx_word' id='word_1_142' title='bbox 2265 1518 2437 1587; x_wconf 77' lang='lat' dir='ltr'><strong>copiis</strong></span> <span class='ocrx_word' id='word_1_143' title='bbox 2488 1532 2585 1571; x_wconf 88' lang='lat' dir='ltr'><strong>eos</strong></span> <span class='ocrx_word' id='word_1_144' title='bbox 2622 1517 2677 1570; x_wconf 89' lang='lat' dir='ltr'><strong>in</strong></span> <span class='ocrx_word' id='word_1_145' title='bbox 2719 1523 3045 1583; x_wconf 82' lang='lat' dir='ltr'><strong>potestatem</strong></span> <span class='ocrx_word' id='word_1_146' title='bbox 3083 1516 3370 1583; x_wconf 77' lang='lat' dir='ltr'><strong>redigeret.</strong></span> <span class='ocrx_word' id='word_1_147' title='bbox 3418 1515 3513 1584; x_wconf 83' lang='lat' dir='ltr'><strong>qui</strong></span> 
     </span>
    </p>
   </div>
   <div class='ocr_carea' id='block_1_22' title="bbox 1945 1606 3517 1675">
    <p class='ocr_par' dir='ltr' id='par_1_22' title="bbox 1945 1606 3517 1675">
     <span class='ocr_line' id='line_1_22' title="bbox 1945 1606 3517 1675; baseline -0.002 -11"><span class='ocrx_word' id='word_1_148' title='bbox 1945 1610 2084 1664; x_wconf 89' lang='lat' dir='ltr'><strong>bello</strong></span> <span class='ocrx_word' id='word_1_149' title='bbox 2138 1610 2333 1664; x_wconf 88' lang='lat' dir='ltr'><strong>cadere</strong></span> <span class='ocrx_word' id='word_1_150' title='bbox 2392 1607 2645 1669; x_wconf 80' lang='lat' dir='ltr'><strong>mallent,</strong></span> <span class='ocrx_word' id='word_1_151' title='bbox 2696 1621 2857 1672; x_wconf 85' lang='lat' dir='ltr'><strong>quam</strong></span> <span class='ocrx_word' id='word_1_152' title='bbox 2917 1614 3080 1675; x_wconf 83' lang='lat' dir='ltr'><strong>turpe</strong></span> <span class='ocrx_word' id='word_1_153' title='bbox 3130 1606 3259 1673; x_wconf 87' lang='lat' dir='ltr'><strong>quid</strong></span> <span class='ocrx_word' id='word_1_154' title='bbox 3312 1606 3517 1661; x_wconf 84' lang='lat' dir='ltr'><strong>admit-</strong></span> 
     </span>
    </p>
   </div>
   <div class='ocr_carea' id='block_1_23' title="bbox 1945 1698 3517 1772">
    <p class='ocr_par' dir='ltr' id='par_1_23' title="bbox 1945 1698 3517 1772">
     <span class='ocr_line' id='line_1_23' title="bbox 1945 1698 3517 1772; baseline -0.005 -13"><span class='ocrx_word' id='word_1_155' title='bbox 1945 1716 2077 1759; x_wconf 88' lang='lat' dir='ltr'><strong>tere.</strong></span> <span class='ocrx_word' id='word_1_156' title='bbox 2136 1702 2352 1772; x_wconf 77' lang='lat' dir='ltr'><strong>Quippe</strong></span> <span class='ocrx_word' id='word_1_157' title='bbox 2409 1714 2627 1770; x_wconf 89' lang='lat' dir='ltr'><strong>tempus</strong></span> <span class='ocrx_word' id='word_1_158' title='bbox 2660 1701 2837 1764; x_wconf 87' lang='lat' dir='ltr'><strong>ipsum</strong></span> <span class='ocrx_word' id='word_1_159' title='bbox 2876 1698 3199 1762; x_wconf 81' lang='lat' dir='ltr'><strong>declaravit,</strong></span> <span class='ocrx_word' id='word_1_160' title='bbox 3256 1699 3343 1753; x_wconf 89' lang='lat' dir='ltr'><strong>bis</strong></span> <span class='ocrx_word' id='word_1_161' title='bbox 3382 1699 3517 1752; x_wconf 87' lang='lat' dir='ltr'><strong>viris</strong></span> 
     </span>
    </p>
   </div>
   <div class='ocr_carea' id='block_1_24' title="bbox 1943 1788 3524 1864">
    <p class='ocr_par' dir='ltr' id='par_1_24' title="bbox 1943 1788 3524 1864">
     <span class='ocr_line' id='line_1_24' title="bbox 1943 1788 3524 1864; baseline -0.004 -15"><span class='ocrx_word' id='word_1_162' title='bbox 1943 1798 2101 1864; x_wconf 88' lang='lat' dir='ltr'><strong>longe</strong></span> <span class='ocrx_word' id='word_1_163' title='bbox 2127 1793 2296 1848; x_wconf 78' lang='lat' dir='ltr'><strong>fuisse</strong></span> <span class='ocrx_word' id='word_1_164' title='bbox 2324 1793 2568 1857; x_wconf 58' lang='lat' dir='ltr'><strong>charius,</strong></span> <span class='ocrx_word' id='word_1_165' title='bbox 2603 1793 2649 1845; x_wconf 86' lang='lat' dir='ltr'><strong>si</strong></span> <span class='ocrx_word' id='word_1_166' title='bbox 2688 1790 2902 1855; x_wconf 77' lang='lat' dir='ltr'><strong>armati,</strong></span> <span class='ocrx_word' id='word_1_167' title='bbox 2935 1805 3034 1859; x_wconf 91' lang='lat' dir='ltr'><strong>pro</strong></span> <span class='ocrx_word' id='word_1_168' title='bbox 3063 1790 3229 1844; x_wconf 90' lang='lat' dir='ltr'><strong>rebus</strong></span> <span class='ocrx_word' id='word_1_169' title='bbox 3272 1790 3390 1844; x_wconf 89' lang='lat' dir='ltr'><strong>suis</strong></span> <span class='ocrx_word' id='word_1_170' title='bbox 3438 1788 3524 1843; x_wconf 84' lang='lat' dir='ltr'><strong>di-</strong></span> 
     </span>
    </p>
   </div>
   <div class='ocr_carea' id='block_1_25' title="bbox 1944 1878 3522 1951">
    <p class='ocr_par' dir='ltr' id='par_1_25' title="bbox 1944 1878 3522 1951">
     <span class='ocr_line' id='line_1_25' title="bbox 1944 1878 3522 1951; baseline -0.004 -12"><span class='ocrx_word' id='word_1_171' title='bbox 1944 1886 2233 1950; x_wconf 89' lang='lat' dir='ltr'><strong>micantes,</strong></span> <span class='ocrx_word' id='word_1_172' title='bbox 2284 1884 2716 1945; x_wconf 84' lang='lat' dir='ltr'><strong>occumberent,</strong></span> <span class='ocrx_word' id='word_1_173' title='bbox 2771 1896 2951 1951; x_wconf 71' lang='lat' dir='ltr'><strong>quam-</strong></span> <span class='ocrx_word' id='word_1_174' title='bbox 2971 1879 3115 1944; x_wconf 83' lang='lat' dir='ltr'><strong>aliis,</strong></span> <span class='ocrx_word' id='word_1_175' title='bbox 3166 1878 3432 1948; x_wconf 77' lang='lat' dir='ltr'><strong>voluptati</strong></span> <span class='ocrx_word' id='word_1_176' title='bbox 3464 1888 3522 1932; x_wconf 88' lang='lat' dir='ltr'><strong>et</strong></span> 
     </span>
    </p>
   </div>
   <div class='ocr_carea' id='block_1_26' title="bbox 1943 1969 3560 2044">
    <p class='ocr_par' dir='ltr' id='par_1_26' title="bbox 1943 1969 3560 2044">
     <span class='ocr_line' id='line_1_26' title="bbox 1943 1969 3560 2044; baseline -0.006 -13"><span class='ocrx_word' id='word_1_177' title='bbox 1943 1976 2175 2044; x_wconf 69' lang='lat' dir='ltr'><strong>ignavia:</strong></span> <span class='ocrx_word' id='word_1_178' title='bbox 2202 1974 2429 2036; x_wconf 88' lang='lat' dir='ltr'><strong>deditis,</strong></span> <span class='ocrx_word' id='word_1_179' title='bbox 2479 1974 2617 2042; x_wconf 81' lang='lat' dir='ltr'><strong>grati</strong></span> <span class='ocrx_word' id='word_1_180' title='bbox 2665 1973 2920 2027; x_wconf 86' lang='lat' dir='ltr'><strong>ludorum</strong></span> <span class='ocrx_word' id='word_1_181' title='bbox 2960 1969 3085 2026; x_wconf 76' lang='lat' dir='ltr'><strong>festi</strong></span> <span class='ocrx_word' id='word_1_182' title='bbox 3114 1970 3235 2024; x_wconf 88' lang='lat' dir='ltr'><strong>dies</strong></span> <span class='ocrx_word' id='word_1_183' title='bbox 3265 1984 3387 2023; x_wconf 84' lang='lat' dir='ltr'><strong>esse</strong></span> <span class='ocrx_word' id='word_1_184' title='bbox 3420 1982 3519 2023; x_wconf 86' lang='grc' dir='ltr'><strong>εο-</strong></span> <span class='ocrx_word' id='word_1_185' title='bbox 3550 1983 3560 1994; x_wconf 81' lang='lat'><strong><em>&#39;</em></strong></span> 
     </span>
    </p>
   </div>
   <div class='ocr_carea' id='block_1_27' title="bbox 1942 2059 3521 2135">
    <p class='ocr_par' dir='ltr' id='par_1_27' title="bbox 1942 2059 3521 2135">
     <span class='ocr_line' id='line_1_27' title="bbox 1942 2059 3521 2135; baseline -0.005 -14"><span class='ocrx_word' id='word_1_186' title='bbox 1942 2067 2109 2121; x_wconf 84' lang='lat' dir='ltr'><strong>leant.</strong></span> <span class='ocrx_word' id='word_1_187' title='bbox 2132 2065 2343 2123; x_wconf 79' lang='lat' dir='ltr'><strong>Xerxes</strong></span> <span class='ocrx_word' id='word_1_188' title='bbox 2371 2078 2499 2119; x_wconf 90' lang='lat' dir='ltr'><strong>vero</strong></span> <span class='ocrx_word' id='word_1_189' title='bbox 2515 2078 2899 2135; x_wconf 87' lang='lat' dir='ltr'><strong>prosperorum</strong></span> <span class='ocrx_word' id='word_1_190' title='bbox 2918 2076 3273 2118; x_wconf 82' lang='lat' dir='ltr'><strong>successuom</strong></span> <span class='ocrx_word' id='word_1_191' title='bbox 3299 2059 3521 2128; x_wconf 83' lang='lat' dir='ltr'><strong>crapula</strong></span> 
     </span>
    </p>
   </div>
   <div class='ocr_carea' id='block_1_28' title="bbox 1945 2153 3523 2228">
    <p class='ocr_par' dir='ltr' id='par_1_28' title="bbox 1945 2153 3523 2228">
     <span class='ocr_line' id='line_1_28' title="bbox 1945 2153 3523 2228; baseline -0.005 -15"><span class='ocrx_word' id='word_1_192' title='bbox 1945 2160 2104 2228; x_wconf 88' lang='lat' dir='ltr'><strong>quasi</strong></span> <span class='ocrx_word' id='word_1_193' title='bbox 2134 2157 2368 2227; x_wconf 80' lang='lat' dir='ltr'><strong>quatiam</strong></span> <span class='ocrx_word' id='word_1_194' title='bbox 2408 2157 2699 2226; x_wconf 87' lang='lat' dir='ltr'><strong>impulsus,</strong></span> <span class='ocrx_word' id='word_1_195' title='bbox 2748 2162 2805 2210; x_wconf 87' lang='lat' dir='ltr'><strong>et</strong></span> <span class='ocrx_word' id='word_1_196' title='bbox 2833 2154 3024 2210; x_wconf 78' lang='lat' dir='ltr'><strong>furore</strong></span> <span class='ocrx_word' id='word_1_197' title='bbox 3054 2154 3304 2223; x_wconf 80' lang='lat' dir='ltr'><strong>profecto</strong></span> <span class='ocrx_word' id='word_1_198' title='bbox 3332 2153 3401 2207; x_wconf 89' lang='lat' dir='ltr'><strong>de</strong></span> <span class='ocrx_word' id='word_1_199' title='bbox 3427 2168 3523 2220; x_wconf 83' lang='lat' dir='ltr'><strong>spe</strong></span> 
     </span>
    </p>
   </div>
   <div class='ocr_carea' id='block_1_29' title="bbox 1948 2246 3524 2321">
    <p class='ocr_par' dir='ltr' id='par_1_29' title="bbox 1948 2246 3524 2321">
     <span class='ocr_line' id='line_1_29' title="bbox 1948 2246 3524 2321; baseline -0.004 -16"><span class='ocrx_word' id='word_1_200' title='bbox 1948 2249 2311 2321; x_wconf 84' lang='lat' dir='ltr'><strong>gerendarum</strong></span> <span class='ocrx_word' id='word_1_201' title='bbox 2349 2248 2585 2303; x_wconf 72' lang='lat' dir='ltr'><strong>feliciter</strong></span> <span class='ocrx_word' id='word_1_202' title='bbox 2615 2263 2820 2311; x_wconf 88' lang='lat' dir='ltr'><strong>rerum,</strong></span> <span class='ocrx_word' id='word_1_203' title='bbox 2846 2246 3015 2301; x_wconf 82' lang='lat' dir='ltr'><strong>veluti</strong></span> <span class='ocrx_word' id='word_1_204' title='bbox 3048 2260 3199 2300; x_wconf 89' lang='lat' dir='ltr'><strong>mare</strong></span> <span class='ocrx_word' id='word_1_205' title='bbox 3220 2246 3376 2315; x_wconf 88' lang='lat' dir='ltr'><strong>prius</strong></span> <span class='ocrx_word' id='word_1_206' title='bbox 3398 2259 3524 2299; x_wconf 83' lang='lat' dir='ltr'><strong>ver-</strong></span> 
     </span>
    </p>
   </div>
   <div class='ocr_carea' id='block_1_30' title="bbox 1949 2337 3521 2410">
    <p class='ocr_par' dir='ltr' id='par_1_30' title="bbox 1949 2337 3521 2410">
     <span class='ocr_line' id='line_1_30' title="bbox 1949 2337 3521 2410; baseline -0.004 -14"><span class='ocrx_word' id='word_1_207' title='bbox 1949 2341 2128 2396; x_wconf 88' lang='lat' dir='ltr'><strong>berari</strong></span> <span class='ocrx_word' id='word_1_208' title='bbox 2162 2340 2427 2410; x_wconf 73' lang='lat' dir='ltr'><strong>iusserat,</strong></span> <span class='ocrx_word' id='word_1_209' title='bbox 2491 2339 2638 2407; x_wconf 88' lang='lat' dir='ltr'><strong>quod</strong></span> <span class='ocrx_word' id='word_1_210' title='bbox 2694 2338 2871 2393; x_wconf 90' lang='lat' dir='ltr'><strong>ventis</strong></span> <span class='ocrx_word' id='word_1_211' title='bbox 2933 2346 3134 2407; x_wconf 73' lang='lat' dir='ltr'><strong>praeter</strong></span> <span class='ocrx_word' id='word_1_212' title='bbox 3187 2337 3521 2390; x_wconf 82' lang='lat' dir='ltr'><strong>voluntatem</strong></span> 
     </span>
    </p>
   </div>
   <div class='ocr_carea' id='block_1_31' title="bbox 1950 2428 3526 2502">
    <p class='ocr_par' dir='ltr' id='par_1_31' title="bbox 1950 2428 3526 2502">
     <span class='ocr_line' id='line_1_31' title="bbox 1950 2428 3526 2502; baseline -0.007 -14"><span class='ocrx_word' id='word_1_213' title='bbox 1950 2449 2104 2488; x_wconf 90' lang='lat' dir='ltr'><strong>suam</strong></span> <span class='ocrx_word' id='word_1_214' title='bbox 2133 2435 2384 2497; x_wconf 87' lang='lat' dir='ltr'><strong>cederet;</strong></span> <span class='ocrx_word' id='word_1_215' title='bbox 2418 2433 2493 2487; x_wconf 92' lang='lat' dir='ltr'><strong>ita</strong></span> <span class='ocrx_word' id='word_1_216' title='bbox 2523 2430 2751 2502; x_wconf 86' lang='lat' dir='ltr'><strong>putabat</strong></span> <span class='ocrx_word' id='word_1_217' title='bbox 2780 2428 2870 2485; x_wconf 78' lang='lat' dir='ltr'><strong>hic</strong></span> <span class='ocrx_word' id='word_1_218' title='bbox 2890 2443 3110 2499; x_wconf 78' lang='lat' dir='ltr'><strong>quoque</strong></span> <span class='ocrx_word' id='word_1_219' title='bbox 3142 2432 3200 2496; x_wconf 91' lang='grc' dir='ltr'><strong>(ο</strong></span> <span class='ocrx_word' id='word_1_220' title='bbox 3240 2429 3526 2494; x_wconf 78' lang='lat' dir='ltr'><strong>intempe-</strong></span> 
     </span>
    </p>
   </div>
   <div class='ocr_carea' id='block_1_32' title="bbox 1952 2519 3524 2595">
    <p class='ocr_par' dir='ltr' id='par_1_32' title="bbox 1952 2519 3524 2595">
     <span class='ocr_line' id='line_1_32' title="bbox 1952 2519 3524 2595; baseline -0.005 -15"><span class='ocrx_word' id='word_1_221' title='bbox 1952 2535 2160 2581; x_wconf 87' lang='lat' dir='ltr'><strong>rantem</strong></span> <span class='ocrx_word' id='word_1_222' title='bbox 2203 2524 2510 2595; x_wconf 83' lang='lat' dir='ltr'><strong>audaciam)</strong></span> <span class='ocrx_word' id='word_1_223' title='bbox 2548 2524 2767 2595; x_wconf 89' lang='lat' dir='ltr'><strong>paulum</strong></span> <span class='ocrx_word' id='word_1_224' title='bbox 2805 2522 2938 2576; x_wconf 79' lang='lat' dir='ltr'><strong>fumi</strong></span> <span class='ocrx_word' id='word_1_225' title='bbox 2968 2520 3037 2576; x_wconf 90' lang='lat' dir='ltr'><strong>de</strong></span> <span class='ocrx_word' id='word_1_226' title='bbox 3082 2522 3204 2591; x_wconf 89' lang='lat' dir='ltr'><strong>igne</strong></span> <span class='ocrx_word' id='word_1_227' title='bbox 3257 2520 3353 2590; x_wconf 91' lang='lat' dir='ltr'><strong>qui</strong></span> <span class='ocrx_word' id='word_1_228' title='bbox 3404 2519 3524 2587; x_wconf 83' lang='lat' dir='ltr'><strong>ejus</strong></span> 
     </span>
    </p>
   </div>
   <div class='ocr_carea' id='block_1_33' title="bbox 1954 2612 3538 2687">
    <p class='ocr_par' dir='ltr' id='par_1_33' title="bbox 1954 2612 3538 2687">
     <span class='ocr_line' id='line_1_33' title="bbox 1954 2612 3538 2687; baseline -0.004 -15"><span class='ocrx_word' id='word_1_229' title='bbox 1954 2621 2008 2672; x_wconf 87' lang='lat' dir='ltr'><strong>in</strong></span> <span class='ocrx_word' id='word_1_230' title='bbox 2044 2618 2229 2672; x_wconf 85' lang='lat' dir='ltr'><strong>animo</strong></span> <span class='ocrx_word' id='word_1_231' title='bbox 2256 2617 2529 2687; x_wconf 80' lang='lat' dir='ltr'><strong>ﬂagraret,</strong></span> <span class='ocrx_word' id='word_1_232' title='bbox 2580 2614 2651 2669; x_wconf 88' lang='lat' dir='ltr'><strong>de</strong></span> <span class='ocrx_word' id='word_1_233' title='bbox 2705 2613 2989 2668; x_wconf 81' lang='lat' dir='ltr'><strong>iracundia</strong></span> <span class='ocrx_word' id='word_1_234' title='bbox 3036 2612 3267 2666; x_wconf 87' lang='lat' dir='ltr'><strong>rationis</strong></span> <span class='ocrx_word' id='word_1_235' title='bbox 3298 2619 3538 2681; x_wconf 81' lang='lat' dir='ltr'><strong>experte-</strong></span> 
     </span>
    </p>
   </div>
   <div class='ocr_carea' id='block_1_34' title="bbox 1953 2701 3523 2773">
    <p class='ocr_par' dir='ltr' id='par_1_34' title="bbox 1953 2701 3523 2773">
     <span class='ocr_line' id='line_1_34' title="bbox 1953 2701 3523 2773; baseline -0.006 -9"><span class='ocrx_word' id='word_1_236' title='bbox 1953 2710 2097 2773; x_wconf 89' lang='lat' dir='ltr'><strong>dico,</strong></span> <span class='ocrx_word' id='word_1_237' title='bbox 2123 2708 2327 2764; x_wconf 71' lang='lat' dir='ltr'><strong>Graecis</strong></span> <span class='ocrx_word' id='word_1_238' title='bbox 2346 2708 2593 2762; x_wconf 77' lang='lat' dir='ltr'><strong>funditus</strong></span> <span class='ocrx_word' id='word_1_239' title='bbox 2617 2704 2974 2760; x_wconf 79' lang='lat' dir='ltr'><strong>absumendis</strong></span> <span class='ocrx_word' id='word_1_240' title='bbox 3004 2703 3385 2758; x_wconf 75' lang='lat' dir='ltr'><strong>suﬂecturum.</strong></span> <span class='ocrx_word' id='word_1_241' title='bbox 3415 2701 3523 2756; x_wconf 87' lang='lat' dir='ltr'><strong>Sed</strong></span> 
     </span>
    </p>
   </div>
   <div class='ocr_carea' id='block_1_35' title="bbox 1956 2797 3525 2866">
    <p class='ocr_par' dir='ltr' id='par_1_35' title="bbox 1956 2797 3525 2866">
     <span class='ocr_line' id='line_1_35' title="bbox 1956 2797 3525 2866; baseline -0.003 -10"><span class='ocrx_word' id='word_1_242' title='bbox 1956 2802 2124 2856; x_wconf 89' lang='lat' dir='ltr'><strong>nimia</strong></span> <span class='ocrx_word' id='word_1_243' title='bbox 2159 2803 2240 2855; x_wconf 86' lang='lat' dir='ltr'><strong>vis</strong></span> <span class='ocrx_word' id='word_1_244' title='bbox 2268 2801 2493 2855; x_wconf 88' lang='lat' dir='ltr'><strong>absurdi</strong></span> <span class='ocrx_word' id='word_1_245' title='bbox 2547 2799 2711 2855; x_wconf 87' lang='lat' dir='ltr'><strong>studii</strong></span> <span class='ocrx_word' id='word_1_246' title='bbox 2748 2798 2880 2852; x_wconf 89' lang='lat' dir='ltr'><strong>nihil</strong></span> <span class='ocrx_word' id='word_1_247' title='bbox 2908 2798 2961 2852; x_wconf 88' lang='lat' dir='ltr'><strong>ei</strong></span> <span class='ocrx_word' id='word_1_248' title='bbox 3014 2797 3220 2866; x_wconf 86' lang='lat' dir='ltr'><strong>peperit</strong></span> <span class='ocrx_word' id='word_1_249' title='bbox 3275 2798 3525 2861; x_wconf 84' lang='lat' dir='ltr'><strong>honoris,</strong></span> 
     </span>
    </p>
   </div>
   <div class='ocr_carea' id='block_1_36' title="bbox 233 1328 1836 1401">
    <p class='ocr_par' dir='ltr' id='par_1_36' title="bbox 233 1328 1836 1401">
     <span class='ocr_line' id='line_1_36' title="bbox 233 1328 1836 1401; baseline -0.001 -19"><span class='ocrx_word' id='word_1_250' title='bbox 233 1331 568 1399; x_wconf 77' lang='grc' dir='ltr'><strong>κρατήσειν</strong></span> <span class='ocrx_word' id='word_1_251' title='bbox 602 1330 1058 1401; x_wconf 78' lang='grc' dir='ltr'><strong>προαιρουμένων</strong></span> <span class='ocrx_word' id='word_1_252' title='bbox 1092 1328 1316 1399; x_wconf 64' lang='grc' dir='ltr'><strong>πολέμῳ</strong></span> <span class='ocrx_word' id='word_1_253' title='bbox 1350 1328 1573 1381; x_wconf 80' lang='grc' dir='ltr'><strong>πίπτειν</strong></span> <span class='ocrx_word' id='word_1_254' title='bbox 1606 1328 1711 1397; x_wconf 73' lang='grc' dir='ltr'><strong>πρὸ</strong></span> <span class='ocrx_word' id='word_1_255' title='bbox 1743 1329 1836 1381; x_wconf 82' lang='grc' dir='ltr'><strong>τοῦ</strong></span> 
     </span>
    </p>
   </div>
   <div class='ocr_carea' id='block_1_37' title="bbox 233 1419 1837 1492">
    <p class='ocr_par' dir='ltr' id='par_1_37' title="bbox 233 1419 1837 1492">
     <span class='ocr_line' id='line_1_37' title="bbox 233 1419 1837 1492; baseline -0.001 -19"><span class='ocrx_word' id='word_1_256' title='bbox 233 1419 512 1492; x_wconf 73' lang='grc' dir='ltr'><strong>δεδέχθαι</strong></span> <span class='ocrx_word' id='word_1_257' title='bbox 539 1438 593 1475; x_wconf 85' lang='grc' dir='ltr'><strong>τι</strong></span> <span class='ocrx_word' id='word_1_258' title='bbox 621 1421 730 1474; x_wconf 82' lang='grc' dir='ltr'><strong>τῶν</strong></span> <span class='ocrx_word' id='word_1_259' title='bbox 759 1420 1026 1491; x_wconf 81' lang='grc' dir='ltr'><strong>αἰσχρῶν.</strong></span> <span class='ocrx_word' id='word_1_260' title='bbox 1050 1421 1261 1485; x_wconf 78' lang='grc' dir='ltr'><strong>Ἐδειξε</strong></span> <span class='ocrx_word' id='word_1_261' title='bbox 1293 1421 1402 1491; x_wconf 85' lang='grc' dir='ltr'><strong>γὰρ</strong></span> <span class='ocrx_word' id='word_1_262' title='bbox 1432 1421 1462 1473; x_wconf 81' lang='grc' dir='ltr'><strong>ὁ</strong></span> <span class='ocrx_word' id='word_1_263' title='bbox 1494 1422 1683 1489; x_wconf 77' lang='grc' dir='ltr'><strong>χρόνος</strong></span> <span class='ocrx_word' id='word_1_264' title='bbox 1708 1421 1837 1482; x_wconf 73' lang='grc' dir='ltr'><strong>τοὺς</strong></span> 
     </span>
    </p>
   </div>
   <div class='ocr_carea' id='block_1_38' title="bbox 236 1510 1838 1582">
    <p class='ocr_par' dir='ltr' id='par_1_38' title="bbox 236 1510 1838 1582">
     <span class='ocr_line' id='line_1_38' title="bbox 236 1510 1838 1582; baseline -0.003 -15"><span class='ocrx_word' id='word_1_265' title='bbox 236 1513 471 1581; x_wconf 75' lang='grc' dir='ltr'><strong>ἄνδρας</strong></span> <span class='ocrx_word' id='word_1_266' title='bbox 504 1513 692 1565; x_wconf 83' lang='grc' dir='ltr'><strong>τούσδε</strong></span> <span class='ocrx_word' id='word_1_267' title='bbox 728 1512 909 1580; x_wconf 87' lang='grc' dir='ltr'><strong>πολλῷ</strong></span> <span class='ocrx_word' id='word_1_268' title='bbox 942 1529 1007 1581; x_wconf 89' lang='grc' dir='ltr'><strong>γε</strong></span> <span class='ocrx_word' id='word_1_269' title='bbox 1043 1513 1296 1582; x_wconf 80' lang='grc' dir='ltr'><strong>κρεῖττον</strong></span> <span class='ocrx_word' id='word_1_270' title='bbox 1330 1510 1746 1579; x_wconf 68' lang='grc' dir='ltr'><strong>ἀσπαζομένους</strong></span> <span class='ocrx_word' id='word_1_271' title='bbox 1778 1511 1838 1562; x_wconf 69' lang='grc' dir='ltr'><strong>τὸ</strong></span> 
     </span>
    </p>
   </div>
   <div class='ocr_carea' id='block_1_39' title="bbox 240 1598 1837 1672">
    <p class='ocr_par' dir='ltr' id='par_1_39' title="bbox 240 1598 1837 1672">
     <span class='ocr_line' id='line_1_39' title="bbox 240 1598 1837 1672; baseline -0.002 -17"><span class='ocrx_word' id='word_1_272' title='bbox 240 1598 382 1671; x_wconf 76' lang='grc' dir='ltr'><strong>μεθ’</strong></span> <span class='ocrx_word' id='word_1_273' title='bbox 408 1601 594 1655; x_wconf 77' lang='grc' dir='ltr'><strong>ὅπλων</strong></span> <span class='ocrx_word' id='word_1_274' title='bbox 624 1601 1064 1671; x_wconf 70' lang='grc' dir='ltr'><strong>ἀγωνιζομένους</strong></span> <span class='ocrx_word' id='word_1_275' title='bbox 1090 1600 1347 1656; x_wconf 73' lang='grc' dir='ltr'><strong>τεθνάναι</strong></span> <span class='ocrx_word' id='word_1_276' title='bbox 1375 1601 1517 1672; x_wconf 69' lang='grc' dir='ltr'><strong>ὑπὲρ</strong></span> <span class='ocrx_word' id='word_1_277' title='bbox 1544 1601 1655 1655; x_wconf 84' lang='grc' dir='ltr'><strong>τῶν</strong></span> <span class='ocrx_word' id='word_1_278' title='bbox 1684 1600 1837 1669; x_wconf 74' lang='grc' dir='ltr'><strong>σφίσι</strong></span> 
     </span>
    </p>
   </div>
   <div class='ocr_carea' id='block_1_40' title="bbox 235 1689 1839 1762">
    <p class='ocr_par' dir='ltr' id='par_1_40' title="bbox 235 1689 1839 1762">
     <span class='ocr_line' id='line_1_40' title="bbox 235 1689 1839 1762; baseline -0.001 -19"><span class='ocrx_word' id='word_1_279' title='bbox 235 1689 658 1760; x_wconf 74' lang='grc' dir='ltr'><strong>διαφερόντων,</strong></span> <span class='ocrx_word' id='word_1_280' title='bbox 684 1690 718 1761; x_wconf 73' lang='grc' dir='ltr'>ἢ</span> <span class='ocrx_word' id='word_1_281' title='bbox 744 1691 892 1752; x_wconf 76' lang='grc' dir='ltr'><strong>τινὲς</strong></span> <span class='ocrx_word' id='word_1_282' title='bbox 920 1690 1261 1757; x_wconf 78' lang='grc' dir='ltr'><strong>ἀσπάζονται</strong></span> <span class='ocrx_word' id='word_1_283' title='bbox 1290 1690 1631 1760; x_wconf 73' lang='grc' dir='ltr'><strong>πανηγύρεις</strong></span> <span class='ocrx_word' id='word_1_284' title='bbox 1655 1693 1839 1762; x_wconf 68' lang='grc' dir='ltr'><strong>τρυφῇ</strong></span> 
     </span>
    </p>
   </div>
   <div class='ocr_carea' id='block_1_41' title="bbox 238 1781 1841 1854">
    <p class='ocr_par' dir='ltr' id='par_1_41' title="bbox 238 1781 1841 1854">
     <span class='ocr_line' id='line_1_41' title="bbox 238 1781 1841 1854; baseline 0.001 -20"><span class='ocrx_word' id='word_1_285' title='bbox 238 1782 350 1834; x_wconf 75' lang='grc' dir='ltr'><strong>καὶ</strong></span> <span class='ocrx_word' id='word_1_286' title='bbox 380 1781 636 1853; x_wconf 74' lang='grc' dir='ltr'><strong>ῥᾳθυμίᾳ</strong></span> <span class='ocrx_word' id='word_1_287' title='bbox 663 1782 1104 1854; x_wconf 76' lang='grc' dir='ltr'><strong>προσηλωμένοι.</strong></span> <span class='ocrx_word' id='word_1_288' title='bbox 1134 1783 1193 1837; x_wconf 88' lang='grc'><strong>’0</strong></span> <span class='ocrx_word' id='word_1_289' title='bbox 1219 1783 1277 1835; x_wconf 79' lang='grc' dir='ltr'><strong>δὲ</strong></span> <span class='ocrx_word' id='word_1_290' title='bbox 1300 1784 1368 1853; x_wconf 77' lang='grc' dir='ltr'><strong>τῇ</strong></span> <span class='ocrx_word' id='word_1_291' title='bbox 1394 1781 1504 1834; x_wconf 81' lang='grc' dir='ltr'><strong>τῶν</strong></span> <span class='ocrx_word' id='word_1_292' title='bbox 1528 1781 1841 1852; x_wconf 76' lang='grc' dir='ltr'><strong>εὐτυχημά-</strong></span> 
     </span>
    </p>
   </div>
   <div class='ocr_carea' id='block_1_42' title="bbox 239 1869 1837 1943">
    <p class='ocr_par' dir='ltr' id='par_1_42' title="bbox 239 1869 1837 1943">
     <span class='ocr_line' id='line_1_42' title="bbox 239 1869 1837 1943; baseline -0.001 -20"><span class='ocrx_word' id='word_1_293' title='bbox 239 1887 368 1924; x_wconf 87' lang='grc' dir='ltr'><strong>των</strong></span> <span class='ocrx_word' id='word_1_294' title='bbox 408 1872 729 1943; x_wconf 76' lang='grc' dir='ltr'><strong>κραιπάλῃ,</strong></span> <span class='ocrx_word' id='word_1_295' title='bbox 762 1875 857 1927; x_wconf 80' lang='grc' dir='ltr'><strong>καὶ</strong></span> <span class='ocrx_word' id='word_1_296' title='bbox 886 1875 955 1942; x_wconf 72' lang='grc' dir='ltr'><strong>τῇ</strong></span> <span class='ocrx_word' id='word_1_297' title='bbox 993 1873 1160 1943; x_wconf 75' lang='grc' dir='ltr'><strong>μανία</strong></span> <span class='ocrx_word' id='word_1_298' title='bbox 1194 1872 1303 1925; x_wconf 84' lang='grc' dir='ltr'><strong>τῶν</strong></span> <span class='ocrx_word' id='word_1_299' title='bbox 1336 1869 1486 1939; x_wconf 84' lang='grc' dir='ltr'><strong>αὐτῷ</strong></span> <span class='ocrx_word' id='word_1_300' title='bbox 1520 1870 1837 1941; x_wconf 78' lang='grc' dir='ltr'><strong>προσδοκωο</strong></span> 
     </span>
    </p>
   </div>
   <div class='ocr_carea' id='block_1_43' title="bbox 247 1963 1838 2037">
    <p class='ocr_par' dir='ltr' id='par_1_43' title="bbox 247 1963 1838 2037">
     <span class='ocr_line' id='line_1_43' title="bbox 247 1963 1838 2037; baseline -0.003 -16"><span class='ocrx_word' id='word_1_301' title='bbox 247 1964 454 2034; x_wconf 75' lang='grc' dir='ltr'><strong>μένων</strong></span> <span class='ocrx_word' id='word_1_302' title='bbox 482 1966 929 2037; x_wconf 73' lang='grc' dir='ltr'><strong>κατορθωμάτων</strong></span> <span class='ocrx_word' id='word_1_303' title='bbox 955 1964 1206 2035; x_wconf 84' lang='grc' dir='ltr'><strong>καθάπερ</strong></span> <span class='ocrx_word' id='word_1_304' title='bbox 1236 1963 1389 2034; x_wconf 81' lang='grc' dir='ltr'><strong>κῦμα</strong></span> <span class='ocrx_word' id='word_1_305' title='bbox 1413 1965 1640 2017; x_wconf 83' lang='grc' dir='ltr'><strong>τύπτειν</strong></span> <span class='ocrx_word' id='word_1_306' title='bbox 1664 1963 1838 2034; x_wconf 75' lang='grc' dir='ltr'><strong>ἠξίου,</strong></span> 
     </span>
    </p>
   </div>
   <div class='ocr_carea' id='block_1_44' title="bbox 245 2054 1842 2129">
    <p class='ocr_par' dir='ltr' id='par_1_44' title="bbox 245 2054 1842 2129">
     <span class='ocr_line' id='line_1_44' title="bbox 245 2054 1842 2129; baseline 0.001 -21"><span class='ocrx_word' id='word_1_307' title='bbox 245 2054 418 2110; x_wconf 76' lang='grc' dir='ltr'><strong>εἶκον</strong></span> <span class='ocrx_word' id='word_1_308' title='bbox 450 2057 672 2127; x_wconf 69' lang='grc' dir='ltr'><strong>ἀνιμοις</strong></span> <span class='ocrx_word' id='word_1_309' title='bbox 701 2058 854 2129; x_wconf 78' lang='grc' dir='ltr'><strong>παρά</strong></span> <span class='ocrx_word' id='word_1_310' title='bbox 881 2058 943 2111; x_wconf 84' lang='grc' dir='ltr'><strong>τδ</strong></span> <span class='ocrx_word' id='word_1_311' title='bbox 972 2057 1133 2124; x_wconf 76' lang='grc' dir='ltr'><strong>δόξαν</strong></span> <span class='ocrx_word' id='word_1_312' title='bbox 1161 2056 1310 2127; x_wconf 79' lang='grc' dir='ltr'><strong>αὐτῷ</strong></span> <span class='ocrx_word' id='word_1_313' title='bbox 1334 2072 1349 2090; x_wconf 90' lang='grc'><strong>·</strong></span> <span class='ocrx_word' id='word_1_314' title='bbox 1384 2056 1530 2110; x_wconf 76' lang='grc' dir='ltr'><strong>οὕτω</strong></span> <span class='ocrx_word' id='word_1_315' title='bbox 1558 2055 1842 2111; x_wconf 81' lang='grc' dir='ltr'><strong>κάνταῦθα</strong></span> 
     </span>
    </p>
   </div>
   <div class='ocr_carea' id='block_1_45' title="bbox 246 2147 1843 2220">
    <p class='ocr_par' dir='ltr' id='par_1_45' title="bbox 246 2147 1843 2220">
     <span class='ocr_line' id='line_1_45' title="bbox 246 2147 1843 2220; baseline -0.001 -20"><span class='ocrx_word' id='word_1_316' title='bbox 246 2148 529 2217; x_wconf 79' lang='grc' dir='ltr'><strong>νενόμικε</strong></span> <span class='ocrx_word' id='word_1_317' title='bbox 555 2147 921 2220; x_wconf 75' lang='grc' dir='ltr'><strong>(θρασύτητος</strong></span> <span class='ocrx_word' id='word_1_318' title='bbox 947 2147 1208 2220; x_wconf 78' lang='grc' dir='ltr'><strong>ἀκρασία)</strong></span> <span class='ocrx_word' id='word_1_319' title='bbox 1238 2148 1446 2202; x_wconf 70' lang='grc' dir='ltr'><strong>καπνοῦ</strong></span> <span class='ocrx_word' id='word_1_320' title='bbox 1471 2163 1526 2201; x_wconf 86' lang='grc' dir='ltr'><strong>τι</strong></span> <span class='ocrx_word' id='word_1_321' title='bbox 1555 2148 1719 2218; x_wconf 81' lang='grc' dir='ltr'><strong>μέρος</strong></span> <span class='ocrx_word' id='word_1_322' title='bbox 1745 2148 1843 2217; x_wconf 83' lang='grc' dir='ltr'><strong>ἀρ-</strong></span> 
     </span>
    </p>
   </div>
   <div class='ocr_carea' id='block_1_46' title="bbox 249 2239 1847 2313">
    <p class='ocr_par' dir='ltr' id='par_1_46' title="bbox 249 2239 1847 2313">
     <span class='ocr_line' id='line_1_46' title="bbox 249 2239 1847 2313; baseline -0.002 -16"><span class='ocrx_word' id='word_1_323' title='bbox 249 2242 458 2297; x_wconf 69' lang='grc' dir='ltr'><strong>κέσειν</strong></span> <span class='ocrx_word' id='word_1_324' title='bbox 483 2240 632 2312; x_wconf 80' lang='grc' dir='ltr'><strong>αὐτῷ</strong></span> <span class='ocrx_word' id='word_1_325' title='bbox 658 2241 751 2294; x_wconf 80' lang='grc' dir='ltr'><strong>τοῦ</strong></span> <span class='ocrx_word' id='word_1_326' title='bbox 782 2243 840 2295; x_wconf 72' lang='lat' dir='ltr'><strong>tv</strong></span> <span class='ocrx_word' id='word_1_327' title='bbox 868 2244 934 2313; x_wconf 70' lang='grc' dir='ltr'><strong>τῇ</strong></span> <span class='ocrx_word' id='word_1_328' title='bbox 961 2241 1111 2313; x_wconf 74' lang='grc' dir='ltr'><strong>ψυχῇ</strong></span> <span class='ocrx_word' id='word_1_329' title='bbox 1142 2241 1316 2313; x_wconf 78' lang='grc' dir='ltr'><strong>πυρὸς</strong></span> <span class='ocrx_word' id='word_1_330' title='bbox 1344 2240 1582 2307; x_wconf 75' lang='grc' dir='ltr'><strong>ζέοντος,</strong></span> <span class='ocrx_word' id='word_1_331' title='bbox 1613 2241 1755 2308; x_wconf 79' lang='grc' dir='ltr'><strong>λέγω</strong></span> <span class='ocrx_word' id='word_1_332' title='bbox 1779 2239 1847 2310; x_wconf 73' lang='grc' dir='ltr'><strong>δὴ</strong></span> 
     </span>
    </p>
   </div>
   <div class='ocr_carea' id='block_1_47' title="bbox 250 2334 1845 2406">
    <p class='ocr_par' dir='ltr' id='par_1_47' title="bbox 250 2334 1845 2406">
     <span class='ocr_line' id='line_1_47' title="bbox 250 2334 1845 2406; baseline -0.002 -17"><span class='ocrx_word' id='word_1_333' title='bbox 250 2339 357 2389; x_wconf 77' lang='grc' dir='ltr'><strong>τοῦ</strong></span> <span class='ocrx_word' id='word_1_334' title='bbox 391 2336 551 2406; x_wconf 87' lang='grc' dir='ltr'><strong>παρά</strong></span> <span class='ocrx_word' id='word_1_335' title='bbox 575 2335 732 2404; x_wconf 80' lang='grc' dir='ltr'><strong>λόγον</strong></span> <span class='ocrx_word' id='word_1_336' title='bbox 759 2334 959 2405; x_wconf 82' lang='grc' dir='ltr'><strong>θυμοῦ,</strong></span> <span class='ocrx_word' id='word_1_337' title='bbox 985 2335 1253 2390; x_wconf 73' lang='grc' dir='ltr'><strong>πασσυόεὶ</strong></span> <span class='ocrx_word' id='word_1_338' title='bbox 1275 2334 1401 2397; x_wconf 80' lang='grc' dir='ltr'><strong>τοὺς</strong></span> <span class='ocrx_word' id='word_1_339' title='bbox 1419 2334 1689 2403; x_wconf 83' lang='grc' dir='ltr'><strong>Ἕλληνας</strong></span> <span class='ocrx_word' id='word_1_340' title='bbox 1717 2335 1845 2388; x_wconf 81' lang='grc' dir='ltr'><strong>ἀνα-</strong></span> 
     </span>
    </p>
   </div>
   <div class='ocr_carea' id='block_1_48' title="bbox 250 2425 1847 2498">
    <p class='ocr_par' dir='ltr' id='par_1_48' title="bbox 250 2425 1847 2498">
     <span class='ocr_line' id='line_1_48' title="bbox 250 2425 1847 2498; baseline -0.001 -19"><span class='ocrx_word' id='word_1_341' title='bbox 250 2427 472 2481; x_wconf 83' lang='grc' dir='ltr'><strong>λῶσαι.</strong></span> <span class='ocrx_word' id='word_1_342' title='bbox 518 2426 657 2481; x_wconf 73' lang='grc' dir='ltr'><strong>Ἀλλ’</strong></span> <span class='ocrx_word' id='word_1_343' title='bbox 688 2429 723 2498; x_wconf 73' lang='grc' dir='ltr'><strong>ἡ</strong></span> <span class='ocrx_word' id='word_1_344' title='bbox 771 2427 866 2496; x_wconf 77' lang='grc' dir='ltr'><strong>τῆς</strong></span> <span class='ocrx_word' id='word_1_345' title='bbox 918 2426 1151 2497; x_wconf 80' lang='grc' dir='ltr'><strong>ἀκαίρου</strong></span> <span class='ocrx_word' id='word_1_346' title='bbox 1204 2425 1519 2496; x_wconf 79' lang='grc' dir='ltr'><strong>φιλοτιμίας</strong></span> <span class='ocrx_word' id='word_1_347' title='bbox 1572 2425 1847 2495; x_wconf 71' lang='grc' dir='ltr'><strong>ὑπερϐολὴ</strong></span> 
     </span>
    </p>
   </div>
   <div class='ocr_carea' id='block_1_49' title="bbox 254 2516 1848 2588">
    <p class='ocr_par' dir='ltr' id='par_1_49' title="bbox 254 2516 1848 2588">
     <span class='ocr_line' id='line_1_49' title="bbox 254 2516 1848 2588; baseline -0.001 -17"><span class='ocrx_word' id='word_1_348' title='bbox 254 2519 430 2572; x_wconf 71' lang='grc' dir='ltr'><strong>οὺδὶν</strong></span> <span class='ocrx_word' id='word_1_349' title='bbox 467 2519 663 2587; x_wconf 68' lang='grc' dir='ltr'><strong>ἑκείνῳ</strong></span> <span class='ocrx_word' id='word_1_350' title='bbox 702 2518 868 2588; x_wconf 80' lang='grc' dir='ltr'><strong>τιμῆς</strong></span> <span class='ocrx_word' id='word_1_351' title='bbox 911 2518 1174 2587; x_wconf 77' lang='grc' dir='ltr'><strong>ἀπένειμε</strong></span> <span class='ocrx_word' id='word_1_352' title='bbox 1201 2533 1214 2551; x_wconf 76' lang='grc' dir='ltr'><strong><em>ο</em></strong></span> <span class='ocrx_word' id='word_1_353' title='bbox 1262 2517 1399 2585; x_wconf 82' lang='grc' dir='ltr'><strong>πρὸς</strong></span> <span class='ocrx_word' id='word_1_354' title='bbox 1438 2517 1496 2570; x_wconf 77' lang='grc' dir='ltr'><strong>δὲ</strong></span> <span class='ocrx_word' id='word_1_355' title='bbox 1536 2516 1848 2571; x_wconf 84' lang='grc' dir='ltr'><strong>τούναντίον</strong></span> 
     </span>
    </p>
   </div>
   <div class='ocr_carea' id='block_1_50' title="bbox 258 2606 1849 2679">
    <p class='ocr_par' dir='ltr' id='par_1_50' title="bbox 258 2606 1849 2679">
     <span class='ocr_line' id='line_1_50' title="bbox 258 2606 1849 2679; baseline -0.003 -16"><span class='ocrx_word' id='word_1_356' title='bbox 258 2609 467 2678; x_wconf 79' lang='grc' dir='ltr'><strong>σαφῶς</strong></span> <span class='ocrx_word' id='word_1_357' title='bbox 509 2606 658 2678; x_wconf 78' lang='grc' dir='ltr'><strong>αύτῷ</strong></span> <span class='ocrx_word' id='word_1_358' title='bbox 699 2609 799 2678; x_wconf 77' lang='grc' dir='ltr'><strong>τὴν</strong></span> <span class='ocrx_word' id='word_1_359' title='bbox 841 2607 1172 2679; x_wconf 71' lang='grc' dir='ltr'><strong>προσδοκίαν</strong></span> <span class='ocrx_word' id='word_1_360' title='bbox 1213 2606 1601 2677; x_wconf 74' lang='grc' dir='ltr'><strong>ἀντέστρεψεν.</strong></span> <span class='ocrx_word' id='word_1_361' title='bbox 1641 2606 1700 2660; x_wconf 85' lang='grc'><strong>’0</strong></span> <span class='ocrx_word' id='word_1_362' title='bbox 1738 2608 1849 2678; x_wconf 69' lang='grc' dir='ltr'><strong>γάρ</strong></span> 
     </span>
    </p>
   </div>
   <div class='ocr_carea' id='block_1_51' title="bbox 259 2698 1851 2774">
    <p class='ocr_par' dir='ltr' id='par_1_51' title="bbox 259 2698 1851 2774">
     <span class='ocr_line' id='line_1_51' title="bbox 259 2698 1851 2774; baseline -0.004 -18"><span class='ocrx_word' id='word_1_363' title='bbox 259 2706 333 2774; x_wconf 79' lang='grc' dir='ltr'><strong>τῇ</strong></span> <span class='ocrx_word' id='word_1_364' title='bbox 375 2702 579 2773; x_wconf 77' lang='grc' dir='ltr'><strong>βροντῇ</strong></span> <span class='ocrx_word' id='word_1_365' title='bbox 610 2701 711 2771; x_wconf 69' lang='grc' dir='ltr'><strong>τῆς</strong></span> <span class='ocrx_word' id='word_1_366' title='bbox 744 2701 932 2771; x_wconf 82' lang='grc' dir='ltr'><strong>φήμης</strong></span> <span class='ocrx_word' id='word_1_367' title='bbox 962 2700 1029 2752; x_wconf 71' lang='grc' dir='ltr'><strong>τὰ</strong></span> <span class='ocrx_word' id='word_1_368' title='bbox 1058 2699 1168 2752; x_wconf 84' lang='grc' dir='ltr'><strong>τῶν</strong></span> <span class='ocrx_word' id='word_1_369' title='bbox 1200 2698 1413 2751; x_wconf 82' lang='grc' dir='ltr'><strong>πολλῶν</strong></span> <span class='ocrx_word' id='word_1_370' title='bbox 1447 2698 1691 2767; x_wconf 76' lang='grc' dir='ltr'><strong>κυκήσας</strong></span> <span class='ocrx_word' id='word_1_371' title='bbox 1725 2713 1851 2767; x_wconf 81' lang='grc' dir='ltr'><strong>φρο-</strong></span> 
     </span>
    </p>
   </div>
   <div class='ocr_carea' id='block_1_52' title="bbox 261 2788 1850 2866">
    <p class='ocr_par' dir='ltr' id='par_1_52' title="bbox 261 2788 1850 2866">
     <span class='ocr_line' id='line_1_52' title="bbox 261 2788 1850 2866; baseline -0.006 -17"><span class='ocrx_word' id='word_1_372' title='bbox 261 2798 519 2866; x_wconf 83' lang='grc' dir='ltr'><strong>νήματα,</strong></span> <span class='ocrx_word' id='word_1_373' title='bbox 548 2796 642 2847; x_wconf 80' lang='grc' dir='ltr'><strong>καὶ</strong></span> <span class='ocrx_word' id='word_1_374' title='bbox 668 2792 892 2856; x_wconf 84' lang='grc' dir='ltr'><strong>τούτους</strong></span> <span class='ocrx_word' id='word_1_375' title='bbox 920 2791 1101 2856; x_wconf 81' lang='grc' dir='ltr'><strong>δείξας</strong></span> <span class='ocrx_word' id='word_1_376' title='bbox 1128 2790 1581 2860; x_wconf 79' lang='grc' dir='ltr'><strong>καλινδουμένους</strong></span> <span class='ocrx_word' id='word_1_377' title='bbox 1608 2789 1715 2859; x_wconf 79' lang='grc' dir='ltr'><strong>πρὸ</strong></span> <span class='ocrx_word' id='word_1_378' title='bbox 1744 2788 1850 2842; x_wconf 83' lang='grc' dir='ltr'><strong>τῶν</strong></span> 
     </span>
    </p>
   </div>
   <div class='ocr_carea' id='block_1_53' title="bbox 264 2880 1851 2953">
    <p class='ocr_par' dir='ltr' id='par_1_53' title="bbox 264 2880 1851 2953">
     <span class='ocr_line' id='line_1_53' title="bbox 264 2880 1851 2953; baseline -0.003 -14"><span class='ocrx_word' id='word_1_379' title='bbox 264 2886 462 2941; x_wconf 79' lang='grc' dir='ltr'><strong>ποδῶν</strong></span> <span class='ocrx_word' id='word_1_380' title='bbox 511 2885 697 2950; x_wconf 77' lang='grc' dir='ltr'><strong>αὑτοῦ,</strong></span> <span class='ocrx_word' id='word_1_381' title='bbox 746 2884 1047 2953; x_wconf 77' lang='grc' dir='ltr'><strong>φθάνοντας</strong></span> <span class='ocrx_word' id='word_1_382' title='bbox 1096 2884 1165 2937; x_wconf 79' lang='grc' dir='ltr'><strong>τὰ</strong></span> <span class='ocrx_word' id='word_1_383' title='bbox 1211 2884 1369 2935; x_wconf 79' lang='grc' dir='ltr'><strong>τοῦδε</strong></span> <span class='ocrx_word' id='word_1_384' title='bbox 1423 2880 1851 2952; x_wconf 77' lang='grc' dir='ltr'><strong>προστάγματα,</strong></span> 
     </span>
    </p>
   </div>
   <div class='ocr_carea' id='block_1_54' title="bbox 265 2975 1851 3050">
    <p class='ocr_par' dir='ltr' id='par_1_54' title="bbox 265 2975 1851 3050">
     <span class='ocr_line' id='line_1_54' title="bbox 265 2975 1851 3050; baseline -0.005 -15"><span class='ocrx_word' id='word_1_385' title='bbox 265 2980 514 3050; x_wconf 71' lang='grc' dir='ltr'><strong>ἀκονητὶ</strong></span> <span class='ocrx_word' id='word_1_386' title='bbox 553 2981 648 3033; x_wconf 80' lang='grc' dir='ltr'><strong>καὶ</strong></span> <span class='ocrx_word' id='word_1_387' title='bbox 680 2980 780 3050; x_wconf 76' lang='grc' dir='ltr'><strong>τὴν</strong></span> <span class='ocrx_word' id='word_1_388' title='bbox 814 2979 1042 3033; x_wconf 78' lang='grc' dir='ltr'><strong>Ἐλλάδα</strong></span> <span class='ocrx_word' id='word_1_389' title='bbox 1083 2975 1539 3047; x_wconf 78' lang='grc' dir='ltr'><strong>προσκτήσασθαι</strong></span> <span class='ocrx_word' id='word_1_390' title='bbox 1579 2976 1851 3042; x_wconf 78' lang='grc' dir='ltr'><strong>φανταζό-</strong></span> 
     </span>
    </p>
   </div>
   <div class='ocr_carea' id='block_1_55' title="bbox 1956 2880 3527 2962">
    <p class='ocr_par' dir='ltr' id='par_1_55' title="bbox 1956 2880 3527 2962">
     <span class='ocr_line' id='line_1_55' title="bbox 1956 2880 3527 2962; baseline -0.003 -15"><span class='ocrx_word' id='word_1_391' title='bbox 1956 2907 2022 2947; x_wconf 91' lang='lat' dir='ltr'><strong>ac</strong></span> <span class='ocrx_word' id='word_1_392' title='bbox 2052 2892 2329 2948; x_wconf 86' lang='lat' dir='ltr'><strong>diversum</strong></span> <span class='ocrx_word' id='word_1_393' title='bbox 2359 2891 2543 2962; x_wconf 91' lang='lat' dir='ltr'><strong>potius</strong></span> <span class='ocrx_word' id='word_1_394' title='bbox 2607 2892 2813 2944; x_wconf 79' lang='lat' dir='ltr'><strong>exitum</strong></span> <span class='ocrx_word' id='word_1_395' title='bbox 2865 2888 2981 2958; x_wconf 87' lang='lat' dir='ltr'><strong>spei</strong></span> <span class='ocrx_word' id='word_1_396' title='bbox 3019 2888 3186 2943; x_wconf 80' lang='lat' dir='ltr'><strong>dedit.</strong></span> <span class='ocrx_word' id='word_1_397' title='bbox 3248 2880 3381 2941; x_wconf 83' lang='lat' dir='ltr'><strong>Nam</strong></span> <span class='ocrx_word' id='word_1_398' title='bbox 3430 2886 3527 2955; x_wconf 90' lang='lat' dir='ltr'><strong>qui</strong></span> 
     </span>
    </p>
   </div>
   <div class='ocr_carea' id='block_1_56' title="bbox 1957 2979 3527 3052">
    <p class='ocr_par' dir='ltr' id='par_1_56' title="bbox 1957 2979 3527 3052">
     <span class='ocr_line' id='line_1_56' title="bbox 1957 2979 3527 3052; baseline -0.003 -14"><span class='ocrx_word' id='word_1_399' title='bbox 1957 2985 2196 3040; x_wconf 84' lang='lat' dir='ltr'><strong>rumoris</strong></span> <span class='ocrx_word' id='word_1_400' title='bbox 2229 2985 2433 3038; x_wconf 88' lang='lat' dir='ltr'><strong>tonitru</strong></span> <span class='ocrx_word' id='word_1_401' title='bbox 2461 2982 2827 3052; x_wconf 84' lang='lat' dir='ltr'><strong>complurium</strong></span> <span class='ocrx_word' id='word_1_402' title='bbox 2851 2980 3268 3050; x_wconf 88' lang='lat' dir='ltr'><strong>perturbaverat</strong></span> <span class='ocrx_word' id='word_1_403' title='bbox 3288 2979 3527 3040; x_wconf 88' lang='lat' dir='ltr'><strong>animos,</strong></span> 
     </span>
    </p>
   </div>
   <div class='ocr_carea' id='block_1_57' title="bbox 271 3068 1857 3142">
    <p class='ocr_par' dir='ltr' id='par_1_57' title="bbox 271 3068 1857 3142">
     <span class='ocr_line' id='line_1_57' title="bbox 271 3068 1857 3142; baseline -0.003 -15"><span class='ocrx_word' id='word_1_404' title='bbox 271 3091 450 3142; x_wconf 84' lang='grc' dir='ltr'><strong>μενος</strong></span> <span class='ocrx_word' id='word_1_405' title='bbox 470 3113 487 3139; x_wconf 91' lang='grc'><strong>,</strong></span> <span class='ocrx_word' id='word_1_406' title='bbox 525 3073 619 3126; x_wconf 76' lang='grc' dir='ltr'><strong>καὶ</strong></span> <span class='ocrx_word' id='word_1_407' title='bbox 655 3071 977 3142; x_wconf 74' lang='grc' dir='ltr'><strong>παμπληθεὶ</strong></span> <span class='ocrx_word' id='word_1_408' title='bbox 1006 3069 1069 3124; x_wconf 83' lang='grc' dir='ltr'><strong>τὺ</strong></span> <span class='ocrx_word' id='word_1_409' title='bbox 1099 3069 1413 3139; x_wconf 78' lang='grc' dir='ltr'><strong>Ἑλληνικὸν</strong></span> <span class='ocrx_word' id='word_1_410' title='bbox 1446 3068 1697 3141; x_wconf 83' lang='grc' dir='ltr'><strong>καθάπερ</strong></span> <span class='ocrx_word' id='word_1_411' title='bbox 1731 3072 1857 3122; x_wconf 83' lang='grc' dir='ltr'><strong>παϊ-</strong></span> 
     </span>
    </p>
   </div>
   <div class='ocr_carea' id='block_1_58' title="bbox 268 3162 1856 3233">
    <p class='ocr_par' dir='ltr' id='par_1_58' title="bbox 268 3162 1856 3233">
     <span class='ocr_line' id='line_1_58' title="bbox 268 3162 1856 3233; baseline -0.004 -12"><span class='ocrx_word' id='word_1_412' title='bbox 268 3168 373 3230; x_wconf 78' lang='grc' dir='ltr'><strong>δάς</strong></span> <span class='ocrx_word' id='word_1_413' title='bbox 422 3182 577 3231; x_wconf 86' lang='grc' dir='ltr'><strong>τινας</strong></span> <span class='ocrx_word' id='word_1_414' title='bbox 621 3164 783 3229; x_wconf 77' lang='grc' dir='ltr'><strong>ἑλεῖν,</strong></span> <span class='ocrx_word' id='word_1_415' title='bbox 830 3163 1025 3227; x_wconf 81' lang='grc' dir='ltr'><strong>παῖδάς</strong></span> <span class='ocrx_word' id='word_1_416' title='bbox 1068 3179 1134 3233; x_wconf 79' lang='grc' dir='ltr'><strong>γε</strong></span> <span class='ocrx_word' id='word_1_417' title='bbox 1180 3163 1288 3216; x_wconf 86' lang='grc' dir='ltr'><strong>τῶν</strong></span> <span class='ocrx_word' id='word_1_418' title='bbox 1332 3162 1725 3232; x_wconf 84' lang='grc' dir='ltr'><strong>θρυπτομένων</strong></span> <span class='ocrx_word' id='word_1_419' title='bbox 1766 3163 1856 3215; x_wconf 77' lang='grc' dir='ltr'><strong>ἐπ’</strong></span> 
     </span>
    </p>
   </div>
   <div class='ocr_carea' id='block_1_59' title="bbox 1960 3071 3526 3147">
    <p class='ocr_par' dir='ltr' id='par_1_59' title="bbox 1960 3071 3526 3147">
     <span class='ocr_line' id='line_1_59' title="bbox 1960 3071 3526 3147; baseline -0.004 -15"><span class='ocrx_word' id='word_1_420' title='bbox 1960 3090 2136 3146; x_wconf 87' lang='lat' dir='ltr'><strong>eoque</strong></span> <span class='ocrx_word' id='word_1_421' title='bbox 2166 3076 2470 3147; x_wconf 73' lang='lat' dir='ltr'><strong>redegerat,</strong></span> <span class='ocrx_word' id='word_1_422' title='bbox 2512 3083 2571 3129; x_wconf 89' lang='lat' dir='ltr'><strong>ut</strong></span> <span class='ocrx_word' id='word_1_423' title='bbox 2602 3074 2869 3143; x_wconf 87' lang='lat' dir='ltr'><strong>imperata</strong></span> <span class='ocrx_word' id='word_1_424' title='bbox 2927 3073 3099 3142; x_wconf 86' lang='lat' dir='ltr'><strong>ipsius</strong></span> <span class='ocrx_word' id='word_1_425' title='bbox 3134 3071 3526 3141; x_wconf 85' lang='lat' dir='ltr'><strong>anticipantes,</strong></span> 
     </span>
    </p>
   </div>
   <div class='ocr_carea' id='block_1_60' title="bbox 1961 3162 3532 3237">
    <p class='ocr_par' dir='ltr' id='par_1_60' title="bbox 1961 3162 3532 3237">
     <span class='ocr_line' id='line_1_60' title="bbox 1961 3162 3532 3237; baseline -0.003 -15"><span class='ocrx_word' id='word_1_426' title='bbox 1961 3167 2028 3223; x_wconf 84' lang='lat' dir='ltr'><strong>ad</strong></span> <span class='ocrx_word' id='word_1_427' title='bbox 2052 3168 2217 3237; x_wconf 82' lang='lat' dir='ltr'><strong>pedes</strong></span> <span class='ocrx_word' id='word_1_428' title='bbox 2249 3167 2370 3235; x_wconf 87' lang='lat' dir='ltr'><strong>ejus</strong></span> <span class='ocrx_word' id='word_1_429' title='bbox 2399 3180 2520 3221; x_wconf 86' lang='lat' dir='ltr'><strong>sese</strong></span> <span class='ocrx_word' id='word_1_430' title='bbox 2550 3172 2998 3236; x_wconf 82' lang='lat' dir='ltr'><strong>prosternerent;</strong></span> <span class='ocrx_word' id='word_1_431' title='bbox 3031 3162 3163 3219; x_wconf 87' lang='lat' dir='ltr'><strong>dum</strong></span> <span class='ocrx_word' id='word_1_432' title='bbox 3192 3163 3399 3233; x_wconf 82' lang='lat' dir='ltr'><strong>absque</strong></span> <span class='ocrx_word' id='word_1_433' title='bbox 3446 3162 3532 3217; x_wconf 85' lang='lat' dir='ltr'><strong>la-</strong></span> 
     </span>
    </p>
   </div>
   <div class='ocr_carea' id='block_1_61' title="bbox 268 3243 1851 3329">
    <p class='ocr_par' dir='ltr' id='par_1_61' title="bbox 268 3252 1851 3329">
     <span class='ocr_line' id='line_1_61' title="bbox 268 3252 1851 3329; baseline -0.005 -16"><span class='ocrx_word' id='word_1_434' title='bbox 268 3259 519 3327; x_wconf 71' lang='grc' dir='ltr'><strong>ἀγορᾶς,</strong></span> <span class='ocrx_word' id='word_1_435' title='bbox 562 3257 659 3309; x_wconf 74' lang='grc' dir='ltr'><strong>καὶ</strong></span> <span class='ocrx_word' id='word_1_436' title='bbox 708 3254 1086 3324; x_wconf 81' lang='grc' dir='ltr'><strong>προσεχόντων</strong></span> <span class='ocrx_word' id='word_1_437' title='bbox 1130 3253 1436 3329; x_wconf 79' lang='grc' dir='ltr'><strong>ἀθύρμασι,</strong></span> <span class='ocrx_word' id='word_1_438' title='bbox 1482 3254 1577 3306; x_wconf 83' lang='grc' dir='ltr'><strong>καὶ</strong></span> <span class='ocrx_word' id='word_1_439' title='bbox 1625 3252 1851 3323; x_wconf 79' lang='grc' dir='ltr'><strong>μηδενὸς</strong></span> 
     </span>
    </p>
   </div>
   <div class='ocr_carea' id='block_1_62' title="bbox 1954 3243 3531 3329">
    <p class='ocr_par' dir='ltr' id='par_1_62' title="bbox 1960 3254 3531 3328">
     <span class='ocr_line' id='line_1_62' title="bbox 1960 3254 3531 3328; baseline -0.005 -12"><span class='ocrx_word' id='word_1_440' title='bbox 1960 3262 2091 3316; x_wconf 89' lang='lat' dir='ltr'><strong>bore</strong></span> <span class='ocrx_word' id='word_1_441' title='bbox 2115 3274 2175 3315; x_wconf 81' lang='lat' dir='ltr'><strong>se</strong></span> <span class='ocrx_word' id='word_1_442' title='bbox 2205 3258 2468 3315; x_wconf 55' lang='lat' dir='ltr'><strong>Graecisin</strong></span> <span class='ocrx_word' id='word_1_443' title='bbox 2506 3270 2727 3328; x_wconf 86' lang='lat' dir='ltr'><strong>quoque</strong></span> <span class='ocrx_word' id='word_1_444' title='bbox 2769 3255 2961 3313; x_wconf 88' lang='lat' dir='ltr'><strong>ditioni</strong></span> <span class='ocrx_word' id='word_1_445' title='bbox 3015 3256 3355 3324; x_wconf 77' lang='lat' dir='ltr'><strong>adiecturum</strong></span> <span class='ocrx_word' id='word_1_446' title='bbox 3393 3254 3531 3309; x_wconf 87' lang='lat' dir='ltr'><strong>ima-</strong></span> 
     </span>
    </p>
   </div>
   <div class='ocr_carea' id='block_1_63' title="bbox 270 3336 1857 3419">
    <p class='ocr_par' dir='ltr' id='par_1_63' title="bbox 270 3336 1857 3419">
     <span class='ocr_line' id='line_1_63' title="bbox 270 3336 1857 3419; baseline -0.016 0"><span class='ocrx_word' id='word_1_447' title='bbox 270 3351 417 3419; x_wconf 72' lang='grc' dir='ltr'><strong>γοῦν</strong></span> <span class='ocrx_word' id='word_1_448' title='bbox 453 3350 823 3417; x_wconf 75' lang='grc' dir='ltr'><strong>γεγευμένους</strong></span> <span class='ocrx_word' id='word_1_449' title='bbox 864 3346 1237 3416; x_wconf 82' lang='grc' dir='ltr'><strong>προσήκοντος</strong></span> <span class='ocrx_word' id='word_1_450' title='bbox 1276 3336 1534 3415; x_wconf 73' lang='grc' dir='ltr'><strong>ἀνδράσιν</strong></span> <span class='ocrx_word' id='word_1_451' title='bbox 1568 3346 1857 3415; x_wconf 71' lang='grc' dir='ltr'><strong>ἐπιτηδεύ-</strong></span> 
     </span>
    </p>
   </div>
   <div class='ocr_carea' id='block_1_64' title="bbox 278 3422 1855 3514">
    <p class='ocr_par' dir='ltr' id='par_1_64' title="bbox 278 3422 1855 3514">
     <span class='ocr_line' id='line_1_64' title="bbox 278 3422 1855 3514; baseline -0.004 -19"><span class='ocrx_word' id='word_1_452' title='bbox 278 3459 493 3514; x_wconf 85' lang='grc' dir='ltr'><strong>ματος,</strong></span> <span class='ocrx_word' id='word_1_453' title='bbox 528 3441 642 3494; x_wconf 78' lang='grc' dir='ltr'><strong>ἁλλ⁹</strong></span> <span class='ocrx_word' id='word_1_454' title='bbox 663 3440 724 3493; x_wconf 72' lang='grc' dir='ltr'><strong>ἓν</strong></span> <span class='ocrx_word' id='word_1_455' title='bbox 753 3455 817 3507; x_wconf 87' lang='grc' dir='ltr'><strong>γε</strong></span> <span class='ocrx_word' id='word_1_456' title='bbox 843 3438 1002 3492; x_wconf 78' lang='grc' dir='ltr'><strong>τοῦτο</strong></span> <span class='ocrx_word' id='word_1_457' title='bbox 1033 3422 1454 3508; x_wconf 78' lang='grc' dir='ltr'><strong>μεμαθηκότας,</strong></span> <span class='ocrx_word' id='word_1_458' title='bbox 1485 3437 1767 3506; x_wconf 80' lang='grc' dir='ltr'><strong>ὀρχεῖσθαί</strong></span> <span class='ocrx_word' id='word_1_459' title='bbox 1797 3454 1855 3489; x_wconf 89' lang='grc' dir='ltr'><strong>τε</strong></span> 
     </span>
    </p>
   </div>
   <div class='ocr_carea' id='block_1_65' title="bbox 274 3528 1860 3598">
    <p class='ocr_par' dir='ltr' id='par_1_65' title="bbox 274 3528 1860 3598">
     <span class='ocr_line' id='line_1_65' title="bbox 274 3528 1860 3598; baseline -0.006 -8"><span class='ocrx_word' id='word_1_460' title='bbox 274 3536 382 3591; x_wconf 77' lang='grc' dir='ltr'><strong>καὶ</strong></span> <span class='ocrx_word' id='word_1_461' title='bbox 412 3529 764 3596; x_wconf 80' lang='grc' dir='ltr'><strong>ἀκκίζεσθαι,</strong></span> <span class='ocrx_word' id='word_1_462' title='bbox 794 3528 1151 3598; x_wconf 74' lang='grc' dir='ltr'><strong>γυναικώδεις</strong></span> <span class='ocrx_word' id='word_1_463' title='bbox 1178 3528 1275 3582; x_wconf 78' lang='grc' dir='ltr'><strong>καὶ</strong></span> <span class='ocrx_word' id='word_1_464' title='bbox 1302 3530 1401 3596; x_wconf 68' lang='grc' dir='ltr'><strong>τὴν</strong></span> <span class='ocrx_word' id='word_1_465' title='bbox 1431 3529 1611 3597; x_wconf 81' lang='grc' dir='ltr'><strong>φύσιν,</strong></span> <span class='ocrx_word' id='word_1_466' title='bbox 1646 3528 1738 3582; x_wconf 68' lang='grc' dir='ltr'><strong>καὶ</strong></span> <span class='ocrx_word' id='word_1_467' title='bbox 1763 3529 1860 3598; x_wconf 78' lang='grc' dir='ltr'><strong>τὴν</strong></span> 
     </span>
    </p>
   </div>
   <div class='ocr_carea' id='block_1_66' title="bbox 274 3622 1858 3697">
    <p class='ocr_par' dir='ltr' id='par_1_66' title="bbox 274 3622 1858 3697">
     <span class='ocr_line' id='line_1_66' title="bbox 274 3622 1858 3697; baseline -0.018 0"><span class='ocrx_word' id='word_1_468' title='bbox 274 3629 551 3697; x_wconf 79' lang='grc' dir='ltr'><strong>γνώμην,</strong></span> <span class='ocrx_word' id='word_1_469' title='bbox 582 3626 677 3679; x_wconf 77' lang='grc' dir='ltr'><strong>καὶ</strong></span> <span class='ocrx_word' id='word_1_470' title='bbox 706 3626 806 3693; x_wconf 78' lang='grc' dir='ltr'><strong>τὴν</strong></span> <span class='ocrx_word' id='word_1_471' title='bbox 838 3622 1084 3676; x_wconf 69' lang='grc' dir='ltr'><strong>παιδείαν</strong></span> <span class='ocrx_word' id='word_1_472' title='bbox 1116 3622 1465 3692; x_wconf 84' lang='grc' dir='ltr'><strong>ὑπάρχοντας</strong></span> <span class='ocrx_word' id='word_1_473' title='bbox 1488 3638 1502 3653; x_wconf 79' lang='grc'><strong><em>⁸</em></strong></span> <span class='ocrx_word' id='word_1_474' title='bbox 1534 3624 1563 3674; x_wconf 86' lang='grc' dir='ltr'><strong>ὁ</strong></span> <span class='ocrx_word' id='word_1_475' title='bbox 1593 3622 1824 3690; x_wconf 74' lang='grc' dir='ltr'><strong>σοϐαρὸς</strong></span> <span class='ocrx_word' id='word_1_476' title='bbox 1843 3662 1858 3685; x_wconf 84' lang='lat'><strong>,</strong></span> 
     </span>
    </p>
   </div>
   <div class='ocr_carea' id='block_1_67' title="bbox 277 3711 1865 3787">
    <p class='ocr_par' dir='ltr' id='par_1_67' title="bbox 277 3711 1865 3787">
     <span class='ocr_line' id='line_1_67' title="bbox 277 3711 1865 3787; baseline -0.005 -15"><span class='ocrx_word' id='word_1_477' title='bbox 277 3719 386 3772; x_wconf 79' lang='grc' dir='ltr'><strong>καὶ</strong></span> <span class='ocrx_word' id='word_1_478' title='bbox 422 3716 782 3787; x_wconf 78' lang='grc' dir='ltr'><strong>ύπερνεφῶν,</strong></span> <span class='ocrx_word' id='word_1_479' title='bbox 815 3715 911 3766; x_wconf 73' lang='grc' dir='ltr'><strong>καὶ</strong></span> <span class='ocrx_word' id='word_1_480' title='bbox 945 3714 1399 3782; x_wconf 83' lang='grc' dir='ltr'><strong>γεγαυρωμένος,</strong></span> <span class='ocrx_word' id='word_1_481' title='bbox 1433 3714 1462 3764; x_wconf 86' lang='grc' dir='ltr'>ὁ</span> <span class='ocrx_word' id='word_1_482' title='bbox 1494 3711 1734 3765; x_wconf 81' lang='grc' dir='ltr'><strong>τοσαῦτα</strong></span> <span class='ocrx_word' id='word_1_483' title='bbox 1767 3714 1865 3781; x_wconf 73' lang='grc' dir='ltr'><strong>ἑμ-</strong></span> 
     </span>
    </p>
   </div>
   <div class='ocr_carea' id='block_1_68' title="bbox 286 3804 1865 3875">
    <p class='ocr_par' dir='ltr' id='par_1_68' title="bbox 286 3804 1865 3875">
     <span class='ocr_line' id='line_1_68' title="bbox 286 3804 1865 3875; baseline -0.004 -13"><span class='ocrx_word' id='word_1_484' title='bbox 286 3810 543 3864; x_wconf 79' lang='grc' dir='ltr'><strong>6ατεύων</strong></span> <span class='ocrx_word' id='word_1_485' title='bbox 586 3811 665 3872; x_wconf 82' lang='grc' dir='ltr'><strong>είς</strong></span> <span class='ocrx_word' id='word_1_486' title='bbox 706 3807 776 3860; x_wconf 84' lang='grc' dir='ltr'><strong>τὰ</strong></span> <span class='ocrx_word' id='word_1_487' title='bbox 813 3805 1085 3874; x_wconf 79' lang='grc' dir='ltr'><strong>Ἐλλήνων</strong></span> <span class='ocrx_word' id='word_1_488' title='bbox 1125 3804 1450 3875; x_wconf 86' lang='grc' dir='ltr'><strong>πράγματα,</strong></span> <span class='ocrx_word' id='word_1_489' title='bbox 1492 3805 1592 3857; x_wconf 82' lang='grc' dir='ltr'><strong>ὅσα</strong></span> <span class='ocrx_word' id='word_1_490' title='bbox 1634 3808 1727 3857; x_wconf 75' lang='grc' dir='ltr'><strong>καὶ</strong></span> <span class='ocrx_word' id='word_1_491' title='bbox 1766 3806 1865 3873; x_wconf 79' lang='grc' dir='ltr'><strong>τὴν</strong></span> 
     </span>
    </p>
   </div>
   <div class='ocr_carea' id='block_1_69' title="bbox 287 3896 1863 3968">
    <p class='ocr_par' dir='ltr' id='par_1_69' title="bbox 287 3896 1863 3968">
     <span class='ocr_line' id='line_1_69' title="bbox 287 3896 1863 3968; baseline -0.004 -14"><span class='ocrx_word' id='word_1_492' title='bbox 287 3900 461 3954; x_wconf 83' lang='grc' dir='ltr'><strong>τῶνδε</strong></span> <span class='ocrx_word' id='word_1_493' title='bbox 513 3903 621 3968; x_wconf 76' lang='grc' dir='ltr'><strong>γῆν</strong></span> <span class='ocrx_word' id='word_1_494' title='bbox 671 3900 784 3962; x_wconf 85' lang='grc' dir='ltr'><strong>τοῖς</strong></span> <span class='ocrx_word' id='word_1_495' title='bbox 835 3897 1145 3967; x_wconf 79' lang='grc' dir='ltr'><strong>σατράπαις</strong></span> <span class='ocrx_word' id='word_1_496' title='bbox 1192 3896 1467 3966; x_wconf 73' lang='grc' dir='ltr'><strong>διανέμειν</strong></span> <span class='ocrx_word' id='word_1_497' title='bbox 1520 3898 1599 3959; x_wconf 82' lang='grc' dir='ltr'><strong>εἰς</strong></span> <span class='ocrx_word' id='word_1_498' title='bbox 1652 3896 1863 3964; x_wconf 77' lang='grc' dir='ltr'><strong>ἀρχὴν,</strong></span> 
     </span>
    </p>
   </div>
   <div class='ocr_carea' id='block_1_70' title="bbox 294 3984 1870 4063">
    <p class='ocr_par' dir='ltr' id='par_1_70' title="bbox 294 3984 1870 4063">
     <span class='ocr_line' id='line_1_70' title="bbox 294 3984 1870 4063; baseline -0.004 -18"><span class='ocrx_word' id='word_1_499' title='bbox 294 3990 487 4063; x_wconf 79' lang='grc' dir='ltr'><strong>ὥσπερ</strong></span> <span class='ocrx_word' id='word_1_500' title='bbox 518 3992 585 4045; x_wconf 78' lang='grc' dir='ltr'><strong>ἂν</strong></span> <span class='ocrx_word' id='word_1_501' title='bbox 609 3992 659 4042; x_wconf 89' lang='grc' dir='ltr'><strong>εί</strong></span> <span class='ocrx_word' id='word_1_502' title='bbox 684 3990 890 4060; x_wconf 83' lang='grc' dir='ltr'><strong>ταύτην</strong></span> <span class='ocrx_word' id='word_1_503' title='bbox 917 3987 1084 4041; x_wconf 84' lang='grc' dir='ltr'><strong>πάλαι</strong></span> <span class='ocrx_word' id='word_1_504' title='bbox 1115 3987 1441 4056; x_wconf 68' lang='grc' dir='ltr'><strong>προεϋηφεν</strong></span> <span class='ocrx_word' id='word_1_505' title='bbox 1461 4000 1475 4015; x_wconf 88' lang='grc'><strong>·</strong></span> <span class='ocrx_word' id='word_1_506' title='bbox 1501 3986 1698 4040; x_wconf 80' lang='grc' dir='ltr'><strong>ὁπόσον</strong></span> <span class='ocrx_word' id='word_1_507' title='bbox 1724 3984 1870 4039; x_wconf 70' lang='lat' dir='ltr'><strong>olito-</strong></span> 
     </span>
    </p>
   </div>
   <div class='ocr_carea' id='block_1_71' title="bbox 298 4078 1871 4152">
    <p class='ocr_par' dir='ltr' id='par_1_71' title="bbox 298 4078 1871 4152">
     <span class='ocr_line' id='line_1_71' title="bbox 298 4078 1871 4152; baseline -0.006 -15"><span class='ocrx_word' id='word_1_508' title='bbox 298 4084 391 4137; x_wconf 83' lang='grc' dir='ltr'><strong>θεν</strong></span> <span class='ocrx_word' id='word_1_509' title='bbox 422 4082 633 4152; x_wconf 78' lang='grc' dir='ltr'><strong>σπουδῇ</strong></span> <span class='ocrx_word' id='word_1_510' title='bbox 661 4082 757 4136; x_wconf 65' lang='grc' dir='ltr'><strong>ἐπὶ</strong></span> <span class='ocrx_word' id='word_1_511' title='bbox 783 4080 884 4149; x_wconf 77' lang='grc' dir='ltr'><strong>τὴν</strong></span> <span class='ocrx_word' id='word_1_512' title='bbox 916 4078 1145 4135; x_wconf 71' lang='grc' dir='ltr'><strong>Ἑλλάδα</strong></span> <span class='ocrx_word' id='word_1_513' title='bbox 1171 4079 1278 4149; x_wconf 82' lang='grc' dir='ltr'><strong>γῆν</strong></span> <span class='ocrx_word' id='word_1_514' title='bbox 1307 4080 1557 4150; x_wconf 66' lang='grc' dir='ltr'><strong>ἔτρεχεν,</strong></span> <span class='ocrx_word' id='word_1_515' title='bbox 1591 4078 1871 4148; x_wconf 82' lang='grc' dir='ltr'><strong>ὀνειροπο-</strong></span> 
     </span>
    </p>
   </div>
   <div class='ocr_carea' id='block_1_72' title="bbox 297 4168 1870 4247">
    <p class='ocr_par' dir='ltr' id='par_1_72' title="bbox 297 4168 1870 4247">
     <span class='ocr_line' id='line_1_72' title="bbox 297 4168 1870 4247; baseline -0.006 -18"><span class='ocrx_word' id='word_1_516' title='bbox 297 4175 471 4247; x_wconf 84' lang='grc' dir='ltr'><strong>λήσας</strong></span> <span class='ocrx_word' id='word_1_517' title='bbox 497 4174 598 4238; x_wconf 79' lang='grc' dir='ltr'><strong>τὰς</strong></span> <span class='ocrx_word' id='word_1_518' title='bbox 625 4174 743 4228; x_wconf 66' lang='grc' dir='ltr'><strong>εκεῖ</strong></span> <span class='ocrx_word' id='word_1_519' title='bbox 768 4173 949 4235; x_wconf 83' lang='grc' dir='ltr'><strong>νίκας,</strong></span> <span class='ocrx_word' id='word_1_520' title='bbox 977 4171 1073 4225; x_wconf 71' lang='grc' dir='ltr'><strong>καὶ</strong></span> <span class='ocrx_word' id='word_1_521' title='bbox 1098 4169 1167 4223; x_wconf 72' lang='grc' dir='ltr'><strong>τά</strong></span> <span class='ocrx_word' id='word_1_522' title='bbox 1196 4170 1304 4223; x_wconf 77' lang='grc' dir='ltr'><strong>ἀπὸ</strong></span> <span class='ocrx_word' id='word_1_523' title='bbox 1332 4170 1440 4223; x_wconf 86' lang='grc' dir='ltr'><strong>τῶν</strong></span> <span class='ocrx_word' id='word_1_524' title='bbox 1470 4168 1682 4239; x_wconf 72' lang='grc' dir='ltr'><strong>ἐχθρῶν</strong></span> <span class='ocrx_word' id='word_1_525' title='bbox 1712 4170 1870 4239; x_wconf 67' lang='grc' dir='ltr'><strong>ὲγερυ</strong></span> 
     </span>
    </p>
   </div>
   <div class='ocr_carea' id='block_1_73' title="bbox 1961 3350 3531 3424">
    <p class='ocr_par' dir='ltr' id='par_1_73' title="bbox 1961 3350 3531 3424">
     <span class='ocr_line' id='line_1_73' title="bbox 1961 3350 3531 3424; baseline -0.006 -14"><span class='ocrx_word' id='word_1_526' title='bbox 1961 3355 2203 3424; x_wconf 86' lang='lat' dir='ltr'><strong>ginatur,</strong></span> <span class='ocrx_word' id='word_1_527' title='bbox 2242 3362 2523 3424; x_wconf 88' lang='lat' dir='ltr'><strong>totamque</strong></span> <span class='ocrx_word' id='word_1_528' title='bbox 2558 3352 2874 3407; x_wconf 68' lang='lat' dir='ltr'><strong>Graecorum</strong></span> <span class='ocrx_word' id='word_1_529' title='bbox 2907 3350 3180 3406; x_wconf 90' lang='lat' dir='ltr'><strong>nationem</strong></span> <span class='ocrx_word' id='word_1_530' title='bbox 3219 3358 3531 3418; x_wconf 86' lang='lat' dir='ltr'><strong>capturum,</strong></span> 
     </span>
    </p>
   </div>
   <div class='ocr_carea' id='block_1_74' title="bbox 1959 3440 3527 3517">
    <p class='ocr_par' dir='ltr' id='par_1_74' title="bbox 1959 3440 3527 3517">
     <span class='ocr_line' id='line_1_74' title="bbox 1959 3440 3527 3517; baseline -0.004 -18"><span class='ocrx_word' id='word_1_531' title='bbox 1959 3460 2061 3499; x_wconf 88' lang='lat' dir='ltr'><strong>ceu</strong></span> <span class='ocrx_word' id='word_1_532' title='bbox 2094 3461 2303 3517; x_wconf 89' lang='lat' dir='ltr'><strong>pueros</strong></span> <span class='ocrx_word' id='word_1_533' title='bbox 2330 3446 2623 3517; x_wconf 85' lang='lat' dir='ltr'><strong>quosdam,</strong></span> <span class='ocrx_word' id='word_1_534' title='bbox 2652 3446 2743 3515; x_wconf 86' lang='lat' dir='ltr'><strong>qui</strong></span> <span class='ocrx_word' id='word_1_535' title='bbox 2773 3442 2995 3498; x_wconf 77' lang='lat' dir='ltr'><strong>delicias</strong></span> <span class='ocrx_word' id='word_1_536' title='bbox 3024 3444 3077 3496; x_wconf 92' lang='lat' dir='ltr'><strong>in</strong></span> <span class='ocrx_word' id='word_1_537' title='bbox 3112 3442 3228 3496; x_wconf 77' lang='lat' dir='ltr'><strong>loro</strong></span> <span class='ocrx_word' id='word_1_538' title='bbox 3260 3440 3527 3501; x_wconf 82' lang='lat' dir='ltr'><strong>lacerent,</strong></span> 
     </span>
    </p>
   </div>
   <div class='ocr_carea' id='block_1_75' title="bbox 1959 3532 3534 3603">
    <p class='ocr_par' dir='ltr' id='par_1_75' title="bbox 1959 3532 3534 3603">
     <span class='ocr_line' id='line_1_75' title="bbox 1959 3532 3534 3603; baseline -0.004 -10"><span class='ocrx_word' id='word_1_539' title='bbox 1959 3548 2013 3593; x_wconf 86' lang='lat' dir='ltr'><strong>et</strong></span> <span class='ocrx_word' id='word_1_540' title='bbox 2046 3539 2271 3593; x_wconf 79' lang='lat' dir='ltr'><strong>ludicris</strong></span> <span class='ocrx_word' id='word_1_541' title='bbox 2297 3539 2490 3594; x_wconf 86' lang='lat' dir='ltr'><strong>intenti</strong></span> <span class='ocrx_word' id='word_1_542' title='bbox 2518 3547 2703 3593; x_wconf 87' lang='lat' dir='ltr'><strong>essent</strong></span> <span class='ocrx_word' id='word_1_543' title='bbox 2728 3576 2743 3599; x_wconf 94' lang='lat'><strong>,</strong></span> <span class='ocrx_word' id='word_1_544' title='bbox 2778 3550 2879 3591; x_wconf 91' lang='lat' dir='ltr'><strong>nec</strong></span> <span class='ocrx_word' id='word_1_545' title='bbox 2911 3534 3081 3589; x_wconf 89' lang='lat' dir='ltr'><strong>ullum</strong></span> <span class='ocrx_word' id='word_1_546' title='bbox 3135 3533 3355 3602; x_wconf 85' lang='lat' dir='ltr'><strong>aliquod</strong></span> <span class='ocrx_word' id='word_1_547' title='bbox 3391 3532 3534 3603; x_wconf 87' lang='lat' dir='ltr'><strong>opus</strong></span> 
     </span>
    </p>
   </div>
   <div class='ocr_carea' id='block_1_76' title="bbox 1964 3625 3539 3697">
    <p class='ocr_par' dir='ltr' id='par_1_76' title="bbox 1964 3625 3539 3697">
     <span class='ocr_line' id='line_1_76' title="bbox 1964 3625 3539 3697; baseline -0.003 -15"><span class='ocrx_word' id='word_1_548' title='bbox 1964 3630 2115 3684; x_wconf 86' lang='lat' dir='ltr'><strong>virile</strong></span> <span class='ocrx_word' id='word_1_549' title='bbox 2148 3630 2556 3697; x_wconf 83' lang='lat' dir='ltr'><strong>degustassent,</strong></span> <span class='ocrx_word' id='word_1_550' title='bbox 2581 3627 2678 3683; x_wconf 83' lang='lat' dir='ltr'><strong>sed</strong></span> <span class='ocrx_word' id='word_1_551' title='bbox 2733 3625 3117 3681; x_wconf 87' lang='lat' dir='ltr'><strong>tantummodo</strong></span> <span class='ocrx_word' id='word_1_552' title='bbox 3169 3625 3369 3681; x_wconf 85' lang='lat' dir='ltr'><strong>saltare</strong></span> <span class='ocrx_word' id='word_1_553' title='bbox 3394 3625 3539 3679; x_wconf 86' lang='lat' dir='ltr'><strong>didi-</strong></span> 
     </span>
    </p>
   </div>
   <div class='ocr_carea' id='block_1_77' title="bbox 1962 3717 3540 3786">
    <p class='ocr_par' dir='ltr' id='par_1_77' title="bbox 1962 3717 3540 3786">
     <span class='ocr_line' id='line_1_77' title="bbox 1962 3717 3540 3786; baseline -0.003 -9"><span class='ocrx_word' id='word_1_554' title='bbox 1962 3722 2187 3786; x_wconf 81' lang='lat' dir='ltr'><strong>cissent,</strong></span> <span class='ocrx_word' id='word_1_555' title='bbox 2214 3726 2279 3777; x_wconf 79' lang='lat' dir='ltr'><strong>a’c</strong></span> <span class='ocrx_word' id='word_1_556' title='bbox 2308 3722 2595 3784; x_wconf 85' lang='lat' dir='ltr'><strong>lascivire,</strong></span> <span class='ocrx_word' id='word_1_557' title='bbox 2631 3734 2732 3775; x_wconf 85' lang='lat' dir='ltr'><strong>nec</strong></span> <span class='ocrx_word' id='word_1_558' title='bbox 2769 3735 2874 3773; x_wconf 93' lang='lat' dir='ltr'><strong>non</strong></span> <span class='ocrx_word' id='word_1_559' title='bbox 2900 3718 3191 3772; x_wconf 87' lang='lat' dir='ltr'><strong>muliebres</strong></span> <span class='ocrx_word' id='word_1_560' title='bbox 3221 3728 3275 3771; x_wconf 90' lang='lat' dir='ltr'><strong>et</strong></span> <span class='ocrx_word' id='word_1_561' title='bbox 3304 3717 3540 3786; x_wconf 71' lang='lat' dir='ltr'><strong>ingeniis</strong></span> 
     </span>
    </p>
   </div>
   <div class='ocr_carea' id='block_1_78' title="bbox 1963 3799 3537 3879">
    <p class='ocr_par' dir='ltr' id='par_1_78' title="bbox 1963 3799 3537 3879">
     <span class='ocr_line' id='line_1_78' title="bbox 1963 3799 3537 3879; baseline -0.005 -10"><span class='ocrx_word' id='word_1_562' title='bbox 1963 3824 2168 3879; x_wconf 90' lang='lat' dir='ltr'><strong>essent,</strong></span> <span class='ocrx_word' id='word_1_563' title='bbox 2217 3824 2271 3867; x_wconf 88' lang='lat' dir='ltr'><strong>et</strong></span> <span class='ocrx_word' id='word_1_564' title='bbox 2321 3814 2535 3877; x_wconf 88' lang='lat' dir='ltr'><strong>animis,</strong></span> <span class='ocrx_word' id='word_1_565' title='bbox 2575 3821 2632 3867; x_wconf 94' lang='lat' dir='ltr'><strong>et</strong></span> <span class='ocrx_word' id='word_1_566' title='bbox 2686 3799 3011 3867; x_wconf 79' lang='lat' dir='ltr'><strong>educatione</strong></span> <span class='ocrx_word' id='word_1_567' title='bbox 3059 3809 3280 3873; x_wconf 78' lang='lat' dir='ltr'><strong>:l&#39;erox,</strong></span> <span class='ocrx_word' id='word_1_568' title='bbox 3317 3809 3537 3877; x_wconf 82' lang='lat' dir='ltr'><strong>inquam</strong></span> 
     </span>
    </p>
   </div>
   <div class='ocr_carea' id='block_1_79' title="bbox 1966 3900 3538 3975">
    <p class='ocr_par' dir='ltr' id='par_1_79' title="bbox 1966 3900 3538 3975">
     <span class='ocr_line' id='line_1_79' title="bbox 1966 3900 3538 3975; baseline -0.004 -16"><span class='ocrx_word' id='word_1_569' title='bbox 1966 3906 2076 3971; x_wconf 88' lang='lat' dir='ltr'><strong>ille,</strong></span> <span class='ocrx_word' id='word_1_570' title='bbox 2107 3920 2380 3975; x_wconf 84' lang='lat' dir='ltr'><strong>supraque</strong></span> <span class='ocrx_word' id='word_1_571' title='bbox 2420 3906 2596 3959; x_wconf 87' lang='lat' dir='ltr'><strong>nubes</strong></span> <span class='ocrx_word' id='word_1_572' title='bbox 2621 3904 2824 3968; x_wconf 85' lang='lat' dir='ltr'><strong>elatus,</strong></span> <span class='ocrx_word' id='word_1_573' title='bbox 2864 3911 3032 3973; x_wconf 86' lang='lat' dir='ltr'><strong>atque</strong></span> <span class='ocrx_word' id='word_1_574' title='bbox 3067 3900 3412 3971; x_wconf 87' lang='lat' dir='ltr'><strong>superbiens,</strong></span> <span class='ocrx_word' id='word_1_575' title='bbox 3439 3900 3538 3970; x_wconf 90' lang='lat' dir='ltr'><strong>qui</strong></span> 
     </span>
    </p>
   </div>
   <div class='ocr_carea' id='block_1_80' title="bbox 1968 3992 3541 4065">
    <p class='ocr_par' dir='ltr' id='par_1_80' title="bbox 1968 3992 3541 4065">
     <span class='ocr_line' id='line_1_80' title="bbox 1968 3992 3541 4065; baseline -0.003 -13"><span class='ocrx_word' id='word_1_576' title='bbox 1968 4008 2120 4052; x_wconf 92' lang='lat' dir='ltr'><strong>tanto</strong></span> <span class='ocrx_word' id='word_1_577' title='bbox 2169 4014 2294 4053; x_wconf 90' lang='lat' dir='ltr'><strong>cum</strong></span> <span class='ocrx_word' id='word_1_578' title='bbox 2330 3995 2470 4052; x_wconf 75' lang='lat' dir='ltr'><strong>fastu</strong></span> <span class='ocrx_word' id='word_1_579' title='bbox 2530 3995 2844 4051; x_wconf 67' lang='lat' dir='ltr'><strong>Graecorum</strong></span> <span class='ocrx_word' id='word_1_580' title='bbox 2882 3996 2935 4050; x_wconf 90' lang='lat' dir='ltr'><strong>in</strong></span> <span class='ocrx_word' id='word_1_581' title='bbox 2992 3996 3131 4050; x_wconf 90' lang='lat' dir='ltr'><strong>bona</strong></span> <span class='ocrx_word' id='word_1_582' title='bbox 3166 3993 3355 4065; x_wconf 87' lang='lat' dir='ltr'><strong>pedem</strong></span> <span class='ocrx_word' id='word_1_583' title='bbox 3398 3992 3541 4048; x_wconf 75' lang='lat' dir='ltr'><strong>iule-</strong></span> 
     </span>
    </p>
   </div>
   <div class='ocr_carea' id='block_1_81' title="bbox 1971 4086 3539 4161">
    <p class='ocr_par' dir='ltr' id='par_1_81' title="bbox 1971 4086 3539 4161">
     <span class='ocr_line' id='line_1_81' title="bbox 1971 4086 3539 4161; baseline -0.003 -16"><span class='ocrx_word' id='word_1_584' title='bbox 1971 4094 2124 4146; x_wconf 86' lang='lat' dir='ltr'><strong>rebat</strong></span> <span class='ocrx_word' id='word_1_585' title='bbox 2168 4101 2230 4147; x_wconf 90' lang='lat' dir='ltr'><strong>ut</strong></span> <span class='ocrx_word' id='word_1_586' title='bbox 2261 4106 2449 4146; x_wconf 91' lang='lat' dir='ltr'><strong>eorum</strong></span> <span class='ocrx_word' id='word_1_587' title='bbox 2480 4100 2680 4145; x_wconf 89' lang='lat' dir='ltr'><strong>terram</strong></span> <span class='ocrx_word' id='word_1_588' title='bbox 2716 4104 2937 4161; x_wconf 81' lang='lat' dir='ltr'><strong>quoque</strong></span> <span class='ocrx_word' id='word_1_589' title='bbox 2988 4088 3224 4158; x_wconf 87' lang='lat' dir='ltr'><strong>satrapis</strong></span> <span class='ocrx_word' id='word_1_590' title='bbox 3272 4086 3388 4143; x_wconf 86' lang='lat' dir='ltr'><strong>suis</strong></span> <span class='ocrx_word' id='word_1_591' title='bbox 3413 4100 3539 4142; x_wconf 90' lang='lat' dir='ltr'><strong>cum</strong></span> 
     </span>
    </p>
   </div>
   <div class='ocr_carea' id='block_1_82' title="bbox 1971 4177 3544 4271">
    <p class='ocr_par' dir='ltr' id='par_1_82' title="bbox 1971 4177 3544 4271">
     <span class='ocr_line' id='line_1_82' title="bbox 1971 4177 3544 4271; baseline -0.006 -32"><span class='ocrx_word' id='word_1_592' title='bbox 1971 4191 2235 4256; x_wconf 87' lang='lat' dir='ltr'><strong>potestate</strong></span> <span class='ocrx_word' id='word_1_593' title='bbox 2265 4183 2557 4271; x_wconf 71' lang='lat' dir='ltr'><strong>tenendam</strong></span> <span class='ocrx_word' id='word_1_594' title='bbox 2588 4182 2968 4262; x_wconf 87' lang='lat' dir='ltr'><strong>distribueret,</strong></span> <span class='ocrx_word' id='word_1_595' title='bbox 2998 4194 3061 4236; x_wconf 83' lang='lat' dir='ltr'><strong>ac</strong></span> <span class='ocrx_word' id='word_1_596' title='bbox 3083 4180 3129 4236; x_wconf 78' lang='lat' dir='ltr'><strong>si</strong></span> <span class='ocrx_word' id='word_1_597' title='bbox 3158 4179 3365 4250; x_wconf 87' lang='lat' dir='ltr'><strong>pridem</strong></span> <span class='ocrx_word' id='word_1_598' title='bbox 3391 4177 3544 4231; x_wconf 90' lang='lat' dir='ltr'><strong>illam</strong></span> 
     </span>
    </p>
   </div>
   <div class='ocr_carea' id='block_1_83' title="bbox 1974 4258 3546 4347">
    <p class='ocr_par' dir='ltr' id='par_1_83' title="bbox 1974 4258 3546 4347">
     <span class='ocr_line' id='line_1_83' title="bbox 1974 4258 3546 4347; baseline -0.004 -15"><span class='ocrx_word' id='word_1_599' title='bbox 1974 4258 2481 4347; x_wconf 44' lang='lat' dir='ltr'><strong>occupassetfbic</strong></span> <span class='ocrx_word' id='word_1_600' title='bbox 2542 4289 2696 4346; x_wconf 88' lang='lat' dir='ltr'><strong>ergo,</strong></span> <span class='ocrx_word' id='word_1_601' title='bbox 2756 4258 2962 4345; x_wconf 82' lang='lat' dir='ltr'><strong>quanta</strong></span> <span class='ocrx_word' id='word_1_602' title='bbox 3011 4288 3139 4329; x_wconf 89' lang='lat' dir='ltr'><strong>cum</strong></span> <span class='ocrx_word' id='word_1_603' title='bbox 3192 4271 3546 4327; x_wconf 79' lang='lat' dir='ltr'><strong>festinatione</strong></span> 
     </span>
    </p>
   </div>
   <div class='ocr_carea' id='block_1_84' title="bbox 301 4351 1851 4437">
    <p class='ocr_par' dir='ltr' id='par_1_84' title="bbox 301 4351 1851 4427">
     <span class='ocr_line' id='line_1_84' title="bbox 301 4351 1851 4427; baseline -0.006 -14"><span class='ocrx_word' id='word_1_604' title='bbox 301 4357 688 4427; x_wconf 76' lang='grc' dir='ltr'><strong>παλινδρομῶν</strong></span> <span class='ocrx_word' id='word_1_605' title='bbox 712 4355 1075 4420; x_wconf 82' lang='grc' dir='ltr'><strong>ἀνεδείκνυτο,</strong></span> <span class='ocrx_word' id='word_1_606' title='bbox 1100 4353 1222 4407; x_wconf 75' lang='grc' dir='ltr'><strong>οὐδὲ</strong></span> <span class='ocrx_word' id='word_1_607' title='bbox 1248 4353 1382 4421; x_wconf 83' lang='grc' dir='ltr'><strong>γοῦν</strong></span> <span class='ocrx_word' id='word_1_608' title='bbox 1406 4352 1576 4421; x_wconf 81' lang='grc' dir='ltr'><strong>αὐτὴν</strong></span> <span class='ocrx_word' id='word_1_609' title='bbox 1600 4353 1698 4423; x_wconf 76' lang='grc' dir='ltr'><strong>τὴν</strong></span> <span class='ocrx_word' id='word_1_610' title='bbox 1725 4351 1851 4421; x_wconf 82' lang='grc' dir='ltr'><strong>πρῶ</strong></span> 
     </span>
    </p>
   </div>
   <div class='ocr_carea' id='block_1_85' title="bbox 1954 4351 3548 4437">
    <p class='ocr_par' dir='ltr' id='par_1_85' title="bbox 1975 4360 3548 4437">
     <span class='ocr_line' id='line_1_85' title="bbox 1975 4360 3548 4437; baseline -0.005 -15"><span class='ocrx_word' id='word_1_611' title='bbox 1975 4369 2141 4422; x_wconf 85' lang='lat' dir='ltr'><strong>domo</strong></span> <span class='ocrx_word' id='word_1_612' title='bbox 2170 4368 2466 4437; x_wconf 78' lang='lat' dir='ltr'><strong>profectus,</strong></span> <span class='ocrx_word' id='word_1_613' title='bbox 2516 4364 2781 4421; x_wconf 67' lang='lat' dir='ltr'><strong>Graeciam</strong></span> <span class='ocrx_word' id='word_1_614' title='bbox 2824 4381 2992 4421; x_wconf 87' lang='lat' dir='ltr'><strong>cursu</strong></span> <span class='ocrx_word' id='word_1_615' title='bbox 3050 4363 3285 4434; x_wconf 83' lang='lat' dir='ltr'><strong>petebat,</strong></span> <span class='ocrx_word' id='word_1_616' title='bbox 3322 4362 3414 4418; x_wconf 86' lang='lat' dir='ltr'><strong>ubi</strong></span> <span class='ocrx_word' id='word_1_617' title='bbox 3464 4360 3548 4415; x_wconf 89' lang='lat' dir='ltr'><strong>vi-</strong></span> 
     </span>
    </p>
   </div>
   <div class='ocr_carea' id='block_1_86' title="bbox 303 4440 1851 4528">
    <p class='ocr_par' dir='ltr' id='par_1_86' title="bbox 303 4440 1851 4523">
     <span class='ocr_line' id='line_1_86' title="bbox 303 4440 1851 4523; baseline -0.009 -17"><span class='ocrx_word' id='word_1_618' title='bbox 303 4469 406 4523; x_wconf 78' lang='grc' dir='ltr'><strong>την</strong></span> <span class='ocrx_word' id='word_1_619' title='bbox 436 4440 548 4515; x_wconf 73' lang='grc' dir='ltr'><strong>οἷός</strong></span> <span class='ocrx_word' id='word_1_620' title='bbox 576 4464 635 4503; x_wconf 87' lang='grc' dir='ltr'><strong>τε</strong></span> <span class='ocrx_word' id='word_1_621' title='bbox 668 4448 959 4517; x_wconf 83' lang='grc' dir='ltr'><strong>γενόμενος</strong></span> <span class='ocrx_word' id='word_1_622' title='bbox 990 4445 1312 4512; x_wconf 76' lang='grc' dir='ltr'><strong>ὑπενεγκεῖν</strong></span> <span class='ocrx_word' id='word_1_623' title='bbox 1343 4442 1674 4513; x_wconf 73' lang='grc' dir='ltr'><strong>προσϐολήν.</strong></span> <span class='ocrx_word' id='word_1_624' title='bbox 1711 4442 1851 4495; x_wconf 84' lang='grc' dir='ltr'><strong>Ὀπό</strong></span> 
     </span>
    </p>
   </div>
   <div class='ocr_carea' id='block_1_87' title="bbox 1954 4440 3550 4528">
    <p class='ocr_par' dir='ltr' id='par_1_87' title="bbox 1976 4452 3550 4528">
     <span class='ocr_line' id='line_1_87' title="bbox 1976 4452 3550 4528; baseline -0.004 -14"><span class='ocrx_word' id='word_1_625' title='bbox 1976 4460 2181 4514; x_wconf 91' lang='lat' dir='ltr'><strong>ctorias</strong></span> <span class='ocrx_word' id='word_1_626' title='bbox 2215 4457 2331 4528; x_wconf 89' lang='lat' dir='ltr'><strong>ipse</strong></span> <span class='ocrx_word' id='word_1_627' title='bbox 2364 4458 2467 4513; x_wconf 83' lang='lat' dir='ltr'><strong>sibi</strong></span> <span class='ocrx_word' id='word_1_628' title='bbox 2505 4456 2895 4524; x_wconf 88' lang='lat' dir='ltr'><strong>somniaverat,</strong></span> <span class='ocrx_word' id='word_1_629' title='bbox 2918 4456 3315 4525; x_wconf 88' lang='lat' dir='ltr'><strong>statuendaque</strong></span> <span class='ocrx_word' id='word_1_630' title='bbox 3346 4452 3415 4509; x_wconf 88' lang='lat' dir='ltr'><strong>de</strong></span> <span class='ocrx_word' id='word_1_631' title='bbox 3443 4452 3550 4507; x_wconf 86' lang='lat' dir='ltr'><strong>ho-</strong></span> 
     </span>
    </p>
   </div>
   <div class='ocr_carea' id='block_1_88' title="bbox 307 4534 1851 4638">
    <p class='ocr_par' dir='ltr' id='par_1_88' title="bbox 307 4534 1851 4611">
     <span class='ocr_line' id='line_1_88' title="bbox 307 4534 1851 4611; baseline -0.008 -13"><span class='ocrx_word' id='word_1_632' title='bbox 307 4560 399 4599; x_wconf 83' lang='grc' dir='ltr'><strong>σον</strong></span> <span class='ocrx_word' id='word_1_633' title='bbox 432 4544 544 4611; x_wconf 82' lang='grc' dir='ltr'><strong>γὰρ</strong></span> <span class='ocrx_word' id='word_1_634' title='bbox 580 4541 647 4611; x_wconf 78' lang='grc' dir='ltr'><strong>δὴ</strong></span> <span class='ocrx_word' id='word_1_635' title='bbox 680 4539 780 4610; x_wconf 75' lang='grc' dir='ltr'><strong>τὴν</strong></span> <span class='ocrx_word' id='word_1_636' title='bbox 813 4540 1079 4608; x_wconf 74' lang='grc' dir='ltr'><strong>ταχίστην</strong></span> <span class='ocrx_word' id='word_1_637' title='bbox 1115 4535 1202 4588; x_wconf 67' lang='grc' dir='ltr'><strong>ἐπ’</strong></span> <span class='ocrx_word' id='word_1_638' title='bbox 1230 4534 1471 4596; x_wconf 68' lang='grc' dir='ltr'><strong>ἔχείνους</strong></span> <span class='ocrx_word' id='word_1_639' title='bbox 1513 4534 1713 4603; x_wconf 67' lang='grc' dir='ltr'><strong>ἤλαυνε</strong></span> <span class='ocrx_word' id='word_1_640' title='bbox 1734 4572 1750 4595; x_wconf 89' lang='grc'><strong>,</strong></span> <span class='ocrx_word' id='word_1_641' title='bbox 1784 4548 1851 4586; x_wconf 86' lang='grc' dir='ltr'><strong>το</strong></span> 
     </span>
    </p>
   </div>
   <div class='ocr_carea' id='block_1_89' title="bbox 1954 4534 3553 4638">
    <p class='ocr_par' dir='ltr' id='par_1_89' title="bbox 1978 4545 3553 4621">
     <span class='ocr_line' id='line_1_89' title="bbox 1978 4545 3553 4621; baseline -0.004 -13"><span class='ocrx_word' id='word_1_642' title='bbox 1978 4552 2152 4608; x_wconf 89' lang='lat' dir='ltr'><strong>stibus</strong></span> <span class='ocrx_word' id='word_1_643' title='bbox 2204 4561 2425 4621; x_wconf 72' lang='lat' dir='ltr'><strong>tropzea,</strong></span> <span class='ocrx_word' id='word_1_644' title='bbox 2486 4558 2633 4605; x_wconf 84' lang='lat' dir='ltr'><strong>tanta</strong></span> <span class='ocrx_word' id='word_1_645' title='bbox 2686 4550 2932 4606; x_wconf 87' lang='lat' dir='ltr'><strong>vicissim</strong></span> <span class='ocrx_word' id='word_1_646' title='bbox 2982 4564 3107 4604; x_wconf 89' lang='lat' dir='ltr'><strong>cum</strong></span> <span class='ocrx_word' id='word_1_647' title='bbox 3168 4545 3553 4617; x_wconf 87' lang='lat' dir='ltr'><strong>properatione</strong></span> 
     </span>
    </p>
   </div>
   <div class='ocr_carea' id='block_1_90' title="bbox 308 4625 1851 4711">
    <p class='ocr_par' dir='ltr' id='par_1_90' title="bbox 308 4625 1851 4700">
     <span class='ocr_line' id='line_1_90' title="bbox 308 4625 1851 4700; baseline -0.008 -11"><span class='ocrx_word' id='word_1_648' title='bbox 308 4636 461 4689; x_wconf 85' lang='grc' dir='ltr'><strong>σόνδε</strong></span> <span class='ocrx_word' id='word_1_649' title='bbox 487 4636 714 4695; x_wconf 84' lang='grc' dir='ltr'><strong>τούτους</strong></span> <span class='ocrx_word' id='word_1_650' title='bbox 745 4629 985 4700; x_wconf 75' lang='grc' dir='ltr'><strong>αἰσχρῶς</strong></span> <span class='ocrx_word' id='word_1_651' title='bbox 1012 4628 1266 4697; x_wconf 66' lang='grc' dir='ltr'><strong>διέφευγε</strong></span> <span class='ocrx_word' id='word_1_652' title='bbox 1284 4668 1299 4693; x_wconf 97' lang='grc'><strong>,</strong></span> <span class='ocrx_word' id='word_1_653' title='bbox 1332 4627 1493 4696; x_wconf 84' lang='grc' dir='ltr'><strong>σῶμα</strong></span> <span class='ocrx_word' id='word_1_654' title='bbox 1523 4625 1619 4680; x_wconf 74' lang='grc' dir='ltr'><strong>καὶ</strong></span> <span class='ocrx_word' id='word_1_655' title='bbox 1648 4626 1851 4694; x_wconf 67' lang='grc' dir='ltr'><strong>γνώμηε</strong></span> 
     </span>
    </p>
   </div>
   <div class='ocr_carea' id='block_1_91' title="bbox 1954 4625 3552 4711">
    <p class='ocr_par' dir='ltr' id='par_1_91' title="bbox 1982 4634 3552 4711">
     <span class='ocr_line' id='line_1_91' title="bbox 1982 4634 3552 4711; baseline -0.006 -14"><span class='ocrx_word' id='word_1_656' title='bbox 1982 4645 2267 4711; x_wconf 87' lang='lat' dir='ltr'><strong>repetebat</strong></span> <span class='ocrx_word' id='word_1_657' title='bbox 2326 4642 2586 4697; x_wconf 81' lang='lat' dir='ltr'><strong>adversos</strong></span> <span class='ocrx_word' id='word_1_658' title='bbox 2621 4655 2834 4706; x_wconf 88' lang='lat' dir='ltr'><strong>amnes,</strong></span> <span class='ocrx_word' id='word_1_659' title='bbox 2867 4654 2994 4694; x_wconf 89' lang='lat' dir='ltr'><strong>cum</strong></span> <span class='ocrx_word' id='word_1_660' title='bbox 3023 4652 3092 4693; x_wconf 91' lang='lat' dir='ltr'><strong>ne</strong></span> <span class='ocrx_word' id='word_1_661' title='bbox 3140 4637 3380 4706; x_wconf 90' lang='lat' dir='ltr'><strong>primum</strong></span> <span class='ocrx_word' id='word_1_662' title='bbox 3427 4634 3552 4704; x_wconf 90' lang='lat' dir='ltr'><strong>qui-</strong></span> 
     </span>
    </p>
   </div>
   <div class='ocr_carea' id='block_1_92' title="bbox 308 4717 1851 4799">
    <p class='ocr_par' dir='ltr' id='par_1_92' title="bbox 308 4717 1842 4794">
     <span class='ocr_line' id='line_1_92' title="bbox 308 4717 1842 4794; baseline -0.008 -14"><span class='ocrx_word' id='word_1_663' title='bbox 308 4726 403 4793; x_wconf 63' lang='lat' dir='ltr'><strong>xal.</strong></span> <span class='ocrx_word' id='word_1_664' title='bbox 427 4724 609 4794; x_wconf 75' lang='grc' dir='ltr'>ψυχὴν</span> <span class='ocrx_word' id='word_1_665' title='bbox 634 4721 772 4791; x_wconf 69' lang='grc' dir='ltr'><strong>πρὸς</strong></span> <span class='ocrx_word' id='word_1_666' title='bbox 794 4718 1107 4773; x_wconf 70' lang='grc' dir='ltr'><strong>τούναντίον</strong></span> <span class='ocrx_word' id='word_1_667' title='bbox 1129 4718 1276 4772; x_wconf 75' lang='lat' dir='ltr'><strong>tum</strong></span> <span class='ocrx_word' id='word_1_668' title='bbox 1301 4717 1556 4786; x_wconf 75' lang='grc' dir='ltr'><strong>τραπεὶς,</strong></span> <span class='ocrx_word' id='word_1_669' title='bbox 1587 4718 1683 4771; x_wconf 67' lang='grc' dir='ltr'><strong>καὶ⁵</strong></span> <span class='ocrx_word' id='word_1_670' title='bbox 1708 4718 1842 4770; x_wconf 81' lang='grc' dir='ltr'><strong>πᾶσι</strong></span> 
     </span>
    </p>
   </div>
   <div class='ocr_carea' id='block_1_93' title="bbox 1954 4717 3553 4799">
    <p class='ocr_par' dir='ltr' id='par_1_93' title="bbox 1981 4725 3553 4799">
     <span class='ocr_line' id='line_1_93' title="bbox 1981 4725 3553 4799; baseline -0.006 -10"><span class='ocrx_word' id='word_1_671' title='bbox 1981 4733 2107 4789; x_wconf 85' lang='lat' dir='ltr'><strong>dem</strong></span> <span class='ocrx_word' id='word_1_672' title='bbox 2135 4732 2447 4787; x_wconf 83' lang='lat' dir='ltr'><strong>conﬂictum</strong></span> <span class='ocrx_word' id='word_1_673' title='bbox 2483 4731 2757 4787; x_wconf 86' lang='lat' dir='ltr'><strong>sustinere</strong></span> <span class='ocrx_word' id='word_1_674' title='bbox 2808 4728 3097 4799; x_wconf 87' lang='lat' dir='ltr'><strong>potuisset.</strong></span> <span class='ocrx_word' id='word_1_675' title='bbox 3134 4725 3269 4780; x_wconf 82' lang='lat' dir='ltr'><strong>Nam</strong></span> <span class='ocrx_word' id='word_1_676' title='bbox 3315 4733 3553 4795; x_wconf 88' lang='lat' dir='ltr'><strong>quanto-</strong></span> 
     </span>
    </p>
   </div>
   <div class='ocr_carea' id='block_1_94' title="bbox 306 4808 1851 4894">
    <p class='ocr_par' dir='ltr' id='par_1_94' title="bbox 306 4808 1851 4889">
     <span class='ocr_line' id='line_1_94' title="bbox 306 4808 1851 4889; baseline -0.008 -16"><span class='ocrx_word' id='word_1_677' title='bbox 306 4815 376 4889; x_wconf 73' lang='grc' dir='ltr'><strong>ἦν</strong></span> <span class='ocrx_word' id='word_1_678' title='bbox 404 4819 681 4887; x_wconf 78' lang='grc' dir='ltr'><strong>ἀφόρητος</strong></span> <span class='ocrx_word' id='word_1_679' title='bbox 710 4816 779 4883; x_wconf 80' lang='grc' dir='ltr'><strong>τῇ</strong></span> <span class='ocrx_word' id='word_1_680' title='bbox 814 4811 1038 4881; x_wconf 77' lang='grc' dir='ltr'><strong>σπουδῇ.</strong></span> <span class='ocrx_word' id='word_1_681' title='bbox 1078 4809 1427 4879; x_wconf 79' lang='grc' dir='ltr'><strong>Ἐπεθύμησε</strong></span> <span class='ocrx_word' id='word_1_682' title='bbox 1458 4808 1562 4877; x_wconf 80' lang='grc' dir='ltr'><strong>γῆς</strong></span> <span class='ocrx_word' id='word_1_683' title='bbox 1594 4808 1851 4877; x_wconf 78' lang='grc' dir='ltr'><strong>Περσίδος</strong></span> 
     </span>
    </p>
   </div>
   <div class='ocr_carea' id='block_1_95' title="bbox 1954 4808 3554 4894">
    <p class='ocr_par' dir='ltr' id='par_1_95' title="bbox 1983 4817 3554 4894">
     <span class='ocr_line' id='line_1_95' title="bbox 1983 4817 3554 4894; baseline -0.004 -17"><span class='ocrx_word' id='word_1_684' title='bbox 1983 4839 2112 4894; x_wconf 84' lang='lat' dir='ltr'><strong>pere</strong></span> <span class='ocrx_word' id='word_1_685' title='bbox 2139 4838 2330 4879; x_wconf 83' lang='lat' dir='ltr'><strong>versus</strong></span> <span class='ocrx_word' id='word_1_686' title='bbox 2361 4824 2459 4877; x_wconf 86' lang='lat' dir='ltr'><strong>bos</strong></span> <span class='ocrx_word' id='word_1_687' title='bbox 2488 4822 2693 4893; x_wconf 86' lang='lat' dir='ltr'><strong>impetu</strong></span> <span class='ocrx_word' id='word_1_688' title='bbox 2726 4819 3086 4876; x_wconf 89' lang='lat' dir='ltr'><strong>celeberrimo</strong></span> <span class='ocrx_word' id='word_1_689' title='bbox 3111 4817 3393 4887; x_wconf 88' lang='lat' dir='ltr'><strong>pergebat,</strong></span> <span class='ocrx_word' id='word_1_690' title='bbox 3428 4825 3554 4871; x_wconf 84' lang='lat' dir='ltr'><strong>tan-</strong></span> 
     </span>
    </p>
   </div>
   <div class='ocr_carea' id='block_1_96' title="bbox 308 4896 1851 4986">
    <p class='ocr_par' dir='ltr' id='par_1_96' title="bbox 308 4896 1851 4977">
     <span class='ocr_line' id='line_1_96' title="bbox 308 4896 1851 4977; baseline -0.01 -14"><span class='ocrx_word' id='word_1_691' title='bbox 308 4908 633 4977; x_wconf 68' lang='grc' dir='ltr'><strong>ἐπεθύμησε</strong></span> <span class='ocrx_word' id='word_1_692' title='bbox 666 4903 763 4957; x_wconf 83' lang='grc' dir='ltr'><strong>τοῦ</strong></span> <span class='ocrx_word' id='word_1_693' title='bbox 796 4900 1002 4969; x_wconf 83' lang='grc' dir='ltr'><strong>ταύτης</strong></span> <span class='ocrx_word' id='word_1_694' title='bbox 1044 4898 1254 4952; x_wconf 83' lang='grc' dir='ltr'><strong>καπνοῦ</strong></span> <span class='ocrx_word' id='word_1_695' title='bbox 1276 4938 1291 4963; x_wconf 89' lang='grc'><strong>,</strong></span> <span class='ocrx_word' id='word_1_696' title='bbox 1328 4900 1471 4951; x_wconf 82' lang='grc' dir='ltr'><strong>κατὰ</strong></span> <span class='ocrx_word' id='word_1_697' title='bbox 1506 4898 1595 4950; x_wconf 81' lang='grc' dir='ltr'><strong>τὸν</strong></span> <span class='ocrx_word' id='word_1_698' title='bbox 1636 4896 1851 4966; x_wconf 58' lang='grc' dir='ltr'><strong>Ὀμήροτ</strong></span> 
     </span>
    </p>
   </div>
   <div class='ocr_carea' id='block_1_97' title="bbox 1954 4896 3556 4986">
    <p class='ocr_par' dir='ltr' id='par_1_97' title="bbox 1985 4908 3556 4986">
     <span class='ocr_line' id='line_1_97' title="bbox 1985 4908 3556 4986; baseline -0.004 -15"><span class='ocrx_word' id='word_1_699' title='bbox 1985 4924 2173 4986; x_wconf 88' lang='lat' dir='ltr'><strong>topere</strong></span> <span class='ocrx_word' id='word_1_700' title='bbox 2199 4916 2440 4970; x_wconf 86' lang='lat' dir='ltr'><strong>vicissim</strong></span> <span class='ocrx_word' id='word_1_701' title='bbox 2472 4915 2541 4969; x_wconf 87' lang='lat' dir='ltr'><strong>ab</strong></span> <span class='ocrx_word' id='word_1_702' title='bbox 2572 4915 2681 4969; x_wconf 87' lang='lat' dir='ltr'><strong>illis</strong></span> <span class='ocrx_word' id='word_1_703' title='bbox 2708 4913 2852 4982; x_wconf 90' lang='lat' dir='ltr'><strong>turpi</strong></span> <span class='ocrx_word' id='word_1_704' title='bbox 2881 4911 3199 4966; x_wconf 88' lang='lat' dir='ltr'><strong>discedebat</strong></span> <span class='ocrx_word' id='word_1_705' title='bbox 3245 4909 3369 4979; x_wconf 81' lang='lat' dir='ltr'><strong>fuga</strong></span> <span class='ocrx_word' id='word_1_706' title='bbox 3395 4924 3412 4974; x_wconf 88' lang='lat'><strong>;</strong></span> <span class='ocrx_word' id='word_1_707' title='bbox 3443 4908 3556 4976; x_wconf 86' lang='lat' dir='ltr'><strong>jam</strong></span> 
     </span>
    </p>
   </div>
   <div class='ocr_carea' id='block_1_98' title="bbox 311 4987 1851 5076">
    <p class='ocr_par' dir='ltr' id='par_1_98' title="bbox 311 4987 1840 5069">
     <span class='ocr_line' id='line_1_98' title="bbox 311 4987 1840 5069; baseline -0.008 -15"><span class='ocrx_word' id='word_1_708' title='bbox 311 5000 671 5069; x_wconf 85' lang='grc' dir='ltr'><strong>πλανώμενον</strong></span> <span class='ocrx_word' id='word_1_709' title='bbox 708 4994 990 5049; x_wconf 80' lang='grc' dir='ltr'><strong>Ὀδυσσέα.</strong></span> <span class='ocrx_word' id='word_1_710' title='bbox 1019 4994 1119 5045; x_wconf 72' lang='lat' dir='ltr'><strong>“Av</strong></span> <span class='ocrx_word' id='word_1_711' title='bbox 1210 5008 1262 5043; x_wconf 87' lang='grc' dir='ltr'><strong>τι</strong></span> <span class='ocrx_word' id='word_1_712' title='bbox 1293 4992 1475 5062; x_wconf 78' lang='grc' dir='ltr'><strong>χεῖρον</strong></span> <span class='ocrx_word' id='word_1_713' title='bbox 1502 4991 1598 5044; x_wconf 79' lang='grc' dir='ltr'><strong>καὶ</strong></span> <span class='ocrx_word' id='word_1_714' title='bbox 1630 4991 1840 5042; x_wconf 78' lang='grc' dir='ltr'><strong>καπνοῦ</strong></span> 
     </span>
    </p>
   </div>
   <div class='ocr_carea' id='block_1_99' title="bbox 1954 4987 3558 5076">
    <p class='ocr_par' dir='ltr' id='par_1_99' title="bbox 1985 5000 3558 5076">
     <span class='ocr_line' id='line_1_99' title="bbox 1985 5000 3558 5076; baseline -0.004 -15"><span class='ocrx_word' id='word_1_715' title='bbox 1985 5008 2125 5062; x_wconf 88' lang='lat' dir='ltr'><strong>alius</strong></span> <span class='ocrx_word' id='word_1_716' title='bbox 2150 5006 2311 5076; x_wconf 83' lang='lat' dir='ltr'><strong>plane</strong></span> <span class='ocrx_word' id='word_1_717' title='bbox 2341 5014 2449 5059; x_wconf 77' lang='lat' dir='ltr'><strong>tam</strong></span> <span class='ocrx_word' id='word_1_718' title='bbox 2482 5018 2735 5075; x_wconf 89' lang='lat' dir='ltr'><strong>corpore,</strong></span> <span class='ocrx_word' id='word_1_719' title='bbox 2782 5017 2947 5072; x_wconf 83' lang='lat' dir='ltr'><strong>quam</strong></span> <span class='ocrx_word' id='word_1_720' title='bbox 2994 5000 3207 5070; x_wconf 90' lang='lat' dir='ltr'><strong>judicio</strong></span> <span class='ocrx_word' id='word_1_721' title='bbox 3264 5000 3558 5067; x_wconf 87' lang='lat' dir='ltr'><strong>animoque</strong></span> 
     </span>
    </p>
   </div>
   <div class='ocr_carea' id='block_1_100' title="bbox 315 5081 1851 5162">
    <p class='ocr_par' dir='ltr' id='par_1_100' title="bbox 315 5081 1851 5162">
     <span class='ocr_line' id='line_1_100' title="bbox 315 5081 1851 5162; baseline -0.008 -17"><span class='ocrx_word' id='word_1_722' title='bbox 315 5093 471 5162; x_wconf 82' lang='grc' dir='ltr'><strong>φίλον</strong></span> <span class='ocrx_word' id='word_1_723' title='bbox 503 5088 655 5158; x_wconf 79' lang='grc' dir='ltr'><strong>αὐτῷ</strong></span> <span class='ocrx_word' id='word_1_724' title='bbox 685 5085 960 5150; x_wconf 72' lang='grc' dir='ltr'><strong>δέξασθαι,</strong></span> <span class='ocrx_word' id='word_1_725' title='bbox 994 5084 1042 5137; x_wconf 78' lang='grc' dir='ltr'><strong>εἰ</strong></span> <span class='ocrx_word' id='word_1_726' title='bbox 1078 5083 1237 5152; x_wconf 80' lang='grc' dir='ltr'><strong>μόνον</strong></span> <span class='ocrx_word' id='word_1_727' title='bbox 1265 5082 1351 5152; x_wconf 86' lang='grc' dir='ltr'><strong>εῐη</strong></span> <span class='ocrx_word' id='word_1_728' title='bbox 1384 5081 1493 5134; x_wconf 79' lang='grc' dir='ltr'><strong>τῶν</strong></span> <span class='ocrx_word' id='word_1_729' title='bbox 1523 5081 1757 5135; x_wconf 75' lang='grc' dir='ltr'><strong>οἴκοθεν.</strong></span> <span class='ocrx_word' id='word_1_730' title='bbox 1796 5082 1851 5133; x_wconf 83' lang='grc' dir='ltr'><strong>Ὠ</strong></span> 
     </span>
    </p>
   </div>
   <div class='ocr_carea' id='block_1_101' title="bbox 1954 5081 3556 5162">
    <p class='ocr_par' dir='ltr' id='par_1_101' title="bbox 1988 5090 3556 5152">
     <span class='ocr_line' id='line_1_101' title="bbox 1988 5090 3556 5152; baseline -0.003 0"><span class='ocrx_word' id='word_1_731' title='bbox 1988 5097 2186 5152; x_wconf 86' lang='lat' dir='ltr'><strong>l‘actus.</strong></span> <span class='ocrx_word' id='word_1_732' title='bbox 2210 5094 2482 5152; x_wconf 89' lang='lat' dir='ltr'><strong>Omnibus</strong></span> <span class='ocrx_word' id='word_1_733' title='bbox 2507 5096 2579 5150; x_wconf 90' lang='lat' dir='ltr'><strong>ob</strong></span> <span class='ocrx_word' id='word_1_734' title='bbox 2601 5094 3009 5150; x_wconf 77' lang='lat' dir='ltr'><strong>festinationem</strong></span> <span class='ocrx_word' id='word_1_735' title='bbox 3034 5090 3392 5147; x_wconf 84' lang='lat' dir='ltr'><strong>intolerabilis</strong></span> <span class='ocrx_word' id='word_1_736' title='bbox 3413 5099 3556 5147; x_wconf 89' lang='lat' dir='ltr'><strong>erat.</strong></span> 
     </span>
    </p>
   </div>
   <div class='ocr_carea' id='block_1_102' title="bbox 315 5170 1851 5252">
    <p class='ocr_par' dir='ltr' id='par_1_102' title="bbox 315 5170 1851 5252">
     <span class='ocr_line' id='line_1_102' title="bbox 315 5170 1851 5252; baseline -0.008 -15"><span class='ocrx_word' id='word_1_737' title='bbox 315 5186 492 5252; x_wconf 65' lang='grc' dir='ltr'><strong>ἔγωγε</strong></span> <span class='ocrx_word' id='word_1_738' title='bbox 520 5178 676 5251; x_wconf 77' lang='grc' dir='ltr'><strong>οἶμαι</strong></span> <span class='ocrx_word' id='word_1_739' title='bbox 700 5180 790 5230; x_wconf 74' lang='grc' dir='ltr'><strong>τὸν</strong></span> <span class='ocrx_word' id='word_1_740' title='bbox 816 5176 988 5245; x_wconf 66' lang='grc' dir='ltr'><strong>ἄνδρα</strong></span> <span class='ocrx_word' id='word_1_741' title='bbox 1015 5174 1203 5227; x_wconf 84' lang='grc' dir='ltr'><strong>τοῦτον</strong></span> <span class='ocrx_word' id='word_1_742' title='bbox 1228 5170 1332 5231; x_wconf 77' lang='grc' dir='ltr'><strong>ὦδε</strong></span> <span class='ocrx_word' id='word_1_743' title='bbox 1363 5174 1715 5242; x_wconf 73' lang='grc' dir='ltr'><strong>μεταϐαλεῖν,</strong></span> <span class='ocrx_word' id='word_1_744' title='bbox 1743 5172 1851 5225; x_wconf 76' lang='grc' dir='ltr'><strong>ὥστ</strong></span> 
     </span>
    </p>
   </div>
   <div class='ocr_carea' id='block_1_103' title="bbox 1954 5170 3563 5252">
    <p class='ocr_par' dir='ltr' id='par_1_103' title="bbox 1993 5184 3563 5251">
     <span class='ocr_line' id='line_1_103' title="bbox 1993 5184 3563 5251; baseline -0.001 -12"><span class='ocrx_word' id='word_1_745' title='bbox 1993 5186 2343 5241; x_wconf 86' lang='lat' dir='ltr'><strong>Desiderabat</strong></span> <span class='ocrx_word' id='word_1_746' title='bbox 2374 5194 2574 5241; x_wconf 90' lang='lat' dir='ltr'><strong>terram</strong></span> <span class='ocrx_word' id='word_1_747' title='bbox 2632 5184 2925 5249; x_wconf 87' lang='lat' dir='ltr'><strong>Persidem,</strong></span> <span class='ocrx_word' id='word_1_748' title='bbox 2963 5184 3167 5236; x_wconf 80' lang='lat' dir='ltr'><strong>fumum</strong></span> <span class='ocrx_word' id='word_1_749' title='bbox 3201 5184 3321 5251; x_wconf 87' lang='lat' dir='ltr'><strong>ejus</strong></span> <span class='ocrx_word' id='word_1_750' title='bbox 3374 5198 3563 5238; x_wconf 79' lang='lat' dir='ltr'><strong>exem-</strong></span> 
     </span>
    </p>
   </div>
   <div class='ocr_carea' id='block_1_104' title="bbox 316 5264 1851 5349">
    <p class='ocr_par' dir='ltr' id='par_1_104' title="bbox 316 5264 1851 5346">
     <span class='ocr_line' id='line_1_104' title="bbox 316 5264 1851 5346; baseline -0.006 -19"><span class='ocrx_word' id='word_1_751' title='bbox 316 5275 532 5346; x_wconf 79' lang='grc' dir='ltr'><strong>χαίρειν</strong></span> <span class='ocrx_word' id='word_1_752' title='bbox 575 5271 817 5327; x_wconf 74' lang='grc' dir='ltr'><strong>ἐάσαντα</strong></span> <span class='ocrx_word' id='word_1_753' title='bbox 886 5266 1184 5334; x_wconf 81' lang='grc' dir='ltr'><strong>στεφάνους</strong></span> <span class='ocrx_word' id='word_1_754' title='bbox 1222 5282 1283 5319; x_wconf 87' lang='grc' dir='ltr'><strong>τε</strong></span> <span class='ocrx_word' id='word_1_755' title='bbox 1328 5264 1423 5318; x_wconf 68' lang='grc' dir='ltr'><strong>καὶ⁹</strong></span> <span class='ocrx_word' id='word_1_756' title='bbox 1463 5264 1750 5334; x_wconf 73' lang='grc' dir='ltr'><strong>θρίαμϐον,</strong></span> <span class='ocrx_word' id='word_1_757' title='bbox 1793 5283 1851 5318; x_wconf 79' lang='grc' dir='ltr'><strong>κο</strong></span> 
     </span>
    </p>
   </div>
   <div class='ocr_carea' id='block_1_105' title="bbox 1954 5264 3560 5349">
    <p class='ocr_par' dir='ltr' id='par_1_105' title="bbox 1990 5274 3560 5349">
     <span class='ocr_line' id='line_1_105' title="bbox 1990 5274 3560 5349; baseline 0 -20"><span class='ocrx_word' id='word_1_758' title='bbox 1990 5279 2082 5348; x_wconf 85' lang='lat' dir='ltr'><strong>pio</strong></span> <span class='ocrx_word' id='word_1_759' title='bbox 2113 5277 2416 5349; x_wconf 85' lang='lat' dir='ltr'><strong>vagabundi</strong></span> <span class='ocrx_word' id='word_1_760' title='bbox 2452 5276 2663 5347; x_wconf 83' lang='lat' dir='ltr'><strong>Ulyssis</strong></span> <span class='ocrx_word' id='word_1_761' title='bbox 2703 5276 2851 5331; x_wconf 88' lang='lat' dir='ltr'><strong>illius</strong></span> <span class='ocrx_word' id='word_1_762' title='bbox 2891 5274 3165 5331; x_wconf 80' lang='lat' dir='ltr'><strong>Homerici</strong></span> <span class='ocrx_word' id='word_1_763' title='bbox 3194 5274 3560 5330; x_wconf 85' lang='lat' dir='ltr'><strong>desiderabat.</strong></span> 
     </span>
    </p>
   </div>
   <div class='ocr_carea' id='block_1_106' title="bbox 317 5356 1851 5439">
    <p class='ocr_par' dir='ltr' id='par_1_106' title="bbox 317 5356 1851 5436">
     <span class='ocr_line' id='line_1_106' title="bbox 317 5356 1851 5436; baseline -0.005 -18"><span class='ocrx_word' id='word_1_764' title='bbox 317 5367 417 5436; x_wconf 77' lang='grc' dir='ltr'><strong>τὴν</strong></span> <span class='ocrx_word' id='word_1_765' title='bbox 445 5368 510 5418; x_wconf 70' lang='grc' dir='ltr'><strong>εκ</strong></span> <span class='ocrx_word' id='word_1_766' title='bbox 539 5364 634 5431; x_wconf 81' lang='grc' dir='ltr'><strong>τῆς</strong></span> <span class='ocrx_word' id='word_1_767' title='bbox 665 5360 823 5429; x_wconf 85' lang='grc' dir='ltr'><strong>νίκης</strong></span> <span class='ocrx_word' id='word_1_768' title='bbox 853 5359 1034 5412; x_wconf 72' lang='grc' dir='ltr'><strong>πᾶσαν</strong></span> <span class='ocrx_word' id='word_1_769' title='bbox 1062 5357 1443 5427; x_wconf 78' lang='grc' dir='ltr'><strong>λαμπρότητα,</strong></span> <span class='ocrx_word' id='word_1_770' title='bbox 1478 5356 1645 5425; x_wconf 70' lang='grc' dir='ltr'><strong>μηδεν</strong></span> <span class='ocrx_word' id='word_1_771' title='bbox 1676 5358 1851 5427; x_wconf 85' lang='grc' dir='ltr'><strong>θαυμὰ</strong></span> 
     </span>
    </p>
   </div>
   <div class='ocr_carea' id='block_1_107' title="bbox 1954 5356 3565 5439">
    <p class='ocr_par' dir='ltr' id='par_1_107' title="bbox 1990 5366 3565 5439">
     <span class='ocr_line' id='line_1_107' title="bbox 1990 5366 3565 5439; baseline -0.002 -15"><span class='ocrx_word' id='word_1_772' title='bbox 1990 5370 2165 5424; x_wconf 78' lang='lat' dir='ltr'><strong>Etiam</strong></span> <span class='ocrx_word' id='word_1_773' title='bbox 2196 5371 2242 5425; x_wconf 89' lang='lat' dir='ltr'><strong>si</strong></span> <span class='ocrx_word' id='word_1_774' title='bbox 2287 5370 2417 5439; x_wconf 88' lang='lat' dir='ltr'><strong>quid</strong></span> <span class='ocrx_word' id='word_1_775' title='bbox 2449 5368 2600 5422; x_wconf 74' lang='lat' dir='ltr'><strong>fumo</strong></span> <span class='ocrx_word' id='word_1_776' title='bbox 2631 5368 2893 5433; x_wconf 89' lang='lat' dir='ltr'><strong>deterius,</strong></span> <span class='ocrx_word' id='word_1_777' title='bbox 2942 5367 3228 5423; x_wconf 88' lang='lat' dir='ltr'><strong>admittere</strong></span> <span class='ocrx_word' id='word_1_778' title='bbox 3276 5366 3565 5436; x_wconf 75' lang='lat' dir='ltr'><strong>gestiebat.</strong></span> 
     </span>
    </p>
   </div>
   <div class='ocr_carea' id='block_1_108' title="bbox 324 5448 1851 5527">
    <p class='ocr_par' dir='ltr' id='par_1_108' title="bbox 324 5448 1851 5525">
     <span class='ocr_line' id='line_1_108' title="bbox 324 5448 1851 5525; baseline -0.005 -16"><span class='ocrx_word' id='word_1_779' title='bbox 324 5456 440 5521; x_wconf 82' lang='grc' dir='ltr'><strong>ζειν</strong></span> <span class='ocrx_word' id='word_1_780' title='bbox 472 5456 664 5525; x_wconf 62' lang='grc' dir='ltr'><strong>ἕτερον</strong></span> <span class='ocrx_word' id='word_1_781' title='bbox 705 5453 843 5522; x_wconf 75' lang='grc' dir='ltr'><strong>πλὴν</strong></span> <span class='ocrx_word' id='word_1_782' title='bbox 881 5449 1086 5518; x_wconf 77' lang='grc' dir='ltr'><strong>φυγῆς,</strong></span> <span class='ocrx_word' id='word_1_783' title='bbox 1124 5448 1474 5519; x_wconf 79' lang='grc' dir='ltr'><strong>ἀνδραπόδοις</strong></span> <span class='ocrx_word' id='word_1_784' title='bbox 1517 5450 1617 5501; x_wconf 81' lang='grc' dir='ltr'><strong>οὐκ</strong></span> <span class='ocrx_word' id='word_1_785' title='bbox 1657 5451 1724 5502; x_wconf 84' lang='grc' dir='ltr'><strong>ἀν</strong></span> <span class='ocrx_word' id='word_1_786' title='bbox 1762 5468 1851 5520; x_wconf 84' lang='grc' dir='ltr'><strong>πρε</strong></span> 
     </span>
    </p>
   </div>
   <div class='ocr_carea' id='block_1_109' title="bbox 1954 5448 3564 5527">
    <p class='ocr_par' dir='ltr' id='par_1_109' title="bbox 1995 5458 3564 5527">
     <span class='ocr_line' id='line_1_109' title="bbox 1995 5458 3564 5527; baseline -0.003 -14"><span class='ocrx_word' id='word_1_787' title='bbox 1995 5461 2159 5513; x_wconf 85' lang='lat' dir='ltr'><strong>modo</strong></span> <span class='ocrx_word' id='word_1_788' title='bbox 2210 5460 2359 5513; x_wconf 90' lang='lat' dir='ltr'><strong>domi</strong></span> <span class='ocrx_word' id='word_1_789' title='bbox 2390 5467 2721 5513; x_wconf 85' lang='lat' dir='ltr'><strong>versaretur.</strong></span> <span class='ocrx_word' id='word_1_790' title='bbox 2756 5458 2875 5524; x_wconf 84' lang='lat' dir='ltr'><strong>Quo</strong></span> <span class='ocrx_word' id='word_1_791' title='bbox 2908 5460 2985 5525; x_wconf 84' lang='lat' dir='ltr'><strong>lit,</strong></span> <span class='ocrx_word' id='word_1_792' title='bbox 3017 5468 3075 5512; x_wconf 91' lang='lat' dir='ltr'><strong>ut</strong></span> <span class='ocrx_word' id='word_1_793' title='bbox 3119 5458 3371 5527; x_wconf 87' lang='lat' dir='ltr'><strong>equidem</strong></span> <span class='ocrx_word' id='word_1_794' title='bbox 3419 5461 3564 5512; x_wconf 65' lang='lat' dir='ltr'><strong>arbi~</strong></span> 
     </span>
    </p>
   </div>
   <div class='ocr_carea' id='block_1_110' title="bbox 326 5539 1851 5617">
    <p class='ocr_par' dir='ltr' id='par_1_110' title="bbox 326 5539 1851 5617">
     <span class='ocr_line' id='line_1_110' title="bbox 326 5539 1851 5617; baseline -0.007 -15"><span class='ocrx_word' id='word_1_795' title='bbox 326 5547 551 5617; x_wconf 84' lang='grc' dir='ltr'><strong>πούσης.</strong></span> <span class='ocrx_word' id='word_1_796' title='bbox 593 5544 756 5599; x_wconf 83' lang='grc' dir='ltr'><strong>Ὅθεν</strong></span> <span class='ocrx_word' id='word_1_797' title='bbox 793 5542 903 5596; x_wconf 78' lang='grc' dir='ltr'><strong>οὐδ’</strong></span> <span class='ocrx_word' id='word_1_798' title='bbox 932 5540 1193 5601; x_wconf 75' lang='grc' dir='ltr'><strong>ἀπεικὸς,</strong></span> <span class='ocrx_word' id='word_1_799' title='bbox 1235 5539 1288 5590; x_wconf 82' lang='grc' dir='ltr'><strong>εί</strong></span> <span class='ocrx_word' id='word_1_800' title='bbox 1325 5556 1406 5602; x_wconf 86' lang='grc' dir='ltr'><strong>τις</strong></span> <span class='ocrx_word' id='word_1_801' title='bbox 1447 5542 1647 5592; x_wconf 77' lang='grc' dir='ltr'><strong>ἔδωκεν</strong></span> <span class='ocrx_word' id='word_1_802' title='bbox 1685 5543 1851 5593; x_wconf 67' lang='grc' dir='ltr'><strong>ἐκεῖνο</strong></span> 
     </span>
    </p>
   </div>
   <div class='ocr_carea' id='block_1_111' title="bbox 1954 5539 3570 5617">
    <p class='ocr_par' dir='ltr' id='par_1_111' title="bbox 1998 5548 3570 5613">
     <span class='ocr_line' id='line_1_111' title="bbox 1998 5548 3570 5613; baseline -0.004 -8"><span class='ocrx_word' id='word_1_803' title='bbox 1998 5557 2133 5613; x_wconf 88' lang='lat' dir='ltr'><strong>lrer,</strong></span> <span class='ocrx_word' id='word_1_804' title='bbox 2176 5551 2323 5604; x_wconf 90' lang='lat' dir='ltr'><strong>hunc</strong></span> <span class='ocrx_word' id='word_1_805' title='bbox 2377 5551 2553 5603; x_wconf 85' lang='lat' dir='ltr'><strong>virum</strong></span> <span class='ocrx_word' id='word_1_806' title='bbox 2595 5550 2732 5604; x_wconf 89' lang='lat' dir='ltr'><strong>adeo</strong></span> <span class='ocrx_word' id='word_1_807' title='bbox 2775 5548 2949 5605; x_wconf 82' lang='lat' dir='ltr'><strong>fuisse</strong></span> <span class='ocrx_word' id='word_1_808' title='bbox 2986 5559 3253 5602; x_wconf 89' lang='lat' dir='ltr'><strong>mutatum</strong></span> <span class='ocrx_word' id='word_1_809' title='bbox 3316 5557 3376 5601; x_wconf 91' lang='lat' dir='ltr'><strong>ut</strong></span> <span class='ocrx_word' id='word_1_810' title='bbox 3414 5563 3570 5601; x_wconf 84' lang='lat' dir='ltr'><strong>coro-</strong></span> 
     </span>
    </p>
   </div>
   <div class='ocr_carea' id='block_1_112' title="bbox 330 5631 1851 5710">
    <p class='ocr_par' dir='ltr' id='par_1_112' title="bbox 330 5631 1851 5706">
     <span class='ocr_line' id='line_1_112' title="bbox 330 5631 1851 5706; baseline -0.005 -13"><span class='ocrx_word' id='word_1_811' title='bbox 330 5641 459 5693; x_wconf 79' lang='grc' dir='ltr'><strong>ίδιίν</strong></span> <span class='ocrx_word' id='word_1_812' title='bbox 486 5639 584 5700; x_wconf 76' lang='grc' dir='ltr'><strong>τὰς</strong></span> <span class='ocrx_word' id='word_1_813' title='bbox 619 5641 676 5688; x_wconf 77' lang='grc' dir='ltr'><strong>ὲν</strong></span> <span class='ocrx_word' id='word_1_814' title='bbox 703 5639 771 5706; x_wconf 75' lang='grc' dir='ltr'><strong>τῇ</strong></span> <span class='ocrx_word' id='word_1_815' title='bbox 802 5632 1207 5702; x_wconf 86' lang='grc' dir='ltr'><strong>γυναικωνίτιδι</strong></span> <span class='ocrx_word' id='word_1_816' title='bbox 1242 5631 1439 5701; x_wconf 83' lang='grc' dir='ltr'><strong>κόρας,</strong></span> <span class='ocrx_word' id='word_1_817' title='bbox 1475 5634 1725 5703; x_wconf 79' lang='grc' dir='ltr'><strong>στέργειν</strong></span> <span class='ocrx_word' id='word_1_818' title='bbox 1752 5652 1851 5687; x_wconf 75' lang='grc' dir='ltr'><strong>κατ</strong></span> 
     </span>
    </p>
   </div>
   <div class='ocr_carea' id='block_1_113' title="bbox 1954 5631 3568 5710">
    <p class='ocr_par' dir='ltr' id='par_1_113' title="bbox 1996 5638 3568 5710">
     <span class='ocr_line' id='line_1_113' title="bbox 1996 5638 3568 5710; baseline -0.004 -15"><span class='ocrx_word' id='word_1_819' title='bbox 1996 5643 2086 5695; x_wconf 90' lang='lat' dir='ltr'><strong>nis</strong></span> <span class='ocrx_word' id='word_1_820' title='bbox 2116 5650 2170 5695; x_wconf 91' lang='lat' dir='ltr'><strong>et</strong></span> <span class='ocrx_word' id='word_1_821' title='bbox 2221 5642 2517 5710; x_wconf 84' lang='lat' dir='ltr'><strong>triumpho,</strong></span> <span class='ocrx_word' id='word_1_822' title='bbox 2555 5651 2718 5709; x_wconf 85' lang='lat' dir='ltr'><strong>atque</strong></span> <span class='ocrx_word' id='word_1_823' title='bbox 2756 5641 2907 5696; x_wconf 90' lang='lat' dir='ltr'><strong>omni</strong></span> <span class='ocrx_word' id='word_1_824' title='bbox 2957 5642 3201 5695; x_wconf 70' lang='lat' dir='ltr'><strong>victorias</strong></span> <span class='ocrx_word' id='word_1_825' title='bbox 3253 5638 3568 5706; x_wconf 82' lang='lat' dir='ltr'><strong>splendore.</strong></span> 
     </span>
    </p>
   </div>
   <div class='ocr_carea' id='block_1_114' title="bbox 327 5724 1851 5803">
    <p class='ocr_par' dir='ltr' id='par_1_114' title="bbox 327 5724 1851 5802">
     <span class='ocr_line' id='line_1_114' title="bbox 327 5724 1851 5802; baseline -0.01 -16"><span class='ocrx_word' id='word_1_826' title='bbox 327 5732 535 5802; x_wconf 76' lang='grc' dir='ltr'><strong>κόρρης</strong></span> <span class='ocrx_word' id='word_1_827' title='bbox 571 5726 948 5797; x_wconf 80' lang='grc' dir='ltr'><strong>τυφθήσεσθαι</strong></span> <span class='ocrx_word' id='word_1_828' title='bbox 991 5725 1124 5793; x_wconf 85' lang='grc' dir='ltr'><strong>παρ’</strong></span> <span class='ocrx_word' id='word_1_829' title='bbox 1147 5725 1327 5777; x_wconf 76' lang='grc' dir='ltr'><strong>αὐτῶν</strong></span> <span class='ocrx_word' id='word_1_830' title='bbox 1361 5724 1526 5776; x_wconf 76' lang='grc' dir='ltr'><strong>ἕνεκα</strong></span> <span class='ocrx_word' id='word_1_831' title='bbox 1560 5724 1660 5794; x_wconf 78' lang='grc' dir='ltr'><strong>τῆς</strong></span> <span class='ocrx_word' id='word_1_832' title='bbox 1704 5743 1851 5793; x_wconf 75' lang='grc' dir='ltr'><strong>γυναι</strong></span> 
     </span>
    </p>
   </div>
   <div class='ocr_carea' id='block_1_115' title="bbox 1954 5724 3568 5803">
    <p class='ocr_par' dir='ltr' id='par_1_115' title="bbox 2000 5729 3568 5803">
     <span class='ocr_line' id='line_1_115' title="bbox 2000 5729 3568 5803; baseline -0.005 -15"><span class='ocrx_word' id='word_1_833' title='bbox 2000 5735 2181 5789; x_wconf 77' lang='lat' dir='ltr'><strong>valere</strong></span> <span class='ocrx_word' id='word_1_834' title='bbox 2211 5735 2398 5802; x_wconf 85' lang='lat' dir='ltr'><strong>justis,</strong></span> <span class='ocrx_word' id='word_1_835' title='bbox 2433 5734 2583 5787; x_wconf 84' lang='lat' dir='ltr'><strong>aliud</strong></span> <span class='ocrx_word' id='word_1_836' title='bbox 2640 5735 2775 5787; x_wconf 82' lang='lat' dir='ltr'><strong>nihil</strong></span> <span class='ocrx_word' id='word_1_837' title='bbox 2804 5748 2969 5803; x_wconf 84' lang='lat' dir='ltr'><strong>quam</strong></span> <span class='ocrx_word' id='word_1_838' title='bbox 3019 5733 3218 5799; x_wconf 78' lang='lat' dir='ltr'><strong>&quot;ngam,</strong></span> <span class='ocrx_word' id='word_1_839' title='bbox 3251 5744 3319 5783; x_wconf 89' lang='lat' dir='ltr'><strong>ne</strong></span> <span class='ocrx_word' id='word_1_840' title='bbox 3346 5729 3568 5797; x_wconf 86' lang='lat' dir='ltr'><strong>quidem</strong></span> 
     </span>
    </p>
   </div>
   <div class='ocr_carea' id='block_1_116' title="bbox 329 5815 1851 5896">
    <p class='ocr_par' dir='ltr' id='par_1_116' title="bbox 329 5815 1851 5888">
     <span class='ocr_line' id='line_1_116' title="bbox 329 5815 1851 5888; baseline -0.001 -13"><span class='ocrx_word' id='word_1_841' title='bbox 329 5822 535 5885; x_wconf 83' lang='grc' dir='ltr'><strong>κώδους</strong></span> <span class='ocrx_word' id='word_1_842' title='bbox 565 5818 734 5874; x_wconf 83' lang='grc' dir='ltr'><strong>αὐτοῦ</strong></span> <span class='ocrx_word' id='word_1_843' title='bbox 764 5818 964 5888; x_wconf 77' lang='grc' dir='ltr'><strong>φυγῆς.</strong></span> <span class='ocrx_word' id='word_1_844' title='bbox 990 5816 1079 5885; x_wconf 78' lang='grc' dir='ltr'><strong>Τῷ</strong></span> <span class='ocrx_word' id='word_1_845' title='bbox 1108 5816 1217 5886; x_wconf 90' lang='grc' dir='ltr'><strong>γάρ</strong></span> <span class='ocrx_word' id='word_1_846' title='bbox 1246 5815 1446 5869; x_wconf 80' lang='grc' dir='ltr'><strong>αὐτίκα</strong></span> <span class='ocrx_word' id='word_1_847' title='bbox 1471 5820 1772 5888; x_wconf 81' lang='grc' dir='ltr'><strong>τετράφθαι</strong></span> <span class='ocrx_word' id='word_1_848' title='bbox 1798 5822 1851 5874; x_wconf 65' lang='grc' dir='ltr'><strong>τὶ</strong></span> 
     </span>
    </p>
   </div>
   <div class='ocr_carea' id='block_1_117' title="bbox 1954 5815 3573 5896">
    <p class='ocr_par' dir='ltr' id='par_1_117' title="bbox 2004 5821 3573 5896">
     <span class='ocr_line' id='line_1_117' title="bbox 2004 5821 3573 5896; baseline -0.006 -16"><span class='ocrx_word' id='word_1_849' title='bbox 2004 5828 2278 5896; x_wconf 85' lang='lat' dir='ltr'><strong>mancipia</strong></span> <span class='ocrx_word' id='word_1_850' title='bbox 2330 5828 2637 5893; x_wconf 86' lang='lat' dir='ltr'><strong>decentem,</strong></span> <span class='ocrx_word' id='word_1_851' title='bbox 2702 5827 3087 5879; x_wconf 85' lang='lat' dir='ltr'><strong>admiraretur.</strong></span> <span class='ocrx_word' id='word_1_852' title='bbox 3144 5823 3259 5875; x_wconf 86' lang='lat' dir='ltr'><strong>Nec</strong></span> <span class='ocrx_word' id='word_1_853' title='bbox 3322 5821 3573 5873; x_wconf 82' lang='lat' dir='ltr'><strong>absimile</strong></span> 
     </span>
    </p>
   </div>
   <div class='ocr_carea' id='block_1_118' title="bbox 330 5905 1851 6063">
    <p class='ocr_par' dir='ltr' id='par_1_118' title="bbox 330 5908 1851 6063">
     <span class='ocr_line' id='line_1_118' title="bbox 330 5908 1851 5985; baseline 0 -17"><span class='ocrx_word' id='word_1_854' title='bbox 330 5911 543 5985; x_wconf 80' lang='grc' dir='ltr'><strong>ψυχὴν,</strong></span> <span class='ocrx_word' id='word_1_855' title='bbox 570 5911 668 5968; x_wconf 80' lang='grc' dir='ltr'><strong>καὶ</strong></span> <span class='ocrx_word' id='word_1_856' title='bbox 694 5912 821 5975; x_wconf 79' lang='grc' dir='ltr'><strong>τοὺς</strong></span> <span class='ocrx_word' id='word_1_857' title='bbox 849 5908 1174 5977; x_wconf 78' lang='grc' dir='ltr'><strong>λογισμοὺς,</strong></span> <span class='ocrx_word' id='word_1_858' title='bbox 1202 5908 1296 5960; x_wconf 77' lang='grc' dir='ltr'><strong>καὶ</strong></span> <span class='ocrx_word' id='word_1_859' title='bbox 1322 5908 1574 5965; x_wconf 79' lang='grc' dir='ltr'><strong>τοσοῦτον</strong></span> <span class='ocrx_word' id='word_1_860' title='bbox 1601 5913 1851 5982; x_wconf 57' lang='grc' dir='ltr'><strong>ὀρρωδεῖν</strong></span> 
     </span>
     <span class='ocr_line' id='line_1_119' title="bbox 692 5998 1339 6063; baseline -0.008 0"><span class='ocrx_word' id='word_1_861' title='bbox 692 6004 969 6063; x_wconf 74' lang='grc' dir='ltr'><strong>ΡΑτιιυι.</strong></span> <span class='ocrx_word' id='word_1_862' title='bbox 998 6003 1114 6062; x_wconf 76' lang='lat' dir='ltr'><strong>Ge.</strong></span> <span class='ocrx_word' id='word_1_863' title='bbox 1159 5998 1339 6059; x_wconf 83' lang='lat' dir='ltr'><strong>CLVI</strong></span> 
     </span>
    </p>
   </div>
   <div class='ocr_carea' id='block_1_119' title="bbox 1954 5905 3571 6063">
    <p class='ocr_par' dir='ltr' id='par_1_119' title="bbox 1998 5905 3571 6063">
     <span class='ocr_line' id='line_1_120' title="bbox 1998 5905 3571 6001; baseline -0.024 -6"><span class='ocrx_word' id='word_1_864' title='bbox 1998 5932 2155 6001; x_wconf 53' lang='grc' dir='ltr'><strong>δ’θτο»</strong></span> <span class='ocrx_word' id='word_1_865' title='bbox 2181 5917 2228 5972; x_wconf 76' lang='grc' dir='ltr'><strong>εί</strong></span> <span class='ocrx_word' id='word_1_866' title='bbox 2252 5917 2376 5987; x_wconf 65' lang='grc' dir='ltr'><strong>θυῖε</strong></span> <span class='ocrx_word' id='word_1_867' title='bbox 2398 5931 2523 5973; x_wconf 81' lang='lat' dir='ltr'><strong>eum</strong></span> <span class='ocrx_word' id='word_1_868' title='bbox 2552 5916 2743 5987; x_wconf 85' lang='lat' dir='ltr'><strong>puellis</strong></span> <span class='ocrx_word' id='word_1_869' title='bbox 2764 5915 2997 5986; x_wconf 67' lang='lat' dir='ltr'><strong>gynaecei</strong></span> <span class='ocrx_word' id='word_1_870' title='bbox 3023 5911 3376 5976; x_wconf 85' lang='lat' dir='ltr'><strong>spectandum</strong></span> <span class='ocrx_word' id='word_1_871' title='bbox 3416 5905 3571 5963; x_wconf 60' lang='lat' dir='ltr'><strong>estti-</strong></span> 
     </span>
     <span class='ocr_line' id='line_1_121' title="bbox 2051 6004 3207 6063; baseline -0.028 31"><span class='ocrx_word' id='word_1_872' title='bbox 2051 6045 2060 6055; x_wconf 88' lang='lat'>&#39;</span> <span class='ocrx_word' id='word_1_873' title='bbox 2195 6051 2198 6055; x_wconf 80' lang='lat'><em>‘</em></span> <span class='ocrx_word' id='word_1_874' title='bbox 3135 6004 3207 6063; x_wconf 79' lang='lat' dir='ltr'><strong>l3</strong></span> 
     </span>
    </p>
   </div>
   <div class='ocr_carea' id='block_1_120' title="bbox 738 6004 1851 6073">
    <p class='ocr_par' dir='ltr' id='par_1_120' title="bbox 738 6004 1337 6065">
     <span class='ocr_line' id='line_1_122' title="bbox 738 6004 1337 6065; baseline -0.012 0"><span class='ocrx_word' id='word_1_875' title='bbox 738 6019 969 6065; x_wconf 75' lang='lat' dir='ltr'><strong>ATRUL.</strong></span> <span class='ocrx_word' id='word_1_876' title='bbox 998 6004 1114 6062; x_wconf 76' lang='lat' dir='ltr'><strong>Ge.</strong></span> <span class='ocrx_word' id='word_1_877' title='bbox 1159 6004 1337 6059; x_wconf 83' lang='lat' dir='ltr'><strong>CLVI</strong></span> 
     </span>
    </p>
   </div>
   <div class='ocr_carea' id='block_1_121' title="bbox 1954 6004 3207 6073">
    <p class='ocr_par' dir='ltr' id='par_1_121' title="bbox 2051 6004 3207 6064">
     <span class='ocr_line' id='line_1_123' title="bbox 2051 6004 3207 6064; baseline 0.007 -9"><span class='ocrx_word' id='word_1_878' title='bbox 2051 6045 2198 6055; x_wconf 84' lang='lat'><strong>..</strong></span> <span class='ocrx_word' id='word_1_879' title='bbox 3135 6004 3207 6064; x_wconf 82' lang='lat'><strong>13</strong></span> 
     </span>
    </p>
   </div>
   <div class='ocr_carea' id='block_1_122' title="bbox 302 4259 1872 4336">
    <p class='ocr_par' dir='ltr' id='par_1_122' title="bbox 302 4259 1872 4336">
     <span class='ocr_line' id='line_1_124' title="bbox 302 4259 1872 4336; baseline -0.006 -17"><span class='ocrx_word' id='word_1_880' title='bbox 302 4265 581 4336; x_wconf 86' lang='grc' dir='ltr'><strong>θησόμενα</strong></span> <span class='ocrx_word' id='word_1_881' title='bbox 621 4262 798 4332; x_wconf 72' lang='grc' dir='ltr'><strong>τούτῳ</strong></span> <span class='ocrx_word' id='word_1_882' title='bbox 838 4261 1110 4332; x_wconf 86' lang='grc' dir='ltr'><strong>τρόπαια,</strong></span> <span class='ocrx_word' id='word_1_883' title='bbox 1155 4259 1409 4313; x_wconf 80' lang='grc' dir='ltr'><strong>τοσοῦτον</strong></span> <span class='ocrx_word' id='word_1_884' title='bbox 1451 4259 1566 4313; x_wconf 81' lang='grc' dir='ltr'><strong>ἀνω</strong></span> <span class='ocrx_word' id='word_1_885' title='bbox 1610 4260 1872 4328; x_wconf 83' lang='grc' dir='ltr'><strong>ποταμῶν</strong></span> 
     </span>
    </p>
   </div>
  </div>
