3978 6580
165 564 168 566 ~
249 529 366 587 397

247 632 366 683 οὐκ
421 629 697 697 ἀδοξίαν
760 636 957 706 αὐτήν.
1009 636 1194 690 Πάντα
1227 636 1421 706 ἑορτὴν
1473 631 1657 704 ἠγεῖτο
1701 634 1768 686 τὰ
1797 635 1922 686 δυσ·
1956 639 2000 692 Α

1777 527 1790 574 (
1829 522 2059 581 RATIO
2096 519 2139 578 ῐ.

3497 507 3603 573 ποθ
3642 448 3649 454 ’

2030 629 2209 681 decori
2262 627 2523 681 rationem
2579 625 2829 680 habebat.
2883 625 3067 694 Usque
3123 622 3257 677 adeo
3303 635 3523 689 prorsus
3573 638 3600 672 ει

245 724 409 797 χερῆ
441 740 458 756 ⁸
521 727 754 783 πάντα.
814 729 1122 799 πανήγυριν
1197 730 1264 782 τὰ
1330 729 1502 782 δεινά.
1549 727 1734 796 Μηδὲν
1783 726 1922 793 πλὴν

2039 721 2444 788 :ogizatiouibus
2479 761 2492 784 ,
2568 728 2731 773 tautae
2781 717 3054 786 majestati
3103 714 3558 770 convenientibus
3587 754 3602 778 ,

261 815 638 882 Ἀθηναίων
697 820 995 889 φοϐερῶς
1045 819 1212 888 μηδὲν
1264 821 1498 888 φευκτὸν
1542 819 1670 872 ἄνευ
1720 819 1919 870 αὐτῶν.

250 905 491 970 Μόνοις
531 909 802 973 τούτοις
844 913 1053 974 πάντας
1092 912 1204 964 δεῖν
1235 911 1523 981 πρωτείων
1559 911 1774 972 πάντως
1819 925 1924 960 πα-

254 1003 587 1068 ραχωρεῖν
631 1003 758 1056 ἐπὶ
787 1003 897 1057 τῶν
931 1003 1187 1057 ἁπάντων
1208 1021 1223 1036 ο
1263 1004 1362 1056 καὶ
1389 1003 1518 1065 τοὺς
1550 1000 1708 1055 τοῦτο
1747 1001 1923 1071 πράτι-

246 1106 483 1154 τοντας
520 1093 845 1165 μηδαμῶς
873 1095 1256 1166 αἰσχύνεσθαι.
1283 1095 1350 1148 Τί
1377 1095 1485 1166 χρὴ
1515 1094 1683 1147 πολλὰ
1712 1093 1924 1160 λέγεινς

247 1182 470 1252 Σεμνὰ
515 1186 650 1253 μὲν
691 1189 880 1243 πάντα
907 1189 975 1242 τὰ
1003 1188 1221 1258 ἄκοσμα
1239 1229 1253 1253 ,
1283 1187 1474 1259 κέρδος
1503 1187 1559 1240 δὲ
1591 1187 1798 1256 ζημίαν
1825 1188 1928 1238 πᾶ-

250 1291 367 1327 σαν
398 1275 750 1347 ἐνόμιζεν,
779 1281 830 1334 εί
856 1281 962 1343 σῶς
990 1281 1457 1350 ἐπαναστρέῲειεν
1481 1279 1662 1333 οἴκαδε
1684 1295 1700 1312 ο
1727 1277 1928 1332 οὔκουν

249 1366 724 1436 ἠρυθρίασεν,
777 1372 964 1442 ἔτερος
1020 1373 1372 1427 παντάπασιν
1421 1374 1480 1438 ἐξ
1531 1372 1695 1427 ἄλλου
1748 1371 1927 1440 πάντη

253 1457 698 1524 φαινόμενος.
748 1459 871 1513 υὺδ’
900 1463 1087 1531 ήγείτο
1130 1462 1401 1532 χαλεπὸν,
1448 1463 1496 1514 εί
1539 1460 1716 1532 ὁρῷτο
1759 1462 1929 1531 χείρω

254 1546 534 1614 πάσχων
595 1551 870 1614 ἐκείνων,
922 1552 959 1606 ἃ
1009 1555 1193 1624 μικρῷ
1241 1554 1477 1624 πρόσθεν
1527 1555 1743 1622 ὴπείλει
1792 1556 1926 1620 τοῖς,

257 1638 365 1705 ὑφ’
408 1637 504 1694 ὧν
575 1644 762 1697 ταῦτ’
797 1645 1029 1715 ἔπασχε.
1087 1647 1280 1701 Καίτοι
1329 1648 1382 1699 τί
1439 1647 1560 1700 ποτ’
1597 1647 1664 1701 ἂν
1717 1649 1929 1716 αἴσχιον

257 1734 475 1796 etme:
542 1737 677 1806 τῆς
759 1735 933 1798 οὕτως
994 1741 1053 1801 ις
1121 1739 1293 1810 ἄκρον
1359 1739 1697 1810 μεταϐολῆς.
1755 1738 1930 1804 οὕτως

260 1821 505 1892 ἁθρόον
568 1831 1016 1898 γεγενημένηςς
1049 1829 1212 1893 Γένος
1245 1830 1537 1901 βατράχων
1590 1829 1818 1900 μηδενὸς
1846 1830 1932 1884 δε-

262 1913 669 1985 διττομένου
722 1920 824 1974 οὐκ
870 1923 928 1984 ἐς
979 1921 1143 1991 βυθὸν
1193 1922 1572 1987 καταδύονται,
1606 1921 1682 1987 ὡς
1722 1925 1932 1993 ἀφανι-

266 2005 506 2076 σθῆναι
544 2015 688 2076 τοῖς
720 2013 1009 2082 τέλμασιν.
1040 2008 1209 2076 Οὗτος
1238 2013 1296 2067 δὲ
1329 2014 1588 2085 ἠνέσχετο
1619 2015 1868 2086 πάσχων,
1902 2018 1930 2068 ὁ

274 2100 510 2168 μηδενὶ
559 2103 696 2157 τῶν
745 2104 975 2158 πώποτε
1022 2107 1414 2176 γεγενημένων
1461 2105 1768 2178 ἀνθρώπων
1809 2110 1930 2173 ταῖς

273 2193 434 2264 παρ’
489 2194 729 2249 ἑαυτοῦ
775 2199 1100 2263 φαντασίαις
1143 2196 1519 2266 ὲξισούμενος,
1562 2198 1702 2268 ὅπερ
1739 2199 1852 2253 οὐδ’
1880 2200 1931 2252 oi

278 2286 547 2345 πτῶκες
612 2283 909 2339 ποιοῦσιν·
960 2284 1218 2353 ἔφευγεν,
1266 2285 1512 2354 ἔτρεχεν.
1557 2285 1659 2338 οὐκ
1709 2285 1932 2360 ἠρέμει³

284 2374 447 2445 μηδὲ
485 2377 604 2429 τὸν
645 2377 914 2431 διώκοντα
944 2376 1180 2448 βλέπων,
1210 2377 1243 2446 ἢ
1272 2378 1432 2431 σκιὰν
1463 2376 1606 2447 δρῶν
1635 2378 1870 2438 ἐκείνου,
1896 2378 1930 2447 ἢ

286 2467 513 2534 φωνῆς
575 2468 732 2531 ὅλως
790 2467 1027 2521 ἀκούων.
1088 2469 1248 2529 Ἴσως
1294 2483 1360 2535 γε
1418 2469 1793 2538 παρεμυθεῖτο
1841 2468 1936 2521 τὶν

289 2554 655 2624 ἄνθρωπον
686 2558 858 2610 ταῦτα
893 2558 1195 2626 πάσχοντα,
1226 2551 1382 2626 οἶμαι
1407 2556 1464 2609 δὲ
1497 2559 1593 2610 καὶ
1620 2556 1933 2628 προῦτρεπε

289 2646 455 2716 προς
498 2648 630 2717 τὴν
669 2649 1077 2719 ἀνυπέρϐλητόν
1112 2666 1170 2701 τε
1199 2647 1296 2701 καὶ
1325 2647 1717 2718 ἁπαράϐλητον
1743 2647 1937 2718 ἐκτρο-

291 2738 451 2804 πὴν,
481 2739 562 2791 τὸ
623 2739 753 2802 τοὺς
809 2738 1416 2808 συναλαζονευομένους
1467 2737 1618 2807 αὐτῷ
1667 2737 1936 2808 πρότερον

299 2825 442 2879 τότε
496 2847 577 2882 συ
592 2829 947 2898 μφεύγοντας
975 2831 1107 2900 όρᾷν
1131 2830 1284 2884 οὐδὲν
1313 2829 1530 2883 ἐκείνου
1567 2828 1934 2900 σχολαίτερον.

304 2919 584 2975 Πάντων
621 2923 730 2990 γὰρ
774 2922 1055 2993 προύργου
1090 2924 1319 2992 γέγονεν
1354 2923 1539 2985 αὐτοῖς
1575 2922 1609 2992 ή
1660 2923 1799 2993 πρὸς
1841 2922 1937 2978 τὸν

305 3007 480 3090 οἶκον
528 3014 828 3076 ἐπάνοδος.
861 3014 1078 3085 Ταύτης
1109 3016 1210 3068 οὐκ
1260 3014 1328 3069 ἂν
1374 3013 1647 3084 ἠλλάξατο
1680 3014 1940 3084 βασιλεὺς

313 3104 441 3157 εὗδ’
485 3101 582 3160 ὧν
609 3110 782 3175 χωρὶς
807 3106 909 3159 οὐκ
937 3106 1004 3160 ἃν
1025 3105 1180 3177 ἠξίου
1210 3107 1271 3161 τὸ
1302 3107 1435 3176 πρὶν
1473 3105 1687 3177 βιῶναι.
1717 3105 1937 3179 Ταύτης

317 3197 530 3249 πάντα.
585 3197 817 3266 δεύτερα
867 3193 972 3269 ἦγε
1021 3199 1118 3251 καὶ
1167 3197 1456 3268 βασιλείαν
1513 3197 1705 3268 αὐτὴν,
1735 3199 1941 3271 κλῆρον

317 3287 724 3351 δικαιότατον,
744 3292 806 3343 ὲκ
838 3291 1046 3362 πατρὸς
1073 3291 1224 3362 αὖτῷ
1253 3291 1645 3358 κατελθοῦσαν,
1672 3294 1941 3364 μεγίστην
1967 3311 2012 3372 c

320 3377 547 3435 οὖσαν.
605 3382 694 3442 Ὠς
741 3382 849 3452 γὰρ
882 3381 1079 3446 ἔοικεν,
1121 3385 1151 3436 ό
1206 3382 1372 3452 φόϐος
1415 3383 1598 3454 ψυχῆς
1648 3386 1937 3455 κρατήσας

322 3472 624 3536 καθάπαξ
680 3472 857 3525 δεινόν
893 3491 946 3526 τι
985 3477 1193 3547 ταύτης
1233 3475 1424 3530 ἐλάσαι
1479 3479 1586 3530 πᾶν
1633 3479 1858 3545 ἀγαθὸν,
1891 3483 1938 3533 εί
1978 3520 1984 3525 -

330 3561 418 3634 μὴ
449 3567 567 3618 σὺν
594 3565 738 3635 λόγῳ
773 3566 934 3620 τοῦτο
959 3570 1369 3638 προσκτήσαιτο
1395 3569 1473 3637 τῷ
1501 3572 1813 3642 γιγνομένῳ
1846 3573 1940 3625 καὶ

332 3657 653 3725 πρέποντι,
695 3652 814 3711 εἶτα
850 3659 948 3712 καὶ
982 3661 1164 3730 χρόνῳ
1195 3660 1373 3731 τούτῳ
1410 3665 1745 3728 συγγένοιτο.
1784 3664 1839 3726 ὃς
1873 3664 1940 3716 ἂν

333 3748 637 3816 περιόδοις
683 3751 779 3803 καὶ
829 3752 1069 3822 μήκεσιν
1121 3753 1274 3822 αὐτῇ
1315 3769 1379 3821 γε
1417 3753 1575 3806 τοῦτο
1629 3755 1940 3824 προστήξας

337 3839 448 3892 καὶ
483 3839 804 3907 παγιώσας,
837 3841 1218 3913 ἀμετάϐλητον
1262 3844 1564 3914 ἀποφῆναι.
1600 3845 1788 3897 Πείθει
1830 3847 1939 3898 δει-

324 3925 444 3980 ,λία
500 3930 765 3998 τρώσασα
818 3932 965 3996 νοῦν,
1025 3931 1254 4002 ἀκράτῳ
1306 3932 1461 4002 φόϐῳ
1512 3932 1936 4003 κατασχεθέντα,

348 4020 566 4088 ῥᾳδίως
590 4021 1048 4077 ἀνταλλάττεσθαι
1077 4023 1330 4097 μεγάλων
1363 4022 1460 4076 καὶ
1495 4025 1636 4077 πάνυ
1669 4022 1939 4093 λαμπρῶν

347 4112 548 4176 φαῦλα
585 4113 681 4164 καὶ
731 4114 920 4181 γελοῖα
967 4115 1454 4185 πράγματαρκαὶ
1502 4115 1570 4166 τὰ
1619 4113 1940 4184 δυσχερείας

354 4201 562 4266 μεστὰ,
590 4205 685 4255 xui.
721 4204 984 4274 μισητέα,
1016 4208 1112 4259 καὶ
1163 4206 1455 4275 βδελυκτὰ,
1487 4206 1564 4269 ὡς
1616 4203 1681 4259 τὰ
1729 4207 1940 4270 τούτοις

352 4293 604 4357 ἐναντία,
633 4297 729 4350 σὺν
761 4297 1074 4367 εὐφροσύνῃ
1107 4297 1389 4368 δέχεσθαι,
1429 4297 1566 4368 πρὸς
1605 4299 1774 4367 μόνην
1807 4300 1940 4352 ἀπο-

354 4383 633 4436 ϐλέποντα
659 4385 758 4454 τὴν
788 4385 882 4439 τοῦ
914 4386 1218 4450 λυποῦντος
1247 4387 1593 4456 ἀπαλλαγήν.
1626 4387 1787 4440 Τουτὶ
1836 4407 1942 4441 πα-

355 4473 471 4525 θὼν
513 4473 790 4543 βασιλεὺς,
825 4475 1105 4545 βασιλείαν
1159 4476 1259 4545 μὲν
1304 4474 1476 4545 αὐτὴν
1527 4475 1683 4544 παρὰ
1731 4474 1937 4543 φαῦλον

358 4566 612 4635 θέμενος,
663 4566 722 4618 τὸ
757 4567 1185 4634 προσκυνεῖσθαι
1239 4566 1436 4636 μικρὸν
1483 4566 1811 4635 ἡγούμενος,
1853 4585 1940 4635 μι-

360 4656 500 4723 κροῦ
529 4657 626 4709 καὶ
661 4657 766 4709 ὑπὸ
808 4658 1026 4711 πάντων
1070 4657 1242 4710 ὲθνῶν
1284 4659 1416 4727 παρ’
1444 4657 1598 4709 οὐδέν
1633 4675 1684 4709 τι
1730 4658 1940 4725 λογιζό-
1973 4670 2014 4725 β

368 4764 529 4811 μενος
567 4749 628 4798 τὸ
676 4748 781 4800 ὑπὸ
829 4749 920 4800 τὸν
972 4748 1064 4800 ὑπ’
1095 4748 1260 4800 αὑτὸν
1294 4750 1521 4814 μονονοὺ
1570 4749 1664 4800 καὶ
1707 4749 1796 4800 fact
1819 4749 1940 4819 Θεῷ

365 4837 806 4906 θεραπεύεσθαι,
857 4839 1061 4908 ἑορτῶν
1103 4856 1163 4892 τε
1219 4839 1497 4909 ἀλογήσας
1552 4841 1646 4891 καὶ
1690 4839 1941 4908 πανηγύ-

370 4944 533 4994 ρεων,
585 4923 674 4990 αἷς
739 4927 952 4999 ἔχαιρε,
1003 4928 1257 4998 βασίλειά
1307 4945 1367 4980 τε
1430 4928 1527 4980 καὶ
1581 4929 1802 4999 λουτρὰ,
1848 4929 1942 4982 καὶ

367 5018 733 5086 παραδείσους
787 5019 1034 5082 ἐκείνους
1084 5019 1366 5092 περιιδὼν,
1397 5020 1433 5074 ἃ.
1467 5022 1564 5072 καὶ
1611 5022 1704 5074 τοῦ
1739 5025 1940 5086 παντὸς

367 5110 666 5180 προετίμα,
711 5105 866 5181 οῖμαι
895 5111 953 5165 δὲ
980 5111 1077 5164 καὶ
1104 5113 1282 5182 νήσων
1310 5113 1555 5179 ἐκείνων,
1587 5112 1653 5175 ἂς
1689 5115 1801 5176 τοῖς
1839 5115 1940 5182 μά.

366 5217 566 5270 κπρσιν
595 5203 904 5272 ἀπένειμαν
933 5205 984 5257 οἱ
1012 5203 1134 5256 τότε
1165 5203 1595 5274 παραπαίοντες,
1625 5205 1939 5272 ἀσφοδελῶν

366 5309 423 5344 τε
457 5293 765 5362 λειμώνων,
805 5295 902 5348 καὶ⁵
943 5295 1199 5349 Ἠλυσίου
1251 5296 1459 5358 πεδίου,
1489 5298 1582 5349 καὶ
1621 5297 1730 5349 τῶν
1764 5298 1941 5349 τοιού-

367 5400 475 5436 των
536 5386 822 5452 ἁπάντων,
883 5386 984 5458 τὴν
1044 5388 1254 5440 ἰδιώτου
1319 5391 1514 5457 μοῖραν
1569 5388 1784 5458 ἐπῄνει,
1846 5389 1940 5440 καὶ

371 5475 620 5542 στέργειν
663 5477 882 5545 ἕτοιμος
925 5473 994 5548 ἦν
1041 5477 1302 5542 δουλείαν,
1349 5481 1443 5530 καὶ
1495 5478 1673 5530 πάντα
1725 5480 1939 5548 φέρειν,

368 5564 532 5632 μόνον
559 5567 608 5617 εί
637 5566 886 5629 σιῦζοιτο.
922 5569 1097 5622 Λίθων
1128 5571 1186 5622 δὲ
1218 5571 1444 5622 ἐκείνων
1478 5570 1588 5622 τῶν
1618 5573 1828 5624 πολλῶν
1877 5590 1937 5624 τε

367 5657 463 5710 καὶ⁵
492 5657 696 5726 καλῶν,
727 5661 823 5713 καὶ
853 5662 1130 5731 μεγάλων,
1163 5659 1244 5723 οἷς
1287 5662 1648 5732 ἐκεκόσμητο,
1681 5667 1771 5715 καὶ
1807 5665 1940 5716 πλα-

365 5752 528 5801 τὲνου
570 5753 670 5819 τῆς
709 5752 940 5822 χρυσῆς,
977 5756 1074 5805 καὶ
1117 5753 1180 5823 δὴ
1217 5756 1311 5806 καὶ
1350 5753 1518 5821 τύφου
1573 5756 1773 5816 παντὸς
1823 5755 1941 5806 ἐπι-

367 5838 719 5910 λελησμένος,
779 5844 1062 5912 ἠσπάζετό
1109 5862 1166 5898 τε
1229 5845 1442 5910 πενίαν,
1505 5845 1600 5898 καὶ
1657 5846 1938 5913 προύτίθει

369 5934 655 6003 σχήματος
693 5937 855 6004 μόνον
900 5938 998 5990 οὐκ
1048 5938 1353 5991 ἀθανασίαν
1397 5937 1545 6006 αὐτῷ
1578 5938 1934 6008 παρέχοντος.

2025 812 2342 875 destitutus,
2365 823 2724 882 praeterquam
2749 811 2891 880 quod
2917 808 3117 864 nullius
3143 823 3264 862 eum
3283 807 3358 861 rei
3384 806 3608 874 puderet

2029 920 2128 954 nec
2163 903 2390 970 periculi
2419 904 2717 972 quidquam
2747 907 2810 955 :ul
2837 903 3084 955 animum
3120 900 3412 954 revocabat
3445 913 3458 948 :
3497 914 3604 952 non

2031 994 2232 1063 ignem,
2277 1010 2381 1048 non
2436 993 2600 1057 feras,
2659 1009 2764 1047 non
2821 993 3052 1056 ruinam,
3104 1006 3212 1046 non
3248 1005 3468 1054 cenutn,
3500 1003 3608 1043 non

2029 1089 2334 1156 scopulum,
2366 1103 2472 1142 non
2510 1089 2837 1158 prsecipitem
2859 1089 3062 1154 locum,
3094 1101 3200 1140 non
3245 1085 3465 1149 famem,
3499 1101 3605 1138 non

2031 1183 2200 1247 ipsam
2252 1181 2552 1234 infamiam.
2596 1181 2789 1235 Omnia
2847 1181 3073 1236 molesta
3129 1194 3226 1248 pro
3273 1177 3434 1241 festo,
3489 1179 3609 1231 dira

2033 1289 2129 1341 pro
2161 1272 2411 1327 ludorum
2445 1274 2757 1328 celebritate
2781 1273 3049 1338 ducebat;
3089 1273 3223 1326 nihil
3266 1271 3316 1325 ei
3346 1270 3608 1323 formida-

2032 1363 2157 1427 bile,
2183 1373 2382 1432 pra’ter
2403 1361 2760 1417 Atheuienses
2785 1380 2799 1427 ;
2822 1362 2958 1416 nihil
2979 1361 3222 1428 exceptis
3245 1361 3372 1426 illis,
3398 1358 3611 1430 fugien-

2030 1454 2156 1505 dum
2197 1471 2210 1506 :
2251 1452 2336 1506 his
2375 1452 2509 1507 solis
2541 1466 2732 1506 omnes
2775 1451 3000 1503 omnino
3031 1450 3232 1503 debere
3285 1450 3512 1518 primas,
3550 1450 3608 1500 in

2035 1542 2196 1597 rebus
2225 1543 2504 1606 omnibus,
2541 1542 2875 1608 concedere;
2907 1557 3006 1595 nec
3050 1541 3100 1594 id
3140 1539 3468 1594 facientibus
3500 1540 3609 1592 ullo

2035 1635 2194 1688 modo
2224 1633 2416 1703 pudori
2447 1648 2568 1689 esse
2595 1648 2774 1701 posse.
2799 1633 2936 1698 Quid
2964 1632 3149 1685 multis
3170 1645 3308 1700 opus
3337 1630 3459 1682 est?
3488 1645 3611 1682 om-

2037 1727 2125 1780 nia
2159 1726 2416 1781 indecora
2440 1741 2538 1796 pro
2571 1726 2834 1785 honestis.
2859 1739 3022 1778 omne
3050 1723 3310 1776 damnum
3340 1735 3434 1790 pro
3457 1721 3610 1773 lucro

2039 1815 2316 1884 ducebat;
2350 1817 2510 1871 modo
2537 1815 2722 1870 salvus
2747 1807 2969 1868 domum
3006 1819 3390 1864 reverteretur.
3426 1807 3613 1874 Itaque

2036 1922 2145 1962 non
2171 1907 2548 1966 erubescebat,
2581 1904 2724 1975 quod
2747 1903 2913 1957 alium
2954 1915 3178 1971 prorsus
3209 1915 3274 1952 ex
3317 1899 3422 1952 alio
3449 1913 3506 1952 se
3535 1897 3614 1950 fa-

2033 2010 2182 2054 ctum
2213 1999 2559 2064 ostenderet;
2588 2012 2688 2052 nec
2717 2010 2879 2066 grave
2903 1993 3144 2064 putabat,
3177 1993 3222 2046 si
3255 1991 3532 2044 hominum
3556 1989 3613 2042 in

2035 2091 2209 2145 oculis
2235 2091 2398 2145 etiam
2432 2089 2702 2146 deteriora
2741 2095 3035 2158 pateretur,
3068 2100 3230 2155 quam
3279 2099 3398 2154 quae
3452 2084 3614 2153 paulo

2037 2191 2161 2235 ante
2185 2183 2496 2237 minabatur
2520 2184 2608 2247 iis,
2634 2197 2661 2234 a
2683 2183 2884 2252 quibus
2909 2181 3022 2235 haec
3039 2180 3367 2250 patiebatur.
3396 2179 3463 2229 At
3488 2191 3614 2229 vero

2037 2273 2167 2342 quid
2199 2273 2304 2328 dici
2358 2273 2574 2343 turpius
2624 2274 2727 2328 hac
2774 2273 3076 2327 mutatione
3129 2272 3300 2341 possit
3344 2279 3613 2332 extrema,

2036 2375 2145 2419 tam
2181 2366 2362 2420 subito
2389 2365 2567 2420 facta?
2596 2362 2780 2428 Ranae,
2810 2366 2853 2419 si
2883 2365 3028 2418 nulla
3060 2379 3146 2418 res
3169 2372 3432 2418 terrorem
3462 2364 3615 2417 iucu-

2036 2456 2155 2520 tiat,
2187 2455 2239 2509 in
2265 2455 2433 2510 altum
2473 2470 2532 2510 se
2555 2471 2662 2510 non
2691 2455 3034 2526 demergunt,
3071 2467 3128 2510 ut
3164 2455 3362 2509 abditae
3417 2454 3614 2523 palude

2037 2561 2306 2615 nusquam
2326 2555 2643 2625 appareant.
2675 2543 2772 2599 llic
2803 2559 2952 2608 vero,
2977 2546 3068 2614 qui
3107 2545 3237 2599 nulli
3278 2545 3611 2609 mortalium,

2037 2639 2129 2707 qui
2168 2655 2408 2709 unquam
2430 2639 2780 2704 exstiterunt,
2805 2638 3290 2709 imaginationibus
3307 2653 3370 2692 ex
3396 2653 3454 2693 se
3481 2652 3615 2692 con-

2037 2732 2208 2800 ceptis
2235 2745 2332 2800 par
2359 2739 2500 2797 erat,
2532 2731 2585 2785 id
2629 2729 2810 2786 facere
2851 2730 3134 2795 sustinuit,
3172 2733 3314 2800 quod
3352 2747 3424 2785 ne
3461 2731 3614 2800 lepo-

2041 2837 2128 2878 res
2151 2822 2371 2892 quidem
2413 2823 2647 2891 faciunt,
2700 2822 2962 2894 fugiebat,
2997 2825 3274 2890 currebat,
3312 2840 3421 2879 non
3452 2826 3610 2896 quie-

2041 2914 2249 2980 scebat,
2269 2929 2392 2970 cum
2409 2931 2507 2971 nec
2527 2925 2944 2987 persequentem
2962 2927 3228 2981 cerneret,
3247 2930 3346 2971 nec
3362 2917 3614 2974 umbram

2040 3007 2160 3078 ejus
2215 3007 2444 3072 videret,
2501 3019 2595 3063 aut
2629 3021 2818 3064 vocem
2857 3007 3021 3066 ullam
3076 3007 3308 3063 audiret.
3363 3006 3616 3064 Fortasse

2042 3100 2427 3156 consolabatur
2475 3101 2752 3155 hominem
2824 3099 2938 3153 haec
2992 3100 3354 3167 perferentem
3384 3139 3400 3162 ,
3453 3109 3617 3168 atque

2041 3191 2205 3248 etiam
2237 3193 2521 3260 incitabat,
2562 3192 2748 3257 credo,
2779 3192 2844 3247 ad
2879 3208 3154 3246 summam
3183 3200 3238 3245 et
3275 3192 3618 3261 incompara-

2048 3284 2210 3339 bilem
2236 3285 2374 3340 hauc
2404 3285 2675 3340 insaniam
2702 3301 2717 3352 ;
2754 3285 2896 3355 quod
2921 3299 3036 3350 eos,
3072 3299 3210 3353 quos
3248 3294 3407 3339 antea
3436 3285 3616 3339 socios

2015 3425 2020 3429 .
2043 3372 2313 3429 habuerat
2345 3375 2698 3442 arrogantiae,
2729 3390 2872 3429 nunc
2893 3375 3062 3428 nihilo
3089 3390 3146 3430 se
3173 3375 3452 3444 segniores
3479 3375 3618 3445 fugze

2041 3463 2224 3518 socios
2259 3465 2621 3534 conspiceret.
2653 3463 2785 3517 Nam
2834 3465 2970 3519 nihil
3017 3466 3096 3519 eis
3146 3475 3263 3519 erat
3309 3466 3611 3534 antiquius.

2040 3571 2203 3625 quam
2239 3556 2316 3609 uti
2349 3555 2570 3612 domum
2599 3556 2863 3612 redirent.
2892 3555 3028 3612 Cum
3057 3557 3160 3611 hac
3187 3557 3500 3612 reversione
3524 3574 3618 3612 rex

2043 3661 2145 3702 nec
2187 3646 2279 3701 illa
2311 3656 2723 3715 commutasset,
2758 3649 2967 3717 absque
2997 3649 3197 3718 quibus
3225 3660 3383 3704 antea
3427 3666 3496 3705 ne
3538 3652 3617 3703 vi-

2042 3753 2168 3792 vere
2213 3738 2432 3808 quidem
2472 3741 2758 3796 voluisset.
2810 3741 2949 3794 lluic
2997 3741 3180 3795 omnia
3223 3744 3616 3811 postponebat,

2042 3829 2336 3898 ipsumque
2387 3830 2523 3885 adeo
2553 3846 2808 3900 regnttm,
2841 3833 2968 3901 jure
3000 3833 3240 3888 debitum
3269 3835 3316 3887 ei
3352 3835 3615 3904 patrimo-

2045 3921 2219 3986 nium,
2254 3922 2398 3992 quod
2429 3923 2825 3991 atnplissimum
2866 3940 2895 3979 a
2928 3932 3080 3994 patre
3115 3937 3420 3996 acceperat.
3452 3927 3622 3984 Nimi-

2045 4029 2165 4068 rum
2198 4022 2395 4079 metus,
2427 4014 2504 4068 uti
2549 4016 2784 4084 videtur,
2819 4018 2864 4072 si
2899 4018 3068 4072 semel
3113 4020 3356 4073 animum
3387 4034 3621 4090 occupa-

2043 4104 2202 4168 verit,
2235 4103 2611 4160 admirabilem
2643 4106 2748 4159 vim
2797 4106 2960 4162 habet
2987 4123 3056 4162 ex
3100 4123 3164 4162 eo
3197 4110 3425 4177 pellendi
3457 4125 3621 4165 omne

2045 4196 2288 4262 bonum;
2326 4198 2379 4251 in
2406 4206 2774 4254 consentanea
2811 4202 3144 4270 decenteque
3175 4203 3382 4257 ratione
3411 4203 3462 4257 ill
3502 4206 3622 4258 aui-

2045 4301 2166 4341 ntus
2185 4288 2454 4364 acquirat,
2480 4287 2642 4358 eique
2663 4299 2876 4360 tempus
2905 4290 2970 4345 ad
3003 4293 3222 4361 aliquod
3254 4296 3394 4349 adsit
3429 4311 3441 4346 :
3474 4299 3617 4365 quod

2046 4379 2136 4433 tibi
2183 4380 2374 4449 spatiis
2413 4381 2738 4450 quibusdam
2788 4382 3268 4449 intercedentibus,
3301 4391 3484 4440 animo
3529 4393 3620 4442 tro-

2046 4487 2172 4526 num
2203 4473 2383 4542 ipsum
2415 4473 2677 4539 infixerit,
2709 4476 3053 4546 solidumque
3091 4478 3320 4544 fecerit,
3358 4483 3615 4536 immuta-

2045 4562 2150 4615 bile
2182 4564 2447 4618 rcdditur.
2482 4565 2793 4634 'l'repidatio
2839 4568 2884 4620 si
2941 4579 3176 4622 utentem
3228 4576 3614 4635 vulneraverit,

2048 4649 2339 4708 immodica
2371 4668 2676 4726 correptam
2711 4657 3024 4719 formidine,
3053 4660 3196 4713 facili
3220 4675 3339 4715 eam
3373 4677 3619 4716 momen-

2048 4755 2103 4798 to
2135 4745 2383 4815 impellit,
2415 4757 2476 4800 ut
2509 4763 2632 4801 cum
2671 4745 2879 4816 magilis
2907 4758 2959 4802 et
2998 4751 3154 4804 valde
3192 4751 3490 4818 splendidis
3536 4769 3620 4806 rc-

2047 4837 2151 4890 bus
2207 4839 2333 4892 vilia
2369 4837 2707 4906 ridiculaque
2736 4849 3072 4904 commutet;
3105 4854 3168 4893 ac
3200 4841 3354 4908 plena
3392 4841 3620 4895 difficul-

2047 4926 2193 4992 tatis,
2228 4927 2461 4997 odioque
2509 4936 2564 4982 et
2604 4930 2980 4983 exsecratione
3012 4930 3194 4995 (ligna,
3245 4930 3405 4984 veluti
3444 4933 3486 4984 si
3535 4931 3621 4984 his

2043 5021 2318 5074 contraria
2369 5019 2548 5073 forent
2581 5034 2704 5074 cum
2744 5020 3038 5086 voluptate.
3070 5019 3241 5072 solam
3273 5021 3512 5075 molestae
3542 5029 3618 5076 rei

2047 5113 2507 5182 pr0pulsationem
2543 5123 2819 5179 spectans.
2850 5111 3132 5180 suscipiat.
3168 5110 3280 5166 lloc
3320 5131 3441 5168 cum
3495 5119 3618 5170 huic

2047 5219 2264 5272 quoque
2294 5205 2401 5272 regi
2437 5202 2746 5258 accidisset.
2777 5218 3004 5272 regnum
3036 5206 3212 5272 ipsum
3255 5207 3616 5278 vilipentleus,

2046 5295 2420 5348 adorationem
2454 5293 2832 5362 parvil‘aciens,
2863 5311 2968 5364 qua
3001 5311 3166 5366 prope
3190 5301 3404 5356 cunctis
3433 5317 3460 5355 a
3491 5318 3621 5371 gen-

2047 5387 2196 5441 tibus
2241 5387 2564 5452 eolebatur;
2621 5401 2721 5456 pro
2752 5387 2922 5444 nihilo
2978 5390 3205 5456 ducens,
3257 5398 3402 5463 quod
3441 5398 3559 5449 suis
3590 5413 3618 5448 a

2044 5479 2277 5532 subditis
2321 5479 2370 5531 ei
2409 5478 2588 5532 cultus
2645 5493 2808 5548 prope
2853 5479 3037 5534 divino
3087 5497 3183 5550 par
3214 5484 3566 5537 exhiberetur
3603 5504 3616 5544 ;

2044 5570 2300 5638 neglectis
2317 5579 2370 5622 et
2391 5569 2830 5623 solemnitatibus
2842 5579 2895 5624 et
2911 5571 3160 5625 ludorum
3183 5573 3617 5627 celebritatibus.

2043 5661 2247 5728 qu.bus
2270 5660 2469 5728 alioqui
2496 5661 2888 5726 delectabatur,
2915 5665 3202 5734 regiasque
3229 5679 3356 5719 cum
3383 5664 3617 5719 lavacris

2043 5752 2393 5819 etparadisis
2426 5763 2770 5822 aspernatus,
2825 5770 2946 5820 qua:
2997 5757 3170 5810 cuivis
3225 5756 3300 5809 rei
3361 5754 3618 5824 praeferre

2042 5843 2291 5908 solebat;
2344 5845 2606 5915 itemque,
2651 5861 2771 5900 mea
2814 5861 2945 5900 sane
2982 5850 3259 5916 opinione,
3297 5849 3416 5901 illas
3463 5849 3616 5914 ipsas

2044 5937 2274 6003 insulas,
2306 5951 2444 6006 quas
2471 5952 2661 6012 eorum
2680 5939 3153 6007 temporuntdeliri
3175 5940 3422 5993 homines
3445 5939 3618 5997 beatis
