3978 6570
426 505 529 566 tam
1586 502 1985 565 MANUELIS
2015 474 2463 563 PAL/EOLOGI
3592 492 3701 560 too

425 624 813 681 attribuerunt.
864 636 986 675 cum
1038 621 1287 676 herbosis
1324 621 1431 677 illis
1484 632 1673 691 pratis,
1738 634 1785 677 et
1821 621 1996 693 Elysio

2149 619 2217 673 ,αὶ
2269 617 2374 687 μὴν
2404 616 2633 680 εἰκότως
2677 616 2743 671 ἀν
2773 616 3045 683 τις-εἴποι
3095 614 3360 679 κάκεῖνο,
3390 613 3483 666 ὅτι
3528 612 3596 682 δὴ
3624 614 3720 666 καὶ

427 731 643 783 eampo,
671 724 724 766 et
743 714 860 767 aliis
885 714 1192 782 hujusmodi
1220 700 1472 768 omnibus
1499 732 1512 768 :
1540 714 1733 783 privati
1762 714 1997 768 hominis

2142 710 2308 778 αὑτης
2335 706 2609 777 ἐνόμιζεν,
2643 706 2810 777 ἡνίκα
2860 707 3011 777 παρά
3046 707 3271 761 πάντων
3304 703 3713 767 ἀκολακεύετο,

430 819 629 860 sortem
658 806 988 857 lmdabatae
1012 806 1325 857 servitutem
1354 805 1585 858 tolerare
1613 817 1835 873 paratus
1857 813 1999 867 erat,

2144 802 2354 865 ,εθὲξειν
2388 801 2479 855 διὰ
2527 800 2628 868 τὴν
2671 799 2975 869 βασιλείαν.
3030 798 3303 852 Ἐσισθαι
3372 797 3496 865 γὰρ
3547 796 3715 864 αὐτὴν

430 893 724 960 omniaque
758 892 916 953 ferre,
954 891 1113 945 modo
1146 893 1327 947 salvus
1348 894 1626 947 evaderet.
1651 893 1999 947 Gemmarum

2147 892 2322 961 κείνῳ,
2349 890 2698 944 ἔπιδιδοῦσαν
2748 892 2860 943 αἰεὶ
2898 891 3032 957 πρὸς
3076 889 3339 959 ἄμεινον,
3381 886 3718 958 ἐπιμελείας

431 1001 585 1046 vero,
614 985 814 1053 quibus
854 994 905 1037 et
939 986 1142 1047 multis,
1195 996 1249 1039 et
1280 986 1541 1055 pulchris,
1574 996 1626 1040 et
1670 986 1882 1056 magnis
1915 1002 2002 1041 or-

2148 985 2202 1051 ἦς
2234 982 2399 1035 αὑτοῦ
2426 983 2520 1035 καὶ
2558 982 2765 1051 ἀρετῆς
2792 982 3001 1042 εἵνεκα,
3043 982 3297 1049 γέφυραν
3327 980 3437 1034 καὶ
3466 978 3719 1046 κλίμακα

432 1087 592 1131 natus
610 1085 749 1139 erat,
776 1091 1060 1144 auremque
1080 1077 1301 1142 platani,
1328 1086 1380 1131 et
1403 1077 1574 1132 fastus
1588 1077 1765 1131 omnis
1779 1077 2000 1141 oblitus,

2146 1074 2206 1142 ῆς
2258 1074 2622 1142 ἐλπιζομένης
2660 1071 2999 1134 ἀθανασίας’
3034 1074 3129 1124 καὶ
3184 1072 3382 1141 αὑτήν
3437 1086 3505 1137 γε
3555 1068 3717 1121 πάλιν

433 1177 802 1236 paupertatem
847 1168 1290 1235 amplertchatur,
1332 1169 1490 1236 eique
1537 1167 1801 1237 majestati
1850 1178 2003 1222 ante-

2146 1164 2277 1236 έρας
2303 1168 2398 1235 τῆς
2432 1165 2713 1234 βασιλείας
2757 1164 2895 1233 μετά
2936 1168 3160 1235 μακρὰν
3200 1164 3310 1233 τὴν
3348 1162 3560 1216 ἀνθάδε
3602 1161 3716 1214 δια·

430 1260 685 1321 poziehat,
722 1274 843 1326 qua:
877 1259 978 1327 ipsi
1013 1269 1220 1311 tantunt
1255 1274 1361 1313 nou
1394 1260 1863 1313 immortalitatem
1894 1259 2001 1312 lar-

2145 1256 2322 1326 ριϐήν.
2344 1256 2514 1308 ιἊλλ⁹
2544 1258 2643 1309 οὐκ
2678 1256 2807 1323 ἐνῆν
2854 1256 3135 1325 τραπέντα
3167 1255 3369 1325 ψυχὴν
3427 1256 3537 1325 τὴν
3574 1256 3716 1319 γνὼ-

430 1352 695 1418 gicbatur.
730 1348 837 1403 Nec
864 1355 959 1405 abs
995 1368 1050 1403 re
1079 1352 1201 1419 quis
1223 1351 1441 1417 dixerit,
1460 1368 1605 1414 eum,
1626 1367 1736 1421 quo
1755 1362 2001 1421 tempore

2148 1366 2220 1415 νην
2254 1348 2426 1416 ίσχειν
2466 1346 2760 1416 ἀκίνητον·
2792 1347 2935 1401 ῶστε
2986 1346 3087 1416 τὴν
3131 1346 3232 1415 μὲν
3279 1344 3595 1415 βασιλείαν
3635 1344 3719 1396 εύ-

432 1438 590 1495 nemo
644 1456 750 1493 non
810 1442 906 1510 ipsi
946 1444 1273 1497 assentando
1300 1443 1698 1505 blantliebatur,
1754 1444 2001 1499 futurum

2144 1441 2225 1501 ὺς,
2261 1440 2359 1491 καὶ
2389 1441 2416 1491 ὃ
2442 1440 2493 1490 τί
2522 1456 2628 1507 περ
2671 1439 2872 1505 σεμνὸν
2924 1440 3096 1509 αὐτὴν
3145 1440 3463 1508 ἀποφαίνοι
3500 1439 3714 1509 χρῆμα,

430 1541 651 1599 putasse
682 1542 738 1584 ut
792 1534 1215 1590 immortalitatis
1265 1551 1483 1605 quoque
1527 1547 1747 1619 propter
1777 1553 2001 1607 regnqu

2146 1529 2306 1592 Εέωσε
2358 1531 2459 1599 τῆς
2499 1532 2719 1598 μνήμης
2749 1546 2764 1561 ·
2806 1530 2875 1583 τὰ
2901 1532 3107 1601 ταύτης
3144 1530 3202 1584 δὲ
3248 1531 3400 1598 ἡδέα
3459 1531 3564 1581 καὶ
3599 1546 3717 1598 τερ-

431 1625 705 1692 particeps
738 1625 977 1678 ﬁeret.ld
1002 1628 1145 1679 enim
1176 1642 1391 1694 semper
1414 1628 1466 1680 in
1494 1616 1691 1681 melius
1712 1637 1823 1681 tum
1854 1643 2002 1691 cura,

2144 1620 2244 1686 ῖνά,
2278 1620 2422 1691 ᾰπερ
2450 1623 2517 1674 ἂν
2554 1616 2711 1691 οἶμαι
2749 1622 2939 1676 τοῦτον
2975 1623 3304 1691 προτιθέναι
3360 1621 3467 1675 καὶ
3499 1618 3715 1688 ἀμϐρο-

432 1724 545 1767 ιιιιη
578 1715 775 1769 virtute
807 1733 904 1768 sua
950 1718 1275 1784 provehens,
1320 1719 1439 1772 loco
1488 1720 1670 1787 pontis
1711 1729 1765 1773 et
1813 1720 2003 1790 gradus

2137 1713 2232 1774 τίσις
2262 1714 2359 1766 καὶ
2388 1714 2674 1782 νέκταρος,
2706 1715 2817 1767 τῶν
2848 1713 3125 1781 λογισμῶν
3152 1713 3439 1767 διεώσατο
3472 1713 3708 1774 τελέως·

434 1806 500 1857 ad
529 1817 801 1873 speratam
838 1806 1305 1861 immortalitatem
1340 1808 1443 1863 sibi
1477 1808 1591 1864 fore
1619 1809 1892 1875 credebat,
1929 1821 2005 1864 at-

2139 1806 2205 1856 ιαὶ
2241 1804 2586 1872 ἀμωσγέπως
2614 1805 2735 1857 ούδὲ
2768 1804 3048 1873 ἐμέμνητο
3074 1804 3174 1874 τῆς
3201 1804 3344 1873 πρὶν
3382 1804 3710 1872 ἐμπλήκτου

434 1914 537 1959 que
564 1896 703 1949 hanc
732 1897 989 1961 vicissim,
1023 1908 1144 1966 post
1188 1899 1400 1967 longam
1432 1900 1483 1953 in
1520 1902 1680 1955 terris
1708 1916 2005 1955 commora-

2140 1897 2465 1963 ταραφορᾶς.
2531 1895 2617 1957 ⁹Ω;
2663 1896 2839 1962 ἔγωγε
2908 1892 3085 1965 οἶμαι,
3129 1896 3183 1946 εί
3235 1912 3329 1957 τις
3389 1896 3553 1964 αὐτῷ
3586 1894 3711 1961 περὶ

434 1989 660 2049 tionem,
695 1989 847 2056 regni
890 1988 1191 2056 prmmium.
1232 1988 1336 2044 Sed
1383 1990 1495 2044 ﬁeri
1542 2006 1647 2044 non
1686 2002 1915 2061 poterat,
1958 2004 2005 2049 ut

2139 1987 2402 2049 ίατιλείσς
2438 1988 2529 2039 καὶ
2560 1987 2669 2040 τῶν
2709 1987 2925 2058 ἐκείνης
2974 1988 3199 2056 ἀγαθῶν
3228 1987 3565 2056 τηνικαῦτα
3600 1984 3710 2036 δια-

433 2080 623 2131 animo
686 2088 924 2134 ululatus
962 2120 977 2146 ,
1040 2094 1272 2135 mentem
1350 2082 1627 2137 immotam
1705 2086 2004 2139 retineret:

2135 2080 2349 2147 ιὲγοιτο.
2388 2079 2495 2131 κᾶν
2524 2079 2935 2147 ὲπαχθέστατος
2979 2080 3153 2145 δόξαι,
3183 2082 3280 2134 καί
3315 2097 3431 2132 που
3461 2078 3561 2132 καὶ
3595 2080 3706 2129 ἔπι-

434 2175 621 2237 itaque
648 2185 769 2224 mox
801 2179 855 2224 et
888 2188 1137 2241 regnum,
1164 2183 1217 2227 et
1244 2174 1509 2244 quidquid
1540 2176 1657 2245 ejus
1681 2188 1826 2231 e~set
1855 2192 2005 2247 gene-

2135 2171 2336 2240 ςίμησίν
2394 2189 2514 2224 τινα
2564 2160 2702 2240 παρ”
2746 2171 2912 2225 αὐτοῦ
2975 2172 3257 2236 δέξασθαι.
3332 2171 3545 2231 Καίτοι
3615 2170 3706 2221 καὶ

431 2260 530 2323 ris,
567 2270 625 2313 ut
666 2273 908 2330 augusta:
938 2265 1016 2319 rei
1063 2280 1260 2320 nomen
1292 2282 1457 2336 regno
1501 2269 1841 2335 conciliaret,
1902 2284 2002 2325 me-

2132 2264 2351 2332 :6sxeto,
2383 2266 2475 2315 καὶ
2522 2266 2826 2333 ἠσπάζετο,
2873 2264 2967 2318 καὶ
3026 2267 3241 2333 συχνοῖς
3290 2264 3572 2333 ἠμείϐετο
3609 2263 3703 2312 εὼ-

432 2351 603 2403 moria
654 2352 921 2419 exclusit;
958 2369 1189 2423 quaeque
1240 2372 1410 2425 regno
1457 2358 1697 2425 jucunda
1748 2363 2003 2423 inessent,

2132 2372 2255 2420 νοις,
2300 2356 2463 2409 ὁπότε
2512 2358 2798 2421 παντελῶς
2843 2357 3253 2425 ἀσωφρόνιστος
3307 2353 3422 2428 ἦν,
3470 2357 3527 2409 ετ
3565 2371 3703 2416 τινες

428 2440 734 2494 existimata
761 2444 1088 2512 ea'teroquin
1132 2446 1201 2499 ab
1233 2446 1349 2515 ipso
1384 2455 1490 2502 tam
1522 2450 1813 2516 ambrosia,
1848 2467 1999 2521 quam

2126 2448 2320 2502 ἐκεῖνον
2346 2449 2615 2518 ἐτίμησαν
2641 2448 2729 2501 ίσα
2756 2451 2869 2512 τοῖς
2897 2452 2953 2503 ἐν
2982 2448 3195 2519 οὐρανῷ
3219 2450 3697 2512 πολιτευομένοις,

427 2543 644 2586 nectare
688 2535 923 2602 potiora,
971 2551 1200 2605 prorsus
1258 2554 1289 2593 e
1339 2540 1761 2609 cogitationibus
1802 2545 1998 2612 eiecit;

2129 2540 2209 2593 tati.
2244 2539 2341 2608 τῆς
2375 2540 2564 2593 αὐτόθι
2628 2541 2850 2611 χάριτος
2894 2542 3287 2595 ἀπολαύουσιν.
3332 2541 3484 2594 Ἀλλ’
3530 2540 3631 2609 οὐχ
3673 2542 3700 2591 6

427 2622 773 2692 quodamque
835 2625 1003 2681 modo
1070 2627 1216 2682 illius
1268 2630 1510 2698 pristinae
1563 2632 1878 2703 stolidaeque
1924 2635 1998 2687 in-

2124 2631 2315 2703 πρώην
2332 2632 2537 2703 Ξέρξης
2560 2629 2650 2703 ἦν,
2671 2635 3142 2706 μετενηνεγμένος
3171 2638 3234 2689 ἐκ
3266 2636 3387 2689 τῶν
3416 2635 3695 2704 προτέρων

430 2729 709 2771 samae'ne
740 2719 959 2787 quidem
990 2723 1336 2785 meminerat,
1373 2732 1432 2776 ut
1461 2724 1710 2793 equidetn
1749 2726 2001 2793 arbitrer,

2125 2727 2251 2797 πρὸς
2300 2724 2583 2791 τάναντία,
2620 2730 2647 2779 6
2700 2726 2877 2781 ταῦτα
2936 2727 3061 2780 τότε
3108 2729 3625 2801 διαπραττόμενος,
3669 2728 3696 2777 6

426 2808 471 2859 si
498 2808 624 2877 quis
653 2808 715 2862 de
742 2824 931 2878 regno,
962 2809 1137 2880 deque
1164 2814 1314 2881 regni
1340 2813 1516 2880 bouis,
1543 2815 1609 2869 ad
1630 2831 1753 2871 eum
1784 2816 1837 2871 id
1866 2825 1997 2872 tem-

2118 2820 2298 2880 πολὺς.
2327 2820 2354 2870 6
2387 2818 2580 2886 μέγας,
2608 2821 2636 2871 6
2666 2817 2896 2888 θρασὺς,
2924 2820 2951 2871 6
2982 2819 3323 2891 ὑπερόπτης,
3346 2820 3377 2872 6
3406 2817 3689 2889 ὑϐριστὴς.

425 2901 576 2965 poris
611 2900 989 2963 disseruisset,
1020 2910 1073 2957 et
1100 2906 1550 2961 molestissimum
1580 2908 1629 2962 ei
1662 2907 1931 2975 futurum,
1953 2918 1996 2964 et

2120 2908 2517 2973 lxtv6uvetimv,
2552 2907 2627 2969 ὣς
2670 2925 2735 2975 γε
2788 2910 3062 2976 ἐφαίνετο,
3095 2910 3188 2962 καὶ
3243 2911 3390 2981 πρὸς
3440 2910 3505 2963 τὸ
3554 2907 3691 2967 θεῖον

427 2990 663 3044 fortasse
699 2994 1181 3061 reprehensionem
1215 3013 1432 3066 quoque
1463 2999 1771 3056 subiturum
1813 3000 1998 3057 fuisse.

2115 3000 2209 3070 ἤδη
2244 3000 2549 3069 κεχρῆσθαί
2588 3017 2733 3054 τισιν
2782 3000 3061 3070 ἁμίλλαις,
3091 3002 3209 3055 ἀλλ’
3256 3002 3458 3073 ἕτερός
3480 3018 3569 3064 τις
3599 2997 3686 3051 τοῦ

424 3081 585 3150 Atqui
615 3083 791 3149 prius,
825 3098 945 3137 cum
970 3086 1036 3137 ab
1058 3088 1208 3139 omni
1232 3088 1528 3144 sobrietate
1553 3104 1779 3159 prorsus
1796 3092 1995 3147 alienus

2116 3094 2273 3148 πάλαι
2319 3093 2543 3164 Ξέρξου,
2576 3094 2668 3147 καὶ
2723 3092 2899 3165 πάντη
2957 3094 3126 3159 ξένος.
3180 3095 3257 3147 T6
3298 3097 3415 3165 γὰρ
3461 3094 3527 3162 δὴ
3561 3092 3687 3161 πρὸς

421 3181 586 3235 esset,
612 3180 666 3225 et
711 3174 1049 3239 admittebat,
1086 3189 1139 3230 et
1183 3178 1632 3247 amplectebatur,
1682 3190 1736 3235 et
1784 3182 1992 3253 largiter

2111 3187 2209 3257 γῆν
2238 3187 2466 3239 κύπτειν
2503 3186 2837 3257 μεταμελείᾳ
2866 3186 2967 3257 τὴν
3025 3187 3272 3257 κεφαλὴν
3315 3188 3682 3259 βαρυνόμενον

422 3264 883 3319 remunerabatur
912 3306 927 3332 ,
982 3267 1028 3321 si
1057 3269 1145 3336 qui
1185 3285 1307 3323 eum
1351 3273 1465 3337 parl
1498 3288 1621 3326 eum
1657 3272 1763 3329 diis
1800 3274 1993 3329 coaliti-

2187 3298 2201 3332 ι
2242 3275 2309 3351 ἦν
2357 3280 2457 3349 τῆς
2504 3280 2783 3351 προτέρας
2838 3276 3223 3355 ὑπεροψίας,ᾖ
3257 3300 3324 3351 γε
3386 3282 3682 3352 σύντροφος
3754 3266 3758 3269 Ι

422 3354 528 3410 bus
576 3366 629 3409 et
660 3357 867 3412 etnlesti
909 3359 1080 3427 gratia
1130 3359 1534 3428 perfruentibus
1563 3363 1768 3417 honore
1791 3364 1993 3420 coluis-

2106 3375 2331 3435 ἐκεῖνος.
2359 3376 2455 3426 καὶ
2486 3369 2553 3445 ἦς
2599 3374 2775 3443 χωρὶς
2824 3374 2937 3426 οὐδ’
2968 3376 3027 3426 ἑν
3078 3354 3286 3440 ἀκαρεῖ
3338 3374 3438 3427 τοῦ
3491 3373 3677 3441 χρόνον

421 3444 846 3500 sent.'Sedenim
888 3447 954 3502 de
988 3449 1260 3517 prioribus
1285 3452 1350 3504 ad
1382 3452 1657 3507 contraria
1691 3453 1992 3517 traductus,

2106 3461 2286 3516 τοῦτον
2329 3460 2399 3533 ἦν
2447 3444 2725 3532 θεαθῆναι.
2770 3462 2933 3517 Ὥστε
2971 3463 3072 3534 τὴν
3106 3463 3239 3532 ὕλην
3283 3468 3313 3519 6
3347 3465 3521 3527 αὐτὸς
3554 3462 3677 3530 Ξέρ-

423 3551 531 3589 ιιοη
588 3536 699 3605 jatn
764 3538 1027 3605 pristinus
1078 3540 1168 3594 ille
1222 3540 1427 3597 Xerxes
1479 3552 1648 3609 erat,
1718 3545 1812 3613 qui
1884 3544 1994 3599 haec

2105 3555 2196 3621 ξης
2229 3554 2408 3624 μένων
2439 3555 2519 3625 (οὐ
2563 3556 2671 3625 γὰρ
2705 3554 2833 3625 ἐνῆν
2877 3556 2978 3625 τὴν
3005 3556 3168 3624 φύσιν
3203 3555 3563 3627 μεταϐαλεῖν)
3584 3593 3599 3617 ,
3621 3554 3676 3605 τὸ

421 3639 533 3681 ιιιιιι
602 3629 829 3699 agebat,
898 3631 1174 3696 celebris,
1246 3635 1494 3702 inquam,
1538 3636 1649 3699 ille,
1713 3653 1992 3705 magnus,

2102 3642 2234 3708 εἶδος
2288 3646 2473 3716 ἄκρως
2522 3644 2786 3714 ἀμείψας,
2820 3648 3033 3709 πάντας
3088 3663 3152 3714 γε
3199 3652 3435 3718 παρεῖχε
3468 3645 3673 3714 θαυμά-

419 3721 619 3783 amlax,
652 3722 851 3785 elatus,
882 3722 1148 3787 insolens,
1178 3727 1269 3792 qui
1312 3741 1503 3795 parum
1529 3729 1735 3791 aberat,
1762 3728 1838 3782 uti
1868 3731 1990 3798 quiq

2099 3738 2232 3801 ζειν,
2266 3737 2326 3789 ού
2364 3738 2695 3806 φιλοσοφῶν,
2731 3737 2792 3790 ού
2840 3738 3176 3809 μετριάζων,
3207 3740 3420 3804 πόθενς
3451 3738 3670 3790 τούναν-

418 3816 539 3867 dent
570 3814 886 3883 apparebat,
923 3816 1055 3883 quin
1084 3831 1209 3869 cum
1237 3818 1353 3883 ipso
1383 3818 1489 3871 Deo
1514 3827 1785 3873 certamen
1818 3822 1989 3876 susci-

2095 3830 2208 3883 τίον
2266 3831 2366 3898 μὲν
2438 3829 2551 3894 οὖν,
2603 3830 2680 3892 ὼς
2760 3830 2839 3901 μὴ
2918 3833 3253 3901 γεγευμένος
3324 3828 3666 3900 φιλοσοφίας.

430 3914 605 3970 pet-ct,
653 3908 746 3959 sed
784 3906 925 3959 alius
953 3906 1021 3958 ab
1051 3906 1145 3959 illo
1170 3910 1446 3975 quondam
1483 3908 1685 3973 Xerxe,
1722 3911 1992 3980 planeque

2097 3921 2416 3991 μετριάζειν
2442 3922 2827 3993 διδασκούσης.
2859 3922 3086 3994 Ταύτης
3120 3925 3229 3993 γὰρ
3279 3919 3440 3984 οὗτος
3468 3921 3667 3989 ἔρημος

417 3996 688 4048 diversus.
727 3994 859 4048 Nam
881 4009 945 4049 ex
970 3998 1316 4063 ptenltentia,
1353 4001 1513 4068 quasi
1545 4000 1786 4069 sirgravc
1829 4010 1988 4070 caput

2094 4014 2192 4080 ὢν,
2243 4014 2417 4078 οὕτως
2469 4017 2725 4084 ἀκόσμως
2776 4017 3053 4089 ἐχρήσατο
3109 4018 3177 4087 τῇ
3232 4015 3543 4085 μεταϐολῇ,
3593 4008 3665 4069 ὡς

418 4094 583 4147 esset,
617 4085 803 4139 oculos
842 4086 895 4139 iu
964 4095 1166 4165 terram
1221 4089 1477 4157 deﬁgere,
1536 4105 1643 4144 non
1681 4092 1829 4146 illius
1869 4100 1989 4146 erat

2095 4107 2413 4178 ἀποκρύψαι
2463 4108 2636 4179 ταύτῃ
2690 4085 3022 4171 πολύποδας,
3052 4085 3158 4160 και
3201 4107 3376 4177 λῆρον
3424 4106 3662 4158 ἅπαντας

418 4178 687 4244 superbia:
736 4178 955 4245 prioris,
1008 4181 1097 4234 cui
1133 4182 1327 4248 primis
1356 4183 1424 4235 ab
1475 4182 1634 4261 annis
1689 4183 1989 4237 innutritus

2093 4198 2373 4266 ἀποφῆναι
2394 4179 2528 4261 τοὺς
2561 4197 2980 4268 χαμαιλέοντας.
3015 4200 3122 4251 Καὶ
3168 4198 3275 4270 γάρ
3322 4198 3350 4250 6
3382 4197 3532 4267 ἥρως
3575 4190 3658 4241 οὐ·

416 4275 556 4329 erat,
592 4278 642 4319 et
677 4268 881 4335 absque
905 4284 1007 4336 qua
1040 4285 1107 4324 ne
1149 4272 1410 4339 temporis
1435 4273 1654 4341 quidem
1709 4285 1987 4327 momento

2092 4290 2232 4350 τοσὶ,
2261 4290 2461 4359 μᾶλλον
2491 4288 2548 4343 δὲ
2588 4292 2613 4342 6
2664 4290 2756 4342 καὶ
2802 4290 3027 4353 τούτους
3072 4268 3255 4351 αὐτὸς
3282 4287 3499 4359 παριὼν
3538 4280 3656 4339 τοὺς

420 4359 662 4427 conspici
694 4371 923 4427 poterat.
962 4360 1147 4424 Itaque
1189 4364 1414 4416 materie
1462 4363 1673 4416 Xerxes
1700 4365 1840 4419 idem
1875 4381 1989 4419 ma—

2090 4379 2299 4448 ἥρωας,
2335 4380 2411 4443 ῶς
2464 4396 2528 4447 γε
2578 4377 2736 4450 ᾤετο,
2774 4380 2871 4432 καὶ
2917 4381 3066 4448 Ἴρου
3122 4386 3245 4431 τότε
3302 4378 3397 4432 τοῦ
3437 4376 3653 4441 πένητος

419 4462 559 4500 nens
597 4447 744 4514 (nam
780 4450 894 4501 tieri
944 4456 1152 4502 natum
1184 4450 1413 4503 mutatio
1461 4452 1767 4521 nequibat),
1810 4454 1989 4508 forma

2090 4447 2473 4538 ταπεινότερον
2519 4447 2840 4538 ἐφρόνησεν.
2899 4470 3087 4531 Οῦτως
3139 4468 3198 4533 ἐξ
3255 4470 3473 4539 αίθέρο;
3522 4460 3653 4529 πρὸς

416 4548 661 4591 extreme
689 4546 919 4603 mutata,
957 4541 1171 4594 cunctis
1204 4542 1498 4596 maximam
1532 4544 1600 4597 de
1630 4559 1688 4597 se
1714 4546 1987 4614 prtebebat

2092 4563 2324 4616 ἄϐυσσον
2358 4562 2752 4625 ἀποπέπτωκε,
2788 4560 3140 4629 κατενεγκὼν
3189 4560 3289 4630 μὲν
3324 4560 3421 4629 τὴν
3466 4553 3645 4617 ὀφρὺν.

418 4630 837 4683 admirationem
870 4650 883 4685 :
919 4647 1028 4684 non
1063 4633 1520 4701 philosotihando,
1552 4650 1656 4688 non
1701 4637 1982 4692 moderate

2091 4652 2438 4717 κατενεγκὼν
2465 4652 2522 4705 δὲ
2551 4653 2714 4719 ὄγκον
2752 4652 2846 4705 καὶ
2881 4653 3141 4720 φρόνημα
3167 4666 3181 4681 ’
3212 4652 3379 4720 ῥίψας
3430 4647 3526 4718 μὲν
3557 4642 3647 4707 τὴν

418 4737 479 4775 se
513 4725 769 4791 gerendo,
792 4725 1050 4793 (quonam
1078 4725 1127 4777 id
1156 4734 1311 4793 pacto
1324 4724 1367 4793 ‘1.)
1391 4726 1617 4780 sedtiee
1642 4741 1816 4791 versa,
1842 4728 1987 4796 quod

2090 4744 2333 4814 λεοντῆν,
2367 4745 2530 4813 ῥίψας
2559 4744 2616 4797 δὲ
2646 4744 2987 4813 ὲμϐρίθειαν·
3022 4744 3117 4796 καὶ
3145 4743 3283 4804 ὅλως
3311 4741 3455 4796 οὕτω
3484 4749 3639 4806 usta-

418 4814 841 4885 philosophiam,
916 4817 1302 4870 moderationis
1356 4818 1842 4886 magiStram,-non
1889 4820 1986 4872 de-

2088 4836 2267 4888 ϐαλὼν
2303 4835 2545 4905 ἀκριϐῶς
2571 4835 2712 4903 πρὸς
2747 4834 2936 4903 ἕτερον
2969 4835 3027 4898 ἐξ
3061 4835 3275 4901 ἑτέρου,
3312 4833 3388 4893 ὡς
3430 4826 3641 4897 μισῆσαι

416 4916 704 4972 gustasset.
738 4909 819 4963 Ab
856 4925 917 4961 ea
947 4908 1260 4969 destitutus,
1299 4910 1351 4961 in
1384 4907 1766 4961 vicissitudine
1798 4923 1983 4962 rerum

2084 4925 2178 4978 τὸν
2208 4926 2371 4978 αὐτοῦ
2406 4927 2541 4995 βίον,
2573 4926 2666 4979 καὶ
2699 4926 2857 4987 δίκας
2899 4926 3062 4987 αὐτὸς
3096 4927 3225 4994 παρ’
3258 4924 3424 4976 αὑτοῦ
3452 4917 3638 4986 τρόπον

416 4999 550 5051 adeo
581 5014 639 5051 se
669 5000 952 5054 inhoneste
985 5002 1172 5067 gessit,
1205 5012 1258 5053 ut
1298 5008 1352 5054 et
1402 5000 1631 5069 polypos
1662 5000 1986 5053 obscuraret

2085 5018 2148 5086 δή
2178 5036 2300 5072 τινα
2329 5019 2629 5088 λαμϐάνειν
2653 5018 2751 5087 τῆς
2803 5019 3081 5088 προτέρας
3121 5017 3382 5079 ἀπονοίας
3428 5012 3517 5065 καὶ
3547 5021 3637 5076 μα·

414 5100 468 5141 et
491 5092 933 5153 ctiamzeleontes,
962 5107 1140 5145 meras
1165 5106 1274 5161 prae
1298 5107 1355 5144 se
1381 5106 1554 5161 nugas
1594 5091 1817 5148 taceret.
1846 5089 1982 5143 Nam

2084 5112 2388 5184 ταιότητος,
2424 5113 2472 5163 εί
2509 5113 2605 5164 καὶ
2652 5114 2727 5179 μὴ
2764 5110 2962 5181 γνώμῃ
2990 5110 3209 5180 καθαρᾷ
3238 5112 3333 5162 καὶ
3363 5096 3633 5162 ἐθελουσίῳ

416 5181 575 5233 heros
598 5182 720 5243 iste,
746 5183 828 5235 vel
855 5184 945 5250 qui
982 5186 1163 5252 potius
1212 5184 1360 5251 ipsos
1417 5182 1624 5236 anteire
1652 5196 1710 5235 se
1762 5184 1986 5250 putabat

2082 5200 2235 5252 ταῦτ’
2262 5181 2561 5272 ἔπραττεν.
2599 5203 2694 5254 Ὧν
2726 5203 2782 5254 δὲ
2829 5202 2889 5254 ἐν
2944 5200 3022 5270 τῷ
3056 5202 3319 5271 σχήματι,
3354 5196 3445 5250 καὶ
3480 5186 3632 5245 ποιῶν

416 5276 833 5335 beroas,animo
862 5276 1283 5345 tumdejectiore
1332 5288 1494 5344 quam
1524 5275 1981 5329 lrusilletnendi-

2082 5288 2117 5342 ἃ
2149 5290 2249 5342 κᾶν
2292 5291 2557 5361 ᾐσχύνετο
2604 5291 2809 5352 δοῦλος.
2840 5292 3127 5345 ἀλλόκοτόν
3182 5307 3234 5343 τι
3278 5291 3439 5359 τέρας
3488 5274 3627 5345 έὶθαί⁶

412 5381 509 5417 cus
566 5373 703 5417 erat.
736 5366 825 5418 Sic
865 5367 929 5417 ad
954 5368 1206 5436 abyssum
1239 5382 1307 5421 ex
1358 5370 1559 5422 aatbere
1598 5368 1821 5428 decidit,
1872 5378 1979 5420 tam

2082 5396 2221 5433 νετοο
2253 5381 2433 5451 Τιμᾷν
2480 5383 2586 5449 γὰρ
2623 5382 2688 5451 δὴ
2734 5383 2795 5434 τὸ
2831 5384 3053 5451 μέτρον,
3090 5381 3166 5443 ὼς
3203 5382 3303 5445 δεῖ,
3359 5376 3449 5431 καὶ
3478 5378 3620 5437 προσ·

412 5457 739 5525 superciliis,
766 5474 927 5525 quam
979 5469 1194 5513 tumore
1220 5460 1524 5527 Spirituque
1556 5460 1777 5530 dejectis
1809 5478 1822 5525 ;
1856 5474 1979 5513 cum

2082 5472 2228 5539 ἐλειν
2291 5472 2469 5542 ἑαυτῷ
2531 5474 2891 5542 μηδεπώποτε
2945 5473 3293 5543 μεμαθηκὼς
3358 5470 3431 5522 ὅδ’
3466 5458 3621 5528 ἀνήρ’

412 5552 626 5605 leonina
649 5552 806 5620 pelle,
836 5552 1033 5605 ferocia
1052 5566 1269 5620 quoque
1286 5553 1527 5621 deposita
1555 5569 1569 5605 :
1598 5563 1703 5605 tam
1730 5554 1980 5606 absolute

2080 5562 2334 5625 ἐξώκειλε
2397 5566 2771 5633 μετατραπεὶς
2805 5565 2863 5628 ἐξ
2890 5565 3272 5634 ὑπερητεανίας
3305 5560 3396 5614 καὶ
3431 5552 3620 5622 ὓδρεωῖ

408 5643 532 5695 deni
558 5658 644 5709 tue
681 5652 919 5695 mutatus
949 5660 1010 5695 ex
1046 5644 1151 5695 alio
1211 5645 1262 5695 in
1328 5646 1518 5704 alium,
1555 5646 1718 5697 vitam
1764 5655 1818 5697 ιιι
1868 5646 1979 5712 ipse

2049 5645 2160 5713 ἐἰς
2225 5654 2589 5723 ταπεινότητα
2648 5654 2861 5717 δούλοις
2940 5657 3300 5724 πρέπουσαν,
3352 5650 3517 5714 ἄκραν
3568 5634 3619 5724 ἐξ

410 5748 562 5787 etiam
622 5736 849 5797 odisset,
898 5735 1256 5804 auteutiaeque
1295 5749 1358 5787 ac
1411 5735 1666 5788 vanitatis
1727 5737 1971 5802 pristina:

2080 5745 2274 5808 ἄκρας,
2327 5745 2424 5795 σὺν
2478 5722 2741 5814 ἀκοσμίᾳ.
2780 5722 3173 5808 Οὕτωςήᾶπαν
3222 5745 3489 5814 sapt:sz
3534 5722 3618 5780 ἀὶ

408 5840 600 5894 ιιιυιιιιε
620 5826 733 5894 ipse
756 5827 1161 5895 quodammodo
1194 5827 1260 5878 de
1289 5828 1470 5894 seipso
1495 5838 1760 5886 sumeret,
1783 5844 1976 5893 quam-

2077 5828 2421 5891 ἀπαίδευτον,
2471 5832 2520 5882 εί
2573 5833 2673 5899 μὲν
2728 5833 3032 5905 εύπραγεῐ,
3083 5836 3194 5895 τοῖς
3245 5821 3616 5884 ταπεινοτέροις

406 5932 571 5986 quam
605 5918 788 5973 animo
823 5918 910 5971 illa
944 5933 1078 5989 puro
1123 5925 1537 5989 spontaneoque
1589 5934 1693 5971 non
1748 5917 1972 5972 faceret.

2078 5920 2349 5989 ἀφόρητον
2376 5936 2388 5949 ·
2426 5925 2476 5976 εί
2519 5922 2563 5975 δ’
2620 5925 2974 5994 ἀσθενήσειεν
3020 5926 3173 5994 αὐτῷ
3214 5924 3272 5976 τό
3300 5938 3359 5991 γε
3408 5910 3612 5980 παρέχον
