3978 6650
339 267 448 327 403

1495 282 1891 344 MANUEUS
1938 283 2020 338 PA
2036 282 2385 342 LIEOIDGI

3581 269 3694 338 404

343 380 514 445 Ipsam
550 397 654 434 non
694 384 1126 450 repudiabimus.
1160 387 1343 456 Itaque
1376 391 1569 443 merito
1620 391 1752 457 palae
1779 393 1901 458 qui-

2014 386 2220 444 υύκούν
2245 397 2344 459 τὴν
2375 392 2466 444 ἐπὶ
2486 393 2554 459 τῇ
2582 391 2845 460 σφενδόνῃ
2883 391 3149 459 μηχανὴν
3218 385 3695 454 θαυμάσαιμιν

339 467 462 523 dem
494 471 636 526 illius
671 485 842 529 artem
861 479 1272 544 admirahintur,
1303 481 1347 535 si
1361 480 1496 548 'quis
1519 483 1657 536 hanc
1680 483 1900 551 Lydiam

341 563 604 627 fabulam,
663 582 762 620 ceu
797 569 1055 636 quiddam
1105 571 1476 635 verissimum,
1509 574 1900 629 admittendam

340 658 717 712 concesserit:
751 667 970 724 ateum,
1011 663 1101 726 qui
1140 664 1238 716 hac
1263 675 1377 720 arte
1427 681 1541 720 rem
1598 668 1801 735 peregit
1849 677 1904 720 et

340 746 597 812 confercit,
659 766 937 820 nunquam
993 755 1233 820 beatum,
1282 758 1328 810 si
1381 768 1527 813 recte
1550 761 1904 826 pronuntiare

340 838 610 900 volumus,
642 855 917 908 nunquam
946 846 1123 912 magni
1151 846 1456 901 faciendum
1491 848 1900 906 arbitrabimur.

339 926 708 994 Quamobrem
745 931 931 987 istuc?
961 933 1114 1000 Quod
1144 937 1315 1005 ipsius
1348 940 1611 994 machinae
1645 939 1904 1006 perfectio

343 1038 452 1076 non
491 1023 707 1094 proprie
738 1025 965 1085 bonum.
990 1044 1089 1082 nec
1119 1029 1362 1091 beatum,
1393 1045 1494 1085 nec
1524 1030 1901 1086 admirandum

341 1116 472 1184 quid
524 1126 672 1172 esset
721 1127 902 1173 mente
965 1121 1230 1187 praeditis.
1288 1120 1422 1174 Nam
1470 1123 1614 1190 quod
1644 1138 1670 1173 ιι
1704 1123 1905 1176 virtute

345 1223 452 1259 non
476 1217 582 1268 est,
618 1223 717 1262 nec
749 1209 949 1262 bonum
995 1219 1079 1263 est
1127 1210 1392 1279 proprie:
1457 1212 1600 1278 quod
1654 1212 1906 1265 inanima:

343 1315 561 1368 quoque
586 1316 672 1356 res
699 1303 969 1358 universa:
990 1301 1325 1357 clamabunt.
1348 1301 1451 1368 Qui
1480 1304 1693 1360 virtutis
1714 1320 1905 1360 exsors

342 1390 674 1453 est,etiamsi
705 1391 908 1460 petitus
951 1407 1141 1461 regno,
1163 1393 1312 1460 quod
1338 1393 1482 1462 ipsas
1535 1394 1674 1448 ultra
1727 1395 1906 1451 Gades

344 1496 404 1534 se
431 1481 692 1550 porrigat,
718 1496 910 1539 omnes
934 1497 1090 1550 opes,
1117 1487 1298 1538 omnia
1321 1486 1592 1553 mancipia
1604 1486 1906 1567 colleggit,

343 1578 401 1626 et
422 1573 630 1636 omnia,
661 1588 784 1643 qua!
812 1573 868 1632 in
910 1573 1014 1628 hac
1069 1575 1176 1629 vita
1221 1573 1461 1642 jucunda
1510 1586 1637 1630 sunt
1674 1595 1689 1640 ;
1723 1593 1787 1631 ac
1825 1578 1910 1632 his

343 1663 542 1718 deinde
574 1661 790 1718 fruendi
841 1673 1051 1718 tantum
1084 1665 1188 1720 sibi
1242 1667 1582 1720 concesseiit
1627 1669 1907 1736 temporis,

345 1764 610 1822 quantum
637 1755 848 1810 libitum
901 1755 1066 1812 fuerit
1095 1774 1110 1810 :
1145 1773 1301 1825 nugae
1353 1758 1503 1812 istaec
1543 1759 1742 1813 virtute
1775 1775 1911 1830 przev

346 1847 498 1902 ditis.
524 1847 796 1917 Quidquid
829 1849 973 1903 enim
1001 1850 1082 1903 vel
1109 1856 1320 1919 gestum
1353 1859 1458 1914 est,
1491 1851 1572 1904 vel
1592 1852 1908 1918 percipitur,

2009 481 2073 534 ἂν
2105 482 2348 546 δικαίως,
2385 485 2432 536 εί
2463 484 2582 549 δοίη
2611 500 2698 545 τις
2730 484 2825 536 τὸν
2852 482 3044 550 Λύδιον
3067 479 3317 534 τοῦτον
3363 477 3573 547 μῦθον
3607 478 3692 539 ὡς

2009 572 2377 640 ἀληθέστατον
2415 574 2717 639 δέξασθαιο
2749 575 2842 625 τὸν
2891 573 2950 626 δὲ
3007 573 3071 642 δὴ
3127 571 3532 641 περάναντα.
3588 568 3694 619 καὶ

2010 662 2417 731 κατωρθωκότα
2467 665 2533 732 τῇ
2571 665 2810 733 μηχανῇ,
2848 663 2948 716 οὐκ
2993 662 3059 716 ἀν
3087 678 3255 714 ποτε
3293 660 3693 745 δίκαιαιποι-

2007 751 2194 812 οῦντες
2259 752 2556 820 εὐδαίμονα
2610 754 2942 822 νομίσαιμεν
3005 753 3101 805 καὶ
3172 750 3489 820 ζηλωτόν
3551 766 3686 801 τινα

2005 827 2170 895 dum.
2201 843 2298 896 Διά
2328 843 2413 906 τίς
2451 844 2574 896 Ὀτι
2604 843 2666 896 τὸ
2710 846 2809 911 τῆς
2839 843 3091 912 μηχανῆς
3131 840 3570 907 ἀποτέλεσμα
3619 839 3684 891 ού

2009 934 2214 1000 κυρίως
2260 934 2486 1001 ἀγαθὸν.
2526 934 2648 987 οὐδὲ
2704 933 2986 1003 εὒδαιμον,
3045 934 3180 986 οὐδὲ
3255 932 3553 1000 ζηλωτόν
3611 947 3682 994 γε

2007 1025 2131 1078 iro-3v
2178 1025 2417 1094 ἔχουσιν.
2454 1027 2520 1080 '0
2569 1027 2675 1096 γὰρ
2723 1026 2824 1079 οὐκ
2870 1026 2929 1090 ἐξ
2977 1027 3200 1096 ἀρετῆς
3255 1024 3411 1077 οὐδὲ
3449 1023 3681 1088 ἀγαθὸν

2009 1116 2236 1184 κυρίως,
2267 1119 2314 1168 εἰ
2340 1116 2404 1186 δὴ
2433 1121 2524 1171 καὶ
2555 1118 2623 1170 τὰ
2654 1117 2840 1186 ἄψυχα
2881 1117 3063 1170 πάντα
3093 1116 3292 1168 τοῦτο
3329 1115 3682 1182 κεκράξον-

2007 1223 2116 1258 ται.
2153 1207 2276 1259 Κᾶν
2305 1209 2332 1259 ὁ
2359 1206 2571 1274 ταύτης
2604 1208 2851 1277 ἄμοιρος,
2896 1207 3066 1276 ἄρξας
3103 1207 3164 1258 εἴ
3195 1223 3264 1258 τι
3309 1206 3428 1256 καὶ
3471 1204 3678 1256 Γαδεί-

2011 1315 2122 1364 ρων
2165 1297 2317 1350 ἐστὶν
2368 1299 2648 1363 ἐπέκεινα,
2673 1299 2902 1369 ἀθροίσῃ
2953 1298 3054 1368 μὲν
3096 1297 3321 1351 πάντα.
3384 1297 3673 1361 πλοῦτον,

2008 1390 2239 1462 ἀθροίσῃ
2297 1390 2356 1443 δι
2409 1389 2745 1461 ἀνδράποδα,
2795 1391 2892 1443 καὶ
2949 1391 3128 1444 πάντα
3193 1391 3284 1442 τὰ
3354 1390 3473 1440 τοῦ
3545 1389 3675 1458 βίον

2007 1480 2248 1547 τερπνάο
2282 1474 2628 1554 εἷταλὲαυτῷ
2678 1479 2860 1534 πάντα
2903 1479 2979 1548 δῷ
3018 1479 3428 1546 καρποῦσθαι
3464 1480 3672 1548 χρόνον

2009 1570 2204 1623 ὁπόσον
2257 1569 2462 1637 βούλει,
2496 1570 2664 1639 λῆρος
2709 1571 2823 1632 τοῖς
2873 1570 3215 1638 μετέχουσιν
3274 1570 3548 1637 ἀρετῆς.
3598 1570 3675 1621 Τὸ
3745 1555 3750 1559 ’

1943 1714 1983 1765 Β
2011 1662 2118 1729 γὰρ
2161 1660 2644 1731 πεπραγμένον,ἢ
2699 1661 3092 1730 μετεχόμενον,
3129 1662 3186 1712 εἰ
3261 1661 3385 1713 σὺν
3439 1661 3665 1729 ἀρετῇ,

2013 1753 2214 1805 καλὸν·
2268 1755 2318 1805 εί
2370 1753 2428 1806 δὲ
2481 1754 2578 1824 μὴ,
2633 1753 2966 1807 τούναντίον.
3035 1754 3095 1806 ὐ
3144 1752 3369 1821 Γύγης
3430 1753 3497 1805 δὲ
3559 1753 3669 1804 οὐκ

2010 1842 2178 1914 ἀρετῇ
2211 1844 2604 1914 τετυράννηκε.
2641 1843 2752 1898 Καὶ
2797 1842 2958 1896 τοῦτο
3003 1842 3164 1913 δῆλον
3228 1844 3535 1898 αὐτόθεν.
3578 1844 3682 1896 ΟὐΔ

345 1939 389 1988 si
418 1949 542 1992 cum
573 1938 787 2004 virtute,
821 1937 1023 1992 bonum
1072 1957 1086 1993 :
1114 1940 1200 1994 sin
1235 1948 1438 2007 autem,
1460 1941 1813 1994 contrarium.
1842 1941 1908 1994 At

2014 1937 2120 2006 γάρ
2155 1938 2306 1990 ἐστιν
2335 1935 2488 1990 οὐδὲν
2527 1937 2706 1990 κοινὸν
2735 1937 2905 2006 ἀρετῇ
2950 1937 3083 2006 προς
3120 1935 3505 2005 τυραννίδα,
3542 1934 3662 1988 οὐδ’

346 2027 522 2098 Gyges
573 2029 770 2085 virtute
833 2046 938 2085 non
983 2031 1211 2100 adeptus
1242 2042 1325 2087 est
1364 2033 1731 2104 tyrannidem,
1765 2034 1907 2104 quod

345 2137 478 2174 sane
535 2123 616 2178 rei
677 2122 807 2178 hinc
877 2133 1079 2193 paret:
1123 2125 1254 2178 nihil
1305 2129 1450 2181 enim
1515 2128 1703 2182 virtuti
1761 2142 1911 2183 com-

351 2227 514 2266 mune
565 2227 690 2266 cum
751 2214 1055 2282 tyrannide,
1116 2230 1217 2271 nec
1276 2217 1557 2287 tyrannide
1619 2232 1906 2288 oppresso-

346 2318 468 2356 rum
534 2303 674 2357 bona
751 2321 877 2360 cum
957 2308 1254 2372 voluntate,
1322 2323 1556 2370 praeesse
1641 2319 1908 2380 tyrannus

346 2405 545 2457 potest.
603 2396 839 2462 Quinam
863 2399 1202 2464 istuc?Quia
1272 2400 1323 2454 vi
1383 2401 1590 2455 coactis
1655 2401 1907 2469 imperat.

343 2483 446 2540 Ubi
476 2495 656 2541 autem
690 2489 790 2549 vis,
823 2489 897 2544 ibi
928 2490 1179 2545 voluntas
1234 2491 1411 2546 abest.
1443 2491 1563 2557 Quo
1625 2493 1704 2555 lit,
1740 2502 1797 2545 ut
1828 2495 1909 2546 in-

344 2585 508 2631 vento
545 2579 781 2646 quodam
821 2589 876 2634 et
927 2589 1046 2634 arte
1077 2579 1254 2653 Gyges
1290 2583 1342 2636 in
1370 2592 1696 2652 potestatem
1729 2585 1908 2652 gentis

349 2668 514 2722 unius
547 2684 776 2740 corpora
813 2673 1104 2740 redegerit,
1135 2674 1298 2728 etiam
1353 2673 1538 2730 invitae
1563 2691 1580 2740 ;
1605 2690 1706 2730 nec
1736 2678 1909 2731 homi-

346 2772 475 2811 num
499 2771 662 2826 supra
683 2761 894 2816 vicinos
919 2760 1171 2826 fortium,
1195 2763 1300 2817 nisi
1323 2765 1661 2818 contrarium
1685 2780 1908 2834 quoque

343 2846 638 2902 dicendum
668 2858 753 2905 est
779 2868 794 2906 :
831 2853 932 2906 hoc
960 2867 1091 2906 vero
1131 2867 1228 2907 nec
1260 2852 1572 2918 honestum,
1613 2870 1714 2908 nec
1746 2855 1907 2908 dura-

345 2937 472 2998 hile.
525 2941 670 3008 quod
703 2943 948 3008 oppressi
989 2943 1296 3012 tyrannide,
1354 2944 1501 3002 illam
1533 2945 1600 3000 ad
1631 2945 1907 3002 conditio-

2011 2028 2088 2082 ἔνι
2119 2031 2524 2100 τυραννεύοντα
2555 2031 2750 2101 γνώμῃ
2783 2029 2892 2083 τῶν
2925 2028 3432 2098 τυραννουμένων
3478 2027 3658 2080 τοῦτο

2011 2123 2206 2175 ποιεῖν.
2243 2123 2403 2186 Πῶς;
2437 2122 2560 2176 Ὀτι
2606 2121 2929 2192 βιαζόμενος
2977 2120 3158 2191 ἄρχει.
3194 2121 3331 2173 Καὶ
3364 2120 3500 2196 ’ἵνα
3535 2119 3654 2187 βία,

2010 2212 2207 2266 ἀπεστι
2244 2213 2462 2283 γνώμη.
2503 2205 2669 2268 Ὥστε
2711 2215 2987 2278 σωμάτων
3021 2213 3368 2282 κεκράτηκε
3408 2214 3650 2280 μηχανῇ

2009 2318 2116 2353 τινι
2162 2303 2256 2354 καὶ
2298 2303 2464 2373 τέχνῃ
2519 2302 2709 2365 ἔθνους
2776 2302 3039 2364 ἀνδς,καὶ
3096 2302 3172 2370 μὴ
3231 2301 3648 2372 βουλομένου·

2011 2395 2105 2448 καὶ
2131 2394 2338 2448 τούτω)
2383 2395 2444 2448 οὺ
2494 2397 2759 2463 γενναίων
2793 2395 2934 2462 ὑπὲρ
2966 2395 3092 2457 τοὺς
3118 2394 3436 2462 γείτονας,
3471 2396 3528 2447 ei
3563 2394 3642 2463 μή

2008 2502 2093 2548 τις
2145 2487 2296 2540 εἴποι
2351 2487 2447 2539 καὶ
2498 2486 2831 2540 τούναντίον.
2878 2486 3051 2540 Τοῦτο
3080 2487 3140 2539 δὲ
3188 2486 3338 2540 οὔτε
3397 2487 3638 2556 σεμνὸν,

2009 2578 2130 2631 οὔτε
2159 2578 2408 2650 μόνιμον,
2435 2578 2547 2630 τῶν
2575 2577 3022 2648 τυραπηθέντων
3053 2577 3322 2632 ἀκόντων
3358 2579 3450 2640 είς
3478 2575 3637 2630 τοῦτ’

2009 2669 2298 2724 ἐλθόντων.
2355 2670 2521 2724 ’Δνευ
2579 2670 2635 2722 δὲ
2697 2669 2808 2722 τῶν
2865 2668 3203 2738 εἰρημένων,
3249 2669 3310 2720 εί
3369 2667 3636 2738 ἀκριϐῶς

2010 2760 2280 2830 θεωρήσει
2334 2778 2437 2826 τις,
2467 2759 2775 2829 ἀνθρώπιον
2820 2758 3002 2829 Γύγης
3036 2760 3097 2812 οὐ
3149 2758 3586 2828 βεϐασίλευκεν
3611 2771 3627 2789 ⁸

2010 2850 2170 2918 εἰπερ
2200 2851 2232 2917 ἡ
2269 2848 2464 2917 γνώμη
2519 2848 2618 2917 μὲν
2653 2847 2854 2918 ψυχῆς,
2891 2847 3095 2917 κυρίως
3130 2847 3188 2902 δὲ
3230 2849 3553 2918 ἄνθρωπος
3590 2848 3623 2917 ἡ

2009 2939 2178 3010 ψυχή.
2219 2940 2460 3003 Ἐκεῖνος
2493 2940 2550 2993 δὲ
2580 2941 2840 3011 τύραννος
2863 2939 2938 2992 ὢν
2978 2939 3236 2994 τοσοῦτον
3263 2941 3498 3008 ἀπέσχε
3527 2938 3621 2992 τοῦ

347 3043 471 3080 nem
511 3030 662 3082 inviti
695 3033 1062 3098 pervenerint.
1095 3032 1418 3103 Quanquam
1461 3044 1516 3089 et
1566 3032 1772 3106 absque
1803 3038 1907 3104 his,

2014 3031 2110 3093 τὰς
2141 3029 2248 3083 τῶν
2278 3031 2729 3100 τυραννηθέντων
2757 3031 2980 3101 γνώμας
3008 3032 3305 3101 κερδᾶναι,
3341 3032 3480 3084 ὅσον
3519 3031 3619 3082 καὶ

346 3135 468 3184 quae
495 3118 638 3173 dicta
674 3130 826 3184 sunt,
853 3121 897 3176 si
926 3123 1050 3190 quis
1091 3133 1345 3178 accurate
1371 3139 1485 3181 rom
1511 3128 1906 3194 considerabit,

348 3213 573 3266 minime
599 3213 779 3284 Gyges
810 3230 899 3269 rex
933 3215 1217 3270 hominum
1249 3215 1390 3283 l‘uit;
1425 3219 1695 3288 siquidem
1725 3222 1911 3278 volun.

349 3315 453 3360 tas.
497 3305 660 3358 animi
693 3313 819 3370 est;
871 3305 1090 3362 animus
1138 3315 1318 3360 autem
1358 3309 1579 3378 proprie
1612 3319 1695 3365 est
1726 3311 1905 3367 homo.

348 3397 551 3455 Atille.
580 3397 674 3465 qui
727 3407 990 3466 tyrannus
1037 3407 1204 3463 esset,
1237 3409 1443 3452 tantum
1495 3402 1700 3470 aberat,
1736 3413 1912 3475 utop-

2011 3121 2305 3175 ἀκόλουθον
2352 3117 2422 3192 ἦν
2467 3122 2621 3192 παρὰ
2671 3123 2892 3176 πάντων
2937 3123 3100 3176 αὐτὸν
3155 3123 3481 3192 μισεῖσθαι,
3522 3123 3616 3175 καὶ

2011 3214 2466 3268 ἐπιϐουλεύεσθαι
2497 3216 2674 3268 πάντα
2709 3216 2806 3285 τρο
2820 3233 2931 3268 πον.
2971 3215 3156 3269 Ταῦτα
3183 3216 3254 3286 δὴ
3289 3216 3368 3270 τὰ
3400 3230 3613 3285 τυραν-

2011 3306 2153 3367 νίδος
2181 3307 2385 3374 ἀγαθὰ,
2413 3308 2508 3360 καὶ
2558 3309 2690 3378 τῇδε
2733 3307 3093 3377 συμφυόμενά
3136 3325 3195 3360 τε
3231 3310 3340 3362 καὶ
3383 3323 3613 3361 συνεπι-

2009 3393 2225 3448 διδόντα
2270 3397 2362 3449 τὸν
2407 3397 2587 3451 πάντα
2629 3397 2852 3467 τρόπον,
2905 3399 2997 3452 καὶ
3039 3399 3412 3474 ’τελευτῶντα
3472 3398 3611 3466 πρὸς

350 3503 663 3555 pressornm
715 3489 1027 3544 voluntates
1085 3491 1459 3558 lncrifaceret,
1490 3504 1698 3562 quanto
1738 3499 1908 3566 magis

2014 3485 2295 3556 αἴσχιστόν
2343 3505 2418 3551 τι,
2469 3489 2694 3564 ⁴σύναμα
2735 3489 2908 3560 ταύτῃ
2970 3489 3334 3559 διαλυόμενα.
3379 3493 3459 3545 Ού
3497 3491 3609 3560 μὴν

346 3591 776 3636 consentaneum
803 3591 945 3646 erat,
980 3597 1104 3637 eum
1137 3583 1190 3638 in
1224 3585 1351 3639 odio
1389 3599 1510 3640 esse
1541 3587 1820 3652 onmihus,
1859 3600 1912 3644 et

347 3670 778 3749 insidiisncorum
811 3671 1032 3725 omnino
1063 3672 1193 3740 peti.
1225 3671 1347 3727 llaec
1379 3674 1588 3728 scilicet
1615 3674 1703 3729 illa
1731 3684 1912 3745 tyran-

349 3763 493 3817 nidis
528 3763 669 3818 bona
699 3773 848 3826 sunt,
883 3779 1003 3832 quae
1039 3779 1164 3818 cum
1211 3779 1274 3819 ea
1309 3765 1471 3819 simul
1500 3775 1554 3820 et
1581 3777 1908 3832 nascuntur,

347 3861 401 3906 et
433 3863 728 3921 augescunt
759 3851 959 3920 quovis
991 3852 1192 3917 modo;
1223 3863 1276 3906 et
1305 3855 1523 3922 quando
1548 3871 1673 3910 cum
1704 3872 1764 3910 ea
1797 3857 1911 3911 dis-

347 3944 654 4006 solvuntur,
676 3943 729 3996 in
750 3942 1114 3998 foedissimum
1134 3943 1390 4018 quiddam
1418 3943 1695 4000 desinunt.
1726 3947 1911 4002 Enim-

347 4049 477 4088 vero
507 4034 552 4088 si
584 4034 853 4088 orationis
879 4033 1042 4100 hujus
1077 4032 1251 4088 forma
1281 4044 1444 4103 atque
1478 4036 1618 4090 ratio
1649 4037 1910 4106 simplici-

350 4137 433 4181 ter
468 4126 709 4180 historiae
741 4127 983 4180 texendae
1009 4135 1329 4195 potestatem
1377 4129 1535 4184 nobis
1565 4131 1906 4196 concederet,

349 4218 520 4272 multo
546 4218 752 4273 rectius
803 4232 967 4284 quam
1023 4220 1181 4274 modo
1210 4220 1614 4276 narrationibus
1645 4221 1912 4277 institutis

2012 3578 2129 3631 ἀλλ’
2179 3581 2229 3632 εἰ
2288 3579 2352 3632 τὸ
2392 3579 2580 3650 σχῆμα
2623 3578 2720 3634 τοῦ
2779 3580 2942 3648 λόγου
2986 3581 3251 3652 καθαρῶς
3289 3581 3607 3648 ἐπέτρεπεν

2015 3671 2273 3740 ἱστορεῖν,
2328 3666 2474 3741 εἶχον
2523 3671 2740 3740 ἐλέγξαι
2795 3675 2908 3736 τοῖς
2954 3673 3267 3744 διηγήμασι
3303 3675 3496 3742 πολλῷ
3539 3689 3604 3740 γε

2016 3760 2226 3830 βέλτιον
2276 3763 2308 3831 ἢ
2359 3763 2475 3829 νῦν,
2511 3764 2588 3828 ὼς
2616 3767 2644 3818 ὃ
2680 3783 2738 3818 τε
2782 3766 2990 3836 χρυσίῳ
3022 3766 3166 3819 πάνυ
3199 3767 3452 3838 θαρρῶν,
3484 3767 3512 3819 ὃ
3541 3781 3601 3817 τε

2016 3853 2221 3924 σιδήρῳ
2282 3855 2424 3923 μέγα
2474 3855 2688 3924 φρονῶν
2739 3858 2832 3910 καὶ
2877 3857 3018 3910 λεῶν
3067 3856 3435 3928 ἀθροίσματι,
3465 3857 3494 3908 ὅ
3539 3872 3597 3908 τε

2017 3951 2289 4017 μηχαναῖς
2327 3948 2582 4012 ἐλπίζων,
2622 3950 2718 4001 καὶ
2771 3949 3011 4002 τουτοισὶ
3058 3949 3237 4018 ψιλοῖς
3292 3949 3589 4019 ἐγχειρῶν.

2013 4039 2106 4091 καὶ
2135 4039 2189 4091 εἴ
2211 4056 2294 4102 τις
2315 4040 2529 4103 τούτοις
2556 4040 2873 4108 ἐφάμιλλος,
2900 4041 2975 4111 μὴ
3008 4044 3322 4111 προσούσης
3357 4042 3588 4108 ἀρετῆς.

2016 4127 2376 4199 ἐξηπάτηται,
2421 4130 2575 4183 Ἐπεὶ
2627 4130 2683 4183 δὲ
2735 4130 2829 4183 νῦν
2879 4131 2941 4184 ού
2993 4133 3410 4202 προηγούμενον
3449 4120 3593 4182 τοῦθ’

2017 4219 2166 4287 ἡμῖν,
2201 4219 2316 4274 ἀλλ’
2369 4219 2757 4274 ἀποδεικνύναι
2812 4223 3108 4292 πειρᾶσθαι
3165 4228 3287 4287 ταῖς
3350 4220 3592 4291 παραθέ-

350 4313 578 4378 probare
607 4324 865 4378 possem;
903 4317 958 4364 et
997 4324 1126 4363 eum
1163 4311 1253 4377 qui
1290 4325 1544 4378 magnam
1594 4312 1648 4366 in
1679 4327 1814 4367 auro
1846 4313 1908 4366 li-

2020 4324 2189 4374 σεσιν,
2229 4310 2304 4374 ὡς
2333 4310 2595 4387 ἄρχουσιν
2619 4313 2896 4366 ἐθέλουσιν
2925 4315 3150 4379 ἀγαθοῖς
3181 4312 3323 4369 εἶναι
3366 4315 3586 4368 πάντων

350 4402 567 4456 duciam
600 4401 774 4470 ponit,
803 4409 858 4456 et
894 4401 988 4470 qui
1018 4418 1075 4456 se
1098 4401 1244 4457 ferro
1275 4418 1339 4458 ac
1367 4404 1688 4472 populorum
1721 4406 1916 4460 collec-

353 4493 501 4547 tione
530 4506 860 4560 magnopere
883 4491 1074 4560 iactat,
1105 4501 1162 4546 et
1183 4493 1276 4560 qui
1313 4492 1485 4547 fretus
1513 4503 1596 4550 cst
1622 4495 1911 4561 machinis,

352 4583 558 4650 quique
597 4582 728 4637 solis
757 4582 842 4638 his
864 4583 1106 4637 animum
1140 4582 1352 4652 adjicit,
1396 4593 1449 4639 et
1481 4586 1524 4639 si
1560 4586 1686 4654 quis
1721 4587 1912 4642 horum

353 4674 552 4729 similis
582 4683 666 4728 est
696 4690 710 4734 ;
749 4688 899 4737 eum,
931 4674 1035 4727 nisi
1081 4673 1256 4728 virtus
1291 4675 1454 4739 adsit,
1487 4675 1597 4732 falli
1628 4686 1790 4746 atque
1815 4679 1913 4734 tle-

351 4767 484 4834 cipi.
510 4767 710 4820 Verum
739 4767 1004 4834 quoniam.
1022 4766 1124 4820 hoc
1147 4767 1216 4819 ab
1240 4766 1394 4821 initio
1417 4783 1522 4823 non
1555 4769 1909 4832 instituimus.

351 4859 444 4913 sed
485 4869 694 4913 tantum
722 4862 797 4911 uti
827 4872 924 4924 per
966 4858 1406 4927 comparationes
1437 4861 1816 4929 probaremus,
1849 4865 1914 4918 iis

356 4949 715 5017 principibus,
749 4949 839 5016 qui
874 4948 1000 5002 boni
1033 4963 1156 5003 esse
1184 4948 1370 5013 velint,
1401 4951 1467 5003 ad
1502 4950 1912 5016 perliciendum,

354 5055 477 5110 qua!
516 5041 762 5108 cupiant,
791 5039 925 5094 nihil
953 5038 1222 5108 sapientia
1250 5040 1448 5094 melius
1469 5054 1592 5096 esse.
1618 5059 1631 5093 :
1667 5041 1915 5094 ittSliltllo

355 5141 546 5184 nostro
588 5130 881 5186 convenire
924 5117 1206 5192 duximus.
1251 5129 1295 5184 si
1330 5145 1432 5183 nec
1460 5144 1648 5184 omnes
1687 5131 1820 5184 tales
1861 5133 1914 5185 in

356 5222 590 5276 medium
609 5221 1056 5291 produceremus,
1085 5237 1151 5276 ne
1175 5221 1383 5276 theatro
1407 5221 1616 5278 molesti
1645 5237 1916 5286 essemus,

357 5310 685 5367 inellabilem
721 5310 1012 5378 quemdam
1062 5325 1350 5366 numerum
1401 5311 1766 5382 proferendo;
1814 5325 1916 5364 nec

355 5403 494 5461 citra
521 5403 741 5458 modum
764 5400 850 5455 his
869 5416 1055 5456 eorum
1085 5401 1328 5456 historiis
1360 5413 1655 5466 uteremur,
1684 5418 1748 5457 ne
1768 5402 1913 5472 quod

357 5492 697 5564 propositum
734 5511 762 5540 ιι
786 5489 940 5548 nobis
967 5499 1068 5554 est,
1107 5491 1156 5543 in
1181 5493 1553 5548 narrationum
1582 5492 1914 5556 inﬁnitarum

355 5583 511 5652 quasi
540 5597 688 5636 mare
724 5579 985 5640 delatum.
1022 5580 1366 5648 naufragium
1402 5582 1626 5637 laceret.
1668 5584 1744 5635 Ac
1770 5592 1917 5645 recte

356 5673 574 5750 quidem
608 5671 672 5728 ad
710 5671 912 5730 exitum
968 5669 1042 5736 id,
1075 5670 1216 5738 quod
1269 5673 1333 5724 ah
1387 5672 1536 5724 initio
1577 5672 1913 5736 volt-hamus,

2019 4399 2241 4469 ἄμεινον
2290 4401 2359 4456 ἂν
2413 4405 2502 4472 εἴη
2569 4403 2732 4471 σοφία
2785 4405 2925 4474 πρὸς
2961 4403 3022 4456 τὸ
3055 4407 3360 4474 περαίνειν.
3396 4403 3434 4458 ἀ
3466 4402 3586 4473 βού-

2016 4489 2191 4543 λοιντο
2217 4506 2231 4520 ·
2273 4491 2529 4560 ἡγήμεθα
2568 4491 2712 4559 μάλα
2761 4493 3085 4561 συμϐαίνειν
3109 4493 3201 4563 -τῷ
3235 4486 3580 4562 προκειμένῳ

2019 4579 2206 4646 σκοπῷ
2261 4580 2400 4649 μήτε
2449 4579 2660 4642 πάντας
2704 4580 2934 4648 ἀγαγεῖν
2989 4583 3070 4643 είς
3134 4581 3472 4649 μέσον’τούς
3520 4594 3579 4645 γε

2015 4669 2308 4732 τοιούτους.
2341 4671 2428 4723 ἵνα
2456 4669 2532 4741 μὴ
2550 4670 2611 4724 τὸ
2641 4671 2867 4740 θέατρον
2894 4672 3340 4742 ἀποκναίσωμεν,
3371 4669 3576 4739 ἀμύθη-

2015 4759 2107 4812 τόν
2133 4776 2254 4813 τινα
2283 4759 2514 4831 ἀριθμὸν
2539 4762 2988 4828 παρεισάγοντες,
3012 4763 3136 4832 μήτ’
3162 4763 3418 4833 ἀμέτρως
3445 4760 3574 4831 χρὴο

2017 4847 2214 4902 σασθαι
2267 4849 2519 4903 ταυταισὶ
2577 4852 2696 4912 ταῖς
2742 4851 2864 4903 κατ’
2908 4851 3106 4915 αὐτοὺς
3155 4853 3442 4918 ίστορίαις,
3494 4849 3565 4917 μή

2018 4955 2146 4992 ποτε
2182 4941 2320 5009 πρὸς
2375 4941 2614 5008 πέλαγος
2665 4941 3028 5009 διηγημάτων
3069 4944 3317 5013 ἀπείρων
3354 4943 3415 4996 τὸ
3442 4955 3568 5008 apo.

2017 5031 2272 5095 κείμενον
2311 5035 2442 5103 ἡμῖν
2491 5033 2751 5102 ἐμπεσὸν,
2785 5035 3092 5105 ναυαγήσῃ.
3128 5035 3236 5087 Καὶ
3279 5035 3343 5105 δὴ
3399 5030 3566 5090 καλῶς

2021 5138 2112 5189 μοι
2155 5122 2304 5175 δοκεῖ
2355 5121 2810 5190 συμπεπερὰνθαι
2861 5124 2921 5173 τὸ
2971 5122 3248 5190 καταρχὰς
3292 5121 3420 5190 ἡμῖν
3450 5115 3565 5185 βού·

2015 5211 2187 5280 λημα.
2235 5214 2323 5275 Ὠς
2351 5214 2476 5283 ,γάρ
2524 5231 2576 5266 τι
2632 5215 2982 5283 παράδειγμα
3020 5213 3275 5275 λαϐόντες
3323 5213 3420 5280 ἤδη
3449 5207 3564 5267 τοὺς

2017 5305 2215 5373 ἄνδρας
2256 5305 2499 5372 τούτους,
2546 5304 2656 5378 [ὲκ]
2709 5307 2816 5359 τῶν
2843 5305 3044 5374 ὁμοίων
3074 5306 3256 5368 αὐτοῖς
3299 5301 3559 5358 ἁπάντων.

2019 5395 2113 5447 καὶ
2162 5395 2255 5459 τὰς
2307 5397 2544 5466 ἱστορίας
2598 5397 2698 5459 τὰς
2749 5397 2878 5466 περὶ
2935 5395 3138 5447 τούτων
3197 5394 3393 5452 ἱκανῶς
3437 5392 3560 5452 ἀφο-

2022 5487 2389 5550 σιωσάμενοι,
2481 5487 2664 5540 πᾶσάν
2745 5504 2802 5539 τε
2879 5485 3202 5554 περιεργίαν
3280 5481 3555 5553 παρέντες.

2020 5577 2156 5630 κατὰ
2205 5580 2395 5647 καιρὸν
2466 5577 2948 5644 ἀπαλλαττόμεθα,
3011 5576 3082 5639 ὡς
3151 5576 3257 5644 ,ἐμέ
3303 5591 3365 5642 γε
3417 5569 3554 5637 ’τ”οερὶ

2018 5668 2206 5729 τούτου
2229 5670 2466 5740 νομίσαι.
2503 5670 2610 5723 Καὶ
2637 5669 2742 5739 γάρ
2768 5685 2849 5722 τοι
2881 5666 3241 5739 μεμιμήμεθα
3263 5664 3424 5735 ὀρθῶς
3446 5661 3548 5714 διπ-
