3978 6574
316 502 442 573 ιὶτ

1641 515 1656 524 ~
1705 479 1992 546 ORATIO
2034 473 2120 545 ΙῙ.

3469 462 3578 528 618

309 620 394 674 at
423 615 614 671 κλάδοι
640 610 737 679 τῆς
790 605 1035 684 ἀρετῆς,
1071 603 1108 673 ἢ
1157 600 1270 664 τοῖς
1319 595 1689 668 μετασχοῦσιν
1733 594 1905 663 αὐτῆς

2034 607 2187 660 teque
2224 586 2546 658 corporibus
2577 586 2884 655 parcerent,
2938 588 3040 637 nec
3068 590 3197 649 opes
3228 579 3576 634 admirareno

315 707 579 778 γνησίως
635 701 858 762 εἰκότως
917 697 985 750 ἂν
1043 693 1305 764 τηρήσειε
1353 689 1464 742 τῶν
1500 688 1742 760 ἱδρώτων
1773 688 1903 749 τοὺς

316 777 591 869 καρποὺς
620 792 946 853 ἀθανάτους,
976 787 1116 857 αὐτή
1145 801 1211 853 γε
1247 781 1465 853 πρῶτον
1492 777 1630 835 οὖσα
1655 778 1903 850 τοιαύτη.

319 890 554 962 Χρῆιιαξ
583 886 695 956 γὰρ
734 881 1028 936 ἀθάνατον.

425 1133 675 1205 ’Δνδράσι
712 1129 894 1184 τοίνυν
947 1123 1194 1192 ἀγαθοῖς,
1242 1115 1323 1184 οἷς
1354 1135 1415 1188 γε
1459 1119 1494 1189 ἡ
1537 1116 1804 1187 ἐπιθυμία
1848 1115 1910 1169 τὸ

327 1224 448 1296 ζῇν
501 1222 582 1290 εὖ,
635 1220 944 1290 προσούσης
979 1230 1042 1288 γε
1095 1217 1288 1286 σοφίας
1337 1215 1432 1268 καὶ
1481 1208 1756 1282 γνώσεως,
1811 1209 1910 1280 τὴν

325 1319 643 1389 ἐπιθυμίαν
670 1314 856 1376 αὐτοῖς
901 1310 1083 1374 καλῶς
1122 1310 1357 1380 περᾶναι
1384 1306 1726 1376 δυναμένων,
1758 1303 1910 1372 εὐχε-

335 1413 460 1481 ρῶς
507 1410 569 1464 τὸ
618 1405 882 1476 συγγενές
918 1404 1016 1458 καὶ
1054 1401 1117 1456 τδ
1157 1400 1233 1471 μὴ
1277 1396 1515 1452 τοιοῦτον
1558 1395 1908 1466 γνωρίζεται.

331 1507 478 1566 Τοῖς
511 1503 569 1555 δὲ
609 1502 685 1570 μὴ
718 1499 1041 1569 μετέχουσιν
1067 1491 1281 1562 ἀγαθοῦ
1315 1493 1410 1544 καὶ
1449 1491 1486 1558 ἡ
1522 1487 1676 1542 τοῦδε
1705 1485 1912 1553 γνῶσις

336 1596 450 1647 οὐκ
483 1592 758 1659 εὖκριτος.
794 1587 958 1642 Ὅθεν
987 1587 1050 1639 δν
1080 1584 1238 1639 «fatal.
1269 1580 1691 1654 μακαρίζουσιν.
1725 1574 1912 1629 ἄθλιον

344 1688 553 1740 ἐκεῖνοι
587 1681 868 1753 ἡγοῦνταιο
895 1678 987 1732 καὶ
1020 1675 1048 1730 ὃ
1085 1675 1342 1746 ζηλοῦσιν
1367 1674 1589 1735 έκεῖνοι,
1621 1668 1915 1738 φεύγουσιν

340 1778 485 1830 οἶδε.
533 1771 678 1827 Εἶεν.
717 1770 936 1834 Πρλλῶν
965 1769 1019 1822 δὲ
1055 1767 1273 1837 θρήνων
1303 1763 1449 1828 ἄξιος
1481 1763 1695 1822 τούτοις
1729 1759 1915 1826 φαίνεο

2010 697 2122 747 tur,
2171 696 2275 736 nec
2307 676 2680 746 voluptatibus
2732 670 3028 736 iuliiarent,
3065 683 3166 724 nec
3200 667 3364 721 vitam
3400 667 3576 736 ipsam

2010 776 2254 830 honesta:
2307 769 2464 824 fama:
2496 770 2910 836 anteponerent.
2945 761 3022 816 Ea
3047 771 3176 814 vero
3192 757 3410 813 virtutis
3438 759 3575 811 rami

2011 865 2230 936 quidam
2279 870 2433 924 sunt,
2458 873 2580 930 quat
2623 868 2883 928 germane
2931 867 2992 909 se
3018 851 3203 921 politis
3231 865 3339 904 non
3378 848 3476 903 abs
3517 864 3579 900 re

2011 957 2269 1014 sudorem
2290 953 2498 1008 fructus
2513 947 2847 1005 immortales
2863 943 3288 1008 conservaverit,
3309 956 3432 996 cum
3463 941 3581 1008 ipsa

2014 1050 2166 1119 prius
2190 1047 2260 1104 sit
2285 1044 2576 1116 ejusmodi.
2601 1038 2787 1098 Virtus
2802 1038 2947 1093 enim
2977 1051 3067 1092 res
3094 1032 3424 1090 immortalis
3464 1042 3577 1085 εει.

2086 1139 2127 1193 Α
2160 1137 2318 1193 bonis
2345 1149 2476 1204 ergo
2497 1133 2630 1187 viris
2655 1131 2748 1200 qui
2780 1130 2918 1184 bene
2945 1127 3126 1181 vivere
3157 1126 3401 1194 cupiunt.
3432 1138 3585 1177 acce-

2015 1229 2176 1284 dente
2208 1226 2472 1296 sapientia
2502 1233 2554 1276 et
2585 1220 2853 1282 doctrina,
2883 1233 3006 1290 qua:
3032 1227 3177 1272 recte
3196 1217 3303 1270 hoc
3333 1217 3580 1282 ipsorum

2014 1318 2348 1374 desiderium
2385 1316 2450 1370 ad
2496 1314 2655 1368 flnein
2697 1320 2944 1380 optatum
3004 1312 3300 1378 perducere
3324 1313 3584 1375 possunt,

2016 1408 2178 1463 facile
2231 1408 2376 1476 quod
2411 1413 2701 1474 cognatum
2734 1411 2848 1465 est,
2884 1410 2978 1454 aut
3031 1415 3212 1460 secus.
3245 1401 3579 1468 agnoscitur.

2014 1502 2084 1556 Δι
2123 1501 2213 1569 qui
2253 1499 2544 1568 participes
2584 1495 2712 1549 boui
2753 1509 2857 1548 non
2910 1503 3062 1556 sunt,
3117 1491 3183 1546 iis
3235 1493 3348 1544 lizec
3379 1490 3586 1559 agnitio

2017 1605 2208 1660 parum
2245 1587 2419 1642 facilis
2447 1595 2528 1641 est
2555 1592 2609 1640 et
2636 1584 2888 1651 expedita
2920 1599 2936 1638 :
2963 1597 3072 1650 quo
3112 1581 3167 1636 lit
3197 1590 3255 1635 ut
3285 1593 3449 1648 quem
3479 1577 3584 1647 ipsi

2019 1683 2240 1738 beatum
2299 1680 2616 1750 pra‘dicant.
2668 1677 2816 1730 hunc
2872 1675 2949 1730 illi
2983 1676 3241 1728 miserum
3273 1679 3503 1740 putent;
3531 1679 3585 1722 et

2019 1777 2163 1844 quod
2221 1773 2295 1827 illi
2343 1771 2705 1830 admirantur.
2756 1767 2808 1822 lii
2859 1766 3086 1835 fugiant.
3120 1767 3195 1818 Ac
3223 1765 3293 1818 sit
3325 1765 3398 1818 ita
3431 1777 3583 1816 sane.

340 1884 441 1918 ται
489 1867 693 1926 ἐκεῖνος
734 1862 972 1931 μάλιστα
1026 1858 1268 1920 πάντων,
1322 1856 1350 1908 ὁ
1397 1855 1537 1924 μήτε
1588 1850 1662 1904 ὢν
1713 1847 1916 1917 ἁγαθός

2034 1866 2202 1921 llultis
2232 1876 2411 1920 autem
2443 1862 2695 1932 lacrymis
2727 1861 2924 1928 dignus
2957 1859 3041 1912 bis
3071 1857 3314 1910 omnium
3345 1857 3583 1908 maxime

341 1957 538 2016 αὐτὸς,
563 1955 657 2007 καὶ
693 1955 806 2014 τοῖς
847 1950 1063 2010 πολλοῖς
1098 1946 1519 2016 λυμαινόμενος,
1558 1944 1652 1994 καὶ
1674 1940 1742 1993 δι’
1769 1942 1916 1991 ὲντε-

2034 1959 2232 2012 νίόειιιι·
2253 1972 2391 2018 esse,
2417 1956 2510 2024 qui
2544 1969 2642 2007 nec
2667 1955 2782 2020 ipse
2817 1952 2989 2004 bonus
3014 1961 3120 2015 est,
3154 1959 3206 2002 et
3232 1949 3433 2001 multos
3453 1961 3586 1999 cor-

342 2049 568 2116 λὲχειαν
619 2045 874 2114 πράξεων
930 2039 1224 2110 μοχθηρῶν
1267 2038 1392 2107 μήτ’
1442 2034 1642 2087 ὲθέλων
1677 2033 1914 2102 χρηστὸς

343 2140 628 2207 γενέσθαι,
667 2139 804 2208 μήτε
851 2135 1152 2203 δυνάμενος
1201 2131 1431 2202 ἀμεῖψαι
1478 2127 1634 2197 τήνδε
1663 2125 1760 2195 τὴν
1803 2123 1917 2188 ἕξιν

343 2235 494 2302 πρός
523 2249 577 2283 τι
604 2231 715 2282 τῶν
745 2226 1152 2296 ἐπαινουμένων
1191 2238 1250 2276 τε
1286 2221 1382 2274 καὶ
1399 2218 1603 2273 καλῶν.
1638 2210 1806 2277 Οὗτος
1826 2230 1918 2266 κο·

349 2296 492 2394 μιδῇ
518 2321 689 2392 κακία
734 2318 1034 2387 σύντροφος
1061 2312 1157 2377 ὣν,
1198 2296 1360 2381 παρέ
1380 2310 1480 2379 μὶν
1509 2307 1615 2358 τῶν
1651 2304 1880 2357 ὲλεεῖται
1900 2319 1914 2332 ο

341 2418 499 2483 λέγω
541 2415 626 2482 δὴ,
660 2412 770 2465 τῶν
813 2410 913 2463 οὐκ
947 2408 1129 2468 ἐλέους
1180 2404 1367 2467 ἀξίων,
1421 2400 1539 2453 ἀλλ’
1582 2396 1874 2464 ἐγκωμίων
1902 2409 1916 2424 ·

342 2477 508 2576 παρὰ
555 2477 613 2558 δέ
659 2502 770 2556 τῶν
800 2496 1043 2571 μισεῖται
1065 2513 1079 2527 ο
1109 2494 1222 2549 τῶν
1255 2491 1487 2562 μισητέα
1517 2477 1955 2557 διαπραττομέ-’

344 2619 486 2666 νων,
532 2599 630 2652 καὶ
683 2595 987 2666 μισούντων
1043 2589 1310 2652 tauro-34;,
1359 2586 1407 2637 εί
1457 2583 1551 2636 καὶ
1607 2577 1914 2649 παράδοξον

345 2691 560 2744 εἰπεῖν.
605 2684 666 2740 '0
715 2683 824 2754 γὰρ
869 2679 1128 2743 καθάπαξ
1185 2675 1418 2746 πονηρὸς
1448 2672 1733 2740 ἅνθρωπος
1787 2668 1923 2733 πρὸς

345 2781 439 2850 τῷ
486 2781 600 2841 τοῖς
643 2778 846 2830 εἰδόσιν
896 2773 1061 2828 αὑτὸν
1107 2769 1386 2842 μισεῖσθαι
1418 2767 1514 2818 καὶ
1539 2759 1924 2816 διαϐάλλεσθαι

333 2873 457 2947 Δεισι).
484 2869 672 2944 ἑαυτῷῤ
695 2867 923 2941 μισητός
955 2866 1098 2930 ἐστι,
1131 2862 1330 2934 τρόπον
1365 2860 1429 2930 δή
1473 2874 1596 2910 τινα
1632 2855 1924 2925 μιτήσαντι

350 2964 441 3032 τῷ
495 2960 762 3014 συνειδότι
811 2957 912 3027 τὴν
947 2955 1255 3027 βδελυρίαν.
1286 2952 1468 3012 ’Δπας
1501 2947 1614 3016 γὰρ
1640 2943 1926 3013 ἄνθρωπος

347 3056 426 3110 τὸ
461 3054 714 3123 πονηρὸν,
767 3053 844 3113 ὡς
898 3048 1180 3118 ἀλλότριον
1209 3046 1265 3115 (η
1295 3043 1402 3112 γὰρ
1440 3038 1609 3099 κακία
1641 3032 1927 3106 θύραθεν),

354 3149 430 3202 οῦ
455 3147 680 3201 δύναται
711 3143 788 3214 μὴ
824 3143 1025 3212 μισεῖνο
1065 3139 1260 3208 ὥσπερ
1277 3136 1374 3190 καὶ
1402 3133 1500 3204 τὴν
1527 3130 1749 3202 ἀρετὴν,
1778 3129 1930 3181 ἐπει-

2020 2049 2244 2119 rumpit,
2272 2063 2332 2102 ac
2366 2056 2588 2117 propter
2619 2044 2924 2097 facinorum
2953 2041 3266 2093 vitinsorum
3299 2037 3593 2090 assiduita-

2013 2150 2150 2203 tem,
2209 2154 2383 2210 neque
2439 2139 2551 2192 fieri
2603 2139 2716 2190 vult
2745 2137 2939 2200 bonus,
2979 2148 3154 2201 neque
3209 2140 3417 2184 mutare
3445 2129 3592 2182 hunc

2020 2233 2269 2304 habitum
2304 2233 2356 2286 iu
2392 2229 2722 2285 laudabilem
2772 2244 2834 2280 ac
2861 2226 3181 2296 priet-larum
3241 2230 3435 2292 potest.
3492 2218 3594 2275 llic

2021 2314 2300 2375 vitiositati
2323 2334 2554 2390 prorsus
2583 2318 2905 2379 innutritus,
2937 2317 3003 2368 ab
3033 2314 3117 2368 his
3142 2311 3586 2368 commiseratio-

2023 2429 2142 2467 nem
2173 2414 2424 2482 impetrat
2451 2412 2538 2480 (de
2569 2409 2673 2463 illis
2698 2409 2913 2476 loquor,
2951 2406 3043 2475 qui
3075 2421 3184 2459 non
3217 2403 3592 2461 miseratione,

2037 2507 2131 2560 sed
2163 2506 2414 2558 laudibus
2455 2502 2602 2572 digiti
2629 2500 2802 2568 sunt),
2839 2499 2946 2551 illis
2973 2498 3026 2550 in
3064 2497 3189 2550 odio
3213 2505 3316 2558 est,
3344 2498 3435 2563 qui
3469 2495 3596 2545 odio

2027 2598 2288 2650 nimirum
2331 2596 2498 2664 digna
2545 2601 2830 2662 peragunt,
2863 2607 2924 2662 ac
2952 2588 3161 2656 seipsos
3191 2587 3439 2648 oderunt,
3469 2585 3596 2636 licet

2025 2689 2127 2744 hoc
2172 2689 2317 2742 dictu
2347 2688 2602 2757 quiddam
2661 2697 2859 2737 novum
2919 2681 2988 2736 sit
3012 2691 3064 2736 et
3095 2679 3357 2732 insolens.
3415 2676 3590 2728 llnmo

2027 2795 2260 2848 namque
2303 2794 2530 2848 prorsus
2587 2775 2889 2843 improbus,
2944 2780 3302 2842 praeterquam
3354 2764 3599 2836 quodiis

2026 2871 2226 2942 quibus
2247 2880 2330 2926 est
2352 2880 2536 2936 notus,
2557 2871 2610 2921 in
2631 2869 2757 2923 odio
2785 2876 2867 2920 est
2889 2875 2940 2920 et
2967 2862 3399 2934 reprelienditur,
3425 2859 3590 2912 etiam

2028 2965 2144 3034 ipse
2194 2979 2252 3019 se
2303 2964 2464 3015 modo
2511 2961 2743 3029 quodam
2784 2958 2927 3022 odit,
2948 2971 3072 3011 eum
3095 2955 3214 3024 ejus
3257 2953 3600 3007 conscientia

2030 3055 2389 3113 sceleritatem
2441 3054 2569 3106 odio
2608 3061 2993 3122 persequatur.
3038 3049 3229 3102 Omnis
3261 3046 3403 3098 enim
3432 3048 3596 3097 boum

2029 3149 2174 3222 quod
2201 3147 2508 3217 improbum
2534 3155 2640 3209 est,
2691 3145 2836 3198 velut
2869 3142 3108 3196 alienum
3167 3139 3422 3205 quiddam
3453 3137 3602 3207 (nam

295 3227 298 3230 i
352 3241 462 3296 δᾶν
492 3237 663 3307 αὐτὴν
693 3234 876 3297 καλῶς
905 3231 1202 3304 καταμάθῃ
1246 3226 1454 3297 ἀγαθὸν
1479 3225 1574 3279 καί
1601 3224 1651 3277 oi
1681 3223 1924 3292 γνήσιον,

2034 3241 2267 3298 extraria
2296 3239 2562 3294 vitiositas
2584 3236 2710 3304 est),
2739 3251 2846 3289 non
2877 3242 3051 3301 potest
3075 3245 3179 3284 non
3202 3229 3385 3283 odisse
3411 3243 3427 3282 :
3454 3228 3598 3280 sicut

354 3333 429 3385 οὐ
487 3329 711 3382 δύναται
762 3325 837 3396 μὴ
871 3322 1072 3394 φιλεῖν.
1118 3322 1180 3375 '0
1210 3321 1390 3374 τοίνυν
1437 3315 1714 3389 μοχθηρίᾳ
1751 3312 1928 3378 συζῶν

356 3423 591 3485 ἀτόπως
631 3422 773 3489 ἄγαν
813 3417 1113 3477 διάκειται.
1146 3416 1266 3476 ταῖς
1307 3411 1554 3482 γνώμαις
1584 3409 1706 3480 δίχα
1734 3404 1928 3476 τεμνό-

362 3533 554 3589 μενος,
579 3514 678 3568 καὶ
715 3509 1018 3566 κινδυνεύει
1060 3507 1122 3561 τδ
1148 3507 1268 3560 κατ’
1302 3503 1465 3558 αὐτὸν
1500 3501 1782 3572 αἰνίγματι
1823 3501 1932 3552 ἐοι-

357 3609 544 3673 κέναι,
575 3605 723 3674 φιλεῖ
748 3620 808 3658 τε
841 3604 950 3671 γὰρ
984 3599 1102 3670 ἃμα
1131 3596 1318 3662 αὑτὸν,
1365 3594 1445 3666 τῷ
1504 3593 1582 3664 μὴ
1620 3593 1720 3662 τὴν
1767 3591 1930 3660 φύσιν

360 3698 719 3775 ἀρνήσασθαι
751 3681 1038 3759 δύνασθαι,
1078 3692 1175 3745 καὶ
1202 3688 1406 3760 τρόπον
1430 3685 1620 3756 ἕτερον
1655 3685 1806 3753 μισεῖ
1842 3683 1934 3736 διά

359 3797 469 3868 τὴν
499 3791 714 3864 φαύλην
741 3786 1090 3860 προαίρεσιν,
1122 3784 1220 3837 καὶ
1252 3779 1399 3852 ζωὴν
1444 3777 1749 3848 μετάμελον
1793 3775 1938 3829 έκεί-

362 3866 447 3959 νιρ
483 3881 865 3956 παρεχομένην
911 3877 1059 3931 nu:
1087 3872 1377 3944 διηνεκῶς.
1414 3869 1490 3924 Τὸ
1526 3869 1636 3939 γὰρ
1675 3867 1752 3937 μὴ
1791 3866 1937 3919 κατά

366 3957 564 4049 καιρὸν
601 3974 792 4045 χάριεν
839 3970 1051 4050 λυπεῖνῖ
1082 3965 1302 4033 ἀνάγκη
1336 3959 1657 4031 μετέπειτα.
1693 3957 1935 4027 Λήξαντι

367 4045 485 4138 γὰρ
531 4062 822 4121 ἀκολουθεῖ.
849 4045 1183 4121 τούναντίον,
1209 4053 1353 4110 κατὰ
1383 4051 1668 4108 Πλάτωνα.
1699 4048 1809 4104 Καὶ
1839 4045 1935 4101 τοῦ

368 4161 530 4232 ἡδέος
553 4159 616 4212 τδ
642 4152 890 4226 λυπηρὸν
915 4149 1326 4222 διαρκέστερον.
1344 4146 1551 4198 Ἐκεῖνο
1583 4141 1683 4212 μὲν
1720 4140 1827 4210 γὰρ
1856 4139 1938 4210 τῷ

371 4231 482 4322 βίῳ
511 4247 687 4317 τούτῳ
713 4241 1061 4312 συντελευτᾷ,
1102 4239 1170 4310 ἢν
1200 4238 1296 4291 ἐπὶ
1335 4237 1601 4307 μήκιστον
1648 4231 1778 4302 ἔλθῃ
1805 4231 1935 4301 χρόα

375 4358 487 4397 νον·
515 4342 576 4396 τὸ
611 4340 666 4393 δὲ
713 4335 921 4390 λυποῦν
969 4330 1394 4402 συμπαραμένει
1423 4331 1491 4402 τῇ
1541 4327 1711 4402 ψυχῇ.
1753 4325 1939 4388 Οὕτως

375 4434 700 4504 ἀσύμφορον
745 4429 808 4482 τὸ
847 4426 1042 4491 κακδν,
1073 4401 1219 4492 λέγω
1247 4422 1310 4493 δὴ
1339 4422 1402 4475 τὸ
1437 4401 1763 4482 τοῖςίκακοῖς
1794 4419 1942 4488 ἡμᾶς

375 4527 575 4588 αὐτοὺς
612 4520 900 4576 ἐκδιδόναι.
941 4518 1004 4570 Εί
1047 4514 1124 4585 μὴ
1170 4514 1281 4583 γάρ
1313 4511 1550 4581 έμαυτδν
1581 4509 1798 4579 ὲκδοίην
1826 4509 1943 4567 τοῖς

2031 3343 2086 3389 ει
2114 3335 2338 3395 virtute,
2395 3338 2749 3401 posteaquam
2783 3336 2936 3392 recte.
2963 3321 3282 3392 cognoverit
3327 3336 3445 3372 eam
3475 3332 3598 3370 esse

2030 3427 2233 3483 bonum
2260 3424 2562 3494 quidpiam,
2587 3420 2800 3489 sibique
2821 3424 3132 3484 cognatum,
3162 3429 3268 3466 non
3288 3419 3460 3480 potest
3490 3425 3601 3462 non

2031 3533 2219 3573 amore
2276 3514 2554 3586 prosequi.
2589 3511 2692 3576 Qui
2725 3525 2858 3577 ergo
2889 3505 3208 3562 vitiositatis
3257 3511 3341 3557 est
3363 3502 3509 3555 velut
3543 3500 3600 3552 iu

2032 3608 2416 3680 contubernio,
2473 3605 2614 3658 miro
2652 3601 2890 3670 quodam
2915 3611 2966 3653 et
2996 3597 3235 3652 absurdo
3269 3592 3497 3647 affectus
3525 3601 3608 3644 est

2035 3699 2218 3764 modo,
2270 3713 2394 3751 cum
2432 3691 2718 3749 sententiis
2779 3690 2950 3744 animi
3000 3688 3251 3742 bifariam
3281 3685 3604 3738 scindatur:

2037 3789 2280 3856 adeoque
2311 3801 2499 3855 parum
2527 3784 2700 3848 abest,
2719 3787 2860 3850 quod
2889 3781 3066 3848 ipsum
3091 3777 3304 3836 attinet,
3323 3773 3452 3843 quin
3478 3772 3610 3827 ani-

2038 3879 2199 3950 gmati
2229 3877 2423 3930 similis
2451 3876 2541 3929 sit.
2568 3872 2700 3928 Nam
2725 3869 2888 3926 simul
2916 3869 3154 3936 seipsum
3190 3876 3241 3919 et
3265 3864 3600 3934 diligil,cum

2038 3979 2287 4024 naturam
2314 3965 2540 4021 inliciari
2562 3971 2814 4030 nequeat,
2838 3971 2893 4015 ει
2914 3959 3021 4016 alio
3044 3957 3205 4010 modo
3220 3955 3453 4024 quodam
3469 3955 3606 4016 odit,

2038 4061 2336 4117 voluntatis
2361 4072 2544 4128 pravae
2574 4070 2781 4119 causa;
2813 4053 3090 4120 vitamque
3140 4057 3400 4119 perpetuo
3430 4046 3612 4115 paeni-

2039 4155 2263 4212 tentiam
2289 4153 2336 4208 ei
2369 4151 2670 4221 parientem
2700 4148 2893 4218 exigit.
2921 4143 3056 4198 Nam
3088 4142 3229 4210 quod
3267 4142 3461 4195 bonum
3499 4155 3609 4192 non

2041 4259 2144 4313 est,
2199 4261 2306 4316 quo
2342 4253 2586 4313 tempore
2637 4239 2940 4309 peragitur,
2970 4236 3020 4289 id
3072 4234 3328 4302 deinceps
3362 4233 3612 4286 dolorem

2043 4341 2226 4409 gignat
2272 4347 2507 4390 necesse
2534 4341 2656 4395 est;
2695 4340 2980 4399 postquam
3013 4327 3158 4382 enim
3205 4323 3394 4389 desiit,
3429 4322 3608 4377 diverv

2044 4444 2163 4483 sum
2198 4428 2465 4496 sequitur,
2502 4433 2560 4478 ut
2594 4422 2672 4474 ait
2721 4419 2894 4474 Plato.
2931 4417 3000 4472 Et
3037 4416 3191 4470 dolor
3220 4416 3498 4484 voluptate
3515 4416 3616 4468 dn-

2049 4517 2273 4573 rabilior
2294 4525 2397 4569 est.
2428 4512 2551 4566 Haec
2585 4512 2729 4566 enim
2759 4526 2883 4564 cum
2907 4509 3010 4563 hac
3035 4509 3144 4562 vita
3178 4500 3399 4571 desinit,
3425 4505 3471 4560 si
3493 4519 3614 4559 ma-

373 4619 477 4674 οῦκ
503 4617 812 4685 ὀνήσουσιν,
843 4609 944 4662 οὐκ
978 4606 1056 4672 ,ἂν
1082 4606 1266 4657 ἐκεῖνα
1294 4603 1515 4656 δύναιτο
1559 4600 1845 4670 βλάπτειν.
1879 4598 1931 4650 Ὅ

2051 4602 2193 4656 xime
2241 4602 2565 4655 diuturnum
2619 4606 2836 4666 tempus
2862 4596 3130 4665 attingat;
3189 4602 3245 4648 at
3277 4607 3406 4648 vero
3461 4593 3622 4645 dolor

379 4711 567 4780 μέντοι
592 4703 830 4776 χρηστὸς
858 4699 1146 4767 ἀνθρωπος
1177 4695 1318 4762 φιλεῖ
1355 4693 1454 4762 μὲν
1493 4691 1750 4761 καθαρῶς
1781 4689 1946 4743 αὑτὸν

374 4802 479 4869 τῆς
504 4798 636 4868 περὶ
664 4795 733 4847 τὰ
777 4791 1086 4862 πράγματα
1132 4784 1380 4854 γνώμης.
1421 4783 1684 4854 ἡδόμενος
1729 4781 1790 4834 δὲ
1821 4781 1942 4835 δια-

376 4892 528 4945 τελεῖ
553 4887 750 4957 ἡδονὴν
784 4884 884 4936 σὺν
913 4879 993 4949 τῷ
1023 4877 1176 4947 καλῷ
1207 4877 1323 4938 τοῖς
1358 4875 1454 4943 τῆς
1486 4873 1788 4942 εὐθύτητος
1816 4871 1945 4942 τρό-

377 4999 531 5044 ποις.
557 4980 630 5032 οὺ
655 4977 949 5044 διαιρεῖται
973 4972 1101 5032 τοὺς
1133 4968 1449 5038 λογισμοὺς.
1473 4965 1661 5034 ὥσπερ
1686 4966 1714 5018 ὁ
1745 4963 1948 5032 φαῦλος

379 5073 608 5131 ἐκεῖνος’
643 5065 760 5119 ἀλλ’
789 5063 937 5115 ἐστιν
970 5060 999 5112 ὁ
1025 5057 1188 5119 αὐτὸς
1213 5051 1322 5121 ἀεὶ,
1365 5055 1460 5108 καὶ¹
1486 5054 1688 5124 ἑαυτῷ,
1717 5053 1950 5116 καὶτοῖς

379 5159 550 5214 εἰδόσι
582 5156 875 5226 σύμφωνος
926 5150 1023 5204 ὢν.
1071 5144 1166 5210 Οἷς
1221 5147 1330 5217 γὰρ
1362 5146 1707 5216 θαυμάζουσι
1733 5143 1948 5208 τοῦτον,

380 5249 484 5318 τὴν
511 5245 670 5309 δόξαν
701 5241 852 5311 αύτῷ
877 5237 1218 5293 πιστοῦνται.
1255 5237 1363 5288 Καὶ
1404 5236 1510 5306 μὴν
1539 5237 1567 5288 ό
1595 5235 1774 5288 πάντα
1813 5235 1951 5305 ἀγα-

383 5342 478 5404 θὸς
522 5337 719 5408 φθόνου
775 5335 874 5405 μὲν
917 5329 1190 5397 ἀνώτερος
1220 5328 1446 5396 ἔστηκε,
1485 5327 1675 5396 μίσους
1703 5326 1761 5379 δὲ
1795 5325 1950 5388 ἐκτός

386 5437 528 5497 ἔστι,
569 5432 666 5485 καὶ
709 5425 928 5481 elavon
967 5422 1266 5492 ἀπέχθειαν
1307 5420 1440 5490 παρ’
1470 5421 1649 5473 οὐδέσι
1692 5420 1952 5490 κέκτηται

386 5523 497 5575 τῶν
539 5521 962 5590 σωφρονούντων
1015 5512 1357 5582 ἀνθρώπων·
1415 5512 1534 5564 ἀλλ’
1579 5511 1694 5580 ἔχει
1746 5511 1954 5572 πάντας

389 5611 519 5681 ἑξῆς
547 5611 790 5671 ἐκείνους
819 5608 914 5660 καὶ
946 5603 1305 5676 βουλομένους
1330 5603 1423 5654 καὶ
1452 5603 1783 5669 εὐχομένους
1807 5601 1954 5670 αὐτῷ

387 5707 458 5756 τὰ
491 5701 756 5754 κάλλιστά
798 5715 857 5751 τε
888 5699 984 5751 καὶ
1019 5694 1327 5764 τιμιώτατα
1359 5693 1446 5746 διὰ
1481 5693 1579 5763 τὴν
1613 5694 1709 5760 τῆς
1749 5694 1956 5763 ἀρετῆς

390 5794 733 5863 τελειότητα,
785 5792 822 5862 ἦ
880 5807 940 5842 τε
990 5788 1167 5858 τούτῳ
1197 5788 1445 5855 γίγνεται
1486 5787 1709 5855 κόσμος,
1743 5789 1839 5838 καὶ
1863 5787 1956 5854 ὑφ’

340 5889 342 5892 ’
395 5877 458 5940 οὗ
482 5883 542 5939 τδ
574 5884 688 5938 εσον
719 5880 858 5953 αὕτη
885 5881 1178 5952 λαμὸἀνει.
1223 5879 1333 5934 Καὶ
1358 5878 1418 5933 τό
1454 5877 1520 5949 δὴ
1551 5877 1812 5947 μέγιστον
1858 5877 1953 5932 καὶ

2047 4708 2170 4747 cum
2197 4692 2315 4761 ipso
2339 4689 2721 4744 duratanitno.
2743 4686 2927 4757 Usque
2951 4686 3089 4740 adeo
3113 4683 3335 4738 noxium
3365 4690 3447 4737 est
3467 4683 3612 4750 quod

2048 4785 2250 4838 malum
2271 4783 2370 4836 hoc
2387 4791 2491 4844 est,
2524 4780 2672 4835 vitiis
2704 4785 2916 4833 nosmet
2963 4776 3215 4831 addicere
3246 4790 3260 4826 :
3287 4772 3485 4840 quippe
3508 4773 3615 4825 nisi

2049 4877 2317 4945 meipsuui
2347 4873 2659 4928 addicerent
2687 4886 2794 4925 non
2827 4869 3153 4939 profuturis,
3174 4865 3261 4918 illa
3304 4877 3390 4916 me
3420 4863 3614 4916 laedere

2053 4966 2203 5020 nullo
2229 4963 2399 5018 modo
2430 4969 2676 5033 possent.
2707 4959 2890 5012 Bonus
2913 4967 3094 5011 autem
3129 4954 3212 5007 vir
3229 4961 3282 5006 et
3303 4953 3480 5020 diligit
3503 4954 3616 5004 sin-

2053 5069 2178 5109 cere
2213 5053 2475 5121 seipsum,
2516 5058 2741 5119 pr0pter
2769 5045 2824 5098 id
2853 5045 2921 5098 de
2972 5042 3135 5096 rebus
3164 5039 3471 5110 judicium,
3503 5055 3616 5109 quo

2057 5144 2316 5216 praeditus
2358 5150 2462 5206 est,
2487 5150 2542 5194 et
2564 5140 2838 5206 voluptate
2870 5139 3128 5203 perpetua
3151 5129 3347 5184 fruitur
3367 5145 3488 5184 cum
3519 5133 3620 5185 hn-

2055 5244 2232 5294 nesto,
2260 5246 2360 5286 nec
2393 5230 2514 5286 sine
2557 5228 2691 5283 recti
2725 5225 2970 5288 ratione;
3011 5235 3118 5275 non
3170 5219 3322 5275 illius
3381 5220 3621 5289 Improbi

2055 5340 2209 5380 more
2258 5321 2681 5393 cogitationibus
2730 5315 3015 5382 dividitur,
3079 5313 3174 5369 sed
3229 5327 3445 5382 semper
3471 5314 3618 5368 idem

2055 5426 2157 5480 est,
2189 5428 2352 5484 atque
2377 5422 2486 5466 tam
2531 5425 2716 5466 secum
2749 5407 2869 5478 ipse
2908 5420 3072 5478 quam
3118 5419 3244 5460 cum
3277 5403 3384 5469 iis,
3419 5405 3626 5474 quibus

2057 5519 2140 5562 est
2169 5515 2350 5570 notus,
2383 5499 2680 5566 consentit,
2709 5499 2912 5569 quippe
2936 5499 3065 5554 dum
3096 5497 3375 5552 hominem
3418 5496 3492 5550 illi
3521 5497 3622 5549 ad-

2061 5599 2347 5661 mirantur,
2374 5594 2694 5663 Opinionem
2729 5591 2850 5660 ejus
2887 5590 3239 5645 confirmant.
3273 5587 3414 5652 Quin
3453 5589 3624 5639 etiam

2059 5673 2284 5744 omnino
2311 5690 2488 5742 bonus
2535 5686 2626 5740 ille
2685 5699 2853 5754 supra
2887 5697 3107 5738 omnem
3129 5681 3342 5751 positus
3371 5686 3455 5732 est
3483 5679 3624 5730 invi.-

2061 5782 2229 5843 diaui,
2259 5790 2312 5833 et
2330 5779 2459 5833 odio
2483 5785 2657 5842 caret,
2696 5791 2800 5830 nec
2831 5774 3155 5830 inimicitias
3190 5771 3354 5826 ullius
3376 5769 3530 5839 probi
3562 5785 3631 5822 ac

2064 5871 2299 5928 modesti
2345 5867 2582 5926 bominis
2609 5867 2907 5938 experitur:
2947 5864 3042 5921 sed
3067 5876 3262 5920 omnes
3287 5861 3466 5918 boues
3499 5876 3631 5931 erga
