3978 6588
480 499 588 566 M9

1655 502 2050 566 MANUELIS
2088 499 2534 567 PALRLOLOGI

3623 503 3764 572 £2)

484 634 544 671 se
585 615 665 672 sic
699 615 920 671 allectos
961 614 1144 681 habet,
1194 616 1320 671 utei
1359 627 1466 670 tum
1491 627 1718 687 optima,
1756 627 1866 673 tum
1895 619 2035 674 bone

2170 613 2471 689 ὐπερφυές,
2503 618 2828 688 φιλούμενός
2850 621 2998 673 ἐστιν
3023 617 3180 684 οὗτος
3205 620 3304 690 οὐχ
3333 621 3512 692 ἐαυτῷ
3544 623 3758 693 μόνον.

481 707 725 762 stissima
757 721 986 777 quaeque
1024 707 1193 760 velint
1216 715 1269 761 et
1302 714 1524 776 optent,
1555 706 1625 762 ob
1654 706 2046 776 perfectionem

479 801 723 861 virtutis,
767 815 888 867 qua:
921 808 978 852 ut
1005 797 1081 852 illi
1133 808 1458 855 ornamento
1482 809 1586 865 est,
1615 801 1695 854 sic
1730 810 1784 854 et
1819 791 1936 870 ipsa
1968 801 2052 854 vi-

478 889 665 942 cissim
695 890 763 941 ab
789 903 854 941 eo
894 903 992 958 par
1039 899 1416 944 ornamentum
1445 891 1661 960 accipit.
1716 889 1872 956 Quod
1900 891 2054 945 deni-

477 965 584 1048 que
611 978 914 1032 maximum
950 987 1002 1033 et
1035 979 1247 1049 insigne
1263 981 1520 1048 quiddam
1559 989 1663 1046 est,
1693 996 1798 1036 nou
1825 982 1912 1036 Iric
1941 998 1970 1037 a
1995 998 2054 1037 se

478 1070 598 1138 ipso
623 1079 835 1123 tantum
899 1071 1167 1138 diligitur,
1192 1081 1245 1125 et
1287 1071 1445 1126 bouis
1487 1072 1645 1136 viris,
1673 1087 1860 1128 verum
1887 1078 2050 1129 etiam

476 1163 667 1227 malis;
727 1177 828 1215 nec
869 1162 919 1214 id
977 1178 1110 1217 sane
1159 1163 1859 1228 mirum.Quentadmodnm
1889 1166 2033 1220 enim

479 1256 642 1307 homo
669 1269 870 1322 pravus
904 1262 1066 1306 etiam
1100 1255 1198 1322 ipsi
1233 1255 1340 1309 sibi
1365 1265 1448 1310 est
1473 1257 1598 1311 odio
1630 1269 1852 1327 propter
1879 1259 2053 1313 vitio-

475 1347 715 1411 sitatem,
737 1345 928 1400 eodem
954 1347 1115 1400 modo
1147 1347 1324 1403 bonus
1349 1349 1416 1402 ab
1441 1349 1704 1418 improbis
1723 1366 1939 1420 quoque
1963 1350 2049 1404 di-

473 1441 678 1510 Iigilur,
698 1443 826 1495 °cmn
861 1441 928 1495 ab
949 1442 1030 1496 eis
1060 1441 1184 1496 talis
1224 1457 1344 1498 esse
1377 1444 1711 1513 conspicitur
1745 1447 1921 1514 qualis
1942 1454 2048 1500 est.

473 1531 676 1601 Nequit
706 1539 889 1587 autem
936 1533 1049 1586 ﬁeri
1085 1542 1145 1586 ut
1203 1535 1368 1589 situm
1419 1551 1582 1605 supra
1617 1546 1856 1593 montem
1889 1538 2049 1605 oppi-

472 1621 602 1677 dum
650 1623 1037 1676 ahscondatur.
1082 1621 1200 1676 Non
1231 1623 1375 1677 enim
1429 1624 1699 1692 permittit
1729 1625 1870 1678 Deus
1902 1632 1960 1677 ut
1993 1623 2046 1677 in

473 1713 691 1768 occulto
746 1714 919 1769 virtus
957 1713 1224 1782 patefacta
1281 1715 1489 1769 nemini
1539 1724 1775 1780 maneat,
1821 1731 1944 1770 cum
1991 1723 2050 1769 ut

475 1809 648 1876 ipsam
669 1805 880 1860 honore
901 1804 1120 1868 alliciat,
1150 1813 1208 1859 ut
1226 1807 1484 1875 equidem
1509 1807 1770 1873 arbitror,
1791 1816 1845 1864 et
1871 1807 2045 1862 alum—

469 1914 599 1952 num
645 1898 787 1967 ejus,
827 1907 938 1951 tum
975 1905 1034 1951 ut
1059 1912 1253 1954 omnes
1308 1899 1374 1953 ad
1410 1899 1613 1954 bonum
1640 1901 1860 1955 excitet.
1889 1900 2047 1969 COgil

468 1989 615 2044 enim
649 1990 825 2044 modis
851 1989 1107 2044 omnibus
1154 1997 1212 2043 ut
1240 1989 1463 2044 domum
1501 2004 1655 2045 suam
1692 1991 1936 2045 convivis
1959 2007 2046 2046 re-

469 2086 633 2154 pleat,
676 2097 745 2137 ne
784 2082 851 2136 ab
903 2082 997 2134 illo
1027 2081 1227 2135 eximio
1279 2082 1568 2151 quisquam
1600 2079 1757 2151 epulo
1792 2083 2046 2140 exclusus

471 2177 634 2231 absit.
672 2174 838 2243 Atqui
874 2173 920 2226 si
950 2173 1125 2226 virtus
1163 2170 1288 2228 aliis
1311 2175 1617 2242 pateﬁeret,
1651 2190 1750 2229 nec
1787 2175 2045 2245 diligere?

469 2275 557 2322 tur
585 2283 614 2320 a
645 2281 944 2338 quoquam,
977 2279 1075 2320 nec
1094 2264 1442 2318 admirationi
1467 2272 1634 2329 esset,
1665 2266 1838 2320 instar
1859 2267 2047 2336 splen-

467 2359 646 2413 dentis
695 2357 837 2417 auri,
877 2355 1020 2426 quod
1059 2356 1240 2409 adhuc
1287 2363 1448 2409 terra:
1489 2358 1813 2424 permistqu
1855 2366 1959 2421 est,
1992 2365 2045 2410 et

465 2465 692 2521 genuine
721 2448 1026 2518 pellucide,
1055 2448 1108 2500 in
1144 2447 1384 2502 tenebris
1407 2447 1526 2502 sitae
1555 2466 1567 2501 :
1614 2449 1725 2502 imo
1753 2448 1934 2516 potius
1968 2463 2033 2502 ex

463 2557 548 2606 ea,
602 2555 949 2609 nequaquam
987 2539 1308 2592 inmedium
1341 2539 1629 2607 producta,
1672 2554 1831 2592 nemo
1868 2555 2026 2609 pror-

469 2646 566 2686 sus
592 2631 726 2685 lucri
756 2629 1054 2700 quidquam
1087 2643 1283 2697 capere
1310 2639 1533 2698 posset;
1556 2629 1757 2700 quippe
1779 2631 2044 2684 virtusin-

463 2723 650 2778 eﬂicax
683 2723 832 2777 omni
853 2731 1001 2776 caret
1027 2731 1380 2786 ornamento,
1411 2723 1632 2792 quando
1670 2737 1736 2776 ne
1759 2723 1889 2793 lyrae
1915 2724 2041 2793 qui-

462 2816 583 2869 dem
616 2825 762 2870 recte
790 2817 1074 2868 instructa:
1106 2815 1254 2868 ullus
1285 2824 1367 2868 est
1409 2831 1564 2879 usus,
1595 2816 1641 2870 si
1675 2831 1831 2870 nemo
1855 2815 1926 2871 sit
1948 2817 2040 2886 qui

461 2905 700 2958 chordas
755 2905 926 2972 perite
959 2905 1157 2972 pulset.
1196 2902 1327 2957 Nam
1353 2906 1570 2975 egregia
1605 2921 1693 2960 res
1723 2906 1898 2962 virtus
1931 2917 2036 2971 est,

461 2996 740 3064 egregium
773 2996 1034 3063 quiddam
1061 2997 1279 3051 virtutis
1305 2997 1520 3062 cultor;
1566 2998 1660 3052 sed
1697 2999 1932 3052 alterum
1963 3001 2040 3052 al-

466 3086 637 3141 terius
664 3087 906 3157 indiget,
935 3089 999 3142 ad
1033 3105 1226 3143 manus
1260 3100 1422 3156 atque
1448 3091 1687 3145 dolabrae
1717 3093 2038 3146 similitudi-

464 3194 610 3232 nem.
645 3179 740 3234 Est
761 3191 938 3234 autem
968 3184 1181 3250 proprie
1199 3183 1372 3236 virtus
1396 3185 1596 3236 bonum
1620 3183 1764 3252 quod
1784 3200 1813 3237 a
1835 3185 2039 3239 sciente

2155 709 2249 760 καὶ
2290 710 2404 770 τοῖς
2443 707 2676 779 ἀνδράσι
2727 710 2840 770 τοῖς
2875 709 3126 776 ἀγαθοῖς,
3175 709 3311 764 ἀλλὰ
3359 711 3427 782 δὴ
3469 713 3567 765 καὶ
3615 716 3764 776 τοῖς

2154 802 2366 863 κακοίς.
2425 801 2532 854 Καὶ
2579 800 2741 855 τοῦτο
2786 803 2849 856 οὐ
2884 801 3226 872 θαυμαστόν.
3267 805 3540 878 Καθάπερ
3565 806 3671 876 γὰρ
3710 809 3756 861 ὁ

2156 892 2398 960 πονηρδς
2429 891 2720 962 ἄνθρωπος
2756 892 2853 946 καὶ
2895 893 3076 964 ἐαυτῷ
3105 895 3336 966 μισητός
3365 897 3482 950 ἐστι
3507 898 3595 951 διά
3625 898 3750 967 τὴν

2152 984 2376 1046 κακίαν,
2408 985 2620 1038 τουτονὶ
2667 984 2761 1038 τὸν
2805 983 3012 1054 τρόπον
3038 985 3067 1037 6
3095 986 3303 1053 ἀγαθὸς
3343 989 3437 1040 καὶ
3472 988 3580 1041 ὑπὸ
3612 990 3743 1040 τῶν

2155 1076 2378 1142 φαύλων
2409 1078 2648 1147 φιλεῖται
2675 1116 2688 1142 ,
2724 1077 2917 1152 φανεὶς
2949 1077 3182 1142 ἐκείνοις
3205 1072 3319 1142 οἶός
3345 1081 3516 1136 ἐστιν.
3563 1080 3739 1136 Ἀδύο

2152 1183 2311 1219 νατον
2351 1166 2407 1219 δέ
2455 1167 2726 1238 κρυϐῆναι
2766 1166 2956 1232 πόλιν,
2994 1167 3181 1222 ἐπάνω
3225 1169 3386 1240 ὅρους
3435 1171 3731 1238 κειμένην.

2167 1259 2224 1310 '0
2255 1258 2366 1328 γὰρ
2398 1257 2530 1322 Θεὸς
2558 1260 2658 1329 τὴν
2685 1259 2889 1330 ἀρετὴν
2916 1262 3017 1316 οὐκ
3047 1262 3423 1316 ἀνεπίδεικτον
3447 1263 3738 1332 συγχωρεῖ

2155 1349 2364 1421 μένειν⁹
2397 1349 2566 1422 αὐτὴν
2588 1369 2671 1417 τε,
2701 1347 2876 1422 οἶμαι,
2902 1353 3102 1424 τιμῶν,
3139 1355 3236 1408 καὶ
3271 1355 3364 1408 τὸν
3387 1354 3562 1424 αὐτῆς
3597 1357 3728 1423 τρό-

2153 1460 2343 1513 φιμον,
2406 1443 2501 1495 καὶ
2548 1443 2686 1513 πρός
2725 1461 2788 1511 γε
2829 1443 2909 1498 ἔτι
2942 1446 3280 1515 παρακαλῶν
3307 1447 3390 1508 είς
3417 1445 3479 1498 τὸ
3506 1447 3723 1513 ἀγαθὸν

2151 1534 2420 1596 ἅπαντας.
2468 1534 2796 1602 Ἀναγκάζει
2853 1535 2964 1606 γὰρ
3013 1537 3193 1591 πάντα
3227 1527 3467 1603 τρόπον,
3505 1537 3576 1591 ἵν’
3611 1540 3715 1606 ἐμο

2150 1623 2334 1694 πλήσῃ
2359 1624 2701 1693 δαιτυμόνων
2725 1623 2875 1694 αὐτῷ
2922 1626 3016 1679 τὸν
3065 1621 3235 1693 οἶκον,
3263 1628 3340 1687 ὡς
3370 1625 3571 1697 μηδένα
3597 1643 3733 1679 «στε-

2153 1713 2392 1786 ρηθῆναι
2460 1715 2558 1784 τῆς
2592 1715 2763 1785 καλῆς
2799 1715 3004 1787 θοίνης.
3039 1719 3148 1771 Καὶ
3186 1718 3293 1789 μὴν
3348 1719 3396 1771 εί
3447 1717 3732 1771 ἀνεπτδει-

2157 1822 2284 1868 κτος
2337 1801 2405 1874 ἦν
2449 1807 2482 1874 ὴ
2514 1805 2704 1875 ἀρετὴ,
2735 1804 2846 1859 οὔτ’
2892 1805 2960 1860 ἂν
3004 1806 3143 1870 ὅλως
3197 1809 3454 1875 tgna-laico,
3506 1807 3623 1860 οὔτ’
3661 1809 3732 1860 ἂν

2154 1894 2497 1963 ἐθαυμάζετο
2542 1900 2674 1964 παρ’
2699 1895 3010 1948 οὑτινοσοῦν
3062 1896 3172 1948 τῶν
3229 1897 3504 1950 ἁπάντων·
3531 1897 3729 1966 ὥσπερ

2151 1985 2245 2037 καὶ
2280 1985 2486 2056 χρυσὸς
2539 1985 2794 2056 λαμπρὸς
2821 2026 2836 2051 ,
2885 1990 2953 2056 τῇ
3003 1989 3072 2058 γῇ
3128 1987 3436 2058 φυρόμενος
3471 1987 3593 2053 ἐτι,
3631 1990 3730 2040 καὶ

2148 2076 2420 2146 διαφανής
2457 2093 2543 2140 τις
2591 2077 2761 2142 λίθος,
2797 2079 2853 2130 ἐν
2901 2078 3082 2132 σκότει
3109 2079 3386 2150 κείμενος.
3423 2080 3647 2132 Μᾶλλον
3673 2080 3731 2132 is

2147 2167 2260 2218 οὐδ’
2298 2168 2364 2220 ἂν
2401 2163 2480 2232 εἷς
2519 2164 2666 2238 εἶχεν
2705 2170 2764 2234 ἐξ
2809 2171 3025 2240 ἐκείνης
3065 2171 3125 2224 τὸ
3172 2171 3433 2240 παράπαν
3461 2172 3728 2240 κερδᾶναί

2146 2275 2220 2321 τι,
2279 2259 2547 2328 μηδαμῶς
2594 2261 3066 2332 ἐπιδεδειγμένης.
3105 2263 3300 2333 Ἀρετὴ
3347 2264 3458 2332 γάρ
3496 2265 3721 2333 ἀνενέρ-

2146 2368 2312 2421 γητος
2342 2353 2693 2421 ἀμωσγέπως
2734 2353 3012 2424 ίάκοσμος.
3058 2355 3180 2408 Ὀτι
3219 2356 3312 2408 καὶ
3343 2355 3524 2419 καλῶς
3549 2357 3722 2426 ἡρμο-

2147 2441 2358 2509 σμένης
2411 2440 2584 2512 λύρας
2641 2441 2796 2495 οὐδὲν
2830 2442 3043 2512 ὄφελος,
3093 2444 3190 2497 τοῦ
3231 2445 3330 2508 τὰς
3376 2445 3574 2516 χορδὰς
3601 2445 3719 2515 μετ’

2145 2533 2463 2602 ἐπιστήμης
2501 2532 2820 2602 κινήσοντος
2859 2533 3132 2605 μηδαμῶς
3169 2535 3341 2599 ὄντος.
3385 2536 3570 2590 Καλὸν
3623 2537 3722 2607 μὲν

2145 2625 2253 2694 γὰρ
2293 2625 2324 2692 ἡ
2361 2624 2551 2695 ἀρετὴ,
2587 2625 2753 2678 καλὸν
2775 2613 2832 2678 δέ
2855 2629 2883 2679 6
2902 2626 3112 2695 ταύτης
3140 2627 3379 2698 ἐργάτης
3403 2643 3418 2660 ο
3449 2628 3625 2683 δεῖται
3661 2628 3720 2682 δέ

2131 2714 2396 2783 ’ἀλλήλων
2438 2716 2699 2786 ἑκάτερα,
2741 2718 2884 2770 κατά
2909 2717 3010 2787 τὴν
3034 2719 3136 2787 τῆς
3167 2719 3360 2789 ἀξίνης
3396 2737 3456 2772 τε
3486 2721 3584 2800 καὶ
3605 2738 3721 2790 χει-

2146 2806 2236 2878 ρὸς
2281 2806 2488 2860 είκόνα.
2531 2807 2705 2861 Τοῦτο
2734 2809 2792 2862 δέ
2827 2809 2942 2864 ἐστι
2983 2811 3191 2882 κυρίως
3222 2813 3255 2884 ἡ
3287 2813 3492 2884 ἀρετὴ.
3538 2815 3601 2868 τδ
3637 2817 3722 2877 δι-

2145 2916 2232 2952 ενε
2243 2899 2549 2970 ργούμενον
2575 2900 2781 2968 ἀγαθὸν
2807 2903 2950 2956 κατά
2970 2919 3033 2971 γε
3067 2903 3292 2972 γνῶσιν,
3317 2906 3410 2957 καὶ
3427 2905 3718 2976 πρόθεσιν,

2143 2994 2240 3046 καὶ
2266 2991 2405 3058 ἐξινο
2437 2995 2534 3045 καὶ
2571 2992 2828 3061 ἐνάρετος
2865 2993 3006 3065 ἀνὴρ
3041 2996 3069 3047 6
3103 2994 3201 3066 τὴν
3239 2995 3444 3066 ἀρετὴν
3479 2999 3720 3068 νομίζων

2142 3085 2363 3136 πάντων
2416 3081 2643 3152 ἄριστον
2682 3078 2848 3149 εῖναι,
2894 3085 2992 3136 καὶ
3024 3083 3195 3153 φιλῶν
3232 3084 3293 3137 τὸ
3336 3087 3581 3155 ἄριστον,
3614 3088 3718 3140 καὶ

2143 3174 2316 3227 ποιῶν
2346 3175 2373 3227 ὅ
2404 3191 2466 3243 γε
2506 3176 2677 3252 φιλεῖ,
2716 3175 2810 3228 καὶ
2839 3177 3004 3246 ἡδέως
3033 3175 3194 3231 τοῦτο
3233 3179 3508 3246 πράττων.
3544 3176 3720 3245 Οὗτος

460 3287 527 3325 ac
585 3272 854 3341 prudente
889 3288 954 3326 ex
999 3273 1163 3325 animi
1220 3273 1497 3342 proposito
1526 3284 1578 3326 et
1607 3275 1790 3328 habitu
1822 3276 2037 3344 perficio

2148 3266 2426 3336 εὐδαίμων
2473 3267 2549 3330 ὡς
2590 3268 2826 3338 ἀληθῶς·
2864 3261 3021 3331 οὗτος
3056 3268 3294 3340 ζηλωτὴς
3344 3267 3402 3324 εὖ
3435 3272 3717 3341 φρονοῦσιο

463 3367 583 3425 tur;
621 3359 921 3429 itidemque
956 3361 1038 3413 vir
1070 3361 1333 3430 praeditus
1375 3362 1592 3425 virtute,
1651 3363 1745 3432 qui
1778 3365 2033 3421 virtutem

457 3451 735 3505 exisdinat
801 3467 925 3506 esse
994 3468 1108 3506 rem
1171 3454 1418 3507 omnium
1496 3456 2033 3523 prze5tantissimam,

460 3546 716 3616 quodque
751 3545 1279 3614 przeslantissimum
1313 3554 1416 3610 est,
1462 3547 1658 3615 diligit,
1691 3548 1910 3616 etquod
1950 3549 2034 3602 di-

417 3633 600 3709 ligit,
653 3640 782 3694 facit
843 3653 906 3693 ac
955 3638 1189 3692 libenter
1239 3639 1456 3708 quidem
1519 3639 1671 3693 facit.
1724 3637 1824 3698 Hic
1848 3655 2035 3695 revera

459 3733 656 3788 beatus
690 3739 795 3799 est,
835 3733 922 3787 hic
954 3742 1101 3785 recte
1125 3730 1503 3802 judicantibus
1533 3732 1892 3787 admirabilis.
1922 3735 2038 3789 Hec

393 3831 398 3835 ‘
455 3835 539 3876 est
565 3839 686 3878 esse
709 3814 926 3890 virum;
964 3824 1068 3878 hoc
1098 3832 1283 3879 nostra
1313 3835 1393 3879 est
1419 3825 1702 3895 perfectio,
1723 3825 1823 3879 hoc
1842 3823 2029 3895 hujus-

457 3932 520 3969 ce
581 3916 704 3969 vitae
751 3915 1020 3978 beatitas,
1083 3916 1342 3984 quoniam
1391 3924 1684 3986 augustum
1734 3917 2033 3987 quiddam,

441 4008 716 4078 quoniam
778 4022 1058 4076 magnum.
1097 4006 1228 4072 Quae
1265 4008 1308 4062 si
1344 4023 1470 4062 vera
1510 4018 1659 4068 sunt.
1731 4024 1841 4078 quo
1874 4019 2036 4078 pacto

457 4114 565 4152 non
591 4099 851 4154 eximium
879 4099 1136 4168 quiddam
1169 4109 1253 4155 est
1281 4103 1464 4164 homo,
1491 4117 1771 4156 sacrarum
1793 4103 2036 4158 ulLitte-

453 4207 642 4246 rarum
667 4192 851 4244 verbis
877 4187 1022 4250 Utar,
1042 4192 1134 4259 qui
1159 4191 1318 4246 bonis
1333 4208 1390 4246 se
1409 4192 1566 4247 factis
1586 4193 1842 4259 oblectat,
1870 4209 1934 4249 ac
1955 4197 2035 4247 vi-

452 4285 663 4342 cissim,
706 4271 930 4351 pravum
966 4283 1249 4351 quiddam,
1299 4285 1390 4352 qui
1432 4285 2036 4356 vitiositatemproipsa

451 4374 605 4428 ducit
630 4383 756 4436 τιιει,
788 4389 910 4426 cum
940 4373 1149 4428 invisus
1196 4376 1268 4428 sit
1292 4386 1344 4426 et
1368 4376 1752 4447 abominabilis
1774 4378 2034 4433 omnibus

454 4467 546 4536 qui
569 4481 692 4520 eum
729 4474 1000 4519 nouerunt
1025 4506 1038 4528 ,
1093 4475 1146 4518 et
1170 4475 1414 4520 suasmet
1449 4469 1804 4538 cogitationes
1837 4470 2036 4525 habeat

453 4558 602 4615 velut
651 4557 882 4621 indices,
921 4559 1206 4626 ipsamque
1247 4559 1668 4622 conscientiam,
1711 4561 2036 4631 incorrupte

2141 3358 2286 3412 τοῦτ’
2319 3360 2480 3429 ἀνὴρ,
2515 3359 2674 3412 τοῦτο
2710 3359 2988 3430 τελειότης
3033 3363 3066 3431 ἡ
3105 3361 3235 3433 παρ’
3263 3364 3419 3433 ἡμῖν,
3451 3367 3484 3434 ἡ
3535 3383 3718 3434 μακα-

2143 3451 2332 3522 ριότης
2363 3450 2459 3504 τοῦ
2490 3452 2619 3522 τῇδε
2660 3451 2777 3522 βίου
2799 3465 2812 3482 ·
2847 3454 2929 3506 ὅτι
2966 3453 3185 3524 σεμνέν,
3213 3455 3294 3508 ὅτι
3330 3457 3496 3525 μέγα.
3529 3458 3640 3511 Καὶ
3667 3461 3718 3511 εί

2140 3543 2312 3595 ταῦτα
2363 3541 2538 3612 ἀληθῆ
2564 3577 2582 3603 ,
2628 3543 2744 3605 πῶς
2801 3543 2861 3595 οὐ
2921 3542 3062 3613 μέγα
3097 3545 3412 3614 ἄνθρωπος,
3443 3549 3585 3601 κατὰ
3611 3549 3718 3617 τὴν

2139 3635 2391 3704 Γραφὴν,
2439 3634 2668 3703 ἀγαθοῖς
2712 3634 2897 3705 ἐργοις
2943 3636 3155 3706 χαίρων
3197 3655 3212 3702 ;
3250 3637 3360 3690 Καὶ
3399 3639 3716 3693 τούναντίον

2141 3725 2348 3795 φαῦλόν
2402 3743 2478 3790 τι,
2524 3727 2552 3778 6
2607 3725 2712 3797 τὴν
2761 3726 2966 3779 κακίαν
2997 3727 3326 3798 ποιούμενος
3357 3729 3539 3800 ἐαυτῷ
3572 3730 3710 3798 βίον·

2138 3818 2215 3871 ὢν
2270 3819 2372 3887 μὲν
2426 3817 2871 3889 ἀπεχθανόμενος
2901 3821 2994 3872 καλ⁵
3037 3819 3322 3890 βδελυκτὸς
3357 3824 3472 3885 τοῖς
3513 3823 3713 3876 εἰδόσιν

2137 3911 2301 3963 αὑτὸν
2326 3909 2556 3976 ἅπασιν,
2583 3909 2663 3962 ὢν
2690 3909 2747 3962 δέ
2772 3911 2868 3963 καὶ
2892 3912 3016 3974 τοὺς
3041 3909 3336 3980 λογισμοὺς
3369 3928 3540 3982 κεκτη
3552 3915 3713 3981 μένος

2139 4002 2330 4073 ὥσπερ
2363 4002 2650 4071 ἐλέγχους,
2700 4003 2795 4056 καὶ
2823 4002 2882 4055 τὸ
2914 4003 3154 4090 συνειδὸς
3187 4003 3411 4069 δικάζον
3437 4005 3713 4059 ἀδέκαστά

2137 4111 2195 4146 τε
2225 4095 2324 4147 καὶ
2350 4094 2730 4163 ἀπαραίτητα.
2769 4092 2899 4146 Ὀτε
2965 4091 3145 4148 τοίνυν
3173 4095 3328 4148 ταῦθ’
3363 4095 3538 4159 οὕτως
3571 4097 3708 4165 ἔχει,

2136 4185 2384 4255 δηλονότι
2420 4186 2635 4253 πέφυκε
2680 4184 2827 4248 ἅπας
2858 4184 3149 4254 ἄνθρωπος
3177 4181 3316 4239 εἶναι
3351 4187 3448 4255 μὲν
3480 4190 3712 4257 μισοπό‹

2137 4290 2326 4344 νηρος,
2369 4269 2510 4329 εἶναι
2548 4274 2603 4327 δὲ
2640 4274 2934 4342 φιλόκαλος
2966 4295 2975 4307 ι
3017 4278 3110 4327 καὶ
3138 4277 3444 4346 συμφώνως
3493 4278 3710 4348 ἔχουσιν

2136 4363 2397 4428 ἅπαντες,
2427 4365 2511 4418 ὅτι
2543 4364 2709 4418 καλὸν
2747 4366 2778 4434 ή
2817 4365 3012 4434 ἀρετὴ,
3047 4367 3141 4418 καὶ
3169 4367 3342 4420 κακὸν
3371 4370 3403 4439 ἡ
3445 4369 3707 4438 πονηρία.

2139 4456 2271 4525 Περὶ
2304 4455 2361 4508 δέ
2415 4455 2512 4516 τὰς
2546 4455 2756 4524 κρίσεις
2806 4455 3264 4525 διαμαρτάνουσι,
3302 4459 3397 4511 καὶ
3428 4459 3709 4530 διαιροῦν-

2136 4563 2228 4600 ται
2257 4547 2386 4608 τοὺς
2432 4546 2604 4615 βίους,
2651 4547 2809 4599 ἐνίων
2855 4549 3176 4617 ἡγουμένων
3207 4550 3269 4601 τὺ
3303 4553 3474 4604 κακὸν
3505 4554 3711 4620 ἀγαθὸν

452 4663 751 4719 sever-eque
776 4650 1161 4718 judiCantem?
1202 4649 1461 4705 llasccum
1494 4652 1566 4705 ita
1601 4655 1735 4718 sint,
1767 4652 2024 4706 nimirum

2146 4633 2296 4703 εἶναι,
2325 4639 2403 4709 τῷ
2425 4641 2523 4700 τὰς
2569 4641 2768 4704 κακίας
2814 4644 2932 4703 ταῖς
2964 4643 3186 4710 ἀρεταῖς
3215 4647 3704 4715 παραπεπηγέναι,

449 4757 479 4794 a
508 4751 701 4796 natura
729 4745 809 4796 sic
830 4741 1008 4795 omnis
1039 4742 1199 4795 homo
1221 4753 1571 4811 comparatus
1597 4752 1680 4797 est
1709 4753 1769 4797 ut
1823 4744 2026 4813 impro-

449 4834 673 4887 bitatem
705 4833 907 4897 oderit,
935 4841 988 4886 et
1029 4833 1241 4886 honesti
1275 4834 1456 4887 studio
1491 4842 1772 4898 teneatur;
1802 4849 2025 4888 omnes-

449 4940 557 4996 que
582 4926 958 4990 cunsentiunt,
989 4925 1240 4978 virtutem
1261 4939 1382 4977 esse
1407 4937 1516 4986 rem
1536 4922 1732 4976 bonam
1762 4931 1814 4975 ιι
1834 4923 2034 4992 impro-

447 5013 693 5077 bitatem,
711 5017 931 5068 malam.
950 5012 1006 5066 lu
1020 5012 1317 5080 judicaudo
1337 5023 1463 5062 vero
1483 5007 1768 5072 falluntur,
1791 5007 2030 5062 diversa-

447 5120 556 5174 que
573 5107 785 5160 ιιι-θυιιὶ
806 5120 1004 5174 genera
1025 5102 1383 5163 constituunt,
1415 5101 1542 5152 dum
1565 5099 1732 5169 aliqui
1757 5100 1902 5168 quod
1923 5115 2037 5152 ma-

2133 4732 2230 4784 καὶ
2259 4731 2337 4802 τῷ
2371 4735 2436 4786 τὰ
2483 4733 2797 4798 φαυλότατα
2837 4735 3088 4803 μετέχειν
3139 4735 3381 4800 ἀγαθοῦ,
3412 4736 3488 4800 ὡς
3522 4739 3706 4790 θεόθεν

2134 4825 2492 4897 ὑπηργμένα.
2532 4826 2712 4895 Ὅπερ
2762 4828 2947 4897 ἀπατᾷ
2994 4830 3120 4889 τοὺς
3167 4827 3421 4891 πολλοὺς,
3453 4831 3706 4894 καὶτοὺς

2139 4916 2216 4986 μὴ
2244 4915 2613 4984 προσέχοντας
2645 4915 2854 4982 θέλγει,
2884 4915 2977 4968 καὶ
3025 4915 3162 4986 πρὸς
3195 4916 3294 4988 τὴν
3335 4917 3515 4970 αὐτῶν
3549 4918 3704 4970 ἀπὼ-

2138 5009 2285 5059 λειαν
2315 5007 2494 5070 ἕλκον,
2531 5008 2845 5078 παρασύρει
2893 5025 2952 5058 τε
3013 5011 3108 5060 καὶ
3149 5006 3418 5074 λωϐᾶται,
3453 5008 3705 5079 καθάπερ

2140 5101 2270 5170 ἡμῖν
2309 5101 2525 5170 εἴρηται
2561 5102 2839 5170 καταρχὰς
2888 5099 3069 5156 εὐθύς.

448 5199 563 5252 lum
586 5207 693 5259 est,
715 5197 915 5251 bonum
941 5211 1060 5250 esse
1081 5204 1369 5265 propterea
1403 5201 1616 5261 putant,
1633 5183 1776 5260 quod
1800 5191 1931 5244 vitia
1951 5191 2242 5244 virtutibus
2263 5193 2598 5255 adhaereant,
2624 5209 2685 5246 ae
2707 5192 2953 5261 pessima:
2975 5208 3194 5264 quoque
3219 5209 3305 5248 res
3327 5195 3450 5248 boni
3478 5193 3703 5265 partici-

446 5307 543 5362 pes
567 5294 698 5358 sint,
717 5294 904 5346 veluta
927 5289 1035 5343 Deo
1053 5289 1283 5344 condita!
1305 5306 1316 5341 :
1338 5286 1484 5356 quod
1517 5285 1647 5340 sane
1665 5285 1980 5354 complures
2003 5287 2223 5355 decipit,
2249 5286 2619 5354 animumqua:
2653 5300 2759 5338 non
2788 5285 3132 5341 advertentes
3152 5288 3440 5354 tlrinulcet,
3459 5304 3522 5344 ac
3549 5290 3703 5358 pelli-

449 5390 601 5444 ciens
644 5387 712 5442 ad
758 5389 998 5455 ipsorum
1045 5387 1322 5440 interitum
1368 5393 1712 5438 transversos
1762 5383 1903 5451 rapit
1949 5391 2004 5438 et
2022 5381 2304 5453 depravat,
2353 5382 2816 5451 quemadmodum
2843 5382 2912 5436 ab
2943 5381 3098 5437 initio
3127 5384 3308 5438 statim
3357 5401 3383 5437 a
3420 5387 3575 5441 nobis
3616 5397 3699 5442 est

449 5479 770 5534 indicatum.

1070 5543 1327 5598 ORATIO
1364 5543 1457 5598 lll.

445 5643 523 5699 De
602 5641 910 5703 electione,
991 5638 1155 5707 deque
1228 5637 1572 5698 voluntario,
1671 5644 1780 5687 tum
1877 5637 2017 5705 quod

516 5717 688 5766 malus
754 5725 854 5761 non
900 5720 1093 5760 natura
1139 5723 1231 5759 nec
1278 5707 1623 5770 extrinsecus,
1690 5713 1779 5758 sed
1817 5715 2020 5758 suamet

511 5786 621 5852 ipse
647 5781 805 5852 culpa
828 5781 896 5832 sit
917 5789 1112 5830 maius.

513 5874 678 5937 Satis,
698 5872 916 5941 Opinor,
938 5878 1214 5923 ostensum
1247 5867 1492 5936 estquod
1551 5867 1886 5936 pt'Opusilum
1919 5881 2017 5919 no-
2060 5873 2064 5878 '

441 5967 527 6024 bis
575 5974 734 6027 erat,
794 5965 1064 6031 linemque
1139 5960 1242 6014 sibi
1309 5960 1720 6016 convenientem
1773 5971 2020 6032 assecuta

2765 5539 2980 5592 ΛΟΓΟΣ
3008 5541 3080 5595 Γ⁹.

2129 5633 2266 5703 Περὶ
2322 5632 2726 5703 προαιρέσεως
2768 5631 2900 5703 Δ,καὶ
2943 5631 3271 5688 ἑκουσίουο
3301 5637 3405 5691 καὶ
3465 5638 3553 5691 ὅτι
3587 5638 3698 5693 οὐκ

2195 5700 2264 5756 ἐκ
2295 5720 2560 5775 φυσεως,
2589 5700 2734 5775 οὐδὲ
2756 5701 2984 5766 ἔξωθεν
3012 5707 3044 5756 ό
3083 5707 3294 5770 κακὸς,
3330 5711 3517 5775 αὐτὸς
3552 5708 3697 5765 ἀλλ’

2197 5774 2389 5838 ἑαυτῷ
2415 5777 2608 5829 αιτιοι·
2638 5773 2890 5839 γίνεται.

2199 5867 2476 5918 Δέδεικται
2525 5864 2646 5932 μὲν,
2675 5861 2748 5925 ὡς
2785 5863 3048 5932 ἡγοῦμαι,
3071 5865 3130 5917 τὸ
3170 5868 3538 5938 προκείμενον
3565 5871 3694 5941 ἡμῖν

2131 5958 2480 6022 ἱκανῶςςκαὶ
2522 5959 2695 6025 π’ρας
2727 5955 2752 6005 6
2787 5953 2943 6021 λόγος
2975 5954 3164 6026 εἴληφε
3195 5959 3472 6032 προσῆκον
3519 5959 3688 6029 αὐτῷ·
