3978 6570
295 473 396 537 ΑΗ

1588 456 1873 519 Oit.\'l‘l0
1913 450 2029 515 Iit.

3424 454 3530 514 432

284 586 406 637 ἔστι
442 582 496 637 δὲ
528 583 714 635 λοιπὶν
771 582 960 650 φάναι,
1018 581 1162 635 διατι
1214 582 1264 632 οἱ
1322 578 1420 648 μὲν
1472 579 1667 638 τοῦτο.
1699 576 1748 629 οἱ
1787 575 1843 627 δὲ

1949 567 2145 621 oratio.
2191 567 2396 629 ltrstut,
2425 576 2480 621 ut
2509 582 2847 637 exponamus
2887 566 3239 637 quamobrem
3294 568 3357 637 de
3405 572 3532 638 qui-

283 678 465 729 ἑκεῑνο
495 674 783 744 γινόμεθα,
826 677 959 743 μιᾶς
996 673 1304 744 τιμῆς,καὶ
1354 672 1571 742 φύσεως
1606 669 1851 740 ὴξιιυμέ·

286 784 396 820 νοι.
418 767 523 818 Καὶ
550 766 760 832 φαμὲν,
792 764 882 819 διὰ
902 768 1002 836 τὴν
1038 765 1366 835 προαίρεσιν
1396 763 1589 832 μόνην.
1620 760 1711 829 Τῷ
1745 761 1852 828 γὰρ

286 857 478 926 ἀγαθῷ
504 856 743 911 ἐθέλοντι
781 852 948 920 εἶναι,
995 858 1092 909 καὶ
1121 854 1359 922 τάγαθὸν
1392 853 1667 913 διώκοντι,
1699 849 1853 903 οὐδέν

285 966 348 1001 τι
378 948 480 1000 τῶν
521 948 743 1001 πάντων
771 948 1006 1017 κώλυμα
1044 946 1221 1009 ἔσται,
1244 946 1317 1006 ὡς
1351 944 1425 1014 μὴ
1456 938 1599 997 εἶναι
1632 940 1848 1011 ἀγαθῷ.

288 1035 440 1092 .Ἆλλ’
464 1037 527 1089 οὗ
556 1036 742 1089 δικαία
761 1038 1096 1107 παραίτησις
1118 1035 1196 1102 τῷ
1224 1033 1298 1104 μὴ
1330 1033 1607 1102 σπουδαίῳ
1623 1048 1854 1099 γεγενη-

289 1131 458 1197 μένῳ.
507 1127 683 1180 Ἐκὼν
716 1129 826 1198 γὰρ
867 1123 1008 1181 εἶναι
1064 1118 1124 1180 οὗ
1177 1127 1444 1194 γίγνεται.
1492 1124 1558 1180 Et
1608 1125 1716 1193 γὰρ
1748 1112 1854 1177 ’καὶ

285 1222 459 1274 πολλὰ
482 1222 613 1290 ἡμῖν
639 1221 932 1288 ἐπιφύεται
951 1220 1058 1273 τῶν
1093 1219 1308 1281 δεινῶν,
1337 1218 1529 1286 ὥσπερ
1567 1216 1852 1286 αὐτόματα

285 1314 382 1365 καὶ
419 1312 715 1377 αὐτόμολα·
748 1311 867 1365 ἀλλ’
893 1311 1045 1364 οὖδεν
1077 1310 1260 1363 αὐτῶν
1284 1308 1351 1363 ἂν
1377 1310 1464 1381 εἴη
1495 1307 1640 1361 οὕτω
1676 1305 1849 1376 βιαιόο

275 1420 445 1456 τατον
497 1403 595 1456 καὶ
650 1390 1152 1473 τυραννικώτατον,
1201 1401 1277 1463 ὡς
1317 1401 1542 1469 καὶτῆς
1576 1398 1851 1467 θελήσεως

276 1496 436 1566 ἡμῶν
458 1494 646 1563 ἄρξαι.
677 1493 778 1563 Εἴη
799 1493 911 1564 γάρ
936 1492 1007 1544 ἂν
1030 1490 1202 1563 ταύτῃ
1225 1509 1289 1557 γε
1323 1492 1387 1561 δή
1415 1507 1530 1552 πως
1564 1488 1853 1561 ἀνῃρημέ-

274 1603 371 1639 νον
410 1586 544 1655 ἡμῖν
571 1585 668 1639 καὶ
693 1583 757 1638 te
786 1583 1161 1649 αὐτεξούσιον,
1200 1582 1276 1645 ὡς
1303 1583 1406 1635 κάν
1437 1580 1516 1652 τῷ
1553 1582 1657 1648 πρδ
1694 1579 1849 1633 τοῦδε

282 1678 418 1746 ἡμῖν
454 1675 677 1747 εἴρηται
721 1675 887 1745 λιὶγῳ.
917 1675 1030 1743 Τῆς
1062 1674 1119 1727 6's
1151 1672 1527 1743 προαιρέσεως
1561 1673 1637 1741 μὴ
1670 1669 1851 1724 νοσού-

276 1784 419 1836 σης,
471 1766 615 1836 μηδὲ
668 1765 1035 1835 δουλίοθείσης
1084 1762 1359 1828 καθάπαξ,
1395 1762 1502 1816 κᾶν
1532 1764 1562 1817 ὅ
1601 1779 1652 1815 τι
1685 1760 1851 1816 πάθοι

270 1859 447 1912 κακὸν
474 1860 536 1913 τὸ
568 1856 762 1926 σῶμα,
804 1856 959 1910 οὐδὲν
1004 1856 1163 1925 ἡμῶν
1196 1853 1449 1924 ὶμποδὼν
1478 1853 1657 1918 ἔσται,
1702 1851 1848 1906 ὥστε

271 1949 502 2016 ἀγαθοῖς
546 1914 711 2001 εἶναι.
750 1914 864 2001 γΚαὶ
896 1914 1061 2016 δηλοῖ.
1085 1946 1155 1999 τὰ
1197 1914 1309 1999 τίῦν
1343 1944 1515 2014 ἁγίων
1546 1914 1846 2015 σκάμματα
1877 1914 1921 1970 Β

277 2030 610 2111 νενικηκότα
644 2040 755 2094 πᾶν
797 2038 995 2108 βίαιον.
1026 2039 1322 2107 Συνίστησι
1342 2036 1400 2090 δέ
1437 2054 1529 2107 μοι
1560 2036 1656 2091 τὸν
1690 2037 1849 2104 λόγον

224 2176 237 2181 -
273 2133 372 2185 καὶ
407 2131 748 2187 τούναντίον.
781 2129 856 2185 Τὸ
890 2130 1003 2200 γάρ
1034 2128 1520 2191 ἀκουσίως“καλὸν
1564 2130 1739 2182 ποιεῖν
1785 2128 1848 2182 οὗ

274 2224 534 2290 στεφανοῖ
576 2223 702 2285 reb;
776 2221 1204 2290 ἐργαζομένους.
1272 2219 1347 2273 Τὸ
1404 2219 1584 2273 τοίνυν
1645 2219 1850 2274 ἄκοντα

280 2316 476 2375 ποιεῖν,
518 2314 552 2382 ἢ
590 2313 825 2383 πάσχειν
851 2330 905 2365 τι
947 2311 1024 2383 μὴ
1053 2311 1404 2381 βουλόμενον,
1439 2310 1562 2364 οὕτε
1605 2310 1848 2380 ἀγαθοὺς

278 2402 449 2470 ἡμᾶς,
487 2402 602 2455 ἀλλ’
631 2403 752 2455 οὐδὲ
778 2401 1018 2472 φαύλους
1042 2402 1342 2472 ἐργάζεται
1367 2415 1382 2432 °
1417 2400 1494 2471 τῷ
1523 2400 1569 2454 δ’
1600 2401 1842 2470 ἑκουσίῳ

278 2494 578 2564 θελήματι,
622 2495 759 2564 ὅπερ
790 2494 906 2546 ἐστὶ
947 2493 1056 2547 τῶν
1084 2493 1170 2563 ἐφ’
1194 2495 1348 2563 ἡμῖν.
1383 2492 1478 2546 καὶ
1501 2493 1603 2546 οὐκ
1629 2494 1844 2564 ἠργμέ-

270 2604 361 2638 νον
392 2586 619 2651 ἕξωθεν,
654 2585 766 2638 οὐδ’
799 2585 1140 2654 ἐπαγόμενον
1202 2585 1449 2648 ὁθενοῦν,
1505 2585 1709 2654 ἀγαθὸς
1752 2588 1850 2641 καὶ

275 2676 353 2745 μὴ
384 2673 634 2738 τοιοῦτος
688 2675 920 2738 ἕκαστος
949 2675 1186 2743 γίνεται.
1221 2676 1384 2729 Ὥστε
1418 2677 1479 2729 τὸ
1520 2678 1631 2730 πᾶν
1662 2679 1726 2729 ὲκ
1747 2678 1846 2748 τῆς

271 2766 678 2837 προαιρέσεως.
712 2766 859 2837 Πλὴν
918 2769 947 2820 ὁ
988 2766 1193 2834 φαῦλος
1235 2767 1404 2821 θέλων
1437 2763 1604 2831 εἶναι,
1622 2768 1845 2836 γέγονεν

271 2853 439 2916 εὐθὺς
484 2855 552 2924 τῇ
593 2853 834 2923 θελήσει,
879 2856 983 2910 κᾶν
1013 2856 1185 2926 μηδὲν
1233 2856 1537 2927 ἐργάσηται
1585 2858 1695 2909 τῶν
1739 2875 1843 2912 κα-

269 2945 406 3000 κῶν.
461 2945 747 3015 Ἀρκέσειε
798 2946 908 3017 γὰρ
972 2947 1038 3001 ἂν
1086 2942 1226 3002 εἶναι
1281 2946 1499 3012 κακὸν,
1543 2948 1620 3018 τῷ
1669 2949 1844 3004 θέλειν

268 3039 494 3091 ἀπεῖναι
528 3036 623 3090 τοῦ
652 3037 885 3106 ἀγαθοῦ.
918 3040 1026 3092 Καὶ
1062 3037 1224 3093 τοῦτο
1261 3038 1482 3108 εὔλογον
1513 3035 1690 3112 οἶμαι.
1734 3044 1846 3097 Καὶ

269 3130 381 3200 γάρ
406 3129 542 3182 αὐτὸ
576 3129 638 3182 τὸ
665 3130 839 3184 κακὸν
871 3132 938 3202 τῇ
966 3130 1213 3204 ἀπουσίᾳ
1242 3130 1336 3186 τοῦ
1367 3132 1537 3187 καλοῦ
1572 3134 1843 3207 ὑπάρχειν

1956 661 2185 714 busdam
2217 676 2245 715 e
2275 662 2429 716 nobis
2455 664 2557 716 hoc
2576 662 2684 726 ﬁat,
2726 661 2855 715 illud
2889 676 2954 716 ex
2982 661 3125 724 aliis,
3162 676 3284 715 cum
3330 670 3511 714 tamen

1955 750 2121 825 unius
2159 752 2438 822 dignitatis
2464 761 2518 807 ct
2545 763 2753 806 natura:
2783 753 2979 827 simus.
3013 751 3091 806 Ac
3151 752 3382 807 dicimus
3429 752 3536 805 hoc

1958 841 2076 896 ﬁeri
2138 843 2309 898 solius
2376 844 2657 901 electionis
2720 845 2948 900 ratione.
3008 842 3144 898 Nam
3204 845 3296 914 qui
3362 843 3539 897 bonus

1952 949 2075 990 esse
2095 936 2229 997 vult,
2268 936 2523 1007 quodque
2575 938 2779 992 bonum
2817 946 2899 991 est
2948 946 3211 1000 sectatur,
3266 936 3340 990 illi
3401 934 3551 999 nituit

1952 1024 2175 1079 omnino
2200 1039 2323 1083 esse
2348 1026 2733 1095 impedimento
2756 1034 2930 1095 potest
2981 1021 3275 1096 quominus
3322 1025 3391 1077 sit
3439 1024 3553 1075 bo-‘

1953 1127 2079 1169 nus.
2103 1111 2217 1169 Nec
2241 1116 2290 1189 ei
2339 1117 2433 1185 qui
2459 1131 2565 1171 non
2605 1116 2779 1171 evasit
2808 1115 2862 1170 in
2906 1114 3082 1169 virum
3138 1114 3360 1177 bonum,
3388 1112 3536 1182 justa

1952 1208 2491 1285 superatexcusatio.
2526 1204 2660 1260 Nam
2685 1206 2787 1261 hoc
2810 1206 3011 1259 volenti
3037 1204 3323 1272 contingit.
3354 1205 3540 1269 Quan-

1951 1284 2115 1362 quam
2147 1297 2291 1350 enim
2328 1298 2494 1351 multa
2527 1297 2641 1351 dira
2673 1298 2992 1368 graviaque,
3022 1298 3172 1350 velut
3194 1312 3261 1349 ex
3289 1311 3347 1349 se
3365 1296 3537 1349 ultro-

1948 1402 2058 1456 que
2086 1387 2377 1451 venientia,
2420 1405 2521 1444 nos
2546 1388 2892 1453 adoriuntur,
2918 1396 3096 1442 tamen
3131 1388 3337 1440 nullum
3359 1402 3424 1441 ex
3454 1386 3537 1440 eis

1948 1478 2086 1532 adeo
2116 1478 2418 1545 violentum
2451 1489 2617 1548 atque
2662 1480 3011 1551 tyrannicum
3054 1479 3239 1543 fuerit,
3289 1479 3533 1550 utetiam

1952 1569 2006 1622 in
2041 1568 2375 1624 voluntatem
2424 1580 2668 1626 nostram
2727 1570 3013 1640 imperium
3070 1576 3361 1636 exerceat;
3405 1582 3531 1622 nam

1958 1661 2257 1731 ceteroqui
2292 1663 2453 1718 nobis
2518 1663 2634 1733 ipsa
2666 1664 2890 1718 libertas
2934 1649 3231 1716 voluntatis
3254 1669 3527 1716 evertere-

1950 1761 2060 1816 tur,
2113 1753 2259 1809 sicut
2311 1754 2367 1808 in
2434 1756 2687 1810 oratione
2748 1756 2851 1811 bac
2917 1754 3260 1826 praecedente
3321 1753 3531 1809 dictum

1950 1852 2053 1900 est.
2081 1843 2239 1911 Quod
2272 1845 2320 1901 si
2377 1847 2547 1902 animi
2584 1847 2783 1903 electio
2812 1847 2964 1903 nullo
3008 1847 3219 1921 laboret
3248 1847 3400 1912 vitio,
3434 1861 3534 1902 nee

1950 1951 2178 2006 prorsus
2205 1937 2259 1993 in
2295 1938 2613 1995 servitutem
2644 1939 2858 1995 redacta
2892 1940 2984 2004 sit,
3013 1939 3375 2009 quodcunque
3407 1948 3533 1992 tan-

1948 2026 2071 2083 dem
2101 2031 2302 2084 malum
2360 2031 2617 2087 acciderit
2671 2030 2912 2101 corpori,
2950 2031 3174 2084 minime
3232 2029 3391 2085 nobis
3427 2033 3534 2085 erit

1950 2120 2344 2190 impedimento
2400 2123 2708 2194 quominus
2766 2122 2894 2178 boni
2954 2123 3148 2179 simus.
3197 2124 3536 2194 Argumequ

1952 2218 2084 2264 sunt
2116 2212 2705 2286 virorum,sanctorum
2748 2220 3068 2275 Scammala,
3134 2226 3254 2279 quae
3314 2225 3532 2265 omnem

1948 2302 2262 2358 violentiam
2287 2311 2635 2373 superarunt.
2659 2302 2850 2357 itidem
2886 2303 3030 2373 quod
3062 2301 3209 2365 dico,
3238 2300 3527 2357 conlinunt

1946 2407 2004 2452 et
2029 2397 2080 2452 id
2107 2397 2253 2468 quod
2287 2397 2334 2451 ei
2386 2394 2722 2464 contrarium
2763 2405 2882 2451 est:
2915 2395 3117 2466 quippe
3180 2408 3287 2448 non
3334 2404 3531 2462 sponte

1948 2488 2095 2556 quod
2119 2486 2320 2542 bonum
2335 2495 2419 2542 est
2443 2484 2641 2548 facere,
2664 2484 2808 2538 nulla
2831 2484 3090 2540 facientes
3116 2494 3316 2537 corona
3338 2482 3529 2536 donat.

1948 2577 2137 2648 Itaque
2183 2577 2268 2631 vel
2294 2576 2523 2631 invitum
2580 2575 2782 2641 facere,
2845 2575 2930 2630 vel
2989 2575 3265 2629 nolentem
3320 2573 3529 2642 aliquid

1946 2669 2059 2739 pati
2084 2684 2260 2741 neque
2287 2684 2387 2724 nos
2420 2669 2593 2725 bonos
2625 2682 2804 2738 neque
2844 2668 3017 2722 malos
3048 2666 3229 2721 emcit.
3255 2665 3525 2722 Nimirum

1948 2761 2223 2818 volu:.tate
2250 2771 2570 2830 spontanee,
2599 2774 2721 2831 quae
2779 2767 2975 2815 nostra
3020 2769 3102 2815 est
3128 2758 3182 2813 in
3236 2767 3527 2828 potestate,

1947 2866 2048 2907 nec
2075 2854 2322 2922 provenit
2345 2853 2707 2912 extrinsecus.
2746 2867 2847 2908 nec
2877 2851 3020 2907 unde
3044 2850 3189 2905 unde
3232 2850 3526 2919 ingeritur,

1954 2942 2189 3015 quisque
2217 2944 2391 2999 bonus
2419 2953 2472 2999 et
2523 2960 2631 3013 non
2669 2945 2847 2999 bonus
2877 2940 3105 2998 cﬂicitur
3129 2960 3145 3008 ;
3167 2940 3411 3010 adeoque
3443 2957 3530 2995 res

1947 3037 2016 3091 ab
2041 3036 2309 3093 electione
2332 3046 2441 3092 tota
2476 3039 2696 3106 pendet.
2732 3035 2835 3091 Sed
2863 3046 3039 3090 tamen
3065 3035 3156 3104 qui
3193 3034 3369 3089 malus
3401 3049 3527 3090 esse

1946 3129 2081 3193 vult,
2109 3130 2296 3185 statim
2336 3130 2615 3184 voluntate
2653 3130 2711 3183 lit
2759 3128 2958 3193 malus;
2989 3124 3202 3181 etiamsi
3239 3124 3373 3179 nihil
3398 3126 3531 3181 mali

269 3223 489 3285 πάντως
510 3222 683 3286 δοκεῖ,
706 3222 802 3277 καὶ
838 3224 1007 3277 οἱονεὶ
1032 3224 1356 3279 συνίσταται
1383 3226 1642 3299 στερήσει
1676 3230 1837 3300 μόνῃ,

1949 3230 2187 3291 peragat,
2212 3220 2412 3292 quippe
2434 3221 2567 3276 satis
2588 3221 2753 3275 fuerit
2778 3219 2843 3274 ad
2865 3220 2968 3274 hoc
3002 3225 3069 3303 ut
3087 3219 3158 3273 sit
3180 3216 3352 3272 malus
3375 3221 3521 3288 quod

268 3314 367 3383 οὐχ
420 3311 565 3375 lect.
610 3312 671 3367 Ὀ
714 3313 771 3367 δὲ
804 3313 1010 3381 ἀγαθὸς
1055 3314 1234 3385 ἀνὴρ.
1284 3317 1475 3387 ἐπειδὴ
1520 3318 1584 3371 τὸ
1638 3319 1845 3388 ἀγαθὸν

265 3403 476 3456 τέλειον
517 3403 746 3473 (ἀγαθὸς
780 3406 890 3474 γὰρ
916 3405 944 3457 ὁ
973 3404 1128 3469 θεὸς,
1154 3406 1213 3459 ὲν
1240 3398 1283 3473 ᾦ
1317 3407 1484 3479 μηδὲν
1508 3408 1745 3477 ἀτελὲς),
1781 3411 1842 3463 οὗ

268 3494 537 3563 στήσεται
575 3493 738 3563 μέχρι
793 3494 889 3547 τοῦ
947 3495 1144 3559 θέλειν,
1188 3496 1327 3550 ἀλλὰ
1367 3498 1466 3551 καὶ
1526 3502 1842 3571 περαιτέρω

269 3583 631 3654 προϐήσεται,
682 3585 778 3638 καὶ
821 3584 989 3650 δείξει
1038 3585 1130 3639 τὸν
1164 3586 1339 3657 ἄνδρα
1392 3589 1577 3653 αὐτοῖς
1633 3589 1841 3660 ἔργοις.

270 3674 551 3728 συνιστῶν
602 3674 715 3736 τοῖς
752 3675 1103 3746 πράγμασιν,
1146 3675 1223 3739 ὡς
1250 3675 1312 3729 τὺ
1345 3677 1524 3732 θέλειν
1553 3679 1753 3750 ἀληθὲς
1783 3685 1843 3735 ὲν

269 3763 455 3831 αὐτῷ,
486 3763 763 3835 μηδεμίαν
820 3767 1193 3838 κιδδηλότητα
1222 3768 1583 3840 κεκτημένον.
1632 3771 1841 3836 ’Δλλως

269 3856 383 3925 γὰρ
418 3856 488 3907 ἂν
513 3854 717 3921 δόξειεν
740 3855 969 3924 ἀγαθὸς,
1022 3859 1123 3912 οὐκ
1151 3858 1269 3913 ἔστι
1298 3860 1356 3913 δὲ
1386 3860 1629 3924 πάντως.
1662 3864 1752 3915 Δεῖ
1777 3863 1842 3935 δὴ

269 3948 401 4009 τοὺς
434 3945 678 4013 ἀγαθοὺς
726 3943 869 4001 εἶναι
917 3950 1324 4024 σπουδάζοντας
1384 3952 1650 4021 μηδαμῶς
1706 3955 1842 4024 πρὸς

269 4039 517 4107 τάγαθὸν
556 4039 793 4105 ἐλλιπῶς
834 4039 1014 4112 εχιιν·
1053 4043 1172 4097 ἀλλ’
1218 4022 1362 4098 εἶναι
1406 4043 1511 4114 μὲν
1560 4022 1842 4114 ἀκμάζου-

274 4147 376 4182 σαν
412 4129 471 4182 ἐν
502 4129 688 4194 αὐτοῖς
738 4133 836 4186 καὶ
863 4134 1042 4203 ὁρμὴν
1073 4135 1172 4204 τὴν
1217 4134 1355 4205 πρὸς
1380 4136 1540 4201 αὐτὸ,
1573 4138 1668 4190 καὶ
1703 4155 1838 4207 προο

275 4221 500 4291 θυμίαν,
532 4223 630 4276 καὶ
651 4220 937 4291 βούλησιν,
967 4222 1111 4279 εἶναι
1147 4226 1205 4279 δὲ
1233 4228 1326 4280 καὶ
1351 4226 1555 4296 τρόπον
1593 4228 1842 4283 δεικνύν-

277 4327 375 4374 τας
401 4309 582 4379 αὐτοῖς
620 4315 735 4373 τοῖς
769 4312 956 4383 ἔργοις
992 4314 1222 4383 ἀδελφὸν
1253 4318 1319 4387 τῇ
1361 4318 1718 4390 προαιρέσει,
1753 4318 1842 4374 ἵνα

182 4450 188 4463 .
281 4401 356 4469 μὴ
409 4400 489 4470 τῷ
540 4403 816 4472 κρείττονι
854 4403 1140 4474 χωλεύωσι
1189 4405 1370 4476 μέρει.
1399 4406 1565 4460 Ὥστε
1603 4406 1667 4461 τὸ
1712 4408 1838 4478 βού-

278 4490 465 4545 λεσθαι
491 4492 654 4561 μόνον
684 4493 783 4563 οὐχ
836 4493 1021 4547 ἱκανὸν
1057 4494 1303 4562 ἀγαθοὺς
1347 4496 1653 4567 ἀποφῆναι.
1695 4498 1837 4552 Ἀλλ’

1948 3330 1977 3368 a
2008 3318 2151 3371 bono
2183 3326 2426 3371 remotus
2482 3332 2605 3372 esse
2639 3316 2791 3373 velit.
2815 3315 2990 3387 Atque
3034 3300 3137 3369 hoc
3160 3314 3359 3395 rationi
3395 3330 3526 3369 con-

1947 3418 2263 3461 ecntaneum
2302 3418 2470 3477 puto:
2511 3423 2635 3463 nam
2685 3407 2888 3463 malum
2934 3409 3109 3478 ipsqu
3162 3424 3225 3464 ex
3278 3398 3527 3471 absentFa‘

1948 3495 2071 3551 boni
2097 3497 2320 3552 omnino
2367 3498 2580 3553 videtur
2642 3500 2934 3564 exsistere,
2978 3502 3245 3571 quasique
3309 3511 3527 3557 constat

1946 3588 2675 3657 privationetantummodo,
2717 3606 2828 3647 non
2878 3592 3089 3647 habitu.
3143 3595 3214 3648 At
3263 3610 3393 3649 vero
3442 3597 3526 3649 vir

1947 3681 2144 3745 bonus,
2172 3676 2295 3735 ciam
2332 3683 2476 3750 quod
2532 3682 2735 3737 bonum
2781 3691 2864 3739 est
2911 3683 3211 3754 perfectum
3259 3684 3330 3740 sit
3356 3680 3523 3755 (Deus

1945 3772 2090 3828 enim
2124 3772 2299 3827 bonus
2321 3782 2425 3836 est,
2456 3774 2510 3828 in
2541 3789 2651 3843 quo
2682 3774 2817 3829 nihil
2855 3774 3208 3847 imperfecti),
3245 3792 3350 3830 non
3380 3778 3520 3833 velle

1945 3861 2107 3916 mdo
2137 3862 2372 3928 debebit,
2420 3865 2513 3918 sed
2543 3864 2771 3921 ulterius
2797 3881 3018 3937 quoque
3042 3867 3438 3937 progredietur,
3465 3879 3519 3924 et

1944 3952 2119 4005 virum
2143 3951 2300 4008 factis
2330 3957 2805 4035 ostendet,rebus_
2826 3957 2958 4029 ipsis
2984 3959 3365 4029 comprobatus,
3396 3976 3522 4016 esse
3628 3985 3635 3991 -

1945 4059 2131 4098 verum
2168 4045 2222 4098 in
2254 4059 2319 4099 eo
2351 4046 2508 4113 velle,
2546 4047 2878 4125 minimeque
2916 4046 3156 4104 fucatum
3186 4066 3201 4105 :
3256 4066 3382 4104 nam
3415 4067 3522 4106 crc-

1944 4135 2152 4203 teroqui
2176 4135 2348 4190 bonus
2370 4135 2664 4205 videbitur,
2687 4152 2811 4193 cum
2842 4141 3065 4194 omnino
3087 4155 3191 4195 non
3221 4141 3292 4197 sit
3313 4142 3515 4199 bonus.

1943 4220 2292 4294 Nequaquam
2353 4236 2520 4295 certe,
2585 4227 2676 4299 qui
2729 4229 2857 4286 boni
2903 4246 3024 4287 esse
3080 4231 3322 4297 student,
3373 4234 3519 4302 quod

1944 4312 2146 4368 bonum
2175 4325 2259 4370 est
2288 4316 2603 4387 imperfecte
2626 4318 2828 4376 debent
2849 4320 3123 4394 amplecti,
3149 4323 3240 4377 sed
3268 4332 3517 4393 vegetum

1943 4403 1999 4459 in
2029 4404 2111 4461 eis
2145 4416 2199 4461 et
2234 4424 2415 4465 acrem
2455 4410 2526 4466 ad
2577 4412 2780 4468 bonum
2821 4429 2942 4471 esse
2976 4424 3190 4486 oportet
3231 4414 3517 4486 impetum,

1943 4506 1997 4551 et
2065 4498 2402 4556 alacritatem
2462 4513 2517 4559 et
2573 4504 2950 4573 voluntatem;
3024 4506 3300 4578 simulque
3361 4509 3522 4565 factis

282 4583 330 4635 εί
359 4582 461 4651 μὲν
486 4583 685 4655 ἀληθές
708 4600 768 4637 τε
804 4585 898 4637 καὶ
928 4584 1173 4655 καθαρὸν
1203 4587 1312 4657 εἴη,
1347 4587 1636 4656 ἀρκέσειεν
1669 4587 1737 4640 ἂν
1780 4586 1840 4642 εὖ

1949 4586 2082 4659 ipsis
2109 4606 2291 4647 mores
2326 4583 2576 4649 instituto
2605 4597 2772 4652 animi
2797 4612 3089 4668 germanos
3140 4603 3375 4670 probare
3419 4603 3518 4655 de-

283 4675 571 4745 φρονοῦσιν
623 4676 865 4746 ἀγαθοὺς
924 4677 1295 4747 ἐργάσασθαι,
1339 4679 1454 4732 Καὶ
1507 4679 1599 4733 τὸν
1635 4680 1840 4747 ἀγαθὸν

284 4764 605 4837 βουλόμενον
637 4763 797 4831 εἶναι,
850 4768 1044 4822 τοῦτον
1078 4766 1134 4820 δὲ
1192 4766 1268 4837 μὴ
1325 4764 1504 4835 εἶναι,
1555 4768 1838 4824 ἀδύνατον.

284 4855 510 4926 Ἕψεται
557 4855 667 4927 γάρ
716 4857 810 4911 καὶ
857 4855 1228 4926 τὸμὲνεργεῖν.
1271 4857 1331 4912 '0
1363 4857 1421 4911 δὲ
1452 4859 1618 4923 κακὸς
1649 4861 1842 4930 βουλό-

282 4961 439 5015 μενος
481 4938 622 4999 εἶναι
666 4946 716 5018 (ὁ
745 4946 905 5014 λόγος
938 4946 995 5000 δὲ
1039 4948 1173 5016 ἡμῖν
1207 4947 1268 5000 οὐ
1300 4948 1430 5018 περὶ
1463 4947 1844 5019 μελαγχολών-

278 5053 384 5093 των
406 5039 500 5091 καὶ
512 5039 912 5107 τετυφωμένων
931 5037 1257 5108 ἀνθρώπων)
1289 5037 1537 5110 αὐτῷ-τῷ
1556 5038 1812 5110 βεϐουλεῦ
1825 5071 1843 5082 ο

280 5127 400 5182 σθαί
430 5146 490 5182 τε
520 5130 618 5185 καὶ
638 5128 867 5195 θελῆσαι
893 5130 1096 5186 αὐτίκα
1143 5132 1369 5200 γέγονεν
1401 5132 1649 5204 ἀτεχνῶς
1681 5136 1739 5187 ἐν
1778 5136 1844 5204 τῇ

277 5220 475 5294 καρδίᾳ
508 5221 698 5290 αὐτοῦ,
749 5224 914 5291 φησὶν
960 5224 988 5275 ὁ
1030 5222 1247 5294 Σωτήρ.
1302 5223 1401 5291 Εῐη
1441 5223 1552 5294 γὰρ
1583 5225 1649 5278 ἂν
1681 5225 1845 5279 τοῦτὸ

279 5331 364 5385 γε,
394 5298 582 5386 ὥσπερ
616 5316 686 5370 ἂν
714 5313 763 5367 ει
799 5313 870 5367 τὰ
899 5314 1045 5367 κακά
1087 5331 1239 5379 ουτος
1257 5314 1427 5379 αὐτὸς
1457 5317 1844 5387 προύκαλεῖτο,

186 5448 191 5453 ι
283 5406 379 5461 καὶ
415 5404 881 5477 προσερχομένας
927 5405 1181 5477 ὑπήντα,
1223 5405 1318 5458 καὶ⁵
1375 5408 1566 5477 χερσὶν
1624 5408 1844 5473 ὑπτίαις

240 5502 255 5515 ’
283 5496 599 5569 ὗπεδέχετο.
631 5498 704 5551 Τὸ
738 5496 848 5570 γὰρ
891 5498 1165 5569 ἐμϐλέψαι
1195 5498 1333 5568 πρὸς
1377 5499 1439 5551 τὸ
1468 5500 1838 5570 ἐπιθυμῆσαι,

282 5586 435 5643 τοῦτό
466 5591 616 5642 ἐστιν
643 5589 908 5662 ἄντικρυς
936 5590 997 5642 τὸ
1028 5588 1205 5642 θέλειν
1232 5582 1378 5643 εῖναι
1411 5589 1604 5643 κακόν.
1816 5584 1820 5588 Δ

1939 4679 2088 4775 bent,
2123 4676 2190 4734 ne
2212 4694 2372 4775 parte
2411 4685 2608 4754 potiori
2646 4687 2976 4773 clautlicent.
3030 4689 3184 4745 Unde
3226 4692 3520 4775 colligitur,

1940 4768 2118 4823 solum
2142 4768 2278 4825 velle
2306 4787 2411 4827 non
2447 4772 2696 4830 sufﬁcere
2730 4776 2797 4831 ad
2821 4768 2922 4833 hoc
2950 4792 3006 4834 ut
3038 4779 3165 4833 boni
3197 4768 3517 4846 eiliciamur,

1940 4860 2034 4917 sed
2063 4861 2112 4917 si
2139 4876 2327 4918 verum
2367 4865 2757 4937 sincerumque
2784 4868 2924 4924 velle
2980 4869 3071 4934 sit,
3105 4869 3241 4926 satis
3296 4870 3522 4928 habebit

1941 4953 2304 5020 etiicacitatis,
2335 4964 2396 5009 ut
2420 4956 2670 5012 homines
2700 4972 2866 5012 sanos
2897 4972 2962 5013 ac
3015 4959 3310 5026 prudentes
3342 4959 3517 5015 bonos

1946 5042 2143 5099 clliciat
2167 5056 2257 5101 :et
2280 5053 2384 5102 hoc
2404 5046 2566 5102 modo
2593 5048 2685 5117 qui
2716 5047 2896 5104 bonus
2946 5062 3069 5103 esse
3087 5049 3222 5111 vult,
3253 5050 3372 5105 fieri
3405 5067 3518 5107 non

1945 5148 2120 5208 potest
2144 5138 2276 5208 quin
2303 5139 2478 5194 bonus
2505 5139 2722 5204 evadat,
2750 5154 2873 5194 nam
2896 5149 2949 5194 et
2985 5140 3098 5211 ipsa
3150 5140 3288 5198 facta
3331 5146 3521 5201 subSe—

1944 5240 2202 5299 quentur.
2231 5227 2334 5295 Qui
2365 5242 2546 5284 autem
2581 5230 2692 5283 vult
2722 5244 2846 5285 esse
2876 5229 3054 5286 malus
3090 5232 3387 5305 (loquimur
3420 5253 3522 5290 an-

1946 5329 2052 5375 tem
2092 5335 2199 5375 non
2225 5319 2293 5376 de
2325 5321 2638 5376 hominibus
2663 5321 2873 5378 insanis
2901 5332 2953 5379 et
2983 5324 3377 5396 Iymphaticis),
3402 5327 3519 5398 ipsa

1946 5410 2348 5467 consultatione
2386 5426 2450 5466 ac
2478 5411 2757 5469 voluntate
2792 5413 2967 5470 malus
2996 5417 3179 5472 statim
3231 5418 3407 5473 factus
3434 5426 3522 5474 est
3610 5434 3620 5445 ·

1945 5501 2112 5557 dubio
2139 5502 2325 5571 procul
2345 5503 2397 5557 in
2420 5503 2583 5559 corde
2619 5520 2739 5572 suo,
2765 5508 3223 5578 quemadmodum
3255 5510 3371 5581 ipse
3397 5508 3519 5566 Sal-

1948 5602 2103 5647 vator
2138 5594 2239 5647 ait.
2275 5591 2487 5650 Etenim
2515 5596 2619 5652 hoc
2656 5598 2880 5669 perinde
2916 5598 3081 5654 fuerit
3105 5609 3269 5670 atque
3294 5598 3339 5653 si
3375 5600 3517 5653 mala

281 5677 510 5750 ipsemet
541 5690 860 5747 arcesseret,
889 5690 943 5737 et
971 5682 1358 5737 accedentibus
1404 5695 1717 5740 occurreret
1755 5688 2116 5757 manibusque
2161 5688 2375 5760 supinis
2425 5704 2484 5746 ea
2517 5693 2837 5763 susciperet.
2898 5693 3030 5749 Nam
3089 5695 3141 5748 in
3199 5691 3315 5749 boc'
3371 5697 3517 5763 aspi-

282 5784 419 5835 cere,
454 5779 513 5823 ut
542 5771 922 5839 concupiscas,
971 5771 1023 5825 id
1057 5786 1186 5827 vero
1244 5786 1469 5841 prorsus
1508 5782 1590 5828 est
1653 5777 1858 5832 malum
1900 5793 2021 5833 esse
2051 5779 2209 5835 velle.

356 5861 497 5916 Ἀλλ’
535 5860 654 5915 οὐδὲ
686 5863 862 5917 ὲκεῖνο
889 5862 1248 5935 ἀνέγκλητον,
1282 5863 1428 5933 ἔχειν
1464 5862 1565 5934 μὲν
1591 5865 1650 5920 ἐν
1678 5866 1751 5937 νῷ
1784 5869 1843 5922 τὸ

2024 5867 2132 5926 Nec
2173 5871 2302 5927 illud
2335 5889 2551 5944 quoque
2618 5877 3036 5945 reprt-bcnsionc
3099 5885 3266 5945 caret,
3319 5862 3517 5959 habere
