3978 6578
416 490 521 555 ιει

1582 484 1978 545 MANUELIS
2028 486 2465 547 ι’τιωῖοιοϐι

3564 487 3671 555 εει

417 608 641 679 quidem
674 605 728 661 in
754 602 940 658 animo
973 597 1201 659 bonum,
1226 594 1319 651 sed
1353 593 1491 649 adeo
1540 593 1735 663 fragile
1756 609 1901 660 esse,
1935 606 1993 647 ut

2107 595 2321 664 ἱγαθὸν,
2354 592 2495 648 εἶναι
2527 595 2583 649 δὲ
2611 596 2754 652 οὕτω
2780 597 3001 672 σαθρὸν,
3022 594 3100 663 ὼς
3129 600 3240 663 τοῖς
3273 598 3671 672 ἔπιχειρήσουο

420 701 565 755 hanc
600 699 731 753 boni
767 690 1154 761 cogitationem
1182 689 1499 742 subvertere
1536 683 1819 738 conaturis
1844 682 1986 752 idip-

420 807 544 850 sum
566 790 723 845 facile
749 787 894 840 factu
912 781 1229 837 ostendatur
1249 795 1265 833 :
1291 778 1374 833 vel
1394 793 1425 832 e
1444 774 1720 831 contrario
1737 790 1844 828 non
1867 789 1989 829 esse

420 892 672 954 paratum
704 876 770 931 ad
803 869 1175 929 resistendum
1204 866 1417 921 fortiter
1442 864 1522 919 rei
1577 862 1859 922 nociturae,
1891 874 1993 913 nec

418 953 600 1031 factus
640 967 933 1025 ostendere
971 979 1092 1033 qua:
1141 969 1327 1015 nostra
1367 957 1422 1012 in
1455 964 1728 1026 potestate
1776 953 1887 1008 sint
1936 962 1989 1007 et

418 1062 711 1123 elatione,
742 1057 864 1127 plus
881 1055 1083 1108 habere
1118 1051 1315 1105 virium
1337 1061 1500 1119 quam
1532 1044 1717 1100 omnia
1750 1058 1873 1113 quae
1900 1057 1994 1097 ex-

418 1157 696 1213 trinsecus
740 1148 1115 1204 intenduntur.
1159 1142 1291 1197 Nam
1317 1141 1366 1195 si
1398 1139 1521 1210 quis
1546 1138 1751 1191 bonum
1782 1134 1995 1200 simpli.

418 1248 555 1302 citer
582 1245 655 1298 ita
710 1242 857 1305 velit,
910 1251 1148 1305 cumque
1190 1234 1387 1289 deinde
1423 1232 1580 1288 factis
1620 1228 1990 1302 prastandum

418 1346 523 1399 est,
567 1334 804 1405 segniter
851 1346 916 1386 ac
968 1330 1300 1398 negligenter
1354 1325 1581 1380 affectus
1633 1325 1727 1386 sit,
1763 1323 1809 1378 is
1863 1335 1992 1377 vero

420 1434 576 1497 longe
632 1434 874 1479 remotus
928 1436 956 1474 a
1013 1419 1347 1488 perfectione
1390 1432 1500 1472 non
1544 1416 1780 1487 amplius
1818 1422 1904 1469 est
1938 1413 1991 1466 in

417 1522 583 1579 bono.
612 1520 757 1587 quod
791 1530 923 1570 sane
950 1513 1120 1582 perfer
1138 1523 1251 1567 tum
1290 1522 1396 1566 est.
1451 1510 1707 1566 Sedeuim
1751 1522 1991 1578 quonam

418 1612 521 1665 hoc
564 1621 724 1679 pacto
790 1606 949 1659 facile
1016 1603 1220 1675 possim
1267 1602 1527 1670 effugere,
1578 1602 1723 1656 dicet
1774 1599 1993 1668 aliquis.

416 1702 553 1755 Nam
582 1716 667 1753 res
702 1713 778 1752 ea:
804 1713 924 1765 qum
950 1712 1045 1766 per
1077 1696 1379 1763 voluptates
1414 1693 1575 1747 nobis
1632 1693 1922 1762 imponunt
1942 1697 1996 1743 et

417 1792 792 1852 blandiuntur,
832 1788 1056 1841 omnino
1088 1803 1194 1838 non
1250 1785 1521 1839 mediocre
1552 1783 1721 1837 robur
1776 1781 1996 1845 habent,

418 1884 498 1938 ιιιὶ
526 1883 593 1936 de
631 1884 791 1933 rebus
824 1878 957 1944 ipsis
981 1892 1313 1945 cognoscere
1350 1876 1494 1929 licet.
1531 1875 1684 1929 Alius
1706 1874 1848 1928 enim
1878 1872 1998 1927 aliis

2094 704 2180 739 σιν
2228 686 2378 757 αὐτῷ
2418 688 2510 739 τὸν
2557 687 2817 758 λογισμὸν
2852 691 3184 761 περιτρέψαι
3225 690 3447 745 εὖκολον
3478 694 3671 757 αὐτοῖς

2091 777 2513 832 ἀναδείκνυσθαι
2534 794 2548 809 ·
2590 778 2623 848 ἢ
2655 781 2992 845 τούναντίον.
3026 782 3103 853 μὴ
3132 779 3271 837 εἶναι
3304 784 3526 854 ἕτοιμον
3568 788 3671 839 ἀν-

2091 865 2345 934 τιστῆναι
2381 866 2650 934 γενναίως
2679 868 2758 937 τῷ
2789 868 3069 938 βλάψοντι,
3101 873 3199 925 καὶ
3224 872 3398 938 δεῖξαι
3424 875 3540 933 τοῖς
3570 873 3669 942 ερ-

2092 973 2233 1025 γοις,
2260 958 2335 1020 ὡς
2369 958 2691 1030 [exop/nepa
2722 961 2791 1015 τὰ
2841 960 2926 1032 ἐφ’
2974 964 3111 1032 ἡμῖν
3142 966 3239 1018 καὶ
3270 966 3370 1034 τῆς
3401 967 3672 1035 προαιρέ-

2097 1065 2238 1112 σεως
2282 1047 2390 1101 τῶν
2434 1049 2634 1116 ἔξωθεν
2684 1052 3042 1122 ὶπαγομένων
3092 1055 3222 1122 ἑξῆς
3262 1056 3539 1110 ἁπάντων.
3603 1056 3672 1110 El

2094 1139 2201 1206 γάρ
2248 1150 2330 1203 τις
2384 1140 2557 1194 ἐθέλει
2604 1141 2665 1194 τὸ
2712 1136 2915 1209 ἀγαθὸν
2952 1145 3186 1199 οὑτωσὶν
3224 1146 3437 1209 ἁπλῶς.
3470 1147 3675 1202 ἔπειτα

2092 1230 2295 1300 δεῆσαν
2338 1232 2623 1301 πράττειν,
2648 1234 2677 1285 ό
2708 1232 2754 1285 δ’
2792 1234 3375 1305 ὀλιγώρωςδιάκιιται
3404 1237 3502 1290 καὶ
3528 1239 3675 1306 ἡμε-

2094 1320 2375 1391 λημένως,
2396 1323 2531 1376 πολῦ
2551 1322 2651 1392 τῆς
2675 1324 3019 1392 τελειότητος
3036 1326 3303 1395 ὑστερῶν,
3322 1327 3675 1382 οὐκέτ’ἔστιν

2097 1410 2156 1462 ἑν
2188 1410 2268 1480 τῷ
2292 1410 2500 1480 ἀγαθῷ,
2526 1412 2554 1465 ὃ
2580 1428 2643 1480 γε
2679 1414 2906 1470 τέλειον.
2947 1416 3112 1468 Ἀλλὰ
3133 1417 3252 1479 πῶς
3276 1417 3345 1470 ἂν
3370 1417 3543 1470 ταῦτα
3572 1421 3677 1489 ρᾳο

2098 1504 2227 1567 δίως
2273 1503 2632 1575 διαφύγοιμις
2669 1509 2823 1576 φησί.
2863 1508 2990 1573 Τοῖς
3022 1509 3134 1579 γὰρ
3178 1508 3267 1563 διὰ
3310 1510 3420 1563 τῶν
3465 1508 3680 1579 ήδοιῶν

2098 1593 2412 1657 ἐξαπατῶσι
2442 1597 2535 1650 καὶ
2565 1597 2919 1652 ὑποσαίνουσι
2954 1601 3277 1671 πράγμασιν
3307 1605 3407 1655 οὐκ
3431 1602 3678 1669 ἀγεννής

2100 1700 2183 1747 τις
2216 1684 2434 1747 πάντως
2472 1686 2648 1755 ἰσχὺς,
2677 1687 2754 1751 ὡς
2782 1688 2892 1741 ἀπὸ
2924 1689 3047 1755 τῶνζ
3078 1691 3425 1759 πραγμάτων
3470 1692 3681 1760 ἔχομεν

2101 1775 2327 1842 γνῶναι.
2366 1776 2561 1839 Ἄλλος
2604 1778 2715 1850 γὰρ
2769 1780 2953 1843 ἄλλοις
3003 1780 3441 1848 ἁλίσκεται,’κᾶν
3470 1784 3682 1836 ὁπόσον

2105 1866 2236 1940 θέλῃ
2282 1871 2613 1939 φιλοσοφεῖν.
2661 1873 2772 1926 Καὶ
2821 1873 2995 1935 οὐδεὶς
3043 1874 3154 1926 τῶν
3202 1874 3341 1927 ὅλων
3373 1875 3674 1944 ἀνώτερος.

416 1975 654 2040 capitur,
708 1976 1138 2037 quantacunque
1172 1967 1339 2019 animi
1382 1964 1730 2018 contentione
1774 1972 1994 2027 utatur;

2107 1959 2233 2014 Οὐδὲ
2269 1961 2378 2029 ἐγὼ
2418 1964 2617 2033 ῥαδίως
2646 1965 2817 2035 φημὶ,
2862 1965 2999 2020 ἀλλὰ
3029 1968 3232 2038 σπουδῇ
3265 1968 3360 2019 παὶ
3399 1968 3677 2038 καρτερία

418 2083 518 2120 nec
543 2067 833 2134 quisquam
888 2063 1146 2115 omnibus
1196 2072 1280 2115 est
1336 2060 1601 2128 superior.
1638 2058 1715 2111 Ne
1776 2057 1991 2126 quidem

418 2159 535 2225 ipse
574 2157 719 2215 dico,
771 2153 1093 2223 possemula
1140 2151 1298 2205 facile
1348 2151 1530 2209 vitari.
1595 2149 1688 2204 sed
1727 2164 1831 2202 non
1889 2147 1993 2202 nisi

421 2248 661 2301 maximo
701 2254 808 2298 tam
840 2244 1021 2297 studio
1072 2258 1234 2311 quam
1260 2231 1865 2310 tolerantia,"quantum
1897 2239 1997 2293 bo-

419 2340 553 2393 mini
588 2337 670 2391 fas
710 2345 810 2389 est.
854 2335 1019 2405 quue
1081 2334 1218 2387 adeo
1266 2348 1453 2386 verum
1511 2341 1613 2393 est,
1654 2339 1713 2384 ut
1766 2330 1892 2383 licet
1946 2327 1993 2382 ei

420 2431 547 2484 iriali
577 2429 704 2499 quid
755 2427 1049 2494 aliquando
1105 2423 1386 2487 acciderit,
1451 2438 1556 2476 llOﬂ
1612 2433 1891 2491 propterea
1927 2419 1997 2474 sit

419 2524 619 2579 malus.
644 2520 880 2579 Atenitn.
914 2518 1045 2573 dicit
1078 2518 1295 2587 aliquis,
1331 2517 1609 2585 complura
1661 2515 1813 2584 quasi
1862 2528 1999 2582 quo—

419 2618 544 2670 dam
579 2613 705 2668 fuco
745 2612 905 2666 nobis
963 2611 1319 2679 imponentia,
1380 2623 1594 2677 nosque
1640 2604 1998 2660 demulcendo

417 2705 681 2767 fallentia,
721 2702 967 2757 fortassis
994 2702 1293 2764 evitavero,
1335 2700 1377 2754 si
1417 2697 1693 2769 perpetuis
1726 2710 1810 2750 me
1865 2710 1991 2750 cer-

312 2816 319 2824 ’
418 2798 717 2851 taminibus
744 2796 1042 2848 addixero:
1078 2809 1263 2847 verum
1296 2792 1340 2846 si
1392 2808 1476 2846 res
1502 2790 1797 2844 admodum
1854 2801 2001 2841 mor-

421 2893 601 2950 daces,
630 2898 1002 2942 etextremum
1029 2884 1084 2939 in
1115 2885 1334 2938 modum
1371 2884 1637 2938 violentas
1668 2858 1999 2949 taniquena—

364 3046 387 3059 _
419 2990 543 3034 tura
571 2978 967 3041 formidabiles,
994 2984 1056 3030 ut
1084 2977 1299 3031 animos
1331 2975 1495 3030 etiam
1550 2974 1664 3029 sola
1695 2972 1779 3027 sui
1817 2986 1999 3026 recor-

423 3072 642 3123 datione
662 3070 1004 3131 concutiant,
1044 3082 1141 3138 per
1192 3080 1327 3135 quas
1368 3080 1585 3129 uxores,
1618 3065 1841 3130 liberos,
1873 3062 2003 3117 cha-

426 3162 649 3216 rissima
681 3175 934 3228 quasque,
959 3158 1127 3213 vitam
1176 3158 1351 3228 ipsam
1404 3157 1707 3211 amittimus
1740 3173 1756 3210 :
1794 3153 1877 3210 lia:
1917 3170 2003 3211 res

2098 2052 2331 2124 μεγίστῃ
2352 2053 2419 2105 τὰ
2440 2056 2587 2107 κακὰ
2605 2055 2919 2123 διαφεύγειν
2940 2057 3223 2119 δύνασθαι,
3249 2060 3374 2110 ὅσον
3391 2058 3675 2128 ἀνθρώπῳ

2095 2143 2320 2196 δυνατόν
2340 2158 2354 2173 ⁸
2405 2146 2501 2197 καὶ
2533 2147 2811 2211 τοσοῦτον,
2840 2144 2982 2200 ὥστε
3013 2149 3068 2201 εῖ
3094 2167 3195 2201 που
3229 2150 3323 2202 καὶ
3369 2150 3523 2218 ἁλοίη
3567 2168 3680 2204 πα-

2098 2230 2229 2296 θὼν,
2256 2234 2333 2303 μὴ
2355 2233 2442 2286 διὰ
2470 2235 2631 2290 τοῦτο
2662 2237 2833 2289 κακὸν
2856 2232 3019 2292 εἶναι.
3062 2238 3223 2293 Ἀλλὰ
3251 2240 3320 2293 τὰ
3350 2242 3447 2311 μὲν
3472 2241 3672 2305 πολλὰ,

2098 2325 2257 2393 φησὶ,
2290 2326 2400 2379 τῶν
2437 2326 2841 2395 φενακιζόντων
2891 2347 2953 2383 τε
3002 2331 3098 2383 καὶ
3146 2331 3458 2402 κηλούντων
3505 2334 3679 2386 διολι-

2100 2414 2362 2491 σθήσαιμ¹
2416 2419 2483 2471 ἂν
2541 2419 2691 2484 ῖσως,
2748 2421 2987 2488 ἐμαυτὸν
3060 2422 3310 2486 δεδωκὼς
3361 2424 3678 2496 διηνεκέσιν

2097 2514 2311 2581 ἀγῶσν
2345 2512 2541 2583 κομιδῇ
2592 2510 2647 2564 δὲ
2703 2513 3007 2597 πράγματα
3058 2515 3328 2585 δακνηρὰ.
3386 2517 3677 2586 βιαιότατα

2103 2602 2205 2671 μὲν
2236 2603 2293 2665 ἐς
2332 2602 2524 2671 ἄκρον,
2552 2602 2693 2654 οὕτω
2721 2600 2780 2654 δὲ
2814 2600 2975 2669 φύσει
3002 2604 3234 2674 φοϐερὰ,
3270 2604 3345 2666 ὡς
3372 2606 3465 2657 καὶ
3495 2607 3678 2659 δονεῖν

2060 2758 2065 2761 _
2100 2692 2199 2754 τὰς
2227 2690 2409 2761 ψυχὰς
2454 2692 2593 2760 αὐτῇ
2646 2691 2740 2744 καὶ
2776 2692 2913 2764 μόνῃ
2943 2695 3009 2761 τῇ
3047 2696 3259 2767 μνήμῃ,
3287 2694 3358 2747 δι’
3383 2691 3458 2748 ὦν
3485 2699 3681 2763 γυναῖ-

2100 2800 2226 2848 κας,
2247 2784 2464 2847 παῖδας,
2485 2783 2554 2836 τὰ
2577 2783 2907 2852 τιμιώτατα,
2936 2784 3069 2837 αὐτὸ
3091 2785 3151 2838 τὸ
3180 2788 3279 2857 ζῇν
3300 2786 3675 2857 ζημιούμεθα,

2102 2876 2149 2927 εἰ
2178 2874 2317 2944 μετὰ
2343 2874 2578 2944 σφοδρᾶς
2600 2875 2880 2944 κωμάσειε
2906 2876 3109 2945 ῥύμης,
3135 2878 3253 2941 πῶς
3278 2877 3345 2932 ἂν
3369 2879 3677 2948 ὑποσταίην

2101 2968 2408 3037 ἀειδήποτε,
2440 2965 2577 3019 ἀλλὰ
2624 2967 2699 3039 μὴ
2731 2968 3081 3022 παντάπασιν
3112 2969 3346 3039 εῖξαιμι,
3370 2973 3464 3024 καὶ
3493 2963 3679 3040 οὗπερ

2104 3061 2171 3116 ἂν
2199 3060 2424 3129 ἀγάγοι,
2449 3059 2754 3129 δεδεμένοις
2781 3058 3167 3130 παραπλήσιον
3195 3060 3499 3130 ἑφεψοίμην
3517 3076 3531 3118 ;
3550 3061 3682 3128 ὲρεῖ

2102 3168 2188 3215 τις
2220 3152 2351 3214 ἴσως
2384 3150 2613 3203 τοιαῦτα
2646 3150 3066 3218 ἁνθυποφέρων.
3105 3151 3423 3205 Ἀκούσεται
3447 3151 3502 3205 δὲ
3534 3149 3683 3222 παρ’

426 3254 594 3322 igitur
626 3254 681 3307 si
730 3253 1051 3306 vehemente
1103 3265 1229 3306 cum
1265 3249 1466 3320 impetu
1506 3249 1737 3313 irrnant,
1761 3261 1999 3317 quonam

2108 3243 2320 3313 ἀνδρῶν
2347 3243 2404 3294 ὲν
2430 3242 2574 3313 λόγῳ
2591 3241 2813 3306 ζώντων
2834 3244 2929 3296 καὶ
2951 3244 3295 3314 γενναιότητι
3317 3260 3332 3276 ο
3354 3244 3519 3297 Οὐδὲν
3546 3242 3682 3297 οὖτα

422 3360 522 3399 eas
549 3352 706 3415 pacto
733 3357 950 3411 semper
968 3341 1303 3406 sustinuero,
1350 3355 1447 3394 nec
1484 3341 1707 3393 omnino
1756 3353 1998 3405 cessero,

424 3451 758 3508 quocunque
789 3434 1065 3499 duxerint,
1107 3433 1410 3488 vinctorum
1441 3433 1497 3486 in
1550 3446 1755 3486 morem
1814 3430 2003 3485 subse-

429 3529 648 3599 quens?
678 3525 999 3597 Huiusmodi
1030 3525 1211 3580 denuo
1246 3525 1400 3579 nobis
1437 3523 1709 3593 objiciens
1731 3521 2000 3592 quispiam

430 3619 663 3674 fortasse
686 3616 991 3688 protulerit.
1020 3613 1092 3669 At
1111 3615 1225 3669 haec
1251 3614 1492 3668 vicissim
1516 3630 1544 3666 a
1598 3615 1812 3691 viris‘ex
1865 3627 2003 3683 pra:-

428 3712 635 3783 scripto
666 3710 891 3767 rationis
932 3708 1340 3765 etfortitutlinis
1379 3707 1710 3773 viventibus,
1771 3707 2001 3762 audiet:

430 3804 619 3873 Neque
648 3814 703 3857 tu
736 3800 1034 3872 quidquam
1080 3800 1270 3866 sentis,
1307 3814 1479 3869 neque
1529 3800 1687 3866 dicis,
1737 3798 1896 3869 cujus
1918 3797 2000 3852 vel

434 3912 530 3971 per
578 3909 830 3949 somnum
883 3892 1051 3948 oblati
1097 3892 1275 3947 virum
1339 3893 1552 3946 ratione
1609 3892 1917 3958 praeditum,
1950 3897 2005 3945 et

432 3990 617 4043 animo
648 3986 796 4049 forti,
834 4000 945 4038 non
976 3984 1169 4039 merito
1217 3984 1496 4054 puduerit,
1531 3994 1587 4038 et
1626 3981 1782 4051 cuius
1836 3995 2003 4036 causa

436 4095 547 4134 non
581 4092 773 4148 pmnas
810 4083 1161 4146 experrectus
1190 4075 1304 4143 ipse
1329 4075 1397 4127 de
1447 4074 1626 4142 seipso
1682 4071 2002 4140 sumpserit.

437 4169 570 4223 Nam
604 4168 695 4235 qui
727 4180 920 4234 reapse
977 4164 1075 4217 viri
1134 4172 1283 4226 sunt,
1327 4162 1464 4215 nihil
1507 4175 1682 4229 neque
1730 4161 2007 4230 potentius

438 4270 614 4322 neque
647 4253 1048 4307 formidabilius
1064 4238 1383 4307 existimant
1400 4267 1465 4305 eo
1482 4251 1571 4321 qui
1597 4266 1780 4304 revera
1814 4260 2006 4320 potens

441 4353 527 4398 est
550 4340 1043 4403 ac‘formidabilis,
1089 4341 1254 4393 sicuti
1319 4355 1417 4392 nec
1458 4338 1771 4393 amantibus
1815 4339 2007 4406 pudice

442 4433 741 4503 quidquam
775 4431 1063 4483 amabilius
1097 4439 1151 4484 et
1197 4429 1610 4485 desiderabilins
1666 4444 1849 4484 revera
1890 4428 2009 4500 pul-

443 4525 576 4577 chro
611 4530 664 4575 et
699 4523 862 4575 bono.
895 4520 1106 4589 Quippe
1137 4520 1255 4573 dira
1285 4522 1501 4590 quidem
1558 4519 1822 4589 ejusmodi
1879 4534 2008 4577 sunt

2111 3337 2349 3406 φρονεῖς,
2383 3333 2509 3388 οὔτε
2539 3334 2743 3402 λέγεις,
2771 3334 2799 3387 ὃ
2830 3333 2905 3407 μὴ
2933 3336 3038 3388 κᾶν
3065 3334 3198 3404 ὄναρ
3231 3333 3355 3389 ἰδὼν
3381 3337 3519 3406 ἀνὴρ
3544 3352 3686 3405 μετ-

2108 3428 2249 3499 έχων
2281 3428 2439 3495 λόγου
2491 3427 2585 3481 καί⁸
2634 3432 3039 3499 γενναιότητος,
3070 3427 3313 3499 ᾐσχύνθη
3340 3446 3400 3482 τε
3434 3430 3568 3484 πάνυ
3595 3428 3685 3483 δι-

2115 3520 2309 3583 καίως,
2337 3519 2430 3572 καὶ
2471 3519 2630 3590 δίκην
2677 3537 2741 3589 γε
2786 3522 2885 3591 τὴν
2909 3523 3239 3593 γιγνομένην
3268 3522 3686 3591 ἐξεγειρόμενος

2107 3609 2241 3682 παρ’
2266 3609 2423 3671 αὐτὸς
2460 3609 2629 3663 αὐτοῦ
2660 3611 2878 3681 εἴληφε.
2928 3613 3057 3675 Τοῖς
3088 3613 3198 3683 γὰρ
3222 3613 3298 3678 ὡς
3331 3614 3544 3682 ἀληθῶς
3571 3614 3683 3667 ἀν-

2108 3701 2301 3770 δράσιν
2319 3700 2472 3753 οὐδέν
2499 3717 2554 3753 τι
2584 3701 2956 3776 δυνατώτερον
2977 3720 3034 3757 τε
3058 3704 3155 3757 καὶ
3177 3705 3456 3776 φοϐερὼτε
3465 3723 3553 3775 ρον
3573 3707 3681 3761 τοῦ

2108 3791 2279 3857 ὅντως
2323 3791 2551 3847 δυνατοῦ
2604 3808 2665 3847 τι
2720 3794 2815 3848 καὶ
2850 3795 3086 3868 φοϐεροῦ
3108 3814 3123 3831 ο
3158 3797 3346 3870 ὥσπερ
3396 3799 3517 3854 om
3558 3801 3685 3863 τοῖς

2110 3883 2275 3953 ἐρῶσι
2308 3886 2601 3954 σωφρόνως
2631 3885 3047 3958 ἐρασμιώτερόν
3078 3905 3138 3941 τε
3169 3889 3267 3945 καὶ
3295 3889 3684 3962 ποθεινότερον

2110 3975 2208 4028 τοῦ
2238 3973 2411 4039 ὅντως
2433 3992 2497 4039 γε
2524 3976 2694 4030 καλοῦ
2732 3993 2792 4031 τε
2822 3980 2920 4031 καὶ
2947 3979 3179 4049 ἀγαθοῦ.
3222 3982 3382 4037 Δεινὰ
3413 3982 3512 4053 μὶν
3542 3983 3684 4054 γὰρ,

2111 4066 2204 4118 καὶ
2232 4066 2378 4137 πέρα
2421 4067 2610 4121 δεινῶν
2641 4069 2713 4122 τὰ
2741 4070 2968 4125 τοιαῦτα
2991 4088 3007 4104 ο
3038 4073 3211 4128 εστων
3256 4075 3314 4128 δὲ
3364 4073 3461 4128 καὶ
3509 4092 3688 4129 κατα-

2113 4154 2316 4225 πλῆξαι
2344 4157 2438 4210 καὶ
2475 4162 2797 4215 κατασείσαι
2830 4163 3037 4235 σφόδρα
3065 4164 3341 4236 δυνάμενα
3384 4168 3509 4231 τοὺς
3547 4168 3693 4221 πολ-

2112 4245 2261 4313 λοὺς,
2304 4252 2398 4301 καὶ
2430 4248 2734 4320 ζημιῶσαι,
2786 4254 2951 4308 πάνθ’
2995 4255 3126 4325 ἑξῆς
3162 4258 3302 4330 μετὰ
3329 4259 3425 4313 τοῦ
3479 4260 3580 4330 ζῇν
3609 4263 3691 4317 τὰ

2112 4338 2357 4407 παρόντα
2390 4341 2516 4405 τοὺς
2568 4343 2754 4408 αὐτοῖς
2806 4346 3264 4418 ἀνθισταμένους,
3313 4351 3402 4407 ῖνα
3435 4369 3529 4407 σου
3573 4353 3694 4406 τῶν

2114 4428 2432 4500 ὑπερϐολῶν
2484 4434 2759 4506 μηδεμίαν
2795 4438 3161 4512 ἀφελώμεθα’
3213 4445 3273 4497 οὐ
3308 4444 3418 4517 μὴν
3461 4444 3695 4501 τοιαῦτά

2114 4537 2177 4589 γε
2208 4520 2336 4575 ὄντα
2370 4523 2565 4592 (ἔστων
2593 4526 2647 4579 δὲ
2675 4529 2770 4581 καὶ
2802 4529 2994 4597 πλείω,
3016 4533 3065 4586 εί
3089 4532 3319 4606 βούλει),
3341 4536 3563 4601 ἀντάξια
3586 4538 3699 4609 δή-

443 4626 497 4669 et
529 4615 648 4683 plus
665 4628 827 4683 quam
847 4611 1143 4677 dira,Quin
1165 4612 1326 4666 etiam
1357 4612 1571 4674 demus,
1592 4624 1651 4666 ut
1674 4614 1921 4687 territare
1953 4631 2003 4673 at

2124 4613 2324 4666 πουθεν
2352 4614 2531 4685 ψυχῆς
2576 4618 2666 4670 καὶ
2712 4618 3314 4697 Μξηςθάληθεστάτης,
3337 4628 3408 4680 δι’
3434 4629 3469 4682 ἃ
3496 4645 3556 4697 γε
3589 4633 3699 4685 καὶ

443 4707 635 4775 vulgus
661 4705 939 4758 hominum
976 4703 1268 4773 percellere
1312 4702 1659 4758 vehementer
1699 4706 1923 4774 possint,
1958 4717 2012 4763 et

444 4796 629 4849 omnia
668 4797 823 4864 plaue
852 4794 993 4848 bona
1031 4794 1317 4864 praesentia
1348 4809 1467 4847 cum
1495 4798 1605 4862 ipsa
1634 4796 1738 4849 vita
1757 4798 2014 4852 resisten-

446 4886 595 4940 tibus
626 4884 885 4946 adimere,
912 4893 1035 4938 tuas
1062 4891 1123 4937 ut
1156 4883 1250 4938 tibi
1299 4883 1701 4952 superlationes
1746 4885 1864 4939 illas
1901 4901 2016 4940 om-

451 4993 548 5031 nes
571 4975 956 5039 concedamus,
1008 4990 1117 5028 non
1170 4984 1374 5037 tamen,
1436 4976 1646 5029 etiamsi
1710 4975 1834 5029 talia
1906 4977 2017 5030 sint

446 5073 783 5139 (quanquam
815 5069 969 5137 plura
1001 5084 1241 5140 quoque,
1277 5070 1324 5124 si
1361 5069 1533 5129 voles.
1563 5069 1801 5136 tlt'll'lllS).
1848 5071 2016 5139 acqui-

449 5160 688 5229 paranda
727 5175 850 5213 cum
883 5162 1064 5216 animo
1112 5163 1499 5231 veriSsimaqne
1555 5162 1724 5228 gloria
1772 5162 2014 5225 veniunt,

451 5267 684 5320 quorum
720 5266 883 5306 causa
916 5253 997 5307 vel
1048 5252 1219 5323 ipsam
1266 5253 1453 5317 vitam,
1485 5254 1574 5323 qui
1619 5257 1776 5327 sapit,
1848 5255 2016 5308 multa
2052 5272 2055 5273 ν

455 5356 579 5396 cum
604 5342 882 5396 alacritate
914 5342 1234 5410 profuderit.
1259 5345 1361 5399 Par
1384 5346 1527 5400 enim
1581 5345 1723 5400 istud
1760 5361 1844 5399 res
1884 5347 2019 5401 alias

454 5432 741 5488 universas
774 5434 999 5487 nimium
1036 5447 1295 5503 quantum
1348 5438 1637 5492 excellitet
1675 5446 1915 5506 superat.
1953 5439 2020 5493 At

459 5525 551 5579 illa
576 5525 779 5589 gravia,
810 5539 929 5594 qua:
963 5535 1019 5579 tu
1053 5540 1484 5581 commemorans
1532 5530 1915 5583 exhorrescere
1944 5529 2022 5583 vi-

454 5617 700 5681 debaris,
758 5616 971 5672 etiamsi
1019 5616 1144 5686 quis
1192 5618 1397 5673 irruere
1441 5619 1726 5675 confertim
1781 5632 2022 5675 extrema

454 5725 581 5765 cum
617 5710 913 5765 acerbitate
943 5711 1298 5776 concesserit,
1350 5721 1529 5767 tamen
1563 5729 1660 5767 nec
1704 5714 1885 5768 animo
1928 5713 2023 5767 dc-

456 5801 778 5858 trimentum
814 5801 1074 5865 afferunt,
1112 5802 1157 5857 si
1186 5802 1401 5871 quidem
1432 5803 1480 5857 ei
1527 5818 1632 5857 non
1664 5804 1827 5857 etiam
1862 5804 2024 5858 vehe-

457 5902 670 5953 menter
728 5894 1063 5961 conducunt,
1137 5907 1235 5949 nee
1291 5892 1567 5948 infamiam
1629 5893 1944 5960 conciliant,
1984 5894 2026 5948 si

2118 4705 2178 4756 τὸ
2227 4704 2327 4775 ζῇν
2372 4707 2505 4760 αὐτὸ
2550 4708 2667 4774 δοίη
2705 4728 2789 4774 τις
2840 4713 2907 4766 ἂν
2937 4712 2997 4767 εὖ
3046 4716 3265 4786 φρονῶν
3307 4720 3450 4788 μετὰ
3487 4722 3699 4793 πολλῆς

2122 4794 2449 4865 προθυμίας.
2486 4795 2635 4865 Αὕτη
2675 4799 2785 4868 γὰρ
2818 4801 2851 4870 ἡ
2888 4798 3118 4872 ξυνωρὶς
3150 4806 3242 4859 τοῦ
3282 4810 3482 4872 παντὸς
3516 4808 3695 4879 ὑπέρ-

2121 4903 2300 4938 κειται
2334 4891 2473 4955 μέτὲι
2516 4893 2732 4961 μακρᾶς
2776 4893 2874 4964 τῆς
2923 4894 3253 4967 ὑπερϐολῆς.
3294 4898 3510 4953 Ἐκεῖνα
3535 4900 3590 4953 δὲ
3614 4903 3696 4958 τὰ

2120 4978 2383 5049 δυσχερῆ,
2404 4980 2440 5036 ἃ
2464 4981 2526 5034 σύ
2556 4999 2617 5050 γε
2648 4982 2824 5052 λέγων
2854 4985 3061 5050 ἐδόκεις
3091 4990 3357 5059 φρίττειν,
3387 4992 3487 5045 κᾶν
3514 4993 3697 5061 ἀθρόα

2124 5069 2237 5140 δοίη
2274 5088 2357 5133 τις
2385 5073 2734 5142 είσκωμάσαι
2788 5078 2931 5146 μετὰ
2978 5079 3308 5151 δριμύτητος
3336 5083 3532 5154 ἄκρας,
3563 5082 3695 5138 οὔτε

2126 5163 2354 5233 βλάπτει
2382 5166 2480 5236 τῆν
2504 5166 2706 5237 ψυχὴν,
2730 5171 2779 5222 εί
2815 5170 2890 5243 μὴ
2917 5176 3011 5226 καὶ
3046 5175 3253 5245 σφόδρα
3279 5177 3541 5247 ὀνίνησιν,
3567 5176 3696 5232 οὔτ’

2126 5255 2345 5318 ἀδοξίαν
2401 5261 2674 5327 προξενεῖ,
2709 5265 2758 5315 εἰ
2814 5265 2888 5334 μὴ
2940 5266 3033 5318 καὶ
3082 5268 3354 5338 λαμπρῶς
3411 5271 3697 5334 στεφανοῖ.

2130 5347 2308 5411 Ὂλως
2354 5347 2409 5401 δὲ
2441 5350 2508 5403 τὰ
2541 5346 2761 5427 λυπηρὰ
2796 5358 2876 5418 είς
2927 5356 3095 5410 ἑαυτὰ
3127 5359 3492 5430 στρεφόμενα,
3518 5359 3592 5422 ὡς
3622 5364 3699 5414 τὰ

2132 5439 2547 5507 πολυφλοίσϐοιο
2598 5445 2866 5518 θαλάττης
2919 5448 3163 5519 κύματα.
3202 5450 3506 5509 διαλύεται.
3547 5453 3610 5506 Εἰ
3636 5454 3698 5507 δὲ

2118 5532 2445 5600 ηκαθαιςναιτο
2491 5538 2581 5587 καὶ
2629 5539 2842 5608 μακρὸν
2875 5541 2995 5609 μεθ’
3018 5543 3151 5610 ὅσης
3177 5542 3243 5596 ἄν
3272 5562 3354 5608 τις
3384 5545 3530 5599 εἴποι
3560 5562 3699 5615 σφο-

2132 5618 2386 5687 δρότητος
2416 5624 2510 5674 καὶ
2538 5625 2875 5693 πλεονεξίας,
2908 5628 3045 5682 ἀλλὰ
3076 5632 3229 5685 πᾶσα
3259 5634 3289 5703 ἡ
3329 5633 3575 5702 παροῦσα
3599 5634 3697 5702 ζη-

2139 5710 2232 5778 μία
2261 5712 2361 5780 τῆς
2392 5714 2489 5784 ἤδη
2523 5717 2824 5787 τρεχούοης
2877 5721 3023 5773 ἐστὶν
3058 5724 3271 5793 ἡμέρας
3299 5765 3314 5788 ,
3346 5727 3395 5776 εί
3426 5725 3480 5777 δὲ
3516 5725 3698 5795 βούλει

2135 5818 2198 5869 γε
2232 5805 2463 5874 στιγμῆς
2488 5819 2502 5834 ·
2535 5809 2625 5859 καὶ
2657 5809 2716 5859 ὲν
2748 5812 2959 5880 ἀκαρεῖ
2980 5813 3214 5880 γίνεται,
3242 5815 3304 5882 ἦν
3340 5816 3582 5887 ἀκριεῶς
3614 5832 3697 5877 τις

2141 5896 2391 5966 omnium
2419 5898 2487 5950 τὰ
2537 5902 2663 5969 περὶ
2699 5901 2887 5957 τῶνδε.
2936 5906 3047 5959 Καὶ
3099 5906 3564 5978 συλλαμϐάνονται
3606 5922 3699 5978 μοι
