3978 6568
519 442 619 506 ιιι

1707 431 2103 493 MAXUELIS
2135 426 2575 490 PALZEOLOGI

3664 421 3776 488 4‘2
3791 427 3826 479 ’ξ

521 564 869 617 disseramus,
905 567 1010 606 non
1051 551 1114 605 de
1137 548 1398 604 electione
1432 556 1659 606 tantum,
1696 561 1880 599 verum
1918 545 2081 598 etiam

2208 543 2334 605 τίον,
2361 543 2454 594 καὶ
2481 541 2633 592 ποῖον
2659 537 2814 600 αὖθις
2836 537 3125 607 ἐπίμικτον
3152 537 3244 588 καὶ
3272 535 3642 605 ἁμφιρῤεπὶς,
3691 539 3829 589 καὶ

517 651 646 721 quid
667 647 882 703 tandem
902 643 1030 697 illud
1070 656 1201 712 pure
1227 635 1591 694 voluntarium
1620 639 1711 698 sit,
1735 637 1934 705 quidve
1957 634 2086 688 huic

518 735 884 802 contrarium';
937 746 984 790 et
1047 750 1236 788 rursus
1293 732 1570 801 quodnam
1652 730 1872 782 mislum
1936 740 1998 778 ac
2036 725 2090 777 in

519 829 805 901 utramque
830 838 1034 898 partem
1066 824 1443 894 prOpendens:
1490 830 1543 875 et
1583 821 1783 888 quibus
1840 818 1955 870 hac
1986 829 2094 867 mo-

519 925 600 978 dis
647 924 797 983 llant,
829 929 882 972 et
909 915 1181 984 quodnam
1213 913 1410 964 horum
1442 916 1684 977 agentes,
1705 903 1834 973 quid
1884 915 2091 953 merea-

521 1031 662 1076 mur,
696 1012 894 1082 quibus
944 1008 1111 1061 rebus
1166 1002 1603 1063 admirationem,
1658 996 1860 1066 quibus
1906 992 2092 1046 odium

521 1105 679 1160 nobis
738 1100 1118 1160 conciliemus,
1166 1111 1285 1164 qu:e
1335 1093 1868 1146 commiserationem
1918 1086 2093 1152 impe-

521 1181 684 1260 trent,
709 1209 738 1248 a
767 1192 922 1246 nobis
977 1202 1198 1259 quoquo
1243 1184 1405 1239 modo
1449 1183 1611 1236 facta.
1667 1178 1869 1233 Verum
1903 1177 1950 1231 si
1992 1177 2099 1228 hoc

520 1289 895 1348 instituamus,
928 1284 981 1337 in
1018 1279 1285 1340 inﬁnitum
1323 1283 1579 1344 provecta
1606 1273 1786 1326 oratio
1829 1269 2014 1332 faciet,
2037 1274 2097 1320 ut

521 1381 708 1434 aﬂ‘ecta
737 1377 848 1446 (sat
871 1375 1009 1441 scio)
1035 1372 1283 1426 molestia
1315 1368 1549 1438 quadam
1579 1365 1839 1431 juventus
1872 1361 2095 1415 haereat.

517 1475 651 1529 Nam
682 1469 1048 1542 particulatim
1079 1479 1352 1534 exponere
1386 1461 1525 1516 velle
1581 1469 1921 1528 quaecunque
1952 1453 2096 1507 mul-

519 1566 722 1621 tiformi
759 1562 1099 1629 scenicaeque
1143 1556 1274 1610 huic
1301 1555 1422 1608 vitae
1474 1551 1793 1618 contingere
1846 1553 2096 1616 possunt,

517 1671 571 1711 et
602 1667 944 1725 quacunque
997 1649 1154 1703 nobis
1183 1647 1370 1700 eadem
1421 1642 1682 1702 ostendit,
1721 1640 1850 1692 dum
1894 1637 2096 1688 larvam

522 1749 833 1815 frequenter
865 1744 1143 1804 immutat,
1174 1747 1500 1802 tantumque
1533 1747 1638 1785 nou
1669 1730 1906 1783 fabulam
1939 1726 2097 1796 quasi

521 1837 812 1908 quamdam
848 1831 1092 1892 exhibet,
1115 1827 1250 1881 alias
1283 1825 1405 1879 aliis
1445 1819 1831 1881 incidentibus,
1853 1817 2097 1870 diversa-

522 1945 641 1984 rum
675 1925 1033 1982 occasionum
1053 1931 1107 1974 et
1134 1929 1492 1988 personarum
1543 1926 1750 1976 causa;
1795 1923 1918 1962 cum
1958 1909 2101 1974 ipso.

523 2037 642 2077 rum
667 2031 887 2090 quoque
922 2025 1229 2082 temporum
1271 2007 1405 2064 adeo
1443 2004 1604 2059 variae
1661 2003 1771 2056 sint
1829 1999 2101 2054 vicissitu-

522 2115 700 2175 dines,
739 2117 798 2163 ut
817 2105 1006 2163 eadem
1038 2111 1299 2174 perpetuo
1330 2112 1432 2152 nos
1462 2097 1529 2150 de
1587 2093 1749 2148 rebus
1789 2090 1979 2144 iisdem
2009 2103 2101 2141 co-

524 2205 695 2272 gitare
728 2198 878 2252 nullo
907 2195 1070 2249 modo
1094 2189 1417 2263 permittant
1445 2203 1456 2238 :
1479 2186 1532 2240 id
1563 2197 1714 2246 vero,
1735 2195 1853 2236 mea
1879 2179 2099 2247 quidem

524 2269 833 2349 sententia.
887 2301 1113 2356 prorsus
1166 2284 1270 2336 huc
1327 2293 1432 2333 non
1480 2273 1849 2346 quadraveril.
1887 2269 2099 2324 Etenim

523 2383 814 2440 ambitiose
845 2380 1028 2449 potius
1048 2371 1420 2446 philosophari
1447 2369 1582 2423 velle
1607 2365 1913 2420 videbimur
1935 2375 2100 2430 quam

525 2486 578 2529 te
612 2474 678 2528 ad
709 2472 962 2526 virtutem
989 2469 1276 2523 inStruere.
1317 2460 1454 2514 Nam
1483 2461 1600 2530 ipsa
1644 2456 1867 2525 quidem
1901 2453 2126 2507 oratio-'

526 2569 610 2624 nis
639 2568 809 2624 series
841 2563 1042 2618 multas
1065 2556 1358 2614 ostendere
1388 2553 1689 2609 divisiones
1743 2557 1799 2605 et
1855 2546 2104 2602 subdivi-

526 2661 710 2714 siones
761 2655 926 2724 cogit,
989 2651 1300 2722 gradusque
1355 2645 1540 2714 plures
1591 2639 1794 2702 facere,
1841 2637 2106 2706 quasique

524 2751 728 2807 scalam
774 2745 1067 2815 quamdam
1096 2743 1290 2795 horum
1340 2735 1640 2790 exhibere:
1705 2732 1801 2786 sed
1870 2729 2108 2784 deterret

527 2843 706 2912 copia,
740 2847 1110 2906 magnumque
1142 2831 1366 2902 pelagus
1388 2840 1580 2882 eorum
1607 2838 1731 2893 quae
1788 2818 2104 2876 necessario

527 2933 758 2990 dicenda
791 2929 1040 2984 veniunt.
1101 2923 1466 2991 Quamobrem
1495 2921 1563 2973 de
1602 2917 1692 2972 his
1732 2914 1941 2982 prolixe
1997 2911 2110 2967 dis-

528 3039 732 3088 serere,
767 3019 1034 3092 quidquid
1075 3026 1159 3072 est
1189 3028 1369 3084 Operae
1410 3012 1669 3091 pretium,
1711 3003 2022 3061 Aristotelis
2055 3010 2108 3056 et

529 3114 772 3171 Platonis
811 3121 866 3166 et
895 3111 1126 3164 aliorum
1159 3105 1347 3159 talium
1377 3116 1500 3156 esse
1541 3109 1808 3160 statuens,
1831 3109 1926 3150 eos
1961 3094 2111 3163 ipsos

528 3208 595 3261 de
638 3205 803 3259 rebus
857 3198 1169 3270 huiusmodi
1221 3191 1590 3264 philosophari
1634 3189 1833 3252 sinam,
1887 3185 2110 3255 quando

529 3299 650 3352 fieri
691 3293 881 3363 nequit
906 3301 965 3346 ut
995 3289 1287 3360 quisquam
1329 3284 1502 3338 dehis
1542 3282 1747 3336 rectius
1803 3289 1964 3347 atque
1992 3290 2106 3330 me-

530 3390 638 3443 lius
670 3386 750 3441 eis
779 3384 1033 3439 disserat.
1061 3380 1169 3434 Nos
1204 3389 1335 3431 vero
1372 3375 1637 3429 duntaxat
1686 3370 1884 3430 obiter,
1936 3372 2101 3436 prout

531 3480 645 3534 ﬁeri
673 3477 880 3542 licebit,
911 3473 996 3528 his
1020 3469 1178 3542 quasi
1202 3466 1476 3529 delibatis,
1505 3464 1570 3518 ad
1600 3461 1856 3516 ulteriora
1906 3457 2102 3512 deinde

533 3569 960 3640 progrediamur.
993 3562 1129 3616 Nam
1158 3570 1212 3615 et
1260 3560 1383 3628 ipsa
1420 3557 1535 3611 hazc
1577 3553 1809 3609 docendi
1856 3551 2015 3614 ratio,
2048 3556 2103 3604 et

2129 1968 2176 2024 B

2190 635 2300 686 τίσι
2333 633 2500 686 ταῦτα
2533 631 2785 700 γίγνεται
2818 631 3066 700 τρόποις,
3098 629 3192 681 καὶ
3221 629 3270 681 τί
3303 629 3509 680 τούτων
3540 629 3823 681 ποιοῦν-

2195 739 2310 788 τες,
2340 724 2505 776 τίνων
2550 722 2716 792 ἐσμὲν
2765 721 2924 785 ἄξιοι,
2954 720 3046 773 καὶ
3075 720 3187 771 τίσι
3222 718 3649 787 θαυμαζόμεθα,
3693 721 3827 771 κιὶ

2194 817 2304 868 τίσι
2359 814 2688 884 μιτούμεθα,
2716 814 2810 866 καὶ
2841 814 2985 865 τίσιν
3034 811 3358 879 ὲλεούμεθα,
3385 810 3490 862 τῶν
3518 809 3840 878 ὁπωσδὴ-⁷

2195 923 2326 958 ποτε
2376 902 2510 974 παρ’
2559 904 2716 974 ἡμῶν
2767 903 3094 972 γινομένων.
3143 902 3290 971 Πλὴν
3337 902 3386 954 εί
3419 899 3573 952 τοῦτο
3599 901 3822 964 ποιή-

2198 1011 2382 1064 σαιμι,
2431 995 2512 1056 εἰς
2558 995 2786 1062 ἄπειρον
2812 995 2840 1046 ὁ
2865 991 3022 1059 λόγος
3070 990 3393 1059 ἐξενεχθεὶς,
3422 987 3483 1040 εῦ
3542 986 3662 1060 οἶδ’-
3701 990 3814 1040 ὅτι

2198 1087 2577 1156 τῆν’νεότητα
2607 1085 2974 1149 άποκναίσας,
3024 1082 3262 1149 ίλιγγιᾷν
3313 1079 3664 1149 προξενήσει.
3712 1078 3816 1130 Τὸ

2197 1179 2306 1249 γὰρ
2357 1177 2500 1231 κατὰ
2544 1177 2711 1246 μέρος
2763 1173 3060 1243 πειρᾶσθαι
3096 1171 3349 1244 φράζειν,
3377 1173 3583 1238 ὅσαπερ
3613 1170 3803 1220 ἐνδέ-

2199 1286 2354 1339 χεται
2385 1269 2692 1336 συμπεσεῖν
2727 1266 2806 1336 τῷ
2857 1264 3198 1336 πολυμόρφῳ
3233 1264 3325 1316 καὶ
3358 1259 3602 1330 σκηνικῷ
3630 1261 3816 1329 τῷδε

2203 1359 2322 1428 βίῳ,
2360 1359 2452 1411 καὶ
2504 1358 2719 1426 ὅσαπερ
2776 1359 2912 1426 ἡμῖν
2971 1355 3135 1418 αὐτὸς
3185 1353 3454 1418 δείκνυσι,
3499 1353 3698 1404 πυκνὰ
3743 1353 3819 1402 τὸ

2201 1452 2548 1520 προσωπεῖον
2597 1449 2975 1514 ὑπαλλάττων,
3022 1447 3117 1500 καὶ
3171 1446 3458 1516 μονονουχὶ
3500 1445 3814 1514 δραματο-

2200 1542 2392 1605 ποιῶν,
2453 1539 2642 1594 ἄλλοτε
2697 1539 2876 1593 ἄλλων
2917 1536 3419 1608 παρεμπιπτόντων
3452 1573 3467 1599 ,
3501 1535 3811 1601 διαφόρων

2203 1632 2471 1702 ἀφορμῶν
2517 1631 2614 1683 καὶ
2661 1631 2972 1700 προσώπων
3015 1629 3202 1688 ἕνεκα,
3244 1626 3340 1678 καὶ
3393 1628 3615 1693 προσέτι
3677 1625 3812 1675 τῶν

2201 1724 2408 1793 καιρῶν
2457 1721 2819 1784 παντοδαπῶς
2871 1719 3387 1791 μεταϐαλλομένων,
3441 1717 3583 1770 ὥστε
3641 1715 3807 1785 μῃὸὲ

2205 1816 2509 1882 συγχωρεῖν
2527 1811 2704 1864 ταυτὰ
2727 1812 2867 1864 νοεῖν
2897 1808 3164 1877 διηνεκῶς
3186 1809 3315 1876 περὶ
3343 1807 3412 1858 τὰ
3433 1806 3570 1857 αὐτὰ
3595 1805 3766 1872 πράγ
3783 1832 3805 1842 -

2208 1923 2374 1973 ματα,
2401 1905 2681 1966 παντελῶς
2712 1904 2777 1956 ἂν
2800 1905 2886 1970 εῖη
2925 1903 3030 1968 ἔξω
3048 1901 3146 1960 ,τοῦ
3171 1900 3569 1969 προσήκοντος,
3597 1892 3765 1963 οἶμαν
3782 1933 3799 1948 .

2203 1999 2434 2067 Δόξομεν
2460 1999 2568 2066 γὰρ
2600 1996 2913 2065 φιλοσοφεῖν
2951 1991 3351 2063 φιλοτιμεῖσθαι
3385 1989 3608 2058 μᾶλλον,
3638 1988 3678 2056 ἦ
3724 1988 3788 2038 σὲ

2204 2092 2341 2158 πρὸς
2375 2085 2506 2157 ἦθος
2537 2089 2848 2140 παιδεύεινο
2891 2087 2925 2155 ἡ
2973 2086 3071 2154 μὲν
3100 2084 3208 2154 γὰρ
3234 2080 3523 2134 ἀκολουθία
3552 2079 3648 2132 τοῦ
3690 2078 3779 2128 3.6-

2204 2199 2302 2250 γου
2353 2178 2762 2247 καταναγκάζει
2811 2177 3100 2247 διαιρέσεις
3145 2191 3204 2227 τε
3253 2172 3452 2234 πολλὰς
3501 2173 3597 2224 καὶ
3643 2171 3786 2222 ὑπο-

2203 2274 2502 2344 διαιρέσεις
2532 2273 2833 2333 δεικνύναι,
2866 2271 2959 2322 καὶ
3006 2267 3249 2336 βαθμοὺς
3300 2262 3534 2325 πολλοὺς
3576 2263 3787 2319 ποιεῖν.

2203 2366 2298 2418 καὶ
2347 2364 2509 2416 οίονεί
2541 2381 2662 2415 τινα
2712 2362 2920 2415 τούτων
2969 2359 3218 2428 κλίμακα
3268 2356 3588 2426 ἀποφῆναι·
3622 2352 3794 2421 φοϐεῖ

2203 2455 2260 2506 δὲ
2292 2453 2438 2521 μάλα
2485 2453 2545 2504 τὸ
2592 2451 2801 2520 πλῆθος
2833 2450 3014 2503 καὶτὸ
3045 2449 3178 2502 πολὺ
3210 2447 3318 2500 τῶν
3344 2445 3673 2512 ἀναγκαίων
3707 2444 3790 2494 εἰσ

2209 2543 2409 2616 ρῆσθαι
2437 2543 2699 2610 πέλαγος.
2733 2541 2897 2595 Ὅθεν
2928 2540 2992 2610 δὴ
3017 2540 3078 2592 τὸ
3124 2536 3404 2608 προύργου
3437 2537 3620 2603 λέγειν
3651 2552 3724 2587 πε
3738 2537 3794 2601 ρὶ

2207 2637 2314 2691 τῶν
2355 2636 2613 2690 τοιούτων
2643 2636 2723 2697 είς
2777 2636 2948 2704 μῆκος
2989 2631 3414 2702 Ἀριστοτέλους,
3442 2628 3538 2681 καὶ
3559 2627 3792 2681 Πλάτωο

2206 2746 2320 2795 νος,
2369 2728 2464 2781 καὶ
2512 2726 2620 2779 τῶν
2647 2724 2834 2779 άλλων
2883 2722 2992 2776 τῶν
3033 2722 3297 2775 τοιούτων
3341 2717 3481 2772 εἶναι
3526 2718 3791 2786 νομίσας,

2206 2821 2430 2883 τούτους
2460 2815 2528 2872 αὖ
2572 2817 2737 2870 πάλιν
2767 2814 2914 2868 ἐάσω
2948 2813 3016 2866 τά
3048 2829 3112 2880 γε
3163 2809 3390 2866 τοιαῦτα
3443 2809 3790 2876 φιλοσοφεῖν,

2206 2914 2284 2968 ὅτ’
2335 2911 2490 2965 οὐδὲν
2537 2909 2688 2962 ἔστιν
2737 2909 2916 2960 εἰπεῖν
2959 2903 3200 2958 ὁντινοῦν
3251 2901 3478 2955 ἐκείνων
3532 2901 3791 2968 ἄμεινον.

2220 3007 2415 3076 Ἡμεῖς
2444 3004 2501 3056 δὲ
2537 3003 2697 3072 μόνον
2725 3000 2800 3063 ὡς
2833 2999 3046 3052 ἔνεστιν
3077 2995 3522 3066 ἀφοσιωσάμενοι
3549 2993 3620 3044 τά
3653 2991 3793 3060 περὶ

2208 3099 2398 3160 τῶνδε,
2424 3091 2524 3150 εἴτ’
2575 3095 2670 3148 ἐπὶ
2697 3093 2764 3147 τὰ
2809 3092 3001 3160 πρόσω
3031 3091 3380 3162 χωρήσομεν.
3409 3087 3519 3140 Καὶ
3547 3086 3660 3154 γάρ
3693 3090 3791 3136 καὶ

2209 3190 2272 3242 τὸ
2301 3187 2487 3260 σχῆμα
2525 3187 2624 3255 τῆς
2677 3183 2916 3254 ὁμιλίας,
2961 3183 3056 3236 καὶ
3099 3183 3134 3250 ἡ
3181 3179 3276 3232 τοῦ
3307 3178 3470 3246 λόγου
3500 3178 3792 3246 καταρχίς

2209 3278 2377 3349 ὁρμὴ,
2403 3277 2579 3348 εἴργει
2599 3275 2854 3330 τοσοῦτον
2885 3271 3393 3344 ὑπερεκτείνεσθαι,
3419 3271 3622 3330 πάσαις
3652 3269 3786 3321 ἑπό-

2211 3387 2370 3440 μενον
2418 3370 2540 3431 ταῖς
2587 3366 3016 3436 παρεκδρομαῖς,
3064 3365 3168 3416 κᾶν
3215 3363 3518 3430 ἀναγκαῖαι
3565 3361 3626 3412 τὸ
3661 3355 3791 3411 κατ’

2207 3457 2374 3519 αὐτὰς
2434 3455 2710 3524 λέγεσθαι.
2773 3454 3032 3525 Ἀρκτέον
3075 3453 3141 3523 δὴ
3199 3454 3297 3504 καὶ.
3353 3452 3668 3520 πειρατέον,
3712 3451 3788 3512 ὡς

2207 3544 2318 3602 οἶόν
2347 3565 2431 3616 τε,
2459 3548 2550 3603 διὰ
2583 3549 2830 3619 βραχέων
2861 3546 3156 3599 ἀποδοῦναι
3183 3545 3274 3596 τὸν
3304 3545 3480 3610 λόγον.

529 3668 784 3736 princeps
814 3660 1077 3715 Orationis
1104 3656 1436 3716 institutum,
1488 3653 1914 3720 tantopervnos
1968 3646 2184 3719 evagari
2227 3661 2334 3701 non
2363 3646 2514 3711 sinit,
2582 3654 2642 3700 ut
2706 3646 2960 3699 omnibus
3006 3642 3244 3712 obliquis
3298 3642 3444 3695 velut
3503 3640 3788 3694 excursio-

532 3755 1050 3832 nibusinsislamus,
1083 3752 1335 3820 quamvis
1364 3747 1493 3816 ipsa:
1527 3760 1620 3814 per
1659 3759 1718 3798 se
1777 3743 2100 3797 necessaria:
2173 3743 2282 3796 sint
2320 3740 2622 3810 explicatu.
2659 3739 3030 3809 incipiendum
3060 3737 3243 3808 igitur,
3295 3750 3574 3804 operaque
3602 3734 3785 3788 danda

530 3868 628 3922 pro
660 3851 862 3904 viribus
895 3858 952 3901 ut
987 3862 1074 3900 res
1105 3853 1217 3898 t0ta
1253 3840 1513 3896 brevibus
1545 3849 1872 3906 exponatur.

605 3945 807 3998 Delicta
865 3939 1061 4010 partim
1107 3952 1174 3991 ex
1220 3933 1561 4004 ignoratione
1601 3931 1838 3999 perfecta
1883 3929 2106 3999 prolici-

530 4047 780 4100 Sr-uutur,
808 4047 980 4100 eaque
1025 4043 1156 4084 sane
1197 4027 1400 4080 fuerint
1430 4039 1459 4077 a
1505 4023 1713 4090 quavis
1755 4029 1868 4074 tum
1921 4035 2106 4088 paena,

537 4139 646 4178 tum
681 4119 1104 4191 reprehensione
1131 4117 1394 4169 immunia
1419 4128 1434 4177 ;
1456 4111 1651 4180 partim
1673 4125 1699 4162 a
1725 4109 2028 4162 scientibus
2055 4117 2109 4162 et

533 4213 894 4284 prudentibus
912 4209 1364 4266 admittuntur,et
1388 4209 1638 4256 accurata
1656 4202 1970 4264 voluntate;
1989 4215 2109 4268 qua:

535 4302 869 4372 probationis
889 4298 1030 4353 haud
1053 4303 1231 4364 egent,
1255 4309 1360 4363 qua
1379 4291 1718 4354 ostendatur,
1737 4305 1857 4344 esse
1880 4305 2106 4358 prorsus

534 4413 596 4450 ea
630 4393 957 4453 voluntaria,
990 4404 1109 4443 cum
1136 4403 1164 4442 a
1204 4402 1338 4456 pura
1383 4383 1653 4438 electione
1685 4382 1852 4435 animi
1890 4380 2106 4450 prolici-

535 4496 778 4542 scantur.
808 4481 942 4535 Nam
973 4479 1241 4548 ejusmodi
1272 4473 1562 4530 manifesto
1599 4472 1904 4526 voluntaria
1935 4481 2096 4536 sunt;

2277 3929 2404 3982 Τῶν
2429 3925 2846 3999 ἁμαρτημάτων
2867 3926 2936 3979 τὰ
2967 3925 3064 3994 μὲν
3095 3923 3213 3976 ἔστι
3243 3922 3364 3975 κατῖ
3393 3921 3622 3988 ᾄγνοιαν
3650 3938 3784 3974 παν-

2207 4020 2357 4090 τελῆ,
2411 4021 2506 4073 καὶ
2535 4016 2645 4072 εἷεν
2700 4018 2766 4072 ἂν
2811 4017 3077 4088 ἐλεύθερα
3121 4016 3278 4085 δίκης
3327 4012 3650 4084 ἡστινοσοῦν
3692 4013 3780 4066 καὶ

2211 4114 2472 4184 μέμψεως
2496 4130 2510 4143 ·
2537 4113 2605 4166 τά
2642 4113 2700 4165 δὲ
2731 4114 2790 4164 ὲν
2824 4109 3027 4179 γνώσει
3056 4109 3319 4176 γινόμενα
3351 4105 3447 4159 καὶ
3481 4105 3620 4158 κατὰ
3662 4104 3782 4175 βού·

2207 4205 2368 4275 λησιν
2391 4204 2618 4274 ἀκριϐῆ,
2643 4204 2805 4258 ἅτινα
2825 4204 2886 4256 ού
2911 4203 3086 4256 δεῖται
3109 4199 3382 4254 δεικνύναι
3409 4196 3778 4264 κατασκευῆς,

2211 4297 2286 4359 ὡς
2313 4295 2401 4366 ἄρ’
2442 4295 2668 4349 ἑκούσια
2704 4294 3007 4359 παντελῶς,
3047 4292 3145 4345 ἅτε
3180 4291 3554 4362 προαιρέσεως
3588 4291 3781 4358 ἀκραι-

2212 4387 2376 4454 φνοῦς
2401 4386 2550 4439 ὄντα.
2583 4385 2664 4437 Τὰ
2695 4383 2804 4452 γὰρ
2830 4383 2892 4452 δὴ
2919 4381 3141 4435 τοιαῦτα
3172 4381 3357 4449 σαφῶς
3387 4379 3613 4432 ἑκούσια
3637 4394 3654 4409 ο
3689 4377 3778 4430 καὶ

2209 4477 2362 4533 οὐδὲν
2398 4477 2598 4531 κωλύει
2633 4476 2694 4529 τὸ
2732 4477 2808 4545 μὴ
2836 4477 2930 4529 καὶ
2961 4474 3021 4527 τὸ
3053 4474 3292 4543 ἔμπαλιν
3324 4467 3463 4524 εῖναι
3490 4487 3506 4501 °
3533 4471 3682 4539 λέγω
3718 4471 3776 4520 τὸ

537 4593 634 4633 nec
655 4576 950 4645 quidquam
977 4569 1220 4641 prohibet
1239 4581 1349 4637 quo
1370 4567 1551 4619 minus
1568 4572 1621 4618 et
1643 4564 1760 4618 vice
1778 4577 1933 4618 versa
1951 4561 2103 4617 dica-

2210 4570 2302 4623 καὶ
2334 4571 2444 4623 πᾶν
2472 4569 2720 4622 ἑκούσιον
2741 4569 2838 4636 τῆς
2877 4565 3250 4636 προαιρέσεως
3275 4563 3545 4631 γίνεσθαι.
3571 4564 3648 4616 Οὐ
3672 4563 3770 4628 γὰρ

537 4680 649 4744 ιιιι·ν
679 4663 944 4737 quidquid
984 4660 1354 4716 voluntarium
1397 4659 1489 4721 sit,
1513 4657 1579 4710 ad
1602 4656 1921 4710 electionem
1943 4655 2106 4724 perti-

503 4761 506 4766 ’
536 4777 686 4815 nere.
712 4756 829 4811 Non
862 4757 1002 4810 enim
1027 4753 1228 4821 ubique
1253 4749 1643 4820 requirendum
1671 4756 1755 4802 est
1781 4747 1835 4799 id
1865 4746 2010 4814 quod
2039 4760 2104 4799 ex

537 4855 708 4908 altera
740 4855 895 4920 parte
920 4845 1234 4914 respondet,
1262 4856 1385 4894 nam
1421 4854 1545 4908 quae
1570 4837 1731 4891 latius
1765 4843 1974 4906 patent,
1999 4848 2108 4898 una

538 4956 664 4998 cum
706 4938 951 5010 partibus
977 4937 1090 4990 suis
1119 4943 1174 4988 et
1206 4933 1316 5001 ipsa
1351 4940 1463 4983 tum
1517 4927 1954 4990 considerantur,
1993 4934 2106 4978 tum

539 5047 660 5089 sese
689 5029 958 5084 oderunt:
986 5035 1041 5079 at
1067 5026 1122 5078 in
1153 5021 1403 5092 partibus
1433 5034 1542 5073 non
1567 5017 1775 5079 itidem,
1807 5015 1950 5084 quod
1983 5013 2108 5066 uni-

542 5121 804 5178 versalius
836 5128 940 5175 est.
968 5116 1098 5171 Tale
1123 5129 1254 5169 vero
1281 5111 1541 5182 quiddam
1567 5124 1690 5163 esse
1723 5117 1829 5162 tam
1857 5108 2110 5160 volunta-

540 5212 683 5266 rium
710 5209 874 5278 quam
895 5208 1240 5266 electionem.
1265 5205 1439 5257 visum
1463 5209 1546 5255 est
1576 5200 1888 5256 exercitatis
1925 5199 1978 5250 in
2009 5198 2112 5251 hoc

543 5319 738 5377 genere
755 5304 907 5368 viris,
925 5302 1100 5370 iisque
1119 5310 1228 5354 tum
1251 5300 1407 5368 plane
1426 5297 1603 5360 bonis,
1629 5304 1740 5348 tum
1761 5293 2112 5360 virtutezpraa-

542 5396 694 5453 ditis.
715 5395 881 5447 Aiunt
919 5392 1089 5450 enim.
1110 5390 1430 5443 electionem
1492 5400 1598 5439 non
1630 5399 1752 5442 esse
1785 5383 1930 5438 idem
1963 5378 2112 5449 quod

546 5484 934 5546 voluntarium,
963 5480 1055 5536 sed
1082 5491 1287 5550 partem
1310 5481 1450 5547 ejus.
1474 5477 1544 5531 At
1573 5479 1627 5530 in
1657 5475 1960 5530 voluntaria
1980 5473 2114 5527 sub-

543 5581 713 5637 tiliter
732 5574 1212 5637 existimabantur,
1243 5586 1582 5639 quaecunque
1628 5578 1782 5638 putat
1804 5565 2001 5634 aliquis
2018 5580 2114 5619 ne-

542 5675 744 5730 minem
772 5683 963 5725 sanum
986 5679 1213 5738 prorsus
1230 5664 1425 5738 debere
1443 5663 1576 5717 velle
1601 5677 1790 5730 ;quam
1811 5660 2029 5731 quidem
2046 5659 2116 5713 ob

543 5777 766 5821 causam
785 5774 885 5815 nec
905 5765 1052 5813 amat
1073 5734 1279 5818 θειωοέ
1308 5753 1484 5806 facere
1501 5754 1666 5820 cupit,
1705 5754 1814 5804 imo
1852 5764 1980 5804 vero
2019 5765 2117 5818 pro

538 5853 748 5930 insigni
775 5851 929 5908 lucro
953 5849 1102 5907 ducit
1131 5845 1274 5918 quod
1317 5844 1455 5900 nihil
1482 5844 1585 5900 sibi
1623 5860 1743 5899 cum
1772 5845 1851 5900 eis
1869 5857 2115 5912 unquam

2209 4659 2489 4729 πανταχοῦ
2523 4658 2584 4712 τὸ
2619 4657 2978 4726 άντιστρὲφον
3009 4655 3360 4725 ἀπαιτητέον.
3391 4654 3471 4705 Τὰ
3506 4654 3615 4720 γὰρ
3665 4654 3776 4702 ἐπι-

2207 4751 2368 4804 πλέον
2396 4751 2492 4805 καὶ
2525 4749 2912 4816 συνθεωρεῖται
2938 4749 3030 4800 καὶ
3057 4747 3475 4814 συνεισφέρεται
3526 4743 3606 4815 τῷ
3637 4741 3772 4810 σφῶν

2210 4840 2388 4893 αὐτῶν
2427 4839 2584 4910 μέρει
2607 4854 2620 4868 ⁸
2652 4841 2720 4892 τά
2751 4841 2894 4907 μέρη
2929 4837 2988 4890 δὲ
3023 4837 3208 4888 οὐκέτι
3233 4835 3308 4903 τῷ
3342 4832 3769 4900 καθολικωτέρῳ,

2210 4934 2452 4987 τοιοῦτον
2483 4933 2540 4986 δὲ
2566 4935 2626 4985 τδ
2650 4933 2900 4986 ἑκούσιον
2931 4932 3027 4986 καλ⁹
3061 4932 3093 4999 ἠ
3126 4929 3453 5000 προαίρεσις
3487 4927 3635 4991 ἔδοξε
3668 4927 3769 4981 τοῖς

2211 5025 2341 5094 περὶ
2363 5023 2435 5076 τὰ
2453 5022 2683 5076 τοιαῦτα
2706 5025 3079 5090 ἐσχολακόσιν,
3105 5020 3334 5090 ἀνδράσι
3357 5020 3537 5071 πάντα
3561 5015 3768 5082 ἀγαθοῖς

2211 5113 2307 5165 καὶ
2354 5108 2895 5175 σπουδαίοις.σ>Είναι
2931 5111 3031 5180 μὲν
3067 5110 3176 5178 γὰρ
3213 5109 3310 5177 τὴν
3347 5105 3670 5175 προαίρεσιν
3714 5104 3765 5152 ο)

2213 5205 2407 5256 ταυτὸν
2429 5202 2507 5272 τῷ
2529 5203 2788 5272 ἑκουσίῳ,
2813 5203 3026 5255 ἐκείνου
3054 5201 3113 5254 δέ
3144 5217 3198 5252 τι
3236 5200 3422 5268 μέρος.
3461 5195 3602 5248 Ἀλλ’
3627 5196 3767 5261 ἀκρι·

2214 5295 2324 5354 6ῶς
2363 5296 2461 5363 μὲν
2495 5293 2730 5347 ἀκούσια
2787 5293 3201 5361 νομισθήσεται,
3260 5290 3361 5341 ὅσα
3418 5289 3482 5356 δή
3546 5303 3630 5348 τις
3683 5283 3765 5348 οὐχ

2214 5389 2430 5456 ἡγεῖται
2466 5385 2667 5452 θελητὰ
2715 5384 3040 5452 τοπαράπαν
3082 5377 3222 5434 εἶναι
3252 5383 3364 5442 τοῖς
3399 5378 3461 5432 εῦ
3487 5376 3762 5447 φρονοῦσι·

2215 5480 2309 5530 καὶ
2334 5477 2423 5529 διά
2451 5475 2610 5528 τοῦτο
2646 5474 2772 5528 οὒτε
2821 5474 2986 5544 φιλεῖ,
3031 5471 3156 5526 ούτε
3193 5471 3458 5542 πράττειν
3493 5469 3627 5521 αὐτὰ
3656 5463 3764 5535 βού-

2216 5569 2369 5622 λεται
2389 5584 2404 5600 ο
2427 5567 2564 5620 ἀλλὰ
2591 5567 2684 5620 καὶ
2706 5566 2839 5620 πολύ
2869 5585 2921 5618 τι
2952 5565 3142 5634 κέρδος
3171 5563 3385 5632 νομίζει
3410 5561 3471 5613 τὸ
3496 5561 3626 5629 μηδὲ
3655 5571 3765 5619 συγ-

2218 5662 2500 5730 γεγονέναι
2546 5660 2787 5713 τουτοισὶ
2822 5656 3088 5728 μηδαμῶς
3149 5653 3452 5725 μηδέποτε,
3480 5652 3610 5721 μηδὲ
3656 5644 3763 5701 καθ’

2219 5748 2509 5823 ἡντιναοῦν
2562 5750 2889 5819 φαντασίαν,
2937 5749 2970 5817 ἦ
3003 5747 3134 5815 γοῦν
3181 5745 3431 5800 ἐπίνοιαν
3487 5741 3760 5811 λογισμῶν.

2222 5845 2321 5897 Ἢν
2351 5843 2408 5896 δέ
2436 5860 2487 5898 τι
2513 5843 2776 5912 πράττειν
2803 5839 3122 5910 ἀναγκασθῇ
3159 5838 3325 5910 μηδὲν
3356 5836 3492 5900 ὅλως
3527 5834 3762 5906 βουλόμε-
