3978 6598
265 417 382 488 ἐὲῦ

1658 427 1940 487 ORATIO
1981 427 2086 484 ιιι.

3399 421 3501 481 430

271 553 371 597 νος
408 531 567 604 πολλῇ
603 538 892 621 περιουσίᾳ
922 535 1228 607 δυνάμεως,
1260 540 1463 608 σφόδρα
1501 538 1823 608 βιαζομένου

1942 535 2038 588 allo
2087 533 2246 587 modo
2277 532 2586 590 commercii
2635 530 2815 594 fuerit,
2844 545 2909 584 ne
2938 545 3032 599 per
3064 531 3503 601 imaginationem

267 621 372 676 τοῦ
405 624 719 692 πράγματος
750 622 784 691 ἢ
816 624 1132 693 προσώπου,
1156 626 1408 680 λυπεῖται
1445 628 1564 696 μὲν,
1589 627 1832 698 χωροῦν-

260 731 369 776 τος
409 713 497 766 τοῦ
541 713 740 776 δεινοῦ,
774 713 928 782 ζητεῖ
967 716 1024 769 δὲ
1057 716 1258 786 τρόπον
1287 720 1502 772 ἅπαντα
1556 720 1711 772 λύσιν
1741 719 1836 771 τοῦ

233 805 511 874 -χαλεποῦ
541 821 554 833 ·
591 807 686 858 καὶ
716 805 898 860 πάντα
928 807 1077 860 λίθον
1106 809 1288 878 (φασὶ)
1316 811 1474 874 κινεῖ,
1523 810 1617 863 καὶ
1659 827 1836 880 μηχαο

260 899 375 959 νας
417 898 506 949 ἐπὶ
553 901 846 966 μηχαναῖς,
880 899 975 951 κιπή⁹
1019 900 1240 953 ἀνιᾶται
1289 902 1455 970 μηδὲν
1500 901 1708 956 ἀνύων·
1743 903 1837 956 καὶ

259 987 555 1052 διόρθωσιν
599 989 858 1052 λαϐόντος
893 991 989 1043 τοῦ
1043 991 1436 1061 τυραννοῦντος
1484 995 1586 1064 ἢδη
1637 995 1834 1058 κακοῦ,

265 1077 394 1138 πῶς
437 1078 561 1142 οῖει,
610 1080 776 1132 πόσον
824 1081 1054 1150 ῆδεταις
1107 1084 1273 1137 πόσον
1319 1085 1540 1155 χαίρεις
1601 1087 1836 1155 σκιρτῶν

265 1169 486 1238 φαιδρῷ
515 1168 595 1238 τῷ
643 1170 944 1242 προσώπῳ,
977 1175 1072 1226 καὶ
1107 1175 1292 1244 σαφῶς
1345 1179 1457 1240 τοῖς
1502 1177 1644 1239 ὅλοις
1675 1179 1837 1232 αὑτὸν

255 1259 502 1326 δεικνὺς,
529 1261 605 1324 ὡς
637 1263 720 1314 ὅτι
759 1264 834 1333 μὴ
867 1267 960 1316 καὶ
1005 1266 1199 1320 θᾶττον
1245 1269 1615 1339 ἀπήλλακται,
1647 1272 1838 1342 δυσχε-

259 1352 450 1418 ραίνει
472 1367 485 1380 ·
517 1353 613 1404 καὶ
656 1353 751 1407 τοῦ
784 1357 988 1420 παντὸς
1023 1359 1091 1411 ἂν
1143 1359 1232 1427 εἴη
1263 1361 1440 1428 τιμῶν
1471 1364 1572 1429 τήν
1606 1379 1668 1430 γε
1704 1364 1839 1432 πρὸς

255 1440 432 1494 τοῦτο
462 1443 740 1511 φέρουσαν
789 1448 1100 1516 ταχυτῆτα·
1132 1448 1208 1512 ὡς
1245 1450 1312 1503 ἄν
1366 1469 1418 1503 τι
1455 1454 1662 1506 τούτων
1698 1455 1834 1523 ἀπῇ,

256 1532 372 1582 οὐκ
400 1532 544 1585 ἔστιν
573 1534 917 1604 ἀμέμπτους²
941 1539 1316 1608 ἀναφανῆναι,
1357 1541 1627 1609 οὕμενουν
1657 1543 1758 1598 κάν
1789 1546 1842 1596 εἴ

258 1635 330 1670 τι
365 1621 775 1688 προδάλλοιντο,
803 1624 923 1676 ἀνθ’
947 1619 1022 1677 ὧν
1052 1628 1150 1679 οὐκ
1179 1629 1366 1696 ἄρτιον
1398 1630 1530 1700 παρ’
1573 1631 1753 1685 αὐτῶν
1781 1634 1839 1688 τὸ

258 1713 550 1779 προσῆκον
579 1712 850 1779 γίγνεται.
887 1717 998 1768 Καὶ
1027 1717 1204 1772 ταῦτα
1252 1722 1351 1789 μὲν
1395 1725 1522 1792 περὶ
1549 1724 1640 1776 τοῦ
1674 1725 1839 1777 ἀκουο

255 1803 390 1853 σέου
413 1818 426 1832 ·
472 1805 602 1872 περὶ
652 1805 709 1857 δὲ
755 1805 860 1866 τοῦ,
901 1808 1151 1862 ἑκουσίου
1188 1812 1392 1880 φαμὲν,
1419 1812 1493 1875 ὡς
1523 1813 1594 1874 οὐ,
1617 1816 1776 1882 μόνον
1803 1817 1838 1870 ἃ

259 1889 536 1959 ποιοῦμεν
588 1892 1026 1962 εὐφραινόμενοι,
1057 1896 1284 1950 ἑκούσια
1307 1937 1324 1963 ,
1359 1899 1492 1954 ἀλλὰ
1517 1904 1610 1955 καὶ
1657 1906 1839 1958 ἐκεῖνα

259 1983 511 2045 πάντως,
534 1982 570 2036 ἃ
604 1983 665 2036 οὐ
697 1983 925 2055 θέλομεν
977 1989 1178 2051 ποιεῖν,
1204 1988 1273 2041 δι’
1323 1991 1490 2060 ἀλλην
1542 1993 1599 2046 δὲ
1643 1995 1840 2064 ἡδονὴν

259 2078 402 2144 ἡμῖν
437 2077 620 2139 αὐτοῖς
665 2076 967 2146 ὲπάγομεν.
1006 2081 1114 2132 Καὶ
1145 2079 1256 2150 γὰρ
1291 2081 1352 2134 τὸ
1397 2085 1656 2152 πράττειν
1689 2088 1838 2150 τινὰς

255 2169 481 2230 ἐκεῖνα,
511 2168 654 2221 ἔστω
691 2168 770 2232 δὲ,
810 2169 902 2239 βία
937 2172 1171 2242 μεγίστῃ
1221 2174 1316 2225 καὶ
1347 2176 1645 2243 τυραννίδι,
1695 2176 1840 2248 ἅπερ

257 2261 337 2312 ἂν
363 2260 544 2327 αὐτῆς
572 2259 817 2332 ἀπούσης
847 2262 948 2315 οὐκ
978 2263 1044 2318 ἂν
1078 2265 1369 2334 ἔπραττον,
1395 2267 1494 2320 οὐκ
1520 2268 1670 2321 ἐστιν
1692 2270 1840 2340 ὅμως

256 2351 509 2414 ἄκοντας
545 2353 827 2421 πράττειν,
881 2355 1019 2408 ἀλλὰ
1065 2357 1378 2410 τούναντίον
1411 2360 1636 2423 ἑκόντας
1681 2379 1841 2432 περι·-

256 2441 478 2510 φανῶς,
519 2443 680 2512 είπερ
717 2444 934 2509 ἑκόντες
965 2447 1190 2510 ἑαυτοὺς
1221 2451 1304 2511 είς
1329 2453 1559 2520 ταυτηνὶ
1592 2452 1690 2522 τὴν
1719 2453 1840 2522 βίαν

253 2535 593 2602 εἰσήγαγον,
628 2535 728 2604 τὴν
760 2535 932 2606 ἀρχὴν
977 2537 1072 2590 τοῦ
1123 2539 1412 2610 βιασθῆναι
1447 2543 1658 2597 οἴκοθεν
1686 2545 1841 2597 αὐτοὶ

251 2628 802 2694 παρεισαγαγόντες.
840 2630 950 2683 Καὶ
991 2631 1188 2697 γένοιτ’
1233 2632 1300 2685 ἂν
1335 2634 1545 2688 ἐκεῖθεν
1595 2652 1842 2706 καταφα-

255 2718 376 2778 νὲς.
424 2716 489 2769 '0
543 2718 648 2788 γὰρ
696 2719 944 2789 τυράννῳ
1002 2721 1198 2788 μισθοῦ
1254 2723 1546 2791 δουλεύων,
1577 2727 1735 2790 εἰδὼς
1765 2729 1842 2791 ὡς

253 2808 418 2860 ἐστιν
455 2808 669 2878 ἀνάγκη
701 2810 964 2878 πράττειν
994 2811 1056 2864 ea
1083 2814 1260 2882 τούτῳ
1306 2814 1487 2880 δόξαν,
1532 2818 1564 2886 ἢ
1607 2819 1725 2887 μετ’
1755 2821 1840 2872 al!-

259 2903 484 2969 σχύνης
510 2901 600 2952 καὶ
635 2901 860 2968 πληγῶν
886 2903 1246 2974 ἀφαιρεθῆναι
1277 2908 1335 2958 τὸ
1367 2909 1494 2976 ζῇν·
1527 2910 1698 2963 ἔπειτ’
1720 2913 1843 2964 ἀνε-

257 2991 383 3044 λείν
442 2991 674 3054 ἀθὼους,
724 2993 1074 3060 λωποδυτεῖν,
1111 2997 1439 3068 ἱεροσυλεῖν.
1468 3002 1576 3054 πᾶν
1624 3003 1839 3056 ἀνόσιον

259 3085 477 3145 ποιεῖν,
512 3084 602 3135 ὑπ’
644 3084 851 3137 ἐκείνου
883 3085 1208 3158 βιαζόμενος
1239 3091 1518 3155 τοσοῦτον,
1552 3093 1628 3158 ὡς
1658 3096 1753 3148 atat
1782 3097 1842 3149 τὸ

255 3173 427 3241 ξίφος
477 3174 853 3242 ὲπισειόμενον
912 3176 1060 3245 αὺτῷ
1113 3178 1357 3248 καθορᾷν
1406 3180 1553 3234 δυοῖν
1588 3183 1774 3250 ἕνεκα,
1803 3187 1837 3255 ἢ

254 3265 356 3318 τοῦ
396 3267 524 3318 ταῖν
550 3268 731 3335 χεροῖν
753 3267 1070 3336 ἀποσφάξαι
1097 3271 1222 3333 τοὺς
1261 3271 1460 3336 ἀδίκως
1485 3273 1562 3343 τῷ
1588 3278 1838 3348 τυράννῳ

1945 3266 2030 3361 rio
2053 3267 2158 3361 sibi
2196 3267 2510 3361 faciundum
2539 3279 2684 3346 quod
2725 3281 2828 3351 ipsi
2849 3285 3024 3342 visum
3055 3289 3242 3361 fuerit,

259 3358 659 3427 μισουμένους,
680 3359 777 3411 καὶ
806 3360 986 3413 πάντα
1022 3362 1290 3431 πράττειν
1320 3365 1388 3417 τὰ
1414 3366 1646 3437 ἄθεσμα,
1681 3370 1714 3439 ἢ
1745 3369 1840 3422 τοῦ

257 3454 374 3515 τοῖς
411 3451 582 3504 αὐτοῦ
615 3451 943 3521 μολυνθῆναι
977 3453 1036 3505 τὸ
1072 3455 1226 3524 ξίφος
1261 3456 1490 3526 αἴμασιν
1512 3475 1525 3489 ·
1549 3461 1577 3511 ό
1603 3461 1659 3512 δὲ
1691 3466 1843 3530 μισεῖ

257 3542 365 3610 μὲν
423 3541 572 3610 μάλα
622 3544 718 3593 τὸν
764 3541 925 3609 φόνον
955 3542 1214 3612 (δεδόσθω
1244 3546 1374 3616 γὰρ)
1396 3587 1413 3612 ,
1449 3547 1647 3618 πράξει
1675 3550 1720 3602 δ’
1748 3551 1840 3604 οῦν

256 3635 422 3702 ὅμως
454 3632 546 3684 τὸν
575 3633 756 3701 φόνον,
786 3634 878 3688 καὶ
913 3635 974 3687 τὸ
1000 3634 1133 3705 ἀγος
1160 3639 1280 3690 ταῖν
1311 3641 1494 3708 χεροῖν
1523 3642 1837 3713 ἐνεργήσει·

254 3725 386 3788 πῶς
447 3723 545 3793 οὐχ
593 3722 737 3776 ἑκών
772 3741 836 3791 γε
873 3725 1071 3797 δήμιος
1105 3729 1132 3781 ό
1162 3728 1405 3792 τοιοῦτος
1437 3730 1676 3798 γέγονες
1728 3734 1840 3786 Kal.

260 3819 376 3888 μὴν
419 3815 514 3869 καὶ
551 3815 740 3884 ἕτερον
791 3817 967 3886 ἔγωγε
1020 3819 1307 3890 ἡκηκόειν,
1337 3821 1430 3889 ὅγε
1464 3821 1538 3893 μὴ
1569 3825 1710 3878 πάνυ
1735 3826 1841 3878 διέ-

256 3924 443 3978 στηκε
491 3906 585 3960 τοῦ
640 3908 768 3978 πρὶν
821 3909 952 3979 ἡμῖν
1005 3912 1327 3981 εἰρημένου,
1355 3913 1406 3966 εί
1443 3913 1518 3984 μὴ
1548 3915 1628 3984 τῷ
1661 3917 1839 3986 πολλῷ

256 4002 456 4071 χεῖρον
495 3994 636 4053 εἶναι
669 4000 880 4053 ἐκείνου
903 4016 916 4030 ·
947 4003 1040 4056 καὶ
1065 4003 1207 4070 δόξει
1235 4003 1356 4067 μὲν,
1386 3999 1444 4058 εὖ
1480 4002 1622 4073 οἶδα,
1651 4008 1839 4061 καινὸν

257 4095 318 4147 τὸ
350 4095 622 4162 πρᾶγμα,
655 4093 852 4162 ἀληθὲς
881 4094 937 4147 δὲ
974 4096 1284 4165 ἰσχυρίζετο
1320 4094 1462 4152 εἶναι
1493 4101 1521 4153 ό
1553 4098 1714 4153 τοῦτο
1753 4099 1840 4154 λέ-

260 4202 408 4254 γων.
469 4186 663 4252 Ἔλεγε
711 4189 820 4255 γὰρ
870 4187 1208 4257 ἐπιθυμῆσαί
1238 4206 1359 4244 τινα
1393 4191 1501 4244 άπδ
1545 4191 1720 4262 θυμοῦ
1750 4209 1840 4244 το-

260 4274 493 4346 πρῶτον
519 4275 843 4344 ἀρξάμενον,
872 4280 951 4340 είς
975 4278 1064 4329 τὸν
1087 4281 1254 4332 αὑτοῦ
1280 4282 1505 4349 μείζονα
1529 4282 1834 4353 ὲξυόρίσαι·

262 4369 360 4417 καὶ
385 4363 575 4426 δεδιὼς
597 4365 655 4416 τὸ
677 4365 945 4435 ὑπερέχον
965 4367 1216 4436 τάνδρὸς,
1241 4371 1343 4422 οὐκ
1364 4372 1590 4441 ἐτόλμα.
1613 4373 1837 4444 Ἐξεῦρε

259 4454 306 4507 δ’
334 4456 496 4516 ὅπως
521 4454 717 4518 ἐξοίσει
737 4457 818 4517 είς
839 4458 1167 4527 παραφορὰν
1194 4460 1387 4512 ἑαυτὸν
1413 4463 1501 4513 καὶ
1523 4461 1840 4533 θρασύτητα

236 4521 599 4600 ἀκάθεκτον.
641 4521 1018 4621 Ἐμφρρηθὲς⁷
1055 4521 1166 4616 γὰρ
1218 4550 1461 4619 ἀκράτου
1494 4521 1716 4616 πολλοῦ,
1746 4521 1839 4607 ἐπὶ

262 4636 341 4705 τῷ
394 4637 497 4698 τὰς
544 4638 743 4706 φρένας
776 4638 1170 4708 διαφθαρῆναι,
1199 4643 1294 4694 καὶ
1342 4643 1512 4714 ταύτῃ
1549 4661 1612 4713 γε
1639 4645 1840 4715 θράσος

264 4724 485 4790 λαϐεῖν,
512 4732 606 4780 καὶ
635 4729 725 4780 τὸν
774 4730 874 4797 μὲν
920 4731 1230 4801 προῦχοντα
1260 4738 1393 4805 τιμῇ
1443 4739 1564 4799 ταῖς
1617 4737 1840 4806 ὕϐρεσιν

265 4817 601 4882 ἀποπλῦναι,
631 4821 772 4890 ἔχειν
802 4822 859 4874 δὲ
903 4825 1273 4893 ἀναχώρησιν,
1304 4828 1404 4894 τὴν
1436 4828 1535 4880 εἴτ’
1577 4830 1840 4899 ἀναισθη-

269 4909 428 4974 σίαν,
454 4912 563 4962 είτε
600 4911 860 4982 βακχείαν
907 4915 1060 4981 φίλον
1093 4917 1202 4969 τινὶ
1231 4917 1436 4985 λέγειν,
1472 4923 1703 4989 πράττει
1738 4925 1838 4991 μὲν

268 5001 325 5050 τὸ
345 5001 510 5064 δόξαν
541 5003 730 5069 ἀδεῶς,
760 5007 1071 5074 παρήνεγκε
1098 5008 1155 5060 δὲ
1187 5009 1366 5077 πολλῷ
1396 5011 1572 5063 πάντα
1604 5014 1837 5084 ἐμϐρόν-

267 5102 434 5157 τητον
471 5089 564 5140 καὶ
611 5095 1014 5162 τετυφωμένον.
1069 5096 1234 5157 Δίκας
1281 5095 1325 5148 δ’
1371 5099 1839 5167 εἰσπραττόμενος

271 5181 366 5248 τῆς
391 5182 784 5250 ἀναισχυντίας
822 5187 964 5254 μετά
993 5187 1090 5253 τὴν
1126 5188 1296 5257 μέθην
1338 5190 1430 5242 καὶ
1467 5191 1566 5260 τὴν
1598 5191 1837 5258 κραιπά-

272 5268 390 5339 λην,
415 5269 621 5322 κλαίων
656 5276 752 5326 καὶ
800 5273 1086 5343 οίμώττων
1116 5277 1381 5345 ᾐσθάνετο
1410 5279 1594 5341 κακῶς
1628 5278 1726 5346 μὲν
1755 5279 1841 5330 δν·

274 5374 375 5423 τως
428 5360 876 5432 βεὸουλευμένος,
908 5367 1090 5430 κακῶς
1134 5368 1191 5419 δὲ
1247 5369 1391 5437 μάλα
1441 5369 1737 5438 τολμήσας.
1780 5371 1838 5421 '0

273 5446 400 5509 γοῦν
449 5447 691 5511 τοιοῦτος
742 5451 1026 5521 ἄνθρωπος
1070 5455 1170 5506 οὐκ
1205 5455 1270 5508 ἄν
1304 5473 1384 5509 σοι
1415 5457 1543 5528 δόξῃ
1580 5461 1837 5528 πάροινος

277 5531 436 5600 εἶναι,
468 5538 617 5591 τοῦτ’
651 5543 784 5595 αὐτὸ
836 5542 1001 5614 βουλῇ
1055 5550 1148 5598 καί
1196 5548 1390 5618 γνώμῃ
1427 5552 1833 5618 γεγενημένοςς

275 5625 416 5679 Πάνυ
451 5631 727 5698 μοιδοκῶ,
757 5637 854 5686 καὶ
892 5637 1098 5698 πάντας
1128 5631 1282 5705 οἶμαι
1307 5640 1600 5692 συνθέσθαι
1624 5645 1689 5710 τῇ
1711 5643 1836 5714 δόξῃ

279 5720 464 5803 ταυτῃ.
486 5723 596 5790 Οὐχ
617 5723 770 5787 οὗτος
792 5726 846 5778 δὲ
871 5727 1058 5795 μόνον,
1080 5725 1256 5798 οἶμαι,
1278 5734 1304 5782 ό
1329 5730 1606 5800 προῦργου
1623 5737 1683 5786 τὸ
1706 5752 1838 5803 προ-

287 5802 581 5879 πηλακίσαι
617 5818 986 5886 ποιησάμενος
1009 5857 1024 5884 ,
1077 5815 1175 5873 εἶτ’
1205 5823 1295 5874 ἐπὶ
1324 5822 1458 5892 τῷδε
1505 5827 1838 5893 μεθυσθῆναι

1941 627 2163 696 quidem
2201 640 2586 694 quamcunque
2615 625 2700 679 vel
2745 624 3135 694 cogitationum
3200 628 3508 695 mentisque

1943 718 2386 786 conceptionem.
2413 717 2566 782 Quod
2595 716 2638 770 si
2663 716 2793 784 quid
2825 716 3051 770 omnino
3075 731 3182 770 non
3206 719 3396 772 volens
3425 721 3508 772 fa-

1937 823 2062 863 cere
2087 817 2308 863 coactus
2337 807 2521 872 fuerit,
2538 807 2705 861 nimia
2729 808 2779 859 vi
2807 808 3090 874 potestatis
3115 807 3405 873 adductus,
3427 811 3509 863 vel

1947 908 2128 965 re,vel
2157 914 2386 969 persona
2416 899 2672 970 quapiam
2699 899 2899 954 acriter
2921 911 3167 968 cogente,
3185 900 3342 954 dolor
3356 903 3513 969 equi-

1937 992 2059 1050 dem
2096 993 2326 1046 allicitur
2343 993 2412 1046 ob
2447 993 2576 1046 mali
2605 1006 2981 1061 progressum,
3006 992 3099 1046 sed
3119 993 3314 1062 quovis
3347 994 3511 1046 modo

1941 1087 2017 1139 rei
2035 1063 2278 1140 molesta;
2311 1086 2469 1139 linem
2491 1086 2705 1153 quaerit,
2735 1101 3063 1154 omnemque
3082 1086 3312 1155 lapidem
3342 1088 3511 1156 (quod

1939 1175 2118 1244 aiunt)
2145 1185 2348 1238 movet,
2381 1191 2444 1230 ac
2479 1177 2792 1231 molitiones
2848 1177 3229 1232 molitionibus
3265 1181 3511 1232 cumulat

1939 1267 2031 1318 sed
2060 1267 2192 1319 nihil
2215 1267 2478 1336 proficere
2495 1268 2644 1322 dolet
2680 1285 2693 1320 :
2728 1276 3015 1337 postquam
3049 1269 3283 1350 denique
3306 1270 3508 1323 malum

1941 1357 2071 1410 illud
2099 1358 2202 1410 vim
2232 1358 2466 1412 aﬂerens
2511 1359 2624 1428 jam
2684 1359 3066 1423 emendatum;
3096 1370 3197 1423 est,
3247 1371 3510 1429 quantum

1941 1458 2100 1518 putas
2137 1451 2433 1520 voluptatis
2483 1449 2758 1520 percipit?
2785 1463 3050 1519 quantum
3114 1453 3354 1506 ἰξυιὶιίαεῖ
3381 1455 3510 1507 dum

1942 1541 2120 1596 fronte
2151 1541 2310 1595 hilari
2360 1543 2617 1606 exsultat,
2651 1552 2706 1596 et
2743 1543 2902 1612 plane
2930 1543 3092 1598 rebus
3120 1546 3376 1598 omnibus
3417 1545 3514 1598 dr-

1939 1633 2131 1696 clarat,
2163 1635 2548 1702 permolestum
2593 1635 2698 1689 sibi
2732 1637 3003 1698 accidere,
3035 1639 3183 1705 quod
3207 1640 3368 1693 cilius
3401 1655 3510 1692 non

1941 1721 2205 1776 liberatus
2229 1723 2323 1786 sit,
2353 1739 2666 1794 magnoque
2685 1740 2851 1794 supra
2889 1743 2976 1780 res
3013 1743 3206 1782 omnes
3256 1731 3308 1782 in
3335 1732 3512 1798 pretio

1940 1813 2274 1867 celeritatem
2343 1830 2408 1868 eo
2469 1816 2861 1884 perducentem
2927 1819 3150 1884 habet;
3206 1823 3408 1890 quippe
3465 1823 3510 1876 si

1945 1904 2139 1958 horum
2163 1905 2370 1975 aliquid
2394 1907 2558 1971 absit,
2583 1903 3011 1978 reprehensione
3026 1926 3215 1966 carere
3239 1925 3514 1980 nequeunt

1946 1999 2216 2061 homines,
2259 1999 2474 2054 etiamsi
2519 1997 3038 2072 causas'proferant
3091 2006 3162 2060 ob
3211 2023 3349 2076 quas
3390 2008 3514 2062 otti-

1943 2089 2088 2142 cium
2129 2089 2368 2160 perfecte
2405 2107 2510 2146 non
2564 2094 2786 2149 faciant.
2822 2095 2886 2149 Et
2919 2097 3032 2151 hzcc
3069 2099 3290 2170 quidem
3327 2099 3394 2153 de
3431 2101 3515 2152 in-

1945 2180 2276 2236 voluntario.
2330 2182 2405 2238 De
2457 2184 2767 2240 voluntario
2809 2203 2936 2240 vero
2985 2187 3256 2254 dicimus,
3302 2206 3409 2245 non
3447 2207 3511 2248 ea

1944 2273 2106 2324 modo
2156 2287 2279 2340 qua:
2331 2287 2455 2327 cum
2500 2275 2682 2329 laetitia
2739 2276 2968 2334 facimus
3011 2295 3132 2336 esse
3169 2283 3512 2349 voluntaria,

1942 2358 2038 2412 sed
2084 2361 2308 2415 omnino
2357 2371 2412 2416 et
2461 2363 2550 2416 illa
2586 2381 2706 2434 quae
2741 2368 2920 2422 facere
2962 2385 3069 2424 non
3104 2375 3380 2440 volumus,
3415 2377 3511 2430 sed

1941 2450 2166 2504 alterius
2224 2453 2519 2522 voluptatis
2562 2470 2729 2510 causa
2779 2459 2937 2513 nobis
2989 2463 3091 2530 ipsi
3151 2467 3504 2520 arcessimus.

1942 2537 2009 2592 Et
2054 2542 2200 2594 enim
2251 2541 2470 2612 aliquos
2517 2559 2581 2599 ea
2632 2546 2810 2603 facere
2859 2561 3079 2606 coactos
3131 2555 3233 2624 (ut
3282 2556 3334 2610 id
3378 2573 3511 2614 sane

1942 2631 2157 2701 demus)
2185 2634 2236 2687 vi
2279 2637 2673 2707 tyrannideque
2711 2640 2967 2705 maxima,
3005 2661 3126 2714 quae
3158 2649 3204 2702 si
3246 2649 3327 2704 vis
3357 2651 3514 2706 abes.

1943 2732 2048 2789 set,
2080 2741 2187 2780 non
2216 2725 2460 2795 faceret;
2482 2745 2589 2784 non
2619 2732 2671 2786 id
2698 2733 2942 2802 profecto
2975 2738 3171 2795 invitos
3195 2752 3278 2798 est
3308 2742 3509 2809 facere,
3543 2775 3559 2786 δ

1941 2813 2038 2871 sed
2061 2817 2176 2871 vice
2194 2832 2349 2872 versa
2367 2821 2612 2876 volentes
2634 2823 2776 2879 haud
2805 2826 2974 2883 duble
2999 2847 3014 2886 :
3033 2833 3304 2901 siquidem
3326 2839 3511 2892 volen-

1944 2911 2024 2957 tes
2053 2904 2106 2957 in
2130 2912 2268 2960 hanc
2303 2921 2362 2961 se
2387 2909 2497 2962 vim
2529 2913 2963 2983 praecipitarunt,
3013 2935 3136 2976 cum
3170 2924 3392 2994 ipsimet
3441 2947 3507 2986 ex

1943 3008 2062 3048 sese
2114 2997 2384 3066 principio
2415 3005 2720 3062 coactionis
2751 3014 3097 3070 occasionem
3158 3022 3462 3088 praeberent
3492 3046 3507 3081 :

1941 3087 2086 3154 quod
2131 3089 2348 3156 quidem
2379 3085 2460 3185 vel
2507 3094 2633 3152 hinc
2679 3104 3023 3169 apertissime
3089 3085 3346 3179 patuerit.
3404 3117 3509 3185 Qui

1945 3183 2175 3255 tyranno
2204 3181 2470 3235 mercedis
2501 3198 2662 3241 causa
2699 3193 2887 3253 servit,
2909 3209 3032 3250 cum
3076 3187 3221 3256 norit
3251 3181 3510 3262 necessa-

3275 3297 3356 3351 vcl
3383 3314 3506 3354 cum

1945 3355 2240 3426 ignominia
2258 3370 2312 3415 et
2329 3365 2646 3424 verberibus
2666 3373 3018 3432 amittendam
3044 3381 3230 3449 vitam,
3254 3388 3298 3440 si
3315 3389 3510 3445 deinde

1943 3448 2262 3510 innocentes
2285 3459 2828 3531 occidere,grassari,
2847 3471 3132 3540 sacrilegia
3150 3479 3508 3546 committere,

1941 3543 2077 3598 nihil
2109 3561 2212 3602 non
2247 3549 2396 3619 impii
2416 3566 2673 3624 peragere
2706 3561 2920 3627 tyranni
2956 3562 3118 3630 jussu
3159 3583 3329 3638 usque
3369 3543 3508 3628 adeo

1942 3645 2282 3704 cogatur,:ut
2313 3643 2477 3697 etiam
2529 3646 2767 3714 gladium
2809 3652 3088 3710 obvibrari
3130 3659 3232 3711 sibi
3265 3661 3400 3717 duas
3438 3666 3510 3719 ob

1941 3739 2138 3782 causas
2161 3730 2380 3796 videat,
2420 3734 2504 3788 vel
2534 3747 2592 3790 ut
2622 3737 2822 3806 injuste
2846 3751 3079 3812 tyranno
3133 3763 3330 3806 exosos
3393 3758 3509 3810 suis

1942 3816 2058 3884 ipse
2087 3822 2600 3908 manibusjugulet,
2627 3831 2924 3901 omniaque
2956 3835 3166 3891 nefaria
3205 3839 3392 3908 faciat,
3421 3849 3506 3899 Vel

1943 3916 2003 3960 ut
2031 3908 2314 3978 ipsiusmet
2341 3902 2628 3985 sanguine
2655 3920 2870 3989 gladius
2912 3924 3250 3996 inquinetur,
3285 3902 3507 3990 interin.

1942 3999 2060 4068 ipse
2085 4003 2477 4061 vehementcra
2500 4011 2647 4065 czcde
2676 4013 3031 4082 (concedatur
3054 4022 3200 4075 enim
3226 4023 3330 4080 hoc
3347 4029 3502 4096 sane)

1944 4091 2254 4162 abhorreat,
2273 4111 2336 4150 ac
2361 4098 2531 4153 nihilo
2554 4103 2737 4160 minus
2752 4107 2951 4162 caedem
2970 4115 3294 4181 committat,
3313 4127 3369 4173 et
3391 4091 3509 4174 ma;

1943 4185 2105 4239 nibus
2141 4188 2256 4243 suis
2280 4189 2557 4258 piaculum
2601 4196 2708 4250 tale
2765 4211 3006 4271 peragat,
3038 4219 3147 4272 quo
3202 4221 3360 4276 pacto
3394 4228 3504 4268 non

1923 4276 1990 4334 .is
2019 4287 2213 4347 sponte
2237 4296 2336 4336 sua
2384 4285 2628 4341 carnifex
2661 4289 2839 4345 factus
2868 4295 2990 4348 est?
3016 4296 3272 4366 Equidem
3298 4306 3505 4360 etaliud

1941 4375 2247 4439 exctnplum
2299 4377 2492 4432 audire
2526 4384 2772 4449 memini,
2823 4389 2968 4454 quod
2997 4390 3065 4444 ab
3109 4397 3358 4462 cxpasito
3397 4415 3506 4455 non

1943 4462 2172 4517 multum
2221 4464 2407 4527 distat,
2450 4479 2766 4540 extraquam
2823 4480 2971 4546 quod
3017 4481 3110 4536 illo
3150 4486 3309 4556 longe
3355 4465 3507 4558 pejus

1945 4560 2047 4607 est.
2081 4555 2150 4607 At
2188 4571 2275 4610 res
2303 4558 2524 4626 quidem
2575 4563 2713 4631 ipsa,
2740 4569 2972 4632 satscio.
3010 4587 3149 4628 nova
3180 4585 3232 4629 et
3265 4555 3514 4634 ittsolens’

1947 4659 2070 4698 esse
2099 4647 2377 4702 videbitur
2412 4667 2426 4716 ;
2465 4654 2559 4707 sed
2597 4658 2689 4723 qui
2726 4673 2843 4711 eam
2877 4663 3156 4729 narrabat,
3186 4681 3367 4722 veram
3388 4687 3508 4726 esse

1942 4746 2258 4793 constanter
2289 4741 2488 4798 aiebat.
2512 4744 2808 4809 Quetndam
2849 4753 2994 4805 enim
3022 4762 3508 4825 commemorabat,

1944 4842 2196 4882 exorsum
2221 4833 2290 4885 ab
2320 4834 2420 4896 ira,
2457 4838 2734 4904 cupivisse
2757 4844 3090 4897 contumelia
3129 4847 3392 4915 majorem
3449 4868 3507 4904 ευ

1943 4918 2117 4971 virum
2151 4920 2392 4987 afﬁcere,
2423 4941 2658 4997 cumque
2681 4931 2781 4983 viri
2799 4931 3114 4988 formidaret
3130 4937 3506 5000 eminentiam.

1943 5024 2050 5062 non
2099 5011 2148 5065 id
2189 5029 2383 5068 ausum
2425 5017 2628 5083 facere,
2669 5022 2885 5074 tandem
2930 5023 3206 5082 invenisse
3240 5033 3504 5087 rationem

1942 5114 2048 5166 qua
2078 5115 2358 5170 raperetur
2391 5108 2458 5160 ad
2493 5108 2760 5163 insaniam
2804 5123 2857 5165 et
2873 5114 3188 5172 indomitam
3213 5124 3504 5191 quamdam

1943 5189 2222 5246 ferociam.
2263 5195 2434 5250 Multo
2480 5200 2624 5252 enim
2692 5217 2846 5256 mero
2902 5207 3164 5275 repletus,
3214 5189 3272 5266 ut
3312 5222 3510 5272 mentis

1942 5281 2049 5333 vim
2081 5285 2358 5350 perderet.
2391 5297 2555 5356 atque
2589 5290 2691 5345 hoc
2733 5294 2891 5349 modo
2923 5298 3026 5351 sibi
3050 5303 3372 5361 conciliaret
3405 5325 3505 5363 au-

1942 5373 2177 5437 daciam,
2197 5392 2307 5444 quo
2339 5388 2452 5432 tum
2475 5381 2738 5437 eminenti
2758 5385 2964 5444 honore
2998 5391 3118 5447 viro
3141 5403 3505 5454 contumelias

1942 5476 2274 5534 aspergeret,
2300 5477 2411 5522 tum
2434 5471 2620 5542 eﬂttgii
2643 5475 2762 5530 loco
2784 5479 3006 5535 haberet
3039 5499 3198 5540 suum
3225 5490 3374 5544 illum
3397 5495 3508 5547 sive

1943 5565 2220 5624 stuporem
2255 5560 2369 5614 sive
2401 5561 2812 5622 ‘acchationem
2866 5573 2987 5639 quis
3009 5573 3200 5630 dicere
3251 5583 3456 5634 mavult
3492 5601 3504 5644 ;

1945 5648 2152 5716 peregit
2200 5650 2472 5720 intrepide
2503 5657 2646 5723 quod
2707 5658 3042 5730 decreverat,
3110 5683 3235 5720 cum
3284 5672 3501 5738 quidem

1943 5739 2100 5808 longe
2159 5748 2408 5810 quemvis
2449 5745 2705 5802 insanum
2731 5762 2896 5820 atque
2925 5755 3310 5826 lymphaticum
3341 5777 3504 5832 supe-

1943 5833 2260 5890 raret.l‘cst
2296 5837 2437 5892 illam
2488 5842 2857 5897 tcmulentiam
2911 5856 2964 5899 et
3021 5852 3322 5920 crapulam,
3377 5872 3500 5912 cum
