3978 6598
527 416 629 480 431

1690 422 2084 486 MANUELIS
2126 421 2571 487 PAL/EOLOGI

2964 366 3000 382 ος
3046 366 3129 381 ~.9'r

3726 427 3823 499 132

526 545 718 601 pinnas
750 530 1100 600 impudentia
1143 532 1339 595 lueret,
1387 533 1611 601 plorans
1644 546 1698 589 et
1735 537 1949 593 ululans
1977 555 2101 592 seu-

2216 541 2444 609 Θελήσας
2467 559 2483 574 υ
2515 541 2633 595 ἀλλ’
2660 542 2689 594 ὁ
2720 542 2813 593 καὶ
2850 542 2925 611 μὴ
2955 541 3117 595 τοῦτο
3147 541 3541 614 βουλόμενος,
3570 546 3823 614 πολλάκις

527 624 697 677 tiebat
725 624 927 676 malum
961 640 1019 677 se
1045 639 1231 677 revera
1264 625 1554 679 consilium
1597 626 1765 679 inisse
1795 642 1892 681 nec
1919 630 2099 683 minus

2216 632 2251 684 5’
2285 628 2380 685 οὖν
2416 632 2732 701 μεθυσθεὶς,
2772 634 2865 685 καὶ
2902 634 3041 701 μετὰ
3063 633 3161 701 τὴν
3187 634 3392 702 μέθην
3429 634 3694 703 ὑϐρίσας,
3717 635 3826 691 εἶτα

532 716 779 784 improbe
809 714 1115 769 ferociisse.
1145 715 1291 769 Talis
1318 717 1485 784 igitur
1526 718 1689 770 homo
1718 735 1824 771 nun
1874 719 1923 772 in
1973 722 2101 773 vino

531 807 626 859 tibi
649 805 920 859 videbitur
941 805 1301 859 immodestus
1326 821 1467 871 esse,
1488 821 1611 859 cum
1633 808 1820 859 volens
1841 824 1904 861 ac
1918 808 2101 862 scit-ns

532 900 583 950 id
617 898 793 950 factus
825 899 894 950 sit
926 898 947 949 ?
978 896 1108 950 Mihi
1140 897 1363 966 quidem
1399 914 1628 965 prorsus
1660 900 1730 951 ita
1770 901 2004 961 videtur,
2040 909 2098 953 et

533 990 659 1042 huic
690 989 933 1057 Opinioni
979 1004 1113 1041 mea:
1139 991 1412 1042 neminem
1441 1005 1545 1043 non
1572 1006 1923 1045 assensurum
1955 992 2100 1046 arbi-

531 1094 665 1136 tror.
694 1080 880 1150 Neque
923 1090 1133 1135 tantum
1192 1082 1301 1146 hic,
1366 1098 1481 1136 mea
1542 1084 1760 1152 quidem
1801 1085 2099 1149 sententia,

530 1178 624 1243 qui
661 1176 841 1229 studio
864 1175 1037 1227 voluit
1075 1175 1332 1243 injuriam
1371 1174 1574 1229 inferre
1606 1176 1785 1238 alteri,
1810 1185 1975 1243 atque
2000 1177 2102 1230 hoc

535 1269 703 1322 animi
727 1267 1007 1337 proposito
1025 1266 1244 1321 sibimet
1263 1266 1553 1320 ebritatem
1575 1282 1673 1320 sua
1699 1277 1893 1335 sponte
1917 1282 2101 1321 arces-

531 1360 647 1423 siit,
680 1374 866 1412 verum
889 1358 1051 1411 etiam
1087 1358 1178 1424 qui
1212 1356 1315 1411 hoc
1336 1358 1557 1426 quidem
1593 1374 1697 1411 nou
1743 1359 1877 1421 vult,
1901 1358 2099 1426 saepius

532 1459 713 1503 tamen
734 1447 1056 1512 inebriatus,
1086 1454 1249 1514 atque
1280 1458 1403 1514 post
1433 1448 1750 1501 ebrietatem
1779 1448 1948 1501 illatis
2006 1448 2099 1501 in-

527 1540 712 1609 jurits,
743 1554 869 1593 mox
899 1553 1113 1603 rursus,
1147 1537 1333 1591 itidem
1364 1546 1424 1591 ut
1457 1549 1606 1602 ante,
1640 1549 1811 1594 semet
1845 1539 2102 1601 inebriat,

529 1640 584 1684 et
614 1628 939 1683 immodeste
966 1628 1278 1682 vinolentus
1302 1637 1385 1683 est
1414 1637 1468 1683 et
1502 1628 1769 1684 insolens.
1833 1630 2101 1695 Quamvis

532 1726 679 1779 enim
716 1738 777 1777 ea
812 1726 942 1777 hora
971 1739 1079 1792 qua
1113 1722 1370 1792 iujuriam
1411 1722 1611 1786 intulit,
1637 1738 1803 1792 prope
1831 1724 1899 1777 de
1927 1732 2107 1792 potes-

534 1826 646 1870 tate
669 1815 901 1880 exierat,
916 1824 1095 1867 mente
1122 1813 1455 1869 vinidiluvio
1469 1814 1625 1883 quasi
1644 1814 1879 1883 quodam
1906 1813 2100 1867 obruta

533 1908 954 1974 submersaque,
994 1915 1174 1959 tamen
1225 1919 1323 1974 per
1347 1906 1694 1960 occasionem
1744 1906 2102 1974 injurizen'o-

2212 725 2377 778 πάλιν
2410 724 2693 795 χρώμενος
2730 728 2797 794 τῇ
2834 725 2973 797 μέθῃ
3008 724 3274 795 καθάπερ
3312 725 3437 795 πρὸ
3475 727 3604 788 τοῦ,
3637 731 3822 797 πάροι-

2208 832 2299 878 νος
2333 816 2398 869 ἂν
2423 816 2508 885 εἴη
2541 816 2637 868 καὶ
2688 816 2974 884 ὑϐριστής.
3018 814 3078 866 Ei
3105 816 3215 884 γὰρ
3258 818 3370 868 καὶ
3396 817 3534 869 καθ’
3563 818 3632 887 ἢν
3667 835 3821 886 xpos-

2213 907 2513 977 πηλακιζον
2546 906 2714 976 ὥραν,
2754 906 2953 975 μικροῦ
3002 906 3112 958 δεῖν
3152 908 3269 972 ἔξω
3310 907 3557 976 φρενῶν
3595 910 3816 980 ὑπῆρχε,

2209 997 2681 1059 κατακλυσθέντος
2707 1014 2766 1049 τε
2798 999 2894 1049 καὶ
2924 996 3271 1066 ὐποὸρυχίου
3307 986 3711 1067 γεγενημένου
3734 1003 3819 1052 τοῦ

2208 1091 2302 1143 νοῦ
2340 1089 2417 1160 τῷ
2449 1091 2579 1159 οῐνῳ
2603 1107 2618 1121 υ
2666 1088 2803 1141 ἀλλὰ
2831 1091 2898 1158 τῇ
2947 1090 3225 1158 προφάσει
3269 1090 3387 1158 τῆς
3426 1088 3654 1160 ὕϐρεως
3691 1093 3817 1144 ἑκὼν

2210 1182 2563 1252 προσέδραμε
2591 1182 2834 1242 πάντως,
2862 1181 2954 1234 καὶ
2992 1182 3085 1234 τὸν
3111 1181 3393 1252 κρατῆρα
3429 1185 3537 1235 καὶ⁵
3570 1184 3672 1252 τὴν
3705 1185 3818 1251 92i-

2209 1274 2505 1342 ὶηναύτὺς
2554 1273 2847 1341 ἐνέπλησε,
2877 1272 2969 1325 καὶ
3001 1273 3078 1342 τῷ
3124 1273 3385 1342 στόματι
3447 1278 3813 1344 προσενήνοχε

2207 1366 2331 1417 ταῖν
2382 1365 2589 1434 χεροῖν,
2621 1365 2715 1416 καὶ
2773 1363 2951 1429 ἔπιεν,
2984 1364 3047 1417 οὑ
3107 1366 3265 1433 μάλα
3307 1366 3522 1434 διψῶν,
3561 1368 3675 1419 οὶδ⁹
3706 1369 3814 1420 ὅσον

2212 1456 2547 1526 κορεσθέντα
2579 1453 2785 1507 παῦσαι
2815 1454 2915 1522 τὴν
2945 1454 3106 1523 δίψαν
3134 1493 3150 1519 ,
3179 1455 3315 1507 ἀλλ’
3347 1457 3490 1509 ὅσον
3519 1456 3605 1517 είς
3627 1458 3811 1524 μανίαν

2211 1564 2271 1600 τε
2296 1547 2393 1601 καὶ
2427 1546 2786 1616 παραφορὰν,
2821 1544 3004 1597 ίκανδν
3034 1536 3240 1608 ἔδοξεν.
3282 1546 3465 1598 Ὥστε
3494 1547 3560 1599 τδ
3584 1548 3691 1599 πᾶν
3712 1548 3811 1615 εἰρ-

2215 1638 2426 1706 γάσατο
2454 1638 2668 1708 γνώμῃ.
2703 1635 2812 1689 Καὶ
2843 1638 2871 1687 ὁ
2918 1635 2979 1687 τὸ
3015 1634 3243 1707 σπέρμα
3279 1637 3637 1707 παρασχὼν,
3666 1639 3811 1699 αὐτὸς

2210 1728 2321 1781 τῶν
2350 1727 2568 1795 φύντων
2620 1725 2817 1786 αἴτιος.
2874 1724 3102 1779 Πάντων
3131 1727 3244 1795 γὰρ
3282 1727 3439 1796 δμοῦ
3473 1728 3591 1779 τῶν
3635 1727 3802 1790 τελῶν,

2212 1819 2444 1872 καὶτῶν
2484 1816 2767 1869 ὲκόἀσεων
2821 1816 3072 1879 ἁπασῶν,
3105 1816 3201 1869 καὶ
3259 1816 3473 1879 ἁπλῶς
3523 1817 3639 1869 τῶν
3687 1818 3803 1870 ὅλων

2214 1908 2487 1979 περάτων,
2520 1907 2617 1968 τὰς
2670 1907 2843 1975 ἀρχὰς
2893 1908 2990 1961 καὶ
3034 1906 3135 1969 τὰς
3173 1907 3498 1970 ὑποθέσεις
3553 1908 3801 1962 αἰτιατέον

533 1999 651 2055 leus
672 1998 739 2052 ad
770 1999 955 2051 vinum
985 1995 1249 2060 accurrit,
1282 2003 1338 2048 et
1365 2004 1632 2050 craterem
1678 2004 1841 2065 atque
1858 2006 2100 2066 pateram

2216 1970 2415 2069 ἂνέίη.
2449 1999 2514 2051 Et
2544 1996 2679 2066 γοῦν
2861 1995 2972 2049 τῶν
3020 1997 3292 2052 ἁπάντων
3339 2001 3371 2053 6
3429 2000 3597 2067 λόγος
3646 1998 3796 2058 οὗτος.

535 2090 782 2160 implevit
815 2090 949 2158 ipse,
1006 2087 1377 2156 manibusque
1411 2087 1657 2141 admovit
1700 2087 1807 2152 ori,
1847 2102 1910 2142 ac
1949 2088 2105 2151 bibit,

535 2198 641 2237 non
665 2182 820 2235 valde
844 2183 1057 2243 sitiens,
1082 2195 1181 2233 nec
1207 2188 1473 2248 quantum
1508 2179 1711 2234 satiato
1738 2178 1993 2235 sedanda:
2014 2181 2107 2234 siti

2212 2090 2393 2158 πολλῷ
2435 2105 2500 2157 γε
2535 2089 2738 2159 μᾶλλον
2774 2088 2867 2140 ἐπὶ
2914 2089 3022 2141 τῶν
3056 2088 3202 2157 λόγῳ
3237 2090 3674 2159 τετιμημένων.
3707 2088 3794 2139 Καὶ

2212 2181 2386 2235 ταῦτα
2416 2181 2515 2249 μὲν
2544 2180 2678 2251 περὶ
2710 2178 2819 2232 τῶν
2850 2179 3038 2247 σαφῶς
3062 2179 3349 2232 ἑκουσίων
3385 2182 3490 2233 καὶ
3519 2176 3791 2232 ἀκουσίων.

533 2276 831 2333 sufficeret,
858 2274 951 2325 sed
981 2282 1246 2341 quantum
1275 2272 1340 2324 ad
1364 2270 1638 2337 insaniam
1666 2280 1723 2324 et
1742 2272 1941 2326 mentis
1966 2272 2354 2327 alienationem
2386 2272 2519 2327 satis
2549 2285 2676 2328 esse
2741 2271 3020 2326 videretur
3054 2288 3071 2336 ;
3109 2271 3180 2325 de
3238 2266 3362 2341 quo
3406 2271 3701 2340 colligitur,
3738 2283 3790 2322 es

533 2370 704 2425 animi
725 2368 989 2422 sententia
1021 2382 1132 2419 rem
1171 2377 1471 2434 peractam.
1540 2364 1633 2419 Sic
1682 2366 1777 2433 qui
1840 2380 2030 2421 semen
2089 2368 2424 2436 suppeditat,
2488 2375 2679 2420 auctor
2708 2374 2790 2419 est
2818 2380 3003 2419 rerum
3036 2366 3432 2422 nascentium.
3474 2365 3609 2417 Nam
3640 2379 3793 2418 causa

535 2468 726 2521 finium
766 2464 972 2533 pariter
1006 2463 1273 2524 omnium,
1305 2472 1361 2516 et
1424 2477 1671 2517 omnium
1702 2472 2021 2527 eventuum,
2097 2468 2456 2534 omniumque
2520 2463 2842 2531 simpliciter
2881 2462 3327 2520 estremitatum.
3359 2462 3431 2516 ad
3469 2462 3727 2531 principia
3745 2470 3788 2515 et

534 2559 851 2614 occasiones
897 2565 1025 2610 sunt
1056 2555 1371 2609 referendae.
1419 2556 1783 2619 Quamobrem
1830 2556 1875 2609 si
1919 2556 2178 2611 omnibus
2213 2561 2264 2611 in
2298 2560 2462 2613 rebus
2490 2558 2603 2612 haec
2634 2557 2843 2611 obtinet
2879 2554 3039 2617 ratio,
3076 2554 3251 2609 multo
3291 2557 3483 2625 magis
3518 2556 3575 2609 in
3608 2556 3788 2608 ornatis

532 2653 745 2707 ratione
800 2650 975 2704 locum
1001 2648 1183 2702 habet.
1201 2648 1267 2701 Et
1292 2648 1407 2701 haec
1424 2647 1642 2717 quidem
1677 2648 1822 2701 dicta
1878 2657 2045 2702 sunto
2094 2650 2160 2704 de
2190 2650 2258 2706 iis
2288 2636 2410 2720 quae
2468 2648 2760 2705 manifesto
2791 2648 3097 2703 voluntaria
3128 2658 3261 2702 sunt
3286 2658 3346 2704 et
3374 2648 3753 2702 involuntaria.

602 2744 873 2800 Caterum
906 2742 972 2795 de
996 2757 1102 2795 non
1144 2740 1472 2795 voluntariis
1503 2740 1599 2808 (ita
1628 2740 1872 2809 loquitur
1895 2742 2111 2795 Aristu-

534 2837 691 2901 teles,
733 2833 827 2904 qui
859 2833 939 2887 sic
960 2832 1259 2901 appellavit
1294 2831 1348 2886 in
1401 2841 1691 2900 utramque
1723 2831 2111 2901 propendentia

536 2937 767 2997 partem,
798 2934 851 2979 et
883 2940 1005 2993 quae
1025 2939 1128 2977 non
1148 2923 1376 2976 omnino
1403 2938 1537 2991 pure
1572 2924 1655 2976 vel
1681 2923 1990 2977 voluntaria
2018 2923 2103 2977 vel

538 3016 907 3072 involuntaria
935 3015 1085 3083 sunt)
1119 3016 1222 3068 boc
1248 3014 1730 3068 dico.Mentinnem
1761 3029 1889 3068 vero
1914 3015 2110 3069 faciam

510 3174 513 3177 Ἴ
538 3111 615 3163 rei
640 3108 923 3177 cujusdam
944 3106 1094 3175 prius
1116 3106 1465 3174 expositae,ad
1486 3104 1897 3158 fundamentum
1923 3115 2110 3160 eorum

2286 2744 2421 2813 Περὶ
2452 2743 2509 2795 δὲ
2531 2742 2642 2795 τῶν
2677 2742 2777 2812 οὐχ
2806 2741 3068 2794 ἑκουσίων
3096 2739 3552 2810 (Ἀριστοτέλους
3573 2740 3627 2792 δὲ
3654 2738 3785 2791 τοῦτο

2217 2835 2394 2905 φωνήο
2437 2832 2582 2887 οὕτω
2630 2833 2740 2902 γὰρ
2790 2830 3016 2885 ἐκάλεσε
3070 2832 3136 2882 τὰ
3192 2830 3540 2902 ἀμφιρῤεπῆ
3590 2827 3779 2894 καὶμὴ

2217 2928 2501 2989 παντελῶς
2546 2926 2923 2998 καθαρεύοντα
2968 2926 3063 2978 τού
3113 2943 3170 2979 τε
3209 2926 3477 2980 ἑκουσίου
3524 2925 3618 2977 καὶ
3646 2925 3784 2974 ἀκου-

2222 3021 2553 3089 σίου)ὲκεῐνο
2582 3020 2747 3087 λέγω.
2779 3018 3184 3089 Μνησθήσομαι
3216 3018 3278 3070 δέ
3305 3034 3461 3079 τινος
3484 3017 3588 3068 τῶν
3618 3028 3777 3081 προει-

2218 3114 2470 3183 ρημένων
2499 3115 2579 3177 είς
2610 3112 2870 3167 ὑπόθεσιν
2902 3113 3011 3164 τῶν
3046 3108 3485 3181 ῥηθησομένων.
3525 3106 3669 3160 Ἐπεὶ
3686 3102 3778 3169 γὰρ

540 3216 664 3271 qua:
685 3201 958 3254 dicentur.
1001 3195 1135 3250 Nam
1158 3198 1287 3264 quia
1317 3196 1467 3264 prius
1492 3196 1625 3258 dixi,
1654 3197 1897 3265 quaedam
1955 3197 2109 3253 nobis

2218 3204 2388 3274 ἔφθην
2414 3203 2604 3267 είπὼν,
2633 3203 2715 3271 ὡς,
2733 3204 2873 3256 κατὰ
2894 3202 3094 3270 γνῶσιν
3126 3202 3224 3255 καὶ
3268 3200 3533 3271 βούλησιν
3573 3191 3772 3262 ἁκριόἧν

528 3309 600 3348 ex
648 3291 815 3346 animi
878 3288 1149 3343 sententia
1208 3288 1597 3355 voluntateque
1644 3297 1907 3341 accurata
1969 3287 2109 3353 fieri,

535 3386 783 3455 quaedam
808 3382 964 3451 plane
998 3396 1104 3435 non
1129 3382 1222 3445 ita,
1252 3379 1507 3432 distincte
1526 3380 1593 3433 de
1627 3380 1710 3433 his
1752 3394 1971 3448 quoque
1998 3379 2114 3434 dis-

538 3478 829 3531 serendum
869 3481 974 3527 est.
1007 3470 1120 3526 Hoc
1168 3470 1314 3525 enim
1351 3470 1511 3525 modo
1545 3470 1745 3525 clarior
1774 3472 1878 3526 erit
1916 3472 2112 3526 oratio.

539 3567 684 3623 Sunt
709 3580 840 3637 ergo
874 3582 979 3621 non
1010 3580 1204 3634 pauca,
1245 3579 1343 3619 nec
1366 3565 1616 3627 honesta,
1655 3580 1753 3618 nec
1782 3564 1947 3629 bona,
1993 3580 2115 3634 quae

543 3659 854 3714 voluntarie
892 3658 1111 3727 quidem
1136 3655 1291 3721 fiunt,
1316 3655 1409 3709 sed
1435 3670 1559 3709 cum
1593 3656 1771 3723 qualia
1792 3665 1974 3710 essent
2006 3671 2111 3710 non

537 3752 935 3821 intelligeretur
964 3765 981 3814 ;
1006 3749 1108 3801 alia
1138 3763 1266 3801 vero
1314 3747 1449 3800 fiunt
1472 3747 1563 3800 illa
1597 3746 1818 3816 quidem
1851 3761 1880 3800 a
1909 3747 2115 3816 sciente

538 3843 829 3913 prudente,
857 3855 966 3895 non
1010 3850 1193 3893 tamen
1224 3854 1288 3892 ex
1314 3838 1488 3891 animi
1516 3853 1616 3907 per
1670 3853 1728 3892 se
1762 3839 1891 3892 moti
1937 3848 1996 3893 ut
2036 3839 2112 3893 ita

535 3936 739 3998 dicam,
782 3932 1064 4002 proposito
1099 3949 1113 3995 ;
1147 3941 1312 3998 atque
1358 3944 1555 3983 rursus
1588 3930 1704 3984 haec
1736 3930 1987 3984 bifariam
2029 3931 2113 3985 di-

535 4027 817 4081 viduntur.
851 4028 957 4077 Aut
1000 4023 1146 4076 enim
1195 4036 1224 4074 a
1269 4022 1425 4075 nobis
1492 4022 1629 4091 ipsis
1680 4022 1834 4085 llunt,
1884 4023 2111 4077 liberam

537 4126 861 4187 potestatem
911 4129 978 4166 ea
1015 4112 1101 4167 vel
1159 4112 1452 4181 peragendi
1506 4113 1593 4166 vel
1649 4126 1756 4165 non
1812 4114 2109 4182 peragendi

538 4208 875 4264 habentibus
920 4205 1009 4266 (de
1037 4202 1241 4272 quibus
1261 4203 1366 4255 dici
1389 4217 1495 4255 non
1518 4203 1803 4265 convenit,
1831 4204 1973 4271 quod
1998 4203 2110 4271 μω

538 4309 665 4353 ante
718 4297 994 4351 declarata
1029 4295 1162 4348 satis
1191 4293 1471 4363 arbitrer),
1498 4302 1593 4345 aut
1640 4294 1981 4348 extrinsecus
2013 4296 2114 4348 im-

540 4398 818 4459 ponuntur
844 4400 874 4439 a
900 4398 1251 4455 quocunque,
1278 4398 1376 4452 par
1420 4384 1681 4437 voluntati
1715 4386 1881 4437 robur
1912 4384 2115 4438 baben-

539 4488 594 4533 te
631 4495 649 4543 ;
682 4493 746 4532 ac
776 4476 973 4530 deinde
1027 4480 1414 4544 perpetrantur
1444 4487 1473 4525 a
1528 4474 1707 4539 nobis,
1740 4474 1887 4529 haud
1924 4490 2113 4546 perpe-

2214 3297 2339 3350 τινὰ
2377 3296 2509 3366 παρ’
2537 3295 2696 3366 ἡμῶν
2739 3295 3015 3363 γίγνεται,
3068 3296 3164 3347 καὶ
3206 3295 3382 3363 ἕτερα
3433 3292 3645 3346 πάντως
3694 3285 3775 3349 οὐχ

2215 3384 2409 3448 οὕτως,
2438 3387 2523 3437 δεῐ
2560 3385 2656 3437 καὶ
2684 3385 2842 3438 ταυτὶ
2876 3384 3093 3437 διελεῖν.
3124 3385 3322 3455 Ταύτῃ
3378 3383 3488 3451 γὰρ
3523 3375 3770 3444 συμϐήσε-

2215 3493 2307 3529 ται
2339 3475 2728 3547 καθαρώτερον
2756 3477 2952 3529 εἰπεῖν.
2987 3476 3144 3527 Ἐστι
3175 3479 3365 3526 τοίνυν
3388 3475 3489 3526 οὐκ
3515 3470 3661 3535 ὀλίγα
3682 3464 3770 3517 τῶν

2214 3566 2276 3619 ού
2308 3566 2489 3619 καλῶν
2528 3566 2650 3619 οὐδὲ
2682 3566 2904 3633 ἀγαθῶν
2939 3566 3083 3619 κατὰ
3115 3565 3382 3636 βούλησιν
3418 3563 3520 3633 μὲν
3552 3571 3771 3626 πεπραγ-

2219 3657 2376 3726 μένα,
2433 3659 2594 3711 ὁποῖα
2650 3656 2695 3708 δ’
2749 3655 2880 3709 ὄντα
2922 3656 3200 3725 τυγχάνει,
3261 3656 3339 3726 μὴ
3396 3650 3766 3721 γινωσκόμενα.

2220 3750 2421 3819 Ἕτερα
2462 3749 2519 3801 δὲ
2565 3746 2829 3817 γινόμενα
2886 3749 2984 3814 μὲν
3033 3751 3091 3801 ὲν
3123 3747 3357 3814 γνώσει,
3405 3746 3467 3797 οὐ
3516 3742 3615 3810 μὴν
3646 3736 3767 3790 κατά

2216 3839 2536 3908 προαίρεσιν
2558 3836 2909 3905 αύθόρμητον
2935 3837 3080 3889 εἴποι
3098 3852 3182 3900 τις
3206 3836 3298 3890 ἄν.
3319 3836 3426 3888 Καὶ
3443 3832 3606 3885 ταῦτα
3628 3828 3766 3882 πάλιν

2213 3929 2467 3997 τέμνεται
2525 3928 2670 4003 δίχα.
2702 3928 2774 3979 Ἦ
2809 3928 2920 3997 γὰρ
2970 3926 3101 3999 παρ’
3134 3928 3298 3997 ἡμῶν
3329 3924 3512 3978 αὐτῶν
3556 3922 3758 3989 γίνεται,

2216 4020 2426 4089 κυρίων
2475 4019 2648 4072 ὄντων
2695 4020 2870 4075 ταῦτα
2905 4022 3148 4088 ποιῆσαι,
3183 4021 3285 4072 καὶ
3330 4018 3429 4089 μὴ.
3476 4014 3597 4083 περὶ
3621 4005 3686 4060 ῶν
3713 4005 3761 4056 οὐ

2213 4112 2541 4181 γιγνόμενον
2566 4110 2749 4179 λέγειν
2794 4111 3139 4179 (ἀποδέδοται
3173 4113 3290 4183 γὰρ
3343 4109 3565 4167 ἱκανῶς.
3588 4098 3760 4168 οἶμαιν

2213 4201 2247 4271 ἢ
2288 4201 2523 4273 θύραθεν
2550 4202 2820 4270 ἐπάγεται
2853 4203 2943 4269 ὑφ’
2967 4202 3212 4268 ὁτουοῦν,
3247 4207 3350 4271 τὴν
3378 4201 3531 4270 ίσχὺν
3556 4189 3759 4262 ἐφάμιλ-

2212 4292 2304 4345 λον
2335 4294 2552 4363 έχοντος
2577 4297 2643 4365 τῇ
2674 4293 2950 4364 βουλήσει,
2970 4291 3087 4346 εἶτα
3116 4297 3253 4362 παρ’
3278 4298 3311 4350 ἠ
3321 4294 3439 4363 μῶν
3462 4290 3753 4358 πράττεται.

2212 4385 2313 4437 οὐκ
2342 4386 2407 4439 ἂν
2435 4386 2813 4454 πραττόντων,
2842 4386 2941 4437 ούκ
2964 4383 3130 4455 ούσης
3155 4384 3277 4453 βίας
3306 4383 3585 4455 μεγίστης.
3611 4368 3756 4427 Ταυτὶ

2213 4478 2258 4532 δ’
2289 4478 2354 4531 ἂν
2386 4478 2470 4547 εἴη
2516 4476 2891 4545 μιξοεκούσια,
2925 4477 2971 4529 εἰ
2998 4476 3180 4529 δίδωσί
3218 4494 3309 4539 τις
3350 4473 3495 4542 κάμὲ
3523 4472 3753 4535 evagato-

542 4567 770 4623 traturis
801 4566 850 4621 si
886 4565 966 4620 vis
1002 4565 1241 4617 maxima
1274 4578 1380 4616 non
1405 4562 1783 4617 adhiberetur.
1817 4565 1942 4619 Haec
1976 4580 2107 4620 vero

2216 4569 2367 4622 ποιὸν
2397 4566 2561 4631 εἶναι,
2610 4567 2741 4620 εἰδὲ
2781 4566 2963 4633 βούλει
2996 4584 3081 4633 γε,
3132 4562 3529 4633 καινοτομῆσαί
3568 4575 3614 4607 τι
3648 4566 3751 4617 al‘"

539 4664 650 4717 sint
681 4674 813 4715 sane
836 4659 994 4712 mista
1056 4656 1388 4719 voluntaria,
1430 4656 1474 4710 si
1508 4654 1634 4724 quis
1691 4658 1851 4712 nobis
1895 4673 2110 4727 quoque

540 4749 815 4805 licentiam
857 4744 1097 4815 [lugendi
1152 4744 1415 4797 vocabula
1457 4745 1747 4812 permittit,
1793 4746 1876 4799 vel
1932 4750 2112 4815 potius

539 4841 759 4911 paulum
789 4839 921 4909 quid
967 4838 1021 4891 in
1054 4836 1205 4891 hisce
1270 4835 1549 4889 vocabulis
1605 4836 1919 4890 innovandi.
1977 4835 2112 4889 Nam

539 4948 662 5003 qua:
696 4931 747 4985 vi
786 4930 949 4984 nobis
980 4929 1355 4997 imponuntur,
1388 4936 1441 4979 et
1469 4941 1497 4979 a
1528 4927 1689 4982 nobis
1723 4928 1915 4982 deinde
1952 4944 2112 4997 pera-

538 5034 760 5093 guntur,
793 5021 1100 5076 mistasane
1120 5017 1349 5082 fuerint,
1376 5032 1441 5071 ac
1474 5034 1581 5072 non
1612 5020 1944 5083 voluntaria,
1970 5022 2114 5074 sicut

536 5125 621 5171 est
643 5116 872 5179 dictum,
898 5127 1023 5168 cum
1043 5126 1150 5165 non
1179 5112 1231 5165 in
1298 5111 1618 5164 alterutram
1638 5112 1861 5165 omnino
1885 5119 2113 5180 partem,

537 5210 635 5265 sed
664 5208 721 5261 in
767 5215 1062 5274 utramque
1105 5205 1507 5274 propendeant.
1556 5199 1833 5271 Quotquot
1864 5216 1994 5271 ergo
2025 5218 2118 5256 ne-

538 5310 813 5366 quaquam
840 5309 905 5347 ex
927 5309 986 5349 se
1008 5294 1212 5361 aliquid
1236 5293 1485 5353 attulere,
1504 5291 1571 5345 de
1589 5305 1698 5358 quo
1716 5291 2013 5344 necessitas
2034 5292 2115 5343 vel

539 5386 608 5440 ad
620 5382 969 5454 patiendum,
990 5380 1072 5436 vel
1096 5380 1402 5435 faciendum
1426 5379 1643 5449 aliquod
1670 5378 1869 5431 malum
1894 5394 2115 5449 cogens,

539 5482 882 5545 sequeretur;
897 5472 943 5525 si
967 5471 1160 5527 deinde
1179 5473 1381 5525 malum
1401 5472 1541 5525 ultro
1561 5472 1855 5540 quodpiam
1876 5471 2116 5535 irruerit,

541 5569 706 5638 idque
753 5566 1205 5620 violentissimutn
1246 5578 1469 5631 prorsus
1501 5579 1824 5632 omnemque
1879 5565 2123 5633 tyranni-

538 5664 662 5716 dem
693 5671 979 5727 superans,
1006 5666 1059 5711 et
1080 5657 1223 5723 quod
1251 5655 1618 5708 calamitatem
1643 5670 1749 5707 non
1769 5663 2121 5708 contemnen-

539 5754 664 5807 dam
704 5751 962 5811 minetur,
990 5763 1053 5802 ac
1078 5747 1263 5806 vitam,
1284 5746 1439 5814 plane
1467 5761 1573 5797 non
1611 5748 2033 5813 permittentem,
2064 5755 2122 5798 ut

542 5826 795 5912 optabilis
814 5841 983 5896 videri
1012 5841 1116 5893 vita
1143 5839 1352 5908 possit;
1378 5846 1538 5904 atque
1565 5838 1664 5904 ipsi
1686 5852 1907 5891 causam
1929 5837 2123 5890 afferre

2220 4660 2350 4729 κρδν
2378 4658 2678 4728 δυνηθῆναι
2731 4658 2866 4727 περὶ
2910 4659 2977 4710 τὰ
3006 4658 3250 4725 ὀνόματα
3275 4655 3472 4708 ταῦτα.
3507 4648 3634 4699 Ὅσα
3666 4639 3752 4703 γὰρ

2215 4749 2350 4818 πρὸς
2397 4747 2517 4816 βίαν
2548 4749 2678 4815 ἡμῖν
2710 4748 2999 4814 ἐπάγεται,
3034 4742 3153 4799 εἶτα
3195 4747 3333 4816 παρ’·
3359 4741 3509 4812 ἡμῶν
3545 4734 3746 4805 πράττε-

2214 4855 2325 4901 ται,
2360 4839 2526 4908 μικτά
2563 4838 2629 4891 ἂν
2660 4838 2743 4907 εἴη
2774 4840 2867 4889 καὶ
2908 4838 3004 4906 οὐχ
3032 4837 3281 4901 ἑκούσια,
3314 4836 3502 4900 ὥσπερ
3527 4829 3745 4908 εἴρηταλιν

2220 4930 2295 4999 μὴ
2321 4906 2455 4998 πρὸς
2488 4906 3055 4999 θάτερονίδλοσχερῶς
3092 4929 3199 4980 τῶν
3243 4926 3445 4997 μερῶν,
3478 4916 3601 4973 ἀλλὰ
3629 4906 3741 4999 «pa;

2216 4998 2481 5089 ἑκάτερον
2508 5020 2609 5088 τὴν
2644 5021 2819 5089 ῥοπὴν
2860 5019 3075 5087 ἔχοντα.
3113 5020 3267 5072 Ὅσοι
3308 5016 3485 5070 τοίνυν
3529 4998 3740 5066 οὐδαμώί

2220 5114 2546 5181 είσήνεγκάν
2577 5128 2629 5163 τι
2684 5111 2815 5180 παρ’
2848 5112 3056 5163 ἑαυτῶν
3088 5111 3226 5180 πρὸς
3282 5110 3343 5161 τὸ
3387 5105 3483 5172 τὴν
3527 5095 3735 5181 ἀνάγκην

2219 5178 2425 5267 ἐλθεῖν,
2460 5203 2561 5273 τὴν
2597 5202 2630 5272 ἢ
2678 5178 2873 5255 παθεῖν
2914 5178 3143 5264 αὐτοὺς,
3183 5203 3216 5273 ἢ
3272 5183 3472 5268 πρᾶξαῒ
3507 5205 3554 5241 τι
3596 5178 3735 5273 fit!“

2219 5268 2659 5357 ἀναγκάζοιὶσαὲο,
2702 5289 2875 5341 ἔπειτ’
2904 5268 3239 5357 αὐτόκλητόν
3267 5304 3319 5341 τι
3345 5280 3508 5337 δεινὸν
3526 5268 3730 5361 ἐπέλθοι,

2222 5382 2529 5450 βιαιότατον
2562 5381 2696 5442 ὅλως
2734 5378 2793 5430 δν
2824 5379 2918 5429 καὶ
2956 5380 3443 5446 τυραννικώτατον,
3490 5365 3731 5457 συμφξρυ

2219 5490 2279 5524 τε
2310 5470 2567 5524 ἁπειλοῦν
2596 5472 2695 5538 οὐχ
2734 5471 3080 5538 ὑπεροπτέαν
3109 5470 3386 5526 δοκοῦσαν,
3419 5462 3449 5527 ἦ
3477 5456 3596 5524 βίον,
3617 5454 3727 5496 ww;

2221 5564 2319 5615 οὐκ
2349 5561 2732 5629 ἐπιτρέποντα,
2760 5560 2821 5612 τὸ
2851 5562 2952 5628 ζῇν
2984 5560 3206 5612 εὐκτέον
3241 5552 3505 5629 ἡγεῖσθαι.
3548 5540 3725 5606 ἔχοντες

2222 5652 2316 5704 καὶ
2350 5652 2622 5719 πρόφασιν
2654 5650 3025 5719 προϐαλέσθαι
3069 5650 3352 5719 διόρθωσιν
3379 5642 3473 5691 οὐκ
3512 5632 3722 5719 ἔχουξανι

2224 5710 2558 5811 συγγνῖῦιλης
2604 5758 2669 5806 γε
2698 5710 2824 5810 ’τῆς
2872 5710 3196 5811 γιγνομὲντίς
3243 5710 3721 5811 ὲπιτεύξονταινέξξῗ

2222 5834 2265 5885 δ’
2298 5836 2386 5888 ὅτε
2441 5836 2532 5887 καὶ
2564 5834 2747 5896 ἐλέους
2775 5833 3055 5897 ἀξιοῦσθαι
3092 5834 3324 5886 δίκαιοι·
3360 5824 3511 5888 λέγω,
3538 5800 3720 5862 ἐπειὸαν
