3978 6600
201 433 346 496 433

1665 444 2105 514 ΟΗΑΤίΟἶΙΙΙ.

3403 449 3508 525 4³4

201 553 280 601 te
329 549 494 618 ὑπὲρ
522 550 733 604 τούτων
766 554 1208 626 παραιτούμενον
1262 559 1406 628 μέγα
1433 556 1490 632 ᾖ,
1515 561 1612 615 καὶ
1645 579 1838 632 μονον-

1945 563 2178 619 habeant
2241 579 2341 620 cur
2380 565 2528 622 nulla
2593 567 2667 624 sit-
2701 565 3035 634 emendatio,
3099 566 3313 622 veniam
3373 582 3507 621 sane

213 641 368 710 ουχὶ
432 643 634 706 κοινῶς
657 644 917 700 ἁπάντων
945 649 1074 719 ἑξῆς
1104 654 1303 722 κρατῇ.
1327 653 1403 705 Τὸ
1436 654 1546 724 γὰρ
1573 653 1668 709 ενα
1693 671 1823 718 που,

215 738 329 791 καὶ
371 737 498 800 δύο.
536 741 677 810 ὑπὲρ
705 741 952 808 ἅπαντας
994 745 1250 815 φανῆναι,
1294 749 1357 802 οὐ
1405 751 1552 803 ποιεῖ
1599 749 1822 813 τούτους

1933 656 2344 712 convenientem
2378 659 2769 728 impetrabunt,
2805 669 2860 714 et
2902 673 3296 727 nonnunquam
3354 671 3507 712 cont-
3581 708 3583 710 .

1935 748 2289 807 miseratione
2323 766 2544 820 quoque
2601 751 2752 822 digni
2801 751 3175 806 eensebuntur
3207 766 3223 802 :
3254 761 3393 806 tum.
3427 751 3508 803 in-

225 848 301 899 με
315 832 600 898 μπτέους.
633 835 710 888 Οὐ
732 836 840 906 γὰρ
873 838 902 890 ό
933 839 1122 906 φυγὼν
1157 842 1384 910 μυρίους
1411 841 1518 895 τῶν
1547 843 1826 911 πολεμίων

1945 855 2113 908 luam,
2143 857 2266 896 cum
2311 845 2456 912 quod
2484 859 2579 898 eos
2642 853 2890 906 excusat,
2926 858 3182 911 magnum
3243 842 3502 910 quiddam

225 919 434 983 δειλὸς
453 922 613 986 εὐθὺς
644 926 992 995 κριθήσεται.
1023 930 1186 993 εἴτις
1216 931 1279 1001 δὴ
1309 933 1562 987 τεθνάναι
1593 935 1824 1003 κέκρικε

1945 945 2036 1005 3st,
2063 943 2382 1003 tantumque
2423 949 2530 988 non
2568 936 2852 990 universos
2894 943 3141 1002 superat.
3172 931 3306 985 Nam
3336 947 3506 984 nnmn

225 1014 354 1080 πρὸ
392 1014 490 1066 τοῦ
527 1019 592 1084 τῇ
641 1021 792 1087 φυγῇ
829 1021 1162 1089 χρήσασθαι.
1206 1025 1458 1078 Δείκνυσι
1493 1026 1550 1079 δὲ
1580 1027 1824 1081 κάκεῖνο.

223 1105 379 1167 τοῖς
413 1106 520 1176 γὰρ
554 1110 719 1179 πενίᾳ
764 1113 1130 1180 πιεζομένοις,
1162 1116 1195 1184 ἦ
1227 1133 1343 1168 τινι-ι
1380 1119 1518 1186 νόσῳ
1550 1135 1830 1188 τετρυχω-

225 1196 468 1264 μένοις,
487 1197 627 1251 ὥστε
661 1201 932 1270 μηδαμῶς
953 1204 1217 1260 δύνασθαι
1237 1207 1336 1266 τάς
1357 1209 1487 1275 γοῦν
1511 1209 1826 1278 ἐφημέρους

219 1290 466 1354 τροφὰς
497 1291 848 1358 πορίζεσθαι,
877 1295 973 1350 ἅτε
1004 1298 1092 1348 τον
1125 1296 1242 1366 βίον
1267 1300 1343 1368 μὴ
1370 1300 1690 1368 δυναμένοις
1719 1301 1831 1354 ἀπὸ

216 1377 354 1428 τῶν
399 1381 602 1448 χειρῶν
637 1383 936 1448 ποιεῖσθαι,
987 1386 1054 1440 ἂν
1095 1389 1235 1457 μετά
1277 1389 1436 1458 λιμόν
1483 1408 1606 1444 τινα
1645 1391 1828 1458 ὀλίγου

219 1467 359 1518 δεῖν
399 1471 677 1541 ἀφόρητον
723 1477 970 1529 ἐπαιτεῖν
999 1479 1345 1548 ἐπιχειρῶσι,
1397 1484 1692 1551 νεμεσήσει
1726 1484 1829 1551 μὶν

221 1559 436 1624 οὐδεὶς
505 1563 616 1618 τῶν
657 1569 1079 1638 σωφρονούντων
1126 1572 1452 1641 ἀνθρώπων,
1501 1573 1830 1642 συναλγήσει

224 1652 294 1706 δὲ
334 1656 442 1708 καὶ
476 1661 588 1721 πᾶς
618 1675 726 1725 τις,
753 1661 810 1724 ὃς
849 1678 912 1730 γε
947 1664 1047 1732 τὴν
1075 1666 1238 1732 φύσιν
1284 1667 1574 1719 ἐπίσταται
1605 1668 1702 1720 καὶ
1730 1667 1831 1738 τὴν

226 1745 430 1816 τύχην
457 1750 650 1819 κοινὴν
675 1752 842 1806 οὖσαν
869 1753 1204 1825 ἀνθρώποις,
1236 1756 1372 1826 μηδὲ
1400 1758 1576 1811 ὲκεῐνο
1597 1758 1810 1825 ἀγνοῶν

223 1837 315 1900 ὡς
352 1841 480 1894 ἔστι
513 1859 577 1911 γε
605 1844 666 1896 τὸ
701 1844 898 1912 μέλλον
927 1847 1300 1916 ἀτέκμαρτον,
1345 1850 1439 1902 καὶ
1475 1849 1634 1902 τοῦτο
1671 1850 1833 1918 μόνον

227 1932 426 1987 αὑτοῦ
483 1936 678 2004 σαφὲς,
719 1937 781 1990 τὸ
829 1939 1010 1993 πάντα
1060 1939 1280 2009 μέλλειν
1323 1941 1455 1993 αὐτὸ
1491 1943 1693 2011 κυκᾷν,
1742 1930 1842 1996 καῖ

225 2027 523 2094 στρέφειν
547 2028 664 2083 ἀνω
687 2032 782 2083 καὶ
813 2031 988 2097 κάτω,
1013 2032 1211 2102 τροχοῦ
1236 2049 1385 2095 τινος
1417 2032 1595 2102 δίκην.
1625 2034 1700 2086 Οὐ
1733 2032 1839 2104 μὴν

225 2117 391 2170 ἀλλὰ
431 2120 532 2172 καὶ
571 2120 665 2174 τὸν
709 2123 766 2175 ἐν
796 2124 1140 2194 νυκτομαχέᾳ
1167 2126 1257 2176 τδν
1293 2125 1410 2177 υἱὸν
1441 2125 1840 2180 ἀποκτείναντα

224 2208 346 2276 οὐχ
379 2209 541 2272 ὅπως
562 2210 627 2264 ἀν
651 2228 734 2274 τις
765 2212 1053 2280 μισήσειεν
1075 2194 1132 2266 εὖ
1160 2214 1396 2283 φρονῶν.
1427 2213 1561 2267 ἀλλά
1593 2214 1686 2267 κα)⁴
1713 2215 1845 2268 πολ-

225 2298 343 2352 λοῦ
381 2298 579 2362 ἐλέους
630 2302 781 2365 ἀξιον
816 2303 1072 2372 ἡγήσαιτ’
1107 2304 1206 2368 ἂν.
1268 2300 1449 2371 οἶμαι.
1503 2305 1614 2358 Καὶ
1665 2307 1714 2358 εί
1761 2307 1844 2360 δεῖ

231 2393 551 2462 συντόμως
574 2396 750 2448 είπεῖν
779 2398 909 2466 περὶ
930 2399 1162 2450 τουτωνὶ
1194 2399 1302 2450 τῶν
1330 2398 1842 2468 ἀμφισϐητησίμων

229 2483 706 2553 ἁμαρτημάτων,
744 2486 935 2558 ὥσπερ
964 2488 1230 2558 αἰσχύνης
1262 2490 1358 2541 καί⁸
1387 2489 1648 2558 μέμψεως
1693 2490 1844 2543 ἐλευ-

238 2577 464 2646 θεροῦν
495 2579 706 2645 πέφυκε
745 2578 815 2632 τά
847 2579 1079 2650 ἔναγχος
1106 2582 1243 2650 ἡμῖν
1276 2582 1550 2650 εἰρημένα
1575 2583 1705 2653 περὶ
1743 2582 1838 2636 τοῦ

238 2672 552 2739 ἀκουσίου,
589 2671 733 2725 οὕτω
773 2673 872 2726 καὶ
905 2673 975 2726 τά
1008 2673 1233 2726 ἐναντία
1278 2674 1339 2726 τὸ
1377 2671 1622 2726 ἐναντίον
1665 2675 1841 2726 ποιεῖν

241 2760 451 2824 εἴωθε,
499 2764 597 2816 καὶ
641 2762 732 2816 τὸν
767 2762 1141 2833 ἐργαζόμενον
1189 2763 1361 2819 ταῦτα
1393 2765 1607 2818 πολλῶν
1651 2764 1841 2818 κακῶν

243 2853 572 2907 ὑπεύθυνον
603 2855 917 2923 ἀποφαίνει.
945 2857 1022 2912 Οὐ
1057 2859 1162 2928 μὴν
1203 2858 1318 2911 ἀλλ’
1354 2858 1577 2911 ἐπειδὰν
1606 2858 1840 2912 κάκεῖνο

256 2945 481 3015 συμϐῇ,
509 2947 731 3000 ἀπεῖναι
765 2963 818 3000 τι
862 2946 970 3000 τῶν
1012 2946 1226 3002 ἀθωοῦν
1276 2948 1622 3016 πεφυκότων,
1657 2947 1840 3016 ὀλίγου

252 3039 379 3092 δεῖν
406 3039 467 3092 τὸ
508 3039 684 3106 βίαιον
713 3041 957 3109 ὡσπερεὶ
984 3040 1255 3111 θελήσεως
1279 3042 1708 3112 νομισθήσεται·
1748 3060 1838 3098 το-

257 3131 460 3185 σοῦτόν
499 3150 564 3201 γε
581 3135 676 3200 τῆς
719 3133 1060 3201 πλάστιγγος
1089 3135 1227 3204 πρὸς
1258 3134 1320 3187 τδ
1353 3134 1623 3197 ἑκούσιον,
1663 3131 1838 3205 οἶμαι,

1926 1023 2089 1087 forte,
2121 1025 2202 1079 vel
2226 1025 2458 1080 alterum
2477 1027 2808 1096 quempiam,
2833 1033 3066 1080 caeteros
3085 1023 3506 1079 antecelluisse:

1931 1115 1986 1168 id
2021 1130 2150 1170 vero
2175 1132 2280 1170 non
2318 1117 2447 1170 facit
2480 1128 2540 1172 ut
2575 1119 2631 1171 hi
2659 1116 3141 1186 reprehensionem
3170 1123 3510 1176 mereantur;

1933 1223 2040 1260 non
2060 1209 2208 1267 enim
2237 1209 2303 1273 is,
2323 1197 2417 1278 qui
2443 1210 2630 1264 hostes
2655 1210 2899 1263 inﬁnitos
2931 1223 3097 1277 prope
3115 1207 3272 1274 fugit.
3302 1206 3510 1258 ideirco

1936 1315 2060 1355 mox
2085 1301 2310 1355 timidus
2339 1301 2650 1366 habebitur,
2680 1301 2824 1370 quod
2858 1303 3002 1356 alius
3031 1300 3156 1368 quis
3179 1297 3314 1353 mori
3344 1296 3516 1350 malu-

1933 1392 2062 1454 erit.
2090 1409 2253 1462 quam
2295 1394 2420 1463 luga
2453 1394 2556 1448 sibi
2615 1395 2928 1449 consulere.
2976 1393 3182 1447 Probat
3207 1391 3352 1444 idem
3407 1389 3514 1444 hoc

1935 1497 2176 1562 quoque.
2203 1483 2528 1553 Paupertate
2558 1485 2782 1554 pressis,
2815 1494 2913 1539 aut
2934 1485 3129 1538 morbo
3151 1482 3412 1552 quopiam
3434 1482 3516 1535 sic

1936 1572 2169 1638 afﬂictis,
2212 1583 2274 1628 ut
2295 1575 2554 1628 alimenta
2585 1575 2904 1644 quntidiana
2935 1575 3086 1629 nullo
3115 1574 3278 1627 modo
3323 1585 3518 1626 conse-

1939 1665 2034 1734 qui
2069 1664 2299 1734 possint,
2329 1665 2492 1719 veluti
2520 1665 2614 1734 qui
2647 1665 2850 1720 vietum
2887 1664 3146 1719 manibus
3176 1663 3296 1718 suis
3319 1675 3514 1730 parare

1943 1765 2245 1827 nequeant,
2281 1756 2326 1810 si
2373 1765 2493 1825 post
2526 1754 2726 1812 famem
2755 1755 3156 1826 propemodum
3197 1753 3517 1808 intolerabi-

1939 1847 2048 1903 lem
2078 1847 2398 1902 mendicare
2447 1856 2740 1912 conentur,
2787 1845 3141 1901 suceensebit
3182 1859 3365 1906 nemo,
3418 1843 3514 1910 qui

1943 1939 2201 1994 molestus
2226 1953 2348 1994 esse
2363 1937 2530 2002 volet,
2558 1937 2651 1992 sed
2670 1953 2831 1993 nemo
2853 1953 2960 1991 non
2985 1937 3164 2006 potius
3182 1934 3516 2000 condolebi-t,

1941 2028 2029 2085 cui
2061 2027 2280 2098 quidem
2303 2026 2418 2097 ipsa
2441 2037 2635 2080 natura
2655 2026 2868 2094 cognita
2887 2024 2977 2086 sit,
3008 2032 3062 2078 et
3083 2023 3396 2076 communis
3421 2019 3513 2074 illa

1943 2133 2064 2174 sors
2096 2119 2409 2173 mortalium
2444 2134 2458 2182 ;
2495 2119 2704 2187 quique
2747 2131 2858 2171 nec
2908 2114 3041 2169 illud
3103 2114 3338 2181 ignoret,
3394 2122 3517 2164 esse

1944 2209 2256 2266 futurorum
2312 2220 2542 2266 eventus
2567 2211 2854 2272 obscuros,
2886 2207 3052 2275 idque
3109 2206 3287 2260 solum
3345 2200 3398 2253 in
3438 2214 3520 2252 eis

1943 2302 2292 2373 perspicuum
2351 2310 2407 2358 et
2464 2301 2840 2365 manifestum,
2912 2299 3155 2352 futurum
3218 2303 3272 2348 ut
3333 2291 3516 2344 omnia

1943 2399 2300 2460 misceantur,
2333 2405 2386 2448 et
2409 2394 2582 2448 instar
2614 2402 2746 2446 rotae
2773 2404 2990 2446 sursum
3013 2388 3267 2442 deorsum
3293 2383 3521 2436 volvan-

1945 2499 2052 2544 tur.
2095 2487 2238 2554 Quin
2276 2486 2440 2540 etiam
2470 2484 2517 2539 si
2557 2483 2684 2552 quis
2722 2482 2776 2535 in
2830 2479 3016 2549 pra-lio
3049 2488 3319 2531 nocturno
3349 2473 3516 2527 lilium

1945 2597 2104 2637 suum
2134 2578 2487 2642 interfecerit,
2519 2589 2644 2630 eum
2679 2581 2890 2628 tantum
2927 2572 3081 2624 abest
3129 2579 3187 2620 ut
3213 2567 3341 2620 odio
3397 2579 3521 2633 per-

1943 2679 2206 2743 sequatur
2232 2669 2397 2726 bomo
2435 2674 2614 2721 mente
2671 2660 2956 2732 praeditus,
3026 2669 3086 2713 ut
3132 2660 3320 2720 etiam,
3399 2668 3521 2708 mea

1944 2764 2166 2834 quidem
2191 2758 2486 2822 sententia,
2521 2757 2748 2824 dignum
2805 2764 2998 2819 magna
3038 2746 3522 2803 commiseratione

1943 2860 2187 2909 censeat.
2213 2848 2367 2914 Quod
2400 2846 2445 2902 si
2473 2844 2709 2900 breviter
2735 2839 2946 2910 aliquid
2972 2840 3038 2894 de
3067 2835 3345 2904 ambiguis
3374 2835 3524 2890 hisce

1943 2947 2160 3007 delictis
2185 2954 2270 3001 est
2299 2943 2614 3007 dicendum,
2637 2939 2780 2994 sicut
2807 2938 2877 2992 ab
2920 2934 3225 3006 ignominia
3255 2942 3310 2987 et
3336 2945 3524 3001 repre-

1943 3039 2210 3098 hensione
2239 3037 2472 3092 liberare
2503 3035 2702 3097 solent,
2747 3048 2868 3103 qua:
2895 3030 3058 3100 paulo
3090 3037 3216 3083 ante
3245 3027 3314 3082 de
3364 3027 3519 3080 invo-

1945 3133 2188 3193 luntario
2241 3130 2383 3186 dicta
2421 3137 2552 3182 sunt
2579 3141 2610 3181 a
2641 3125 2822 3188 nobis,
2861 3123 2934 3178 ita
2975 3120 3255 3175 contraria
3306 3132 3526 3188 quoque

265 3227 570 3296 ῥεπούσης,
611 3225 810 3278 ὁπόσον
839 3242 892 3278 τι
941 3225 1041 3294 τῆς
1084 3224 1343 3293 γνώσεως
1377 3225 1408 3296 ἢ
1441 3227 1540 3295 τῆς
1583 3227 1839 3296 προαιρέ-

1947 3228 2282 3287 contrarium
2315 3225 2496 3280 facere
2524 3226 2953 3282 consueverunt,
3008 3225 3063 3270 et
3117 3220 3527 3285 perpetrantcm

266 3334 414 3381 σεως
466 3317 695 3387 μίξομεν
725 3319 843 3380 τοῖς
871 3316 957 3385 ἐφ’
1001 3318 1137 3386 ἡμῖν
1171 3317 1518 3387 πράγμασιν.
1565 3318 1682 3387 Ἐφ’
1718 3320 1844 3373 ὅσον

266 3410 383 3479 γὰρ
409 3411 477 3464 ἂν
504 3412 564 3462 τὸ
600 3409 780 3463 θέλειν
815 3410 911 3463 καὶ
943 3410 1003 3463 τὸ
1045 3409 1251 3478 γνῶναι
1299 3412 1436 3479 ἡμῖν
1479 3411 1682 3481 παρείη
1706 3453 1721 3479 ,
1752 3413 1844 3465 ἐπὶ

270 3500 532 3554 τοσοῦτον
557 3502 829 3570 παρέσται
858 3501 919 3555 te
949 3500 1188 3555 ἀπολύον
1220 3501 1422 3562 αίτίας.
1455 3502 1753 3572 Συμϐαίνει
1779 3503 1844 3572 δὴ

273 3593 460 3653 (καλὸν
486 3595 596 3662 γὰρ
623 3586 778 3662 οἶμαι
817 3594 1172 3664 συναγαγεῖν)
1196 3593 1259 3646 τδ
1288 3595 1388 3663 μὲν
1418 3598 1476 3650 ὲν
1506 3595 1720 3665 γνώμῃ,
1749 3597 1845 3648 καὶ

277 3684 462 3754 βουλῇ,
496 3687 590 3737 καὶ
622 3685 946 3755 προαιρέσει
995 3686 1348 3754 γιγνόμενον,
1393 3687 1454 3740 οὗ
1488 3689 1584 3741 καὶ
1628 3689 1662 3757 ἡ
1703 3687 1846 3756 ἀρχὴ

277 3776 410 3845 παρ’
433 3776 591 3845 ἡμῶν
622 3779 760 3841 ἐστι,
800 3778 897 3831 καὶ
916 3777 1016 3846 τῆς
1039 3778 1317 3849 ἡμετέρας
1351 3777 1640 3847 δυνάμεως
1668 3795 1728 3832 τε
1753 3780 1848 3833 καὶ

279 3869 546 3934 ἐξουσίας,
581 3869 742 3923 τοῦτο
787 3864 934 3924 εἶναι
962 3870 1025 3924 τὸ
1078 3872 1208 3941 παρ’
1241 3873 1376 3940 ἡμῖν
1411 3871 1661 3924 ἑκούσιον
1691 3874 1849 3942 ἀκρι-

282 3959 407 4022 ϐῶς·
439 3959 502 4012 τὸ
542 3959 598 4012 δὲ
644 3959 768 4013 κατ’
798 3959 1025 4026 ἄγνοιαν
1069 3959 1317 4028 παντελῆ
1342 3999 1358 4024 ,
1393 3958 1543 4013 τοῦθ’
1579 3961 1848 4030 ὑπάρχειν

283 4049 532 4106 ἀκούσιον
557 4049 845 4119 καθαρῶς
883 4051 979 4104 καὶ
1009 4049 1071 4104 τδ
1115 4048 1219 4120 μὶν
1248 4049 1412 4104 καλόν
1435 4067 1496 4103 τε
1527 4051 1622 4103 καὶ
1645 4051 1848 4119 ἀγαθὸν

287 4136 539 4200 ἀκουσίως
571 4136 918 4206 γιγνόμενον,
948 4137 1108 4190 τοῦτο
1145 4133 1290 4190 εἶναι
1327 4139 1428 4208 τὴν
1453 4140 1655 4208 ἀρετήν
1673 4157 1686 4171 ·
1712 4139 1774 4192 τὸ
1802 4140 1850 4194 δ’

287 4231 516 4284 ἐναντίον
549 4230 866 4282 παντάπασι
893 4227 976 4298 τῷ
1006 4227 1158 4298 καλῷ
1189 4230 1457 4293 ἑκουσίως
1500 4231 1846 4302 γιγνόμενον.

211 4361 225 4368 ρ
290 4322 438 4377 τοῦτο
467 4317 608 4376 εἶναι
634 4322 736 4392 τὴν
767 4322 991 4378 κακίαν.
1033 4319 1144 4373 Καὶ
1185 4321 1424 4376 καθόσον
1456 4322 1555 4393 μὲν
1577 4322 1677 4389 τῆς
1707 4324 1851 4390 γνώ-

296 4430 391 4484 μης
412 4413 472 4466 τὸ
501 4413 897 4484 πεπραγμένον
927 4414 1031 4467 οὐκ
1077 4413 1218 4479 ἔστι,
1251 4413 1512 4487 τοσοῦτον
1542 4415 1666 4484 μηδ’
1708 4411 1848 4467 εῖναι

294 4507 604 4576 ἁμάρτημαο
647 4506 847 4559 ὁπόσον
870 4505 928 4559 δέ
955 4521 1019 4574 γε
1053 4507 1258 4575 ταύτης
1291 4505 1432 4567 ἐστὶ,
1463 4505 1722 4558 τοσοῦτον
1751 4505 1844 4558 καὶ

294 4601 555 4662 κολάσεως
583 4598 758 4665 ἄξιον.
790 4599 864 4652 Τὸ
898 4599 1008 4667 γὰρ
1036 4597 1374 4670 δὴοσμικρδν
1409 4597 1602 4663 κακὸν,
1651 4598 1845 4670 γνώμῃ

294 4692 772 4763 διαπραττόμενον,
803 4692 948 4762 μέγα
988 4691 1078 4756 ἂν,
1129 4690 1357 4753 δικαίως
1407 4691 1751 4761 παρενέγκαι
1779 4694 1846 4762 τῇ

297 4787 519 4842 καθαυτδ
547 4786 820 4856 ποιότητι,
853 4785 947 4837 καὶ
969 4783 1039 4836 τά
1067 4781 1252 4852 πολλῷ
1284 4782 1510 4852 μεγέθει
1535 4782 1691 4836 τοῦτο
1711 4800 1851 4853 παρ-

1946 3339 2011 3379 ea
2051 3322 2238 3377 multis
2266 3318 2426 3372 malis
2465 3314 2768 3370 obnoxium
2802 3310 3048 3366 reddere.
3089 3306 3197 3362 Nec
3227 3323 3338 3362 non
3395 3306 3443 3360 si
3473 3312 3528 3358 et

1948 3417 2077 3472 illud
2155 3412 2514 3476 usuvenerit,
2580 3421 2640 3465 ut
2695 3407 2903 3477 aliquid
2966 3420 3156 3461 eorum
3209 3404 3352 3460 absit
3405 3417 3529 3472 qua:

1947 3510 2221 3564 hominem
2279 3507 2439 3575 culpa
2481 3504 2714 3558 liberare
2765 3501 2963 3564 solent,
3020 3497 3417 3570 prepemodum
3473 3495 3527 3549 id

1947 3602 2092 3671 quod
2125 3601 2182 3653 vi
2217 3599 2424 3652 factum
2456 3604 2540 3650 est
2571 3593 2734 3664 quasi
2765 3593 3028 3647 voluntati
3073 3591 3369 3652 tribuetur,
3403 3597 3526 3642 tan-

1950 3687 2188 3743 tumdem
2223 3683 2396 3749 lance,
2437 3693 2496 3738 ut
2524 3683 2783 3746 arbitror,
2817 3681 2882 3734 ad
2944 3680 3313 3735 voluntarium
3371 3677 3530 3732 incli-
3620 3746 3622 3748 ν

1949 3789 2114 3835 nante
2146 3786 2411 3847 quantum
2447 3789 2584 3831 sane
2623 3783 2739 3828 tum
2765 3773 3034 3837 scientiae,
3065 3786 3190 3826 cum
3248 3768 3532 3825 electionis

1949 3869 2118 3926 animi
2143 3870 2306 3924 rebus
2337 3868 2391 3922 in
2425 3875 2612 3929 nostra
2646 3872 2921 3935 potestate
2971 3863 3168 3934 positis
3202 3861 3532 3918 admiscebi-

1949 3953 2093 4014 mus.
2127 3957 2410 4023 Quatenus
2466 3957 2612 4011 enim
2647 3957 2901 4010 voluntas
2924 3963 2977 4009 et
3027 3952 3196 4008 animi
3259 3952 3532 4006 sententia

1951 4052 2110 4106 nobis
2141 4050 2401 4115 adfuerit,
2435 4056 2668 4104 eatenus
2697 4057 2750 4104 et
2781 4047 3041 4102 liberatio
3071 4063 3102 4099 a
3131 4045 3291 4112 culpa
3323 4043 3524 4099 aderit.

1951 4141 2211 4208 Sequitur
2250 4148 2382 4210 ergo
2409 4141 2560 4211 (nam
2590 4151 2738 4194 recte
2759 4138 3006 4194 facturos
3041 4153 3150 4194 nos
3181 4137 3442 4199 arbitror,
3474 4138 3522 4191 si

1951 4237 2166 4290 tandem
2196 4235 2353 4304 quasi
2379 4233 2759 4302 colligamus),
2784 4231 2930 4301 quod
2952 4246 3018 4285 ex
3037 4231 3204 4284 animi
3237 4230 3532 4294 sententia,

1950 4338 2004 4384 et
2036 4330 2334 4393 voluntate,
2373 4337 2423 4382 et
2455 4327 2723 4381 electione
2785 4325 2862 4389 lit,
2891 4321 3048 4390 cujus
3095 4323 3262 4377 etiam
3314 4320 3522 4391 princi-

1949 4424 2100 4492 pium
2131 4423 2186 4475 in
2220 4420 2378 4475 nobis
2409 4430 2514 4482 est,
2552 4429 2865 4487 nostraeque
2910 4425 3023 4471 tum
3064 4415 3365 4475 facultatis.
3418 4423 3530 4468 Iunt

1952 4513 2258 4583 potestatis,
2305 4512 2359 4566 id
2392 4511 2469 4566 uti
2496 4511 2570 4565 sit
2605 4520 2850 4566 nostrum
2891 4508 3024 4564 illud
3053 4515 3312 4564 accurate
3341 4505 3535 4560 volun-

1953 4607 2189 4669 tarium;
2224 4604 2370 4674 quod
2407 4615 2589 4658 autem
2628 4618 2722 4670 per
2750 4603 3152 4672 ignorationem
3204 4599 3532 4669 prorsus,id

1949 4698 2030 4753 uti
2065 4712 2202 4767 pure
2232 4698 2301 4750 sit
2335 4697 2772 4750 involnntarium
2811 4714 2824 4750 :
2872 4696 3060 4750 itidem
3129 4693 3395 4761 quidquid
3432 4695 3532 4743 bo-

1948 4790 2094 4844 nesti
2122 4798 2176 4842 et
2218 4787 2344 4842 boui
2382 4796 2577 4856 sponte
2611 4787 2724 4848 fiat,
2762 4785 2813 4839 id
2846 4785 2923 4838 uti
2977 4786 3154 4837 virtus
3211 4782 3324 4846 sit;
3385 4783 3533 4848 quod

293 4880 574 4947 ενεγκόντα
605 4919 620 4942 ,
671 4877 898 4930 ἐπειδὰν
957 4876 1195 4929 ἀκούσια
1255 4875 1410 4928 ταῦτ’
1463 4875 1686 4945 ἐπέλθῃ.
1740 4876 1839 4927 Kal

1949 4887 2127 4933 autem
2167 4887 2364 4945 Sponte
2403 4879 2494 4931 liat
2535 4879 2766 4931 honesto
2797 4875 2972 4929 modis
3005 4871 3262 4929 omnibus
3309 4881 3534 4925 contra-

293 4971 484 5040 γίνεταί
517 4988 635 5034 πως
663 4973 744 5026 είς
780 4969 1040 5039 μέμψεως
1071 4968 1232 5036 λόγον
1254 4967 1315 5020 τὸ
1345 4967 1522 5036 βραχῦ
1551 4969 1618 5037 τῇ
1653 4983 1853 5038 προαι-

297 5063 425 5135 ρέσει
469 5062 1008 5132 γιγνόμενονκακὸν
1042 5061 1231 5130 μεῖζον
1269 5061 1390 5128 μεθ’
1421 5061 1555 5130 ὅσης
1607 5060 1850 5130 ὑπερϐο-

296 5154 400 5225 λῆς,
425 5154 516 5208 τοῦ
555 5153 826 5217 ἀκουσίως
859 5155 1000 5223 ἡμίν.
1029 5153 1457 5224 συμϐαίνοντος,
1492 5150 1599 5205 κᾶν
1627 5153 1709 5205 ὅτι
1749 5154 1847 5223 μέ-

300 5263 460 5314 γιστον
495 5241 637 5300 εἶναι
676 5245 842 5300 τοῦτο
869 5245 1024 5313 δοκῇ.

1949 4971 2115 5035 rium,
2151 4969 2202 5022 id
2236 4968 2312 5024 uti
2347 4970 2419 5022 sit
2469 4969 2678 5021 vitium.
2731 4967 3019 5030 Quatenus
3071 4963 3238 5017 etiam
3292 4962 3342 5015 id
3381 4962 3530 5030 quod

1957 5072 2243 5132 peractum
2265 5069 2347 5114 est
2379 5060 2447 5114 ab
2469 5059 2634 5113 animi
2671 5057 2944 5113 sententia
2978 5054 3285 5124 profectum
3315 5069 3422 5107 non
3460 5055 3534 5107 sit

1957 5164 2262 5208 uteatenus
2303 5166 2370 5205 ne
2404 5165 2504 5219 pro
2541 5149 2745 5204 delicto
2769 5149 2990 5217 quidem
3022 5147 3290 5201 habeatur
3320 5165 3334 5212 ;
3395 5163 3534 5217 qua-

1957 5257 2118 5302 tenus
2181 5256 2361 5301 autem
2395 5245 2520 5297 inde
2557 5239 2882 5310 profectum,
2913 5248 2970 5293 ut
3001 5248 3227 5294 eatenus
3256 5249 3310 5294 et
3371 5255 3531 5307 poena

301 5341 357 5396 sit
383 5343 618 5411 dignum.
646 5341 857 5410 Quippe
888 5342 1090 5394 malum
1133 5340 1349 5408 aliquod
1394 5340 1842 5408 esiguu-m,quod
1883 5358 1950 5396 ex
1979 5344 2147 5396 animi
2173 5341 2442 5397 sententia
2476 5337 2774 5407 peragitur,
2827 5334 2964 5389 satis
3040 5350 3298 5410 magnqm
3366 5333 3533 5398 lucri;

312 5443 361 5485 ut
390 5433 643 5499 qualitate
673 5447 771 5486 sua
805 5441 1027 5501 superet
1058 5431 1222 5486 etiam
1259 5433 1430 5486 multo
1500 5448 1558 5487 se
1594 5431 1801 5500 majora
1846 5434 2039 5488 delicta
2106 5450 2225 5502 quae
2288 5441 2484 5500 praeter
2543 5429 2876 5484 voluntatem
2931 5431 3210 5486 eveniunt.
3269 5430 3530 5500 Adeoque

303 5524 526 5592 vituperii
562 5525 796 5590 ratione,
828 5524 1086 5594 pusillum
1128 5525 1330 5579 malum
1395 5540 1491 5594 per
1511 5523 1834 5580 electionem
1883 5527 2052 5581 animi
2083 5526 2408 5592 admissum,
2440 5524 2929 5594 insigniter‘majus
2951 5523 3186 5581 eﬂieitur
3244 5526 3312 5578 eo
3377 5521 3523 5592 quod

305 5626 472 5688 praeter
526 5617 860 5670 voluntatem
939 5616 1097 5671 nobis
1158 5617 1378 5682 accidit,
1435 5615 1649 5672 etiamsi
1704 5618 1808 5672 hoc
1846 5617 2025 5688 ipsum
2053 5635 2174 5674 esse
2235 5619 2531 5672 maximum
2575 5616 2847 5672 videatur.

363 5711 514 5764 Ὥστε
540 5711 600 5762 τὸ
629 5712 740 5763 πᾶν
766 5711 833 5763 ὲκ
854 5711 954 5780 τῆς
978 5711 1374 5780 προαιρέσεως,
1407 5709 1657 5779 καθάπερ
1685 5710 1846 5779 ὲξαρ-

303 5807 384 5876 χῆς
425 5806 557 5873 ἡμῖν
595 5806 832 5874 εἴρηται·
881 5807 978 5858 καὶ
1027 5807 1054 5856 ὁ
1105 5803 1273 5865 κακὸς
1323 5801 1448 5856 οὔτε
1506 5806 1569 5856 ὲκ
1601 5801 1840 5871 φύσεως,

292 5893 402 5984 ,οὔτε
431 5895 654 5963 ἔξωθεν,
683 5897 796 5952 ἀλλ’
833 5895 1013 5968 ίαυτῷ
1046 5896 1238 5961 αἴτιος.
1282 5898 1438 5952 Δυοῐν
1471 5896 1578 5968 γὰρ
1609 5895 1841 5965 Θάτερον

2023 5711 2394 5776 Quamobrem
2422 5721 2530 5765 tota
2565 5726 2654 5765 res
2702 5713 2771 5765 ab
2832 5711 3101 5766 electione
3155 5722 3217 5763 ac
3275 5706 3527 5761 instituto

1949 5783 2115 5858 animi
2160 5803 2380 5873 pendet,
2414 5802 2562 5858 velut
2597 5818 2627 5856 a
2662 5803 2822 5858 nobis
2853 5803 2920 5856 ab
2971 5801 3128 5856 initio
3167 5799 3374 5852 dictum
3404 5809 3522 5857 est:

1945 5896 2148 5968 quique
2173 5895 2346 5954 malus
2372 5901 2600 5967 cst,uec
2629 5904 2852 5964 natura,
2889 5908 2992 5950 nec
3045 5891 3390 5963 extrinsecus
3437 5899 3524 5948 est
