  <div class='ocr_page' id='page_1' title='image "/cluster/home/n/w/nwhite01/storage/ocr_20150623/156/hvd.32044019208438/289.png"; bbox 0 0 3978 6582; ppageno 0'>
   <div class='ocr_carea' id='block_1_1' title="bbox 527 435 638 496">
    <p class='ocr_par' dir='ltr' id='par_1_1' title="bbox 527 435 638 496">
     <span class='ocr_line' id='line_1_1' title="bbox 527 435 638 496; baseline 0.009 -1"><span class='ocrx_word' id='word_1_1' title='bbox 527 435 638 496; x_wconf 61' lang='grc'><strong>435</strong></span> 
     </span>
    </p>
   </div>
   <div class='ocr_carea' id='block_1_2' title="bbox 1711 447 2596 516">
    <p class='ocr_par' dir='ltr' id='par_1_2' title="bbox 1711 447 2596 516">
     <span class='ocr_line' id='line_1_2' title="bbox 1711 447 2596 516; baseline 0.012 -10"><span class='ocrx_word' id='word_1_2' title='bbox 1711 447 2112 511; x_wconf 83' lang='lat' dir='ltr'><strong>MANUELIS</strong></span> <span class='ocrx_word' id='word_1_3' title='bbox 2147 451 2596 516; x_wconf 69' lang='lat' dir='ltr'><strong>PAL/EOLOGI</strong></span> 
     </span>
    </p>
   </div>
   <div class='ocr_carea' id='block_1_3' title="bbox 3649 461 3781 523">
    <p class='ocr_par' dir='ltr' id='par_1_3' title="bbox 3649 461 3781 523">
     <span class='ocr_line' id='line_1_3' title="bbox 3649 461 3781 523; baseline 0.015 -2"><span class='ocrx_word' id='word_1_4' title='bbox 3649 461 3781 523; x_wconf 73' lang='lat'><strong>436</strong></span> 
     </span>
    </p>
   </div>
   <div class='ocr_carea' id='block_1_4' title="bbox 516 549 2088 640">
    <p class='ocr_par' dir='ltr' id='par_1_4' title="bbox 516 549 2085 617">
     <span class='ocr_line' id='line_1_4' title="bbox 516 549 2085 617; baseline 0.01 -18"><span class='ocrx_word' id='word_1_5' title='bbox 516 549 713 615; x_wconf 84' lang='lat' dir='ltr'><strong>malus,</strong></span> <span class='ocrx_word' id='word_1_6' title='bbox 755 549 851 603; x_wconf 82' lang='lat' dir='ltr'><strong>sed</strong></span> <span class='ocrx_word' id='word_1_7' title='bbox 885 551 1043 617; x_wconf 81' lang='lat' dir='ltr'><strong>culpa</strong></span> <span class='ocrx_word' id='word_1_8' title='bbox 1097 567 1216 608; x_wconf 88' lang='lat' dir='ltr'><strong>sua.</strong></span> <span class='ocrx_word' id='word_1_9' title='bbox 1243 551 1380 608; x_wconf 84' lang='lat' dir='ltr'><strong>Nam</strong></span> <span class='ocrx_word' id='word_1_10' title='bbox 1439 570 1470 610; x_wconf 89' lang='lat' dir='ltr'><strong>e</strong></span> <span class='ocrx_word' id='word_1_11' title='bbox 1502 555 1718 613; x_wconf 88' lang='lat' dir='ltr'><strong>duobus</strong></span> <span class='ocrx_word' id='word_1_12' title='bbox 1765 559 2085 614; x_wconf 85' lang='lat' dir='ltr'><strong>alterutrum</strong></span> 
     </span>
    </p>
   </div>
   <div class='ocr_carea' id='block_1_5' title="bbox 2191 549 3780 640">
    <p class='ocr_par' dir='ltr' id='par_1_5' title="bbox 2191 563 3780 640">
     <span class='ocr_line' id='line_1_5' title="bbox 2191 563 3780 640; baseline 0.006 -24"><span class='ocrx_word' id='word_1_13' title='bbox 2191 565 2511 632; x_wconf 78' lang='grc' dir='ltr'>ἀναγκαῖον,</span> <span class='ocrx_word' id='word_1_14' title='bbox 2549 566 2582 634; x_wconf 72' lang='grc' dir='ltr'>ἢ</span> <span class='ocrx_word' id='word_1_15' title='bbox 2614 564 2851 630; x_wconf 82' lang='grc' dir='ltr'>οἴκοθεν,</span> <span class='ocrx_word' id='word_1_16' title='bbox 2887 563 3075 636; x_wconf 79' lang='grc' dir='ltr'>ὥσπερ</span> <span class='ocrx_word' id='word_1_17' title='bbox 3123 563 3356 634; x_wconf 72' lang='grc' dir='ltr'>ἔφημεν,</span> <span class='ocrx_word' id='word_1_18' title='bbox 3411 567 3442 636; x_wconf 81' lang='grc' dir='ltr'>ἢ</span> <span class='ocrx_word' id='word_1_19' title='bbox 3492 569 3780 640; x_wconf 75' lang='grc' dir='ltr'><strong>μηδαμῶς</strong></span> 
     </span>
    </p>
   </div>
   <div class='ocr_carea' id='block_1_6' title="bbox 495 639 2084 713">
    <p class='ocr_par' dir='ltr' id='par_1_6' title="bbox 495 639 2084 713">
     <span class='ocr_line' id='line_1_6' title="bbox 495 639 2084 713; baseline 0.009 -25"><span class='ocrx_word' id='word_1_20' title='bbox 495 639 884 693; x_wconf 76' lang='lat' dir='ltr'><strong>necessarium</strong></span> <span class='ocrx_word' id='word_1_21' title='bbox 918 651 1022 703; x_wconf 86' lang='lat' dir='ltr'><strong>est,</strong></span> <span class='ocrx_word' id='word_1_22' title='bbox 1056 642 1138 697; x_wconf 85' lang='lat' dir='ltr'><strong>vel</strong></span> <span class='ocrx_word' id='word_1_23' title='bbox 1161 653 1216 698; x_wconf 89' lang='lat' dir='ltr'><strong>ut</strong></span> <span class='ocrx_word' id='word_1_24' title='bbox 1248 659 1310 700; x_wconf 83' lang='lat' dir='ltr'><strong>ex</strong></span> <span class='ocrx_word' id='word_1_25' title='bbox 1344 659 1420 711; x_wconf 86' lang='lat' dir='ltr'><strong>se,</strong></span> <span class='ocrx_word' id='word_1_26' title='bbox 1456 660 1556 701; x_wconf 91' lang='lat' dir='ltr'><strong>ceu</strong></span> <span class='ocrx_word' id='word_1_27' title='bbox 1577 648 1842 713; x_wconf 82' lang='lat' dir='ltr'><strong>diximus,</strong></span> <span class='ocrx_word' id='word_1_28' title='bbox 1871 651 1955 704; x_wconf 90' lang='lat' dir='ltr'><strong>vel</strong></span> <span class='ocrx_word' id='word_1_29' title='bbox 1986 665 2084 705; x_wconf 83' lang='lat' dir='ltr'><strong>ne-</strong></span> 
     </span>
    </p>
   </div>
   <div class='ocr_carea' id='block_1_7' title="bbox 512 731 2082 810">
    <p class='ocr_par' dir='ltr' id='par_1_7' title="bbox 512 731 2082 810">
     <span class='ocr_line' id='line_1_7' title="bbox 512 731 2082 810; baseline 0.009 -30"><span class='ocrx_word' id='word_1_30' title='bbox 512 743 786 798; x_wconf 82' lang='lat' dir='ltr'><strong>quaquam</strong></span> <span class='ocrx_word' id='word_1_31' title='bbox 813 732 1102 802; x_wconf 87' lang='lat' dir='ltr'><strong>quisquam</strong></span> <span class='ocrx_word' id='word_1_32' title='bbox 1127 737 1376 790; x_wconf 89' lang='lat' dir='ltr'><strong>omnium</strong></span> <span class='ocrx_word' id='word_1_33' title='bbox 1433 739 1506 794; x_wconf 94' lang='lat' dir='ltr'><strong>sit</strong></span> <span class='ocrx_word' id='word_1_34' title='bbox 1531 731 1727 794; x_wconf 82' lang='lat' dir='ltr'><strong>malus.</strong></span> <span class='ocrx_word' id='word_1_35' title='bbox 1758 741 2082 810; x_wconf 84' lang='lat' dir='ltr'><strong>thuonam</strong></span> 
     </span>
    </p>
   </div>
   <div class='ocr_carea' id='block_1_8' title="bbox 509 823 2085 899">
    <p class='ocr_par' dir='ltr' id='par_1_8' title="bbox 509 823 2085 899">
     <span class='ocr_line' id='line_1_8' title="bbox 509 823 2085 899; baseline 0.009 -26"><span class='ocrx_word' id='word_1_36' title='bbox 509 830 690 888; x_wconf 84' lang='lat' dir='ltr'><strong>pacto,</strong></span> <span class='ocrx_word' id='word_1_37' title='bbox 725 823 870 878; x_wconf 97' lang='lat' dir='ltr'><strong>dicet</strong></span> <span class='ocrx_word' id='word_1_38' title='bbox 908 827 1263 899; x_wconf 87' lang='lat' dir='ltr'><strong>aliquis,ipse</strong></span> <span class='ocrx_word' id='word_1_39' title='bbox 1292 831 1395 886; x_wconf 91' lang='lat' dir='ltr'><strong>sibi</strong></span> <span class='ocrx_word' id='word_1_40' title='bbox 1454 832 1718 886; x_wconf 86' lang='lat' dir='ltr'><strong>malorum</strong></span> <span class='ocrx_word' id='word_1_41' title='bbox 1773 844 1967 886; x_wconf 78' lang='lat' dir='ltr'><strong>auctor</strong></span> <span class='ocrx_word' id='word_1_42' title='bbox 1988 848 2085 887; x_wconf 81' lang='lat' dir='ltr'><strong>ex-</strong></span> 
     </span>
    </p>
   </div>
   <div class='ocr_carea' id='block_1_9' title="bbox 510 914 2083 993">
    <p class='ocr_par' dir='ltr' id='par_1_9' title="bbox 510 914 2083 993">
     <span class='ocr_line' id='line_1_9' title="bbox 510 914 2083 993; baseline 0.01 -29"><span class='ocrx_word' id='word_1_43' title='bbox 510 914 712 968; x_wconf 77' lang='lat' dir='ltr'><strong>stiterit</strong></span> <span class='ocrx_word' id='word_1_44' title='bbox 767 917 931 972; x_wconf 91' lang='lat' dir='ltr'><strong>homo</strong></span> <span class='ocrx_word' id='word_1_45' title='bbox 989 920 1081 989; x_wconf 86' lang='lat' dir='ltr'><strong>qui</strong></span> <span class='ocrx_word' id='word_1_46' title='bbox 1136 937 1328 993; x_wconf 79' lang='lat' dir='ltr'><strong>sapere</strong></span> <span class='ocrx_word' id='word_1_47' title='bbox 1399 925 1643 979; x_wconf 83' lang='lat' dir='ltr'><strong>videtur?</strong></span> <span class='ocrx_word' id='word_1_48' title='bbox 1689 924 1827 990; x_wconf 83' lang='lat' dir='ltr'><strong>Quia</strong></span> <span class='ocrx_word' id='word_1_49' title='bbox 1884 927 2083 980; x_wconf 85' lang='lat' dir='ltr'><strong>bonum</strong></span> 
     </span>
    </p>
   </div>
   <div class='ocr_carea' id='block_1_10' title="bbox 514 1011 2082 1087">
    <p class='ocr_par' dir='ltr' id='par_1_10' title="bbox 514 1011 2082 1087">
     <span class='ocr_line' id='line_1_10' title="bbox 514 1011 2082 1087; baseline 0.008 -29"><span class='ocrx_word' id='word_1_50' title='bbox 514 1015 797 1074; x_wconf 84' lang='lat' dir='ltr'><strong>tantopere</strong></span> <span class='ocrx_word' id='word_1_51' title='bbox 843 1025 949 1064; x_wconf 90' lang='lat' dir='ltr'><strong>non</strong></span> <span class='ocrx_word' id='word_1_52' title='bbox 1001 1011 1184 1082; x_wconf 87' lang='lat' dir='ltr'><strong>diligit</strong></span> <span class='ocrx_word' id='word_1_53' title='bbox 1229 1025 1568 1084; x_wconf 81' lang='lat' dir='ltr'><strong>quantopere</strong></span> <span class='ocrx_word' id='word_1_54' title='bbox 1631 1017 1779 1087; x_wconf 80' lang='lat' dir='ltr'><strong>diligi</strong></span> <span class='ocrx_word' id='word_1_55' title='bbox 1822 1029 2082 1083; x_wconf 88' lang='lat' dir='ltr'><strong>meretur,</strong></span> 
     </span>
    </p>
   </div>
   <div class='ocr_carea' id='block_1_11' title="bbox 509 1097 2080 1172">
    <p class='ocr_par' dir='ltr' id='par_1_11' title="bbox 509 1097 2080 1172">
     <span class='ocr_line' id='line_1_11' title="bbox 509 1097 2080 1172; baseline 0.012 -24"><span class='ocrx_word' id='word_1_56' title='bbox 509 1097 604 1151; x_wconf 78' lang='lat' dir='ltr'><strong>scd</strong></span> <span class='ocrx_word' id='word_1_57' title='bbox 632 1101 790 1156; x_wconf 86' lang='lat' dir='ltr'><strong>malis</strong></span> <span class='ocrx_word' id='word_1_58' title='bbox 824 1103 1046 1171; x_wconf 83' lang='lat' dir='ltr'><strong>gaudet.</strong></span> <span class='ocrx_word' id='word_1_59' title='bbox 1075 1109 1253 1172; x_wconf 80' lang='lat' dir='ltr'><strong>Atque</strong></span> <span class='ocrx_word' id='word_1_60' title='bbox 1287 1109 1392 1162; x_wconf 89' lang='lat' dir='ltr'><strong>hoc</strong></span> <span class='ocrx_word' id='word_1_61' title='bbox 1425 1110 1628 1163; x_wconf 85' lang='lat' dir='ltr'><strong>nemini</strong></span> <span class='ocrx_word' id='word_1_62' title='bbox 1679 1111 1877 1164; x_wconf 88' lang='lat' dir='ltr'><strong>mirutn</strong></span> <span class='ocrx_word' id='word_1_63' title='bbox 1934 1122 2080 1166; x_wconf 87' lang='lat' dir='ltr'><strong>esto.</strong></span> 
     </span>
    </p>
   </div>
   <div class='ocr_carea' id='block_1_12' title="bbox 508 1188 2085 1270">
    <p class='ocr_par' dir='ltr' id='par_1_12' title="bbox 508 1188 2085 1270">
     <span class='ocr_line' id='line_1_12' title="bbox 508 1188 2085 1270; baseline 0.01 -29"><span class='ocrx_word' id='word_1_64' title='bbox 508 1188 625 1244; x_wconf 85' lang='lat' dir='ltr'><strong>Non</strong></span> <span class='ocrx_word' id='word_1_65' title='bbox 655 1193 799 1246; x_wconf 87' lang='lat' dir='ltr'><strong>enim</strong></span> <span class='ocrx_word' id='word_1_66' title='bbox 849 1195 1098 1252; x_wconf 83' lang='lat' dir='ltr'><strong>homines</strong></span> <span class='ocrx_word' id='word_1_67' title='bbox 1127 1198 1592 1268; x_wconf 77' lang='lat' dir='ltr'><strong>eligendomalnm</strong></span> <span class='ocrx_word' id='word_1_68' title='bbox 1646 1213 1918 1270; x_wconf 79' lang='lat' dir='ltr'><strong>quatenus</strong></span> <span class='ocrx_word' id='word_1_69' title='bbox 1968 1219 2085 1256; x_wconf 86' lang='lat' dir='ltr'><strong>ma-</strong></span> 
     </span>
    </p>
   </div>
   <div class='ocr_carea' id='block_1_13' title="bbox 508 1284 2081 1363">
    <p class='ocr_par' dir='ltr' id='par_1_13' title="bbox 508 1284 2081 1363">
     <span class='ocr_line' id='line_1_13' title="bbox 508 1284 2081 1363; baseline 0.008 -29"><span class='ocrx_word' id='word_1_70' title='bbox 508 1284 644 1348; x_wconf 90' lang='lat' dir='ltr'><strong>lum,</strong></span> <span class='ocrx_word' id='word_1_71' title='bbox 674 1301 782 1353; x_wconf 73' lang='lat' dir='ltr'><strong>prae</strong></span> <span class='ocrx_word' id='word_1_72' title='bbox 811 1286 992 1353; x_wconf 90' lang='lat' dir='ltr'><strong>bono;</strong></span> <span class='ocrx_word' id='word_1_73' title='bbox 1021 1291 1100 1343; x_wconf 89' lang='lat' dir='ltr'><strong>vel</strong></span> <span class='ocrx_word' id='word_1_74' title='bbox 1136 1306 1245 1359; x_wconf 72' lang='lat' dir='ltr'><strong>prae</strong></span> <span class='ocrx_word' id='word_1_75' title='bbox 1275 1292 1654 1361; x_wconf 85' lang='lat' dir='ltr'><strong>pulcherrimo</strong></span> <span class='ocrx_word' id='word_1_76' title='bbox 1680 1295 2081 1363; x_wconf 84' lang='lat' dir='ltr'><strong>turpissimum.</strong></span> 
     </span>
    </p>
   </div>
   <div class='ocr_carea' id='block_1_14' title="bbox 505 1381 2084 1456">
    <p class='ocr_par' dir='ltr' id='par_1_14' title="bbox 505 1381 2084 1456">
     <span class='ocr_line' id='line_1_14' title="bbox 505 1381 2084 1456; baseline 0.011 -31"><span class='ocrx_word' id='word_1_77' title='bbox 505 1386 784 1442; x_wconf 83' lang='lat' dir='ltr'><strong>quatenus</strong></span> <span class='ocrx_word' id='word_1_78' title='bbox 817 1381 1238 1450; x_wconf 87' lang='lat' dir='ltr'><strong>turpissimum;</strong></span> <span class='ocrx_word' id='word_1_79' title='bbox 1296 1385 1378 1439; x_wconf 85' lang='lat' dir='ltr'><strong>vel</strong></span> <span class='ocrx_word' id='word_1_80' title='bbox 1425 1385 1590 1440; x_wconf 89' lang='lat' dir='ltr'><strong>etiam</strong></span> <span class='ocrx_word' id='word_1_81' title='bbox 1661 1388 1910 1451; x_wconf 79' lang='lat' dir='ltr'><strong>noxium,</strong></span> <span class='ocrx_word' id='word_1_82' title='bbox 1971 1404 2084 1456; x_wconf 73' lang='lat' dir='ltr'><strong>prze</strong></span> 
     </span>
    </p>
   </div>
   <div class='ocr_carea' id='block_1_15' title="bbox 509 1469 2084 1544">
    <p class='ocr_par' dir='ltr' id='par_1_15' title="bbox 509 1469 2084 1544">
     <span class='ocr_line' id='line_1_15' title="bbox 509 1469 2084 1544; baseline 0.006 -21"><span class='ocrx_word' id='word_1_83' title='bbox 509 1469 875 1536; x_wconf 89' lang='lat' dir='ltr'><strong>conducibili;</strong></span> <span class='ocrx_word' id='word_1_84' title='bbox 929 1474 994 1528; x_wconf 90' lang='lat' dir='ltr'><strong>de</strong></span> <span class='ocrx_word' id='word_1_85' title='bbox 1039 1473 1203 1530; x_wconf 82' lang='lat' dir='ltr'><strong>bonis</strong></span> <span class='ocrx_word' id='word_1_86' title='bbox 1237 1477 1368 1530; x_wconf 88' lang='lat' dir='ltr'><strong>mali</strong></span> <span class='ocrx_word' id='word_1_87' title='bbox 1413 1477 1702 1532; x_wconf 79' lang='lat' dir='ltr'><strong>efﬁcimur.</strong></span> <span class='ocrx_word' id='word_1_88' title='bbox 1755 1479 1875 1544; x_wconf 87' lang='lat' dir='ltr'><strong>Quo</strong></span> <span class='ocrx_word' id='word_1_89' title='bbox 1937 1481 2084 1533; x_wconf 90' lang='lat' dir='ltr'><strong>enim</strong></span> 
     </span>
    </p>
   </div>
   <div class='ocr_carea' id='block_1_16' title="bbox 507 1559 2081 1636">
    <p class='ocr_par' dir='ltr' id='par_1_16' title="bbox 507 1559 2081 1636">
     <span class='ocr_line' id='line_1_16' title="bbox 507 1559 2081 1636; baseline 0.008 -25"><span class='ocrx_word' id='word_1_90' title='bbox 507 1559 559 1611; x_wconf 88' lang='lat' dir='ltr'><strong>id</strong></span> <span class='ocrx_word' id='word_1_91' title='bbox 592 1561 795 1628; x_wconf 73' lang='lat' dir='ltr'><strong>pacto?</strong></span> <span class='ocrx_word' id='word_1_92' title='bbox 843 1563 1200 1636; x_wconf 83' lang='lat' dir='ltr'><strong>Nequaquam</strong></span> <span class='ocrx_word' id='word_1_93' title='bbox 1255 1567 1342 1622; x_wconf 84' lang='lat' dir='ltr'><strong>vel</strong></span> <span class='ocrx_word' id='word_1_94' title='bbox 1391 1569 1750 1623; x_wconf 86' lang='lat' dir='ltr'><strong>stultissimos</strong></span> <span class='ocrx_word' id='word_1_95' title='bbox 1809 1571 2081 1633; x_wconf 88' lang='lat' dir='ltr'><strong>omnium,</strong></span> 
     </span>
    </p>
   </div>
   <div class='ocr_carea' id='block_1_17' title="bbox 509 1649 2088 1722">
    <p class='ocr_par' dir='ltr' id='par_1_17' title="bbox 509 1649 2088 1722">
     <span class='ocr_line' id='line_1_17' title="bbox 509 1649 2088 1722; baseline 0.008 -21"><span class='ocrx_word' id='word_1_96' title='bbox 509 1649 606 1717; x_wconf 88' lang='lat' dir='ltr'><strong>qui</strong></span> <span class='ocrx_word' id='word_1_97' title='bbox 639 1666 877 1722; x_wconf 86' lang='lat' dir='ltr'><strong>unquam</strong></span> <span class='ocrx_word' id='word_1_98' title='bbox 909 1655 1191 1722; x_wconf 76' lang='lat' dir='ltr'><strong>exstitere,</strong></span> <span class='ocrx_word' id='word_1_99' title='bbox 1229 1659 1542 1712; x_wconf 86' lang='lat' dir='ltr'><strong>mortalium</strong></span> <span class='ocrx_word' id='word_1_100' title='bbox 1569 1659 1810 1714; x_wconf 87' lang='lat' dir='ltr'><strong>arbitror</strong></span> <span class='ocrx_word' id='word_1_101' title='bbox 1838 1675 1901 1714; x_wconf 84' lang='lat' dir='ltr'><strong>ea</strong></span> <span class='ocrx_word' id='word_1_102' title='bbox 1933 1660 2088 1713; x_wconf 85' lang='lat' dir='ltr'><strong>labo-</strong></span> 
     </span>
    </p>
   </div>
   <div class='ocr_carea' id='block_1_18' title="bbox 509 1744 2087 1820">
    <p class='ocr_par' dir='ltr' id='par_1_18' title="bbox 509 1744 2087 1820">
     <span class='ocr_line' id='line_1_18' title="bbox 509 1744 2087 1820; baseline 0.006 -24"><span class='ocrx_word' id='word_1_103' title='bbox 509 1757 662 1796; x_wconf 88' lang='lat' dir='ltr'><strong>rasse</strong></span> <span class='ocrx_word' id='word_1_104' title='bbox 694 1744 961 1800; x_wconf 71' lang='lat' dir='ltr'><strong>caecitate.</strong></span> <span class='ocrx_word' id='word_1_105' title='bbox 1011 1745 1283 1801; x_wconf 88' lang='lat' dir='ltr'><strong>Nimirum</strong></span> <span class='ocrx_word' id='word_1_106' title='bbox 1324 1764 1393 1803; x_wconf 78' lang='lat' dir='ltr'><strong>ex</strong></span> <span class='ocrx_word' id='word_1_107' title='bbox 1451 1751 1754 1820; x_wconf 80' lang='lat' dir='ltr'><strong>impostura</strong></span> <span class='ocrx_word' id='word_1_108' title='bbox 1795 1761 1850 1805; x_wconf 90' lang='lat' dir='ltr'><strong>et</strong></span> <span class='ocrx_word' id='word_1_109' title='bbox 1897 1765 2087 1806; x_wconf 84' lang='lat' dir='ltr'><strong>errore</strong></span> 
     </span>
    </p>
   </div>
   <div class='ocr_carea' id='block_1_19' title="bbox 509 1833 2082 1910">
    <p class='ocr_par' dir='ltr' id='par_1_19' title="bbox 509 1833 2082 1910">
     <span class='ocr_line' id='line_1_19' title="bbox 509 1833 2082 1910; baseline 0.005 -23"><span class='ocrx_word' id='word_1_110' title='bbox 509 1833 710 1888; x_wconf 85' lang='lat' dir='ltr'><strong>malum</strong></span> <span class='ocrx_word' id='word_1_111' title='bbox 745 1835 851 1890; x_wconf 90' lang='lat' dir='ltr'><strong>hoc</strong></span> <span class='ocrx_word' id='word_1_112' title='bbox 875 1838 1136 1903; x_wconf 73' lang='lat' dir='ltr'><strong>originem</strong></span> <span class='ocrx_word' id='word_1_113' title='bbox 1171 1855 1324 1894; x_wconf 88' lang='lat' dir='ltr'><strong>suam</strong></span> <span class='ocrx_word' id='word_1_114' title='bbox 1354 1841 1538 1905; x_wconf 85' lang='lat' dir='ltr'><strong>trahit,</strong></span> <span class='ocrx_word' id='word_1_115' title='bbox 1563 1855 1798 1910; x_wconf 89' lang='lat' dir='ltr'><strong>cumque</strong></span> <span class='ocrx_word' id='word_1_116' title='bbox 1845 1841 1966 1896; x_wconf 88' lang='lat' dir='ltr'><strong>loco</strong></span> <span class='ocrx_word' id='word_1_117' title='bbox 1994 1857 2082 1895; x_wconf 86' lang='lat' dir='ltr'><strong>ra-</strong></span> 
     </span>
    </p>
   </div>
   <div class='ocr_carea' id='block_1_20' title="bbox 509 1923 2086 1999">
    <p class='ocr_par' dir='ltr' id='par_1_20' title="bbox 509 1923 2086 1999">
     <span class='ocr_line' id='line_1_20' title="bbox 509 1923 2086 1999; baseline 0.006 -23"><span class='ocrx_word' id='word_1_118' title='bbox 509 1923 652 1978; x_wconf 89' lang='lat' dir='ltr'><strong>dicis</strong></span> <span class='ocrx_word' id='word_1_119' title='bbox 681 1934 733 1978; x_wconf 93' lang='lat' dir='ltr'><strong>et</strong></span> <span class='ocrx_word' id='word_1_120' title='bbox 764 1925 1098 1996; x_wconf 83' lang='lat' dir='ltr'><strong>irrigationis</strong></span> <span class='ocrx_word' id='word_1_121' title='bbox 1130 1929 1400 1985; x_wconf 74' lang='lat' dir='ltr'><strong>inscitiam</strong></span> <span class='ocrx_word' id='word_1_122' title='bbox 1450 1940 1504 1985; x_wconf 90' lang='lat' dir='ltr'><strong>et</strong></span> <span class='ocrx_word' id='word_1_123' title='bbox 1525 1933 1832 1986; x_wconf 84' lang='lat' dir='ltr'><strong>vecordiam</strong></span> <span class='ocrx_word' id='word_1_124' title='bbox 1867 1932 2086 1999; x_wconf 83' lang='lat' dir='ltr'><strong>habeat,</strong></span> 
     </span>
    </p>
   </div>
   <div class='ocr_carea' id='block_1_21' title="bbox 512 2019 2084 2093">
    <p class='ocr_par' dir='ltr' id='par_1_21' title="bbox 512 2019 2084 2093">
     <span class='ocr_line' id='line_1_21' title="bbox 512 2019 2084 2093; baseline 0.005 -24"><span class='ocrx_word' id='word_1_125' title='bbox 512 2031 800 2085; x_wconf 76' lang='lat' dir='ltr'><strong>posrquam</strong></span> <span class='ocrx_word' id='word_1_126' title='bbox 827 2019 1192 2075; x_wconf 86' lang='lat' dir='ltr'><strong>diuturnitate</strong></span> <span class='ocrx_word' id='word_1_127' title='bbox 1224 2023 1486 2093; x_wconf 76' lang='lat' dir='ltr'><strong>temporis</strong></span> <span class='ocrx_word' id='word_1_128' title='bbox 1513 2023 1703 2087; x_wconf 86' lang='lat' dir='ltr'><strong>alitur,</strong></span> <span class='ocrx_word' id='word_1_129' title='bbox 1755 2032 1810 2078; x_wconf 90' lang='lat' dir='ltr'><strong>et</strong></span> <span class='ocrx_word' id='word_1_130' title='bbox 1865 2023 2084 2090; x_wconf 77' lang='lat' dir='ltr'><strong>longius</strong></span> 
     </span>
    </p>
   </div>
   <div class='ocr_carea' id='block_1_22' title="bbox 509 2109 2086 2183">
    <p class='ocr_par' dir='ltr' id='par_1_22' title="bbox 509 2109 2086 2183">
     <span class='ocr_line' id='line_1_22' title="bbox 509 2109 2086 2183; baseline 0.006 -24"><span class='ocrx_word' id='word_1_131' title='bbox 509 2109 835 2178; x_wconf 78' lang='lat' dir='ltr'><strong>porrigitur,</strong></span> <span class='ocrx_word' id='word_1_132' title='bbox 868 2111 1054 2180; x_wconf 75' lang='lat' dir='ltr'><strong>itaque</strong></span> <span class='ocrx_word' id='word_1_133' title='bbox 1081 2113 1353 2168; x_wconf 85' lang='lat' dir='ltr'><strong>solidatur</strong></span> <span class='ocrx_word' id='word_1_134' title='bbox 1385 2124 1444 2169; x_wconf 92' lang='lat' dir='ltr'><strong>ut</strong></span> <span class='ocrx_word' id='word_1_135' title='bbox 1474 2116 1767 2169; x_wconf 79' lang='lat' dir='ltr'><strong>retundere</strong></span> <span class='ocrx_word' id='word_1_136' title='bbox 1794 2115 1936 2183; x_wconf 87' lang='lat' dir='ltr'><strong>quod</strong></span> <span class='ocrx_word' id='word_1_137' title='bbox 1971 2129 2086 2168; x_wconf 90' lang='lat' dir='ltr'><strong>me-</strong></span> 
     </span>
    </p>
   </div>
   <div class='ocr_carea' id='block_1_23' title="bbox 511 2201 2088 2276">
    <p class='ocr_par' dir='ltr' id='par_1_23' title="bbox 511 2201 2088 2276">
     <span class='ocr_line' id='line_1_23' title="bbox 511 2201 2088 2276; baseline 0.006 -24"><span class='ocrx_word' id='word_1_138' title='bbox 511 2201 618 2254; x_wconf 91' lang='lat' dir='ltr'><strong>lius</strong></span> <span class='ocrx_word' id='word_1_139' title='bbox 647 2210 730 2256; x_wconf 90' lang='lat' dir='ltr'><strong>est</strong></span> <span class='ocrx_word' id='word_1_140' title='bbox 760 2203 954 2272; x_wconf 85' lang='lat' dir='ltr'><strong>possit,</strong></span> <span class='ocrx_word' id='word_1_141' title='bbox 986 2214 1098 2258; x_wconf 90' lang='lat' dir='ltr'><strong>tum</strong></span> <span class='ocrx_word' id='word_1_142' title='bbox 1148 2205 1348 2261; x_wconf 87' lang='lat' dir='ltr'><strong>deinde</strong></span> <span class='ocrx_word' id='word_1_143' title='bbox 1413 2205 1703 2260; x_wconf 77' lang='lat' dir='ltr'><strong>difﬁculter</strong></span> <span class='ocrx_word' id='word_1_144' title='bbox 1755 2205 1824 2260; x_wconf 89' lang='lat' dir='ltr'><strong>ab</strong></span> <span class='ocrx_word' id='word_1_145' title='bbox 1870 2206 1938 2261; x_wconf 89' lang='lat' dir='ltr'><strong>iis</strong></span> <span class='ocrx_word' id='word_1_146' title='bbox 1991 2210 2088 2276; x_wconf 86' lang='lat' dir='ltr'><strong>qui</strong></span> 
     </span>
    </p>
   </div>
   <div class='ocr_carea' id='block_1_24' title="bbox 510 2295 2088 2369">
    <p class='ocr_par' dir='ltr' id='par_1_24' title="bbox 510 2295 2088 2369">
     <span class='ocr_line' id='line_1_24' title="bbox 510 2295 2088 2369; baseline 0.004 -23"><span class='ocrx_word' id='word_1_147' title='bbox 510 2295 956 2365; x_wconf 76' lang='lat' dir='ltr'><strong>aemelorcupati</strong></span> <span class='ocrx_word' id='word_1_148' title='bbox 995 2308 1142 2362; x_wconf 91' lang='lat' dir='ltr'><strong>sunt,</strong></span> <span class='ocrx_word' id='word_1_149' title='bbox 1177 2297 1453 2367; x_wconf 86' lang='lat' dir='ltr'><strong>profligari</strong></span> <span class='ocrx_word' id='word_1_150' title='bbox 1500 2306 1698 2369; x_wconf 81' lang='lat' dir='ltr'><strong>potest.</strong></span> <span class='ocrx_word' id='word_1_151' title='bbox 1747 2297 1894 2353; x_wconf 89' lang='lat' dir='ltr'><strong>Nihil</strong></span> <span class='ocrx_word' id='word_1_152' title='bbox 1941 2299 2088 2354; x_wconf 87' lang='lat' dir='ltr'><strong>enim</strong></span> 
     </span>
    </p>
   </div>
   <div class='ocr_carea' id='block_1_25' title="bbox 516 2385 2090 2460">
    <p class='ocr_par' dir='ltr' id='par_1_25' title="bbox 516 2385 2090 2460">
     <span class='ocr_line' id='line_1_25' title="bbox 516 2385 2090 2460; baseline 0.006 -25"><span class='ocrx_word' id='word_1_153' title='bbox 516 2398 694 2453; x_wconf 81' lang='lat' dir='ltr'><strong>neque.</strong></span> <span class='ocrx_word' id='word_1_154' title='bbox 748 2385 1008 2449; x_wconf 90' lang='lat' dir='ltr'><strong>deterius,</strong></span> <span class='ocrx_word' id='word_1_155' title='bbox 1066 2404 1240 2458; x_wconf 88' lang='lat' dir='ltr'><strong>neque</strong></span> <span class='ocrx_word' id='word_1_156' title='bbox 1263 2389 1538 2445; x_wconf 73' lang='lat' dir='ltr'><strong>difﬁcilius</strong></span> <span class='ocrx_word' id='word_1_157' title='bbox 1586 2392 1892 2457; x_wconf 82' lang='lat' dir='ltr'><strong>emendato,</strong></span> <span class='ocrx_word' id='word_1_158' title='bbox 1927 2405 2090 2460; x_wconf 86' lang='lat' dir='ltr'><strong>quam</strong></span> 
     </span>
    </p>
   </div>
   <div class='ocr_carea' id='block_1_26' title="bbox 513 2477 2086 2550">
    <p class='ocr_par' dir='ltr' id='par_1_26' title="bbox 513 2477 2086 2550">
     <span class='ocr_line' id='line_1_26' title="bbox 513 2477 2086 2550; baseline 0.006 -22"><span class='ocrx_word' id='word_1_159' title='bbox 513 2477 558 2529; x_wconf 81' lang='lat' dir='ltr'><strong>si</strong></span> <span class='ocrx_word' id='word_1_160' title='bbox 596 2478 662 2531; x_wconf 87' lang='lat' dir='ltr'><strong>ab</strong></span> <span class='ocrx_word' id='word_1_161' title='bbox 694 2478 878 2548; x_wconf 89' lang='lat' dir='ltr'><strong>aliquo</strong></span> <span class='ocrx_word' id='word_1_162' title='bbox 915 2480 1049 2534; x_wconf 80' lang='lat' dir='ltr'><strong>vitio</strong></span> <span class='ocrx_word' id='word_1_163' title='bbox 1079 2481 1340 2550; x_wconf 80' lang='lat' dir='ltr'><strong>iuvenum</strong></span> <span class='ocrx_word' id='word_1_164' title='bbox 1398 2483 1702 2550; x_wconf 70' lang='lat' dir='ltr'><strong>praesertim</strong></span> <span class='ocrx_word' id='word_1_165' title='bbox 1749 2483 1918 2538; x_wconf 89' lang='lat' dir='ltr'><strong>animi</strong></span> <span class='ocrx_word' id='word_1_166' title='bbox 1967 2485 2086 2538; x_wconf 90' lang='lat' dir='ltr'><strong>sint</strong></span> 
     </span>
    </p>
   </div>
   <div class='ocr_carea' id='block_1_27' title="bbox 517 2572 2081 2644">
    <p class='ocr_par' dir='ltr' id='par_1_27' title="bbox 517 2572 2081 2644">
     <span class='ocr_line' id='line_1_27' title="bbox 517 2572 2081 2644; baseline 0.005 -22"><span class='ocrx_word' id='word_1_167' title='bbox 517 2573 902 2639; x_wconf 68' lang='lat' dir='ltr'><strong>praeoccupati.</strong></span> <span class='ocrx_word' id='word_1_168' title='bbox 949 2572 1083 2627; x_wconf 87' lang='lat' dir='ltr'><strong>Nam</strong></span> <span class='ocrx_word' id='word_1_169' title='bbox 1118 2583 1175 2628; x_wconf 90' lang='lat' dir='ltr'><strong>ut</strong></span> <span class='ocrx_word' id='word_1_170' title='bbox 1214 2575 1465 2644; x_wconf 84' lang='lat' dir='ltr'><strong>occupati</strong></span> <span class='ocrx_word' id='word_1_171' title='bbox 1495 2577 1866 2644; x_wconf 87' lang='lat' dir='ltr'><strong>persistantiu</strong></span> <span class='ocrx_word' id='word_1_172' title='bbox 1899 2575 2081 2638; x_wconf 78' lang='lat' dir='ltr'><strong>malis,</strong></span> 
     </span>
    </p>
   </div>
   <div class='ocr_carea' id='block_1_28' title="bbox 507 2663 2094 2734">
    <p class='ocr_par' dir='ltr' id='par_1_28' title="bbox 507 2663 2094 2734">
     <span class='ocr_line' id='line_1_28' title="bbox 507 2663 2094 2734; baseline 0.007 -22"><span class='ocrx_word' id='word_1_173' title='bbox 507 2663 807 2729; x_wconf 87' lang='lat' dir='ltr'><strong>jucundum</strong></span> <span class='ocrx_word' id='word_1_174' title='bbox 839 2672 919 2718; x_wconf 81' lang='lat' dir='ltr'><strong>est</strong></span> <span class='ocrx_word' id='word_1_175' title='bbox 951 2679 1012 2719; x_wconf 88' lang='lat' dir='ltr'><strong>ac</strong></span> <span class='ocrx_word' id='word_1_176' title='bbox 1063 2664 1257 2732; x_wconf 80' lang='lat' dir='ltr'><strong>facile;</strong></span> <span class='ocrx_word' id='word_1_177' title='bbox 1294 2668 1386 2721; x_wconf 89' lang='lat' dir='ltr'><strong>sed</strong></span> <span class='ocrx_word' id='word_1_178' title='bbox 1428 2678 1484 2722; x_wconf 92' lang='lat' dir='ltr'><strong>ut</strong></span> <span class='ocrx_word' id='word_1_179' title='bbox 1513 2668 1702 2722; x_wconf 88' lang='lat' dir='ltr'><strong>eadem</strong></span> <span class='ocrx_word' id='word_1_180' title='bbox 1747 2681 1976 2734; x_wconf 79' lang='lat' dir='ltr'><strong>exuant,</strong></span> <span class='ocrx_word' id='word_1_181' title='bbox 2029 2685 2094 2724; x_wconf 84' lang='lat' dir='ltr'><strong>ac</strong></span> 
     </span>
    </p>
   </div>
   <div class='ocr_carea' id='block_1_29' title="bbox 515 2755 2095 2830">
    <p class='ocr_par' dir='ltr' id='par_1_29' title="bbox 515 2755 2095 2830">
     <span class='ocr_line' id='line_1_29' title="bbox 515 2755 2095 2830; baseline 0.008 -28"><span class='ocrx_word' id='word_1_182' title='bbox 515 2763 810 2818; x_wconf 82' lang='lat' dir='ltr'><strong>mutentur,</strong></span> <span class='ocrx_word' id='word_1_183' title='bbox 844 2755 895 2810; x_wconf 89' lang='lat' dir='ltr'><strong>id</strong></span> <span class='ocrx_word' id='word_1_184' title='bbox 925 2772 1054 2812; x_wconf 90' lang='lat' dir='ltr'><strong>vero</strong></span> <span class='ocrx_word' id='word_1_185' title='bbox 1095 2758 1430 2813; x_wconf 82' lang='lat' dir='ltr'><strong>laboriosum</strong></span> <span class='ocrx_word' id='word_1_186' title='bbox 1477 2775 1540 2815; x_wconf 91' lang='lat' dir='ltr'><strong>ac</strong></span> <span class='ocrx_word' id='word_1_187' title='bbox 1596 2760 1835 2827; x_wconf 76' lang='lat' dir='ltr'><strong>difﬁcile,</strong></span> <span class='ocrx_word' id='word_1_188' title='bbox 1895 2762 2095 2830; x_wconf 81' lang='lat' dir='ltr'><strong>vixque</strong></span> 
     </span>
    </p>
   </div>
   <div class='ocr_carea' id='block_1_30' title="bbox 513 2847 2107 2922">
    <p class='ocr_par' dir='ltr' id='par_1_30' title="bbox 513 2847 2107 2922">
     <span class='ocr_line' id='line_1_30' title="bbox 513 2847 2107 2922; baseline 0.009 -27"><span class='ocrx_word' id='word_1_189' title='bbox 513 2860 651 2913; x_wconf 81' lang='lat' dir='ltr'><strong>opus</strong></span> <span class='ocrx_word' id='word_1_190' title='bbox 683 2847 852 2900; x_wconf 89' lang='lat' dir='ltr'><strong>animi</strong></span> <span class='ocrx_word' id='word_1_191' title='bbox 880 2850 1282 2917; x_wconf 71' lang='lat' dir='ltr'><strong>generosissimi</strong></span> <span class='ocrx_word' id='word_1_192' title='bbox 1317 2850 1504 2915; x_wconf 78' lang='lat' dir='ltr'><strong>fuerit.</strong></span> <span class='ocrx_word' id='word_1_193' title='bbox 1539 2855 1715 2922; x_wconf 81' lang='lat' dir='ltr'><strong>Atque</strong></span> <span class='ocrx_word' id='word_1_194' title='bbox 1771 2855 1876 2908; x_wconf 91' lang='lat' dir='ltr'><strong>hoc</strong></span> <span class='ocrx_word' id='word_1_195' title='bbox 1931 2855 2107 2920; x_wconf 56' lang='lat' dir='ltr'><strong>modo,</strong></span> 
     </span>
    </p>
   </div>
   <div class='ocr_carea' id='block_1_31' title="bbox 514 2939 2090 3016">
    <p class='ocr_par' dir='ltr' id='par_1_31' title="bbox 514 2939 2090 3016">
     <span class='ocr_line' id='line_1_31' title="bbox 514 2939 2090 3016; baseline 0.007 -27"><span class='ocrx_word' id='word_1_196' title='bbox 514 2939 630 2990; x_wconf 82' lang='lat' dir='ltr'><strong>fieri</strong></span> <span class='ocrx_word' id='word_1_197' title='bbox 660 2939 911 3008; x_wconf 85' lang='lat' dir='ltr'><strong>equidem</strong></span> <span class='ocrx_word' id='word_1_198' title='bbox 944 2941 1203 3006; x_wconf 83' lang='lat' dir='ltr'><strong>arbitror,</strong></span> <span class='ocrx_word' id='word_1_199' title='bbox 1259 2952 1317 2997; x_wconf 93' lang='lat' dir='ltr'><strong>ut</strong></span> <span class='ocrx_word' id='word_1_200' title='bbox 1375 2945 1556 3012; x_wconf 86' lang='lat' dir='ltr'><strong>major</strong></span> <span class='ocrx_word' id='word_1_201' title='bbox 1607 2945 1855 3016; x_wconf 74' lang='lat' dir='ltr'><strong>peiorum</strong></span> <span class='ocrx_word' id='word_1_202' title='bbox 1926 2961 2090 3014; x_wconf 82' lang='lat' dir='ltr'><strong>quant</strong></span> 
     </span>
    </p>
   </div>
   <div class='ocr_carea' id='block_1_32' title="bbox 517 3031 2096 3102">
    <p class='ocr_par' dir='ltr' id='par_1_32' title="bbox 517 3031 2096 3102">
     <span class='ocr_line' id='line_1_32' title="bbox 517 3031 2096 3102; baseline 0.007 -21"><span class='ocrx_word' id='word_1_203' title='bbox 517 3031 784 3084; x_wconf 81' lang='lat' dir='ltr'><strong>honorum</strong></span> <span class='ocrx_word' id='word_1_204' title='bbox 813 3032 893 3084; x_wconf 85' lang='lat' dir='ltr'><strong>vis</strong></span> <span class='ocrx_word' id='word_1_205' title='bbox 923 3034 1026 3097; x_wconf 86' lang='lat' dir='ltr'><strong>sit;</strong></span> <span class='ocrx_word' id='word_1_206' title='bbox 1059 3041 1114 3086; x_wconf 93' lang='lat' dir='ltr'><strong>et</strong></span> <span class='ocrx_word' id='word_1_207' title='bbox 1140 3035 1231 3102; x_wconf 91' lang='lat' dir='ltr'><strong>qui</strong></span> <span class='ocrx_word' id='word_1_208' title='bbox 1271 3035 1340 3088; x_wconf 91' lang='lat' dir='ltr'><strong>ab</strong></span> <span class='ocrx_word' id='word_1_209' title='bbox 1380 3035 1542 3090; x_wconf 89' lang='lat' dir='ltr'><strong>initio</strong></span> <span class='ocrx_word' id='word_1_210' title='bbox 1571 3037 1775 3102; x_wconf 87' lang='lat' dir='ltr'><strong>bonus,</strong></span> <span class='ocrx_word' id='word_1_211' title='bbox 1816 3053 1923 3092; x_wconf 90' lang='lat' dir='ltr'><strong>non</strong></span> <span class='ocrx_word' id='word_1_212' title='bbox 1951 3054 2096 3094; x_wconf 90' lang='lat' dir='ltr'><strong>sem-</strong></span> 
     </span>
    </p>
   </div>
   <div class='ocr_carea' id='block_1_33' title="bbox 517 3119 2095 3195">
    <p class='ocr_par' dir='ltr' id='par_1_33' title="bbox 517 3119 2095 3195">
     <span class='ocr_line' id='line_1_33' title="bbox 517 3119 2095 3195; baseline 0.008 -23"><span class='ocrx_word' id='word_1_213' title='bbox 517 3135 615 3186; x_wconf 89' lang='lat' dir='ltr'><strong>per</strong></span> <span class='ocrx_word' id='word_1_214' title='bbox 642 3119 916 3188; x_wconf 85' lang='lat' dir='ltr'><strong>ejusmodi</strong></span> <span class='ocrx_word' id='word_1_215' title='bbox 951 3122 1276 3190; x_wconf 82' lang='lat' dir='ltr'><strong>reperiatur,</strong></span> <span class='ocrx_word' id='word_1_216' title='bbox 1314 3126 1408 3179; x_wconf 87' lang='lat' dir='ltr'><strong>sed</strong></span> <span class='ocrx_word' id='word_1_217' title='bbox 1448 3127 1516 3180; x_wconf 89' lang='lat' dir='ltr'><strong>ad</strong></span> <span class='ocrx_word' id='word_1_218' title='bbox 1570 3128 1772 3182; x_wconf 87' lang='lat' dir='ltr'><strong>malum</strong></span> <span class='ocrx_word' id='word_1_219' title='bbox 1820 3140 2095 3195; x_wconf 85' lang='lat' dir='ltr'><strong>transeat,</strong></span> 
     </span>
    </p>
   </div>
   <div class='ocr_carea' id='block_1_34' title="bbox 2189 647 3778 729">
    <p class='ocr_par' dir='ltr' id='par_1_34' title="bbox 2189 647 3778 729">
     <span class='ocr_line' id='line_1_34' title="bbox 2189 647 3778 729; baseline 0.008 -25"><span class='ocrx_word' id='word_1_220' title='bbox 2189 647 2332 705; x_wconf 80' lang='grc' dir='ltr'>εἶναι</span> <span class='ocrx_word' id='word_1_221' title='bbox 2370 655 2544 706; x_wconf 75' lang='grc' dir='ltr'>κακὸν</span> <span class='ocrx_word' id='word_1_222' title='bbox 2593 653 2719 723; x_wconf 87' lang='grc' dir='ltr'>μηδ’</span> <span class='ocrx_word' id='word_1_223' title='bbox 2744 655 2810 707; x_wconf 75' lang='grc' dir='ltr'>ἂν</span> <span class='ocrx_word' id='word_1_224' title='bbox 2841 654 3082 729; x_wconf 17' lang='grc' dir='ltr'>ἔναητῶν</span> <span class='ocrx_word' id='word_1_225' title='bbox 3113 657 3353 712; x_wconf 81' lang='grc' dir='ltr'>πάντων.</span> <span class='ocrx_word' id='word_1_226' title='bbox 3393 657 3498 710; x_wconf 81' lang='grc' dir='ltr'><strong>Καὶ</strong></span> <span class='ocrx_word' id='word_1_227' title='bbox 3543 661 3654 723; x_wconf 86' lang='grc' dir='ltr'><strong>πῶς</strong></span> <span class='ocrx_word' id='word_1_228' title='bbox 3685 664 3778 716; x_wconf 74' lang='grc' dir='ltr'><strong>ἂν</strong></span> 
     </span>
    </p>
   </div>
   <div class='ocr_carea' id='block_1_35' title="bbox 2189 745 3774 820">
    <p class='ocr_par' dir='ltr' id='par_1_35' title="bbox 2189 745 3774 820">
     <span class='ocr_line' id='line_1_35' title="bbox 2189 745 3774 820; baseline 0.007 -25"><span class='ocrx_word' id='word_1_229' title='bbox 2189 746 2424 810; x_wconf 80' lang='grc' dir='ltr'>γένοιτο,</span> <span class='ocrx_word' id='word_1_230' title='bbox 2459 745 2648 814; x_wconf 76' lang='grc' dir='ltr'>φησὶν,</span> <span class='ocrx_word' id='word_1_231' title='bbox 2684 747 2858 808; x_wconf 74' lang='grc' dir='ltr'>αἴτιος</span> <span class='ocrx_word' id='word_1_232' title='bbox 2893 746 3074 816; x_wconf 80' lang='grc' dir='ltr'><strong>ἑαυτῷ</strong></span> <span class='ocrx_word' id='word_1_233' title='bbox 3111 747 3222 800; x_wconf 86' lang='grc' dir='ltr'><strong>τῶν</strong></span> <span class='ocrx_word' id='word_1_234' title='bbox 3263 749 3450 801; x_wconf 83' lang='grc' dir='ltr'>κακῶν</span> <span class='ocrx_word' id='word_1_235' title='bbox 3480 749 3652 803; x_wconf 83' lang='grc' dir='ltr'>δοκῶν</span> <span class='ocrx_word' id='word_1_236' title='bbox 3688 771 3774 820; x_wconf 83' lang='grc' dir='ltr'><strong>γε</strong></span> 
     </span>
    </p>
   </div>
   <div class='ocr_carea' id='block_1_36' title="bbox 2187 836 3782 908">
    <p class='ocr_par' dir='ltr' id='par_1_36' title="bbox 2187 836 3782 908">
     <span class='ocr_line' id='line_1_36' title="bbox 2187 836 3782 908; baseline 0.004 -20"><span class='ocrx_word' id='word_1_237' title='bbox 2187 836 2250 904; x_wconf 83' lang='grc' dir='ltr'>δή</span> <span class='ocrx_word' id='word_1_238' title='bbox 2283 853 2399 898; x_wconf 89' lang='grc' dir='ltr'><strong>πως</strong></span> <span class='ocrx_word' id='word_1_239' title='bbox 2432 839 2730 903; x_wconf 77' lang='grc' dir='ltr'><strong>σωφρονεῖν</strong></span> <span class='ocrx_word' id='word_1_240' title='bbox 2763 836 3087 905; x_wconf 84' lang='grc' dir='ltr'>ἄνθρωπος;</span> <span class='ocrx_word' id='word_1_241' title='bbox 3119 836 3208 906; x_wconf 80' lang='grc' dir='ltr'><strong>Τῷ</strong></span> <span class='ocrx_word' id='word_1_242' title='bbox 3235 838 3309 908; x_wconf 75' lang='grc' dir='ltr'>μὴ</span> <span class='ocrx_word' id='word_1_243' title='bbox 3340 839 3518 904; x_wconf 78' lang='grc' dir='ltr'><strong>φιλεῖν</strong></span> <span class='ocrx_word' id='word_1_244' title='bbox 3538 841 3599 892; x_wconf 80' lang='grc' dir='ltr'>τὸ</span> <span class='ocrx_word' id='word_1_245' title='bbox 3623 843 3782 908; x_wconf 75' lang='grc' dir='ltr'>ἀγα-</span> 
     </span>
    </p>
   </div>
   <div class='ocr_carea' id='block_1_37' title="bbox 2187 921 3778 996">
    <p class='ocr_par' dir='ltr' id='par_1_37' title="bbox 2187 921 3778 996">
     <span class='ocr_line' id='line_1_37' title="bbox 2187 921 3778 996; baseline 0.006 -22"><span class='ocrx_word' id='word_1_246' title='bbox 2187 921 2300 984; x_wconf 79' lang='grc' dir='ltr'>θὸν,</span> <span class='ocrx_word' id='word_1_247' title='bbox 2331 923 2456 974; x_wconf 82' lang='grc' dir='ltr'>ὅσον</span> <span class='ocrx_word' id='word_1_248' title='bbox 2480 922 2652 988; x_wconf 82' lang='grc' dir='ltr'>ἄξιον,</span> <span class='ocrx_word' id='word_1_249' title='bbox 2683 924 2818 976; x_wconf 75' lang='grc' dir='ltr'>ἀλλὰ</span> <span class='ocrx_word' id='word_1_250' title='bbox 2844 928 2953 985; x_wconf 87' lang='grc' dir='ltr'>τοῖς</span> <span class='ocrx_word' id='word_1_251' title='bbox 2980 929 3172 989; x_wconf 78' lang='grc' dir='ltr'>κακοῖς</span> <span class='ocrx_word' id='word_1_252' title='bbox 3193 927 3432 996; x_wconf 89' lang='grc' dir='ltr'>χαίρειν.</span> <span class='ocrx_word' id='word_1_253' title='bbox 3463 929 3572 981; x_wconf 78' lang='grc' dir='ltr'><strong>Καὶ</strong></span> <span class='ocrx_word' id='word_1_254' title='bbox 3599 933 3778 984; x_wconf 82' lang='grc' dir='ltr'>τοῦτο</span> 
     </span>
    </p>
   </div>
   <div class='ocr_carea' id='block_1_38' title="bbox 2190 1000 3776 1086">
    <p class='ocr_par' dir='ltr' id='par_1_38' title="bbox 2190 1000 3776 1086">
     <span class='ocr_line' id='line_1_38' title="bbox 2190 1000 3776 1086; baseline 0.006 -21"><span class='ocrx_word' id='word_1_255' title='bbox 2190 1014 2384 1082; x_wconf 77' lang='grc' dir='ltr'>μηδεὶς</span> <span class='ocrx_word' id='word_1_256' title='bbox 2413 1012 2767 1083; x_wconf 79' lang='grc' dir='ltr'><strong>θαυμαζέτω·</strong></span> <span class='ocrx_word' id='word_1_257' title='bbox 2805 1017 2866 1068; x_wconf 81' lang='grc' dir='ltr'><strong>οὐ</strong></span> <span class='ocrx_word' id='word_1_258' title='bbox 2909 1000 3025 1086; x_wconf 49' lang='grc' dir='ltr'>γὰρ’</span> <span class='ocrx_word' id='word_1_259' title='bbox 3055 1016 3132 1085; x_wconf 81' lang='grc' dir='ltr'>τῷ</span> <span class='ocrx_word' id='word_1_260' title='bbox 3182 1018 3458 1086; x_wconf 82' lang='grc' dir='ltr'>αἱρεῖσθαι</span> <span class='ocrx_word' id='word_1_261' title='bbox 3493 1021 3555 1072; x_wconf 72' lang='grc' dir='ltr'><strong>τὸ</strong></span> <span class='ocrx_word' id='word_1_262' title='bbox 3587 1022 3776 1074; x_wconf 77' lang='grc' dir='ltr'>κακὸν</span> 
     </span>
    </p>
   </div>
   <div class='ocr_carea' id='block_1_39' title="bbox 2187 1098 3776 1181">
    <p class='ocr_par' dir='ltr' id='par_1_39' title="bbox 2187 1098 3776 1181">
     <span class='ocr_line' id='line_1_39' title="bbox 2187 1098 3776 1181; baseline 0.003 -22"><span class='ocrx_word' id='word_1_263' title='bbox 2187 1098 2220 1176; x_wconf 83' lang='grc' dir='ltr'>ᾖ</span> <span class='ocrx_word' id='word_1_264' title='bbox 2247 1105 2416 1159; x_wconf 82' lang='grc' dir='ltr'>κακὸν</span> <span class='ocrx_word' id='word_1_265' title='bbox 2442 1106 2550 1175; x_wconf 84' lang='grc' dir='ltr'><strong>πρὸ</strong></span> <span class='ocrx_word' id='word_1_266' title='bbox 2571 1106 2667 1159; x_wconf 83' lang='grc' dir='ltr'>τοῦ</span> <span class='ocrx_word' id='word_1_267' title='bbox 2698 1107 2906 1174; x_wconf 81' lang='grc' dir='ltr'>ἀγαθοῦ</span> <span class='ocrx_word' id='word_1_268' title='bbox 2939 1108 3070 1171; x_wconf 85' lang='grc' dir='ltr'>τοὺς</span> <span class='ocrx_word' id='word_1_269' title='bbox 3093 1108 3442 1178; x_wconf 80' lang='grc' dir='ltr'><strong>ἀνθρώπους,</strong></span> <span class='ocrx_word' id='word_1_270' title='bbox 3475 1110 3508 1181; x_wconf 76' lang='grc' dir='ltr'>ἢ</span> <span class='ocrx_word' id='word_1_271' title='bbox 3535 1112 3648 1180; x_wconf 74' lang='grc' dir='ltr'><strong>πρὸ</strong></span> <span class='ocrx_word' id='word_1_272' title='bbox 3669 1113 3776 1164; x_wconf 63' lang='lat' dir='ltr'><strong>toﬁ</strong></span> 
     </span>
    </p>
   </div>
   <div class='ocr_carea' id='block_1_40' title="bbox 2187 1181 3772 1272">
    <p class='ocr_par' dir='ltr' id='par_1_40' title="bbox 2187 1181 3772 1272">
     <span class='ocr_line' id='line_1_40' title="bbox 2187 1181 3772 1272; baseline 0.005 -24"><span class='ocrx_word' id='word_1_273' title='bbox 2187 1195 2479 1248; x_wconf 79' lang='grc' dir='ltr'><strong>καλλίστου</strong></span> <span class='ocrx_word' id='word_1_274' title='bbox 2515 1197 2576 1248; x_wconf 82' lang='grc' dir='ltr'><strong>τὸ</strong></span> <span class='ocrx_word' id='word_1_275' title='bbox 2603 1197 2887 1267; x_wconf 69' lang='grc' dir='ltr'>αἴσχιστον</span> <span class='ocrx_word' id='word_1_276' title='bbox 2919 1193 3064 1271; x_wconf 76' lang='grc' dir='ltr'>ᾗπερ</span> <span class='ocrx_word' id='word_1_277' title='bbox 3091 1181 3531 1270; x_wconf 39' lang='grc' dir='ltr'>αῖσχιστονίκαὶ</span> <span class='ocrx_word' id='word_1_278' title='bbox 3567 1204 3772 1272; x_wconf 77' lang='grc' dir='ltr'>μέντοι</span> 
     </span>
    </p>
   </div>
   <div class='ocr_carea' id='block_1_41' title="bbox 2188 1288 3773 1362">
    <p class='ocr_par' dir='ltr' id='par_1_41' title="bbox 2188 1288 3773 1362">
     <span class='ocr_line' id='line_1_41' title="bbox 2188 1288 3773 1362; baseline 0.004 -22"><span class='ocrx_word' id='word_1_279' title='bbox 2188 1289 2282 1340; x_wconf 74' lang='grc' dir='ltr'>καὶ</span> <span class='ocrx_word' id='word_1_280' title='bbox 2321 1289 2384 1340; x_wconf 81' lang='grc' dir='ltr'>τὸ</span> <span class='ocrx_word' id='word_1_281' title='bbox 2431 1288 2673 1356; x_wconf 82' lang='grc' dir='ltr'><strong>βλάπτον</strong></span> <span class='ocrx_word' id='word_1_282' title='bbox 2721 1291 2831 1360; x_wconf 78' lang='grc' dir='ltr'><strong>πρὸ</strong></span> <span class='ocrx_word' id='word_1_283' title='bbox 2874 1290 2972 1343; x_wconf 81' lang='grc' dir='ltr'>τοῦ</span> <span class='ocrx_word' id='word_1_284' title='bbox 3019 1293 3378 1358; x_wconf 80' lang='grc' dir='ltr'>συνοίσοντος,</span> <span class='ocrx_word' id='word_1_285' title='bbox 3431 1294 3492 1360; x_wconf 75' lang='grc' dir='ltr'><strong>ἐξ</strong></span> <span class='ocrx_word' id='word_1_286' title='bbox 3537 1296 3773 1362; x_wconf 75' lang='grc' dir='ltr'>ἀγαθῶ-δ</span> 
     </span>
    </p>
   </div>
   <div class='ocr_carea' id='block_1_42' title="bbox 2187 1378 3772 1452">
    <p class='ocr_par' dir='ltr' id='par_1_42' title="bbox 2187 1378 3772 1452">
     <span class='ocr_line' id='line_1_42' title="bbox 2187 1378 3772 1452; baseline 0.003 -22"><span class='ocrx_word' id='word_1_287' title='bbox 2187 1378 2452 1446; x_wconf 80' lang='grc' dir='ltr'><strong>γινόμεθα</strong></span> <span class='ocrx_word' id='word_1_288' title='bbox 2500 1380 2834 1434; x_wconf 79' lang='grc' dir='ltr'>τούναντίον.</span> <span class='ocrx_word' id='word_1_289' title='bbox 2878 1381 3005 1445; x_wconf 84' lang='grc' dir='ltr'><strong>Πῶς</strong></span> <span class='ocrx_word' id='word_1_290' title='bbox 3047 1384 3199 1452; x_wconf 85' lang='grc' dir='ltr'>γάρ;</span> <span class='ocrx_word' id='word_1_291' title='bbox 3239 1382 3314 1434; x_wconf 78' lang='grc' dir='ltr'>υῦ</span> <span class='ocrx_word' id='word_1_292' title='bbox 3359 1400 3449 1452; x_wconf 90' lang='grc' dir='ltr'><strong>μοι</strong></span> <span class='ocrx_word' id='word_1_293' title='bbox 3502 1382 3772 1436; x_wconf 82' lang='grc' dir='ltr'>δοκοῦσιν</span> 
     </span>
    </p>
   </div>
   <div class='ocr_carea' id='block_1_43' title="bbox 2187 1468 3774 1542">
    <p class='ocr_par' dir='ltr' id='par_1_43' title="bbox 2187 1468 3774 1542">
     <span class='ocr_line' id='line_1_43' title="bbox 2187 1468 3774 1542; baseline 0.004 -22"><span class='ocrx_word' id='word_1_294' title='bbox 2187 1468 2356 1520; x_wconf 83' lang='grc' dir='ltr'>ούδόί</span> <span class='ocrx_word' id='word_1_295' title='bbox 2377 1470 2594 1523; x_wconf 86' lang='grc' dir='ltr'>πάντων</span> <span class='ocrx_word' id='word_1_296' title='bbox 2620 1471 2972 1542; x_wconf 75' lang='grc' dir='ltr'>εὐηθέστεροι</span> <span class='ocrx_word' id='word_1_297' title='bbox 2995 1473 3102 1525; x_wconf 88' lang='grc' dir='ltr'><strong>τῶν</strong></span> <span class='ocrx_word' id='word_1_298' title='bbox 3130 1472 3350 1526; x_wconf 82' lang='grc' dir='ltr'>πώποτε</span> <span class='ocrx_word' id='word_1_299' title='bbox 3375 1475 3774 1542; x_wconf 77' lang='grc' dir='ltr'><strong>γεγενημένων</strong></span> 
     </span>
    </p>
   </div>
   <div class='ocr_carea' id='block_1_44' title="bbox 2188 1559 3774 1633">
    <p class='ocr_par' dir='ltr' id='par_1_44' title="bbox 2188 1559 3774 1633">
     <span class='ocr_line' id='line_1_44' title="bbox 2188 1559 3774 1633; baseline 0.001 -17"><span class='ocrx_word' id='word_1_300' title='bbox 2188 1559 2495 1629; x_wconf 79' lang='grc' dir='ltr'>ἀνθρώπων</span> <span class='ocrx_word' id='word_1_301' title='bbox 2527 1559 2675 1614; x_wconf 71' lang='grc' dir='ltr'><strong>ταῦτ’</strong></span> <span class='ocrx_word' id='word_1_302' title='bbox 2711 1561 2779 1615; x_wconf 77' lang='grc' dir='ltr'>ἂν</span> <span class='ocrx_word' id='word_1_303' title='bbox 2809 1563 3039 1633; x_wconf 82' lang='grc' dir='ltr'>νοσῆσαι</span> <span class='ocrx_word' id='word_1_304' title='bbox 3070 1564 3131 1616; x_wconf 84' lang='grc' dir='ltr'>τὺ</span> <span class='ocrx_word' id='word_1_305' title='bbox 3161 1565 3398 1633; x_wconf 81' lang='grc' dir='ltr'>νόσημα.</span> <span class='ocrx_word' id='word_1_306' title='bbox 3457 1565 3606 1618; x_wconf 84' lang='grc' dir='ltr'>Ἀλλ’</span> <span class='ocrx_word' id='word_1_307' title='bbox 3638 1566 3774 1631; x_wconf 78' lang='grc' dir='ltr'><strong>ἐξα-</strong></span> 
     </span>
    </p>
   </div>
   <div class='ocr_carea' id='block_1_45' title="bbox 2187 1652 3773 1728">
    <p class='ocr_par' dir='ltr' id='par_1_45' title="bbox 2187 1652 3773 1728">
     <span class='ocr_line' id='line_1_45' title="bbox 2187 1652 3773 1728; baseline 0.005 -25"><span class='ocrx_word' id='word_1_308' title='bbox 2187 1653 2336 1721; x_wconf 86' lang='grc' dir='ltr'>πάτῃ</span> <span class='ocrx_word' id='word_1_309' title='bbox 2365 1669 2427 1704; x_wconf 90' lang='grc' dir='ltr'><strong>τε</strong></span> <span class='ocrx_word' id='word_1_310' title='bbox 2459 1654 2554 1705; x_wconf 77' lang='grc' dir='ltr'>καὶ</span> <span class='ocrx_word' id='word_1_311' title='bbox 2585 1652 2892 1724; x_wconf 76' lang='grc' dir='ltr'><strong>διαμαρτίᾳ</strong></span> <span class='ocrx_word' id='word_1_312' title='bbox 2928 1656 3081 1708; x_wconf 78' lang='grc' dir='ltr'>τουτὶ</span> <span class='ocrx_word' id='word_1_313' title='bbox 3109 1656 3170 1708; x_wconf 82' lang='grc' dir='ltr'><strong>τὸ</strong></span> <span class='ocrx_word' id='word_1_314' title='bbox 3196 1657 3372 1709; x_wconf 79' lang='grc' dir='ltr'>κακὸν</span> <span class='ocrx_word' id='word_1_315' title='bbox 3401 1657 3597 1724; x_wconf 87' lang='grc' dir='ltr'>φύεται</span> <span class='ocrx_word' id='word_1_316' title='bbox 3631 1674 3646 1686; x_wconf 90' lang='grc'><strong>·</strong></span> <span class='ocrx_word' id='word_1_317' title='bbox 3683 1657 3773 1728; x_wconf 77' lang='grc' dir='ltr'><strong>ῥί-</strong></span> 
     </span>
    </p>
   </div>
   <div class='ocr_carea' id='block_1_46' title="bbox 2188 1741 3767 1818">
    <p class='ocr_par' dir='ltr' id='par_1_46' title="bbox 2188 1741 3767 1818">
     <span class='ocr_line' id='line_1_46' title="bbox 2188 1741 3767 1818; baseline 0.004 -24"><span class='ocrx_word' id='word_1_318' title='bbox 2188 1741 2288 1805; x_wconf 79' lang='grc' dir='ltr'><strong>ζαν</strong></span> <span class='ocrx_word' id='word_1_319' title='bbox 2315 1743 2370 1795; x_wconf 81' lang='grc' dir='ltr'>δὲ</span> <span class='ocrx_word' id='word_1_320' title='bbox 2395 1743 2491 1796; x_wconf 72' lang='grc' dir='ltr'>καὶ</span> <span class='ocrx_word' id='word_1_321' title='bbox 2531 1744 2754 1812; x_wconf 80' lang='grc' dir='ltr'>ἅρδείαν</span> <span class='ocrx_word' id='word_1_322' title='bbox 2786 1745 2910 1814; x_wconf 73' lang='grc' dir='ltr'><strong>ἕχον</strong></span> <span class='ocrx_word' id='word_1_323' title='bbox 2932 1746 3030 1816; x_wconf 84' lang='grc' dir='ltr'>τὴν</span> <span class='ocrx_word' id='word_1_324' title='bbox 3061 1747 3427 1801; x_wconf 77' lang='grc' dir='ltr'><strong>ἀπαιδευσίαν</strong></span> <span class='ocrx_word' id='word_1_325' title='bbox 3459 1749 3553 1801; x_wconf 72' lang='grc' dir='ltr'>καὶ</span> <span class='ocrx_word' id='word_1_326' title='bbox 3590 1748 3767 1818; x_wconf 76' lang='grc' dir='ltr'>ῥᾳθυ-</span> 
     </span>
    </p>
   </div>
   <div class='ocr_carea' id='block_1_47' title="bbox 2192 1831 3763 1905">
    <p class='ocr_par' dir='ltr' id='par_1_47' title="bbox 2192 1831 3763 1905">
     <span class='ocr_line' id='line_1_47' title="bbox 2192 1831 3763 1905; baseline 0.007 -21"><span class='ocrx_word' id='word_1_327' title='bbox 2192 1831 2346 1900; x_wconf 90' lang='grc' dir='ltr'>μίαν,</span> <span class='ocrx_word' id='word_1_328' title='bbox 2384 1833 2466 1902; x_wconf 82' lang='grc' dir='ltr'>τῷ</span> <span class='ocrx_word' id='word_1_329' title='bbox 2517 1834 2698 1904; x_wconf 81' lang='grc' dir='ltr'>χρόνῳ</span> <span class='ocrx_word' id='word_1_330' title='bbox 2749 1835 2925 1904; x_wconf 83' lang='grc' dir='ltr'><strong>δήπου</strong></span> <span class='ocrx_word' id='word_1_331' title='bbox 2967 1835 3326 1905; x_wconf 76' lang='grc' dir='ltr'><strong>τρεφόμενον,</strong></span> <span class='ocrx_word' id='word_1_332' title='bbox 3375 1837 3472 1889; x_wconf 82' lang='grc' dir='ltr'>καὶ</span> <span class='ocrx_word' id='word_1_333' title='bbox 3502 1839 3763 1895; x_wconf 77' lang='grc' dir='ltr'>ἐπεκτει-</span> 
     </span>
    </p>
   </div>
   <div class='ocr_carea' id='block_1_48' title="bbox 2190 1925 3761 2000">
    <p class='ocr_par' dir='ltr' id='par_1_48' title="bbox 2190 1925 3761 2000">
     <span class='ocr_line' id='line_1_48' title="bbox 2190 1925 3761 2000; baseline 0.005 -23"><span class='ocrx_word' id='word_1_334' title='bbox 2190 1925 2436 1994; x_wconf 84' lang='grc' dir='ltr'>νόμενον,</span> <span class='ocrx_word' id='word_1_335' title='bbox 2458 1930 2555 1979; x_wconf 81' lang='grc' dir='ltr'>καὶ</span> <span class='ocrx_word' id='word_1_336' title='bbox 2578 1925 2924 1996; x_wconf 76' lang='grc' dir='ltr'><strong>πηγνύμενον</strong></span> <span class='ocrx_word' id='word_1_337' title='bbox 2951 1928 3089 1995; x_wconf 79' lang='grc' dir='ltr'>πρὸς</span> <span class='ocrx_word' id='word_1_338' title='bbox 3109 1928 3435 1982; x_wconf 77' lang='grc' dir='ltr'><strong>ἀντιτυπίαν</strong></span> <span class='ocrx_word' id='word_1_339' title='bbox 3453 1930 3548 1983; x_wconf 85' lang='grc' dir='ltr'>τοῦ</span> <span class='ocrx_word' id='word_1_340' title='bbox 3571 1934 3761 2000; x_wconf 80' lang='grc' dir='ltr'>κρείτ-</span> 
     </span>
    </p>
   </div>
   <div class='ocr_carea' id='block_1_49' title="bbox 2189 2017 3751 2093">
    <p class='ocr_par' dir='ltr' id='par_1_49' title="bbox 2189 2017 3751 2093">
     <span class='ocr_line' id='line_1_49' title="bbox 2189 2017 3751 2093; baseline 0.004 -25"><span class='ocrx_word' id='word_1_341' title='bbox 2189 2032 2361 2079; x_wconf 86' lang='grc' dir='ltr'>τονος,</span> <span class='ocrx_word' id='word_1_342' title='bbox 2391 2017 2848 2071; x_wconf 82' lang='grc' dir='ltr'><strong>δυσαπάλλακτον</strong></span> <span class='ocrx_word' id='word_1_343' title='bbox 2875 2018 2973 2071; x_wconf 83' lang='grc' dir='ltr'><strong>τοῦ</strong></span> <span class='ocrx_word' id='word_1_344' title='bbox 3007 2019 3197 2072; x_wconf 85' lang='grc' dir='ltr'>λοιποῦ</span> <span class='ocrx_word' id='word_1_345' title='bbox 3244 2020 3453 2090; x_wconf 81' lang='grc' dir='ltr'>γίνεται</span> <span class='ocrx_word' id='word_1_346' title='bbox 3484 2026 3612 2085; x_wconf 80' lang='grc' dir='ltr'>,τοῖς</span> <span class='ocrx_word' id='word_1_347' title='bbox 3652 2024 3751 2093; x_wconf 70' lang='grc' dir='ltr'>ήδη</span> 
     </span>
    </p>
   </div>
   <div class='ocr_carea' id='block_1_50' title="bbox 2191 2107 3750 2184">
    <p class='ocr_par' dir='ltr' id='par_1_50' title="bbox 2191 2107 3750 2184">
     <span class='ocr_line' id='line_1_50' title="bbox 2191 2107 3750 2184; baseline 0.004 -24"><span class='ocrx_word' id='word_1_348' title='bbox 2191 2110 2650 2178; x_wconf 82' lang='grc' dir='ltr'>κεκρατημένοις.</span> <span class='ocrx_word' id='word_1_349' title='bbox 2682 2107 2789 2176; x_wconf 76' lang='grc' dir='ltr'><strong>Τοῦ</strong></span> <span class='ocrx_word' id='word_1_350' title='bbox 2840 2109 2951 2178; x_wconf 79' lang='grc' dir='ltr'>γὰρ</span> <span class='ocrx_word' id='word_1_351' title='bbox 3003 2112 3369 2182; x_wconf 78' lang='grc' dir='ltr'><strong>προειλῆφθαι</strong></span> <span class='ocrx_word' id='word_1_352' title='bbox 3403 2113 3605 2184; x_wconf 77' lang='grc' dir='ltr'>ψυχὰς,</span> <span class='ocrx_word' id='word_1_353' title='bbox 3656 2117 3750 2167; x_wconf 77' lang='grc' dir='ltr'>καὶ</span> 
     </span>
    </p>
   </div>
   <div class='ocr_carea' id='block_1_51' title="bbox 2194 2201 3758 2274">
    <p class='ocr_par' dir='ltr' id='par_1_51' title="bbox 2194 2201 3758 2274">
     <span class='ocr_line' id='line_1_51' title="bbox 2194 2201 3758 2274; baseline 0.004 -20"><span class='ocrx_word' id='word_1_354' title='bbox 2194 2201 2433 2270; x_wconf 86' lang='grc' dir='ltr'>μάλιστα</span> <span class='ocrx_word' id='word_1_355' title='bbox 2455 2203 2555 2264; x_wconf 72' lang='grc' dir='ltr'>τὰς</span> <span class='ocrx_word' id='word_1_356' title='bbox 2585 2202 2740 2268; x_wconf 81' lang='grc' dir='ltr'>νέων,</span> <span class='ocrx_word' id='word_1_357' title='bbox 2777 2203 2884 2256; x_wconf 81' lang='grc' dir='ltr'><strong>ὑπό</strong></span> <span class='ocrx_word' id='word_1_358' title='bbox 2912 2220 3007 2256; x_wconf 91' lang='grc' dir='ltr'><strong>του</strong></span> <span class='ocrx_word' id='word_1_359' title='bbox 3034 2203 3260 2266; x_wconf 79' lang='grc' dir='ltr'><strong>πάθους,</strong></span> <span class='ocrx_word' id='word_1_360' title='bbox 3278 2205 3433 2258; x_wconf 71' lang='grc' dir='ltr'>οὐδὲν</span> <span class='ocrx_word' id='word_1_361' title='bbox 3459 2207 3527 2258; x_wconf 78' lang='grc' dir='ltr'>ἂν</span> <span class='ocrx_word' id='word_1_362' title='bbox 3547 2209 3758 2274; x_wconf 76' lang='grc' dir='ltr'>γένοιτο</span> 
     </span>
    </p>
   </div>
   <div class='ocr_carea' id='block_1_52' title="bbox 2192 2293 3758 2368">
    <p class='ocr_par' dir='ltr' id='par_1_52' title="bbox 2192 2293 3758 2368">
     <span class='ocr_line' id='line_1_52' title="bbox 2192 2293 3758 2368; baseline 0.004 -24"><span class='ocrx_word' id='word_1_363' title='bbox 2192 2294 2398 2361; x_wconf 79' lang='grc' dir='ltr'>χεῖρον,</span> <span class='ocrx_word' id='word_1_364' title='bbox 2429 2293 2552 2345; x_wconf 75' lang='grc' dir='ltr'>οὐδὲ</span> <span class='ocrx_word' id='word_1_365' title='bbox 2584 2293 2972 2365; x_wconf 84' lang='grc' dir='ltr'>χαλεπώτερον</span> <span class='ocrx_word' id='word_1_366' title='bbox 3007 2299 3088 2358; x_wconf 89' lang='grc' dir='ltr'>εἰς</span> <span class='ocrx_word' id='word_1_367' title='bbox 3119 2295 3426 2366; x_wconf 82' lang='grc' dir='ltr'>διόρθωσιν.</span> <span class='ocrx_word' id='word_1_368' title='bbox 3463 2297 3758 2368; x_wconf 85' lang='grc' dir='ltr'>Ἐμμεῖναι</span> 
     </span>
    </p>
   </div>
   <div class='ocr_carea' id='block_1_53' title="bbox 2195 2384 3761 2461">
    <p class='ocr_par' dir='ltr' id='par_1_53' title="bbox 2195 2384 3761 2461">
     <span class='ocr_line' id='line_1_53' title="bbox 2195 2384 3761 2461; baseline 0.005 -25"><span class='ocrx_word' id='word_1_369' title='bbox 2195 2384 2294 2454; x_wconf 76' lang='grc' dir='ltr'><strong>μὲν</strong></span> <span class='ocrx_word' id='word_1_370' title='bbox 2328 2384 2436 2454; x_wconf 83' lang='grc' dir='ltr'><strong>γὰρ</strong></span> <span class='ocrx_word' id='word_1_371' title='bbox 2465 2388 2579 2448; x_wconf 83' lang='grc' dir='ltr'>τοῖς</span> <span class='ocrx_word' id='word_1_372' title='bbox 2627 2389 2822 2448; x_wconf 82' lang='grc' dir='ltr'>κακοῖς</span> <span class='ocrx_word' id='word_1_373' title='bbox 2866 2390 2994 2449; x_wconf 86' lang='grc' dir='ltr'>τοὺς</span> <span class='ocrx_word' id='word_1_374' title='bbox 3040 2389 3523 2460; x_wconf 87' lang='grc' dir='ltr'>προειλημμένους</span> <span class='ocrx_word' id='word_1_375' title='bbox 3557 2391 3655 2461; x_wconf 75' lang='grc' dir='ltr'><strong>ἡδύ</strong></span> <span class='ocrx_word' id='word_1_376' title='bbox 3695 2408 3761 2444; x_wconf 79' lang='grc' dir='ltr'><strong>τε</strong></span> 
     </span>
    </p>
   </div>
   <div class='ocr_carea' id='block_1_54' title="bbox 2193 2475 3766 2550">
    <p class='ocr_par' dir='ltr' id='par_1_54' title="bbox 2193 2475 3766 2550">
     <span class='ocr_line' id='line_1_54' title="bbox 2193 2475 3766 2550; baseline 0.004 -22"><span class='ocrx_word' id='word_1_377' title='bbox 2193 2475 2288 2528; x_wconf 84' lang='grc' dir='ltr'>καὶ</span> <span class='ocrx_word' id='word_1_378' title='bbox 2319 2476 2569 2545; x_wconf 80' lang='grc' dir='ltr'>εύχερές⁶</span> <span class='ocrx_word' id='word_1_379' title='bbox 2611 2479 2674 2529; x_wconf 84' lang='grc' dir='ltr'><strong>τὸ</strong></span> <span class='ocrx_word' id='word_1_380' title='bbox 2720 2479 3031 2544; x_wconf 79' lang='grc' dir='ltr'>ἀπαλλάξαι</span> <span class='ocrx_word' id='word_1_381' title='bbox 3078 2480 3188 2532; x_wconf 85' lang='grc' dir='ltr'><strong>τῶν</strong></span> <span class='ocrx_word' id='word_1_382' title='bbox 3220 2481 3411 2534; x_wconf 84' lang='grc' dir='ltr'>κακῶν</span> <span class='ocrx_word' id='word_1_383' title='bbox 3449 2482 3544 2534; x_wconf 75' lang='grc' dir='ltr'>καὶ</span> <span class='ocrx_word' id='word_1_384' title='bbox 3596 2499 3766 2550; x_wconf 75' lang='grc' dir='ltr'>μετι-</span> 
     </span>
    </p>
   </div>
   <div class='ocr_carea' id='block_1_55' title="bbox 2193 2567 3766 2642">
    <p class='ocr_par' dir='ltr' id='par_1_55' title="bbox 2193 2567 3766 2642">
     <span class='ocr_line' id='line_1_55' title="bbox 2193 2567 3766 2642; baseline 0.003 -21"><span class='ocrx_word' id='word_1_385' title='bbox 2193 2567 2379 2623; x_wconf 79' lang='grc' dir='ltr'>6αλεῖν</span> <span class='ocrx_word' id='word_1_386' title='bbox 2408 2572 2666 2626; x_wconf 77' lang='grc' dir='ltr'>ἐπίπονόν</span> <span class='ocrx_word' id='word_1_387' title='bbox 2691 2591 2750 2625; x_wconf 90' lang='grc' dir='ltr'><strong>τε</strong></span> <span class='ocrx_word' id='word_1_388' title='bbox 2781 2575 2872 2627; x_wconf 74' lang='grc' dir='ltr'>καὶ</span> <span class='ocrx_word' id='word_1_389' title='bbox 2903 2573 3186 2642; x_wconf 77' lang='grc' dir='ltr'>δυσχερὲς,</span> <span class='ocrx_word' id='word_1_390' title='bbox 3238 2574 3334 2627; x_wconf 69' lang='grc' dir='ltr'>καὶ</span> <span class='ocrx_word' id='word_1_391' title='bbox 3382 2573 3538 2642; x_wconf 85' lang='grc' dir='ltr'>μόλις</span> <span class='ocrx_word' id='word_1_392' title='bbox 3570 2574 3639 2626; x_wconf 80' lang='grc' dir='ltr'><strong>ἂν</strong></span> <span class='ocrx_word' id='word_1_393' title='bbox 3666 2574 3766 2640; x_wconf 86' lang='grc' dir='ltr'><strong>γέ-</strong></span> 
     </span>
    </p>
   </div>
   <div class='ocr_carea' id='block_1_56' title="bbox 2194 2663 3762 2737">
    <p class='ocr_par' dir='ltr' id='par_1_56' title="bbox 2194 2663 3762 2737">
     <span class='ocr_line' id='line_1_56' title="bbox 2194 2663 3762 2737; baseline 0.001 -21"><span class='ocrx_word' id='word_1_394' title='bbox 2194 2679 2338 2716; x_wconf 88' lang='grc' dir='ltr'>νοιτο</span> <span class='ocrx_word' id='word_1_395' title='bbox 2362 2665 2755 2736; x_wconf 82' lang='grc' dir='ltr'><strong>γενναιοτάτης</strong></span> <span class='ocrx_word' id='word_1_396' title='bbox 2784 2665 2964 2737; x_wconf 68' lang='grc' dir='ltr'>ψυχῆς</span> <span class='ocrx_word' id='word_1_397' title='bbox 3004 2665 3186 2736; x_wconf 78' lang='grc' dir='ltr'>ἔργον.</span> <span class='ocrx_word' id='word_1_398' title='bbox 3220 2666 3332 2719; x_wconf 75' lang='grc' dir='ltr'><strong>Καὶ</strong></span> <span class='ocrx_word' id='word_1_399' title='bbox 3374 2663 3570 2720; x_wconf 82' lang='grc' dir='ltr'>τοῦτον</span> <span class='ocrx_word' id='word_1_400' title='bbox 3607 2663 3762 2733; x_wconf 74' lang='grc' dir='ltr'>οἶμαι</span> 
     </span>
    </p>
   </div>
   <div class='ocr_carea' id='block_1_57' title="bbox 2193 2756 3760 2826">
    <p class='ocr_par' dir='ltr' id='par_1_57' title="bbox 2193 2756 3760 2826">
     <span class='ocr_line' id='line_1_57' title="bbox 2193 2756 3760 2826; baseline 0.001 -20"><span class='ocrx_word' id='word_1_401' title='bbox 2193 2756 2286 2808; x_wconf 81' lang='grc' dir='ltr'><strong>τὸν</strong></span> <span class='ocrx_word' id='word_1_402' title='bbox 2321 2757 2526 2823; x_wconf 83' lang='grc' dir='ltr'>τρόπον</span> <span class='ocrx_word' id='word_1_403' title='bbox 2555 2756 2666 2809; x_wconf 88' lang='grc' dir='ltr'><strong>τῶν</strong></span> <span class='ocrx_word' id='word_1_404' title='bbox 2702 2758 3007 2823; x_wconf 83' lang='grc' dir='ltr'>ἀμεινόνων</span> <span class='ocrx_word' id='word_1_405' title='bbox 3057 2759 3124 2809; x_wconf 82' lang='grc' dir='ltr'>τὰ</span> <span class='ocrx_word' id='word_1_406' title='bbox 3170 2757 3341 2826; x_wconf 85' lang='grc' dir='ltr'>χείρω</span> <span class='ocrx_word' id='word_1_407' title='bbox 3389 2756 3760 2819; x_wconf 81' lang='grc' dir='ltr'>πλεονεκτεῖν,</span> 
     </span>
    </p>
   </div>
   <div class='ocr_carea' id='block_1_58' title="bbox 2193 2847 3766 2918">
    <p class='ocr_par' dir='ltr' id='par_1_58' title="bbox 2193 2847 3766 2918">
     <span class='ocr_line' id='line_1_58' title="bbox 2193 2847 3766 2918; baseline -0.001 -17"><span class='ocrx_word' id='word_1_408' title='bbox 2193 2848 2292 2901; x_wconf 80' lang='grc' dir='ltr'>καὶ</span> <span class='ocrx_word' id='word_1_409' title='bbox 2318 2847 2411 2901; x_wconf 74' lang='grc' dir='ltr'>τὸν</span> <span class='ocrx_word' id='word_1_410' title='bbox 2440 2848 2536 2900; x_wconf 80' lang='grc' dir='ltr'><strong>ἀπ’</strong></span> <span class='ocrx_word' id='word_1_411' title='bbox 2567 2850 2746 2918; x_wconf 85' lang='grc' dir='ltr'>ἀρχῆς</span> <span class='ocrx_word' id='word_1_412' title='bbox 2775 2849 2979 2916; x_wconf 82' lang='grc' dir='ltr'>ἀγαθὸν</span> <span class='ocrx_word' id='word_1_413' title='bbox 3003 2849 3102 2902; x_wconf 76' lang='grc' dir='ltr'><strong>οὐκ</strong></span> <span class='ocrx_word' id='word_1_414' title='bbox 3131 2850 3220 2901; x_wconf 78' lang='grc' dir='ltr'><strong>ἀεὶ</strong></span> <span class='ocrx_word' id='word_1_415' title='bbox 3244 2847 3488 2902; x_wconf 79' lang='grc' dir='ltr'>τοιοῦτον</span> <span class='ocrx_word' id='word_1_416' title='bbox 3509 2848 3766 2918; x_wconf 79' lang='grc' dir='ltr'>εὑρίσκε-</span> 
     </span>
    </p>
   </div>
   <div class='ocr_carea' id='block_1_59' title="bbox 2197 2939 3766 3011">
    <p class='ocr_par' dir='ltr' id='par_1_59' title="bbox 2197 2939 3766 3011">
     <span class='ocr_line' id='line_1_59' title="bbox 2197 2939 3766 3011; baseline 0 -19"><span class='ocrx_word' id='word_1_417' title='bbox 2197 2939 2345 3002; x_wconf 87' lang='grc' dir='ltr'>σθαι,</span> <span class='ocrx_word' id='word_1_418' title='bbox 2372 2939 2509 2993; x_wconf 81' lang='grc' dir='ltr'>ἀλλὰ</span> <span class='ocrx_word' id='word_1_419' title='bbox 2540 2942 2636 2993; x_wconf 81' lang='grc' dir='ltr'>καὶ</span> <span class='ocrx_word' id='word_1_420' title='bbox 2665 2941 2748 3004; x_wconf 85' lang='grc' dir='ltr'><strong>είς</strong></span> <span class='ocrx_word' id='word_1_421' title='bbox 2777 2942 2948 2994; x_wconf 82' lang='grc' dir='ltr'>κακδν</span> <span class='ocrx_word' id='word_1_422' title='bbox 2986 2940 3366 3011; x_wconf 78' lang='grc' dir='ltr'>μεταϐάλλειν,</span> <span class='ocrx_word' id='word_1_423' title='bbox 3396 2939 3766 3009; x_wconf 81' lang='grc' dir='ltr'><strong>διαμενούσης</strong></span> 
     </span>
    </p>
   </div>
   <div class='ocr_carea' id='block_1_60' title="bbox 2195 3029 3760 3100">
    <p class='ocr_par' dir='ltr' id='par_1_60' title="bbox 2195 3029 3760 3100">
     <span class='ocr_line' id='line_1_60' title="bbox 2195 3029 3760 3100; baseline -0.002 -15"><span class='ocrx_word' id='word_1_424' title='bbox 2195 3032 2286 3085; x_wconf 75' lang='grc' dir='ltr'><strong>ἀεὶ</strong></span> <span class='ocrx_word' id='word_1_425' title='bbox 2311 3032 2412 3100; x_wconf 80' lang='grc' dir='ltr'><strong>τῆς</strong></span> <span class='ocrx_word' id='word_1_426' title='bbox 2436 3029 2656 3099; x_wconf 63' lang='grc' dir='ltr'>φύσεως</span> <span class='ocrx_word' id='word_1_427' title='bbox 2692 3034 2752 3083; x_wconf 83' lang='grc' dir='ltr'>ὲν</span> <span class='ocrx_word' id='word_1_428' title='bbox 2777 3031 2980 3100; x_wconf 86' lang='grc' dir='ltr'>ταυτῷ.</span> <span class='ocrx_word' id='word_1_429' title='bbox 3013 3031 3121 3083; x_wconf 80' lang='grc' dir='ltr'><strong>Καὶ</strong></span> <span class='ocrx_word' id='word_1_430' title='bbox 3154 3033 3214 3084; x_wconf 80' lang='grc' dir='ltr'><strong>εί</strong></span> <span class='ocrx_word' id='word_1_431' title='bbox 3232 3031 3389 3084; x_wconf 82' lang='grc' dir='ltr'>ταῦθ’</span> <span class='ocrx_word' id='word_1_432' title='bbox 3418 3031 3599 3093; x_wconf 77' lang='grc' dir='ltr'>οὓτως</span> <span class='ocrx_word' id='word_1_433' title='bbox 3627 3030 3760 3099; x_wconf 77' lang='grc' dir='ltr'>ἔχει.</span> 
     </span>
    </p>
   </div>
   <div class='ocr_carea' id='block_1_61' title="bbox 2199 3122 3764 3194">
    <p class='ocr_par' dir='ltr' id='par_1_61' title="bbox 2199 3122 3764 3194">
     <span class='ocr_line' id='line_1_61' title="bbox 2199 3122 3764 3194; baseline -0.003 -16"><span class='ocrx_word' id='word_1_434' title='bbox 2199 3123 2469 3194; x_wconf 83' lang='grc' dir='ltr'>πρόδηλον</span> <span class='ocrx_word' id='word_1_435' title='bbox 2494 3124 2569 3188; x_wconf 85' lang='grc' dir='ltr'>ὡς</span> <span class='ocrx_word' id='word_1_436' title='bbox 2603 3123 2777 3187; x_wconf 88' lang='grc' dir='ltr'>αίτιος</span> <span class='ocrx_word' id='word_1_437' title='bbox 2804 3126 2912 3178; x_wconf 90' lang='grc' dir='ltr'><strong>τῶν</strong></span> <span class='ocrx_word' id='word_1_438' title='bbox 2961 3124 3150 3178; x_wconf 82' lang='grc' dir='ltr'>κακῶν</span> <span class='ocrx_word' id='word_1_439' title='bbox 3189 3124 3424 3185; x_wconf 75' lang='grc' dir='ltr'>ἕκαστος</span> <span class='ocrx_word' id='word_1_440' title='bbox 3455 3122 3640 3192; x_wconf 77' lang='grc' dir='ltr'>ἐαυτῷ</span> <span class='ocrx_word' id='word_1_441' title='bbox 3677 3123 3764 3188; x_wconf 77' lang='grc' dir='ltr'>γί-</span> 
     </span>
    </p>
   </div>
   <div class='ocr_carea' id='block_1_62' title="bbox 518 3211 2088 3287">
    <p class='ocr_par' dir='ltr' id='par_1_62' title="bbox 518 3211 2088 3287">
     <span class='ocr_line' id='line_1_62' title="bbox 518 3211 2088 3287; baseline 0.008 -25"><span class='ocrx_word' id='word_1_442' title='bbox 518 3211 635 3268; x_wconf 76' lang='lat' dir='ltr'><strong>insa</strong></span> <span class='ocrx_word' id='word_1_443' title='bbox 669 3218 864 3264; x_wconf 84' lang='lat' dir='ltr'><strong>natura</strong></span> <span class='ocrx_word' id='word_1_444' title='bbox 903 3225 1120 3280; x_wconf 88' lang='lat' dir='ltr'><strong>semper</strong></span> <span class='ocrx_word' id='word_1_445' title='bbox 1165 3213 1219 3266; x_wconf 92' lang='lat' dir='ltr'><strong>in</strong></span> <span class='ocrx_word' id='word_1_446' title='bbox 1274 3215 1464 3268; x_wconf 90' lang='lat' dir='ltr'><strong>eodem</strong></span> <span class='ocrx_word' id='word_1_447' title='bbox 1514 3224 1660 3271; x_wconf 88' lang='lat' dir='ltr'><strong>statu</strong></span> <span class='ocrx_word' id='word_1_448' title='bbox 1713 3230 2088 3287; x_wconf 88' lang='lat' dir='ltr'><strong>permanente.</strong></span> 
     </span>
    </p>
   </div>
   <div class='ocr_carea' id='block_1_63' title="bbox 2191 3211 3758 3287">
    <p class='ocr_par' dir='ltr' id='par_1_63' title="bbox 2201 3211 3758 3286">
     <span class='ocr_line' id='line_1_63' title="bbox 2201 3211 3758 3286; baseline -0.004 -16"><span class='ocrx_word' id='word_1_449' title='bbox 2201 3234 2374 3271; x_wconf 89' lang='grc' dir='ltr'>νεται.</span> <span class='ocrx_word' id='word_1_450' title='bbox 2400 3215 2707 3286; x_wconf 67' lang='grc' dir='ltr'>Σκοπῶμεν</span> <span class='ocrx_word' id='word_1_451' title='bbox 2727 3217 2806 3270; x_wconf 80' lang='grc' dir='ltr'><strong>δέ.</strong></span> <span class='ocrx_word' id='word_1_452' title='bbox 2829 3211 2900 3286; x_wconf 78' lang='grc' dir='ltr'>ᾯ</span> <span class='ocrx_word' id='word_1_453' title='bbox 2926 3233 2991 3282; x_wconf 79' lang='grc' dir='ltr'><strong>γε</strong></span> <span class='ocrx_word' id='word_1_454' title='bbox 3023 3215 3234 3279; x_wconf 72' lang='grc' dir='ltr'>ἔξεστιν</span> <span class='ocrx_word' id='word_1_455' title='bbox 3261 3215 3463 3268; x_wconf 75' lang='grc' dir='ltr'>εἰδέναι</span> <span class='ocrx_word' id='word_1_456' title='bbox 3491 3214 3758 3282; x_wconf 74' lang='grc' dir='ltr'>τάγαθὸν,</span> 
     </span>
    </p>
   </div>
   <div class='ocr_carea' id='block_1_64' title="bbox 487 3302 2094 3378">
    <p class='ocr_par' dir='ltr' id='par_1_64' title="bbox 487 3302 2094 3378">
     <span class='ocr_line' id='line_1_64' title="bbox 487 3302 2094 3378; baseline 0.007 -25"><span class='ocrx_word' id='word_1_457' title='bbox 487 3334 490 3336; x_wconf 71' lang='lat'><strong>~</strong></span> <span class='ocrx_word' id='word_1_458' title='bbox 517 3302 652 3366; x_wconf 71' lang='lat' dir='ltr'><strong>Quae</strong></span> <span class='ocrx_word' id='word_1_459' title='bbox 680 3316 801 3356; x_wconf 90' lang='lat' dir='ltr'><strong>cum</strong></span> <span class='ocrx_word' id='word_1_460' title='bbox 831 3302 906 3356; x_wconf 86' lang='lat' dir='ltr'><strong>ita</strong></span> <span class='ocrx_word' id='word_1_461' title='bbox 939 3302 1070 3367; x_wconf 89' lang='lat' dir='ltr'><strong>sint,</strong></span> <span class='ocrx_word' id='word_1_462' title='bbox 1101 3303 1397 3360; x_wconf 80' lang='lat' dir='ltr'><strong>manifeSto</strong></span> <span class='ocrx_word' id='word_1_463' title='bbox 1420 3313 1588 3374; x_wconf 89' lang='lat' dir='ltr'><strong>patet,</strong></span> <span class='ocrx_word' id='word_1_464' title='bbox 1641 3321 1914 3378; x_wconf 87' lang='lat' dir='ltr'><strong>quemque</strong></span> <span class='ocrx_word' id='word_1_465' title='bbox 1962 3310 2094 3364; x_wconf 86' lang='lat' dir='ltr'><strong>sibi-</strong></span> 
     </span>
    </p>
   </div>
   <div class='ocr_carea' id='block_1_65' title="bbox 523 3395 2092 3468">
    <p class='ocr_par' dir='ltr' id='par_1_65' title="bbox 523 3395 2092 3468">
     <span class='ocr_line' id='line_1_65' title="bbox 523 3395 2092 3468; baseline 0.006 -20"><span class='ocrx_word' id='word_1_466' title='bbox 523 3403 634 3449; x_wconf 87' lang='lat' dir='ltr'><strong>met</strong></span> <span class='ocrx_word' id='word_1_467' title='bbox 681 3403 960 3449; x_wconf 89' lang='lat' dir='ltr'><strong>auctorem</strong></span> <span class='ocrx_word' id='word_1_468' title='bbox 1011 3395 1278 3450; x_wconf 90' lang='lat' dir='ltr'><strong>malorum</strong></span> <span class='ocrx_word' id='word_1_469' title='bbox 1330 3411 1472 3452; x_wconf 91' lang='lat' dir='ltr'><strong>esse.</strong></span> <span class='ocrx_word' id='word_1_470' title='bbox 1525 3397 1682 3465; x_wconf 85' lang='lat' dir='ltr'><strong>Quod</strong></span> <span class='ocrx_word' id='word_1_471' title='bbox 1740 3400 1960 3468; x_wconf 88' lang='lat' dir='ltr'><strong>quidem</strong></span> <span class='ocrx_word' id='word_1_472' title='bbox 2017 3405 2092 3459; x_wconf 91' lang='lat' dir='ltr'><strong>ita</strong></span> 
     </span>
    </p>
   </div>
   <div class='ocr_carea' id='block_1_66' title="bbox 519 3486 2089 3561">
    <p class='ocr_par' dir='ltr' id='par_1_66' title="bbox 519 3486 2089 3561">
     <span class='ocr_line' id='line_1_66' title="bbox 519 3486 2089 3561; baseline 0.004 -20"><span class='ocrx_word' id='word_1_473' title='bbox 519 3487 946 3550; x_wconf 75' lang='lat' dir='ltr'><strong>consideremus.</strong></span> <span class='ocrx_word' id='word_1_474' title='bbox 978 3486 1082 3552; x_wconf 87' lang='lat' dir='ltr'><strong>Qui</strong></span> <span class='ocrx_word' id='word_1_475' title='bbox 1115 3488 1256 3543; x_wconf 75' lang='lat' dir='ltr'><strong>scire</strong></span> <span class='ocrx_word' id='word_1_476' title='bbox 1287 3490 1433 3556; x_wconf 84' lang='lat' dir='ltr'><strong>quod</strong></span> <span class='ocrx_word' id='word_1_477' title='bbox 1481 3489 1685 3544; x_wconf 88' lang='lat' dir='ltr'><strong>bonum</strong></span> <span class='ocrx_word' id='word_1_478' title='bbox 1741 3500 1827 3544; x_wconf 89' lang='lat' dir='ltr'><strong>est</strong></span> <span class='ocrx_word' id='word_1_479' title='bbox 1888 3502 2089 3561; x_wconf 87' lang='lat' dir='ltr'><strong>potest,</strong></span> 
     </span>
    </p>
   </div>
   <div class='ocr_carea' id='block_1_67' title="bbox 520 3581 2091 3650">
    <p class='ocr_par' dir='ltr' id='par_1_67' title="bbox 520 3581 2091 3650">
     <span class='ocr_line' id='line_1_67' title="bbox 520 3581 2091 3650; baseline 0.003 -18"><span class='ocrx_word' id='word_1_480' title='bbox 520 3595 710 3636; x_wconf 81' lang='lat' dir='ltr'><strong>verum</strong></span> <span class='ocrx_word' id='word_1_481' title='bbox 758 3581 900 3638; x_wconf 84' lang='lat' dir='ltr'><strong>scire</strong></span> <span class='ocrx_word' id='word_1_482' title='bbox 927 3595 1034 3634; x_wconf 90' lang='lat' dir='ltr'><strong>non</strong></span> <span class='ocrx_word' id='word_1_483' title='bbox 1067 3581 1180 3634; x_wconf 91' lang='lat' dir='ltr'><strong>vult</strong></span> <span class='ocrx_word' id='word_1_484' title='bbox 1214 3599 1228 3634; x_wconf 90' lang='lat'><strong>:</strong></span> <span class='ocrx_word' id='word_1_485' title='bbox 1263 3589 1357 3636; x_wconf 89' lang='lat' dir='ltr'><strong>aut</strong></span> <span class='ocrx_word' id='word_1_486' title='bbox 1418 3581 1535 3636; x_wconf 86' lang='lat' dir='ltr'><strong>vult</strong></span> <span class='ocrx_word' id='word_1_487' title='bbox 1575 3581 1666 3636; x_wconf 92' lang='lat' dir='ltr'><strong>ille</strong></span> <span class='ocrx_word' id='word_1_488' title='bbox 1713 3583 1957 3650; x_wconf 90' lang='lat' dir='ltr'><strong>quidem,</strong></span> <span class='ocrx_word' id='word_1_489' title='bbox 1997 3585 2091 3640; x_wconf 90' lang='lat' dir='ltr'><strong>sed</strong></span> 
     </span>
    </p>
   </div>
   <div class='ocr_carea' id='block_1_68' title="bbox 521 3670 2088 3742">
    <p class='ocr_par' dir='ltr' id='par_1_68' title="bbox 521 3670 2088 3742">
     <span class='ocr_line' id='line_1_68' title="bbox 521 3670 2088 3742; baseline 0.002 -17"><span class='ocrx_word' id='word_1_490' title='bbox 521 3687 630 3726; x_wconf 82' lang='lat' dir='ltr'><strong>non</strong></span> <span class='ocrx_word' id='word_1_491' title='bbox 659 3679 870 3726; x_wconf 88' lang='lat' dir='ltr'><strong>tantum</strong></span> <span class='ocrx_word' id='word_1_492' title='bbox 901 3681 1160 3741; x_wconf 88' lang='lat' dir='ltr'><strong>quantum</strong></span> <span class='ocrx_word' id='word_1_493' title='bbox 1209 3670 1520 3727; x_wconf 82' lang='lat' dir='ltr'><strong>sulliceret:</strong></span> <span class='ocrx_word' id='word_1_494' title='bbox 1552 3682 1645 3725; x_wconf 89' lang='lat' dir='ltr'><strong>aut</strong></span> <span class='ocrx_word' id='word_1_495' title='bbox 1675 3674 1955 3742; x_wconf 87' lang='lat' dir='ltr'><strong>adgnoscit</strong></span> <span class='ocrx_word' id='word_1_496' title='bbox 1993 3675 2088 3728; x_wconf 87' lang='lat' dir='ltr'><strong>bo-</strong></span> 
     </span>
    </p>
   </div>
   <div class='ocr_carea' id='block_1_69' title="bbox 522 3764 2089 3834">
    <p class='ocr_par' dir='ltr' id='par_1_69' title="bbox 522 3764 2089 3834">
     <span class='ocr_line' id='line_1_69' title="bbox 522 3764 2089 3834; baseline 0 -16"><span class='ocrx_word' id='word_1_497' title='bbox 522 3780 676 3831; x_wconf 88' lang='lat' dir='ltr'><strong>num,</strong></span> <span class='ocrx_word' id='word_1_498' title='bbox 710 3774 761 3818; x_wconf 90' lang='lat' dir='ltr'><strong>et</strong></span> <span class='ocrx_word' id='word_1_499' title='bbox 792 3764 1052 3834; x_wconf 70' lang='lat' dir='ltr'><strong>praeclare</strong></span> <span class='ocrx_word' id='word_1_500' title='bbox 1101 3764 1342 3834; x_wconf 84' lang='lat' dir='ltr'><strong>quidem,</strong></span> <span class='ocrx_word' id='word_1_501' title='bbox 1377 3766 1472 3819; x_wconf 88' lang='lat' dir='ltr'><strong>sed</strong></span> <span class='ocrx_word' id='word_1_502' title='bbox 1532 3765 1735 3819; x_wconf 88' lang='lat' dir='ltr'><strong>malum</strong></span> <span class='ocrx_word' id='word_1_503' title='bbox 1767 3780 1874 3819; x_wconf 88' lang='lat' dir='ltr'><strong>non</strong></span> <span class='ocrx_word' id='word_1_504' title='bbox 1905 3765 2042 3834; x_wconf 82' lang='lat' dir='ltr'><strong>fugit</strong></span> <span class='ocrx_word' id='word_1_505' title='bbox 2075 3783 2089 3819; x_wconf 89' lang='lat'><strong>:</strong></span> 
     </span>
    </p>
   </div>
   <div class='ocr_carea' id='block_1_70' title="bbox 523 3855 2094 3927">
    <p class='ocr_par' dir='ltr' id='par_1_70' title="bbox 523 3855 2094 3927">
     <span class='ocr_line' id='line_1_70' title="bbox 523 3855 2094 3927; baseline 0.001 -17"><span class='ocrx_word' id='word_1_506' title='bbox 523 3867 619 3910; x_wconf 83' lang='lat' dir='ltr'><strong>aut</strong></span> <span class='ocrx_word' id='word_1_507' title='bbox 676 3866 823 3911; x_wconf 87' lang='lat' dir='ltr'><strong>recte</strong></span> <span class='ocrx_word' id='word_1_508' title='bbox 883 3856 1112 3922; x_wconf 80' lang='lat' dir='ltr'><strong>faciens,</strong></span> <span class='ocrx_word' id='word_1_509' title='bbox 1171 3855 1330 3925; x_wconf 80' lang='lat' dir='ltr'><strong>fugit,</strong></span> <span class='ocrx_word' id='word_1_510' title='bbox 1372 3867 1427 3910; x_wconf 89' lang='lat' dir='ltr'><strong>at</strong></span> <span class='ocrx_word' id='word_1_511' title='bbox 1488 3872 1595 3911; x_wconf 90' lang='lat' dir='ltr'><strong>non</strong></span> <span class='ocrx_word' id='word_1_512' title='bbox 1657 3858 1873 3912; x_wconf 88' lang='lat' dir='ltr'><strong>duobus</strong></span> <span class='ocrx_word' id='word_1_513' title='bbox 1930 3857 2094 3927; x_wconf 90' lang='lat' dir='ltr'><strong>(quod</strong></span> 
     </span>
    </p>
   </div>
   <div class='ocr_carea' id='block_1_71' title="bbox 525 3951 2091 4022">
    <p class='ocr_par' dir='ltr' id='par_1_71' title="bbox 525 3951 2091 4022">
     <span class='ocr_line' id='line_1_71' title="bbox 525 3951 2091 4022; baseline 0 -18"><span class='ocrx_word' id='word_1_514' title='bbox 525 3954 678 4005; x_wconf 82' lang='lat' dir='ltr'><strong>aiunt</strong></span> <span class='ocrx_word' id='word_1_515' title='bbox 712 3953 730 4022; x_wconf 93' lang='lat'>)</span> <span class='ocrx_word' id='word_1_516' title='bbox 759 3952 1011 4019; x_wconf 82' lang='lat' dir='ltr'><strong>pedibus,</strong></span> <span class='ocrx_word' id='word_1_517' title='bbox 1045 3967 1149 4006; x_wconf 87' lang='lat' dir='ltr'><strong>nec</strong></span> <span class='ocrx_word' id='word_1_518' title='bbox 1183 3951 1464 4016; x_wconf 86' lang='lat' dir='ltr'><strong>continuo,</strong></span> <span class='ocrx_word' id='word_1_519' title='bbox 1488 3952 1580 4007; x_wconf 92' lang='lat' dir='ltr'><strong>sed</strong></span> <span class='ocrx_word' id='word_1_520' title='bbox 1605 3952 1873 4006; x_wconf 91' lang='lat' dir='ltr'><strong>interdum</strong></span> <span class='ocrx_word' id='word_1_521' title='bbox 1899 3953 2091 4018; x_wconf 85' lang='lat' dir='ltr'><strong>victor,</strong></span> 
     </span>
    </p>
   </div>
   <div class='ocr_carea' id='block_1_72' title="bbox 522 4041 2094 4112">
    <p class='ocr_par' dir='ltr' id='par_1_72' title="bbox 522 4041 2094 4112">
     <span class='ocr_line' id='line_1_72' title="bbox 522 4041 2094 4112; baseline 0 -14"><span class='ocrx_word' id='word_1_522' title='bbox 522 4045 793 4098; x_wconf 83' lang='lat' dir='ltr'><strong>interdum</strong></span> <span class='ocrx_word' id='word_1_523' title='bbox 815 4045 990 4097; x_wconf 86' lang='lat' dir='ltr'><strong>victus</strong></span> <span class='ocrx_word' id='word_1_524' title='bbox 1007 4044 1367 4112; x_wconf 88' lang='lat' dir='ltr'><strong>conspicitur,</strong></span> <span class='ocrx_word' id='word_1_525' title='bbox 1405 4045 1568 4098; x_wconf 88' lang='lat' dir='ltr'><strong>modo</strong></span> <span class='ocrx_word' id='word_1_526' title='bbox 1618 4041 1912 4098; x_wconf 85' lang='lat' dir='ltr'><strong>levioribus</strong></span> <span class='ocrx_word' id='word_1_527' title='bbox 1947 4046 2094 4099; x_wconf 90' lang='lat' dir='ltr'><strong>vitiis</strong></span> 
     </span>
    </p>
   </div>
   <div class='ocr_carea' id='block_1_73' title="bbox 525 4136 2092 4205">
    <p class='ocr_par' dir='ltr' id='par_1_73' title="bbox 525 4136 2092 4205">
     <span class='ocr_line' id='line_1_73' title="bbox 525 4136 2092 4205; baseline -0.001 -14"><span class='ocrx_word' id='word_1_528' title='bbox 525 4137 794 4204; x_wconf 84' lang='lat' dir='ltr'><strong>superior,</strong></span> <span class='ocrx_word' id='word_1_529' title='bbox 825 4137 985 4192; x_wconf 89' lang='lat' dir='ltr'><strong>modo</strong></span> <span class='ocrx_word' id='word_1_530' title='bbox 1016 4137 1243 4191; x_wconf 87' lang='lat' dir='ltr'><strong>inferior</strong></span> <span class='ocrx_word' id='word_1_531' title='bbox 1271 4137 1498 4205; x_wconf 86' lang='lat' dir='ltr'><strong>(quippe</strong></span> <span class='ocrx_word' id='word_1_532' title='bbox 1544 4136 1612 4190; x_wconf 85' lang='lat' dir='ltr'><strong>de</strong></span> <span class='ocrx_word' id='word_1_533' title='bbox 1663 4137 2092 4191; x_wconf 88' lang='lat' dir='ltr'><strong>vehementiori-</strong></span> 
     </span>
    </p>
   </div>
   <div class='ocr_carea' id='block_1_74' title="bbox 2191 3306 3763 3379">
    <p class='ocr_par' dir='ltr' id='par_1_74' title="bbox 2191 3306 3763 3379">
     <span class='ocr_line' id='line_1_74' title="bbox 2191 3306 3763 3379; baseline -0.003 -17"><span class='ocrx_word' id='word_1_534' title='bbox 2191 3311 2220 3362; x_wconf 82' lang='grc' dir='ltr'><strong>ὁ</strong></span> <span class='ocrx_word' id='word_1_535' title='bbox 2241 3310 2286 3363; x_wconf 82' lang='grc' dir='ltr'>δ’</span> <span class='ocrx_word' id='word_1_536' title='bbox 2317 3309 2376 3362; x_wconf 82' lang='grc' dir='ltr'><strong>ού</strong></span> <span class='ocrx_word' id='word_1_537' title='bbox 2401 3309 2672 3378; x_wconf 88' lang='grc' dir='ltr'>βούλεται·</span> <span class='ocrx_word' id='word_1_538' title='bbox 2697 3310 2730 3379; x_wconf 79' lang='grc' dir='ltr'>ἢ</span> <span class='ocrx_word' id='word_1_539' title='bbox 2759 3308 3004 3378; x_wconf 84' lang='grc' dir='ltr'>βούλεται</span> <span class='ocrx_word' id='word_1_540' title='bbox 3039 3309 3162 3377; x_wconf 77' lang='grc' dir='ltr'>μὲν,</span> <span class='ocrx_word' id='word_1_541' title='bbox 3187 3308 3285 3377; x_wconf 80' lang='grc' dir='ltr'>οὐχ</span> <span class='ocrx_word' id='word_1_542' title='bbox 3317 3310 3441 3360; x_wconf 85' lang='grc' dir='ltr'>ὅσον</span> <span class='ocrx_word' id='word_1_543' title='bbox 3467 3307 3525 3359; x_wconf 76' lang='grc' dir='ltr'>δὲ</span> <span class='ocrx_word' id='word_1_544' title='bbox 3552 3306 3763 3360; x_wconf 77' lang='grc' dir='ltr'>ἱκανόν·</span> 
     </span>
    </p>
   </div>
   <div class='ocr_carea' id='block_1_75' title="bbox 2192 3397 3762 3471">
    <p class='ocr_par' dir='ltr' id='par_1_75' title="bbox 2192 3397 3762 3471">
     <span class='ocr_line' id='line_1_75' title="bbox 2192 3397 3762 3471; baseline -0.002 -17"><span class='ocrx_word' id='word_1_545' title='bbox 2192 3402 2226 3471; x_wconf 79' lang='grc' dir='ltr'>ἢ</span> <span class='ocrx_word' id='word_1_546' title='bbox 2262 3400 2524 3468; x_wconf 85' lang='grc' dir='ltr'>γινώσκει</span> <span class='ocrx_word' id='word_1_547' title='bbox 2565 3400 2664 3468; x_wconf 73' lang='grc' dir='ltr'><strong>μὲν</strong></span> <span class='ocrx_word' id='word_1_548' title='bbox 2692 3399 2845 3462; x_wconf 64' lang='grc' dir='ltr'>αὐτο,</span> <span class='ocrx_word' id='word_1_549' title='bbox 2877 3399 3019 3451; x_wconf 75' lang='grc' dir='ltr'>ιστω</span> <span class='ocrx_word' id='word_1_550' title='bbox 3049 3399 3106 3450; x_wconf 69' lang='grc' dir='ltr'>δὲ</span> <span class='ocrx_word' id='word_1_551' title='bbox 3131 3398 3271 3451; x_wconf 84' lang='grc' dir='ltr'>πάνυ</span> <span class='ocrx_word' id='word_1_552' title='bbox 3301 3398 3504 3460; x_wconf 85' lang='grc' dir='ltr'>καλῶς,</span> <span class='ocrx_word' id='word_1_553' title='bbox 3536 3399 3598 3450; x_wconf 85' lang='grc' dir='ltr'><strong>οὐ</strong></span> <span class='ocrx_word' id='word_1_554' title='bbox 3627 3397 3762 3464; x_wconf 72' lang='grc' dir='ltr'>φιύο</span> 
     </span>
    </p>
   </div>
   <div class='ocr_carea' id='block_1_76' title="bbox 2193 3487 3761 3562">
    <p class='ocr_par' dir='ltr' id='par_1_76' title="bbox 2193 3487 3761 3562">
     <span class='ocr_line' id='line_1_76' title="bbox 2193 3487 3761 3562; baseline -0.003 -18"><span class='ocrx_word' id='word_1_555' title='bbox 2193 3510 2282 3562; x_wconf 87' lang='grc' dir='ltr'>γει</span> <span class='ocrx_word' id='word_1_556' title='bbox 2317 3493 2374 3546; x_wconf 75' lang='grc' dir='ltr'>δὲ</span> <span class='ocrx_word' id='word_1_557' title='bbox 2408 3493 2468 3545; x_wconf 84' lang='grc' dir='ltr'>τὸ</span> <span class='ocrx_word' id='word_1_558' title='bbox 2501 3493 2692 3547; x_wconf 77' lang='grc' dir='ltr'>κακόνο</span> <span class='ocrx_word' id='word_1_559' title='bbox 2731 3492 2765 3562; x_wconf 78' lang='grc' dir='ltr'>ἢ</span> <span class='ocrx_word' id='word_1_560' title='bbox 2793 3492 2988 3559; x_wconf 84' lang='grc' dir='ltr'>φεύγει</span> <span class='ocrx_word' id='word_1_561' title='bbox 3017 3493 3116 3559; x_wconf 81' lang='grc' dir='ltr'><strong>μὲν</strong></span> <span class='ocrx_word' id='word_1_562' title='bbox 3145 3489 3204 3543; x_wconf 80' lang='grc' dir='ltr'><strong>εὖ</strong></span> <span class='ocrx_word' id='word_1_563' title='bbox 3235 3488 3426 3553; x_wconf 85' lang='grc' dir='ltr'>ποιῶν,</span> <span class='ocrx_word' id='word_1_564' title='bbox 3458 3488 3521 3539; x_wconf 80' lang='grc' dir='ltr'><strong>ού</strong></span> <span class='ocrx_word' id='word_1_565' title='bbox 3565 3487 3673 3557; x_wconf 79' lang='grc' dir='ltr'><strong>μὴν</strong></span> <span class='ocrx_word' id='word_1_566' title='bbox 3700 3489 3761 3540; x_wconf 74' lang='grc' dir='ltr'>δὲ</span> 
     </span>
    </p>
   </div>
   <div class='ocr_carea' id='block_1_77' title="bbox 2193 3576 3760 3648">
    <p class='ocr_par' dir='ltr' id='par_1_77' title="bbox 2193 3576 3760 3648">
     <span class='ocr_line' id='line_1_77' title="bbox 2193 3576 3760 3648; baseline -0.005 -11"><span class='ocrx_word' id='word_1_567' title='bbox 2193 3585 2287 3636; x_wconf 71' lang='grc' dir='ltr'>καὶ</span> <span class='ocrx_word' id='word_1_568' title='bbox 2318 3582 2438 3634; x_wconf 73' lang='grc' dir='ltr'>δυσὶ</span> <span class='ocrx_word' id='word_1_569' title='bbox 2464 3582 2640 3643; x_wconf 73' lang='grc' dir='ltr'>ποσὶν,</span> <span class='ocrx_word' id='word_1_570' title='bbox 2675 3581 2702 3634; x_wconf 82' lang='grc' dir='ltr'><strong><em>ὃ</em></strong></span> <span class='ocrx_word' id='word_1_571' title='bbox 2729 3598 2913 3648; x_wconf 83' lang='grc' dir='ltr'>φασιν,</span> <span class='ocrx_word' id='word_1_572' title='bbox 2966 3580 3086 3632; x_wconf 82' lang='grc' dir='ltr'>οὐδὲ</span> <span class='ocrx_word' id='word_1_573' title='bbox 3119 3578 3382 3648; x_wconf 84' lang='grc' dir='ltr'>συνεχῶς,</span> <span class='ocrx_word' id='word_1_574' title='bbox 3418 3576 3534 3630; x_wconf 75' lang='grc' dir='ltr'>ἀλλ’</span> <span class='ocrx_word' id='word_1_575' title='bbox 3564 3576 3760 3629; x_wconf 75' lang='grc' dir='ltr'>ἄλλοτε</span> 
     </span>
    </p>
   </div>
   <div class='ocr_carea' id='block_1_78' title="bbox 2198 3670 3760 3744">
    <p class='ocr_par' dir='ltr' id='par_1_78' title="bbox 2198 3670 3760 3744">
     <span class='ocr_line' id='line_1_78' title="bbox 2198 3670 3760 3744; baseline -0.004 -17"><span class='ocrx_word' id='word_1_576' title='bbox 2198 3675 2294 3744; x_wconf 81' lang='grc' dir='ltr'><strong>μὲν</strong></span> <span class='ocrx_word' id='word_1_577' title='bbox 2323 3675 2515 3742; x_wconf 80' lang='grc' dir='ltr'>ὁρᾶται</span> <span class='ocrx_word' id='word_1_578' title='bbox 2573 3674 2814 3743; x_wconf 87' lang='grc' dir='ltr'>κρατῶν,</span> <span class='ocrx_word' id='word_1_579' title='bbox 2855 3673 3048 3726; x_wconf 82' lang='grc' dir='ltr'>ἄλλοτε</span> <span class='ocrx_word' id='word_1_580' title='bbox 3101 3672 3160 3726; x_wconf 76' lang='grc' dir='ltr'>δὲ</span> <span class='ocrx_word' id='word_1_581' title='bbox 3191 3670 3567 3741; x_wconf 79' lang='grc' dir='ltr'>κρατούμενος</span> <span class='ocrx_word' id='word_1_582' title='bbox 3591 3687 3606 3702; x_wconf 81' lang='grc' dir='ltr'><strong>ο</strong></span> <span class='ocrx_word' id='word_1_583' title='bbox 3665 3671 3760 3721; x_wconf 71' lang='grc' dir='ltr'>καὶ</span> 
     </span>
    </p>
   </div>
   <div class='ocr_carea' id='block_1_79' title="bbox 2195 3759 3760 3835">
    <p class='ocr_par' dir='ltr' id='par_1_79' title="bbox 2195 3759 3760 3835">
     <span class='ocr_line' id='line_1_79' title="bbox 2195 3759 3760 3835; baseline -0.005 -17"><span class='ocrx_word' id='word_1_584' title='bbox 2195 3768 2325 3819; x_wconf 79' lang='grc' dir='ltr'>ποτὲ</span> <span class='ocrx_word' id='word_1_585' title='bbox 2359 3767 2456 3833; x_wconf 83' lang='grc' dir='ltr'>μὲν</span> <span class='ocrx_word' id='word_1_586' title='bbox 2484 3766 2747 3835; x_wconf 77' lang='grc' dir='ltr'>κρείττων</span> <span class='ocrx_word' id='word_1_587' title='bbox 2785 3765 2894 3818; x_wconf 89' lang='grc' dir='ltr'><strong>τῶν</strong></span> <span class='ocrx_word' id='word_1_588' title='bbox 2921 3765 3264 3835; x_wconf 79' lang='grc' dir='ltr'>κουφοτέρων</span> <span class='ocrx_word' id='word_1_589' title='bbox 3294 3762 3505 3823; x_wconf 88' lang='grc' dir='ltr'>παθῶν,</span> <span class='ocrx_word' id='word_1_590' title='bbox 3541 3760 3674 3812; x_wconf 69' lang='grc' dir='ltr'>ποτὲ</span> <span class='ocrx_word' id='word_1_591' title='bbox 3702 3759 3760 3811; x_wconf 72' lang='grc' dir='ltr'>δὲ</span> 
     </span>
    </p>
   </div>
   <div class='ocr_carea' id='block_1_80' title="bbox 2194 3853 3760 3929">
    <p class='ocr_par' dir='ltr' id='par_1_80' title="bbox 2194 3853 3760 3929">
     <span class='ocr_line' id='line_1_80' title="bbox 2194 3853 3760 3929; baseline -0.005 -19"><span class='ocrx_word' id='word_1_592' title='bbox 2194 3860 2373 3929; x_wconf 71' lang='grc' dir='ltr'>ἥττων</span> <span class='ocrx_word' id='word_1_593' title='bbox 2415 3859 2704 3928; x_wconf 73' lang='grc' dir='ltr'>(περὶγὰρ</span> <span class='ocrx_word' id='word_1_594' title='bbox 2745 3858 2855 3910; x_wconf 90' lang='grc' dir='ltr'><strong>τῶν</strong></span> <span class='ocrx_word' id='word_1_595' title='bbox 2891 3855 3337 3926; x_wconf 76' lang='grc' dir='ltr'>ἐμϐριθεστὲρων</span> <span class='ocrx_word' id='word_1_596' title='bbox 3392 3853 3488 3906; x_wconf 73' lang='grc' dir='ltr'>καὶ</span> <span class='ocrx_word' id='word_1_597' title='bbox 3527 3854 3760 3922; x_wconf 82' lang='grc' dir='ltr'>ἐπικρα-</span> 
     </span>
    </p>
   </div>
   <div class='ocr_carea' id='block_1_81' title="bbox 2193 3947 3760 4020">
    <p class='ocr_par' dir='ltr' id='par_1_81' title="bbox 2193 3947 3760 4020">
     <span class='ocr_line' id='line_1_81' title="bbox 2193 3947 3760 4020; baseline -0.005 -16"><span class='ocrx_word' id='word_1_598' title='bbox 2193 3951 2470 4020; x_wconf 81' lang='grc' dir='ltr'>τεστὲρων</span> <span class='ocrx_word' id='word_1_599' title='bbox 2519 3951 2708 4002; x_wconf 86' lang='grc' dir='ltr'>κακῶν</span> <span class='ocrx_word' id='word_1_600' title='bbox 2741 3950 2873 4012; x_wconf 72' lang='grc' dir='ltr'>ἴσως</span> <span class='ocrx_word' id='word_1_601' title='bbox 2911 3949 3036 4001; x_wconf 68' lang='grc' dir='ltr'>οὐδὲ</span> <span class='ocrx_word' id='word_1_602' title='bbox 3079 3949 3187 4018; x_wconf 79' lang='grc' dir='ltr'><strong>χρὴ</strong></span> <span class='ocrx_word' id='word_1_603' title='bbox 3237 3947 3480 4016; x_wconf 75' lang='grc' dir='ltr'>λέγειν)’</span> <span class='ocrx_word' id='word_1_604' title='bbox 3513 3947 3630 4006; x_wconf 79' lang='grc' dir='ltr'><strong>πῶς</strong></span> <span class='ocrx_word' id='word_1_605' title='bbox 3661 3947 3760 4014; x_wconf 74' lang='grc' dir='ltr'>οὐχ</span> 
     </span>
    </p>
   </div>
   <div class='ocr_carea' id='block_1_82' title="bbox 2194 4038 3758 4109">
    <p class='ocr_par' dir='ltr' id='par_1_82' title="bbox 2194 4038 3758 4109">
     <span class='ocr_line' id='line_1_82' title="bbox 2194 4038 3758 4109; baseline -0.004 -13"><span class='ocrx_word' id='word_1_606' title='bbox 2194 4045 2495 4104; x_wconf 81' lang='grc' dir='ltr'>ὑπεύθυνος</span> <span class='ocrx_word' id='word_1_607' title='bbox 2527 4043 2683 4105; x_wconf 79' lang='grc' dir='ltr'>οὗτος</span> <span class='ocrx_word' id='word_1_608' title='bbox 2711 4042 2892 4109; x_wconf 75' lang='grc' dir='ltr'>ἐαυτῷ</span> <span class='ocrx_word' id='word_1_609' title='bbox 2918 4041 3022 4094; x_wconf 87' lang='grc' dir='ltr'><strong>τῶν</strong></span> <span class='ocrx_word' id='word_1_610' title='bbox 3051 4041 3240 4094; x_wconf 87' lang='grc' dir='ltr'>κακῶν</span> <span class='ocrx_word' id='word_1_611' title='bbox 3265 4039 3507 4108; x_wconf 79' lang='grc' dir='ltr'>ἀτεχνῶς</span> <span class='ocrx_word' id='word_1_612' title='bbox 3529 4038 3758 4105; x_wconf 82' lang='grc' dir='ltr'>γίνεται,</span> 
     </span>
    </p>
   </div>
   <div class='ocr_carea' id='block_1_83' title="bbox 2199 4127 3850 4204">
    <p class='ocr_par' dir='ltr' id='par_1_83' title="bbox 2199 4127 3850 4204">
     <span class='ocr_line' id='line_1_83' title="bbox 2199 4127 3850 4204; baseline -0.004 -18"><span class='ocrx_word' id='word_1_613' title='bbox 2199 4134 2382 4204; x_wconf 74' lang='grc' dir='ltr'>ῥιπων</span> <span class='ocrx_word' id='word_1_614' title='bbox 2413 4135 2478 4202; x_wconf 78' lang='grc' dir='ltr'>τῇ</span> <span class='ocrx_word' id='word_1_615' title='bbox 2515 4132 2645 4202; x_wconf 87' lang='grc' dir='ltr'>παρ’</span> <span class='ocrx_word' id='word_1_616' title='bbox 2685 4131 2883 4184; x_wconf 77' lang='grc' dir='ltr'>ἑαυτοῦ</span> <span class='ocrx_word' id='word_1_617' title='bbox 2925 4129 3170 4183; x_wconf 82' lang='grc' dir='ltr'>διαθέσει</span> <span class='ocrx_word' id='word_1_618' title='bbox 3210 4129 3347 4199; x_wconf 77' lang='grc' dir='ltr'>πρὸς</span> <span class='ocrx_word' id='word_1_619' title='bbox 3376 4129 3442 4180; x_wconf 84' lang='grc' dir='ltr'>τὰ</span> <span class='ocrx_word' id='word_1_620' title='bbox 3481 4127 3762 4195; x_wconf 80' lang='grc' dir='ltr'>δυνάμενα</span> <span class='ocrx_word' id='word_1_621' title='bbox 3845 4156 3850 4160; x_wconf 65' lang='grc' dir='ltr'><strong>ι</strong></span> 
     </span>
    </p>
   </div>
   <div class='ocr_carea' id='block_1_84' title="bbox 528 4220 2088 4296">
    <p class='ocr_par' dir='ltr' id='par_1_84' title="bbox 528 4226 2088 4296">
     <span class='ocr_line' id='line_1_84' title="bbox 528 4226 2088 4296; baseline 0 -18"><span class='ocrx_word' id='word_1_622' title='bbox 528 4231 630 4282; x_wconf 85' lang='lat' dir='ltr'><strong>bus</strong></span> <span class='ocrx_word' id='word_1_623' title='bbox 659 4237 713 4280; x_wconf 92' lang='lat' dir='ltr'><strong>et</strong></span> <span class='ocrx_word' id='word_1_624' title='bbox 754 4227 1161 4296; x_wconf 87' lang='lat' dir='ltr'><strong>potentioribus</strong></span> <span class='ocrx_word' id='word_1_625' title='bbox 1208 4228 1391 4290; x_wconf 91' lang='lat' dir='ltr'><strong>malis,</strong></span> <span class='ocrx_word' id='word_1_626' title='bbox 1434 4228 1673 4280; x_wconf 80' lang='lat' dir='ltr'><strong>fortasse</strong></span> <span class='ocrx_word' id='word_1_627' title='bbox 1704 4241 1772 4280; x_wconf 88' lang='lat' dir='ltr'><strong>ne</strong></span> <span class='ocrx_word' id='word_1_628' title='bbox 1801 4226 2088 4280; x_wconf 88' lang='lat' dir='ltr'><strong>dicendum</strong></span> 
     </span>
    </p>
   </div>
   <div class='ocr_carea' id='block_1_85' title="bbox 2191 4220 3760 4296">
    <p class='ocr_par' dir='ltr' id='par_1_85' title="bbox 2199 4220 3760 4296">
     <span class='ocr_line' id='line_1_85' title="bbox 2199 4220 3760 4296; baseline -0.006 -18"><span class='ocrx_word' id='word_1_629' title='bbox 2199 4227 2482 4296; x_wconf 80' lang='grc' dir='ltr'>βλάπτειν,</span> <span class='ocrx_word' id='word_1_630' title='bbox 2518 4227 2610 4277; x_wconf 75' lang='grc' dir='ltr'>καὶ</span> <span class='ocrx_word' id='word_1_631' title='bbox 2644 4225 2776 4276; x_wconf 72' lang='grc' dir='ltr'>πᾶτι</span> <span class='ocrx_word' id='word_1_632' title='bbox 2805 4223 3034 4293; x_wconf 83' lang='grc' dir='ltr'>τρόποις</span> <span class='ocrx_word' id='word_1_633' title='bbox 3068 4221 3260 4274; x_wconf 77' lang='grc' dir='ltr'>ἑαυτὸν</span> <span class='ocrx_word' id='word_1_634' title='bbox 3311 4220 3586 4272; x_wconf 82' lang='grc' dir='ltr'>εὐάλωτον</span> <span class='ocrx_word' id='word_1_635' title='bbox 3621 4221 3760 4270; x_wconf 76' lang='grc' dir='ltr'>ἐκεῖ·</span> 
     </span>
    </p>
   </div>
   <div class='ocr_carea' id='block_1_86' title="bbox 526 4308 2088 4390">
    <p class='ocr_par' dir='ltr' id='par_1_86' title="bbox 526 4318 2088 4389">
     <span class='ocr_line' id='line_1_86' title="bbox 526 4318 2088 4389; baseline -0.001 -16"><span class='ocrx_word' id='word_1_636' title='bbox 526 4319 746 4387; x_wconf 73' lang='lat' dir='ltr'><strong>quidem</strong></span> <span class='ocrx_word' id='word_1_637' title='bbox 777 4320 1053 4389; x_wconf 85' lang='lat' dir='ltr'><strong>erit),quo</strong></span> <span class='ocrx_word' id='word_1_638' title='bbox 1082 4327 1241 4388; x_wconf 83' lang='lat' dir='ltr'><strong>pacto</strong></span> <span class='ocrx_word' id='word_1_639' title='bbox 1267 4333 1376 4372; x_wconf 92' lang='lat' dir='ltr'><strong>non</strong></span> <span class='ocrx_word' id='word_1_640' title='bbox 1427 4319 1514 4373; x_wconf 87' lang='lat' dir='ltr'><strong>hic</strong></span> <span class='ocrx_word' id='word_1_641' title='bbox 1542 4320 1660 4388; x_wconf 91' lang='lat' dir='ltr'><strong>ipse</strong></span> <span class='ocrx_word' id='word_1_642' title='bbox 1706 4318 1892 4387; x_wconf 88' lang='lat' dir='ltr'><strong>procul</strong></span> <span class='ocrx_word' id='word_1_643' title='bbox 1928 4318 2088 4372; x_wconf 88' lang='lat' dir='ltr'><strong>dubio</strong></span> 
     </span>
    </p>
   </div>
   <div class='ocr_carea' id='block_1_87' title="bbox 2191 4308 3760 4390">
    <p class='ocr_par' dir='ltr' id='par_1_87' title="bbox 2197 4308 3760 4390">
     <span class='ocr_line' id='line_1_87' title="bbox 2197 4308 3760 4390; baseline -0.008 -17"><span class='ocrx_word' id='word_1_644' title='bbox 2197 4335 2309 4381; x_wconf 83' lang='grc' dir='ltr'>νοις</span> <span class='ocrx_word' id='word_1_645' title='bbox 2335 4315 2792 4386; x_wconf 78' lang='grc' dir='ltr'>παρασκευάζων.</span> <span class='ocrx_word' id='word_1_646' title='bbox 2827 4316 2923 4367; x_wconf 79' lang='grc' dir='ltr'><strong>καὶ</strong></span> <span class='ocrx_word' id='word_1_647' title='bbox 2964 4313 3142 4382; x_wconf 83' lang='grc' dir='ltr'>παρὸν</span> <span class='ocrx_word' id='word_1_648' title='bbox 3180 4311 3502 4390; x_wconf 76' lang='grc' dir='ltr'>διαφυγεῖν,</span> <span class='ocrx_word' id='word_1_649' title='bbox 3540 4311 3568 4361; x_wconf 86' lang='grc' dir='ltr'>ὁ</span> <span class='ocrx_word' id='word_1_650' title='bbox 3596 4309 3650 4362; x_wconf 72' lang='grc' dir='ltr'>δὲ</span> <span class='ocrx_word' id='word_1_651' title='bbox 3683 4308 3760 4376; x_wconf 78' lang='grc' dir='ltr'>τῷ</span> 
     </span>
    </p>
   </div>
   <div class='ocr_carea' id='block_1_88' title="bbox 529 4403 2088 4482">
    <p class='ocr_par' dir='ltr' id='par_1_88' title="bbox 529 4409 2088 4477">
     <span class='ocr_line' id='line_1_88' title="bbox 529 4409 2088 4477; baseline -0.003 -11"><span class='ocrx_word' id='word_1_652' title='bbox 529 4429 682 4468; x_wconf 87' lang='lat' dir='ltr'><strong>reum</strong></span> <span class='ocrx_word' id='word_1_653' title='bbox 715 4427 775 4467; x_wconf 88' lang='lat' dir='ltr'><strong>se</strong></span> <span class='ocrx_word' id='word_1_654' title='bbox 815 4413 1084 4466; x_wconf 78' lang='lat' dir='ltr'><strong>mulorum</strong></span> <span class='ocrx_word' id='word_1_655' title='bbox 1119 4410 1268 4473; x_wconf 84' lang='lat' dir='ltr'><strong>facit,</strong></span> <span class='ocrx_word' id='word_1_656' title='bbox 1300 4411 1430 4464; x_wconf 89' lang='lat' dir='ltr'><strong>dum</strong></span> <span class='ocrx_word' id='word_1_657' title='bbox 1474 4409 1757 4464; x_wconf 76' lang='lat' dir='ltr'><strong>affectione</strong></span> <span class='ocrx_word' id='word_1_658' title='bbox 1818 4424 1916 4463; x_wconf 89' lang='lat' dir='ltr'><strong>sua</strong></span> <span class='ocrx_word' id='word_1_659' title='bbox 1970 4423 2088 4477; x_wconf 86' lang='lat' dir='ltr'><strong>pro-</strong></span> 
     </span>
    </p>
   </div>
   <div class='ocr_carea' id='block_1_89' title="bbox 2191 4403 3759 4482">
    <p class='ocr_par' dir='ltr' id='par_1_89' title="bbox 2201 4403 3759 4482">
     <span class='ocr_line' id='line_1_89' title="bbox 2201 4403 3759 4482; baseline -0.006 -19"><span class='ocrx_word' id='word_1_660' title='bbox 2201 4412 2277 4482; x_wconf 85' lang='grc' dir='ltr'>μὴ</span> <span class='ocrx_word' id='word_1_661' title='bbox 2301 4409 2626 4472; x_wconf 78' lang='grc' dir='ltr'>σπουδάζειν</span> <span class='ocrx_word' id='word_1_662' title='bbox 2655 4409 2964 4471; x_wconf 79' lang='grc' dir='ltr'>ἁλίσκεται,</span> <span class='ocrx_word' id='word_1_663' title='bbox 2992 4407 3220 4478; x_wconf 82' lang='grc' dir='ltr'>εὐχερὲς</span> <span class='ocrx_word' id='word_1_664' title='bbox 3243 4406 3341 4459; x_wconf 74' lang='grc' dir='ltr'>καὶ</span> <span class='ocrx_word' id='word_1_665' title='bbox 3369 4404 3574 4471; x_wconf 78' lang='grc' dir='ltr'>κοῦφον</span> <span class='ocrx_word' id='word_1_666' title='bbox 3594 4403 3759 4470; x_wconf 75' lang='grc' dir='ltr'>ἡγού-</span> 
     </span>
    </p>
   </div>
   <div class='ocr_carea' id='block_1_90' title="bbox 531 4495 2088 4574">
    <p class='ocr_par' dir='ltr' id='par_1_90' title="bbox 531 4498 2088 4574">
     <span class='ocr_line' id='line_1_90' title="bbox 531 4498 2088 4574; baseline -0.005 -16"><span class='ocrx_word' id='word_1_667' title='bbox 531 4504 728 4574; x_wconf 85' lang='lat' dir='ltr'><strong>pendet</strong></span> <span class='ocrx_word' id='word_1_668' title='bbox 773 4504 838 4558; x_wconf 87' lang='lat' dir='ltr'><strong>ad</strong></span> <span class='ocrx_word' id='word_1_669' title='bbox 879 4518 940 4556; x_wconf 87' lang='lat' dir='ltr'><strong>ea</strong></span> <span class='ocrx_word' id='word_1_670' title='bbox 1001 4517 1121 4571; x_wconf 79' lang='lat' dir='ltr'><strong>quae</strong></span> <span class='ocrx_word' id='word_1_671' title='bbox 1179 4516 1376 4556; x_wconf 89' lang='lat' dir='ltr'><strong>nocere</strong></span> <span class='ocrx_word' id='word_1_672' title='bbox 1424 4510 1672 4570; x_wconf 88' lang='lat' dir='ltr'><strong>possunt,</strong></span> <span class='ocrx_word' id='word_1_673' title='bbox 1728 4498 2088 4567; x_wconf 79' lang='lat' dir='ltr'><strong>omnibusque</strong></span> 
     </span>
    </p>
   </div>
   <div class='ocr_carea' id='block_1_91' title="bbox 2191 4495 3762 4574">
    <p class='ocr_par' dir='ltr' id='par_1_91' title="bbox 2202 4495 3762 4574">
     <span class='ocr_line' id='line_1_91' title="bbox 2202 4495 3762 4574; baseline -0.008 -17"><span class='ocrx_word' id='word_1_674' title='bbox 2202 4521 2364 4574; x_wconf 88' lang='grc' dir='ltr'>μενος</span> <span class='ocrx_word' id='word_1_675' title='bbox 2417 4503 2742 4570; x_wconf 75' lang='grc' dir='ltr'>καθυφεῖναι</span> <span class='ocrx_word' id='word_1_676' title='bbox 2798 4501 2893 4552; x_wconf 74' lang='grc' dir='ltr'><strong>τοῦ</strong></span> <span class='ocrx_word' id='word_1_677' title='bbox 2957 4498 3162 4560; x_wconf 80' lang='grc' dir='ltr'>καλοῦ.</span> <span class='ocrx_word' id='word_1_678' title='bbox 3225 4499 3320 4549; x_wconf 71' lang='grc' dir='ltr'><strong>καὶ</strong></span> <span class='ocrx_word' id='word_1_679' title='bbox 3375 4495 3762 4565; x_wconf 84' lang='grc' dir='ltr'>προσηλῶσθαι</span> 
     </span>
    </p>
   </div>
   <div class='ocr_carea' id='block_1_92' title="bbox 531 4580 2088 4666">
    <p class='ocr_par' dir='ltr' id='par_1_92' title="bbox 531 4592 2088 4666">
     <span class='ocr_line' id='line_1_92' title="bbox 531 4592 2088 4666; baseline -0.004 -15"><span class='ocrx_word' id='word_1_680' title='bbox 531 4599 705 4652; x_wconf 88' lang='lat' dir='ltr'><strong>modis</strong></span> <span class='ocrx_word' id='word_1_681' title='bbox 739 4612 797 4652; x_wconf 87' lang='lat' dir='ltr'><strong>se</strong></span> <span class='ocrx_word' id='word_1_682' title='bbox 834 4606 992 4666; x_wconf 86' lang='lat' dir='ltr'><strong>captu</strong></span> <span class='ocrx_word' id='word_1_683' title='bbox 1045 4595 1258 4649; x_wconf 84' lang='lat' dir='ltr'><strong>facilem</strong></span> <span class='ocrx_word' id='word_1_684' title='bbox 1319 4596 1401 4648; x_wconf 83' lang='lat' dir='ltr'><strong>eis</strong></span> <span class='ocrx_word' id='word_1_685' title='bbox 1451 4593 1700 4662; x_wconf 61' lang='lat' dir='ltr'><strong>prabet;</strong></span> <span class='ocrx_word' id='word_1_686' title='bbox 1757 4606 1995 4660; x_wconf 86' lang='lat' dir='ltr'><strong>cumque</strong></span> <span class='ocrx_word' id='word_1_687' title='bbox 2039 4592 2088 4645; x_wconf 90' lang='lat' dir='ltr'><strong>in</strong></span> 
     </span>
    </p>
   </div>
   <div class='ocr_carea' id='block_1_93' title="bbox 2191 4580 3760 4666">
    <p class='ocr_par' dir='ltr' id='par_1_93' title="bbox 2201 4580 3760 4664">
     <span class='ocr_line' id='line_1_93' title="bbox 2201 4580 3760 4664; baseline -0.007 -15"><span class='ocrx_word' id='word_1_688' title='bbox 2201 4594 2490 4664; x_wconf 80' lang='grc' dir='ltr'>πράγμασι</span> <span class='ocrx_word' id='word_1_689' title='bbox 2541 4592 2807 4659; x_wconf 80' lang='grc' dir='ltr'>φαύλοιςς</span> <span class='ocrx_word' id='word_1_690' title='bbox 2855 4589 2998 4644; x_wconf 78' lang='grc' dir='ltr'>Ἀλλ’</span> <span class='ocrx_word' id='word_1_691' title='bbox 3032 4591 3192 4660; x_wconf 74' lang='grc' dir='ltr'>ἄθρει</span> <span class='ocrx_word' id='word_1_692' title='bbox 3239 4580 3303 4657; x_wconf 85' lang='grc' dir='ltr'>δή</span> <span class='ocrx_word' id='word_1_693' title='bbox 3359 4588 3581 4656; x_wconf 74' lang='grc' dir='ltr'>μοικαὶ</span> <span class='ocrx_word' id='word_1_694' title='bbox 3617 4586 3760 4653; x_wconf 71' lang='grc' dir='ltr'>τῇδε.</span> 
     </span>
    </p>
   </div>
   <div class='ocr_carea' id='block_1_94' title="bbox 534 4673 2088 4759">
    <p class='ocr_par' dir='ltr' id='par_1_94' title="bbox 534 4683 2088 4759">
     <span class='ocr_line' id='line_1_94' title="bbox 534 4683 2088 4759; baseline -0.003 -18"><span class='ocrx_word' id='word_1_695' title='bbox 534 4697 793 4759; x_wconf 85' lang='lat' dir='ltr'><strong>promptu</strong></span> <span class='ocrx_word' id='word_1_696' title='bbox 818 4696 964 4743; x_wconf 87' lang='lat' dir='ltr'><strong>esset</strong></span> <span class='ocrx_word' id='word_1_697' title='bbox 987 4696 1046 4740; x_wconf 92' lang='lat' dir='ltr'><strong>ut</strong></span> <span class='ocrx_word' id='word_1_698' title='bbox 1071 4701 1134 4740; x_wconf 91' lang='lat' dir='ltr'><strong>ea</strong></span> <span class='ocrx_word' id='word_1_699' title='bbox 1166 4686 1384 4751; x_wconf 88' lang='lat' dir='ltr'><strong>vitaret,</strong></span> <span class='ocrx_word' id='word_1_700' title='bbox 1405 4685 1610 4738; x_wconf 89' lang='lat' dir='ltr'><strong>nullum</strong></span> <span class='ocrx_word' id='word_1_701' title='bbox 1635 4683 1946 4738; x_wconf 84' lang='lat' dir='ltr'><strong>adhibendo</strong></span> <span class='ocrx_word' id='word_1_702' title='bbox 1975 4690 2088 4737; x_wconf 89' lang='lat' dir='ltr'><strong>stu-</strong></span> 
     </span>
    </p>
   </div>
   <div class='ocr_carea' id='block_1_95' title="bbox 2191 4673 3761 4759">
    <p class='ocr_par' dir='ltr' id='par_1_95' title="bbox 2215 4673 3761 4750">
     <span class='ocr_line' id='line_1_95' title="bbox 2215 4673 3761 4750; baseline -0.008 -12"><span class='ocrx_word' id='word_1_703' title='bbox 2215 4685 2341 4738; x_wconf 81' lang='grc' dir='ltr'>Ἐάν</span> <span class='ocrx_word' id='word_1_704' title='bbox 2395 4699 2481 4746; x_wconf 83' lang='grc' dir='ltr'><strong>τις</strong></span> <span class='ocrx_word' id='word_1_705' title='bbox 2524 4682 2586 4734; x_wconf 76' lang='grc' dir='ltr'>τὸ</span> <span class='ocrx_word' id='word_1_706' title='bbox 2614 4682 2950 4750; x_wconf 84' lang='grc' dir='ltr'>κουφότατον</span> <span class='ocrx_word' id='word_1_707' title='bbox 2983 4680 3155 4734; x_wconf 69' lang='grc' dir='ltr'>κακὸν</span> <span class='ocrx_word' id='word_1_708' title='bbox 3197 4673 3340 4732; x_wconf 76' lang='grc' dir='ltr'>εἶναι</span> <span class='ocrx_word' id='word_1_709' title='bbox 3386 4676 3761 4746; x_wconf 77' lang='grc' dir='ltr'>νομιζόμενον,</span> 
     </span>
    </p>
   </div>
   <div class='ocr_carea' id='block_1_96' title="bbox 449 4767 2088 4852">
    <p class='ocr_par' dir='ltr' id='par_1_96' title="bbox 449 4775 2088 4852">
     <span class='ocr_line' id='line_1_96' title="bbox 449 4775 2088 4852; baseline -0.004 -18"><span class='ocrx_word' id='word_1_710' title='bbox 449 4815 456 4824; x_wconf 69' lang='grc' dir='ltr'><strong>ι</strong></span> <span class='ocrx_word' id='word_1_711' title='bbox 531 4784 682 4838; x_wconf 84' lang='lat' dir='ltr'><strong>dium</strong></span> <span class='ocrx_word' id='word_1_712' title='bbox 711 4781 949 4852; x_wconf 86' lang='lat' dir='ltr'><strong>capitur,</strong></span> <span class='ocrx_word' id='word_1_713' title='bbox 983 4777 1308 4835; x_wconf 77' lang='lat' dir='ltr'><strong>existimans</strong></span> <span class='ocrx_word' id='word_1_714' title='bbox 1329 4792 1450 4832; x_wconf 89' lang='lat' dir='ltr'><strong>esse</strong></span> <span class='ocrx_word' id='word_1_715' title='bbox 1502 4777 1662 4831; x_wconf 79' lang='lat' dir='ltr'><strong>facile</strong></span> <span class='ocrx_word' id='word_1_716' title='bbox 1709 4775 1970 4846; x_wconf 89' lang='lat' dir='ltr'><strong>quiddam</strong></span> <span class='ocrx_word' id='word_1_717' title='bbox 2039 4789 2088 4828; x_wconf 80' lang='lat' dir='ltr'><strong>at</strong></span> 
     </span>
    </p>
   </div>
   <div class='ocr_carea' id='block_1_97' title="bbox 2191 4767 3764 4852">
    <p class='ocr_par' dir='ltr' id='par_1_97' title="bbox 2203 4767 3764 4844">
     <span class='ocr_line' id='line_1_97' title="bbox 2203 4767 3764 4844; baseline -0.006 -16"><span class='ocrx_word' id='word_1_718' title='bbox 2203 4775 2455 4838; x_wconf 83' lang='grc' dir='ltr'>ὑπούλως</span> <span class='ocrx_word' id='word_1_719' title='bbox 2485 4773 2766 4844; x_wconf 84' lang='grc' dir='ltr'>καταρχὰς</span> <span class='ocrx_word' id='word_1_720' title='bbox 2798 4771 3155 4841; x_wconf 84' lang='grc' dir='ltr'>είσκωμάσαν</span> <span class='ocrx_word' id='word_1_721' title='bbox 3195 4767 3278 4832; x_wconf 77' lang='grc' dir='ltr'><strong>είς</strong></span> <span class='ocrx_word' id='word_1_722' title='bbox 3316 4767 3415 4838; x_wconf 79' lang='grc' dir='ltr'>τὴν</span> <span class='ocrx_word' id='word_1_723' title='bbox 3447 4768 3649 4838; x_wconf 79' lang='grc' dir='ltr'>ψυχὴν,</span> <span class='ocrx_word' id='word_1_724' title='bbox 3679 4767 3764 4819; x_wconf 82' lang='grc' dir='ltr'><strong>δέ-</strong></span> 
     </span>
    </p>
   </div>
   <div class='ocr_carea' id='block_1_98' title="bbox 533 4858 2088 4942">
    <p class='ocr_par' dir='ltr' id='par_1_98' title="bbox 533 4868 2088 4942">
     <span class='ocr_line' id='line_1_98' title="bbox 533 4868 2088 4942; baseline -0.006 -13"><span class='ocrx_word' id='word_1_725' title='bbox 533 4879 672 4942; x_wconf 85' lang='lat' dir='ltr'><strong>leve,</strong></span> <span class='ocrx_word' id='word_1_726' title='bbox 691 4875 833 4930; x_wconf 89' lang='lat' dir='ltr'><strong>bono</strong></span> <span class='ocrx_word' id='word_1_727' title='bbox 860 4888 918 4929; x_wconf 93' lang='lat' dir='ltr'><strong>se</strong></span> <span class='ocrx_word' id='word_1_728' title='bbox 949 4871 1270 4927; x_wconf 88' lang='lat' dir='ltr'><strong>subtrahere</strong></span> <span class='ocrx_word' id='word_1_729' title='bbox 1288 4870 1576 4939; x_wconf 89' lang='lat' dir='ltr'><strong>pravisque</strong></span> <span class='ocrx_word' id='word_1_730' title='bbox 1601 4869 1765 4926; x_wconf 86' lang='lat' dir='ltr'><strong>rebus</strong></span> <span class='ocrx_word' id='word_1_731' title='bbox 1785 4868 2088 4922; x_wconf 67' lang='lat' dir='ltr'><strong>adhaereref</strong></span> 
     </span>
    </p>
   </div>
   <div class='ocr_carea' id='block_1_99' title="bbox 2191 4858 3764 4942">
    <p class='ocr_par' dir='ltr' id='par_1_99' title="bbox 2206 4858 3764 4937">
     <span class='ocr_line' id='line_1_99' title="bbox 2206 4858 3764 4937; baseline -0.007 -18"><span class='ocrx_word' id='word_1_732' title='bbox 2206 4867 2387 4937; x_wconf 79' lang='grc' dir='ltr'>ξηται,</span> <span class='ocrx_word' id='word_1_733' title='bbox 2419 4863 2516 4918; x_wconf 79' lang='grc' dir='ltr'>ἃτε</span> <span class='ocrx_word' id='word_1_734' title='bbox 2555 4865 2720 4918; x_wconf 76' lang='grc' dir='ltr'>καλὸν</span> <span class='ocrx_word' id='word_1_735' title='bbox 2753 4863 3112 4932; x_wconf 83' lang='grc' dir='ltr'>φαινόμενον,</span> <span class='ocrx_word' id='word_1_736' title='bbox 3147 4862 3243 4913; x_wconf 77' lang='grc' dir='ltr'>καὶ</span> <span class='ocrx_word' id='word_1_737' title='bbox 3274 4860 3560 4931; x_wconf 75' lang='grc' dir='ltr'>μονονουχὶ</span> <span class='ocrx_word' id='word_1_738' title='bbox 3583 4858 3764 4926; x_wconf 69' lang='grc' dir='ltr'>φωνὴν</span> 
     </span>
    </p>
   </div>
   <div class='ocr_carea' id='block_1_100' title="bbox 534 4949 2088 5032">
    <p class='ocr_par' dir='ltr' id='par_1_100' title="bbox 534 4952 2088 5032">
     <span class='ocr_line' id='line_1_100' title="bbox 534 4952 2088 5032; baseline -0.008 -12"><span class='ocrx_word' id='word_1_739' title='bbox 534 4967 678 5032; x_wconf 79' lang='lat' dir='ltr'><strong>Quin</strong></span> <span class='ocrx_word' id='word_1_740' title='bbox 709 4966 873 5020; x_wconf 89' lang='lat' dir='ltr'><strong>etiam</strong></span> <span class='ocrx_word' id='word_1_741' title='bbox 906 4965 1007 5018; x_wconf 90' lang='lat' dir='ltr'><strong>hoc</strong></span> <span class='ocrx_word' id='word_1_742' title='bbox 1028 4963 1267 5031; x_wconf 84' lang='lat' dir='ltr'><strong>quodam</strong></span> <span class='ocrx_word' id='word_1_743' title='bbox 1301 4960 1463 5015; x_wconf 90' lang='lat' dir='ltr'><strong>modo</strong></span> <span class='ocrx_word' id='word_1_744' title='bbox 1512 4958 1643 5012; x_wconf 89' lang='lat' dir='ltr'><strong>mihi</strong></span> <span class='ocrx_word' id='word_1_745' title='bbox 1679 4952 1791 5013; x_wconf 86' lang='lat' dir='ltr'><strong>rem</strong></span> <span class='ocrx_word' id='word_1_746' title='bbox 1827 4956 2088 5025; x_wconf 81' lang='lat' dir='ltr'><strong>inspicite.</strong></span> 
     </span>
    </p>
   </div>
   <div class='ocr_carea' id='block_1_101' title="bbox 2191 4949 3763 5032">
    <p class='ocr_par' dir='ltr' id='par_1_101' title="bbox 2205 4949 3763 5026">
     <span class='ocr_line' id='line_1_101' title="bbox 2205 4949 3763 5026; baseline -0.008 -14"><span class='ocrx_word' id='word_1_747' title='bbox 2205 4958 2384 5026; x_wconf 74' lang='grc' dir='ltr'>ἀφιὲν,</span> <span class='ocrx_word' id='word_1_748' title='bbox 2409 4955 2850 5025; x_wconf 80' lang='grc' dir='ltr'>ὑπισχνούμενον</span> <span class='ocrx_word' id='word_1_749' title='bbox 2870 4955 2945 5017; x_wconf 85' lang='grc' dir='ltr'><strong>ὡς</strong></span> <span class='ocrx_word' id='word_1_750' title='bbox 2971 4951 3341 5016; x_wconf 76' lang='grc' dir='ltr'>ἀπαλλάξεται</span> <span class='ocrx_word' id='word_1_751' title='bbox 3368 4950 3564 5020; x_wconf 82' lang='grc' dir='ltr'>ῥᾳδίως</span> <span class='ocrx_word' id='word_1_752' title='bbox 3588 4952 3616 5002; x_wconf 85' lang='grc' dir='ltr'><strong>ό</strong></span> <span class='ocrx_word' id='word_1_753' title='bbox 3642 4949 3763 5001; x_wconf 81' lang='grc' dir='ltr'>τού·-</span> 
     </span>
    </p>
   </div>
   <div class='ocr_carea' id='block_1_102' title="bbox 537 5035 2088 5127">
    <p class='ocr_par' dir='ltr' id='par_1_102' title="bbox 537 5045 2088 5127">
     <span class='ocr_line' id='line_1_102' title="bbox 537 5045 2088 5127; baseline -0.008 -16"><span class='ocrx_word' id='word_1_754' title='bbox 537 5059 596 5112; x_wconf 88' lang='lat' dir='ltr'><strong>Si</strong></span> <span class='ocrx_word' id='word_1_755' title='bbox 619 5059 741 5127; x_wconf 90' lang='lat' dir='ltr'><strong>quis</strong></span> <span class='ocrx_word' id='word_1_756' title='bbox 758 5056 982 5119; x_wconf 86' lang='lat' dir='ltr'><strong>malum,</strong></span> <span class='ocrx_word' id='word_1_757' title='bbox 1007 5057 1151 5123; x_wconf 89' lang='lat' dir='ltr'><strong>quod</strong></span> <span class='ocrx_word' id='word_1_758' title='bbox 1221 5051 1553 5108; x_wconf 82' lang='lat' dir='ltr'><strong>levissimum</strong></span> <span class='ocrx_word' id='word_1_759' title='bbox 1583 5063 1706 5104; x_wconf 87' lang='lat' dir='ltr'><strong>esse</strong></span> <span class='ocrx_word' id='word_1_760' title='bbox 1750 5054 1995 5117; x_wconf 89' lang='lat' dir='ltr'><strong>putetur,</strong></span> <span class='ocrx_word' id='word_1_761' title='bbox 2045 5045 2088 5099; x_wconf 83' lang='lat' dir='ltr'><strong>it:</strong></span> 
     </span>
    </p>
   </div>
   <div class='ocr_carea' id='block_1_103' title="bbox 2191 5035 3766 5127">
    <p class='ocr_par' dir='ltr' id='par_1_103' title="bbox 2206 5035 3766 5118">
     <span class='ocr_line' id='line_1_103' title="bbox 2206 5035 3766 5118; baseline -0.008 -15"><span class='ocrx_word' id='word_1_762' title='bbox 2206 5067 2303 5103; x_wconf 81' lang='grc' dir='ltr'><strong>του</strong></span> <span class='ocrx_word' id='word_1_763' title='bbox 2332 5051 2533 5118; x_wconf 82' lang='grc' dir='ltr'>πεῖραν</span> <span class='ocrx_word' id='word_1_764' title='bbox 2562 5047 2756 5100; x_wconf 79' lang='grc' dir='ltr'>λαϐεῖν</span> <span class='ocrx_word' id='word_1_765' title='bbox 2785 5046 3078 5115; x_wconf 77' lang='grc' dir='ltr'>ἐθελήσας,</span> <span class='ocrx_word' id='word_1_766' title='bbox 3110 5043 3283 5110; x_wconf 68' lang='grc' dir='ltr'>ἔπειθ’</span> <span class='ocrx_word' id='word_1_767' title='bbox 3307 5035 3462 5106; x_wconf 77' lang='grc' dir='ltr'>οὗτος</span> <span class='ocrx_word' id='word_1_768' title='bbox 3483 5040 3766 5110; x_wconf 80' lang='grc' dir='ltr'>ἄνθρωπος</span> 
     </span>
    </p>
   </div>
   <div class='ocr_carea' id='block_1_104' title="bbox 479 5134 2088 5215">
    <p class='ocr_par' dir='ltr' id='par_1_104' title="bbox 479 5139 2088 5215">
     <span class='ocr_line' id='line_1_104' title="bbox 479 5139 2088 5215; baseline -0.008 -10"><span class='ocrx_word' id='word_1_769' title='bbox 479 5153 780 5205; x_wconf 71' lang='lat' dir='ltr'><strong>&#39;unimum</strong></span> <span class='ocrx_word' id='word_1_770' title='bbox 869 5148 1096 5202; x_wconf 80' lang='lat' dir='ltr'><strong>subdole</strong></span> <span class='ocrx_word' id='word_1_771' title='bbox 1179 5145 1409 5215; x_wconf 86' lang='lat' dir='ltr'><strong>primum</strong></span> <span class='ocrx_word' id='word_1_772' title='bbox 1527 5145 1806 5211; x_wconf 83' lang='lat' dir='ltr'><strong>irrepens,</strong></span> <span class='ocrx_word' id='word_1_773' title='bbox 1929 5139 2088 5193; x_wconf 88' lang='lat' dir='ltr'><strong>admi-</strong></span> 
     </span>
    </p>
   </div>
   <div class='ocr_carea' id='block_1_105' title="bbox 2191 5134 3764 5215">
    <p class='ocr_par' dir='ltr' id='par_1_105' title="bbox 2210 5134 3764 5210">
     <span class='ocr_line' id='line_1_105' title="bbox 2210 5134 3764 5210; baseline -0.007 -15"><span class='ocrx_word' id='word_1_774' title='bbox 2210 5139 2581 5210; x_wconf 73' lang='grc' dir='ltr'>φενακισθεὶς,</span> <span class='ocrx_word' id='word_1_775' title='bbox 2638 5138 2742 5208; x_wconf 80' lang='grc' dir='ltr'>6δῷ</span> <span class='ocrx_word' id='word_1_776' title='bbox 2782 5137 3016 5206; x_wconf 78' lang='grc' dir='ltr'>βαδίζων</span> <span class='ocrx_word' id='word_1_777' title='bbox 3044 5135 3235 5188; x_wconf 80' lang='grc' dir='ltr'>ἑαυτὸν</span> <span class='ocrx_word' id='word_1_778' title='bbox 3270 5134 3411 5202; x_wconf 70' lang='grc' dir='ltr'>ἐκδῷ</span> <span class='ocrx_word' id='word_1_779' title='bbox 3447 5134 3561 5193; x_wconf 90' lang='grc' dir='ltr'>τοῖς</span> <span class='ocrx_word' id='word_1_780' title='bbox 3591 5148 3764 5200; x_wconf 45' lang='grc' dir='ltr'>χειρν</span> 
     </span>
    </p>
   </div>
   <div class='ocr_carea' id='block_1_106' title="bbox 541 5221 2088 5309">
    <p class='ocr_par' dir='ltr' id='par_1_106' title="bbox 541 5237 2088 5309">
     <span class='ocr_line' id='line_1_106' title="bbox 541 5237 2088 5309; baseline -0.01 -12"><span class='ocrx_word' id='word_1_781' title='bbox 541 5243 677 5298; x_wconf 84' lang='lat' dir='ltr'><strong>serit</strong></span> <span class='ocrx_word' id='word_1_782' title='bbox 706 5245 775 5296; x_wconf 88' lang='lat' dir='ltr'><strong>ob</strong></span> <span class='ocrx_word' id='word_1_783' title='bbox 855 5241 1090 5309; x_wconf 87' lang='lat' dir='ltr'><strong>speciem</strong></span> <span class='ocrx_word' id='word_1_784' title='bbox 1159 5240 1284 5292; x_wconf 87' lang='lat' dir='ltr'><strong>boni</strong></span> <span class='ocrx_word' id='word_1_785' title='bbox 1361 5251 1527 5306; x_wconf 82' lang='lat' dir='ltr'><strong>quam</strong></span> <span class='ocrx_word' id='word_1_786' title='bbox 1605 5237 1903 5303; x_wconf 68' lang='lat' dir='ltr'><strong>praeselert,</strong></span> <span class='ocrx_word' id='word_1_787' title='bbox 1974 5240 2088 5283; x_wconf 84' lang='lat' dir='ltr'><strong>tan-</strong></span> 
     </span>
    </p>
   </div>
   <div class='ocr_carea' id='block_1_107' title="bbox 2191 5221 3766 5309">
    <p class='ocr_par' dir='ltr' id='par_1_107' title="bbox 2212 5221 3766 5295">
     <span class='ocr_line' id='line_1_107' title="bbox 2212 5221 3766 5295; baseline -0.006 -12"><span class='ocrx_word' id='word_1_788' title='bbox 2212 5247 2377 5295; x_wconf 81' lang='grc' dir='ltr'>στοις,</span> <span class='ocrx_word' id='word_1_789' title='bbox 2407 5231 2552 5281; x_wconf 87' lang='grc' dir='ltr'>τίσιν</span> <span class='ocrx_word' id='word_1_790' title='bbox 2588 5226 3033 5295; x_wconf 67' lang='grc' dir='ltr'>ὲγγεγράψεταις</span> <span class='ocrx_word' id='word_1_791' title='bbox 3063 5225 3138 5278; x_wconf 84' lang='grc' dir='ltr'><strong>Οὐ</strong></span> <span class='ocrx_word' id='word_1_792' title='bbox 3183 5227 3299 5285; x_wconf 82' lang='grc' dir='ltr'>τοῖς</span> <span class='ocrx_word' id='word_1_793' title='bbox 3347 5223 3485 5292; x_wconf 80' lang='grc' dir='ltr'>μετὰ</span> <span class='ocrx_word' id='word_1_794' title='bbox 3515 5221 3766 5290; x_wconf 82' lang='grc' dir='ltr'>προαιρέ-</span> 
     </span>
    </p>
   </div>
   <div class='ocr_carea' id='block_1_108' title="bbox 543 5309 2088 5398">
    <p class='ocr_par' dir='ltr' id='par_1_108' title="bbox 543 5322 2084 5398">
     <span class='ocr_line' id='line_1_108' title="bbox 543 5322 2084 5398; baseline -0.009 -9"><span class='ocrx_word' id='word_1_795' title='bbox 543 5349 657 5390; x_wconf 89' lang='lat' dir='ltr'><strong>tum</strong></span> <span class='ocrx_word' id='word_1_796' title='bbox 692 5349 798 5387; x_wconf 90' lang='lat' dir='ltr'><strong>non</strong></span> <span class='ocrx_word' id='word_1_797' title='bbox 849 5333 1047 5386; x_wconf 78' lang='lat' dir='ltr'><strong>emissa</strong></span> <span class='ocrx_word' id='word_1_798' title='bbox 1082 5347 1210 5384; x_wconf 84' lang='lat' dir='ltr'><strong>voce</strong></span> <span class='ocrx_word' id='word_1_799' title='bbox 1261 5329 1599 5398; x_wconf 89' lang='lat' dir='ltr'><strong>promittens,</strong></span> <span class='ocrx_word' id='word_1_800' title='bbox 1652 5323 1807 5378; x_wconf 88' lang='lat' dir='ltr'><strong>facile</strong></span> <span class='ocrx_word' id='word_1_801' title='bbox 1842 5322 2084 5376; x_wconf 87' lang='lat' dir='ltr'><strong>futurum</strong></span> 
     </span>
    </p>
   </div>
   <div class='ocr_carea' id='block_1_109' title="bbox 2191 5309 3762 5398">
    <p class='ocr_par' dir='ltr' id='par_1_109' title="bbox 2213 5309 3762 5382">
     <span class='ocr_line' id='line_1_109' title="bbox 2213 5309 3762 5382; baseline -0.008 -11"><span class='ocrx_word' id='word_1_802' title='bbox 2213 5335 2350 5380; x_wconf 83' lang='grc' dir='ltr'>σεως</span> <span class='ocrx_word' id='word_1_803' title='bbox 2383 5317 2576 5376; x_wconf 86' lang='grc' dir='ltr'>κακοῖς</span> <span class='ocrx_word' id='word_1_804' title='bbox 2620 5315 2945 5382; x_wconf 73' lang='grc' dir='ltr'>γεγόνόσινς</span> <span class='ocrx_word' id='word_1_805' title='bbox 2980 5311 3136 5368; x_wconf 73' lang='grc' dir='ltr'>Οΰτω</span> <span class='ocrx_word' id='word_1_806' title='bbox 3187 5329 3278 5380; x_wconf 88' lang='grc' dir='ltr'><strong>μοι</strong></span> <span class='ocrx_word' id='word_1_807' title='bbox 3334 5311 3485 5363; x_wconf 87' lang='grc' dir='ltr'>δοκεῖ</span> <span class='ocrx_word' id='word_1_808' title='bbox 3519 5309 3762 5378; x_wconf 76' lang='grc' dir='ltr'>πρέπειν.</span> 
     </span>
    </p>
   </div>
   <div class='ocr_carea' id='block_1_110' title="bbox 549 5402 2088 5495">
    <p class='ocr_par' dir='ltr' id='par_1_110' title="bbox 549 5415 2088 5495">
     <span class='ocr_line' id='line_1_110' title="bbox 549 5415 2088 5495; baseline -0.009 -15"><span class='ocrx_word' id='word_1_809' title='bbox 549 5438 608 5480; x_wconf 88' lang='lat' dir='ltr'><strong>ut</strong></span> <span class='ocrx_word' id='word_1_810' title='bbox 643 5425 735 5495; x_wconf 92' lang='lat' dir='ltr'><strong>qui</strong></span> <span class='ocrx_word' id='word_1_811' title='bbox 770 5423 1072 5492; x_wconf 83' lang='lat' dir='ltr'><strong>periculum</strong></span> <span class='ocrx_word' id='word_1_812' title='bbox 1129 5422 1246 5488; x_wconf 84' lang='lat' dir='ltr'><strong>ejus</strong></span> <span class='ocrx_word' id='word_1_813' title='bbox 1275 5421 1454 5475; x_wconf 87' lang='lat' dir='ltr'><strong>facere</strong></span> <span class='ocrx_word' id='word_1_814' title='bbox 1489 5418 1746 5483; x_wconf 89' lang='lat' dir='ltr'><strong>voluerit,</strong></span> <span class='ocrx_word' id='word_1_815' title='bbox 1784 5431 1974 5470; x_wconf 88' lang='lat' dir='ltr'><strong>rursus</strong></span> <span class='ocrx_word' id='word_1_816' title='bbox 2019 5415 2088 5468; x_wconf 75' lang='lat' dir='ltr'><strong>illi</strong></span> 
     </span>
    </p>
   </div>
   <div class='ocr_carea' id='block_1_111' title="bbox 2191 5402 3766 5495">
    <p class='ocr_par' dir='ltr' id='par_1_111' title="bbox 2216 5402 3766 5477">
     <span class='ocr_line' id='line_1_111' title="bbox 2216 5402 3766 5477; baseline -0.007 -14"><span class='ocrx_word' id='word_1_817' title='bbox 2216 5409 2422 5471; x_wconf 73' lang='grc' dir='ltr'>Ἄλλως</span> <span class='ocrx_word' id='word_1_818' title='bbox 2454 5409 2564 5477; x_wconf 72' lang='grc' dir='ltr'><strong>γάρ</strong></span> <span class='ocrx_word' id='word_1_819' title='bbox 2599 5407 2781 5460; x_wconf 84' lang='grc' dir='ltr'>πάντα</span> <span class='ocrx_word' id='word_1_820' title='bbox 2809 5406 3094 5468; x_wconf 78' lang='grc' dir='ltr'>ποιοῦντες</span> <span class='ocrx_word' id='word_1_821' title='bbox 3136 5404 3206 5458; x_wconf 84' lang='grc' dir='ltr'>τὰ</span> <span class='ocrx_word' id='word_1_822' title='bbox 3255 5403 3427 5465; x_wconf 75' lang='grc' dir='ltr'>κακὰ,</span> <span class='ocrx_word' id='word_1_823' title='bbox 3476 5403 3678 5463; x_wconf 81' lang='grc' dir='ltr'>πάντες</span> <span class='ocrx_word' id='word_1_824' title='bbox 3707 5402 3766 5452; x_wconf 82' lang='grc' dir='ltr'>ἂν</span> 
     </span>
    </p>
   </div>
   <div class='ocr_carea' id='block_1_112' title="bbox 541 5491 2088 5582">
    <p class='ocr_par' dir='ltr' id='par_1_112' title="bbox 541 5491 2088 5582">
     <span class='ocr_line' id='line_1_112' title="bbox 541 5491 2088 5582; baseline -0.01 -6"><span class='ocrx_word' id='word_1_825' title='bbox 541 5491 838 5582; x_wconf 80' lang='lat' dir='ltr'><strong>liberetur;</strong></span> <span class='ocrx_word' id='word_1_826' title='bbox 870 5515 1065 5570; x_wconf 82' lang='lat' dir='ltr'><strong>deinde</strong></span> <span class='ocrx_word' id='word_1_827' title='bbox 1109 5514 1274 5567; x_wconf 88' lang='lat' dir='ltr'><strong>semel</strong></span> <span class='ocrx_word' id='word_1_828' title='bbox 1316 5513 1577 5581; x_wconf 89' lang='lat' dir='ltr'><strong>deceptus</strong></span> <span class='ocrx_word' id='word_1_829' title='bbox 1620 5511 1706 5563; x_wconf 86' lang='lat' dir='ltr'><strong>hic</strong></span> <span class='ocrx_word' id='word_1_830' title='bbox 1758 5510 1919 5562; x_wconf 90' lang='lat' dir='ltr'><strong>homo</strong></span> <span class='ocrx_word' id='word_1_831' title='bbox 1957 5522 2088 5576; x_wconf 89' lang='lat' dir='ltr'><strong>quas</strong></span> 
     </span>
    </p>
   </div>
   <div class='ocr_carea' id='block_1_113' title="bbox 2191 5491 3766 5582">
    <p class='ocr_par' dir='ltr' id='par_1_113' title="bbox 2212 5491 3766 5571">
     <span class='ocr_line' id='line_1_113' title="bbox 2212 5491 3766 5571; baseline -0.007 -18"><span class='ocrx_word' id='word_1_832' title='bbox 2212 5497 2355 5571; x_wconf 77' lang='grc' dir='ltr'>ἦμεν</span> <span class='ocrx_word' id='word_1_833' title='bbox 2388 5499 2698 5556; x_wconf 77' lang='grc' dir='ltr'>ἀνιύθυνοι.</span> <span class='ocrx_word' id='word_1_834' title='bbox 2737 5499 2892 5554; x_wconf 80' lang='grc' dir='ltr'>Ἐπεὶ</span> <span class='ocrx_word' id='word_1_835' title='bbox 2941 5497 3117 5558; x_wconf 72' lang='grc' dir='ltr'>οὐδεὶς</span> <span class='ocrx_word' id='word_1_836' title='bbox 3167 5494 3463 5564; x_wconf 75' lang='grc' dir='ltr'>ἐργάζεται</span> <span class='ocrx_word' id='word_1_837' title='bbox 3504 5494 3564 5545; x_wconf 84' lang='grc' dir='ltr'>τὸ</span> <span class='ocrx_word' id='word_1_838' title='bbox 3607 5491 3766 5544; x_wconf 85' lang='grc' dir='ltr'>κακδν</span> 
     </span>
    </p>
   </div>
   <div class='ocr_carea' id='block_1_114' title="bbox 547 5583 2088 5680">
    <p class='ocr_par' dir='ltr' id='par_1_114' title="bbox 547 5599 2088 5680">
     <span class='ocr_line' id='line_1_114' title="bbox 547 5599 2088 5680; baseline -0.014 -13"><span class='ocrx_word' id='word_1_839' title='bbox 547 5615 673 5667; x_wconf 86' lang='lat' dir='ltr'><strong>fuco</strong></span> <span class='ocrx_word' id='word_1_840' title='bbox 697 5610 954 5680; x_wconf 88' lang='lat' dir='ltr'><strong>quodam,</strong></span> <span class='ocrx_word' id='word_1_841' title='bbox 992 5607 1250 5676; x_wconf 75' lang='lat' dir='ltr'><strong>paulatim</strong></span> <span class='ocrx_word' id='word_1_842' title='bbox 1279 5602 1627 5674; x_wconf 80' lang='lat' dir='ltr'><strong>progrediens</strong></span> <span class='ocrx_word' id='word_1_843' title='bbox 1659 5600 1900 5669; x_wconf 86' lang='lat' dir='ltr'><strong>seipsum</strong></span> <span class='ocrx_word' id='word_1_844' title='bbox 1954 5599 2088 5651; x_wconf 74' lang='lat' dir='ltr'><strong>rebn:</strong></span> 
     </span>
    </p>
   </div>
   <div class='ocr_carea' id='block_1_115' title="bbox 2191 5583 3766 5680">
    <p class='ocr_par' dir='ltr' id='par_1_115' title="bbox 2213 5583 3766 5680">
     <span class='ocr_line' id='line_1_115' title="bbox 2213 5583 3766 5680; baseline -0.009 -33"><span class='ocrx_word' id='word_1_845' title='bbox 2213 5595 2403 5663; x_wconf 84' lang='grc' dir='ltr'>ἄρτιον</span> <span class='ocrx_word' id='word_1_846' title='bbox 2443 5591 2705 5661; x_wconf 78' lang='grc' dir='ltr'>ὲξαρχῆςο</span> <span class='ocrx_word' id='word_1_847' title='bbox 2737 5589 2856 5643; x_wconf 78' lang='grc' dir='ltr'>ἀλλ’</span> <span class='ocrx_word' id='word_1_848' title='bbox 2888 5589 2997 5643; x_wconf 83' lang='grc' dir='ltr'>ἀπὸ</span> <span class='ocrx_word' id='word_1_849' title='bbox 3026 5587 3278 5656; x_wconf 84' lang='grc' dir='ltr'>σμικρῶν</span> <span class='ocrx_word' id='word_1_850' title='bbox 3306 5588 3399 5638; x_wconf 81' lang='grc' dir='ltr'>καὶ</span> <span class='ocrx_word' id='word_1_851' title='bbox 3430 5583 3652 5680; x_wconf 57' lang='grc' dir='ltr'>φαύλων</span> <span class='ocrx_word' id='word_1_852' title='bbox 3677 5584 3766 5652; x_wconf 76' lang='grc' dir='ltr'><strong>ἁρ-</strong></span> 
     </span>
    </p>
   </div>
   <div class='ocr_carea' id='block_1_116' title="bbox 548 5671 2088 5774">
    <p class='ocr_par' dir='ltr' id='par_1_116' title="bbox 548 5689 2088 5774">
     <span class='ocr_line' id='line_1_116' title="bbox 548 5689 2088 5774; baseline -0.013 -14"><span class='ocrx_word' id='word_1_853' title='bbox 548 5702 800 5774; x_wconf 73' lang='grc' dir='ltr'>ρυεεὶιηίε</span> <span class='ocrx_word' id='word_1_854' title='bbox 821 5698 1127 5761; x_wconf 83' lang='lat' dir='ltr'><strong>dediderit,</strong></span> <span class='ocrx_word' id='word_1_855' title='bbox 1161 5711 1394 5766; x_wconf 91' lang='lat' dir='ltr'><strong>quorum</strong></span> <span class='ocrx_word' id='word_1_856' title='bbox 1427 5695 1480 5748; x_wconf 93' lang='lat' dir='ltr'><strong>in</strong></span> <span class='ocrx_word' id='word_1_857' title='bbox 1531 5705 1840 5752; x_wconf 88' lang='lat' dir='ltr'><strong>numerum,</strong></span> <span class='ocrx_word' id='word_1_858' title='bbox 1863 5689 2088 5743; x_wconf 86' lang='lat' dir='ltr'><strong>obsecro</strong></span> 
     </span>
    </p>
   </div>
   <div class='ocr_carea' id='block_1_117' title="bbox 2191 5671 3767 5774">
    <p class='ocr_par' dir='ltr' id='par_1_117' title="bbox 2215 5671 3767 5753">
     <span class='ocr_line' id='line_1_117' title="bbox 2215 5671 3767 5753; baseline -0.01 -16"><span class='ocrx_word' id='word_1_859' title='bbox 2215 5683 2450 5753; x_wconf 83' lang='grc' dir='ltr'>χόμεθα,</span> <span class='ocrx_word' id='word_1_860' title='bbox 2515 5680 2762 5751; x_wconf 78' lang='grc' dir='ltr'>σμικρὰν</span> <span class='ocrx_word' id='word_1_861' title='bbox 2806 5679 2904 5732; x_wconf 77' lang='grc' dir='ltr'>καὶ</span> <span class='ocrx_word' id='word_1_862' title='bbox 2961 5678 3170 5746; x_wconf 81' lang='grc' dir='ltr'>φαύλην</span> <span class='ocrx_word' id='word_1_863' title='bbox 3222 5674 3428 5743; x_wconf 77' lang='grc' dir='ltr'>ζημίαν</span> <span class='ocrx_word' id='word_1_864' title='bbox 3459 5671 3767 5740; x_wconf 77' lang='grc' dir='ltr'>νομίζοντες</span> 
     </span>
    </p>
   </div>
   <div class='ocr_carea' id='block_1_118' title="bbox 547 5763 2088 5855">
    <p class='ocr_par' dir='ltr' id='par_1_118' title="bbox 547 5763 2088 5855">
     <span class='ocr_line' id='line_1_118' title="bbox 547 5763 2088 5855; baseline -0.011 -6"><span class='ocrx_word' id='word_1_865' title='bbox 547 5763 861 5850; x_wconf 67' lang='lat' dir='ltr'><strong>referetur?</strong></span> <span class='ocrx_word' id='word_1_866' title='bbox 900 5789 1016 5843; x_wconf 88' lang='lat' dir='ltr'><strong>Non</strong></span> <span class='ocrx_word' id='word_1_867' title='bbox 1055 5801 1240 5843; x_wconf 90' lang='lat' dir='ltr'><strong>eorum</strong></span> <span class='ocrx_word' id='word_1_868' title='bbox 1274 5786 1366 5855; x_wconf 92' lang='lat' dir='ltr'><strong>qui</strong></span> <span class='ocrx_word' id='word_1_869' title='bbox 1416 5799 1480 5838; x_wconf 80' lang='lat' dir='ltr'><strong>ex</strong></span> <span class='ocrx_word' id='word_1_870' title='bbox 1507 5784 1672 5838; x_wconf 87' lang='lat' dir='ltr'><strong>animi</strong></span> <span class='ocrx_word' id='word_1_871' title='bbox 1701 5781 1950 5837; x_wconf 85' lang='lat' dir='ltr'><strong>instituto</strong></span> <span class='ocrx_word' id='word_1_872' title='bbox 1989 5779 2088 5834; x_wconf 88' lang='lat' dir='ltr'><strong>mal</strong></span> 
     </span>
    </p>
   </div>
   <div class='ocr_carea' id='block_1_119' title="bbox 2191 5763 3764 5855">
    <p class='ocr_par' dir='ltr' id='par_1_119' title="bbox 2218 5763 3764 5846">
     <span class='ocr_line' id='line_1_119' title="bbox 2218 5763 3764 5846; baseline -0.009 -16"><span class='ocrx_word' id='word_1_873' title='bbox 2218 5777 2645 5846; x_wconf 83' lang='grc' dir='ltr'>ὑποστήσεσθαι,</span> <span class='ocrx_word' id='word_1_874' title='bbox 2689 5774 2783 5826; x_wconf 76' lang='grc' dir='ltr'><strong>καὶ</strong></span> <span class='ocrx_word' id='word_1_875' title='bbox 2817 5769 3209 5843; x_wconf 79' lang='grc' dir='ltr'>καρπώσεσθαι</span> <span class='ocrx_word' id='word_1_876' title='bbox 3239 5766 3456 5837; x_wconf 66' lang='grc' dir='ltr'>ἡδονὴν,</span> <span class='ocrx_word' id='word_1_877' title='bbox 3481 5763 3575 5818; x_wconf 77' lang='grc' dir='ltr'>καὶ</span> <span class='ocrx_word' id='word_1_878' title='bbox 3607 5766 3764 5816; x_wconf 80' lang='grc' dir='ltr'>ὲπανο</span> 
     </span>
    </p>
   </div>
   <div class='ocr_carea' id='block_1_120' title="bbox 548 5853 2088 5950">
    <p class='ocr_par' dir='ltr' id='par_1_120' title="bbox 548 5853 2088 5950">
     <span class='ocr_line' id='line_1_120' title="bbox 548 5853 2088 5950; baseline -0.01 -7"><span class='ocrx_word' id='word_1_879' title='bbox 548 5887 729 5949; x_wconf 79' lang='lat' dir='ltr'><strong>fiuut?</strong></span> <span class='ocrx_word' id='word_1_880' title='bbox 758 5885 837 5942; x_wconf 88' lang='lat' dir='ltr'><strong>lta</strong></span> <span class='ocrx_word' id='word_1_881' title='bbox 871 5884 1071 5943; x_wconf 82' lang='lat' dir='ltr'><strong>sentire</strong></span> <span class='ocrx_word' id='word_1_882' title='bbox 1110 5853 1386 5948; x_wconf 86' lang='lat' dir='ltr'><strong>convenit,</strong></span> <span class='ocrx_word' id='word_1_883' title='bbox 1429 5878 1622 5950; x_wconf 83' lang='lat' dir='ltr'><strong>opinor</strong></span> <span class='ocrx_word' id='word_1_884' title='bbox 1654 5895 1666 5932; x_wconf 92' lang='lat'><strong>:</strong></span> <span class='ocrx_word' id='word_1_885' title='bbox 1703 5891 1826 5934; x_wconf 85' lang='lat' dir='ltr'><strong>nam</strong></span> <span class='ocrx_word' id='word_1_886' title='bbox 1869 5873 2088 5945; x_wconf 72' lang='lat' dir='ltr'><strong>alioqui:</strong></span> 
     </span>
    </p>
   </div>
   <div class='ocr_carea' id='block_1_121' title="bbox 2191 5853 3763 5950">
    <p class='ocr_par' dir='ltr' id='par_1_121' title="bbox 2220 5853 3763 5947">
     <span class='ocr_line' id='line_1_121' title="bbox 2220 5853 3763 5947; baseline -0.01 -22"><span class='ocrx_word' id='word_1_887' title='bbox 2220 5871 2372 5947; x_wconf 76' lang='grc' dir='ltr'>ήξειν</span> <span class='ocrx_word' id='word_1_888' title='bbox 2413 5870 2618 5938; x_wconf 78' lang='grc' dir='ltr'>ταχέως</span> <span class='ocrx_word' id='word_1_889' title='bbox 2654 5869 2733 5934; x_wconf 84' lang='grc' dir='ltr'><strong>είς</strong></span> <span class='ocrx_word' id='word_1_890' title='bbox 2766 5868 2868 5935; x_wconf 75' lang='grc' dir='ltr'>τὴν</span> <span class='ocrx_word' id='word_1_891' title='bbox 2915 5865 3194 5932; x_wconf 78' lang='grc' dir='ltr'>προτέραν</span> <span class='ocrx_word' id='word_1_892' title='bbox 3244 5861 3602 5916; x_wconf 85' lang='grc' dir='ltr'>κατάστασιν.</span> <span class='ocrx_word' id='word_1_893' title='bbox 3650 5853 3763 5919; x_wconf 77' lang='grc' dir='ltr'><strong>Εἷῖσ</strong></span> 
     </span>
    </p>
   </div>
  </div>
