3978 6592
241 375 400 435 437

1697 375 1978 436 ORATIO
2023 377 2138 441 III.

3435 370 3540 432 438

237 488 318 539 ἁ)
346 485 655 557 ισκόμεθα,
675 487 756 546 εἰς
793 479 1096 555 προῦπτον,
1126 485 1202 546 ὡς
1227 485 1426 550 εἰπεῖν,
1449 485 1698 539 κίνδυνον
1719 488 1869 556 ἡμᾶς

1982 502 2167 540 omnes
2208 487 2390 542 omnia
2425 486 2564 540 mala
2601 492 3006 554 perpetrantes,
3059 482 3126 548 ab
3175 497 3321 536 omni
3358 481 3538 550 culpa.

237 579 502 643 αὖτῡῦς
557 579 902 640 ἐκδιδόντες,
941 581 1124 631 ἐκεῖνα
1176 571 1452 647 δήπουθεν
1504 579 1860 648 πράττοντες,

237 673 448 741 ἅπερ
484 677 527 726 εἰ
565 670 707 743 ἦμεν
740 674 1017 741 ἐλεύθεροι
1065 673 1176 726 τῶν
1205 674 1310 744 ήδη
1354 674 1706 744 κρατούντων
1761 691 1866 727 παι

237 765 428 826 δῶν,
455 763 800 833 ᾐσχυνόμεθα
855 763 921 816 ἂν
971 763 1224 818 ἀκούσαι.
1282 764 1364 818 Τὰ
1407 763 1515 835 γὰρ
1557 765 1865 833 κουφότερα

235 856 558 908 δοκοῦντα
589 857 698 908 τῶν
747 856 970 928 φαύλων
1003 855 1180 924 ἔργων
1235 855 1478 925 εὐχερῶς
1529 858 1863 928 πράττομεν,

246 951 272 994 ἑ
293 945 662 1015 iacta-tritor];
697 948 841 1010 τινὸς
877 947 1114 1008 ἐλπίδος,
1145 947 1434 1016 δεικνύσης
1457 949 1555 1018 τὴν
1581 948 1868 1018 διόρθωσιν

243 1038 319 1087 ἰν
364 1039 568 1104 χεροῖν
601 1033 767 1097 εῖναι,
802 1038 1059 1108 καθάπερ
1087 1040 1188 1109 ἤδη
1221 1041 1569 1108 προείρηται.
1604 1042 1717 1094 Ούκ
1752 1042 1868 1093 ἔστι

245 1129 320 1179 δὲ
386 1129 596 1193 τοῦτο,
646 1131 746 1182 ούκ
793 1130 940 1181 ἐστιν
965 1146 979 1160 ·
1013 1131 1150 1182 ἀλλά
1199 1132 1514 1184 τούναντίον
1546 1132 1690 1185 ἅπαν
1727 1133 1866 1186 ἐστί.

331 1219 455 1271 ετὰ
505 1221 612 1288 γάρ
662 1219 722 1271 τὸ
755 1221 990 1288 σμικρὸν
1039 1221 1398 1284 ύπενδούναι,
1430 1222 1871 1292 ὀλιγωρήσαντες

246 1309 378 1360 τοῦ
432 1310 794 1378 καθήκοντος,
833 1312 938 1364 ύπδ
973 1312 1143 1364 τῶνδε
1176 1311 1286 1365 τῶν
1318 1313 1510 1366 δεινῶν
1541 1314 1871 1384 κηλούμενοι

248 1419 330 1452 τε
373 1406 484 1455 καὶ
517 1403 948 1473 τυραννούμενοι
1002 1405 1263 1475 συνεχῶς,
1309 1405 1420 1460 τῶν
1451 1407 1734 1469 σωζόντων
1785 1408 1874 1460 λο-

254 1493 522 1560 γισμῶν
561 1496 965 1564 ἐκτρεπόμεθα,
1006 1495 1128 1548 οὐδὲ
1163 1495 1290 1563 γοῦν
1325 1496 1434 1549 τῶν
1479 1499 1665 1567 ἄκρως
1705 1501 1874 1567 ὑπερ-

253 1584 477 1635 ϐολῶν
517 1585 864 1654 φειδόμενον
909 1585 997 1638 ἵνα
1023 1585 1080 1637 δὲ
1121 1586 1216 1638 καὶ
1263 1586 1360 1654 τὴν
1415 1586 1720 1656 ὑπερϐολὴν
1765 1588 1874 1640 τῶν

254 1675 494 1727 κακῶν
524 1674 687 1738 εῖπω,
721 1675 798 1742 τῷ
840 1677 955 1737 τοῖς
985 1676 1224 1738 ἀνοσίοις
1269 1675 1507 1746 χρῆσθαι
1557 1677 1876 1747 φιλοτιμού-

260 1765 472 1836 μεθα,
501 1767 599 1820 καὶ
628 1767 717 1833 ἐφ’
745 1761 826 1828 οἷς
851 1767 1020 1835 ἐχρῆν
1049 1765 1427 1836 αἰσχύνεσθαι,
1461 1769 1622 1838 ἡμεῖς
1652 1768 1708 1821 δέ
1737 1769 1874 1823 πάν-

259 1874 400 1918 τως
445 1859 543 1911 καὶ
577 1857 983 1927 σεμνυνόμεθα,
1029 1858 1172 1910 κατὰ
1218 1859 1344 1921 τοὺς
1398 1859 1736 1931 μελαγχολίᾳ
1788 1877 1879 1914 κε-

262 1950 714 2020 κρατημένους.
762 1950 1025 2011 Εἰκότως.
1061 1950 1169 2001 Τὸν
1205 1950 1313 2019 γάρ
1356 1949 1453 2002 τοῦ
1504 1951 1879 2020 προσήκοντας

263 2037 673 2105 ἐκτραπέντα,
725 2040 818 2091 καὶ
869 2039 1160 2108 πράγμασι
1204 2037 1628 2110 λυμαινομένοις
1673 2040 1878 2108 σφόδρα

264 2130 388 2180 τὸν
427 2129 564 2181 νοῦν
615 2129 873 2192 καθάπαξ
901 2131 1096 2183 ἐαυτὸν
1125 2130 1486 2195 ἐκδεδωκότα,
1524 2131 1623 2184 οὐκ
1654 2133 1880 2194 ἀπεικὸς

261 2219 763 2286 τετυφλωμένους
793 2218 988 2288 ἔχοντα
1015 2219 1144 2282 τοὺς
1178 2220 1479 2288 λογισμοὺς
1512 2224 1877 2291 παραπαίειν,

264 2309 552 2376 ὅπουπερ
584 2305 650 2360 ἂν
677 2310 966 2377 πορεύοιτο
995 2312 1090 2364 καὶ
1115 2309 1347 2378 βαδίζοι.
1381 2306 1508 2380 'Ap‘
1530 2313 1702 2376 οὕτως
1729 2313 1881 2383 ἔχον-

263 2415 379 2461 τες
411 2399 700 2468 ἄνθρωποι
725 2401 847 2453 λίαν
869 2401 1152 2470 ὀλιγώρως
1178 2403 1308 2473 περὶ
1333 2402 1402 2455 τά
1442 2403 1654 2466 δέοντα,
1687 2400 1806 2461 εἶτά
1826 2424 1878 2459 τι

269 2493 618 2560 πάσχοντες
656 2493 688 2561 ἢ
728 2492 1034 2558 ποιοῦντες,
1068 2495 1206 2564 ὅπερ
1248 2495 1306 2545 ἐν
1353 2495 1654 2565 μοίρᾳ-τῶν
1684 2498 1743 2549 ού
1775 2513 1880 2550 κα·-

264 2583 429 2647 λῶν,
474 2584 704 2646 ἄκοντές
753 2602 837 2638 σοι
888 2583 1115 2652 δόξομεν
1144 2586 1250 2640 ὑπὸ
1279 2586 1514 2652 εὐθύνας
1548 2584 1729 2655 srvat;
1775 2591 1882 2644 Ούο

268 2673 517 2742 δαμῶς·
551 2673 672 2726 οὐδὲ
701 2676 809 2742 γὰρ
837 2675 1146 2743 συμϐαῖνον
1170 2678 1237 2747 τῇ
1271 2677 1556 2747 φρονήσει,
1580 2678 1686 2732 κᾶν
1721 2679 1880 2733 οὔπω

267 2781 344 2832 γε
379 2767 478 2827 είς
509 2765 713 2834 ἄνδρας
737 2767 922 2837 τελῇς.
958 2767 1022 2820 El
1053 2768 1173 2839 γάρ
1211 2769 1277 2834 δὴ
1325 2770 1423 2823 καὶ
1473 2769 1697 2843 ἔρχεται
1741 2773 1880 2843 πρὸς

268 2858 451 2925 ἡμᾶς
485 2855 556 2909 τά
588 2858 736 2926 πάθη
767 2859 905 2929 μετὰ
941 2859 1167 2928 πολλῆς,
1212 2859 1289 2924 ὡς
1331 2859 1398 2914 ἄν
1442 2876 1529 2924 τις
1576 2864 1747 2928 εῖποι,
1779 2865 1880 2933 τῆς

269 2949 512 3018 σκηνῆς
550 2950 645 3002 καὶ
692 2951 793 3018 τῆς
840 2951 1207 3021 ὑποκρίσεως,
1261 2951 1379 3006 ἀλλ’
1425 2953 1558 3008 αὐτό
1607 2970 1669 3022 γε
1716 2955 1880 3010 τοῦτο

276 3041 458 3108 ἡμᾶς
485 3041 546 3092 ού
584 3041 775 3112 λέληθε
815 3042 1058 3106 πάντως,
1089 3042 1166 3108 ὡς
1205 3044 1460 3106 ὑπούλως
1510 3045 1753 3116 ἔρχεται,
1785 3049 1878 3101 καὶ

1972 578 2247 633 immunes
2274 594 2519 633 essemus
2545 594 2560 640 ;
2589 577 2789 646 quippe
2819 589 2977 629 nemo
3011 573 3210 628 malum
3238 572 3371 626 facit
3399 572 3542 639 quod

1969 669 2038 724 ab
2067 670 2221 723 initio
2254 651 2556 738 perfectum
2587 669 2658 723 sit
2687 678 2740 722 et
2771 667 3065 735 integrum,
3102 664 3195 719 sed
3233 664 3301 717 ab
3328 663 3542 732 exiguis

1967 769 2021 813 et
2052 776 2172 830 quae
2209 759 2358 830 parvi
2392 760 2647 812 momenti
2695 767 2822 813 sunt
2868 756 3136 818 ordimur,
3189 756 3442 824 exiguum
3479 768 3545 807 ac

1969 851 2086 905 leve
2116 853 2376 904 damnum
2412 851 2654 904 facturos
2684 862 2783 902 nos
2831 847 3232 910 existimantes,
3293 843 3542 912 volupta-

1976 951 2198 1009 temque
2240 953 2619 1012 percepturos.
2652 949 2705 995 et
2735 939 2987 994 celeriter
3012 938 3076 990 ad
3111 935 3390 1004 priStinam
3418 949 3548 987 con-

1969 1035 2229 1089 ditionem
2270 1049 2611 1089 reversuros.
2635 1033 2834 1087 Deinde
2867 1031 3113 1101 capimur
3145 1031 3195 1082 in
3233 1028 3546 1098 praevisum.

1973 1133 2032 1179 ut
2053 1124 2130 1178 ita
2158 1125 2360 1188 dicam,
2384 1123 2683 1192 periculum
2711 1129 2928 1176 uosmet
2958 1121 3107 1189 ipsos
3135 1118 3346 1179 dantes,
3375 1132 3550 1183 eaque

1970 1216 2377 1270 committentes
2415 1230 2556 1283 quae,
2590 1213 2637 1266 si
2671 1229 2701 1267 a
2740 1213 2886 1267 vitiis
2921 1211 3030 1265 illis
3065 1226 3315 1266 essemus
3350 1211 3547 1262 immu-

1974 1323 2070 1364 nes
2099 1323 2219 1376 quae
2241 1307 2351 1373 jam
2389 1321 2570 1360 rerum
2610 1307 2661 1357 in
2700 1304 2858 1358 nobis
2902 1303 3204 1373 potiuntur,
3250 1300 3330 1352 vel
3363 1300 3550 1351 audire

1973 1398 2168 1467 pudori
2197 1398 2355 1451 nobis
2386 1405 2550 1451 esset.
2583 1393 2716 1448 Nam
2752 1395 2943 1447 vitiosa
2982 1393 3142 1454 facta.
3178 1407 3299 1460 qua:
3345 1391 3546 1443 levima

1976 1491 2255 1556 videntur,
2299 1489 2459 1544 facile
2508 1498 2912 1557 perpetramus,
2966 1485 3270 1553 decipiente
3313 1498 3410 1535 nos
3457 1497 3550 1546 spe

1977 1583 2208 1651 quadam
2243 1597 2367 1651 quae
2403 1581 2796 1635 correctionem
2827 1592 2948 1631 esse
2980 1577 3033 1629 in
3070 1574 3322 1629 manibus
3365 1583 3550 1626 osten-

1977 1675 2078 1738 dit,
2113 1673 2573 1742 quemadmodum
2604 1672 2714 1741 jam
2766 1677 2891 1723 ante
2941 1668 3297 1730 dictumfest.
3349 1663 3547 1718 Verum

1981 1766 2206 1821 minime
2229 1781 2316 1820 res
2339 1766 2411 1818 ita
2436 1772 2751 1833 comparata
2772 1771 2876 1825 est,
2903 1761 2994 1816 sed
3029 1759 3188 1830 plane
3217 1759 3548 1813 contrarium

1957 1855 2035 1911 ‘in
2061 1855 2306 1911 modum.
2336 1854 2696 1923 Posteaquam
2735 1853 2880 1907 enim
2932 1851 3190 1921 pusillum
3241 1851 3550 1904 remisimus

1979 1949 2224 2019 neglecto
2247 1946 2445 2008 oﬂicio,
2479 1947 2638 2000 malis
2667 1945 2771 1999 illis
2814 1946 3078 2000 continuo
3113 1956 3212 1995 nos
3239 1941 3552 1995 demulcen-

1979 2041 2146 2103 tibus.
2174 2039 2306 2094 etin
2339 2046 2659 2108 potestatem
2696 2051 2761 2090 ac
2805 2036 3123 2090 servitutem
3159 2034 3549 2102 redigmtilms,

1980 2147 2010 2187 a
2034 2131 2460 2200 cogitationibus
2483 2129 2646 2184 saluti
2669 2127 3080 2183 consulentibus
3097 2127 3167 2180 ita
3191 2124 3552 2190 deﬂectimus.

1981 2233 2039 2277 ut
2067 2239 2133 2278 ne
2157 2222 2227 2277 ab
2261 2223 2328 2277 iis
2353 2222 2596 2291 quidem,
2626 2236 2747 2289 qua:
2780 2227 3022 2274 extreme
3051 2217 3216 2271 nimia
3245 2227 3392 2278 sunt.
3428 2217 3554 2269 abs-

1981 2317 2272 2371 tineamus.
2318 2316 2489 2383 Atque
2520 2313 2597 2366 uti
2631 2313 2897 2366 malorum
2929 2311 3371 2379 exsuperantiam
3413 2309 3552 2362 indi-

1980 2423 2120 2472 cem,
2162 2421 2320 2461 usum
2350 2405 2699 2460 seelestorum
2734 2404 2788 2456 in
2821 2403 2980 2456 laude
3003 2403 3276 2471 ponimus,
3308 2411 3360 2454 et
3383 2402 3453 2454 ob
3491 2416 3549 2451 ea

1979 2514 2210 2570 quorum
2245 2513 2344 2552 nos
2375 2497 2578 2567 pudere
2605 2495 3030 2563 debebat,plane
3056 2492 3395 2562 gloriabundi
3420 2507 3550 2546 nos-

1979 2598 2092 2646 met
2129 2590 2502 2653 ostendamus,
2529 2602 2719 2642 eorum
2754 2600 2905 2640 more
2933 2585 3028 2656 qui
3068 2585 3423 2639 melancholia
3479 2584 3556 2638 la-

1979 2681 2192 2736 borant.
2223 2681 2335 2736 Nec
2361 2681 2458 2734 abs
2492 2694 2568 2734 re.
2589 2677 2726 2734 Nom
2774 2679 2866 2747 qui
2902 2678 2971 2749 ab
3003 2676 3180 2732 ollicio
3214 2675 3448 2740 deﬂexit,
3473 2692 3556 2729 re.

1979 2772 2189 2842 hosque
2247 2781 2484 2826 mentem
2519 2771 2672 2825 valde
2698 2770 3172 2839 corrumpentibus
3204 2768 3438 2838 seipsum
3463 2783 3554 2822 se-

1981 2864 2087 2919 mel
2113 2863 2343 2927 addixit,
2373 2879 2498 2918 eum
2538 2871 2964 2919 consentaneum
2997 2860 3158 2917 estin
3193 2860 3292 2914 illa
3311 2859 3554 2914 caecitate

1979 2954 2396 3024 cogitationum,
2448 2967 2776 3022 quocunque
2830 2952 3044 3007 tandem
3104 2961 3292 3022 pergat
3344 2953 3554 3020 iterque

1979 3044 2198 3112 dirigat,
2219 3058 2249 3098 a
2288 3054 2433 3098 recta
2476 3043 2562 3098 via
2585 3042 2890 3098 deﬂectere.
2924 3041 3063 3096 Num
3090 3056 3220 3107 ergo
3251 3056 3349 3096 nos
3373 3040 3554 3095 homi-

272 3133 370 3193 είς
431 3133 533 3196 τὰς
553 3132 744 3202 ψυχὰς
798 3135 1144 3205 καταμικρδν
1197 3135 1570 3192 ύπεισδύεται.
1628 3139 1738 3193 Καὶ
1783 3137 1879 3210 τὴν

1986 3152 2080 3192 nes
2108 3150 2278 3206 usque
2311 3136 2447 3191 adeo
2475 3135 2807 3205 negligentes
2851 3134 2906 3188 in
2939 3135 3090 3187 omni
3123 3133 3321 3197 cilicio,
3351 3135 3396 3188 si
3422 3133 3554 3201 quid

276 3222 485 3291 ἀρχὴν
543 3222 794 3275 είσδύντα
859 3224 1288 3296 δουλοπρεπῶς,
1353 3225 1550 3280 ἔπειτα
1611 3229 1878 3298 κατάρχει

1982 3227 2176 3282 deinde
2207 3227 2291 3281 vel
2328 3227 2605 3294 patiamur
2631 3227 2713 3282 vel
2740 3227 3006 3282 faciamus
3033 3227 3270 3282 alienum
3296 3227 3364 3279 ab
3390 3227 3556 3280 hone-

273 3311 648 3376 δεσποτικῶς
673 3331 686 3345 ·
725 3316 822 3367 καὶ
857 3317 884 3368 ὁ
923 3317 984 3369 τὸ
1013 3316 1168 3380 τέλος
1199 3317 1378 3381 εἰδὼς,
1430 3320 1525 3370 καὶ
1555 3319 1656 3388 τὴν
1692 3321 1871 3390 ἀρχὴν

281 3406 396 3474 οὐχ
461 3404 770 3470 ύποσοϐὦν,
807 3405 1034 3470 δικαίως
1069 3407 1135 3460 ἂν
1176 3407 1458 3461 εύθύνοιτο
1505 3412 1600 3463 καὶ
1632 3408 1880 3480 περὶτοῦ

276 3495 521 3556 τέλους.
727 3505 730 3509 ’

1977 3327 2085 3382 sto,
2121 3317 2277 3372 inviti
2303 3318 2519 3387 culpam
2551 3317 2818 3374 sustinere
2851 3317 2946 3372 tibi
2977 3317 3320 3372 videbimur?
3346 3315 3560 3384 Nequa-

1978 3427 2163 3482 quam.
2196 3410 2315 3465 Non
2346 3412 2489 3466 enim
2524 3411 2690 3498 apud.
2723 3411 3047 3478 prudentem
3081 3391 3186 3465 hoc
3248 3410 3447 3480 habere
3475 3410 3555 3462 lo-

1980 3517 2102 3556 cum
2133 3509 2328 3571 potest,
2361 3501 2577 3555 etiamsi
2608 3501 2817 3555 virilem
2847 3501 3080 3555 necdum
3107 3507 3316 3554 tetatem
3366 3499 3559 3567 attige-

279 3589 410 3643 ris-
443 3587 581 3641 Nam
614 3605 923 3680 quanquam
955 3590 1218 3646 accedunt
1249 3593 1314 3646 ad
1352 3607 1452 3648 nos
1502 3595 1642 3648 mala
1696 3595 1889 3660 multo,
1927 3605 1987 3650 ut
2013 3596 2091 3651 sic
2114 3596 2327 3666 loquar,
2355 3611 2478 3650 cum
2511 3602 2775 3664 apparatu
2803 3595 3026 3650 scenico
3054 3603 3110 3649 et
3182 3593 3554 3657 simulatione,

280 3690 496 3735 tamen
557 3683 672 3752 ipsi
700 3699 1047 3753 nequaquam
1105 3684 1422 3754 ignoramus
1448 3701 1511 3742 ea
1558 3688 1784 3742 subdole
1833 3702 1898 3741 ac
1969 3687 2341 3742 fraudulenter
2419 3687 2703 3752 accedere,

2779 3685 3149 3754 paulatimque
3216 3680 3430 3739 nostros
3502 3687 3553 3739 in

283 3774 533 3827 animos
565 3774 842 3840 irrepere:
875 3787 1112 3843 cumque
1174 3775 1427 3829 servilem
1495 3776 1549 3829 in
1615 3777 1837 3830 modum
1886 3777 2040 3831 initio
2094 3779 2381 3847 irrepsere,
2441 3777 2698 3844 deinceps
2752 3775 2998 3830 heriliter
3051 3775 3342 3844 imperium
3395 3791 3556 3832 exer-

187 3861 192 3866 ”
286 3871 449 3914 ceat.
486 3859 604 3915 1am
631 3861 722 3931 qui
757 3861 918 3916 ﬁnem
942 3870 1288 3932 perspectum
1314 3861 1548 3932 habens,
1575 3866 1905 3936 principium
1944 3882 2054 3922 non
2086 3877 2256 3933 arcet,
2289 3867 2336 3923 is
2369 3866 2537 3924 etiam
2595 3864 2788 3922 merito
2847 3866 3060 3936 culpam
3149 3868 3272 3922 linis
3338 3869 3554 3938 praesti-

289 3955 453 4009 terit.
1555 4005 1568 4017 .

378 4045 620 4114 ’Λληθὲς
651 4039 745 4098 οὗν
765 4084 781 4109 ,
816 4043 995 4116 οἶμαι,
1045 4049 1298 4116 φανεῖται
1345 4050 1515 4102 πᾶσιν
1544 4050 1878 4122 ἀνθρώποις,

293 4139 375 4200 ὡς
407 4140 486 4189 τά
518 4137 778 4190 δοκοῦντα
809 4137 979 4206 κακὰ,
1021 4139 1070 4191 εί
1110 4139 1211 4208 μὲν
1237 4139 1386 4195 ἔστιν
1419 4141 1658 4211 άληθῶς,
1694 4145 1758 4195 ἐκ
1784 4145 1884 4214 τῆς

296 4229 693 4298 προαιρέσεως
725 4228 824 4298 τὴν
869 4229 1051 4299 ἀρχὴν
1095 4229 1251 4300 ἔχει·
1310 4233 1360 4284 εί
1409 4233 1466 4286 δέ
1504 4233 1603 4286 ούκ
1642 4234 1789 4287 ἐστιν
1819 4235 1884 4286 ἐκ

299 4319 708 4389 προαιρέσεως,
755 4321 878 4374 ούδέ
928 4321 1164 4392 ὑπάρχει
1214 4323 1522 4378 τοσύνολον.
1575 4324 1736 4379 Ἀλλὰ
1776 4325 1882 4394 μὴν

257 4404 264 4410 ’
297 4415 370 4466 τά
398 4411 554 4464 κακά
576 4411 670 4462 τὸν
703 4411 900 4480 θνητὸν
929 4412 1335 4482 περιπολοῦντα
1368 4415 1620 4483 φαίνεται
1651 4419 1881 4486 κόσμον,

2063 4052 2249 4120 Itaque
2283 4051 2569 4106 manifesto
2601 4067 2788 4108 verum
2816 4066 2937 4107 esse
2968 4059 3140 4122 paret,
3186 4042 3401 4121 opinor,
3454 4055 3556 4109 lto-

1990 4144 2230 4200 miuibus
2277 4145 2570 4207 universis.
2621 4159 2742 4214 qum
2795 4143 2935 4198 mala
2991 4152 3271 4215 putantur,
3331 4146 3376 4200 si
3434 4163 3560 4203 vere

1991 4235 2130 4289 mala
2157 4237 2283 4299 sint,
2322 4237 2389 4290 ab
2417 4236 2583 4290 animi
2613 4236 2880 4293 electione
2909 4237 3139 4306 primatu
3167 4238 3429 4307 originem
3465 4239 3561 4294 du~

1990 4341 2114 4381 cere
2143 4345 2156 4380 :
2195 4330 2279 4381 sin
2304 4328 2371 4381 ab
2399 4327 2662 4382 electione
2715 4342 2821 4381 non
2874 4329 3308 4396 proﬁciscantur,
3337 4345 3561 4399 prorsus

1987 4432 2051 4471 ea
2094 4433 2160 4471 ne
2206 4418 2422 4487 quidem
2480 4419 2765 4472 exsistere.
2801 4417 2871 4472 At
2901 4432 3030 4472 vero
3086 4419 3227 4473 mala
3279 4422 3558 4474 mortalom

300 4508 460 4560 κατὰ
487 4507 582 4558 τὸν
613 4506 903 4562 Πλάτωνα.
937 4506 1104 4560 Ὥστε
1136 4508 1436 4576 ἀναγκαῖον
1475 4510 1556 4570 είς
1593 4511 1770 4562 ταῦτα
1801 4511 1879 4562 αἰ-

1997 4510 2140 4562 hune
2188 4509 2342 4563 obire
2399 4508 2662 4562 mundum
2724 4509 2900 4578 palam
2954 4518 3059 4576 est,
3106 4511 3560 4579 quemadmodum

300 4599 535 4653 tti‘aeat
575 4598 670 4668 τὴν
709 4598 1036 4668 προαίρεσιν
1077 4598 1269 4668 μόνην,
1308 4599 1366 4651 ού
1401 4601 1478 4669 τῷ
1521 4600 1800 4670 αἱρεῖσθαι
1830 4602 1891 4654 τὸ

302 4689 491 4743 κακὸν
530 4688 635 4758 πρὸ
660 4688 755 4742 τοῦ
784 4687 992 4754 ἀγαθοῦ
1027 4689 1152 4750 τοὺς
1187 4687 1532 4758 ἀνθρώπους,
1556 4691 1674 4743 ἀλλ’
1705 4692 1890 4764 ἀπάτῃ

304 4799 372 4834 τε
413 4782 510 4833 καὶ
547 4780 870 4850 διαμαρτίᾳ,
912 4779 988 4841 ὡς
1017 4779 1082 4848 δὴ
1117 4780 1210 4832 διὰ
1237 4781 1504 4834 πλειόνων
1536 4782 1592 4833 ἐν
1619 4786 1729 4844 τοῖς
1758 4784 1891 4852 πρό-

310 4874 450 4925 σθεν
474 4873 692 4942 εῖρηται
722 4872 858 4940 παρ’
898 4872 1090 4939 ἡμῶν,
1124 4872 1217 4924 καὶ
1265 4871 1359 4924 νῦν
1389 4867 1544 4932 αὖθις
1585 4875 1887 4943 είρήσεται.

312 4965 554 5030 Ἀγνοια
585 4963 646 5032 δή
675 4979 782 5027 τις,
817 4963 1014 5029 ἄγνοια
1040 4962 1101 5014 τὸ
1138 4962 1333 5025 κακὸν,
1379 4963 1429 5016 εἰ
1474 4963 1556 5015 δεῖ
1608 4965 1889 5030 συντόμως

308 5057 519 5107 εἰπεῖν.
571 5054 691 5123 Χρὴ
735 5053 793 5106 δὲ
837 5055 990 5107 τουτὶ
1037 5054 1098 5106 τὸ
1143 5053 1267 5108 κατ’
1293 5053 1522 5120 ἄγνοιαν
1552 5055 1890 5126 σαφέστερον

309 5143 651 5198 ἀποδοῦναι·
714 5147 787 5214 μή
838 5161 971 5201 ποτε
1026 5145 1269 5214 δόξωμὲν
1322 5163 1467 5199 τισιν
1519 5148 1650 5215 ἡμῖν
1706 5148 1890 5211 αὐτοῖς

310 5235 710 5304 περιπίπτειν,
741 5234 856 5287 ἀνθ’
905 5230 980 5287 ὧν
1037 5236 1442 5305 άπεφηνάμεθα
1482 5238 1548 5290 τὰ
1595 5237 1741 5290 κακὰ
1791 5241 1891 5308 τῆς

311 5326 701 5396 προαιρέσεως
746 5326 917 5394 μόνης
971 5320 1138 5390 εῖναι,
1198 5325 1374 5379 ἔπειτ’
1428 5323 1586 5390 αὖθις
1635 5329 1887 5398 λέγομεν,

315 5419 555 5486 “At-{veta
583 5420 644 5470 τὸ
682 5418 874 5470 κακόν.
928 5418 1042 5470 Ούκ
1076 5418 1195 5471 ἐστι
1242 5417 1299 5471 δὲ
1334 5418 1493 5472 τοῦτο
1546 5420 1740 5486 πάθος,
1791 5421 1890 5473 ούκ

314 5510 464 5562 ἐστιν
494 5509 768 5572 ἐνταυθοῖ,
798 5509 902 5562 κᾶν
931 5508 1083 5578 δοκῇ,
1116 5511 1164 5561 εί
1201 5508 1277 5579 μὴ
1305 5511 1654 5562 παντάπασιν
1697 5510 1897 5580 ἄγροι-

315 5619 409 5661 κος
443 5600 576 5669 ἐγώ.
609 5601 716 5653 Καὶ
742 5601 808 5670 δὴ
839 5601 1248 5672 συμϐιϐαστέον
1270 5591 1379 5655 ὡδὶ
1417 5602 1510 5655 τὸν
1543 5602 1734 5669 λόγον,
1768 5601 1889 5655 οὐδὲ

318 5694 446 5760 πρὶν
495 5693 814 5763 άσύμὸατον
846 5692 980 5747 ὄντα
1029 5695 1142 5758 τοῖς
1197 5711 1262 5760 γε
1316 5693 1500 5756 καλῶς
1550 5693 1886 5765 θεωρήσασι.

313 5787 460 5856 Φημὶ
487 5787 620 5856 γοῦν
659 5789 719 5841 τὸ
770 5787 892 5842 κατ’
924 5786 1150 5857 ἄγνοιαν
1191 5789 1465 5860 ἁμαρτεῖν
1499 5788 1766 5858 διττόν.γε
1794 5789 1888 5859 δή-

1996 4597 2147 4654 Plato
2179 4599 2417 4667 scripsit.
2454 4599 2791 4668 Quapropter
2846 4603 3212 4656 necessarium
3245 4615 3326 4656 est
3383 4615 3438 4658 ut
3466 4621 3561 4658 οο-
3616 4663 3624 4674 κ

1993 4704 2113 4744 rum
2142 4703 2364 4742 causam
2397 4690 2461 4743 ad
2487 4690 2652 4744 animi
2683 4692 2852 4746 solam
2886 4692 3203 4746 electionem
3235 4693 3557 4758 referamus,

1993 4795 2100 4833 non
2137 4783 2279 4850 quod
2311 4782 2516 4838 malum
2554 4797 2663 4852 pra:
2694 4783 2838 4838 bono
2889 4784 3144 4837 mortales
3184 4784 3406 4851 eligant,
3462 4788 3559 4841 sed

1991 4873 2134 4938 quod
2169 4873 2465 4942 impostura
2505 4882 2558 4927 et
2588 4889 2741 4927 error
2773 4873 3158 4936 interveniant,
3204 4876 3559 4940 quemadmo-

1991 4961 2122 5015 dum
2155 4963 2405 5031 pluribus
2443 4965 2671 5017 antehac
2695 4978 2724 5016 a
2755 4964 2912 5015 nobis
2941 4971 3020 5016 est
3059 4963 3380 5029 indicatum,
3419 4965 3561 5032 jam-

1991 5068 2098 5122 que
2149 5069 2340 5109 rursus
2393 5064 2720 5122 exponetur.
2785 5053 3088 5121 lgnorantia
3150 5068 3285 5108 sane
3332 5056 3558 5123 malum,

1990 5146 2291 5216 ignorantia
2318 5147 2559 5216 quaedam
2584 5156 2687 5208 est,
2719 5147 2762 5199 si
2803 5145 2990 5214 paucis
3023 5144 3281 5213 explicari
3341 5163 3428 5202 res
3463 5149 3561 5203 de—

1989 5236 2117 5298 bet;
2149 5246 2313 5306 atque
2346 5239 2445 5290 hoc
2485 5237 2707 5290 verbum
2766 5236 3073 5303 ignorantia
3109 5247 3360 5294 nostrum
3403 5240 3560 5294 dilu—

1990 5329 2166 5383 cidius
2196 5329 2583 5383 declarandum
2615 5336 2719 5389 est,
2758 5344 2826 5383 ne
2878 5329 3078 5396 quibus
3117 5328 3214 5398 ipsi
3252 5347 3352 5384 nos
3407 5346 3563 5386 ever-

1991 5430 2104 5474 tere
2146 5421 2470 5485 _videamur,
2515 5419 2673 5488 quasi
2733 5435 2830 5488 pro
2862 5434 2927 5473 co
2980 5421 3125 5489 quod
3195 5425 3332 5476 mala
3389 5425 3560 5478 solius

1989 5511 2158 5565 animi
2189 5511 2472 5566 electionis
2510 5525 2632 5564 esse
2680 5513 3179 5579 pronuntiavimus.
3239 5529 3382 5566 nunc
3414 5513 3562 5567 dica-

1993 5619 2132 5666 mus,
2180 5605 2376 5658 malum
2411 5617 2533 5656 esse
2560 5603 2942 5674 ignorantiam.
2981 5606 3101 5658 Non
3129 5613 3210 5659 est
3238 5613 3417 5658 autem
3456 5605 3560 5656 lmc

1990 5696 2199 5755 vitium.
2231 5711 2336 5748 non
2375 5706 2458 5749 est
2499 5695 2607 5760 hic,
2668 5697 2904 5751 tametsi
2930 5697 3194 5760 videatur,
3265 5694 3367 5746 nisi
3406 5710 3560 5760 pror-

1991 5802 2084 5843 sus
2118 5801 2218 5858 ego
2260 5787 2408 5844 rudis
2469 5803 2534 5844 ac
2575 5788 2866 5855 imperitus
2905 5803 3049 5842 sum.
3095 5788 3160 5840 Et
3214 5785 3556 5839 coneiiiauda
