3978 6598
509 329 616 390 439

1699 322 2091 385 MANUELIS
2114 321 2556 386 PALEOLOGI
3713 329 3798 393 μθ

505 453 636 496 sane
675 435 853 491 oratio
879 442 963 490 est
999 435 1102 488 hoc
1149 431 1383 498 quodam
1416 433 1598 500 modo,
1638 449 1738 487 nec
1798 443 1923 487 ante
1969 432 2076 488 sibi

2195 434 2381 485 τιουθεν
2408 431 2566 488 εἶναι.
2594 437 2704 489 Καὶ
2735 436 2966 506 θάτερον
2995 437 3104 505 μὲν
3144 436 3503 506 συμϐαίνει,
3537 438 3624 509 τῷ
3648 440 3798 511 ὕπερ.

508 545 840 600 repugnans.
877 526 922 584 si
977 526 1069 596 qui
1125 525 1284 595 recte}
1315 540 1428 580 rem
1491 526 1913 580 considerarint.
1978 527 2078 579 Aio

509 621 672 690 igitur
702 629 981 687 peccatum
1022 632 1088 671 ex
1151 616 1455 686 ignorantia
1490 615 1687 685 duplex
1745 631 1891 681 esse,
1944 630 2079 682 quo-

509 727 628 764 rum
668 719 958 777 utrumque
989 706 1256 776 contingit
1287 721 1351 760 ex
1389 720 1455 760 eo
1495 705 1641 773 quod
1678 720 1764 759 res
1820 706 2081 772 ignorata:

509 809 768 871 superent
803 800 885 853 vel
951 799 1312 855 communiter
1375 799 1668 852 humanam
1723 802 1973 851 naturam
2027 805 2081 863 et

509 892 816 952 scientiam.
883 901 937 946 et
989 891 1392 954 dexteritatem,
1452 891 1536 944 vel
1587 889 1954 958 particulatim
2000 890 2080 944 fa-

507 985 765 1037 cultatem
800 983 1036 1048 alicujus
1072 983 1164 1052 qui
1202 984 1305 1038 hoc
1342 983 1543 1037 illudve
1573 982 1824 1036 didicerit
1859 991 1953 1035 aut
1991 996 2082 1035 co-

508 1075 772 1140 gnoverit.
833 1071 996 1128 Verbi
1061 1073 1256 1141 gratia,
1323 1073 1641 1142 ignoramus
1704 1073 1910 1142 pariter
1963 1087 2079 1124 om-

507 1180 606 1219 res
644 1165 770 1220 creli
809 1173 1057 1218 naturam
1090 1174 1144 1219 et
1191 1164 1648 1233 magnitudinem,
1682 1172 1737 1218 et
1763 1178 1886 1233 qua
1914 1177 2080 1232 supra

507 1255 704 1307 emtum
739 1264 870 1308 sunt
897 1263 1088 1322 etquze
1131 1256 1234 1310 sub
1269 1265 1440 1308 terra.
1484 1255 1702 1308 Rursus
1733 1253 1968 1323 quidam
1996 1253 2078 1308 sic

509 1355 856 1412 comparatus
912 1361 1018 1400 non
1067 1355 1150 1400 est
1200 1354 1258 1398 ut
1294 1357 1486 1398 orator
1517 1360 1640 1400 esse
1671 1345 1868 1414 possit,
1902 1345 1984 1398 vel
2027 1344 2081 1398 in

510 1445 736 1487 extenso
764 1431 892 1487 fune
921 1433 1126 1489 saltare
1148 1435 1340 1488 oculis
1363 1435 1620 1502 obligatis
1656 1434 1848 1496 linteo.
1881 1451 2080 1504 quem-

511 1523 805 1577 admodum
873 1523 1051 1579 facere
1079 1525 1374 1579 nonnullos
1410 1525 1684 1582 videmus.
1707 1526 1782 1579 Ex
1822 1525 1906 1579 his
1935 1540 2084 1594 ηοω-

524 1631 742 1685 cunque
800 1631 963 1684 supra
1001 1632 1107 1670 non
1143 1619 1316 1684 posita
1347 1625 1513 1679 sunt,
1547 1617 1613 1672 de
1646 1617 1712 1673 iis
1741 1627 1798 1672 ut
1833 1619 2082 1672 dicamus

513 1709 739 1762 minime
777 1724 1000 1763 necesse
1031 1719 1134 1763 cst.
1173 1710 1384 1779 Quippe
1419 1712 1503 1764 vel
1535 1725 1680 1765 casco
1730 1709 2078 1766 manifestum

514 1810 621 1863 est,
654 1801 729 1852 uti
767 1800 1058 1868 proverbio
1087 1799 1280 1863 fertur,
1304 1817 1366 1855 ea
1400 1816 1500 1856 nec
1529 1816 1652 1856 esse
1681 1811 1865 1856 nostra
1902 1803 1956 1856 in
1991 1818 2088 1870 po-

521 1899 740 1954 testate,
796 1905 896 1944 nec
953 1891 1274 1960 ignorantiae
1316 1893 1536 1947 nomine
1571 1907 1672 1948 nos
1702 1894 1898 1950 teneri.
1931 1891 2093 1958 Οοω·

519 1997 735 2051 cunque
795 1997 927 2036 vero
980 1983 1048 2035 ab
1110 1983 1390 2052 aliquibus
1447 1985 1790 2052 ignorantur,
1812 1984 2090 2052 aliquibus

521 2087 644 2129 nota
696 2084 844 2138 sunt,
903 2091 966 2129 ea
1005 2087 1156 2144 paret
1177 2092 1300 2132 esse
1347 2088 1534 2132 nostra
1584 2079 1638 2131 in
1690 2085 1982 2148 potestate.
2028 2079 2086 2130 ln

519 2169 720 2238 quibus
787 2169 1042 2223 omnibus
1101 2169 1243 2222 haud
1309 2156 1559 2241 equidem
1627 2170 1866 2227 arbitror
1938 2185 2090 2225 com-

521 2275 744 2314 munem
803 2269 1055 2314 naturam
1101 2271 1153 2314 et
1209 2260 1495 2324 notitiam,
1556 2271 1610 2314 et
1664 2261 1983 2325 scientiam,
2034 2247 2088 2315 et

521 2354 896 2409 dexteritatem
951 2354 1060 2408 ullo
1105 2353 1266 2407 modo
1319 2354 1664 2433 c_ulpandam,
1691 2353 1786 2408 sed
1827 2371 2090 2424 quorum-

521 2445 644 2498 dam
704 2445 974 2500 inscitiam
1021 2454 1075 2499 et
1133 2453 1501 2511 contemptum
1572 2445 1694 2513 ejus
1745 2446 1888 2514 quod
1950 2461 2087 2514 pra:-

520 2539 730 2592 clarum
787 2548 840 2592 et
908 2538 1107 2602 bonum
1159 2546 1262 2590 est.
1327 2535 1540 2606 Quippe
1596 2551 1696 2591 nec
1760 2538 2087 2592 instructum

520 2645 641 2684 esse
686 2629 931 2683 doetrina
985 2643 1083 2682 nec
1123 2641 1307 2682 rerum
1364 2629 1704 2695 egregiorum
1761 2628 2090 2692 studiosum,

521 2717 618 2772 sed
677 2717 960 2787 profutura
1012 2717 1301 2785 ignorare,
1355 2716 1470 2782 illa,
1529 2718 1784 2786 inquam,
1822 2735 1942 2787 ηοω
1991 2733 2092 2770 no-

520 2811 618 2867 stri
675 2811 946 2864 similibus
994 2810 1178 2879 ignota
1248 2825 1354 2862 non
1407 2819 1555 2874 sunt,
1590 2810 1642 2863 id
1689 2825 1818 2863 vero
1855 2809 2093 2878 plerum-

520 2919 630 2972 que
669 2903 797 2958 facit
837 2912 895 2957 ut
925 2903 1047 2971 quis
1094 2902 1147 2956 in
1197 2901 1514 2956 excolendis
1556 2901 1714 2957 benis
1767 2903 2013 2955 moribus
2040 2911 2094 2955 et

521 2997 703 3052 causis
734 2973 1065 3062 cognitionis
1090 2993 1370 3062 negligens
1390 2994 1460 3048 sit
1487 3011 1501 3048 :
1533 2993 1600 3048 de
1629 2994 1861 3049 consilio
1897 2995 2094 3063 loquor

2183 522 2388 576 ϐαίνειν
2434 525 2502 578 τὰ
2557 527 2904 598 ἀγνοούμενα
2958 530 2991 594 ἢ
3046 531 3228 598 κοινῇ
3289 529 3406 600 τὴν
3459 530 3797 598 ἀνθρωπείαν

2182 614 2367 682 φύσιν,
2415 617 2511 669 καὶ
2541 620 2878 688 ἐπιστήμην,
2926 621 3023 673 καὶ
3051 620 3414 690 δεξιότηταο
3469 621 3504 688 ἢ
3540 621 3641 690 τὴν
3670 626 3798 687 τινός

2184 722 2292 757 που
2322 705 2554 776 δύναμιν
2584 709 2855 776 μερικῶς,
2888 712 3026 780 πρὸς
3063 710 3134 764 τὸ
3189 711 3372 764 τοῦτο
3406 711 3440 779 ἢ
3479 712 3663 766 ἐκεῖνο
3707 731 3797 780 μα-

2183 796 2298 849 θεῖν
2327 797 2358 867 ἢ
2390 800 2613 866 γνῶναι.
2660 801 2749 864 Ὠς
2779 803 2917 872 ὁμοῦ
2956 803 3058 872 μὲν
3093 804 3332 866 πάντες
3364 804 3478 856 οὐκ
3524 804 3687 873 ῐσμεν
3723 807 3799 858 οὐ·

2184 889 2347 958 ρανοῦ
2379 908 2440 942 τε
2480 891 2642 958 φύσιν
2671 895 2766 946 καὶ
2808 895 3064 962 μέγεθος,
3092 895 3176 948 τά
3224 912 3292 947 τε
3331 895 3489 964 ὑπὲρ
3522 896 3693 961 τόνδε,
3718 900 3798 952 καὶ

2184 982 2290 1033 ὑπὸ
2320 983 2444 1051 γῆν.
2500 984 2559 1038 '0
2591 985 2745 1038 δεῖνα
2784 985 2843 1038 δὲ
2891 987 2954 1038 οὐ
2995 988 3269 1055 πέφυκεν
3294 983 3465 1038 εἶναι
3503 989 3794 1056 ῥητορικὸς,

2183 1072 2214 1140 ἢ
2245 1073 2528 1142 ὀρχεῖσθαι
2564 1077 2658 1127 ὲπί
2693 1077 2910 1145 σχοίνου
2931 1077 3294 1147 τεταμένης,
3322 1077 3500 1146 ὀθόνη
3528 1077 3794 1146 δεδεμένος

2183 1167 2311 1227 τοὺς
2348 1165 2690 1233 ὀφθαλμοὺς,
2723 1166 2796 1231 ὣς
2836 1184 2990 1232 τινας
3027 1169 3273 1237 ὁρῶμεν
3333 1167 3671 1230 ποιοῦντας.
3704 1171 3795 1222 Καὶ

2181 1257 2284 1308 ὅσα
2320 1257 2418 1324 μὲν
2446 1258 2588 1329 ὑπὲρ
2621 1261 2794 1329 ἡμᾶς,
2831 1259 2949 1313 ἀλλ’
2979 1260 3101 1314 οὐδὲ
3155 1260 3368 1327 λέγειν
3415 1261 3555 1329 περὶ
3610 1259 3793 1312 τούτων

2182 1347 2418 1417 ἀνάγκη,
2460 1351 2554 1401 καὶ
2584 1351 2773 1418 τυφλῷ
2802 1353 2909 1421 γάρ
2942 1352 3129 1421 δῆλον,
3174 1354 3395 1419 φασιν,
3441 1353 3525 1414 ὡς
3558 1349 3672 1403 οὔτ’
3693 1350 3822 1402 ἐστι’

2182 1436 2291 1488 τῶν
2321 1438 2408 1506 ἐφ’
2437 1439 2590 1508 ἡμῖν,
2637 1439 2762 1492 οὒτε
2812 1440 2974 1508 λόγον
3028 1441 3132 1510 τῆς
3196 1441 3462 1509 ἀγνοίας
3496 1440 3787 1509 ὀφείλομεν-

2183 1530 2281 1580 ὅσα
2310 1529 2355 1582 δ’
2389 1530 2493 1582 ὑπὸ
2527 1529 2637 1582 τῶν
2667 1532 2966 1597 ἀγνοεῖται,
2999 1533 3097 1584 καὶ
3125 1531 3252 1584 ὑπὸ
3286 1531 3412 1584 τῶν
3450 1531 3786 1599 γινώσκεται,

2183 1618 2343 1688 δῆλον
2378 1619 2452 1681 ὡς
2478 1620 2594 1672 ἔστι
2635 1621 2746 1674 τῶν
2796 1620 2884 1688 ω’
2923 1623 3079 1691 ἡμῖν.
3139 1621 3248 1685 Εἰς
3285 1621 3327 1676 ἃ
3365 1621 3437 1692 δὴ
3475 1623 3655 1676 πάντα
3700 1622 3784 1692 τὴν

2186 1709 2375 1781 κοινὴν
2409 1710 2596 1780 φύσιν,
2647 1713 2744 1766 καὶ
2784 1711 3008 1780 γνῶσιν,
3043 1714 3143 1768 καὶ
3182 1714 3567 1784 ἐπιστήμην,
3603 1715 3694 1768 καὶ
3715 1714 3786 1767 δι’

2190 1800 2433 1872 ξιότητα,
2469 1802 2582 1855 οὐδ’
2638 1805 2946 1858 ὁπωστιοῦν
3000 1822 3091 1873 μοι
3137 1805 3346 1859 ὼκῶο
3399 1807 3510 1876 τὴν
3549 1805 3606 1859 δὲ
3644 1805 3780 1859 τινῶν

2189 1893 2552 1947 ἀπαιδευσίαν
2588 1895 2682 1947 καὶ
2737 1896 3155 1965 καταφρόνησιν
3213 1897 3372 1966 πρὸς
3428 1898 3496 1950 τὸ
3537 1897 3697 1950 καλόν
3732 1913 3777 1948 τε

2191 1986 2284 2038 καὶ
2315 1987 2518 2055 ἀγαθὸν
2569 1987 2844 2042 αἰτιατέον
2877 1989 3009 2059 ἡμῖν
3047 1991 3196 2044 ἐστι.
3235 1992 3320 2044 Τὸ
3355 1991 3478 2060 γὰρ
3522 1991 3663 2058 μήτε
3701 2006 3773 2041 πε-

2190 2077 2553 2145 παιδευμένον
2581 2071 2747 2142 εἶναι,
2784 2079 2926 2148 μήτε
2966 2078 3302 2145 σπουδαῖον,
3339 2079 3470 2132 ἀλλ’
3497 2079 3707 2146 ἀγνοεῖν
3723 2077 3770 2127 τὰ

2191 2169 2530 2233 συνοίσοντα,
2585 2169 2730 2236 λέγω
2763 2170 2828 2240 δὴ
2873 2169 2944 2224 τὰ
2991 2172 3106 2234 τοῖς
3151 2173 3393 2240 ὁμοίοις
3429 2171 3538 2224 οὐκ
3573 2167 3769 2236 ἀγνοού-

2191 2279 2351 2332 μενα,
2387 2263 2449 2314 ἐκ
2471 2259 2567 2314 τοῦ
2590 2260 2875 2332 ὀλιγώρως
2904 2260 3052 2330 ἔχειν
3102 2261 3253 2333 πρὸς
3309 2262 3391 2316 τὰ
3445 2261 3770 2332 χρηστότερα

2187 2353 2298 2406 τῶν
2329 2351 2499 2423 ἠθῶν,
2533 2352 2629 2405 καὶ⁵
2653 2353 2722 2404 τὰ
2751 2353 2854 2422 τῆς
2880 2352 3135 2422 γνώσεως
3173 2354 3370 2418 αῖτια,
3397 2352 3479 2416 ὡς
3506 2349 3770 2405 ὲπιτοπολὺ

2190 2443 2435 2511 γίνεται·
2485 2442 2684 2513 βουλήν
2717 2460 2778 2496 τε
2827 2442 2993 2512 λέγω,
3045 2443 3142 2495 καὶ
3180 2442 3469 2512 μάθησιν,
3513 2439 3770 2508 ὠφελῆσαι

2189 2533 2500 2604 δυναμένην
2553 2533 2680 2596 τοὺς
2712 2534 3112 2604 κεκτημένους,
3161 2533 3268 2587 καὶ
3301 2533 3373 2603 δὴ
3411 2533 3511 2586 καὶ
3541 2525 3771 2599 τηλικαὺ-

2191 2644 2289 2694 την
2319 2624 2586 2693 σπουδὴν,
2621 2625 2796 2694 ὁπόση
2829 2624 2928 2695 τὴν
2958 2625 3137 2693 ψυχὴν
3171 2626 3320 2696 ἡμῖν
3348 2624 3572 2693 πέφυκε
3604 2620 3768 2692 βελτίω

2194 2719 2391 2780 ποιεῖν,
2429 2715 2798 2785 συλλέγουσαν
2845 2716 2915 2769 τὰ
2959 2715 3224 2786 βέλτιστα
3274 2715 3659 2785 πανταχόθενο
3690 2709 3766 2762 καὶ

2191 2811 2238 2863 εἰ
2275 2813 2337 2863 ἐκ
2370 2809 2466 2862 τοῦ
2504 2811 2580 2878 μὴ
2628 2809 2931 2878 μανθάνειν
2971 2826 3030 2863 τε
3082 2811 3180 2862 καὶ
3229 2809 3534 2876 συλλέγειν
3560 2807 3624 2858 τὰ
3651 2819 3766 2874 γρη-

2194 2902 2424 2972 στότερα
2475 2902 2537 2954 τὸ
2587 2902 2804 2968 ἀγνοεῖν
2855 2901 2923 2954 τὰ
2975 2900 3241 2969 βέλτιστα
3303 2904 3583 2968 γίγνεταιο
3614 2895 3686 2965 τῷ
3716 2893 3763 2946 δὲ

2191 2995 2366 3046 ταῦτα
2412 2994 2628 3061 ἀγνοεῖν
2678 2991 2740 3044 τὸ
2772 2992 2956 3062 χεῖρον
2995 2991 3221 3046 ἑλέσθαι
3283 2990 3623 3060 συμϐαίνει·
3659 2983 3762 3055 ἡδὶ

521 3096 577 3141 et
623 3084 897 3147 doctrina,
969 3099 1092 3153 ηοω
1141 3083 1402 3153 prodesse
1459 3099 1518 3140 sc
1575 3084 1817 3154 praeditis
1875 3095 2082 3154 potest;

2195 3084 2372 3155 κρίσις
2413 3081 2815 3154 προαιρέσεως·
2861 3083 2920 3135 τὸ
2955 3084 3013 3137 δὲ
3043 3083 3461 3154 προαιρεῖσθαι
3493 3079 3602 3163 ,τοῦ
3628 3079 3763 3130 exau-

523 3175 763 3243 itemque
805 3175 870 3228 de
901 3173 996 3228 tali
1055 3175 1262 3237 studio,
1320 3177 1481 3245 quale
1514 3185 1601 3230 sat
1646 3176 1898 3231 idoneum
1935 3177 2090 3230 sitad

523 3263 870 3320 efficiendum
893 3264 1172 3320 meliorem
1197 3267 1440 3320 animum
1470 3277 1743 3331 nostrum,
1774 3268 1898 3322 dum
1934 3269 2094 3324 rebus

527 3374 590 3414 ex
645 3357 900 3411 omnibus
932 3357 1136 3426 optima
1192 3357 1418 3425 colligit,
1473 3357 1594 3413 Jam
1635 3360 1680 3413 si
1709 3359 1775 3413 de
1823 3361 2094 3432 imperitia

530 3447 884 3519 neglectuque
931 3449 1271 3530 collectiqnis
1298 3465 1488 3504 eorum
1518 3466 1636 3520 ηοω
1679 3451 1889 3520 potiora
1940 3437 2090 3516 sunt,

525 3540 858 3610 optimorum
883 3539 1152 3610 ignoratio
1178 3541 1456 3611 provenit:
1493 3557 1560 3597 ex
1592 3542 1695 3597 hac
1721 3551 1902 3598 autem
1939 3543 2094 3612 igno-

528 3629 738 3682 ratione
790 3628 1080 3685 deterioris
1124 3627 1359 3688 electio:
1403 3633 1584 3702 ipsum
1635 3647 1762 3686 vero
1796 3633 2092 3701 judicium,

527 3719 571 3772 si
597 3718 764 3772 animi
791 3719 1078 3774 electionis
1105 3727 1188 3777 est
1215 3738 1230 3774 :
1259 3721 1303 3776 si
1346 3721 1669 3778 electionem
1708 3723 1945 3794 denique
1975 3739 2099 3793 pro-

527 3811 712 3865 batum
746 3821 849 3876 est,
901 3822 1112 3882 partem
1162 3829 1284 3870 esse
1339 3815 1634 3870 voluntarii
1674 3836 1688 3870 :
1743 3818 1998 3886 sequitur
2043 3817 2097 3873 id

527 3904 670 3971 quod
705 3904 905 3956 malum
929 3913 1013 3959 est
1033 3904 1163 3960 oriri
1191 3921 1255 3960 ex
1288 3905 1654 3975 ignoratione,
1681 3909 1816 3964 oriri
1847 3925 1909 3962 ex
1935 3909 2098 3964 insci-

528 3993 605 4048 tia
669 3995 1148 4066 uegligenliaque,
1194 3997 1326 4052 oriri
1377 4013 1441 4052 ex
1492 3998 1811 4074 inconsulta,
1859 4002 2096 4070 quadam

529 4085 762 4140 amentia
785 4095 837 4140 et
868 4086 1122 4140 instituto
1151 4089 1342 4154 animi,
1367 4099 1530 4158 atque
1559 4105 1680 4144 esse
1707 4092 2098 4146 voluntarium.

530 4176 745 4245 Quippe
775 4176 1012 4231 siexorsi
1043 4178 1110 4231 ab
1133 4179 1491 4246 ignoratione,
1524 4195 1645 4249 ηοω
1669 4181 1891 4236 verticis
1926 4181 2101 4236 instar

531 4277 633 4328 est,
664 4267 730 4320 ad
790 4267 1176 4321 resolutionem
1235 4270 1579 4333 accedamus,
1635 4285 1730 4340 per
1779 4271 2100 4326 intermedia

531 4355 690 4427 quasi
723 4357 1138 4426 progrediendo,
1174 4357 1240 4410 ad
1265 4359 1431 4411 animi
1467 4359 1634 4413 dubio
1657 4359 1847 4428 procul
1873 4359 2097 4415 electio-

535 4463 659 4502 uem
716 4455 880 4516 atque
923 4447 1294 4502 voluntarium
1349 4451 1758 4518 perveniemus,
1790 4465 1912 4520 ηοω
1972 4466 2097 4508 vere

536 4548 665 4593 sunt
714 4539 866 4592 radix
897 4539 1190 4595 malorum.
1247 4539 1356 4596 Nos
1393 4552 1572 4596 autem
1601 4543 1671 4597 ab
1723 4543 1880 4597 initio
1907 4558 2012 4598 non
2035 4545 2103 4600 de

537 4628 853 4696 hominibus
884 4640 1068 4685 mente
1094 4631 1346 4688 alienatis
1379 4634 1725 4690 instituimus
1753 4635 1961 4698 dicere.
1995 4637 2095 4691 sed

533 4721 602 4775 de
629 4721 698 4776 iis
733 4722 1003 4777 duntaxat
1037 4723 1241 4792 quibus
1288 4725 1459 4779 animi
1503 4727 1654 4781 salva
1683 4737 1771 4782 est
1805 4728 2017 4794 electio,
2047 4739 2103 4782 et

537 4816 854 4884 incorrupta
882 4815 1186 4884 prudentiae
1223 4816 1304 4872 vis
1337 4826 1526 4873 restat.
1555 4816 1742 4889 Neque
1765 4834 1896 4873 vero
1929 4819 2104 4888 culpae

536 4923 602 4959 ac
633 4906 1050 4976 reprehensioni
1086 4907 1369 4976 subjectus
1391 4909 1515 4971 crit,
1547 4909 1637 4977 qui
1661 4924 1768 4964 non
1795 4909 1976 4964 omnia
2005 4925 2104 4964 no-

537 4998 651 5060 vit,
704 4997 919 5052 tametsi
953 4999 1133 5066 sapit;
1162 5015 1262 5053 nec
1295 5014 1453 5068 paena
1486 4999 1666 5069 dignis
1702 5000 2026 5064 ascribetur,
2058 4999 2101 5053 si

538 5099 647 5138 non
682 5086 802 5140 aliis
831 5086 1055 5140 omnino
1091 5088 1293 5141 viribus
1323 5103 1420 5156 par
1442 5089 1512 5143 sit
1537 5106 1550 5142 :
1587 5088 1665 5141 uti
1693 5103 1792 5143 nec
1817 5089 1860 5142 is
1884 5089 1973 5155 qui
2007 5103 2104 5155 pa-

540 5191 654 5230 rem
685 5192 808 5230 cum
834 5178 902 5232 iis
937 5180 1312 5247 cognitionem
1347 5196 1452 5234 non
1489 5181 1672 5245 habet,
1702 5181 1794 5251 qui
1830 5180 2101 5250 cognitio-

543 5271 631 5324 nis
666 5285 828 5345 causa
858 5280 990 5326 sunt
1029 5274 1404 5328 admirationi.
1438 5271 1572 5328 Nam
1598 5275 1691 5344 qui
1727 5274 1975 5340 peritiam
2011 5287 2106 5327 nec

541 5360 664 5431 quit
695 5368 996 5416 extremam
1025 5365 1264 5432 assequi,
1295 5380 1415 5434 ηοω
1439 5365 1574 5419 viris
1604 5364 1821 5418 eximiis
1845 5365 2107 5417 duntaxat

541 5449 821 5519 obtigerit,
864 5461 1136 5519 quotquot
1190 5454 1455 5509 bonorum
1520 5454 1586 5508 ad
1615 5455 1876 5509 verticem
1928 5454 2107 5508 modis

543 5543 800 5599 omnibus
834 5544 936 5600 soli
972 5547 1368 5610 conscendunt,
1400 5548 1602 5602 nullius
1633 5547 1838 5602 idcirco
1861 5545 2106 5600 criminis

543 5638 670 5691 erit.
717 5635 925 5705 Quippe
955 5637 1170 5690 crimini
1209 5638 1370 5692 nobis
1399 5639 1580 5702 datur,
1613 5654 1720 5692 non
1769 5639 1915 5706 quod
1952 5648 2108 5692 uatu-

543 5747 659 5784 ram
687 5739 927 5785 nostram
968 5732 1202 5798 excedit,
1233 5747 1330 5788 nec
1363 5746 1704 5803 quacunque
1732 5747 1826 5800 per
1854 5732 1979 5787 vita:
2008 5747 2106 5785 uu~

2195 3176 2312 3230 σίου
2342 3175 2612 3228 δέδεικται
2651 3174 2839 3244 μέρος·
2866 3175 2928 3227 τὸ
2951 3174 3120 3228 κακὸν
3145 3175 3274 3254 έστι
3311 3175 3414 3245 μὲν
3439 3172 3508 3226 δι’
3540 3173 3756 3235 ἄγνοιαν.

2194 3269 2306 3321 ἔστι
2336 3267 2394 3320 δὲ
2419 3267 2488 3320 δι’
2517 3265 2880 3321 ἀπαιδευσίαν
2934 3283 2996 3320 τε
3053 3266 3152 3320 καὶ
3195 3265 3535 3336 ὀλιγωρίαν,
3585 3256 3760 3313 ἔστιδὲ

2191 3360 2260 3412 δι’
2293 3359 2553 3414 ἀϐουλίαν
2586 3375 2645 3412 τε
2697 3360 2794 3412 καὶ
2835 3361 3182 3428 προαίρεσιν,
3233 3358 3362 3411 ἐστι
3413 3355 3470 3410 δὲ
3510 3349 3754 3405 ἑκούσιον.

2195 3452 2258 3504 Εἰ
2291 3451 2401 3521 γὰρ
2437 3452 2527 3503 ἐπὶ
2577 3451 2638 3503 τὺ
2690 3450 2948 3502 ἀναλύειν
2983 3449 3263 3517 ἔλθοιμεν,
3315 3450 3385 3501 ὲκ
3426 3445 3529 3524 τῆς
3560 3439 3758 3508 ἀγνοίας

2195 3542 2517 3613 ἀρξάμενοι,
2553 3543 2690 3612 ἐἰπερ
2721 3543 2755 3611 ὴ
2786 3541 3024 3610 κορυφὴ,
3061 3540 3152 3594 διὰ
3183 3540 3302 3593 τῶν
3347 3539 3536 3608 μέσων
3571 3531 3756 3586 ὁδεύον-

2195 3649 2304 3697 τες,
2327 3635 2407 3694 εἰς
2432 3633 2531 3696 τὴν
2564 3630 2886 3700 προαίρεσιν
2917 3631 3102 3700 σαφῶς
3131 3632 3230 3684 καὶ
3269 3631 3335 3685 τὸ
3361 3627 3608 3684 ἑκούσιον
3637 3635 3756 3703 κατε

2195 3721 2540 3791 αντήσομενο
2569 3717 2606 3774 ἀ
2651 3719 2716 3790 δὴ
2758 3721 2886 3791 ῥίζα
2926 3721 3032 3774 τῶν
3073 3722 3269 3776 κακῶν
3306 3723 3463 3775 ἐστιν
3509 3711 3748 3782 ἀτεχνῶςσ

2207 3813 2266 3866 ’0
2294 3811 2446 3879 λόγος
2473 3811 2530 3866 δὲ
2556 3812 2687 3881 ἡμῖν
2716 3813 2951 3883 ἰξαρχῆς
2981 3813 3042 3866 οὐ
3087 3816 3220 3882 περὶ
3261 3804 3744 3882 παραφρονούντων
3793 3825 3796 3827 λ

2196 3903 2524 3972 ἀνθρώπων,
2560 3903 2697 3957 ἀλλά
2730 3903 2859 3970 περὶ
2889 3903 3056 3956 τῶνδε
3084 3903 3272 3973 μόνον,
3306 3897 3394 3966 οἷς
3430 3903 3492 3953 τὸ
3521 3903 3749 3966 προαιρε·

2197 3997 2347 4049 τικὸν
2386 3996 2444 4047 έν
2474 3988 2653 4066 ὖγείᾳ,
2687 3994 2970 4063 ἀλωὸήτου
2999 3993 3096 4048 τοῦ
3129 3997 3360 4065 φρονεῖν
3395 3991 3662 4062 μένοντοςο
3687 3977 3750 4030 οὗ

2203 4086 2309 4156 μὴν
2334 4085 2392 4148 ὃς
2414 4085 2480 4138 ἂν
2503 4085 2578 4154 μὴ
2603 4083 2780 4138 πάντα
2809 4085 2942 4154 γνῷ,
2962 4086 3011 4138 εί
3035 4085 3130 4138 καὶ
3158 4085 3456 4156 σωφρονεῖ,
3476 4078 3576 4132 ὑπὸ
3594 4068 3750 4126 αἰτίαν

2201 4176 2298 4230 καὶ
2324 4174 2538 4245 μέμψιν
2569 4174 2744 4239 ἔσται,
2778 4175 2872 4228 καὶ
2899 4177 3014 4236 τοῖς
3042 4191 3106 4242 γε
3137 4174 3301 4244 δίκην
3327 4173 3584 4242 δςρλουσιν
3611 4165 3748 4226 £716-

2204 4268 2497 4338 γράψεται,
2523 4265 2591 4337 ἢν
2627 4267 2700 4335 μὴ
2734 4265 2894 4320 πάντ’
2917 4264 3144 4328 ἐκείνοις
3237 4265 3338 4336 τὴν
3367 4259 3520 4330 ἰσχὺν
3547 4245 3747 4322 ἐφάμιλ-

2201 4358 2313 4422 λος.
2347 4357 2558 4412 οῦκουν
2589 4357 2697 4410 οὐδ’
2734 4359 2765 4408 ὁ
2809 4356 2886 4425 μὴ
2928 4355 3215 4423 γινώσκων
3262 4359 3324 4409 ὲν
3367 4355 3466 4418 ἴσῳ
3497 4348 3602 4406 τοῖς
3639 4341 3747 4391 om”

2205 4449 2532 4521 μαζομένοις
2581 4451 2639 4502 έν
2680 4447 2902 4516 γνώσει.
2940 4448 3001 4501 '0
3048 4449 3156 4516 γὰρ
3195 4448 3274 4518 μὴ
3309 4444 3607 4509 δυνάμενος
3645 4433 3746 4493 ἐφ’
3821 4491 3829 4500 .

2203 4540 2400 4594 κέσθαι
2454 4541 2591 4610 πρὸς
2630 4539 2926 4610 ἐμπειρίας
2956 4540 3258 4610 ἀκρότητα,
3300 4538 3424 4608 ἥτις
3461 4533 3526 4584 ἂν
3573 4523 3744 4610 έξἨρῪ

2207 4635 2390 4703 μένοις
2416 4607 2644 4704 ἀνδράσι
2667 4607 2910 4702 γένοιτο,
2968 4607 3160 4702 μόνοις⁷
3181 4607 3522 4699 ἀνηγμένοις
3555 4617 3628 4712 sic
3659 4607 3742 4712 τῂν

2204 4725 2311 4778 τῶν
2342 4724 2525 4778 καλῶν
2582 4724 2830 4793 κορυφὴν
2863 4724 2997 4776 πᾶσι
3033 4723 3279 4793 τρόποις,
3317 4720 3420 4773 οὐκ
3459 4715 3534 4769 είς
3577 4708 3741 4768 ὲνοχην

2205 4818 2624 4887 καταστήσεται.
2662 4816 2958 4884 Ἐγκλημα
2997 4815 3106 4884 γὰρ
3142 4814 3278 4883 ἡμῖν
3303 4812 3403 4878 οὐχ
3441 4808 3572 4868 ὅπερ

2207 4909 2384 4962 ϐαίνει
2409 4880 2470 4960 τὸ
2502 4880 2830 4976 πεφυκδςντὸ
2856 4880 3026 4975 ηήμέτε
3041 4880 3314 4975 pot/{065'
3347 4901 3447 4954 ὅσα
3482 4909 3544 4961 γε
3574 4885 3640 4956 μὴ
3663 4880 3734 4976 δέ’

2210 4999 2378 5050 δωκεν
2407 4999 2537 5067 ἡμῖν
2631 4966 2744 5066 βίος
2777 4966 2990 5065 μαθεῖν,
3037 4966 3146 5047 οὐδέ
3187 4993 3330 5062 ἆπερ
3369 4989 3467 5040 οὐκ
3499 4966 3731 5072 ὲᾼπξτρξψξ

2211 5066 2488 5155 καιρὸςέῆ
2526 5084 2844 5154 σύμπτωμά
2875 5103 2927 5136 τι
2969 5086 3065 5137 καί⁵
3103 5081 3262 5152 τύχη’
3291 5076 3426 5147 ἀλλά
3467 5067 3532 5124 δι’
3575 5066 3730 5116 ἐκεῖνα

2211 5178 2368 5245 μόνον
2395 5176 2749 5245 ἀποδώσομεν
2795 5175 3029 5237 εὐθύνας
3080 5174 3209 5242 ἑξῆς
3256 5173 3512 5226 ἅπαντες,
3554 5156 3734 5252 ὅσατξξρ

2207 5239 2328 5336 ὲξδν
2356 5269 2486 5338 ἡμῖν
2525 5239 2726 5323 ειδέναι
2757 5270 2789 5339 ἢ
2847 5269 3059 5339 μαθεῖν,
3099 5239 3255 5338 τῇντε
3287 5260 3492 5320 οίκοθεν
3531 5239 3726 5341 σπουδῆν

2208 5361 2304 5414 καὶ
2327 5362 2394 5429 τῇ
2435 5359 2568 5429 παρ’
2597 5360 2802 5429 ἑτέρων
2841 5359 3185 5430 διδασκαλίᾳ,
3241 5356 3400 5428 ἡμεῖς
3431 5348 3486 5402 δδ
3517 5341 3727 5432 μήτεΔ

2208 5423 2760 5520 δέναινσπουδάσομεν
2790 5453 2977 5512 πόνοις
3020 5423 3336 5532 ἡμετέροις,
3381 5441 3512 5510 μήτε

2211 5544 2547 5613 ἐθελήσομεν
2575 5543 2729 5613 παρά
2755 5543 2863 5595 τῶν
2895 5541 3133 5595 εἰδότων.
3169 5527 3307 5602 Τους
3345 5533 3451 5605 γὰρ
3489 5521 3727 5613 τοιοιξξους

2211 5635 2274 5688 οὑ
2309 5635 2712 5704 παραιτήσεται
2759 5635 2822 5686 τδ
2865 5634 3136 5704 ἁμαρτεῖν
3173 5629 3294 5684 κατ’
3329 5627 3556 5694 ἄγνοιαν.
3594 5606 3722 5702 '35.“

2211 5727 2319 5800 γὰρ
2349 5726 2410 5778 οὐ
2443 5725 2677 5797 φύσεως,
2711 5725 2830 5779 οὐδέ
2858 5742 3004 5788 τινος
3028 5720 3396 5795 τῶνθὺραθεν
3417 5704 3722 5779 cup-mw?”
