3978 6602
77 385 158 447 ιιι
213 383 286 442 1
1192 425 1198 430 .
1621 383 1648 443 ί

1885 386 1906 442 )
1948 384 2036 444 IV.
2283 393 2286 396 ’
3354 377 3456 440 442

92 510 323 552 egw,
359 489 502 543 ἀλλὰ
536 491 910 560 προαιρέσεως
941 492 1212 563 ἔγκλημα.
1256 493 1320 548 'll
1355 496 1455 563 μὲν
1479 497 1588 565 γὰρ
1614 515 1663 565 φι

1886 509 2008 549 stne
2066 494 2329 548 rationem
2359 491 2573 546 discere
2605 488 2765 544 nobis
2794 489 2940 543 haud
2979 488 3174 552 licuit,
3215 499 3306 561 aut
3337 505 3457 557 quae

105 591 184 639 ὲν
273 583 445 652 ὅροις
498 584 674 649 μένει,
731 587 824 638 καὶ
861 586 1264 654 παραιτήσεται
1323 588 1459 658 πρὸς
1501 587 1636 641 Θεὸν

1888 584 2144 653 temporis
2169 581 2551 649 opportunitas
2583 578 2729 633 haud
2759 578 3053 641 concessit,
3093 579 3177 633 vel
3204 594 3366 635 casus
3400 588 3459 633 et

122 677 323 738 τοὺς
356 674 708 743 ἀνθρώπους,
743 677 837 728 καὶ
886 679 986 742 τὴν
1035 679 1266 731 ἑκάστου
1321 681 1651 746 συνείδησιν,
1685 684 1693 732 l

1891 689 2005 728 sors
2031 673 2216 741 aliqua
2243 688 2256 724 :
2291 670 2382 724 sed
2425 684 2618 724 omnes
2642 685 2870 739 prorsus
2901 669 2968 725 de
2991 669 3057 723 iis
3080 671 3462 723 tantummodo

142 769 270 837 μὴ
301 767 414 834 ἐνῇ
434 767 615 817 ποιεῖν
645 766 711 819 τὰ
737 767 832 820 καὶ
862 767 950 820 τάο
980 769 1016 837 ἡ
1047 767 1105 821 δὲ
1137 771 1457 840 προαίρεσις
1482 770 1686 825 δύναιτ’

1887 765 2153 820 rationem
2222 761 2490 817 reddituri
2527 776 2745 824 sumus,
2775 777 2897 830 qua:
2932 776 3056 816 cum
3087 762 3230 814 seire
3252 761 3335 813 vel
3371 760 3458 814 di-

159 857 664 927 μετασεδλῆσθαι
713 860 806 911 καὶ
852 860 1224 914 πεποικίλθαι.
1261 862 1352 914 Διὸ
1382 863 1508 924 τοὺς
1553 863 1654 929 μὲν
1687 863 1730 914 ἁ·

1891 873 2042 912 scere
2076 857 2258 920 liceat,
2293 866 2404 910 tam
2437 855 2621 909 studio
2657 856 2879 924 proprio
2923 870 3087 922 quam
3118 854 3352 907 aliorum
3382 854 3462 906 in-

166 947 418 1015 γὲλοις,
450 947 578 1010 τοὺς
604 948 658 1000 δὲ
685 948 936 1018 δαίμοσιν
973 950 1157 1014 αὐτοῖς
1191 953 1574 1023 ἐγγεγράφθαι
1616 971 1737 1007 ποιε

1898 950 2214 1013 structione,
2246 962 2346 1001 nos
2379 962 2554 1015 neque
2589 947 2868 1000 laboribus
2903 946 3106 1000 nostris
3131 959 3469 1015 cognoscere

182 1041 298 1094 καὶ
353 1041 449 1093 διὰ
481 1040 644 1094 τοῦτο
677 1041 744 1094 τὰ
779 1043 916 1095 αὐτὰ
959 1041 1110 1113 παρὰ
1156 1045 1257 1113 μὲν
1303 1045 1412 1100 τῶν
1460 1047 1753 1116 ἐνεργεῖται

1895 1040 2287 1102 studuerimus,
2345 1054 2521 1107 neque
2554 1038 2765 1094 discere
2799 1039 3139 1093 voluerimus
3175 1040 3249 1092 ab
3287 1039 3352 1092 iis
3374 1039 3466 1107 qui

196 1131 372 1200 παρὰ
401 1132 458 1184 δὲ
485 1133 594 1184 τῶν
632 1133 909 1202 οὐδαμῶς.
940 1135 1052 1188 Καὶ
1081 1137 1144 1205 δὴ
1179 1139 1272 1190 καὶ
1302 1137 1453 1206 παρὰ
1478 1138 1585 1191 τῶν
1609 1137 1767 1190 me

1898 1146 1954 1187 ea
1986 1139 2210 1186 norunt.
2241 1129 2400 1185 Tales
2421 1146 2653 1198 namque
2680 1131 2882 1184 nullam
2911 1146 3055 1184 exeo
3081 1141 3206 1185 sunt
3235 1129 3469 1184 habituri

202 1222 332 1274 τοτὲ
377 1221 478 1290 μὲν
512 1223 656 1289 ἄγαν
686 1223 1056 1292 θαυμάζεται,
1087 1227 1208 1279 τοτὲ
1233 1225 1291 1279 δι
1314 1228 1648 1281 τούναντίον.
1681 1228 1773 1280 Κα¹

1901 1222 2332 1285 excusationem,
2361 1221 2507 1290 quod
2559 1237 2654 1288 per
2705 1221 3069 1291 ignorantiam
3120 1221 3472 1290 deliquerint.

202 1313 375 1366 ταῦτ’
417 1313 672 1382 ἀνδρείας
718 1310 1122 1387 οἶμαιψυχῆς,
1179 1317 1212 1387 ἢ
1270 1318 1648 1386 γυναικὼδους
1700 1321 1773 1371 κα

1903 1316 1993 1370 Est
2011 1313 2156 1368 enim
2200 1315 2307 1369 hoc
2337 1329 2446 1368 non
2476 1323 2706 1378 naturae,
2737 1328 2836 1366 nec
2869 1312 3105 1380 alicujus
3127 1314 3474 1366 extrinsecus

207 1403 503 1474 μαλακῆς,
545 1403 624 1474 μὴ
658 1409 844 1459 πονεῖν
870 1409 1334 1479 προαιρουμένης,
1364 1409 1450 1477 ἐφ’
1477 1405 1560 1472 οἷς
1589 1411 1778 1480 προσῆ·

1906 1406 2208 1462 accidentis
2235 1406 2336 1469 rei,
2370 1405 2464 1460 sed
2500 1406 2785 1476 electionis
2815 1405 2981 1459 animi
3010 1405 3242 1459 crimen.
3262 1403 3477 1471 Quippe

205 1511 334 1548 κεν.
392 1495 454 1548 ’Β
495 1493 736 1562 φύσιςδὲ
772 1497 902 1548 πᾶσι
949 1497 1126 1566 κοινὴ,
1159 1500 1254 1552 καὶ
1289 1498 1357 1551 τὰ
1410 1497 1618 1567 ταύτης
1665 1501 1776 1568 ἡμϊε

1904 1507 2096 1554 natura
2119 1496 2336 1567 quidem
2364 1511 2493 1553 suos
2516 1497 2659 1552 intra
2685 1497 2886 1552 limites
2907 1505 3110 1561 manet,
3139 1510 3202 1550 ac
3225 1510 3325 1549 nos
3345 1509 3475 1563 erga

202 1585 406 1639 xowé’
437 1587 535 1640 xui.
567 1586 710 1655 ὑπὲρ
744 1589 914 1657 αὐτῆς
963 1588 1140 1650 οὐδεὶς
1174 1589 1297 1643 οὔτε
1355 1591 1760 1659 στεφανώσεται

1904 1591 2091 1654 Deum,
2117 1599 2171 1643 et
2206 1588 2478 1652 homines,
2509 1597 2563 1642 et
2595 1604 2748 1642 suam
2779 1589 3048 1659 cujusque
3078 1587 3475 1643 conscientiam

201 1678 342 1734 οὔτε
385 1679 645 1748 φεύξεταί
707 1697 834 1733 τινα
879 1681 1059 1751 δίκην.
1109 1683 1267 1748 Λέγω
1301 1683 1358 1735 δὲ
1389 1683 1552 1753 φύσιν
1580 1684 1674 1736 νῦν
1703 1682 1770 1750 τὴ

1905 1683 2177 1754 purgabit.
2223 1682 2266 1736 si
2317 1681 2455 1741 hzec,
2487 1681 2568 1733 vel
2609 1679 2720 1742 illa,
2768 1678 2944 1734 facere
2978 1693 3086 1732 non
3126 1678 3476 1748 poterimus:

200 1775 264 1824 ἐν
299 1770 392 1840 τῷ
422 1770 662 1824 καθόλου
688 1770 822 1824 εἴδει
855 1772 1265 1842 θεωρουμένην,
1313 1775 1405 1826 τὸν
1445 1774 1677 1828 καθόλου
1709 1773 1771 1827 ἄν

1908 1774 2074 1828 animi
2116 1786 2244 1826 vero
2290 1770 2490 1825 electio
2543 1769 2741 1823 mutari
2763 1769 3076 1838 variarique
3111 1776 3314 1837 posset.
3348 1767 3479 1820 Eam

201 1823 476 1931 θρωπον,
525 1861 624 1931 τὴν
659 1823 1297 1932 ἀνθρωπόττέτα

1913 1867 1976 1920 ob
1998 1880 2222 1920 causam
2257 1861 2386 1916 facit
2409 1870 2466 1915 nt
2495 1861 2588 1915 alii
2617 1861 2854 1916 coetibus
2877 1861 3221 1930 angelorum,
3248 1859 3339 1910 alii
3367 1872 3484 1909 ma-

201 1971 378 2017 στοις
409 1952 671 2024 διαφοραὶ
694 1953 756 2006 οὗ
783 1953 918 2020 πρὸς
947 1955 1046 2023 τὴν
1077 1954 1240 2021 φύσιν
1261 1955 1646 2026 ἀναφέρονται,
1670 1956 1772 2008 ἀλλ

1908 1959 1976 2014 lis
2003 1957 2176 2026 geniis
2209 1963 2590 2025 aggregentur.
2624 1953 2824 2008 Eadem
2863 1953 2930 2006 de
2964 1967 3131 2005 causa
3167 1965 3254 2004 res
3277 1949 3479 2003 eaedem

197 2048 421 2117 γνώμῃ
454 2048 702 2113 γίνονται
740 2046 958 2110 πάντως
993 2046 1220 2109 πολλαῖς
1251 2065 1312 2100 τε
1341 2049 1437 2100 καὶ
1468 2047 1768 2100 πολυειδέσι

1915 2049 2088 2104 abhis
2128 2047 2456 2110 elliciuntur,
2491 2045 2560 2097 ab
2611 2044 2716 2098 illis
2772 2058 2878 2096 non
2936 2043 3272 2098 efficiuntur.
3342 2041 3486 2106 Quin

197 2140 457 2199 αἰτίαις.
491 2139 658 2192 Ὥστε
695 2132 882 2208 ὦνπερ
909 2137 1101 2209 κύριος
1136 2139 1364 2204 ἕκαστος
1389 2139 1570 2202 καλῶς
1605 2156 1663 2192 τε
1711 2156 1768 2192 κα

1913 2143 2076 2198 etiam
2099 2141 2304 2196 eisdem
2353 2139 2517 2193 modo
2545 2147 2673 2193 sunt
2698 2137 3049 2191 admirationi
3074 2177 3088 2199 ,
3116 2135 3276 2189 modo
3299 2150 3484 2190 secus.

202 2230 296 2299 μὴ
357 2230 664 2292 διαθεῖναι,
706 2231 833 2298 περὶ
867 2229 1073 2283 τούτων
1107 2231 1170 2297 δὴ
1226 2230 1323 2282 καὶ
1377 2231 1539 2299 μόνον
1584 2231 1773 2300 ὀφλήσι

1921 2237 2088 2301 Atque
2134 2234 2246 2285 haec
2294 2231 2372 2283 vel
2413 2231 2482 2283 ah
2519 2230 2709 2284 animo
2760 2229 2908 2291 forti,
2952 2231 3033 2282 vel
3078 2243 3107 2281 a
3154 2227 3407 2281 muliebri
3438 2233 3492 2277 et

199 2321 380 2389 δίκην
424 2321 685 2384 δικαίως,
720 2315 901 2390 οἶμαι,
937 2320 1012 2392 μὴ
1057 2321 1329 2385 διατεθεὶς
1384 2323 1570 2392 τυχὸν,
1621 2321 1770 2376 ὥσπε

1922 2325 2059 2380 molli
2096 2323 2367 2393 proficisci
2400 2331 2554 2391 puto,
2593 2322 2683 2390 qui
2717 2322 2957 2374 laborem
3003 2322 3054 2374 in
3095 2319 3239 2374 iisin
3284 2319 3493 2388 quibus

203 2413 396 2482 ἐχρῆν
435 2429 499 2468 τε
531 2416 626 2466 καὶ⁸
649 2412 776 2466 ἔδει.
814 2410 961 2468 Εἶεν.
994 2415 1086 2466 Δεῖ
1129 2414 1206 2480 δὲ,
1241 2411 1422 2484 οἶμαι,
1465 2416 1529 2468 τὸ
1573 2418 1680 2468 πᾶν
1727 2417 1774 2468 εί

1926 2416 2165 2480 debebat,
2195 2415 2471 2482 suscipere
2513 2423 2750 2465 recusat.
2778 2409 2981 2463 Natura
3025 2425 3153 2465 vero
3185 2407 3497 2462 communis

205 2508 440 2569 πάντας
489 2505 939 2574 συντεταγμένως
981 2522 1040 2558 τε
1074 2509 1170 2559 καὶ
1224 2505 1530 2574 συντόμως,
1575 2507 1770 2560 ἐνταῦθ

1926 2517 2001 2563 est
2030 2503 2325 2567 universis,
2357 2515 2410 2558 et
2438 2517 2557 2572 quae
2582 2502 2726 2555 illius
2759 2510 2906 2564 sunt,
2937 2500 3122 2553 itidem
3159 2499 3317 2553 nobis
3346 2512 3497 2552 como

209 2599 442 2668 στῆσαι
491 2599 586 2651 τὸν
638 2598 831 2666 λόγον’
892 2599 990 2650 καὶ
1031 2598 1216 2668 φαμὲν
1263 2599 1330 2651 δι’
1371 2599 1595 2666 ἄγνοιαν
1627 2598 1728 2667 μὲν
1757 2617 1780 2652 1

1926 2599 2109 2654 Immia
2145 2616 2160 2652 :
2208 2611 2308 2652 nec
2353 2597 2468 2663 ejus
2513 2594 2733 2648 nomine
2775 2589 3067 2662 quisquam
3109 2591 3194 2644 vel
3234 2603 3496 2644 coronam

208 2690 408 2744 κακὸν
443 2689 717 2758 γίνεσθαι.
756 2689 1002 2743 ἑκούσιον
1027 2688 1073 2743 δ’
1106 2693 1258 2759 ὅμως
1291 2683 1460 2754 εἶναι,
1501 2693 1597 2744 καὶ
1632 2706 1774 2759 προα

1931 2691 2284 2758 adipiscetur,
2316 2687 2399 2742 vel
2447 2696 2703 2754 tanquam
2746 2699 2871 2738 reus
2899 2682 3276 2737 accusabitur.
3305 2681 3372 2734 Et
3409 2695 3502 2732 na.

215 2783 471 2852 μτικῆς
501 2797 647 2842 τινος
673 2779 901 2849 γνώμης
936 2781 1032 2832 καὶ
1075 2779 1282 2844 οἰκείας
1311 2780 1632 2844 διαθέσεως.
1655 2782 1786 2834 Ὠστ

1934 2791 2100 2836 turam
2133 2793 2276 2831 nunc
2304 2776 2540 2845 appello,
2576 2789 2698 2844 qua:
2741 2774 2795 2827 in
2827 2773 3084 2827 universa
3145 2770 3330 2840 specie
3379 2785 3505 2823 ουιι-

216 2876 293 2944 δὴ
332 2873 498 2940 κακῷ
527 2873 774 2939 γεγονότι
803 2870 997 2943 γνώμῃ
1034 2872 1097 2925 τὸ
1128 2871 1236 2924 τῶν
1267 2872 1620 2942 καλουμένων
1661 2890 1787 2943 περι

1929 2873 2226 2932 sideratur,
2259 2868 2534 2922 hominem
2571 2866 2958 2929 universalem,
2996 2873 3168 2919 totum
3204 2878 3374 2931 genus
3399 2863 3499 2916 hu—

224 2965 496 3018 στάσεων
527 2961 672 3014 ἅπαν
703 2960 1004 3030 ἄθροισμα,
1030 2961 1123 3012 καὶ
1149 2961 1305 3013 πᾶσα
1323 2959 1502 3028 τούτῳ
1525 2959 1795 3028 πρόφασις

1934 2976 2182 3026 manum;
2215 2975 2340 3014 nam
2391 2974 2512 3028 qua:
2552 2960 2870 3013 discrimina
2901 2967 3024 3012 sunt
3064 2958 3117 3010 in
3159 2954 3409 3023 singulis,
3443 2969 3505 3007 ea

226 3058 342 3114 καὶ
373 3056 729 3125 παραίτησις,
778 3054 876 3107 καὶ
919 3052 1102 3108 πάντα
1151 3053 1219 3106 τὰ.
1263 3051 1514 3112 τοιαῦτα.
1564 3052 1693 3121 ψιλή
1741 3067 1793 3104 τι

1937 3057 1997 3110 ad
2030 3063 2280 3108 naturam
2311 3051 2647 3118 referuntur,
2681 3051 2774 3106 sed
2804 3051 3029 3104 omnino
3075 3049 3141 3104 de
3174 3049 3339 3102 animi
3380 3063 3508 3100 seu-

233 3145 476 3216 σκῆψιςο
519 3143 613 3198 καὶ
658 3141 811 3195 οὐδὲν
849 3141 1016 3211 ἱερὸν,
1051 3140 1173 3192 οὐδὲ
1209 3139 1384 3207 ὑγιὲς,
1432 3137 1555 3192 οὐδὲ
1608 3136 1797 3191 πειθοῦ

1941 3144 2100 3197 lentia
2146 3140 2596 3213 proficiscuntur,
2628 3151 2683 3193 et
2732 3141 2921 3195 multis
2967 3155 3032 3192 ac
3078 3137 3512 3192 multiformibus

239 3241 426 3306 ἄξιον.
460 3238 634 3305 Μόγις
687 3236 798 3305 γὰρ
843 3234 922 3304 τῷ
971 3232 1287 3303 μαινομένῳ
1327 3233 1422 3284 καὶ
1464 3229 1810 3300 παραπαίοντ

1942 3232 2140 3287 causis.
2174 3233 2518 3301 Quapropter
2551 3231 2606 3283 in
2654 3229 2854 3300 quibus
2886 3230 3058 3283 libera
3111 3228 3310 3298 cuique
3342 3227 3513 3282 facul-

247 3327 668 3398 συγχωρητέον,
722 3323 803 3395 τῷ
834 3321 1098 3393 καθαρῶς
1131 3322 1391 3375 ἀκούσιον
1438 3320 1810 3389 ἁμαρτάνοντι

1943 3337 2024 3384 tas
2050 3337 2136 3383 est
2167 3337 2314 3382 recte
2342 3326 2426 3381 vel
2463 3341 2620 3382 secus
2653 3341 2773 3380 sese
2805 3327 3054 3395 gerendi,
3089 3341 3278 3380 eorum
3312 3324 3514 3379 dunta-

246 3422 370 3475 Καὶ
395 3421 444 3471 εί
471 3419 548 3490 μὴ
574 3421 696 3488 εἰκῇ
732 3416 888 3470 δοκοῦ
900 3432 998 3484 μεν
1031 3413 1346 3483 λογίζεσθαι
1373 3413 1467 3466 καὶ
1495 3413 1817 3464 κατασκευάς

1946 3430 2030 3474 και
2057 3419 2299 3483 nomine,
2325 3433 2441 3472 Inoa
2466 3419 2682 3486 quidem
2709 3418 2988 3484 opinione,
3015 3419 3211 3471 merito
3237 3417 3517 3470 damnabi-

255 3513 398 3578 ζειν,
429 3513 530 3580 τῆς
563 3510 822 3579 ἀληθείας
855 3511 882 3561 ό
913 3507 1068 3575 λόγος
1109 3506 1318 3577 ἔχεται,
1370 3506 1466 3557 καὶ
1498 3503 1613 3558 οὐδ’
1654 3503 1826 3571 ἑαυτῷ

1946 3515 2054 3572 tur,
2082 3506 2126 3559 si
2161 3506 2302 3560 forte
2339 3521 2446 3559 non
2474 3505 2702 3561 affectus
2732 3506 2804 3558 ita
2845 3507 3007 3560 fuerit
3035 3508 3112 3560 uti
3149 3522 3246 3575 par
3273 3515 3411 3559 erat.
3443 3508 3517 3558 Ac

254 3605 678 3675 περιπέπτωκε.
723 3599 910 3654 Ταῦτα
958 3600 1015 3652 δὲ
1059 3601 1192 3670 ἡμῖν
1243 3598 1352 3652 ἔδει
1405 3597 1708 3668 δειχθῆναι,
1739 3597 1825 3648 κα]

1948 3596 2010 3652 sit
2037 3596 2111 3650 ita
2142 3611 2289 3651 sane.
2330 3594 2604 3651 Caeterum
2651 3612 2775 3650 cum
2809 3612 2896 3651 res
2929 3607 3040 3651 tota
3077 3601 3376 3665 composite
3406 3595 3519 3646 viu-

260 3698 454 3765 γέγονε
487 3693 630 3747 κατὰ
659 3693 758 3760 τὴν
786 3691 1072 3760 ἡμετέραν
1095 3687 1275 3758 ίσχύν.
1359 3676 1362 3678 ⁷

1949 3701 2046 3754 que
2099 3687 2504 3755 compendiaria
2567 3687 2641 3741 sit
2695 3687 2966 3755 exposita,
3022 3688 3373 3740 inhibendum
3434 3687 3520 3738 hic

262 3804 482 3843 cursum
528 3785 796 3841 orationis
845 3783 1119 3850 arbitror;
1161 3781 1406 3850 adeoque
1434 3780 1685 3844 dicimus,
1728 3793 1826 3847 per
1861 3777 2231 3848 ignorantiam
2263 3779 2482 3846 quidem
2533 3779 2648 3832 fieri
2682 3778 2829 3846 quod
2859 3780 3063 3831 malum
3099 3787 3206 3841 est,
3273 3779 3368 3831 sed
3439 3777 3522 3828 ui-

266 3881 378 3935 hilo
407 3883 589 3934 minus
614 3892 738 3933 esse
763 3875 1148 3943 voluntarium,
1175 3884 1230 3930 et
1265 3875 1334 3928 ab
1374 3873 1696 3927 electionem
1729 3871 1963 3926 habente
2034 3869 2201 3924 animi
2250 3868 2524 3923 sententia
2594 3869 2925 3938 propriaque
2998 3867 3285 3922 an‘ectione
3350 3869 3489 3937 proli

269 3973 420 4031 cisci.
454 3970 574 4037 Quo
609 3972 668 4024 lit
695 3968 869 4038 utqui
904 3968 972 4022 de
1005 3965 1174 4020 animi
1215 3965 1299 4020 sui
1329 3963 1605 4018 sententia
1658 3962 1833 4015 malus
1871 3959 2049 4014 factus
2081 3968 2185 4022 est,
2253 3957 2302 4012 ei
2329 3957 2899 4022 circumstantiarum,
2965 3972 3105 4027 quas
3134 3969 3354 4022 vocant,
3389 3970 3524 4010 cou'

273 4069 444 4138 geries
482 4066 682 4130 omnis,
718 4063 902 4118 omnis
949 4072 1065 4117 tum
1115 4058 1355 4123 occasio,
1387 4067 1500 4110 tum
1530 4056 1831 4118 excusatio,
1875 4069 1996 4109 cum
2027 4051 2284 4107 omnibus
2314 4049 2436 4104 aliis
2475 4049 2696 4115 talibus,
2773 4051 2956 4105 nudus
2988 4052 3150 4106 modo
3224 4059 3527 4119 praui-xta;

279 4162 357 4224 ﬁt,
391 4173 488 4212 nec
518 4158 813 4228 quidquam
841 4155 1005 4216 sacri,
1037 4168 1138 4209 nec
1161 4153 1305 4216 sani,
1345 4163 1444 4204 nec
1469 4149 1557 4205 cui
1586 4148 1719 4202 lides
1751 4147 2024 4201 adhiberi.
2073 4145 2290 4199 debeat.
2345 4141 2441 4196 Vix
2490 4142 2637 4196 enim
2720 4144 2930 4198 furioso
3004 4157 3066 4198 ac
3115 4142 3370 4198 deliranti
3447 4151 3523 4194 est

279 4257 680 4330 ignoscendum,
729 4256 823 4325 qui
868 4269 1002 4324 pure
1051 4260 1248 4322 praeter
1283 4252 1452 4306 animi
1486 4251 1823 4304 voluntatem
1865 4245 2152 4315 delinquit.
2184 4247 2261 4299 Ac
2301 4245 2345 4298 si
2391 4244 2608 4314 quidem
2664 4259 2770 4298 non
2851 4243 3051 4298 frustra
3101 4240 3414 4298 ratiocinari
3476 4250 3530 4294 et

285 4356 646 4426 argumentari
677 4355 947 4418 videmur,
970 4352 1182 4407 veritati
1215 4361 1580 4405 consentanea
1611 4358 1692 4402 est
1719 4344 1917 4409 oratio,
1955 4359 2056 4398 nec
2081 4343 2200 4413 ipsa
2229 4351 2404 4398 semet
2434 4340 2654 4397 evertit.
2715 4339 2885 4395 Erant
2949 4351 3130 4397 autem
3203 4339 3320 4395 haec
3377 4335 3534 4392 nobis

293 4450 721 4516 demonstranda,
755 4462 947 4518 resque
983 4461 1080 4516 pro
1112 4446 1318 4500 viribus
1352 4460 1382 4500 a
1409 4443 1565 4498 nobis
1590 4451 1672 4498 est
1703 4441 1979 4496 confecta.

887 4563 1110 4616 ΛΟΓΟΣ
1160 4559 1234 4615 A'.
1887 4538 1936 4594 Β

1887 4538 1936 4594 Β
2561 4552 2819 4608 ORATIO
2855 4550 2941 4606 IV.

300 4662 429 4731 Περι
470 4658 700 4731 ἡδονῆς
726 4673 741 4687 ’
771 4657 860 4710 ὅτι
893 4654 1279 4731 κρεῖττονήἂζ
1295 4649 1382 4731 ’ἦν
1422 4652 1578 4731 μηδὲ
1613 4650 1726 4720 τὴν
1754 4652 1856 4719 dp-

1824 4674 1856 4696 .-
2106 4643 2182 4699 De
2216 4647 2527 4727 voluptate;
2567 4647 2704 4714 quod
2734 4660 2848 4698 eam
2881 4650 3165 4731 praestaret
3196 4641 3260 4694 ab
3296 4639 3395 4692 hac

483 4716 506 4807 γ’
533 4716 657 4798 χὴνῖ
679 4716 1084 4796 συμπαρεῖναι
1117 4724 1199 4789 τῷ
1232 4716 1352 4790 ,ϐίιρ
1393 4716 1601 4788 τούτῳ.
1671 4716 1682 4720 “
1790 4716 1803 4719 ⁷

1469 4716 1601 4788 ύτῳ.
1671 4716 1682 4720 “
1790 4716 1803 4719 ’
2462 4719 2810 4784 uitaprorsus
2842 4716 3040 4767 abesse.

372 4805 530 4878 Ἀλλὰ
560 4823 670 4891 γὰρ
703 4818 1029 4889 γιγνόμενόν
1067 4819 1182 4870 ἐστι
1217 4817 1312 4870 καὶ
1359 4817 1661 4886 προσῆκον,
1716 4815 1852 4886 μηδὲ

2035 4807 2290 4863 Sedenim
2343 4824 2556 4879 aequum
2591 4823 2652 4860 ac
2707 4805 2906 4859 rationi
2956 4812 3384 4858 consentaneum
3430 4808 3538 4862 est,

299 4917 388 4988 τὴν
415 4917 576 4968 ἐνίων
601 4889 733 4982 περὶ
762 4915 862 4981 τῆς
885 4911 1080 4980 ἡδονῆς
1115 4911 1276 4975 δόξαν
1317 4910 1518 4962 οὑτωσὶ
1564 4909 1853 4978 παραδρα-

1966 4914 2064 4954 nec
2104 4901 2418 4970 opinionem
2470 4900 2829 4968 quorumdam
2884 4898 2948 4948 de
2991 4895 3267 4962 voluptate
3317 4889 3537 4944 silentio

307 4986 412 5076 μεῖν
439 5004 714 5069 ἐθελῆσαι.
746 5001 970 5069 Νομίζω
993 5003 1101 5070 γὰρ
1131 5002 1356 5060 τούτους
1375 5017 1434 5052 τε
1459 4999 1862 5069 ἐξαμαρτάνειν

1965 4997 2257 5064 praeteriri.
2305 4997 2442 5049 Nam
2497 4995 2744 5063 equidem
2797 4989 3035 5043 arbitror
3070 4997 3123 5040 et
3168 4986 3264 5038 hos
3312 4998 3341 5034 a
3389 4993 3536 5035 recta

303 5075 384 5152 τοῦ
411 5114 468 5166 γε
501 5097 662 5166 ὀρθοῦ
688 5094 975 5164 λογισμοῦ,
1005 5097 1100 5147 καὶ
1133 5096 1264 5164 ἡμῖν
1288 5094 1537 5162 ἀνάγκην
1571 5091 1736 5158 εἶναι,
1792 5092 1862 5144 τά

1968 5090 2229 5142 sententia
2255 5088 2530 5150 aberrare,
2562 5097 2615 5139 et
2645 5099 2672 5137 a
2700 5083 2859 5137 nobis
2892 5077 3204 5133 necessario
3247 5075 3447 5144 requiri
3480 5083 3539 5127 ut

306 5209 362 5260 γε
381 5189 637 5243 δοκοῦντα
672 5188 804 5256 περὶ
835 5187 1068 5256 ταυτησὶ
1100 5184 1303 5252 λέγειν,
1341 5185 1444 5253 σήν
1466 5201 1525 5236 τε
1570 5185 1736 5253 χάριν
1764 5182 1861 5234 καὶ

1965 5181 2086 5248 quid
2136 5179 2294 5233 nobis
2347 5181 2411 5233 de
2445 5179 2549 5232 hac
2577 5176 2846 5234 videatur,
2884 5187 3007 5226 cum
3059 5181 3146 5224 tua
3188 5184 3376 5234 causa,
3423 5177 3536 5221 tum

308 5259 559 5352 ὠφελείας
594 5281 782 5333 ἕνεκεν
811 5277 920 5331 τῶν
959 5276 1363 5345 ἐντευξομένων
1415 5276 1549 5338 ἴσως
1579 5274 1656 5344 τῷ
1687 5274 1855 5341 λόγῳ.

1968 5271 2218 5327 utilitatis
2249 5284 2436 5324 eorum
2481 5267 2573 5336 qui
2613 5265 2861 5319 fortassis
2907 5263 3044 5316 hanc
3089 5260 3390 5314 orationem
3426 5259 3539 5326 pel-

310 5375 520 5437 Δοκοῦσι
539 5375 718 5427 τοίνυν
745 5373 874 5426 ἔνιοι
903 5370 1013 5423 τῶν
1042 5369 1370 5439 ἀνθρώπων,
1393 5364 1546 5436 οἶμαι
1575 5367 1618 5418 δ’
1647 5367 1728 5418 ὅτι
1764 5365 1859 5417 καὶ

1970 5362 2161 5417 lecturi
2205 5371 2356 5425 sunt,
2395 5373 2755 5428 exponamus.
2808 5356 3110 5423 Opiuantur
3158 5367 3288 5419 ergo
3317 5350 3539 5418 qui-lam

311 5465 396 5531 τῆς
425 5461 613 5530 μοίρας
641 5460 749 5514 τῶν
769 5459 1074 5512 δοκούντων
1103 5458 1162 5510 οὒ
1187 5457 1407 5526 φαύλων
1438 5450 1600 5518 εἶναι,
1631 5454 1774 5507 οὕτω
1797 5470 1861 5521 γε

1972 5453 2238 5517 homines,
2269 5461 2324 5506 et
2370 5465 2554 5504 eorum
2588 5449 2808 5518 quidem
2849 5463 2880 5502 e
2909 5461 3134 5500 numero
3171 5444 3261 5513 qui
3316 5443 3539 5494 minime

313 5553 629 5622 τυραννικὴν
660 5555 754 5605 καὶ
785 5550 1179 5622 βασιλεύουσαν
1213 5545 1357 5601 εἶναι
1387 5547 1507 5616 κτὴν
1539 5546 1751 5617 ἡδονὴν,
1785 5547 1861 5608 ὡς

1970 5544 2107 5599 viles
2139 5554 2193 5598 et
2224 5541 2610 5597 contemnendi
2660 5542 2938 5602 videntur,
2991 5552 3162 5604 usque
3191 5537 3325 5588 adeo
3355 5545 3541 5601 tyran-

316 5645 396 5697 ὑπ’
442 5643 657 5712 ἐκείνης
713 5641 958 5704 ἅπαντας
1009 5639 1242 5708 ἄγεσθαι
1301 5635 1670 5707 αίχμαλώτων
1715 5637 1868 5689 οὐδὲν

1971 5638 2146 5690 nicam
2176 5641 2230 5689 et
2261 5634 2611 5703 imperiosam
2642 5648 2759 5687 esse
2784 5634 3114 5698 voluptatem
3142 5638 3199 5679 ut
3232 5626 3299 5676 ah
3321 5638 3380 5676 ea
3411 5635 3542 5689 cap-

316 5735 542 5799 ἇμεινον.
578 5733 711 5787 Εἶτα
747 5730 1170 5802 διισχυρίζονται
1196 5732 1296 5783 οὐκ
1335 5728 1560 5798 ἀγαθὸν,
1585 5729 1692 5784 οὐδ’
1718 5730 1868 5799 ὠφέ-

1971 5729 2202 5783 tivorum
2232 5729 2286 5782 in
2322 5742 2527 5782 morem
2560 5726 2795 5781 universi
2823 5725 3130 5778 trahantur.
3167 5716 3365 5771 Deinde
3397 5727 3536 5765 con-

323 5829 461 5894 λιμον
511 5825 718 5892 ταύτην
757 5821 899 5879 εἶναι
941 5823 1072 5891 τῷδε
1134 5822 1211 5890 τῷ
1241 5820 1378 5890 βίῳ·
1411 5821 1721 5876 τούναντίον
1771 5821 1870 5877 μὲν

1987 5829 2168 5878 tanter
2198 5827 2473 5880 asserunt.
2504 5834 2622 5876 eam
2663 5820 2786 5875 vitm
2817 5815 3119 5872 mortalium
3165 5824 3265 5864 nec
3312 5806 3529 5869 bonam,
