  <div class='ocr_page' id='page_1' title='image "/cluster/home/n/w/nwhite01/storage/ocr_20150623/156/hvd.32044019208438/293.png"; bbox 0 0 3978 6594; ppageno 0'>
   <div class='ocr_carea' id='block_1_1' title="bbox 363 4797 400 4848">
    <p class='ocr_par' dir='ltr' id='par_1_1' title="bbox 363 4797 400 4848">
     <span class='ocr_line' id='line_1_1' title="bbox 363 4797 400 4848; baseline 0 -44"><span class='ocrx_word' id='word_1_1' title='bbox 363 4797 400 4848; x_wconf 35' lang='grc' dir='ltr'><em>ὡ</em></span> 
     </span>
    </p>
   </div>
   <div class='ocr_carea' id='block_1_2' title="bbox 478 384 3832 467">
    <p class='ocr_par' dir='ltr' id='par_1_2' title="bbox 478 384 3832 467">
     <span class='ocr_line' id='line_1_2' title="bbox 478 384 3832 467; baseline 0.002 -21"><span class='ocrx_word' id='word_1_2' title='bbox 478 385 581 446; x_wconf 70' lang='lat' dir='ltr'><strong>tta</strong></span> <span class='ocrx_word' id='word_1_3' title='bbox 1669 384 2068 446; x_wconf 78' lang='lat' dir='ltr'><strong>MANUELIS</strong></span> <span class='ocrx_word' id='word_1_4' title='bbox 2101 385 2547 449; x_wconf 57' lang='lat' dir='ltr'><strong>PALXEOLOGI</strong></span> <span class='ocrx_word' id='word_1_5' title='bbox 3655 389 3832 467; x_wconf 64' lang='lat' dir='ltr'><strong>44s</strong></span> 
     </span>
    </p>
   </div>
   <div class='ocr_carea' id='block_1_3' title="bbox 484 493 2084 573">
    <p class='ocr_par' dir='ltr' id='par_1_3' title="bbox 484 494 2084 568">
     <span class='ocr_line' id='line_1_3' title="bbox 484 494 2084 568; baseline 0.001 -21"><span class='ocrx_word' id='word_1_6' title='bbox 484 511 582 548; x_wconf 74' lang='lat' dir='ltr'><strong>uvc</strong></span> <span class='ocrx_word' id='word_1_7' title='bbox 620 494 805 549; x_wconf 80' lang='lat' dir='ltr'><strong>utilem</strong></span> <span class='ocrx_word' id='word_1_8' title='bbox 840 508 980 568; x_wconf 67' lang='lat' dir='ltr'><strong>esse,</strong></span> <span class='ocrx_word' id='word_1_9' title='bbox 1011 494 1104 548; x_wconf 87' lang='lat' dir='ltr'><strong>sed</strong></span> <span class='ocrx_word' id='word_1_10' title='bbox 1153 509 1182 549; x_wconf 92' lang='lat' dir='ltr'><strong>e</strong></span> <span class='ocrx_word' id='word_1_11' title='bbox 1213 495 1492 549; x_wconf 70' lang='lat' dir='ltr'><strong>contrario</strong></span> <span class='ocrx_word' id='word_1_12' title='bbox 1523 495 1723 550; x_wconf 88' lang='lat' dir='ltr'><strong>malum</strong></span> <span class='ocrx_word' id='word_1_13' title='bbox 1757 495 2051 565; x_wconf 86' lang='lat' dir='ltr'><strong>quoddam,</strong></span> <span class='ocrx_word' id='word_1_14' title='bbox 2082 547 2084 554; x_wconf 81' lang='grc'><strong>,</strong></span> 
     </span>
    </p>
   </div>
   <div class='ocr_carea' id='block_1_4' title="bbox 2183 493 3789 573">
    <p class='ocr_par' dir='ltr' id='par_1_4' title="bbox 2183 493 3789 573">
     <span class='ocr_line' id='line_1_4' title="bbox 2183 493 3789 573; baseline 0.002 -21"><span class='ocrx_word' id='word_1_15' title='bbox 2183 493 2252 552; x_wconf 70' lang='grc' dir='ltr'>νῦν</span> <span class='ocrx_word' id='word_1_16' title='bbox 2284 500 2403 567; x_wconf 82' lang='grc' dir='ltr'>μεθ’</span> <span class='ocrx_word' id='word_1_17' title='bbox 2438 501 2740 571; x_wconf 76' lang='grc' dir='ltr'>ὑπερϐολῆς</span> <span class='ocrx_word' id='word_1_18' title='bbox 2770 503 2942 556; x_wconf 86' lang='grc' dir='ltr'>κακόν</span> <span class='ocrx_word' id='word_1_19' title='bbox 2973 520 3025 555; x_wconf 88' lang='grc' dir='ltr'><strong>τι</strong></span> <span class='ocrx_word' id='word_1_20' title='bbox 3062 503 3225 572; x_wconf 86' lang='grc' dir='ltr'>μέγα,</span> <span class='ocrx_word' id='word_1_21' title='bbox 3266 505 3355 556; x_wconf 80' lang='grc' dir='ltr'>καὶ</span> <span class='ocrx_word' id='word_1_22' title='bbox 3385 503 3789 573; x_wconf 82' lang='grc' dir='ltr'>λυμαινόμε-</span> 
     </span>
    </p>
   </div>
   <div class='ocr_carea' id='block_1_5' title="bbox 485 585 2084 659">
    <p class='ocr_par' dir='ltr' id='par_1_5' title="bbox 485 585 2055 654">
     <span class='ocr_line' id='line_1_5' title="bbox 485 585 2055 654; baseline 0.002 -18"><span class='ocrx_word' id='word_1_23' title='bbox 485 585 713 638; x_wconf 87' lang='lat' dir='ltr'><strong>nimium</strong></span> <span class='ocrx_word' id='word_1_24' title='bbox 745 593 1032 653; x_wconf 90' lang='lat' dir='ltr'><strong>quantum,</strong></span> <span class='ocrx_word' id='word_1_25' title='bbox 1059 585 1313 654; x_wconf 84' lang='lat' dir='ltr'><strong>quodque</strong></span> <span class='ocrx_word' id='word_1_26' title='bbox 1339 601 1563 654; x_wconf 84' lang='lat' dir='ltr'><strong>prorsus</strong></span> <span class='ocrx_word' id='word_1_27' title='bbox 1586 587 1852 640; x_wconf 85' lang='lat' dir='ltr'><strong>universis</strong></span> <span class='ocrx_word' id='word_1_28' title='bbox 1885 601 2055 639; x_wconf 89' lang='lat' dir='ltr'><strong>uocu—</strong></span> 
     </span>
    </p>
   </div>
   <div class='ocr_carea' id='block_1_6' title="bbox 2183 585 3792 659">
    <p class='ocr_par' dir='ltr' id='par_1_6' title="bbox 2183 589 3792 659">
     <span class='ocr_line' id='line_1_6' title="bbox 2183 589 3792 659; baseline 0.001 -19"><span class='ocrx_word' id='word_1_29' title='bbox 2183 605 2248 640; x_wconf 68' lang='grc' dir='ltr'><strong>ιον</strong></span> <span class='ocrx_word' id='word_1_30' title='bbox 2285 590 2412 658; x_wconf 76' lang='grc' dir='ltr'>ἐξῆς</span> <span class='ocrx_word' id='word_1_31' title='bbox 2443 589 2638 644; x_wconf 76' lang='grc' dir='ltr'>ἅπασι.</span> <span class='ocrx_word' id='word_1_32' title='bbox 2679 592 2790 644; x_wconf 78' lang='grc' dir='ltr'><strong>Καὶ</strong></span> <span class='ocrx_word' id='word_1_33' title='bbox 2843 591 2897 644; x_wconf 85' lang='grc' dir='ltr'>ετ</span> <span class='ocrx_word' id='word_1_34' title='bbox 2921 608 3070 654; x_wconf 87' lang='grc' dir='ltr'>τινες</span> <span class='ocrx_word' id='word_1_35' title='bbox 3106 591 3306 651; x_wconf 72' lang='grc' dir='ltr'>αὐτοὺς</span> <span class='ocrx_word' id='word_1_36' title='bbox 3341 590 3581 659; x_wconf 76' lang='grc' dir='ltr'>ἐροιντο,</span> <span class='ocrx_word' id='word_1_37' title='bbox 3633 590 3792 642; x_wconf 81' lang='grc' dir='ltr'>διοι-</span> 
     </span>
    </p>
   </div>
   <div class='ocr_carea' id='block_1_7' title="bbox 488 671 2053 751">
    <p class='ocr_par' dir='ltr' id='par_1_7' title="bbox 488 671 2053 751">
     <span class='ocr_line' id='line_1_7' title="bbox 488 671 2053 751; baseline 0.004 -24"><span class='ocrx_word' id='word_1_38' title='bbox 488 686 674 730; x_wconf 90' lang='lat' dir='ltr'><strong>mento</strong></span> <span class='ocrx_word' id='word_1_39' title='bbox 703 677 798 747; x_wconf 81' lang='lat' dir='ltr'><strong>sit.</strong></span> <span class='ocrx_word' id='word_1_40' title='bbox 830 677 907 730; x_wconf 80' lang='lat' dir='ltr'><strong>Ac</strong></span> <span class='ocrx_word' id='word_1_41' title='bbox 955 680 997 732; x_wconf 89' lang='lat' dir='ltr'><strong>si</strong></span> <span class='ocrx_word' id='word_1_42' title='bbox 1044 680 1134 747; x_wconf 94' lang='lat' dir='ltr'><strong>qui</strong></span> <span class='ocrx_word' id='word_1_43' title='bbox 1167 694 1262 735; x_wconf 87' lang='lat' dir='ltr'><strong>eos</strong></span> <span class='ocrx_word' id='word_1_44' title='bbox 1301 671 1660 751; x_wconf 72' lang='lat' dir='ltr'><strong>interrogem,</strong></span> <span class='ocrx_word' id='word_1_45' title='bbox 1694 681 2053 748; x_wconf 84' lang='lat' dir='ltr'><strong>quamobrem</strong></span> 
     </span>
    </p>
   </div>
   <div class='ocr_carea' id='block_1_8' title="bbox 488 769 2057 839">
    <p class='ocr_par' dir='ltr' id='par_1_8' title="bbox 488 769 2057 839">
     <span class='ocr_line' id='line_1_8' title="bbox 488 769 2057 839; baseline 0.001 -15"><span class='ocrx_word' id='word_1_46' title='bbox 488 769 670 824; x_wconf 86' lang='lat' dir='ltr'><strong>istuc?</strong></span> <span class='ocrx_word' id='word_1_47' title='bbox 698 771 986 836; x_wconf 81' lang='lat' dir='ltr'><strong>Quoniam,</strong></span> <span class='ocrx_word' id='word_1_48' title='bbox 1016 773 1261 839; x_wconf 85' lang='lat' dir='ltr'><strong>inquicnt</strong></span> <span class='ocrx_word' id='word_1_49' title='bbox 1293 775 1497 838; x_wconf 87' lang='lat' dir='ltr'><strong>statim,</strong></span> <span class='ocrx_word' id='word_1_50' title='bbox 1528 783 1583 828; x_wconf 91' lang='lat' dir='ltr'><strong>et</strong></span> <span class='ocrx_word' id='word_1_51' title='bbox 1609 788 1786 826; x_wconf 87' lang='lat' dir='ltr'><strong>mores</strong></span> <span class='ocrx_word' id='word_1_52' title='bbox 1809 787 2057 827; x_wconf 85' lang='lat' dir='ltr'><strong>corrum-</strong></span> 
     </span>
    </p>
   </div>
   <div class='ocr_carea' id='block_1_9' title="bbox 487 863 2052 935">
    <p class='ocr_par' dir='ltr' id='par_1_9' title="bbox 487 863 2052 935">
     <span class='ocr_line' id='line_1_9' title="bbox 487 863 2052 935; baseline 0.007 -22"><span class='ocrx_word' id='word_1_53' title='bbox 487 863 585 926; x_wconf 81' lang='lat' dir='ltr'><strong>pit,</strong></span> <span class='ocrx_word' id='word_1_54' title='bbox 619 870 672 916; x_wconf 90' lang='lat' dir='ltr'><strong>et</strong></span> <span class='ocrx_word' id='word_1_55' title='bbox 706 866 912 919; x_wconf 83' lang='lat' dir='ltr'><strong>multos</strong></span> <span class='ocrx_word' id='word_1_56' title='bbox 955 864 1024 917; x_wconf 91' lang='lat' dir='ltr'><strong>ob</strong></span> <span class='ocrx_word' id='word_1_57' title='bbox 1070 868 1323 921; x_wconf 83' lang='lat' dir='ltr'><strong>virtutem</strong></span> <span class='ocrx_word' id='word_1_58' title='bbox 1375 867 1722 924; x_wconf 74' lang='lat' dir='ltr'><strong>admirabiles</strong></span> <span class='ocrx_word' id='word_1_59' title='bbox 1775 874 1842 926; x_wconf 88' lang='lat' dir='ltr'><strong>de</strong></span> <span class='ocrx_word' id='word_1_60' title='bbox 1877 873 2052 935; x_wconf 80' lang='lat' dir='ltr'><strong>bonis,</strong></span> 
     </span>
    </p>
   </div>
   <div class='ocr_carea' id='block_1_10' title="bbox 415 949 2055 1031">
    <p class='ocr_par' dir='ltr' id='par_1_10' title="bbox 415 949 2055 1031">
     <span class='ocr_line' id='line_1_10' title="bbox 415 949 2055 1031; baseline 0.01 -31"><span class='ocrx_word' id='word_1_61' title='bbox 415 1009 421 1014; x_wconf 93' lang='lat'><strong><em>_</em></strong></span> <span class='ocrx_word' id='word_1_62' title='bbox 490 949 887 1007; x_wconf 73' lang='lat' dir='ltr'><strong>interveniente</strong></span> <span class='ocrx_word' id='word_1_63' title='bbox 923 956 1439 1020; x_wconf 76' lang='lat' dir='ltr'><strong>mutatione,ntalos</strong></span> <span class='ocrx_word' id='word_1_64' title='bbox 1487 959 1672 1014; x_wconf 79' lang='lat' dir='ltr'><strong>ellicit.</strong></span> <span class='ocrx_word' id='word_1_65' title='bbox 1731 959 2055 1031; x_wconf 80' lang='lat' dir='ltr'><strong>Quanquam</strong></span> 
     </span>
    </p>
   </div>
   <div class='ocr_carea' id='block_1_11' title="bbox 488 1045 2054 1119">
    <p class='ocr_par' dir='ltr' id='par_1_11' title="bbox 488 1045 2054 1119">
     <span class='ocr_line' id='line_1_11' title="bbox 488 1045 2054 1119; baseline 0.009 -25"><span class='ocrx_word' id='word_1_66' title='bbox 488 1045 785 1099; x_wconf 86' lang='lat' dir='ltr'><strong>convenire</strong></span> <span class='ocrx_word' id='word_1_67' title='bbox 817 1049 996 1113; x_wconf 91' lang='lat' dir='ltr'><strong>potius</strong></span> <span class='ocrx_word' id='word_1_68' title='bbox 1042 1048 1304 1113; x_wconf 83' lang='lat' dir='ltr'><strong>arbitror,</strong></span> <span class='ocrx_word' id='word_1_69' title='bbox 1355 1060 1414 1104; x_wconf 92' lang='lat' dir='ltr'><strong>ut</strong></span> <span class='ocrx_word' id='word_1_70' title='bbox 1458 1053 1883 1119; x_wconf 19' lang='lat' dir='ltr'><strong>quietadversus</strong></span> <span class='ocrx_word' id='word_1_71' title='bbox 1934 1069 2054 1108; x_wconf 86' lang='lat' dir='ltr'><strong>eam</strong></span> 
     </span>
    </p>
   </div>
   <div class='ocr_carea' id='block_1_12' title="bbox 490 1115 2055 1214">
    <p class='ocr_par' dir='ltr' id='par_1_12' title="bbox 490 1115 2055 1214">
     <span class='ocr_line' id='line_1_12' title="bbox 490 1115 2055 1214; baseline 0.013 -34"><span class='ocrx_word' id='word_1_72' title='bbox 490 1133 842 1203; x_wconf 87' lang='lat' dir='ltr'><strong>proferuntur</strong></span> <span class='ocrx_word' id='word_1_73' title='bbox 875 1177 889 1199; x_wconf 95' lang='lat'><strong>,</strong></span> <span class='ocrx_word' id='word_1_74' title='bbox 946 1139 1192 1205; x_wconf 83' lang='lat' dir='ltr'><strong>pluribus</strong></span> <span class='ocrx_word' id='word_1_75' title='bbox 1246 1115 1620 1208; x_wconf 47' lang='lat' dir='ltr'><strong>exponamus?</strong></span> <span class='ocrx_word' id='word_1_76' title='bbox 1656 1143 1872 1198; x_wconf 76' lang='lat' dir='ltr'><strong>Audent</strong></span> <span class='ocrx_word' id='word_1_77' title='bbox 1924 1160 2055 1214; x_wconf 72' lang='lat' dir='ltr'><strong>ergo</strong></span> 
     </span>
    </p>
   </div>
   <div class='ocr_carea' id='block_1_13' title="bbox 490 1225 2058 1306">
    <p class='ocr_par' dir='ltr' id='par_1_13' title="bbox 490 1225 2058 1306">
     <span class='ocr_line' id='line_1_13' title="bbox 490 1225 2058 1306; baseline 0.008 -28"><span class='ocrx_word' id='word_1_78' title='bbox 490 1225 695 1287; x_wconf 84' lang='lat' dir='ltr'><strong>dicere,</strong></span> <span class='ocrx_word' id='word_1_79' title='bbox 747 1229 888 1294; x_wconf 87' lang='lat' dir='ltr'><strong>quod</strong></span> <span class='ocrx_word' id='word_1_80' title='bbox 920 1229 1196 1296; x_wconf 75' lang='lat' dir='ltr'><strong>ad&#39;ipsutn</strong></span> <span class='ocrx_word' id='word_1_81' title='bbox 1233 1246 1448 1300; x_wconf 90' lang='lat' dir='ltr'><strong>quoque</strong></span> <span class='ocrx_word' id='word_1_82' title='bbox 1502 1232 1669 1287; x_wconf 90' lang='lat' dir='ltr'><strong>Deum</strong></span> <span class='ocrx_word' id='word_1_83' title='bbox 1700 1249 1760 1288; x_wconf 92' lang='lat' dir='ltr'><strong>se</strong></span> <span class='ocrx_word' id='word_1_84' title='bbox 1809 1237 2058 1306; x_wconf 82' lang='lat' dir='ltr'><strong>porrigit,</strong></span> 
     </span>
    </p>
   </div>
   <div class='ocr_carea' id='block_1_14' title="bbox 497 1317 2058 1392">
    <p class='ocr_par' dir='ltr' id='par_1_14' title="bbox 497 1317 2058 1392">
     <span class='ocr_line' id='line_1_14' title="bbox 497 1317 2058 1392; baseline 0.01 -24"><span class='ocrx_word' id='word_1_85' title='bbox 497 1317 690 1371; x_wconf 86' lang='lat' dir='ltr'><strong>melius</strong></span> <span class='ocrx_word' id='word_1_86' title='bbox 724 1333 810 1372; x_wconf 88' lang='lat' dir='ltr'><strong>res</strong></span> <span class='ocrx_word' id='word_1_87' title='bbox 837 1320 1135 1384; x_wconf 84' lang='lat' dir='ltr'><strong>habituras,</strong></span> <span class='ocrx_word' id='word_1_88' title='bbox 1166 1322 1210 1375; x_wconf 88' lang='lat' dir='ltr'><strong>si</strong></span> <span class='ocrx_word' id='word_1_89' title='bbox 1241 1324 1492 1392; x_wconf 79' lang='lat' dir='ltr'><strong>voluptas</strong></span> <span class='ocrx_word' id='word_1_90' title='bbox 1524 1325 1684 1392; x_wconf 85' lang='lat' dir='ltr'><strong>plane</strong></span> <span class='ocrx_word' id='word_1_91' title='bbox 1720 1326 1868 1380; x_wconf 86' lang='lat' dir='ltr'><strong>nulla</strong></span> <span class='ocrx_word' id='word_1_92' title='bbox 1896 1327 2058 1391; x_wconf 84' lang='lat' dir='ltr'><strong>foret,</strong></span> 
     </span>
    </p>
   </div>
   <div class='ocr_carea' id='block_1_15' title="bbox 494 1409 2062 1489">
    <p class='ocr_par' dir='ltr' id='par_1_15' title="bbox 494 1409 2062 1489">
     <span class='ocr_line' id='line_1_15' title="bbox 494 1409 2062 1489; baseline 0.01 -31"><span class='ocrx_word' id='word_1_93' title='bbox 494 1423 595 1461; x_wconf 89' lang='lat' dir='ltr'><strong>nec</strong></span> <span class='ocrx_word' id='word_1_94' title='bbox 614 1409 738 1463; x_wconf 87' lang='lat' dir='ltr'><strong>huic</strong></span> <span class='ocrx_word' id='word_1_95' title='bbox 757 1412 970 1466; x_wconf 85' lang='lat' dir='ltr'><strong>adesset</strong></span> <span class='ocrx_word' id='word_1_96' title='bbox 990 1413 1132 1477; x_wconf 58' lang='lat' dir='ltr'><strong>vita),</strong></span> <span class='ocrx_word' id='word_1_97' title='bbox 1153 1428 1253 1468; x_wconf 89' lang='lat' dir='ltr'><strong>nec</strong></span> <span class='ocrx_word' id='word_1_98' title='bbox 1270 1429 1491 1480; x_wconf 84' lang='lat' dir='ltr'><strong>prorsus</strong></span> <span class='ocrx_word' id='word_1_99' title='bbox 1511 1418 1818 1474; x_wconf 76' lang='lat' dir='ltr'><strong>exsisteret.</strong></span> <span class='ocrx_word' id='word_1_100' title='bbox 1851 1419 2062 1489; x_wconf 86' lang='lat' dir='ltr'><strong>Quippe</strong></span> 
     </span>
    </p>
   </div>
   <div class='ocr_carea' id='block_1_16' title="bbox 495 1501 2063 1582">
    <p class='ocr_par' dir='ltr' id='par_1_16' title="bbox 495 1501 2063 1582">
     <span class='ocr_line' id='line_1_16' title="bbox 495 1501 2063 1582; baseline 0.01 -29"><span class='ocrx_word' id='word_1_101' title='bbox 495 1501 658 1555; x_wconf 84' lang='lat' dir='ltr'><strong>vitam</strong></span> <span class='ocrx_word' id='word_1_102' title='bbox 688 1503 1002 1570; x_wconf 83' lang='lat' dir='ltr'><strong>humanam,</strong></span> <span class='ocrx_word' id='word_1_103' title='bbox 1033 1506 1298 1573; x_wconf 90' lang='lat' dir='ltr'><strong>inquiunt,</strong></span> <span class='ocrx_word' id='word_1_104' title='bbox 1330 1508 1741 1576; x_wconf 84' lang='lat' dir='ltr'><strong>perturbatione</strong></span> <span class='ocrx_word' id='word_1_105' title='bbox 1765 1512 2063 1582; x_wconf 87' lang='lat' dir='ltr'><strong>doloreque</strong></span> 
     </span>
    </p>
   </div>
   <div class='ocr_carea' id='block_1_17' title="bbox 493 1595 2065 1666">
    <p class='ocr_par' dir='ltr' id='par_1_17' title="bbox 493 1595 2065 1666">
     <span class='ocr_line' id='line_1_17' title="bbox 493 1595 2065 1666; baseline 0.008 -21"><span class='ocrx_word' id='word_1_106' title='bbox 493 1607 600 1645; x_wconf 88' lang='lat' dir='ltr'><strong>non</strong></span> <span class='ocrx_word' id='word_1_107' title='bbox 633 1595 833 1662; x_wconf 80' lang='lat' dir='ltr'><strong>exiguo</strong></span> <span class='ocrx_word' id='word_1_108' title='bbox 860 1596 1052 1664; x_wconf 85' lang='lat' dir='ltr'><strong>replet,</strong></span> <span class='ocrx_word' id='word_1_109' title='bbox 1087 1613 1443 1666; x_wconf 79' lang='lat' dir='ltr'><strong>magnamque</strong></span> <span class='ocrx_word' id='word_1_110' title='bbox 1465 1601 1667 1654; x_wconf 84' lang='lat' dir='ltr'><strong>nostris</strong></span> <span class='ocrx_word' id='word_1_111' title='bbox 1693 1601 1888 1656; x_wconf 84' lang='lat' dir='ltr'><strong>animis</strong></span> <span class='ocrx_word' id='word_1_112' title='bbox 1913 1619 2065 1658; x_wconf 89' lang='lat' dir='ltr'><strong>acer-</strong></span> 
     </span>
    </p>
   </div>
   <div class='ocr_carea' id='block_1_18' title="bbox 497 1683 2062 1757">
    <p class='ocr_par' dir='ltr' id='par_1_18' title="bbox 497 1683 2062 1757">
     <span class='ocr_line' id='line_1_18' title="bbox 497 1683 2062 1757; baseline 0.007 -21"><span class='ocrx_word' id='word_1_113' title='bbox 497 1683 721 1737; x_wconf 89' lang='lat' dir='ltr'><strong>bitatem</strong></span> <span class='ocrx_word' id='word_1_114' title='bbox 753 1684 983 1740; x_wconf 72' lang='lat' dir='ltr'><strong>offundit</strong></span> <span class='ocrx_word' id='word_1_115' title='bbox 1013 1704 1026 1740; x_wconf 90' lang='lat'><strong>:</strong></span> <span class='ocrx_word' id='word_1_116' title='bbox 1061 1703 1185 1741; x_wconf 87' lang='lat' dir='ltr'><strong>nam</strong></span> <span class='ocrx_word' id='word_1_117' title='bbox 1221 1689 1513 1757; x_wconf 80' lang='lat' dir='ltr'><strong>voluptatis</strong></span> <span class='ocrx_word' id='word_1_118' title='bbox 1549 1706 1714 1745; x_wconf 88' lang='lat' dir='ltr'><strong>causa</strong></span> <span class='ocrx_word' id='word_1_119' title='bbox 1771 1693 2062 1747; x_wconf 88' lang='lat' dir='ltr'><strong>multarum</strong></span> 
     </span>
    </p>
   </div>
   <div class='ocr_carea' id='block_1_19' title="bbox 500 1775 2150 1848">
    <p class='ocr_par' dir='ltr' id='par_1_19' title="bbox 500 1775 2150 1848">
     <span class='ocr_line' id='line_1_19' title="bbox 500 1775 2150 1848; baseline 0.007 -23"><span class='ocrx_word' id='word_1_120' title='bbox 500 1789 922 1843; x_wconf 82' lang='lat' dir='ltr'><strong>magnarumque</strong></span> <span class='ocrx_word' id='word_1_121' title='bbox 959 1789 1135 1830; x_wconf 91' lang='lat' dir='ltr'><strong>rerum</strong></span> <span class='ocrx_word' id='word_1_122' title='bbox 1169 1781 1678 1848; x_wconf 88' lang='lat' dir='ltr'><strong>conscquendarum</strong></span> <span class='ocrx_word' id='word_1_123' title='bbox 1710 1781 1936 1836; x_wconf 89' lang='lat' dir='ltr'><strong>libidine</strong></span> <span class='ocrx_word' id='word_1_124' title='bbox 1965 1787 2065 1838; x_wconf 84' lang='lat' dir='ltr'><strong>du-</strong></span> <span class='ocrx_word' id='word_1_125' title='bbox 2095 1775 2150 1848; x_wconf 61' lang='grc' dir='ltr'><strong>,ξ</strong></span> 
     </span>
    </p>
   </div>
   <div class='ocr_carea' id='block_1_20' title="bbox 498 1865 2064 1942">
    <p class='ocr_par' dir='ltr' id='par_1_20' title="bbox 498 1865 2064 1942">
     <span class='ocr_line' id='line_1_20' title="bbox 498 1865 2064 1942; baseline 0.008 -26"><span class='ocrx_word' id='word_1_126' title='bbox 498 1865 700 1929; x_wconf 79' lang='lat' dir='ltr'><strong>cintur,</strong></span> <span class='ocrx_word' id='word_1_127' title='bbox 750 1866 924 1935; x_wconf 82' lang='lat' dir='ltr'><strong>iisque</strong></span> <span class='ocrx_word' id='word_1_128' title='bbox 987 1882 1085 1920; x_wconf 93' lang='lat' dir='ltr'><strong>nos</strong></span> <span class='ocrx_word' id='word_1_129' title='bbox 1117 1867 1404 1924; x_wconf 77' lang='lat' dir='ltr'><strong>confestim</strong></span> <span class='ocrx_word' id='word_1_130' title='bbox 1459 1872 1728 1938; x_wconf 89' lang='lat' dir='ltr'><strong>potituros</strong></span> <span class='ocrx_word' id='word_1_131' title='bbox 1759 1887 2064 1942; x_wconf 78' lang='lat' dir='ltr'><strong>speramus.</strong></span> 
     </span>
    </p>
   </div>
   <div class='ocr_carea' id='block_1_21' title="bbox 503 1955 2070 2026">
    <p class='ocr_par' dir='ltr' id='par_1_21' title="bbox 503 1955 2070 2026">
     <span class='ocr_line' id='line_1_21' title="bbox 503 1955 2070 2026; baseline 0.006 -18"><span class='ocrx_word' id='word_1_132' title='bbox 503 1955 714 2009; x_wconf 81' lang='lat' dir='ltr'><strong>Etenim</strong></span> <span class='ocrx_word' id='word_1_133' title='bbox 778 1973 844 2010; x_wconf 79' lang='lat' dir='ltr'><strong>ex</strong></span> <span class='ocrx_word' id='word_1_134' title='bbox 878 1959 1192 2026; x_wconf 88' lang='lat' dir='ltr'><strong>cupiditatis</strong></span> <span class='ocrx_word' id='word_1_135' title='bbox 1226 1962 1564 2017; x_wconf 87' lang='lat' dir='ltr'><strong>vehementia</strong></span> <span class='ocrx_word' id='word_1_136' title='bbox 1601 1963 1758 2018; x_wconf 87' lang='lat' dir='ltr'><strong>nobis</strong></span> <span class='ocrx_word' id='word_1_137' title='bbox 1804 1965 1858 2018; x_wconf 90' lang='lat' dir='ltr'><strong>in</strong></span> <span class='ocrx_word' id='word_1_138' title='bbox 1896 1966 2070 2019; x_wconf 88' lang='lat' dir='ltr'><strong>mani-</strong></span> 
     </span>
    </p>
   </div>
   <div class='ocr_carea' id='block_1_22' title="bbox 506 2048 2063 2124">
    <p class='ocr_par' dir='ltr' id='par_1_22' title="bbox 506 2048 2063 2124">
     <span class='ocr_line' id='line_1_22' title="bbox 506 2048 2063 2124; baseline 0.006 -22"><span class='ocrx_word' id='word_1_139' title='bbox 506 2048 608 2102; x_wconf 91' lang='lat' dir='ltr'><strong>bus</strong></span> <span class='ocrx_word' id='word_1_140' title='bbox 637 2063 756 2102; x_wconf 86' lang='lat' dir='ltr'><strong>esse</strong></span> <span class='ocrx_word' id='word_1_141' title='bbox 808 2060 1047 2118; x_wconf 81' lang='lat' dir='ltr'><strong>putatur,</strong></span> <span class='ocrx_word' id='word_1_142' title='bbox 1085 2053 1224 2118; x_wconf 85' lang='lat' dir='ltr'><strong>quod</strong></span> <span class='ocrx_word' id='word_1_143' title='bbox 1276 2067 1340 2106; x_wconf 84' lang='lat' dir='ltr'><strong>ex</strong></span> <span class='ocrx_word' id='word_1_144' title='bbox 1377 2053 1643 2108; x_wconf 87' lang='lat' dir='ltr'><strong>diametro</strong></span> <span class='ocrx_word' id='word_1_145' title='bbox 1690 2070 2063 2124; x_wconf 64' lang='lat' dir='ltr'><strong>saepenumero</strong></span> 
     </span>
    </p>
   </div>
   <div class='ocr_carea' id='block_1_23' title="bbox 505 2142 2071 2216">
    <p class='ocr_par' dir='ltr' id='par_1_23' title="bbox 505 2142 2071 2216">
     <span class='ocr_line' id='line_1_23' title="bbox 505 2142 2071 2216; baseline 0.006 -23"><span class='ocrx_word' id='word_1_146' title='bbox 505 2142 772 2196; x_wconf 85' lang='lat' dir='ltr'><strong>consistit.</strong></span> <span class='ocrx_word' id='word_1_147' title='bbox 809 2145 872 2196; x_wconf 86' lang='lat' dir='ltr'><strong>Et</strong></span> <span class='ocrx_word' id='word_1_148' title='bbox 903 2145 1180 2210; x_wconf 84' lang='lat' dir='ltr'><strong>quodlibet</strong></span> <span class='ocrx_word' id='word_1_149' title='bbox 1209 2143 1400 2197; x_wconf 89' lang='lat' dir='ltr'><strong>horum</strong></span> <span class='ocrx_word' id='word_1_150' title='bbox 1433 2146 1498 2198; x_wconf 89' lang='lat' dir='ltr'><strong>ad</strong></span> <span class='ocrx_word' id='word_1_151' title='bbox 1533 2147 1861 2216; x_wconf 89' lang='lat' dir='ltr'><strong>voluptatem</strong></span> <span class='ocrx_word' id='word_1_152' title='bbox 1896 2149 2071 2202; x_wconf 81' lang='lat' dir='ltr'><strong>maxi-</strong></span> 
     </span>
    </p>
   </div>
   <div class='ocr_carea' id='block_1_24' title="bbox 509 2235 2072 2306">
    <p class='ocr_par' dir='ltr' id='par_1_24' title="bbox 509 2235 2072 2306">
     <span class='ocr_line' id='line_1_24' title="bbox 509 2235 2072 2306; baseline 0.006 -24"><span class='ocrx_word' id='word_1_153' title='bbox 509 2248 651 2285; x_wconf 87' lang='lat' dir='ltr'><strong>mam</strong></span> <span class='ocrx_word' id='word_1_154' title='bbox 684 2235 1036 2288; x_wconf 84' lang='lat' dir='ltr'><strong>suffecturum</strong></span> <span class='ocrx_word' id='word_1_155' title='bbox 1096 2235 1462 2291; x_wconf 76' lang='lat' dir='ltr'><strong>existimatur.</strong></span> <span class='ocrx_word' id='word_1_156' title='bbox 1503 2237 1725 2292; x_wconf 87' lang='lat' dir='ltr'><strong>Interim</strong></span> <span class='ocrx_word' id='word_1_157' title='bbox 1781 2238 1968 2306; x_wconf 86' lang='lat' dir='ltr'><strong>paucis</strong></span> <span class='ocrx_word' id='word_1_158' title='bbox 2018 2247 2072 2292; x_wconf 88' lang='lat' dir='ltr'><strong>et</strong></span> 
     </span>
    </p>
   </div>
   <div class='ocr_carea' id='block_1_25' title="bbox 506 2325 2073 2398">
    <p class='ocr_par' dir='ltr' id='par_1_25' title="bbox 506 2325 2073 2398">
     <span class='ocr_line' id='line_1_25' title="bbox 506 2325 2073 2398; baseline 0.007 -26"><span class='ocrx_word' id='word_1_159' title='bbox 506 2325 740 2390; x_wconf 73' lang='lat' dir='ltr'><strong>exiguis,</strong></span> <span class='ocrx_word' id='word_1_160' title='bbox 772 2336 827 2378; x_wconf 91' lang='lat' dir='ltr'><strong>et</strong></span> <span class='ocrx_word' id='word_1_161' title='bbox 877 2325 964 2379; x_wconf 85' lang='lat' dir='ltr'><strong>vix</strong></span> <span class='ocrx_word' id='word_1_162' title='bbox 993 2326 1234 2394; x_wconf 86' lang='lat' dir='ltr'><strong>quidem,</strong></span> <span class='ocrx_word' id='word_1_163' title='bbox 1268 2327 1525 2394; x_wconf 88' lang='lat' dir='ltr'><strong>potimur,</strong></span> <span class='ocrx_word' id='word_1_164' title='bbox 1553 2343 1674 2398; x_wconf 64' lang='lat' dir='ltr'><strong>quae</strong></span> <span class='ocrx_word' id='word_1_165' title='bbox 1707 2329 1820 2396; x_wconf 91' lang='lat' dir='ltr'><strong>ipsa</strong></span> <span class='ocrx_word' id='word_1_166' title='bbox 1857 2343 2073 2398; x_wconf 89' lang='lat' dir='ltr'><strong>quoque</strong></span> 
     </span>
    </p>
   </div>
   <div class='ocr_carea' id='block_1_26' title="bbox 509 2413 2067 2491">
    <p class='ocr_par' dir='ltr' id='par_1_26' title="bbox 509 2413 2067 2491">
     <span class='ocr_line' id='line_1_26' title="bbox 509 2413 2067 2491; baseline 0.006 -26"><span class='ocrx_word' id='word_1_167' title='bbox 509 2413 762 2482; x_wconf 76' lang='lat' dir='ltr'><strong>languide</strong></span> <span class='ocrx_word' id='word_1_168' title='bbox 789 2433 886 2470; x_wconf 82' lang='lat' dir='ltr'><strong>nos</strong></span> <span class='ocrx_word' id='word_1_169' title='bbox 930 2429 982 2472; x_wconf 86' lang='lat' dir='ltr'><strong>et</strong></span> <span class='ocrx_word' id='word_1_170' title='bbox 1023 2419 1221 2487; x_wconf 90' lang='lat' dir='ltr'><strong>pusillo</strong></span> <span class='ocrx_word' id='word_1_171' title='bbox 1248 2421 1420 2487; x_wconf 79' lang='lat' dir='ltr'><strong>Spatia</strong></span> <span class='ocrx_word' id='word_1_172' title='bbox 1449 2425 1708 2491; x_wconf 88' lang='lat' dir='ltr'><strong>temporis</strong></span> <span class='ocrx_word' id='word_1_173' title='bbox 1742 2424 2067 2476; x_wconf 74' lang='lat' dir='ltr'><strong>exhilarant.</strong></span> 
     </span>
    </p>
   </div>
   <div class='ocr_carea' id='block_1_27' title="bbox 505 2507 2071 2582">
    <p class='ocr_par' dir='ltr' id='par_1_27' title="bbox 505 2507 2071 2582">
     <span class='ocr_line' id='line_1_27' title="bbox 505 2507 2071 2582; baseline 0.006 -23"><span class='ocrx_word' id='word_1_174' title='bbox 505 2507 619 2560; x_wconf 74' lang='lat' dir='ltr'><strong>Nec</strong></span> <span class='ocrx_word' id='word_1_175' title='bbox 653 2508 871 2562; x_wconf 87' lang='lat' dir='ltr'><strong>minima</strong></span> <span class='ocrx_word' id='word_1_176' title='bbox 900 2525 996 2565; x_wconf 90' lang='lat' dir='ltr'><strong>nos</strong></span> <span class='ocrx_word' id='word_1_177' title='bbox 1022 2511 1184 2566; x_wconf 85' lang='lat' dir='ltr'><strong>allicit</strong></span> <span class='ocrx_word' id='word_1_178' title='bbox 1212 2512 1480 2578; x_wconf 86' lang='lat' dir='ltr'><strong>molestia,</strong></span> <span class='ocrx_word' id='word_1_179' title='bbox 1505 2515 1646 2582; x_wconf 82' lang='lat' dir='ltr'><strong>quod</strong></span> <span class='ocrx_word' id='word_1_180' title='bbox 1673 2515 1797 2567; x_wconf 87' lang='lat' dir='ltr'><strong>talia</strong></span> <span class='ocrx_word' id='word_1_181' title='bbox 1826 2529 1883 2568; x_wconf 92' lang='lat' dir='ltr'><strong>se</strong></span> <span class='ocrx_word' id='word_1_182' title='bbox 1915 2514 2071 2569; x_wconf 88' lang='lat' dir='ltr'><strong>nobis</strong></span> 
     </span>
    </p>
   </div>
   <div class='ocr_carea' id='block_1_28' title="bbox 507 2599 2070 2671">
    <p class='ocr_par' dir='ltr' id='par_1_28' title="bbox 507 2599 2070 2671">
     <span class='ocr_line' id='line_1_28' title="bbox 507 2599 2070 2671; baseline 0.006 -21"><span class='ocrx_word' id='word_1_183' title='bbox 507 2599 816 2654; x_wconf 82' lang='lat' dir='ltr'><strong>exhibeant.</strong></span> <span class='ocrx_word' id='word_1_184' title='bbox 851 2603 979 2668; x_wconf 62' lang='lat' dir='ltr'><strong>Quae</strong></span> <span class='ocrx_word' id='word_1_185' title='bbox 1002 2603 1219 2671; x_wconf 87' lang='lat' dir='ltr'><strong>quidem</strong></span> <span class='ocrx_word' id='word_1_186' title='bbox 1243 2605 1424 2657; x_wconf 86' lang='lat' dir='ltr'><strong>omnia</strong></span> <span class='ocrx_word' id='word_1_187' title='bbox 1455 2605 1647 2659; x_wconf 89' lang='lat' dir='ltr'><strong>merito</strong></span> <span class='ocrx_word' id='word_1_188' title='bbox 1669 2605 1750 2658; x_wconf 89' lang='lat' dir='ltr'><strong>sic</strong></span> <span class='ocrx_word' id='word_1_189' title='bbox 1773 2605 2070 2659; x_wconf 86' lang='lat' dir='ltr'><strong>eveniunt:</strong></span> 
     </span>
    </p>
   </div>
   <div class='ocr_carea' id='block_1_29' title="bbox 509 2691 2074 2758">
    <p class='ocr_par' dir='ltr' id='par_1_29' title="bbox 509 2691 2074 2758">
     <span class='ocr_line' id='line_1_29' title="bbox 509 2691 2074 2758; baseline 0.008 -21"><span class='ocrx_word' id='word_1_190' title='bbox 509 2701 637 2739; x_wconf 80' lang='lat' dir='ltr'><strong>nam</strong></span> <span class='ocrx_word' id='word_1_191' title='bbox 701 2691 1086 2758; x_wconf 79' lang='lat' dir='ltr'><strong>concupiscere</strong></span> <span class='ocrx_word' id='word_1_192' title='bbox 1137 2693 1349 2747; x_wconf 79' lang='lat' dir='ltr'><strong>facilius</strong></span> <span class='ocrx_word' id='word_1_193' title='bbox 1396 2701 1479 2747; x_wconf 90' lang='lat' dir='ltr'><strong>est</strong></span> <span class='ocrx_word' id='word_1_194' title='bbox 1531 2694 1786 2748; x_wconf 90' lang='lat' dir='ltr'><strong>omnibus</strong></span> <span class='ocrx_word' id='word_1_195' title='bbox 1823 2695 1875 2747; x_wconf 92' lang='lat' dir='ltr'><strong>in</strong></span> <span class='ocrx_word' id='word_1_196' title='bbox 1910 2693 2074 2749; x_wconf 90' lang='lat' dir='ltr'><strong>rebus</strong></span> 
     </span>
    </p>
   </div>
   <div class='ocr_carea' id='block_1_30' title="bbox 510 2782 2079 2854">
    <p class='ocr_par' dir='ltr' id='par_1_30' title="bbox 510 2782 2079 2854">
     <span class='ocr_line' id='line_1_30' title="bbox 510 2782 2079 2854; baseline 0.006 -24"><span class='ocrx_word' id='word_1_197' title='bbox 510 2794 675 2846; x_wconf 90' lang='lat' dir='ltr'><strong>quam</strong></span> <span class='ocrx_word' id='word_1_198' title='bbox 700 2782 922 2850; x_wconf 86' lang='lat' dir='ltr'><strong>adipisci</strong></span> <span class='ocrx_word' id='word_1_199' title='bbox 954 2801 968 2847; x_wconf 89' lang='lat'><strong>;</strong></span> <span class='ocrx_word' id='word_1_200' title='bbox 999 2791 1052 2836; x_wconf 93' lang='lat' dir='ltr'><strong>et</strong></span> <span class='ocrx_word' id='word_1_201' title='bbox 1080 2783 1208 2849; x_wconf 77' lang='lat' dir='ltr'><strong>ipsa:</strong></span> <span class='ocrx_word' id='word_1_202' title='bbox 1235 2799 1320 2838; x_wconf 90' lang='lat' dir='ltr'><strong>res</strong></span> <span class='ocrx_word' id='word_1_203' title='bbox 1347 2801 1468 2839; x_wconf 86' lang='lat' dir='ltr'><strong>cum</strong></span> <span class='ocrx_word' id='word_1_204' title='bbox 1496 2785 1605 2854; x_wconf 88' lang='lat' dir='ltr'><strong>jam</strong></span> <span class='ocrx_word' id='word_1_205' title='bbox 1630 2785 1849 2851; x_wconf 86' lang='lat' dir='ltr'><strong>adsunt,</strong></span> <span class='ocrx_word' id='word_1_206' title='bbox 1883 2785 2079 2852; x_wconf 80' lang='lat' dir='ltr'><strong>spebus</strong></span> 
     </span>
    </p>
   </div>
   <div class='ocr_carea' id='block_1_31' title="bbox 514 2871 2077 2945">
    <p class='ocr_par' dir='ltr' id='par_1_31' title="bbox 514 2871 2077 2945">
     <span class='ocr_line' id='line_1_31' title="bbox 514 2871 2077 2945; baseline 0.006 -22"><span class='ocrx_word' id='word_1_207' title='bbox 514 2871 805 2928; x_wconf 87' lang='lat' dir='ltr'><strong>inferiores</strong></span> <span class='ocrx_word' id='word_1_208' title='bbox 845 2883 1006 2945; x_wconf 88' lang='lat' dir='ltr'><strong>atque</strong></span> <span class='ocrx_word' id='word_1_209' title='bbox 1038 2875 1256 2931; x_wconf 81' lang='lat' dir='ltr'><strong>viliores</strong></span> <span class='ocrx_word' id='word_1_210' title='bbox 1302 2889 1585 2945; x_wconf 87' lang='lat' dir='ltr'><strong>apparent.</strong></span> <span class='ocrx_word' id='word_1_211' title='bbox 1633 2878 1819 2932; x_wconf 88' lang='lat' dir='ltr'><strong>Itidem</strong></span> <span class='ocrx_word' id='word_1_212' title='bbox 1854 2879 2077 2933; x_wconf 88' lang='lat' dir='ltr'><strong>multum</strong></span> 
     </span>
    </p>
   </div>
   <div class='ocr_carea' id='block_1_32' title="bbox 513 2965 2081 3038">
    <p class='ocr_par' dir='ltr' id='par_1_32' title="bbox 513 2965 2081 3038">
     <span class='ocr_line' id='line_1_32' title="bbox 513 2965 2081 3038; baseline 0.004 -22"><span class='ocrx_word' id='word_1_213' title='bbox 513 2978 609 3030; x_wconf 83' lang='lat' dir='ltr'><strong>spe</strong></span> <span class='ocrx_word' id='word_1_214' title='bbox 653 2981 746 3020; x_wconf 90' lang='lat' dir='ltr'><strong>sua</strong></span> <span class='ocrx_word' id='word_1_215' title='bbox 777 2965 1034 3022; x_wconf 86' lang='lat' dir='ltr'><strong>frustrari</strong></span> <span class='ocrx_word' id='word_1_216' title='bbox 1062 2979 1224 3036; x_wconf 87' lang='lat' dir='ltr'><strong>atque</strong></span> <span class='ocrx_word' id='word_1_217' title='bbox 1257 2968 1456 3038; x_wconf 79' lang='lat' dir='ltr'><strong>decipi,</strong></span> <span class='ocrx_word' id='word_1_218' title='bbox 1495 2970 1780 3024; x_wconf 87' lang='lat' dir='ltr'><strong>molestum</strong></span> <span class='ocrx_word' id='word_1_219' title='bbox 1812 2981 1913 3024; x_wconf 84' lang='lat' dir='ltr'><strong>est.</strong></span> <span class='ocrx_word' id='word_1_220' title='bbox 1951 2969 2081 3035; x_wconf 64' lang='lat' dir='ltr'><strong>Quae</strong></span> 
     </span>
    </p>
   </div>
   <div class='ocr_carea' id='block_1_33' title="bbox 513 3059 2084 3126">
    <p class='ocr_par' dir='ltr' id='par_1_33' title="bbox 513 3059 2084 3126">
     <span class='ocr_line' id='line_1_33' title="bbox 513 3059 2084 3126; baseline 0.003 -17"><span class='ocrx_word' id='word_1_221' title='bbox 513 3070 645 3109; x_wconf 74' lang='lat' dir='ltr'><strong>sane</strong></span> <span class='ocrx_word' id='word_1_222' title='bbox 675 3061 993 3126; x_wconf 89' lang='lat' dir='ltr'><strong>&#39;quanquam</strong></span> <span class='ocrx_word' id='word_1_223' title='bbox 1040 3059 1198 3114; x_wconf 78' lang='lat' dir='ltr'><strong>nobis</strong></span> <span class='ocrx_word' id='word_1_224' title='bbox 1247 3060 1516 3123; x_wconf 87' lang='lat' dir='ltr'><strong>accidant,</strong></span> <span class='ocrx_word' id='word_1_225' title='bbox 1586 3076 1693 3115; x_wconf 92' lang='lat' dir='ltr'><strong>non</strong></span> <span class='ocrx_word' id='word_1_226' title='bbox 1746 3069 1926 3114; x_wconf 86' lang='lat' dir='ltr'><strong>tamen</strong></span> <span class='ocrx_word' id='word_1_227' title='bbox 1979 3075 2084 3115; x_wconf 92' lang='lat' dir='ltr'><strong>nos</strong></span> 
     </span>
    </p>
   </div>
   <div class='ocr_carea' id='block_1_34' title="bbox 515 3148 2154 3225">
    <p class='ocr_par' dir='ltr' id='par_1_34' title="bbox 515 3148 2154 3225">
     <span class='ocr_line' id='line_1_34' title="bbox 515 3148 2154 3225; baseline 0.001 -23"><span class='ocrx_word' id='word_1_228' title='bbox 515 3148 866 3212; x_wconf 84' lang='lat' dir='ltr'><strong>extricatnus,</strong></span> <span class='ocrx_word' id='word_1_229' title='bbox 899 3151 993 3204; x_wconf 89' lang='lat' dir='ltr'><strong>sed</strong></span> <span class='ocrx_word' id='word_1_230' title='bbox 1026 3150 1356 3220; x_wconf 88' lang='lat' dir='ltr'><strong>voluptatem</strong></span> <span class='ocrx_word' id='word_1_231' title='bbox 1381 3160 1684 3218; x_wconf 64' lang='lat' dir='ltr'><strong>quaerentes</strong></span> <span class='ocrx_word' id='word_1_232' title='bbox 1706 3153 1885 3206; x_wconf 87' lang='lat' dir='ltr'><strong>studio</strong></span> <span class='ocrx_word' id='word_1_233' title='bbox 1907 3167 2081 3221; x_wconf 89' lang='lat' dir='ltr'><strong>quan-</strong></span> <span class='ocrx_word' id='word_1_234' title='bbox 2109 3162 2154 3225; x_wconf 74' lang='grc' dir='ltr'>ο</span> 
     </span>
    </p>
   </div>
   <div class='ocr_carea' id='block_1_35' title="bbox 521 3240 2084 3312">
    <p class='ocr_par' dir='ltr' id='par_1_35' title="bbox 521 3240 2084 3312">
     <span class='ocr_line' id='line_1_35' title="bbox 521 3240 2084 3312; baseline 0.001 -18"><span class='ocrx_word' id='word_1_235' title='bbox 521 3249 580 3294; x_wconf 86' lang='grc' dir='ltr'><strong>ιο</strong></span> <span class='ocrx_word' id='word_1_236' title='bbox 611 3240 712 3294; x_wconf 90' lang='lat' dir='ltr'><strong>dici</strong></span> <span class='ocrx_word' id='word_1_237' title='bbox 745 3240 983 3294; x_wconf 85' lang='lat' dir='ltr'><strong>maximo</strong></span> <span class='ocrx_word' id='word_1_238' title='bbox 1015 3249 1194 3308; x_wconf 84' lang='lat' dir='ltr'><strong>potest</strong></span> <span class='ocrx_word' id='word_1_239' title='bbox 1224 3241 1484 3309; x_wconf 89' lang='lat' dir='ltr'><strong>quotidie,</strong></span> <span class='ocrx_word' id='word_1_240' title='bbox 1511 3243 1740 3310; x_wconf 73' lang='lat' dir='ltr'><strong>singulis</strong></span> <span class='ocrx_word' id='word_1_241' title='bbox 1767 3243 1934 3308; x_wconf 84' lang='lat' dir='ltr'><strong>horis,</strong></span> <span class='ocrx_word' id='word_1_242' title='bbox 1962 3243 2084 3312; x_wconf 88' lang='lat' dir='ltr'><strong>qui-</strong></span> 
     </span>
    </p>
   </div>
   <div class='ocr_carea' id='block_1_36' title="bbox 525 3332 2086 3404">
    <p class='ocr_par' dir='ltr' id='par_1_36' title="bbox 525 3332 2086 3404">
     <span class='ocr_line' id='line_1_36' title="bbox 525 3332 2086 3404; baseline 0.002 -19"><span class='ocrx_word' id='word_1_243' title='bbox 525 3332 714 3386; x_wconf 64' lang='lat' dir='ltr'><strong>busvis</strong></span> <span class='ocrx_word' id='word_1_244' title='bbox 745 3333 1141 3397; x_wconf 88' lang='lat' dir='ltr'><strong>molitionibus,</strong></span> <span class='ocrx_word' id='word_1_245' title='bbox 1169 3333 1342 3388; x_wconf 90' lang='lat' dir='ltr'><strong>modis</strong></span> <span class='ocrx_word' id='word_1_246' title='bbox 1367 3333 1618 3389; x_wconf 87' lang='lat' dir='ltr'><strong>omnibus</strong></span> <span class='ocrx_word' id='word_1_247' title='bbox 1643 3352 1658 3400; x_wconf 91' lang='lat'><strong>;</strong></span> <span class='ocrx_word' id='word_1_248' title='bbox 1691 3351 1813 3388; x_wconf 81' lang='lat' dir='ltr'><strong>mox</strong></span> <span class='ocrx_word' id='word_1_249' title='bbox 1852 3336 1940 3388; x_wconf 91' lang='lat' dir='ltr'><strong>ubi</strong></span> <span class='ocrx_word' id='word_1_250' title='bbox 1969 3335 2086 3404; x_wconf 88' lang='lat' dir='ltr'><strong>plu-</strong></span> 
     </span>
    </p>
   </div>
   <div class='ocr_carea' id='block_1_37' title="bbox 519 3425 2085 3494">
    <p class='ocr_par' dir='ltr' id='par_1_37' title="bbox 519 3425 2085 3494">
     <span class='ocr_line' id='line_1_37' title="bbox 519 3425 2085 3494; baseline 0.002 -16"><span class='ocrx_word' id='word_1_251' title='bbox 519 3428 717 3479; x_wconf 87' lang='lat' dir='ltr'><strong>rituum</strong></span> <span class='ocrx_word' id='word_1_252' title='bbox 759 3440 788 3478; x_wconf 87' lang='lat' dir='ltr'><strong>a</strong></span> <span class='ocrx_word' id='word_1_253' title='bbox 821 3440 988 3494; x_wconf 90' lang='lat' dir='ltr'><strong>scopo</strong></span> <span class='ocrx_word' id='word_1_254' title='bbox 1033 3425 1375 3489; x_wconf 85' lang='lat' dir='ltr'><strong>aberramus,</strong></span> <span class='ocrx_word' id='word_1_255' title='bbox 1414 3426 1554 3494; x_wconf 78' lang='lat' dir='ltr'><strong>ringi</strong></span> <span class='ocrx_word' id='word_1_256' title='bbox 1588 3441 1686 3480; x_wconf 89' lang='lat' dir='ltr'><strong>nos</strong></span> <span class='ocrx_word' id='word_1_257' title='bbox 1715 3426 1940 3480; x_wconf 90' lang='lat' dir='ltr'><strong>omnino</strong></span> <span class='ocrx_word' id='word_1_258' title='bbox 1987 3440 2085 3481; x_wconf 87' lang='lat' dir='ltr'><strong>ne-</strong></span> 
     </span>
    </p>
   </div>
   <div class='ocr_carea' id='block_1_38' title="bbox 521 3518 2086 3587">
    <p class='ocr_par' dir='ltr' id='par_1_38' title="bbox 521 3518 2086 3587">
     <span class='ocr_line' id='line_1_38' title="bbox 521 3518 2086 3587; baseline 0.001 -15"><span class='ocrx_word' id='word_1_259' title='bbox 521 3533 676 3572; x_wconf 88' lang='lat' dir='ltr'><strong>cesse</strong></span> <span class='ocrx_word' id='word_1_260' title='bbox 725 3525 829 3572; x_wconf 90' lang='lat' dir='ltr'><strong>est.</strong></span> <span class='ocrx_word' id='word_1_261' title='bbox 883 3519 1060 3587; x_wconf 78' lang='lat' dir='ltr'><strong>Atque</strong></span> <span class='ocrx_word' id='word_1_262' title='bbox 1097 3519 1201 3572; x_wconf 90' lang='lat' dir='ltr'><strong>hoc</strong></span> <span class='ocrx_word' id='word_1_263' title='bbox 1226 3518 1452 3583; x_wconf 88' lang='lat' dir='ltr'><strong>malum,</strong></span> <span class='ocrx_word' id='word_1_264' title='bbox 1483 3533 1608 3572; x_wconf 91' lang='lat' dir='ltr'><strong>cum</strong></span> <span class='ocrx_word' id='word_1_265' title='bbox 1637 3518 1903 3572; x_wconf 86' lang='lat' dir='ltr'><strong>continuo</strong></span> <span class='ocrx_word' id='word_1_266' title='bbox 1931 3520 2086 3574; x_wconf 88' lang='lat' dir='ltr'><strong>nobis</strong></span> 
     </span>
    </p>
   </div>
   <div class='ocr_carea' id='block_1_39' title="bbox 521 3611 2088 3680">
    <p class='ocr_par' dir='ltr' id='par_1_39' title="bbox 521 3611 2088 3680">
     <span class='ocr_line' id='line_1_39' title="bbox 521 3611 2088 3680; baseline 0.001 -16"><span class='ocrx_word' id='word_1_267' title='bbox 521 3611 753 3674; x_wconf 76' lang='lat' dir='ltr'><strong>accidat,</strong></span> <span class='ocrx_word' id='word_1_268' title='bbox 788 3612 929 3680; x_wconf 86' lang='lat' dir='ltr'><strong>quod</strong></span> <span class='ocrx_word' id='word_1_269' title='bbox 963 3611 1006 3665; x_wconf 90' lang='lat' dir='ltr'><strong>si</strong></span> <span class='ocrx_word' id='word_1_270' title='bbox 1041 3612 1162 3679; x_wconf 88' lang='lat' dir='ltr'><strong>quis</strong></span> <span class='ocrx_word' id='word_1_271' title='bbox 1189 3611 1508 3665; x_wconf 88' lang='lat' dir='ltr'><strong>servitutem</strong></span> <span class='ocrx_word' id='word_1_272' title='bbox 1545 3611 1914 3679; x_wconf 85' lang='lat' dir='ltr'><strong>appellaverit,</strong></span> <span class='ocrx_word' id='word_1_273' title='bbox 1943 3622 2088 3666; x_wconf 92' lang='lat' dir='ltr'><strong>recte</strong></span> 
     </span>
    </p>
   </div>
   <div class='ocr_carea' id='block_1_40' title="bbox 521 3699 2088 3770">
    <p class='ocr_par' dir='ltr' id='par_1_40' title="bbox 521 3699 2088 3770">
     <span class='ocr_line' id='line_1_40' title="bbox 521 3699 2088 3770; baseline 0.001 -18"><span class='ocrx_word' id='word_1_274' title='bbox 521 3713 650 3753; x_wconf 86' lang='lat' dir='ltr'><strong>sane</strong></span> <span class='ocrx_word' id='word_1_275' title='bbox 677 3699 970 3769; x_wconf 89' lang='lat' dir='ltr'><strong>loquetur:</strong></span> <span class='ocrx_word' id='word_1_276' title='bbox 1005 3699 1133 3754; x_wconf 87' lang='lat' dir='ltr'><strong>licet</strong></span> <span class='ocrx_word' id='word_1_277' title='bbox 1171 3701 1405 3769; x_wconf 90' lang='lat' dir='ltr'><strong>optanda</strong></span> <span class='ocrx_word' id='word_1_278' title='bbox 1440 3699 1662 3754; x_wconf 85' lang='lat' dir='ltr'><strong>libertas</strong></span> <span class='ocrx_word' id='word_1_279' title='bbox 1694 3701 1788 3764; x_wconf 86' lang='lat' dir='ltr'><strong>sit,</strong></span> <span class='ocrx_word' id='word_1_280' title='bbox 1823 3709 1878 3754; x_wconf 91' lang='lat' dir='ltr'><strong>et</strong></span> <span class='ocrx_word' id='word_1_281' title='bbox 1923 3714 2088 3770; x_wconf 81' lang='lat' dir='ltr'><strong>expe-</strong></span> 
     </span>
    </p>
   </div>
   <div class='ocr_carea' id='block_1_41' title="bbox 525 3790 2085 3855">
    <p class='ocr_par' dir='ltr' id='par_1_41' title="bbox 525 3790 2085 3855">
     <span class='ocr_line' id='line_1_41' title="bbox 525 3790 2085 3855; baseline 0.002 -12"><span class='ocrx_word' id='word_1_282' title='bbox 525 3791 685 3844; x_wconf 89' lang='lat' dir='ltr'><strong>tenda</strong></span> <span class='ocrx_word' id='word_1_283' title='bbox 735 3791 982 3846; x_wconf 85' lang='lat' dir='ltr'><strong>studiose</strong></span> <span class='ocrx_word' id='word_1_284' title='bbox 1032 3792 1371 3855; x_wconf 88' lang='lat' dir='ltr'><strong>immunitas,</strong></span> <span class='ocrx_word' id='word_1_285' title='bbox 1409 3805 1505 3848; x_wconf 90' lang='lat' dir='ltr'><strong>nos</strong></span> <span class='ocrx_word' id='word_1_286' title='bbox 1551 3801 1730 3844; x_wconf 89' lang='lat' dir='ltr'><strong>tamen</strong></span> <span class='ocrx_word' id='word_1_287' title='bbox 1765 3791 1839 3844; x_wconf 91' lang='lat' dir='ltr'><strong>rei</strong></span> <span class='ocrx_word' id='word_1_288' title='bbox 1879 3790 2085 3846; x_wconf 90' lang='lat' dir='ltr'><strong>demul-</strong></span> 
     </span>
    </p>
   </div>
   <div class='ocr_carea' id='block_1_42' title="bbox 523 3883 2092 3954">
    <p class='ocr_par' dir='ltr' id='par_1_42' title="bbox 523 3883 2092 3954">
     <span class='ocr_line' id='line_1_42' title="bbox 523 3883 2092 3954; baseline 0.003 -19"><span class='ocrx_word' id='word_1_289' title='bbox 523 3884 703 3936; x_wconf 84' lang='lat' dir='ltr'><strong>centis</strong></span> <span class='ocrx_word' id='word_1_290' title='bbox 769 3884 1188 3954; x_wconf 77' lang='lat' dir='ltr'><strong>investigatione</strong></span> <span class='ocrx_word' id='word_1_291' title='bbox 1234 3884 1561 3948; x_wconf 84' lang='lat' dir='ltr'><strong>detinentur,</strong></span> <span class='ocrx_word' id='word_1_292' title='bbox 1607 3891 1659 3938; x_wconf 89' lang='lat' dir='ltr'><strong>et</strong></span> <span class='ocrx_word' id='word_1_293' title='bbox 1710 3883 1873 3951; x_wconf 86' lang='lat' dir='ltr'><strong>priori</strong></span> <span class='ocrx_word' id='word_1_294' title='bbox 1912 3885 2092 3939; x_wconf 89' lang='lat' dir='ltr'><strong>studio</strong></span> 
     </span>
    </p>
   </div>
   <div class='ocr_carea' id='block_1_43' title="bbox 524 3969 2093 4041">
    <p class='ocr_par' dir='ltr' id='par_1_43' title="bbox 524 3969 2093 4041">
     <span class='ocr_line' id='line_1_43' title="bbox 524 3969 2093 4041; baseline 0.004 -20"><span class='ocrx_word' id='word_1_295' title='bbox 524 3969 759 4023; x_wconf 86' lang='lat' dir='ltr'><strong>studium</strong></span> <span class='ocrx_word' id='word_1_296' title='bbox 805 3970 950 4024; x_wconf 86' lang='lat' dir='ltr'><strong>aliud</strong></span> <span class='ocrx_word' id='word_1_297' title='bbox 1007 3973 1282 4026; x_wconf 87' lang='lat' dir='ltr'><strong>ardentius</strong></span> <span class='ocrx_word' id='word_1_298' title='bbox 1342 3987 1561 4041; x_wconf 83' lang='lat' dir='ltr'><strong>semper</strong></span> <span class='ocrx_word' id='word_1_299' title='bbox 1607 3971 1970 4040; x_wconf 76' lang='lat' dir='ltr'><strong>adjungimus.</strong></span> <span class='ocrx_word' id='word_1_300' title='bbox 2014 3974 2093 4028; x_wconf 82' lang='lat' dir='ltr'><strong>Ac</strong></span> 
     </span>
    </p>
   </div>
   <div class='ocr_carea' id='block_1_44' title="bbox 526 4059 2090 4130">
    <p class='ocr_par' dir='ltr' id='par_1_44' title="bbox 526 4059 2090 4130">
     <span class='ocr_line' id='line_1_44' title="bbox 526 4059 2090 4130; baseline 0.005 -20"><span class='ocrx_word' id='word_1_301' title='bbox 526 4059 737 4114; x_wconf 89' lang='lat' dir='ltr'><strong>videtur</strong></span> <span class='ocrx_word' id='word_1_302' title='bbox 763 4063 982 4129; x_wconf 88' lang='lat' dir='ltr'><strong>quidem</strong></span> <span class='ocrx_word' id='word_1_303' title='bbox 1011 4075 1162 4118; x_wconf 89' lang='lat' dir='ltr'><strong>certe</strong></span> <span class='ocrx_word' id='word_1_304' title='bbox 1195 4065 1370 4119; x_wconf 89' lang='lat' dir='ltr'><strong>dirum</strong></span> <span class='ocrx_word' id='word_1_305' title='bbox 1405 4065 1505 4119; x_wconf 92' lang='lat' dir='ltr'><strong>hoc</strong></span> <span class='ocrx_word' id='word_1_306' title='bbox 1536 4065 1686 4118; x_wconf 89' lang='lat' dir='ltr'><strong>nobis</strong></span> <span class='ocrx_word' id='word_1_307' title='bbox 1714 4080 1840 4119; x_wconf 89' lang='lat' dir='ltr'><strong>esse</strong></span> <span class='ocrx_word' id='word_1_308' title='bbox 1866 4065 2090 4130; x_wconf 88' lang='lat' dir='ltr'><strong>malum,</strong></span> 
     </span>
    </p>
   </div>
   <div class='ocr_carea' id='block_1_45' title="bbox 527 4145 2094 4224">
    <p class='ocr_par' dir='ltr' id='par_1_45' title="bbox 527 4145 2094 4224">
     <span class='ocr_line' id='line_1_45' title="bbox 527 4145 2094 4224; baseline 0.004 -23"><span class='ocrx_word' id='word_1_309' title='bbox 527 4151 886 4220; x_wconf 69' lang='lat' dir='ltr'><strong>ignavumque</strong></span> <span class='ocrx_word' id='word_1_310' title='bbox 908 4155 1075 4208; x_wconf 82' lang='lat' dir='ltr'><strong>vitam</strong></span> <span class='ocrx_word' id='word_1_311' title='bbox 1107 4170 1296 4209; x_wconf 89' lang='lat' dir='ltr'><strong>omnes</strong></span> <span class='ocrx_word' id='word_1_312' title='bbox 1330 4155 1720 4224; x_wconf 88' lang='lat' dir='ltr'><strong>vituperamus,</strong></span> <span class='ocrx_word' id='word_1_313' title='bbox 1756 4170 1818 4209; x_wconf 89' lang='lat' dir='ltr'><strong>ac</strong></span> <span class='ocrx_word' id='word_1_314' title='bbox 1850 4145 2094 4224; x_wconf 71' lang='lat' dir='ltr'><strong>volupta-</strong></span> 
     </span>
    </p>
   </div>
   <div class='ocr_carea' id='block_1_46' title="bbox 528 4242 2093 4309">
    <p class='ocr_par' dir='ltr' id='par_1_46' title="bbox 528 4242 2093 4309">
     <span class='ocr_line' id='line_1_46' title="bbox 528 4242 2093 4309; baseline 0.005 -17"><span class='ocrx_word' id='word_1_315' title='bbox 528 4242 672 4294; x_wconf 86' lang='lat' dir='ltr'><strong>tibus</strong></span> <span class='ocrx_word' id='word_1_316' title='bbox 696 4257 815 4296; x_wconf 84' lang='lat' dir='ltr'><strong>esse</strong></span> <span class='ocrx_word' id='word_1_317' title='bbox 848 4244 1110 4309; x_wconf 85' lang='lat' dir='ltr'><strong>deditum,</strong></span> <span class='ocrx_word' id='word_1_318' title='bbox 1141 4261 1348 4299; x_wconf 87' lang='lat' dir='ltr'><strong>meram</strong></span> <span class='ocrx_word' id='word_1_319' title='bbox 1379 4261 1634 4300; x_wconf 89' lang='lat' dir='ltr'><strong>vocamus</strong></span> <span class='ocrx_word' id='word_1_320' title='bbox 1656 4245 1927 4301; x_wconf 86' lang='lat' dir='ltr'><strong>insaniam</strong></span> <span class='ocrx_word' id='word_1_321' title='bbox 1954 4264 1970 4304; x_wconf 87' lang='lat'><strong>:</strong></span> <span class='ocrx_word' id='word_1_322' title='bbox 1999 4248 2093 4300; x_wconf 89' lang='lat' dir='ltr'><strong>sed</strong></span> 
     </span>
    </p>
   </div>
   <div class='ocr_carea' id='block_1_47' title="bbox 531 4332 2096 4400">
    <p class='ocr_par' dir='ltr' id='par_1_47' title="bbox 531 4332 2096 4400">
     <span class='ocr_line' id='line_1_47' title="bbox 531 4332 2096 4400; baseline 0.006 -17"><span class='ocrx_word' id='word_1_323' title='bbox 531 4332 744 4385; x_wconf 90' lang='lat' dir='ltr'><strong>interim</strong></span> <span class='ocrx_word' id='word_1_324' title='bbox 777 4349 878 4386; x_wconf 90' lang='lat' dir='ltr'><strong>non</strong></span> <span class='ocrx_word' id='word_1_325' title='bbox 920 4334 1079 4388; x_wconf 79' lang='lat' dir='ltr'><strong>facile</strong></span> <span class='ocrx_word' id='word_1_326' title='bbox 1119 4351 1305 4389; x_wconf 88' lang='lat' dir='ltr'><strong>sanam</strong></span> <span class='ocrx_word' id='word_1_327' title='bbox 1340 4336 1405 4390; x_wconf 88' lang='lat' dir='ltr'><strong>ad</strong></span> <span class='ocrx_word' id='word_1_328' title='bbox 1439 4343 1672 4388; x_wconf 88' lang='lat' dir='ltr'><strong>mentem</strong></span> <span class='ocrx_word' id='word_1_329' title='bbox 1702 4335 1966 4400; x_wconf 89' lang='lat' dir='ltr'><strong>redimus,</strong></span> <span class='ocrx_word' id='word_1_330' title='bbox 1998 4352 2096 4392; x_wconf 89' lang='lat' dir='ltr'><strong>nec</strong></span> 
     </span>
    </p>
   </div>
   <div class='ocr_carea' id='block_1_48' title="bbox 530 4425 2090 4498">
    <p class='ocr_par' dir='ltr' id='par_1_48' title="bbox 530 4425 2090 4498">
     <span class='ocr_line' id='line_1_48' title="bbox 530 4425 2090 4498; baseline 0.005 -23"><span class='ocrx_word' id='word_1_331' title='bbox 530 4435 723 4489; x_wconf 88' lang='lat' dir='ltr'><strong>sponte</strong></span> <span class='ocrx_word' id='word_1_332' title='bbox 766 4435 947 4477; x_wconf 89' lang='lat' dir='ltr'><strong>nostra</strong></span> <span class='ocrx_word' id='word_1_333' title='bbox 994 4425 1310 4480; x_wconf 82' lang='lat' dir='ltr'><strong>desistimus</strong></span> <span class='ocrx_word' id='word_1_334' title='bbox 1340 4427 1406 4480; x_wconf 88' lang='lat' dir='ltr'><strong>ab</strong></span> <span class='ocrx_word' id='word_1_335' title='bbox 1439 4427 1539 4480; x_wconf 88' lang='lat' dir='ltr'><strong>hac</strong></span> <span class='ocrx_word' id='word_1_336' title='bbox 1599 4427 1810 4480; x_wconf 89' lang='lat' dir='ltr'><strong>insania</strong></span> <span class='ocrx_word' id='word_1_337' title='bbox 1840 4444 1962 4498; x_wconf 67' lang='lat' dir='ltr'><strong>quae</strong></span> <span class='ocrx_word' id='word_1_338' title='bbox 1995 4445 2090 4483; x_wconf 56' lang='lat' dir='ltr'><strong>vo-</strong></span> 
     </span>
    </p>
   </div>
   <div class='ocr_carea' id='block_1_49' title="bbox 532 4487 2167 4587">
    <p class='ocr_par' dir='ltr' id='par_1_49' title="bbox 532 4487 2167 4587">
     <span class='ocr_line' id='line_1_49' title="bbox 532 4487 2167 4587; baseline 0.005 -21"><span class='ocrx_word' id='word_1_339' title='bbox 532 4515 762 4567; x_wconf 89' lang='lat' dir='ltr'><strong>luntaria</strong></span> <span class='ocrx_word' id='word_1_340' title='bbox 810 4515 934 4586; x_wconf 89' lang='lat' dir='ltr'><strong>jure</strong></span> <span class='ocrx_word' id='word_1_341' title='bbox 969 4526 1335 4587; x_wconf 90' lang='lat' dir='ltr'><strong>nuncupatur.</strong></span> <span class='ocrx_word' id='word_1_342' title='bbox 1369 4517 1489 4583; x_wconf 88' lang='lat' dir='ltr'><strong>Quo</strong></span> <span class='ocrx_word' id='word_1_343' title='bbox 1520 4519 1662 4572; x_wconf 90' lang='lat' dir='ltr'><strong>enim</strong></span> <span class='ocrx_word' id='word_1_344' title='bbox 1693 4529 1852 4587; x_wconf 88' lang='lat' dir='ltr'><strong>pacto</strong></span> <span class='ocrx_word' id='word_1_345' title='bbox 1884 4536 1989 4575; x_wconf 92' lang='lat' dir='ltr'><strong>non</strong></span> <span class='ocrx_word' id='word_1_346' title='bbox 2025 4522 2092 4576; x_wconf 92' lang='lat' dir='ltr'><strong>il-</strong></span> <span class='ocrx_word' id='word_1_347' title='bbox 2123 4487 2167 4542; x_wconf 65' lang='grc' dir='ltr'>ί)</span> 
     </span>
    </p>
   </div>
   <div class='ocr_carea' id='block_1_50' title="bbox 530 4605 2097 4670">
    <p class='ocr_par' dir='ltr' id='par_1_50' title="bbox 530 4605 2097 4670">
     <span class='ocr_line' id='line_1_50' title="bbox 530 4605 2097 4670; baseline 0.006 -15"><span class='ocrx_word' id='word_1_348' title='bbox 530 4606 624 4659; x_wconf 71' lang='grc' dir='ltr'>Ιπξο</span> <span class='ocrx_word' id='word_1_349' title='bbox 648 4605 930 4659; x_wconf 86' lang='lat' dir='ltr'><strong>manifesta</strong></span> <span class='ocrx_word' id='word_1_350' title='bbox 963 4605 1126 4660; x_wconf 86' lang='lat' dir='ltr'><strong>fuerit</strong></span> <span class='ocrx_word' id='word_1_351' title='bbox 1156 4607 1392 4670; x_wconf 84' lang='lat' dir='ltr'><strong>insania.</strong></span> <span class='ocrx_word' id='word_1_352' title='bbox 1418 4610 1461 4663; x_wconf 89' lang='lat' dir='ltr'><strong>si</strong></span> <span class='ocrx_word' id='word_1_353' title='bbox 1490 4608 1612 4662; x_wconf 88' lang='lat' dir='ltr'><strong>tnali</strong></span> <span class='ocrx_word' id='word_1_354' title='bbox 1643 4610 1862 4665; x_wconf 90' lang='lat' dir='ltr'><strong>nomine</strong></span> <span class='ocrx_word' id='word_1_355' title='bbox 1887 4623 2097 4667; x_wconf 92' lang='lat' dir='ltr'><strong>uosmet</strong></span> 
     </span>
    </p>
   </div>
   <div class='ocr_carea' id='block_1_51' title="bbox 525 4697 2098 4768">
    <p class='ocr_par' dir='ltr' id='par_1_51' title="bbox 525 4697 2098 4768">
     <span class='ocr_line' id='line_1_51' title="bbox 525 4697 2098 4768; baseline 0.011 -27"><span class='ocrx_word' id='word_1_356' title='bbox 525 4697 818 4766; x_wconf 63' lang='lat' dir='ltr'><strong>iaciemus,</strong></span> <span class='ocrx_word' id='word_1_357' title='bbox 883 4699 1106 4768; x_wconf 83' lang='lat' dir='ltr'><strong>ejusque</strong></span> <span class='ocrx_word' id='word_1_358' title='bbox 1160 4699 1404 4768; x_wconf 80' lang='lat' dir='ltr'><strong>vestigiis</strong></span> <span class='ocrx_word' id='word_1_359' title='bbox 1459 4700 1758 4756; x_wconf 77' lang='lat' dir='ltr'><strong>iusiStendo</strong></span> <span class='ocrx_word' id='word_1_360' title='bbox 1829 4703 2098 4758; x_wconf 86' lang='lat' dir='ltr'><strong>nobismet</strong></span> 
     </span>
    </p>
   </div>
   <div class='ocr_carea' id='block_1_52' title="bbox 530 4776 2096 4864">
    <p class='ocr_par' dir='ltr' id='par_1_52' title="bbox 530 4776 2096 4864">
     <span class='ocr_line' id='line_1_52' title="bbox 530 4776 2096 4864; baseline 0.006 -24"><span class='ocrx_word' id='word_1_361' title='bbox 530 4790 860 4858; x_wconf 84' lang='lat' dir='ltr'><strong>placeamus,</strong></span> <span class='ocrx_word' id='word_1_362' title='bbox 911 4807 1034 4844; x_wconf 90' lang='lat' dir='ltr'><strong>cum</strong></span> <span class='ocrx_word' id='word_1_363' title='bbox 1070 4776 1254 4860; x_wconf 85' lang='lat' dir='ltr'><strong>potius</strong></span> <span class='ocrx_word' id='word_1_364' title='bbox 1301 4791 1690 4848; x_wconf 86' lang='lat' dir='ltr'><strong>erubescentes</strong></span> <span class='ocrx_word' id='word_1_365' title='bbox 1742 4794 1893 4848; x_wconf 91' lang='lat' dir='ltr'><strong>vultu</strong></span> <span class='ocrx_word' id='word_1_366' title='bbox 1943 4796 2096 4864; x_wconf 86' lang='lat' dir='ltr'><strong>quasi</strong></span> 
     </span>
    </p>
   </div>
   <div class='ocr_carea' id='block_1_53' title="bbox 534 4881 2101 4951">
    <p class='ocr_par' dir='ltr' id='par_1_53' title="bbox 534 4881 2101 4951">
     <span class='ocr_line' id='line_1_53' title="bbox 534 4881 2101 4951; baseline 0.004 -19"><span class='ocrx_word' id='word_1_367' title='bbox 534 4892 677 4934; x_wconf 87' lang='lat' dir='ltr'><strong>tccto</strong></span> <span class='ocrx_word' id='word_1_368' title='bbox 706 4882 1052 4936; x_wconf 89' lang='lat' dir='ltr'><strong>retrocedere</strong></span> <span class='ocrx_word' id='word_1_369' title='bbox 1093 4881 1351 4938; x_wconf 73' lang='lat' dir='ltr'><strong>deceret?</strong></span> <span class='ocrx_word' id='word_1_370' title='bbox 1384 4881 1505 4937; x_wconf 74' lang='lat' dir='ltr'><strong>1am</strong></span> <span class='ocrx_word' id='word_1_371' title='bbox 1539 4885 1679 4951; x_wconf 89' lang='lat' dir='ltr'><strong>quod</strong></span> <span class='ocrx_word' id='word_1_372' title='bbox 1714 4887 1950 4940; x_wconf 82' lang='lat' dir='ltr'><strong>maxime</strong></span> <span class='ocrx_word' id='word_1_373' title='bbox 1986 4904 2101 4940; x_wconf 60' lang='lat' dir='ltr'><strong>om.</strong></span> 
     </span>
    </p>
   </div>
   <div class='ocr_carea' id='block_1_54' title="bbox 531 4973 2098 5046">
    <p class='ocr_par' dir='ltr' id='par_1_54' title="bbox 531 4973 2098 5046">
     <span class='ocr_line' id='line_1_54' title="bbox 531 4973 2098 5046; baseline 0.006 -23"><span class='ocrx_word' id='word_1_374' title='bbox 531 4973 678 5026; x_wconf 89' lang='lat' dir='ltr'><strong>nium</strong></span> <span class='ocrx_word' id='word_1_375' title='bbox 706 4975 1033 5043; x_wconf 83' lang='lat' dir='ltr'><strong>reprehendi</strong></span> <span class='ocrx_word' id='word_1_376' title='bbox 1066 4982 1325 5038; x_wconf 91' lang='lat' dir='ltr'><strong>meretur,</strong></span> <span class='ocrx_word' id='word_1_377' title='bbox 1359 4991 1425 5029; x_wconf 85' lang='lat' dir='ltr'><strong>ne</strong></span> <span class='ocrx_word' id='word_1_378' title='bbox 1456 4974 1652 5030; x_wconf 89' lang='lat' dir='ltr'><strong>damno</strong></span> <span class='ocrx_word' id='word_1_379' title='bbox 1676 4977 1893 5046; x_wconf 83' lang='lat' dir='ltr'><strong>quidem</strong></span> <span class='ocrx_word' id='word_1_380' title='bbox 1921 4978 2098 5032; x_wconf 84' lang='lat' dir='ltr'><strong>allecti</strong></span> 
     </span>
    </p>
   </div>
   <div class='ocr_carea' id='block_1_55' title="bbox 530 5065 2103 5135">
    <p class='ocr_par' dir='ltr' id='par_1_55' title="bbox 530 5065 2103 5135">
     <span class='ocr_line' id='line_1_55' title="bbox 530 5065 2103 5135; baseline 0.004 -18"><span class='ocrx_word' id='word_1_381' title='bbox 530 5066 790 5132; x_wconf 82' lang='lat' dir='ltr'><strong>sapimus,</strong></span> <span class='ocrx_word' id='word_1_382' title='bbox 825 5067 965 5135; x_wconf 90' lang='lat' dir='ltr'><strong>quod</strong></span> <span class='ocrx_word' id='word_1_383' title='bbox 1019 5077 1195 5121; x_wconf 91' lang='lat' dir='ltr'><strong>tamen</strong></span> <span class='ocrx_word' id='word_1_384' title='bbox 1230 5077 1284 5121; x_wconf 90' lang='lat' dir='ltr'><strong>et</strong></span> <span class='ocrx_word' id='word_1_385' title='bbox 1332 5065 1512 5121; x_wconf 89' lang='lat' dir='ltr'><strong>stultis</strong></span> <span class='ocrx_word' id='word_1_386' title='bbox 1546 5065 1811 5123; x_wconf 86' lang='lat' dir='ltr'><strong>Hesiodus</strong></span> <span class='ocrx_word' id='word_1_387' title='bbox 1855 5071 2103 5124; x_wconf 82' lang='lat' dir='ltr'><strong>attribuit</strong></span> 
     </span>
    </p>
   </div>
   <div class='ocr_carea' id='block_1_56' title="bbox 531 5156 2100 5236">
    <p class='ocr_par' dir='ltr' id='par_1_56' title="bbox 531 5156 2100 5236">
     <span class='ocr_line' id='line_1_56' title="bbox 531 5156 2100 5236; baseline 0.006 -28"><span class='ocrx_word' id='word_1_388' title='bbox 531 5171 652 5208; x_wconf 88' lang='lat' dir='ltr'><strong>cum</strong></span> <span class='ocrx_word' id='word_1_389' title='bbox 681 5156 774 5217; x_wconf 90' lang='lat' dir='ltr'><strong>ait,</strong></span> <span class='ocrx_word' id='word_1_390' title='bbox 824 5158 1050 5212; x_wconf 86' lang='lat' dir='ltr'><strong>stultum</strong></span> <span class='ocrx_word' id='word_1_391' title='bbox 1107 5158 1311 5228; x_wconf 85' lang='lat' dir='ltr'><strong>aliquid</strong></span> <span class='ocrx_word' id='word_1_392' title='bbox 1346 5173 1666 5236; x_wconf 60' lang='lat' dir='ltr'><strong>perpessum</strong></span> <span class='ocrx_word' id='word_1_393' title='bbox 1699 5175 1913 5229; x_wconf 86' lang='lat' dir='ltr'><strong>sapere.</strong></span> <span class='ocrx_word' id='word_1_394' title='bbox 1946 5162 2100 5227; x_wconf 86' lang='lat' dir='ltr'><strong>Quod</strong></span> 
     </span>
    </p>
   </div>
   <div class='ocr_carea' id='block_1_57' title="bbox 531 5250 2098 5321">
    <p class='ocr_par' dir='ltr' id='par_1_57' title="bbox 531 5250 2098 5321">
     <span class='ocr_line' id='line_1_57' title="bbox 531 5250 2098 5321; baseline 0.004 -22"><span class='ocrx_word' id='word_1_395' title='bbox 531 5262 661 5300; x_wconf 79' lang='lat' dir='ltr'><strong>sane</strong></span> <span class='ocrx_word' id='word_1_396' title='bbox 696 5250 916 5303; x_wconf 83' lang='lat' dir='ltr'><strong>verbum</strong></span> <span class='ocrx_word' id='word_1_397' title='bbox 945 5266 1065 5304; x_wconf 91' lang='lat' dir='ltr'><strong>cum</strong></span> <span class='ocrx_word' id='word_1_398' title='bbox 1106 5251 1399 5320; x_wconf 80' lang='lat' dir='ltr'><strong>prudenter</strong></span> <span class='ocrx_word' id='word_1_399' title='bbox 1457 5266 1581 5305; x_wconf 88' lang='lat' dir='ltr'><strong>esse</strong></span> <span class='ocrx_word' id='word_1_400' title='bbox 1618 5255 1890 5321; x_wconf 82' lang='lat' dir='ltr'><strong>prolatum</strong></span> <span class='ocrx_word' id='word_1_401' title='bbox 1923 5255 2098 5308; x_wconf 87' lang='lat' dir='ltr'><strong>visum</strong></span> 
     </span>
    </p>
   </div>
   <div class='ocr_carea' id='block_1_58' title="bbox 537 5337 2100 5409">
    <p class='ocr_par' dir='ltr' id='par_1_58' title="bbox 537 5337 2100 5409">
     <span class='ocr_line' id='line_1_58' title="bbox 537 5337 2100 5409; baseline 0.003 -19"><span class='ocrx_word' id='word_1_402' title='bbox 537 5337 750 5402; x_wconf 85' lang='lat' dir='ltr'><strong>fuisset,</strong></span> <span class='ocrx_word' id='word_1_403' title='bbox 785 5353 848 5391; x_wconf 87' lang='lat' dir='ltr'><strong>ac</strong></span> <span class='ocrx_word' id='word_1_404' title='bbox 890 5341 1090 5409; x_wconf 66' lang='lat' dir='ltr'><strong>saepius</strong></span> <span class='ocrx_word' id='word_1_405' title='bbox 1117 5351 1510 5409; x_wconf 85' lang='lat' dir='ltr'><strong>usurparetur;</strong></span> <span class='ocrx_word' id='word_1_406' title='bbox 1548 5344 1768 5396; x_wconf 87' lang='lat' dir='ltr'><strong>tandem</strong></span> <span class='ocrx_word' id='word_1_407' title='bbox 1804 5344 2100 5396; x_wconf 74' lang='lat' dir='ltr'><strong>continua-</strong></span> 
     </span>
    </p>
   </div>
   <div class='ocr_carea' id='block_1_59' title="bbox 536 5430 2099 5502">
    <p class='ocr_par' dir='ltr' id='par_1_59' title="bbox 536 5430 2099 5502">
     <span class='ocr_line' id='line_1_59' title="bbox 536 5430 2099 5502; baseline 0.006 -21"><span class='ocrx_word' id='word_1_408' title='bbox 536 5439 647 5481; x_wconf 89' lang='lat' dir='ltr'><strong>tum</strong></span> <span class='ocrx_word' id='word_1_409' title='bbox 681 5430 1048 5496; x_wconf 87' lang='lat' dir='ltr'><strong>paulatimque</strong></span> <span class='ocrx_word' id='word_1_410' title='bbox 1070 5432 1463 5500; x_wconf 75' lang='lat' dir='ltr'><strong>progrediendo</strong></span> <span class='ocrx_word' id='word_1_411' title='bbox 1492 5432 1542 5484; x_wconf 93' lang='lat' dir='ltr'><strong>in</strong></span> <span class='ocrx_word' id='word_1_412' title='bbox 1570 5435 1918 5502; x_wconf 87' lang='lat' dir='ltr'><strong>proverbium</strong></span> <span class='ocrx_word' id='word_1_413' title='bbox 1945 5436 2099 5490; x_wconf 89' lang='lat' dir='ltr'><strong>abiit.</strong></span> 
     </span>
    </p>
   </div>
   <div class='ocr_carea' id='block_1_60' title="bbox 534 5521 2101 5589">
    <p class='ocr_par' dir='ltr' id='par_1_60' title="bbox 534 5521 2101 5589">
     <span class='ocr_line' id='line_1_60' title="bbox 534 5521 2101 5589; baseline 0.004 -17"><span class='ocrx_word' id='word_1_414' title='bbox 534 5521 700 5589; x_wconf 83' lang='lat' dir='ltr'><strong>Atqui</strong></span> <span class='ocrx_word' id='word_1_415' title='bbox 754 5536 864 5574; x_wconf 86' lang='lat' dir='ltr'><strong>rem</strong></span> <span class='ocrx_word' id='word_1_416' title='bbox 907 5521 1064 5589; x_wconf 84' lang='lat' dir='ltr'><strong>plane</strong></span> <span class='ocrx_word' id='word_1_417' title='bbox 1095 5537 1197 5573; x_wconf 92' lang='lat' dir='ltr'><strong>non</strong></span> <span class='ocrx_word' id='word_1_418' title='bbox 1225 5521 1606 5588; x_wconf 79' lang='lat' dir='ltr'><strong>perﬁciendam</strong></span> <span class='ocrx_word' id='word_1_419' title='bbox 1651 5525 1928 5587; x_wconf 85' lang='lat' dir='ltr'><strong>molimur,</strong></span> <span class='ocrx_word' id='word_1_420' title='bbox 1955 5526 2001 5580; x_wconf 80' lang='lat' dir='ltr'><strong>si</strong></span> <span class='ocrx_word' id='word_1_421' title='bbox 2036 5528 2101 5579; x_wconf 87' lang='lat' dir='ltr'><strong>li-</strong></span> 
     </span>
    </p>
   </div>
   <div class='ocr_carea' id='block_1_61' title="bbox 537 5614 2101 5687">
    <p class='ocr_par' dir='ltr' id='par_1_61' title="bbox 537 5614 2101 5687">
     <span class='ocr_line' id='line_1_61' title="bbox 537 5614 2101 5687; baseline 0.002 -18"><span class='ocrx_word' id='word_1_422' title='bbox 537 5615 776 5669; x_wconf 89' lang='lat' dir='ltr'><strong>bidinem</strong></span> <span class='ocrx_word' id='word_1_423' title='bbox 803 5625 856 5668; x_wconf 89' lang='lat' dir='ltr'><strong>et</strong></span> <span class='ocrx_word' id='word_1_424' title='bbox 892 5614 1238 5682; x_wconf 80' lang='lat' dir='ltr'><strong>cupiditatem</strong></span> <span class='ocrx_word' id='word_1_425' title='bbox 1290 5615 1455 5668; x_wconf 87' lang='lat' dir='ltr'><strong>animi</strong></span> <span class='ocrx_word' id='word_1_426' title='bbox 1479 5616 1731 5672; x_wconf 84' lang='lat' dir='ltr'><strong>cohibere</strong></span> <span class='ocrx_word' id='word_1_427' title='bbox 1761 5619 2101 5687; x_wconf 76' lang='lat' dir='ltr'><strong>cogitemus;</strong></span> 
     </span>
    </p>
   </div>
   <div class='ocr_carea' id='block_1_62' title="bbox 537 5705 2099 5775">
    <p class='ocr_par' dir='ltr' id='par_1_62' title="bbox 537 5705 2099 5775">
     <span class='ocr_line' id='line_1_62' title="bbox 537 5705 2099 5775; baseline 0.005 -18"><span class='ocrx_word' id='word_1_428' title='bbox 537 5707 683 5775; x_wconf 87' lang='lat' dir='ltr'><strong>quod</strong></span> <span class='ocrx_word' id='word_1_429' title='bbox 720 5722 848 5760; x_wconf 88' lang='lat' dir='ltr'><strong>sane</strong></span> <span class='ocrx_word' id='word_1_430' title='bbox 883 5706 1085 5760; x_wconf 87' lang='lat' dir='ltr'><strong>nemini</strong></span> <span class='ocrx_word' id='word_1_431' title='bbox 1131 5705 1371 5757; x_wconf 82' lang='lat' dir='ltr'><strong>omnium</strong></span> <span class='ocrx_word' id='word_1_432' title='bbox 1411 5705 1652 5774; x_wconf 77' lang='lat' dir='ltr'><strong>ignotum</strong></span> <span class='ocrx_word' id='word_1_433' title='bbox 1682 5723 1804 5764; x_wconf 90' lang='lat' dir='ltr'><strong>esse</strong></span> <span class='ocrx_word' id='word_1_434' title='bbox 1840 5710 2099 5765; x_wconf 89' lang='lat' dir='ltr'><strong>arbitror.</strong></span> 
     </span>
    </p>
   </div>
   <div class='ocr_carea' id='block_1_63' title="bbox 537 5794 2100 5866">
    <p class='ocr_par' dir='ltr' id='par_1_63' title="bbox 537 5794 2100 5866">
     <span class='ocr_line' id='line_1_63' title="bbox 537 5794 2100 5866; baseline -0.003 -10"><span class='ocrx_word' id='word_1_435' title='bbox 537 5799 803 5856; x_wconf 82' lang='lat' dir='ltr'><strong>Nimirum</strong></span> <span class='ocrx_word' id='word_1_436' title='bbox 837 5809 892 5856; x_wconf 88' lang='lat' dir='ltr'><strong>ut</strong></span> <span class='ocrx_word' id='word_1_437' title='bbox 923 5799 1160 5855; x_wconf 81' lang='lat' dir='ltr'><strong>crudelis</strong></span> <span class='ocrx_word' id='word_1_438' title='bbox 1193 5794 1420 5866; x_wconf 85' lang='lat' dir='ltr'><strong>alicujus</strong></span> <span class='ocrx_word' id='word_1_439' title='bbox 1471 5808 1524 5853; x_wconf 87' lang='lat' dir='ltr'><strong>et</strong></span> <span class='ocrx_word' id='word_1_440' title='bbox 1563 5797 1917 5856; x_wconf 80' lang='lat' dir='ltr'><strong>inexorabilis</strong></span> <span class='ocrx_word' id='word_1_441' title='bbox 1962 5800 2100 5866; x_wconf 87' lang='lat' dir='ltr'><strong>heri,</strong></span> 
     </span>
    </p>
   </div>
   <div class='ocr_carea' id='block_1_64' title="bbox 2155 681 3792 753">
    <p class='ocr_par' dir='ltr' id='par_1_64' title="bbox 2155 681 3792 753">
     <span class='ocr_line' id='line_1_64' title="bbox 2155 681 3792 753; baseline -0.001 -20"><span class='ocrx_word' id='word_1_442' title='bbox 2155 682 2243 746; x_wconf 75' lang='grc' dir='ltr'><strong>τίς</strong></span> <span class='ocrx_word' id='word_1_443' title='bbox 2276 683 2417 743; x_wconf 89' lang='grc' dir='ltr'>Ὅτι,</span> <span class='ocrx_word' id='word_1_444' title='bbox 2453 683 2723 752; x_wconf 76' lang='grc' dir='ltr'><strong>φήσουσιν</strong></span> <span class='ocrx_word' id='word_1_445' title='bbox 2753 682 2933 746; x_wconf 78' lang='grc' dir='ltr'>εὐθὺς,</span> <span class='ocrx_word' id='word_1_446' title='bbox 2962 683 3032 736; x_wconf 88' lang='grc' dir='ltr'><strong>τά</strong></span> <span class='ocrx_word' id='word_1_447' title='bbox 3063 701 3122 736; x_wconf 87' lang='grc' dir='ltr'><strong>τε</strong></span> <span class='ocrx_word' id='word_1_448' title='bbox 3152 684 3258 752; x_wconf 69' lang='grc' dir='ltr'>ἤθη</span> <span class='ocrx_word' id='word_1_449' title='bbox 3280 683 3631 753; x_wconf 76' lang='grc' dir='ltr'><strong>διαφθείρει,</strong></span> <span class='ocrx_word' id='word_1_450' title='bbox 3672 681 3792 734; x_wconf 69' lang='grc' dir='ltr'><strong>καὶ</strong></span> 
     </span>
    </p>
   </div>
   <div class='ocr_carea' id='block_1_65' title="bbox 2156 772 3794 846">
    <p class='ocr_par' dir='ltr' id='par_1_65' title="bbox 2156 772 3794 846">
     <span class='ocr_line' id='line_1_65' title="bbox 2156 772 3794 846; baseline 0 -21"><span class='ocrx_word' id='word_1_451' title='bbox 2156 772 2388 836; x_wconf 83' lang='grc' dir='ltr'>πολλοὺς</span> <span class='ocrx_word' id='word_1_452' title='bbox 2421 774 2872 843; x_wconf 76' lang='grc' dir='ltr'><strong>θαυμαζομένους</strong></span> <span class='ocrx_word' id='word_1_453' title='bbox 2920 776 3006 828; x_wconf 79' lang='grc' dir='ltr'><strong>ἐπ’</strong></span> <span class='ocrx_word' id='word_1_454' title='bbox 3055 777 3226 846; x_wconf 81' lang='grc' dir='ltr'>ἀρετῇ</span> <span class='ocrx_word' id='word_1_455' title='bbox 3285 776 3346 841; x_wconf 77' lang='grc' dir='ltr'>ἐξ</span> <span class='ocrx_word' id='word_1_456' title='bbox 3378 776 3621 844; x_wconf 77' lang='grc' dir='ltr'><strong>ἀγαθῶν</strong></span> <span class='ocrx_word' id='word_1_457' title='bbox 3689 775 3794 834; x_wconf 76' lang='grc' dir='ltr'><strong>είς</strong></span> 
     </span>
    </p>
   </div>
   <div class='ocr_carea' id='block_1_66' title="bbox 2158 865 3791 937">
    <p class='ocr_par' dir='ltr' id='par_1_66' title="bbox 2158 865 3791 937">
     <span class='ocr_line' id='line_1_66' title="bbox 2158 865 3791 937; baseline 0.001 -20"><span class='ocrx_word' id='word_1_458' title='bbox 2158 865 2392 932; x_wconf 82' lang='grc' dir='ltr'><strong>φαύλους</strong></span> <span class='ocrx_word' id='word_1_459' title='bbox 2430 866 2782 934; x_wconf 76' lang='grc' dir='ltr'>μεταόἀλλει.</span> <span class='ocrx_word' id='word_1_460' title='bbox 2816 867 3034 920; x_wconf 76' lang='grc' dir='ltr'>Μᾶλλον</span> <span class='ocrx_word' id='word_1_461' title='bbox 3061 868 3115 922; x_wconf 67' lang='grc' dir='ltr'>δὲ</span> <span class='ocrx_word' id='word_1_462' title='bbox 3149 869 3453 937; x_wconf 74' lang='grc' dir='ltr'><strong>προσήκειν</strong></span> <span class='ocrx_word' id='word_1_463' title='bbox 3484 866 3647 937; x_wconf 76' lang='grc' dir='ltr'>ἡγοῦ</span> <span class='ocrx_word' id='word_1_464' title='bbox 3659 881 3791 935; x_wconf 82' lang='grc' dir='ltr'><strong>μαι</strong></span> 
     </span>
    </p>
   </div>
   <div class='ocr_carea' id='block_1_67' title="bbox 2158 955 3793 1027">
    <p class='ocr_par' dir='ltr' id='par_1_67' title="bbox 2158 955 3793 1027">
     <span class='ocr_line' id='line_1_67' title="bbox 2158 955 3793 1027; baseline 0.001 -20"><span class='ocrx_word' id='word_1_465' title='bbox 2158 955 2245 1009; x_wconf 79' lang='grc' dir='ltr'><strong>διὰ</strong></span> <span class='ocrx_word' id='word_1_466' title='bbox 2275 956 2534 1010; x_wconf 79' lang='grc' dir='ltr'>πλειόνων</span> <span class='ocrx_word' id='word_1_467' title='bbox 2560 958 2812 1011; x_wconf 76' lang='grc' dir='ltr'><strong>ἐκθέσθαι</strong></span> <span class='ocrx_word' id='word_1_468' title='bbox 2853 959 2922 1010; x_wconf 83' lang='grc' dir='ltr'><strong>τὰ</strong></span> <span class='ocrx_word' id='word_1_469' title='bbox 2939 959 3058 1012; x_wconf 84' lang='grc' dir='ltr'>κατ’</span> <span class='ocrx_word' id='word_1_470' title='bbox 3082 960 3252 1025; x_wconf 79' lang='grc' dir='ltr'>αὐτῆς</span> <span class='ocrx_word' id='word_1_471' title='bbox 3275 959 3572 1027; x_wconf 83' lang='grc' dir='ltr'>λεγόμενα.</span> <span class='ocrx_word' id='word_1_472' title='bbox 3614 958 3793 1010; x_wconf 78' lang='grc' dir='ltr'>Τολ-</span> 
     </span>
    </p>
   </div>
   <div class='ocr_carea' id='block_1_68' title="bbox 2163 1043 3791 1118">
    <p class='ocr_par' dir='ltr' id='par_1_68' title="bbox 2163 1043 3791 1118">
     <span class='ocr_line' id='line_1_68' title="bbox 2163 1043 3791 1118; baseline 0.001 -20"><span class='ocrx_word' id='word_1_473' title='bbox 2163 1046 2308 1116; x_wconf 85' lang='grc' dir='ltr'>μῶσι</span> <span class='ocrx_word' id='word_1_474' title='bbox 2334 1048 2516 1100; x_wconf 77' lang='grc' dir='ltr'>τοίνυν</span> <span class='ocrx_word' id='word_1_475' title='bbox 2545 1051 2744 1112; x_wconf 81' lang='grc' dir='ltr'>εἰπεῖν,</span> <span class='ocrx_word' id='word_1_476' title='bbox 2763 1049 2790 1102; x_wconf 82' lang='grc' dir='ltr'><strong>δ</strong></span> <span class='ocrx_word' id='word_1_477' title='bbox 2831 1050 2925 1102; x_wconf 74' lang='grc' dir='ltr'>καὶ</span> <span class='ocrx_word' id='word_1_478' title='bbox 2959 1051 3036 1111; x_wconf 80' lang='grc' dir='ltr'><strong>είς</strong></span> <span class='ocrx_word' id='word_1_479' title='bbox 3064 1051 3198 1103; x_wconf 76' lang='grc' dir='ltr'>Θεὸν</span> <span class='ocrx_word' id='word_1_480' title='bbox 3221 1049 3536 1118; x_wconf 79' lang='grc' dir='ltr'>ἀνατρέχει,</span> <span class='ocrx_word' id='word_1_481' title='bbox 3573 1051 3674 1109; x_wconf 81' lang='grc' dir='ltr'>ὡς</span> <span class='ocrx_word' id='word_1_482' title='bbox 3705 1043 3791 1115; x_wconf 79' lang='grc' dir='ltr'>ἦν</span> 
     </span>
    </p>
   </div>
   <div class='ocr_carea' id='block_1_69' title="bbox 2162 1136 3791 1212">
    <p class='ocr_par' dir='ltr' id='par_1_69' title="bbox 2162 1136 3791 1212">
     <span class='ocr_line' id='line_1_69' title="bbox 2162 1136 3791 1212; baseline -0.002 -18"><span class='ocrx_word' id='word_1_483' title='bbox 2162 1139 2229 1194; x_wconf 81' lang='grc' dir='ltr'>ἂν</span> <span class='ocrx_word' id='word_1_484' title='bbox 2270 1143 2518 1209; x_wconf 80' lang='grc' dir='ltr'>κρεῖττον</span> <span class='ocrx_word' id='word_1_485' title='bbox 2561 1140 2812 1210; x_wconf 82' lang='grc' dir='ltr'>μηδόλως</span> <span class='ocrx_word' id='word_1_486' title='bbox 2839 1136 3003 1204; x_wconf 72' lang='grc' dir='ltr'>εἶναι,</span> <span class='ocrx_word' id='word_1_487' title='bbox 3041 1142 3174 1210; x_wconf 89' lang='grc' dir='ltr'><strong>μηδέ</strong></span> <span class='ocrx_word' id='word_1_488' title='bbox 3207 1145 3461 1212; x_wconf 87' lang='grc' dir='ltr'>παρεῖναι</span> <span class='ocrx_word' id='word_1_489' title='bbox 3491 1140 3654 1210; x_wconf 80' lang='grc' dir='ltr'>τῷδε</span> <span class='ocrx_word' id='word_1_490' title='bbox 3692 1137 3791 1206; x_wconf 81' lang='grc' dir='ltr'><strong>τῷ</strong></span> 
     </span>
    </p>
   </div>
   <div class='ocr_carea' id='block_1_70' title="bbox 2163 1229 3789 1304">
    <p class='ocr_par' dir='ltr' id='par_1_70' title="bbox 2163 1229 3789 1304">
     <span class='ocr_line' id='line_1_70' title="bbox 2163 1229 3789 1304; baseline 0.001 -23"><span class='ocrx_word' id='word_1_491' title='bbox 2163 1229 2282 1301; x_wconf 83' lang='grc' dir='ltr'>βίῳ,</span> <span class='ocrx_word' id='word_1_492' title='bbox 2310 1231 2444 1302; x_wconf 86' lang='grc' dir='ltr'><strong>μηδέ</strong></span> <span class='ocrx_word' id='word_1_493' title='bbox 2462 1233 2560 1301; x_wconf 84' lang='grc' dir='ltr'>τὴν</span> <span class='ocrx_word' id='word_1_494' title='bbox 2591 1232 2762 1302; x_wconf 75' lang='grc' dir='ltr'>ἀρχὴν</span> <span class='ocrx_word' id='word_1_495' title='bbox 2796 1233 3094 1301; x_wconf 76' lang='grc' dir='ltr'><strong>ὑφεστάναι</strong></span> <span class='ocrx_word' id='word_1_496' title='bbox 3125 1233 3225 1304; x_wconf 74' lang='grc' dir='ltr'>τὴν</span> <span class='ocrx_word' id='word_1_497' title='bbox 3251 1234 3466 1302; x_wconf 76' lang='grc' dir='ltr'>ἡδονήν.</span> <span class='ocrx_word' id='word_1_498' title='bbox 3493 1233 3612 1285; x_wconf 78' lang='grc' dir='ltr'><strong>Τὸν</strong></span> <span class='ocrx_word' id='word_1_499' title='bbox 3647 1235 3789 1302; x_wconf 73' lang='grc' dir='ltr'><strong>γὰρ</strong></span> 
     </span>
    </p>
   </div>
   <div class='ocr_carea' id='block_1_71' title="bbox 2162 1323 3790 1395">
    <p class='ocr_par' dir='ltr' id='par_1_71' title="bbox 2162 1323 3790 1395">
     <span class='ocr_line' id='line_1_71' title="bbox 2162 1323 3790 1395; baseline -0.001 -19"><span class='ocrx_word' id='word_1_500' title='bbox 2162 1323 2504 1392; x_wconf 80' lang='grc' dir='ltr'>ἀνθρώπινον</span> <span class='ocrx_word' id='word_1_501' title='bbox 2531 1324 2644 1393; x_wconf 80' lang='grc' dir='ltr'>βίον</span> <span class='ocrx_word' id='word_1_502' title='bbox 2679 1328 2929 1395; x_wconf 80' lang='grc' dir='ltr'><strong>ταραχῆς</strong></span> <span class='ocrx_word' id='word_1_503' title='bbox 2959 1325 3051 1376; x_wconf 75' lang='grc' dir='ltr'><strong>καὶ</strong></span> <span class='ocrx_word' id='word_1_504' title='bbox 3077 1325 3315 1394; x_wconf 75' lang='grc' dir='ltr'><strong>ἀθυμίας</strong></span> <span class='ocrx_word' id='word_1_505' title='bbox 3339 1323 3547 1391; x_wconf 84' lang='grc' dir='ltr'>πολλῆς</span> <span class='ocrx_word' id='word_1_506' title='bbox 3577 1324 3790 1392; x_wconf 79' lang='grc' dir='ltr'>ἐμπί-</span> 
     </span>
    </p>
   </div>
   <div class='ocr_carea' id='block_1_72' title="bbox 2162 1412 3791 1485">
    <p class='ocr_par' dir='ltr' id='par_1_72' title="bbox 2162 1412 3791 1485">
     <span class='ocr_line' id='line_1_72' title="bbox 2162 1412 3791 1485; baseline 0.001 -21"><span class='ocrx_word' id='word_1_507' title='bbox 2162 1412 2352 1482; x_wconf 89' lang='grc' dir='ltr'>πλησι,</span> <span class='ocrx_word' id='word_1_508' title='bbox 2381 1415 2474 1466; x_wconf 70' lang='grc' dir='ltr'>καὶ</span> <span class='ocrx_word' id='word_1_509' title='bbox 2499 1413 2698 1483; x_wconf 82' lang='grc' dir='ltr'>πολλὴν</span> <span class='ocrx_word' id='word_1_510' title='bbox 2728 1415 2826 1485; x_wconf 81' lang='grc' dir='ltr'>τὴν</span> <span class='ocrx_word' id='word_1_511' title='bbox 2853 1415 3045 1484; x_wconf 81' lang='grc' dir='ltr'><strong>ἀηδίαν</strong></span> <span class='ocrx_word' id='word_1_512' title='bbox 3077 1414 3186 1468; x_wconf 86' lang='grc' dir='ltr'><strong>τῶν</strong></span> <span class='ocrx_word' id='word_1_513' title='bbox 3210 1414 3399 1484; x_wconf 79' lang='grc' dir='ltr'>ψυχῶν</span> <span class='ocrx_word' id='word_1_514' title='bbox 3421 1415 3590 1484; x_wconf 79' lang='grc' dir='ltr'>ἡμῶν</span> <span class='ocrx_word' id='word_1_515' title='bbox 3625 1429 3791 1467; x_wconf 81' lang='grc' dir='ltr'>κατ-</span> 
     </span>
    </p>
   </div>
   <div class='ocr_carea' id='block_1_73' title="bbox 2164 1503 3785 1575">
    <p class='ocr_par' dir='ltr' id='par_1_73' title="bbox 2164 1503 3785 1575">
     <span class='ocr_line' id='line_1_73' title="bbox 2164 1503 3785 1575; baseline 0 -19"><span class='ocrx_word' id='word_1_516' title='bbox 2164 1503 2299 1573; x_wconf 81' lang='grc' dir='ltr'>έχει.</span> <span class='ocrx_word' id='word_1_517' title='bbox 2336 1504 2436 1558; x_wconf 80' lang='grc' dir='ltr'><strong>Διὰ</strong></span> <span class='ocrx_word' id='word_1_518' title='bbox 2480 1505 2590 1575; x_wconf 82' lang='grc' dir='ltr'><strong>γὰρ</strong></span> <span class='ocrx_word' id='word_1_519' title='bbox 2622 1505 2721 1575; x_wconf 80' lang='grc' dir='ltr'><strong>τὴν</strong></span> <span class='ocrx_word' id='word_1_520' title='bbox 2755 1505 2947 1575; x_wconf 79' lang='grc' dir='ltr'>ἡδονὴν</span> <span class='ocrx_word' id='word_1_521' title='bbox 2977 1505 3190 1557; x_wconf 82' lang='grc' dir='ltr'>πολλῶν</span> <span class='ocrx_word' id='word_1_522' title='bbox 3219 1504 3320 1573; x_wconf 76' lang='grc' dir='ltr'>μὲν</span> <span class='ocrx_word' id='word_1_523' title='bbox 3349 1505 3442 1557; x_wconf 72' lang='grc' dir='ltr'><strong>καὶ</strong></span> <span class='ocrx_word' id='word_1_524' title='bbox 3482 1504 3785 1574; x_wconf 80' lang='grc' dir='ltr'><strong>μεγάλων</strong></span> 
     </span>
    </p>
   </div>
   <div class='ocr_carea' id='block_1_74' title="bbox 2164 1593 3777 1666">
    <p class='ocr_par' dir='ltr' id='par_1_74' title="bbox 2164 1593 3777 1666">
     <span class='ocr_line' id='line_1_74' title="bbox 2164 1593 3777 1666; baseline 0.001 -19"><span class='ocrx_word' id='word_1_525' title='bbox 2164 1593 2540 1664; x_wconf 72' lang='grc' dir='ltr'>ἐπιθυμοῦμεν</span> <span class='ocrx_word' id='word_1_526' title='bbox 2564 1599 2747 1666; x_wconf 74' lang='grc' dir='ltr'>τυχεῖν</span> <span class='ocrx_word' id='word_1_527' title='bbox 2768 1613 2782 1626; x_wconf 89' lang='grc'><strong>·</strong></span> <span class='ocrx_word' id='word_1_528' title='bbox 2812 1597 3008 1650; x_wconf 83' lang='grc' dir='ltr'>αὐτίκα</span> <span class='ocrx_word' id='word_1_529' title='bbox 3038 1597 3093 1650; x_wconf 81' lang='grc' dir='ltr'>δὲ</span> <span class='ocrx_word' id='word_1_530' title='bbox 3132 1597 3278 1666; x_wconf 85' lang='grc' dir='ltr'>μάλα</span> <span class='ocrx_word' id='word_1_531' title='bbox 3308 1596 3620 1665; x_wconf 79' lang='grc' dir='ltr'>ἐλπίζομεν</span> <span class='ocrx_word' id='word_1_532' title='bbox 3659 1597 3777 1649; x_wconf 79' lang='grc' dir='ltr'>αὑ-</span> 
     </span>
    </p>
   </div>
   <div class='ocr_carea' id='block_1_75' title="bbox 2163 1685 3778 1756">
    <p class='ocr_par' dir='ltr' id='par_1_75' title="bbox 2163 1685 3778 1756">
     <span class='ocr_line' id='line_1_75' title="bbox 2163 1685 3778 1756; baseline 0.002 -21"><span class='ocrx_word' id='word_1_533' title='bbox 2163 1686 2275 1736; x_wconf 86' lang='grc' dir='ltr'><strong>τῶν</strong></span> <span class='ocrx_word' id='word_1_534' title='bbox 2321 1685 2635 1748; x_wconf 79' lang='grc' dir='ltr'>τεύξεσθαι.</span> <span class='ocrx_word' id='word_1_535' title='bbox 2707 1687 2839 1739; x_wconf 80' lang='grc' dir='ltr'><strong>Ἀπὸ</strong></span> <span class='ocrx_word' id='word_1_536' title='bbox 2891 1687 2999 1755; x_wconf 83' lang='grc' dir='ltr'>γὰρ</span> <span class='ocrx_word' id='word_1_537' title='bbox 3033 1686 3128 1738; x_wconf 87' lang='grc' dir='ltr'><strong>τοῦ</strong></span> <span class='ocrx_word' id='word_1_538' title='bbox 3169 1687 3375 1756; x_wconf 72' lang='grc' dir='ltr'>σφόδρα</span> <span class='ocrx_word' id='word_1_539' title='bbox 3416 1687 3664 1748; x_wconf 82' lang='grc' dir='ltr'>ἐθέλειν,</span> <span class='ocrx_word' id='word_1_540' title='bbox 3712 1689 3778 1738; x_wconf 86' lang='grc' dir='ltr'><strong>ἐν</strong></span> 
     </span>
    </p>
   </div>
   <div class='ocr_carea' id='block_1_76' title="bbox 2166 1760 3778 1847">
    <p class='ocr_par' dir='ltr' id='par_1_76' title="bbox 2166 1760 3778 1847">
     <span class='ocr_line' id='line_1_76' title="bbox 2166 1760 3778 1847; baseline 0.001 -20"><span class='ocrx_word' id='word_1_541' title='bbox 2166 1776 2350 1846; x_wconf 75' lang='grc' dir='ltr'>χεροῖν</span> <span class='ocrx_word' id='word_1_542' title='bbox 2375 1773 2516 1830; x_wconf 78' lang='grc' dir='ltr'>εἶναι</span> <span class='ocrx_word' id='word_1_543' title='bbox 2557 1779 2840 1847; x_wconf 75' lang='grc' dir='ltr'>νομίζεται</span> <span class='ocrx_word' id='word_1_544' title='bbox 2874 1780 2932 1831; x_wconf 72' lang='grc' dir='ltr'>τὸ</span> <span class='ocrx_word' id='word_1_545' title='bbox 2961 1779 3022 1830; x_wconf 87' lang='grc' dir='ltr'><strong>ἐκ</strong></span> <span class='ocrx_word' id='word_1_546' title='bbox 3053 1777 3345 1847; x_wconf 83' lang='grc' dir='ltr'>διαμέτρου</span> <span class='ocrx_word' id='word_1_547' title='bbox 3373 1760 3656 1840; x_wconf 83' lang='grc' dir='ltr'>πολλάκις</span> <span class='ocrx_word' id='word_1_548' title='bbox 3681 1778 3778 1841; x_wconf 79' lang='grc' dir='ltr'>ὃν,</span> 
     </span>
    </p>
   </div>
   <div class='ocr_carea' id='block_1_77' title="bbox 2168 1867 3770 1939">
    <p class='ocr_par' dir='ltr' id='par_1_77' title="bbox 2168 1867 3770 1939">
     <span class='ocr_line' id='line_1_77' title="bbox 2168 1867 3770 1939; baseline 0.002 -19"><span class='ocrx_word' id='word_1_549' title='bbox 2168 1869 2260 1921; x_wconf 77' lang='grc' dir='ltr'>καὶ</span> <span class='ocrx_word' id='word_1_550' title='bbox 2293 1867 2500 1922; x_wconf 83' lang='grc' dir='ltr'>τούτων</span> <span class='ocrx_word' id='word_1_551' title='bbox 2535 1869 2770 1923; x_wconf 75' lang='grc' dir='ltr'>ἕκαστον</span> <span class='ocrx_word' id='word_1_552' title='bbox 2802 1872 2881 1933; x_wconf 85' lang='grc' dir='ltr'><strong>εἰς</strong></span> <span class='ocrx_word' id='word_1_553' title='bbox 2929 1870 3195 1939; x_wconf 78' lang='grc' dir='ltr'>μεγίστην</span> <span class='ocrx_word' id='word_1_554' title='bbox 3244 1870 3580 1938; x_wconf 82' lang='grc' dir='ltr'>ἐπαρκέσειν</span> <span class='ocrx_word' id='word_1_555' title='bbox 3615 1871 3770 1923; x_wconf 78' lang='grc' dir='ltr'>ὑπο-</span> 
     </span>
    </p>
   </div>
   <div class='ocr_carea' id='block_1_78' title="bbox 2167 1957 3775 2030">
    <p class='ocr_par' dir='ltr' id='par_1_78' title="bbox 2167 1957 3775 2030">
     <span class='ocr_line' id='line_1_78' title="bbox 2167 1957 3775 2030; baseline 0.001 -20"><span class='ocrx_word' id='word_1_556' title='bbox 2167 1957 2506 2027; x_wconf 74' lang='grc' dir='ltr'>λαμϐάνεται</span> <span class='ocrx_word' id='word_1_557' title='bbox 2551 1959 2763 2029; x_wconf 83' lang='grc' dir='ltr'>τέρψιν.</span> <span class='ocrx_word' id='word_1_558' title='bbox 2807 1960 3037 2026; x_wconf 87' lang='grc' dir='ltr'>Ὀλίγων</span> <span class='ocrx_word' id='word_1_559' title='bbox 3083 1961 3163 2022; x_wconf 77' lang='grc' dir='ltr'>δὲ,</span> <span class='ocrx_word' id='word_1_560' title='bbox 3205 1960 3301 2012; x_wconf 76' lang='grc' dir='ltr'>καὶ</span> <span class='ocrx_word' id='word_1_561' title='bbox 3331 1959 3616 2030; x_wconf 83' lang='grc' dir='ltr'>σμικρῶν,</span> <span class='ocrx_word' id='word_1_562' title='bbox 3669 1963 3775 2012; x_wconf 78' lang='grc' dir='ltr'>καὶ</span> 
     </span>
    </p>
   </div>
   <div class='ocr_carea' id='block_1_79' title="bbox 2172 2047 3767 2121">
    <p class='ocr_par' dir='ltr' id='par_1_79' title="bbox 2172 2047 3767 2121">
     <span class='ocr_line' id='line_1_79' title="bbox 2172 2047 3767 2121; baseline 0 -17"><span class='ocrx_word' id='word_1_563' title='bbox 2172 2052 2328 2120; x_wconf 83' lang='grc' dir='ltr'>μόλις</span> <span class='ocrx_word' id='word_1_564' title='bbox 2366 2053 2838 2121; x_wconf 78' lang='grc' dir='ltr'>ἐπιτυγχάνομενο</span> <span class='ocrx_word' id='word_1_565' title='bbox 2871 2053 2964 2105; x_wconf 61' lang='grc' dir='ltr'><strong>καὶ¹</strong></span> <span class='ocrx_word' id='word_1_566' title='bbox 2993 2052 3200 2105; x_wconf 80' lang='grc' dir='ltr'>τούτων</span> <span class='ocrx_word' id='word_1_567' title='bbox 3231 2047 3297 2105; x_wconf 79' lang='grc' dir='ltr'>αὖ</span> <span class='ocrx_word' id='word_1_568' title='bbox 3325 2051 3488 2105; x_wconf 89' lang='grc' dir='ltr'>πάλιν</span> <span class='ocrx_word' id='word_1_569' title='bbox 3519 2053 3767 2120; x_wconf 80' lang='grc' dir='ltr'>ἀδρανές</span> 
     </span>
    </p>
   </div>
   <div class='ocr_carea' id='block_1_80' title="bbox 2167 2140 3764 2215">
    <p class='ocr_par' dir='ltr' id='par_1_80' title="bbox 2167 2140 3764 2215">
     <span class='ocr_line' id='line_1_80' title="bbox 2167 2140 3764 2215; baseline 0.001 -22"><span class='ocrx_word' id='word_1_570' title='bbox 2167 2157 2222 2193; x_wconf 85' lang='grc' dir='ltr'><strong>τι</strong></span> <span class='ocrx_word' id='word_1_571' title='bbox 2253 2140 2347 2194; x_wconf 78' lang='grc' dir='ltr'>καὶ</span> <span class='ocrx_word' id='word_1_572' title='bbox 2370 2141 2508 2210; x_wconf 78' lang='grc' dir='ltr'>πρὸς</span> <span class='ocrx_word' id='word_1_573' title='bbox 2527 2141 2708 2215; x_wconf 81' lang='grc' dir='ltr'>ὀλίγον</span> <span class='ocrx_word' id='word_1_574' title='bbox 2758 2143 2902 2212; x_wconf 74' lang='grc' dir='ltr'>ἡμᾶς</span> <span class='ocrx_word' id='word_1_575' title='bbox 2947 2143 3371 2213; x_wconf 82' lang='grc' dir='ltr'>εὐφραινόντων.</span> <span class='ocrx_word' id='word_1_576' title='bbox 3404 2143 3521 2213; x_wconf 73' lang='grc' dir='ltr'>Οὐχ</span> <span class='ocrx_word' id='word_1_577' title='bbox 3549 2144 3764 2212; x_wconf 75' lang='grc' dir='ltr'>ἣκιστα</span> 
     </span>
    </p>
   </div>
   <div class='ocr_carea' id='block_1_81' title="bbox 2168 2232 3770 2302">
    <p class='ocr_par' dir='ltr' id='par_1_81' title="bbox 2168 2232 3770 2302">
     <span class='ocr_line' id='line_1_81' title="bbox 2168 2232 3770 2302; baseline 0.001 -17"><span class='ocrx_word' id='word_1_578' title='bbox 2168 2233 2225 2285; x_wconf 83' lang='grc' dir='ltr'><strong>δέ</strong></span> <span class='ocrx_word' id='word_1_579' title='bbox 2249 2249 2312 2298; x_wconf 89' lang='grc' dir='ltr'><strong>γε</strong></span> <span class='ocrx_word' id='word_1_580' title='bbox 2341 2232 2504 2285; x_wconf 77' lang='grc' dir='ltr'>λυπεῖ</span> <span class='ocrx_word' id='word_1_581' title='bbox 2521 2233 2615 2286; x_wconf 73' lang='grc' dir='ltr'>καὶ</span> <span class='ocrx_word' id='word_1_582' title='bbox 2639 2233 2700 2285; x_wconf 85' lang='grc' dir='ltr'><strong>τδ</strong></span> <span class='ocrx_word' id='word_1_583' title='bbox 2723 2233 2961 2302; x_wconf 84' lang='grc' dir='ltr'>φανῆναι</span> <span class='ocrx_word' id='word_1_584' title='bbox 2988 2235 3236 2288; x_wconf 82' lang='grc' dir='ltr'>τοιαῦτα.</span> <span class='ocrx_word' id='word_1_585' title='bbox 3269 2234 3513 2297; x_wconf 75' lang='grc' dir='ltr'><strong>Εἰκότως</strong></span> <span class='ocrx_word' id='word_1_586' title='bbox 3537 2235 3597 2286; x_wconf 83' lang='grc' dir='ltr'>δὲ</span> <span class='ocrx_word' id='word_1_587' title='bbox 3626 2235 3770 2288; x_wconf 79' lang='grc' dir='ltr'>ταῦ-</span> 
     </span>
    </p>
   </div>
   <div class='ocr_carea' id='block_1_82' title="bbox 2169 2324 3772 2396">
    <p class='ocr_par' dir='ltr' id='par_1_82' title="bbox 2169 2324 3772 2396">
     <span class='ocr_line' id='line_1_82' title="bbox 2169 2324 3772 2396; baseline 0.001 -19"><span class='ocrx_word' id='word_1_588' title='bbox 2169 2341 2238 2377; x_wconf 87' lang='grc' dir='ltr'><strong>τα</strong></span> <span class='ocrx_word' id='word_1_589' title='bbox 2269 2324 2468 2379; x_wconf 88' lang='grc' dir='ltr'>πάντα.</span> <span class='ocrx_word' id='word_1_590' title='bbox 2503 2326 2576 2378; x_wconf 79' lang='grc' dir='ltr'><strong>Τὸ</strong></span> <span class='ocrx_word' id='word_1_591' title='bbox 2615 2325 2724 2394; x_wconf 77' lang='grc' dir='ltr'><strong>γάρ</strong></span> <span class='ocrx_word' id='word_1_592' title='bbox 2765 2326 3020 2394; x_wconf 81' lang='grc' dir='ltr'>ἐφίεσθαι</span> <span class='ocrx_word' id='word_1_593' title='bbox 3061 2325 3156 2379; x_wconf 88' lang='grc' dir='ltr'><strong>τοῦ</strong></span> <span class='ocrx_word' id='word_1_594' title='bbox 3202 2329 3390 2396; x_wconf 72' lang='grc' dir='ltr'>τυχεῖν</span> <span class='ocrx_word' id='word_1_595' title='bbox 3423 2327 3772 2396; x_wconf 78' lang='grc' dir='ltr'>εὐχερέστεο</span> 
     </span>
    </p>
   </div>
   <div class='ocr_carea' id='block_1_83' title="bbox 2174 2419 3771 2488">
    <p class='ocr_par' dir='ltr' id='par_1_83' title="bbox 2174 2419 3771 2488">
     <span class='ocr_line' id='line_1_83' title="bbox 2174 2419 3771 2488; baseline 0.002 -19"><span class='ocrx_word' id='word_1_596' title='bbox 2174 2435 2266 2488; x_wconf 90' lang='grc' dir='ltr'><strong>ρον</strong></span> <span class='ocrx_word' id='word_1_597' title='bbox 2322 2419 2415 2470; x_wconf 82' lang='grc' dir='ltr'>ἐπὶ</span> <span class='ocrx_word' id='word_1_598' title='bbox 2445 2419 2554 2470; x_wconf 89' lang='grc' dir='ltr'><strong>τῶν</strong></span> <span class='ocrx_word' id='word_1_599' title='bbox 2592 2419 2886 2472; x_wconf 80' lang='grc' dir='ltr'>ἁπάντων·</span> <span class='ocrx_word' id='word_1_600' title='bbox 2946 2419 3184 2474; x_wconf 72' lang='grc' dir='ltr'>καὶτῶν</span> <span class='ocrx_word' id='word_1_601' title='bbox 3232 2420 3462 2473; x_wconf 87' lang='grc' dir='ltr'>ἐλπίδων</span> <span class='ocrx_word' id='word_1_602' title='bbox 3515 2422 3665 2474; x_wconf 78' lang='grc' dir='ltr'><strong>αὑτὰ</strong></span> <span class='ocrx_word' id='word_1_603' title='bbox 3699 2422 3771 2472; x_wconf 78' lang='grc' dir='ltr'><strong>τά</strong></span> 
     </span>
    </p>
   </div>
   <div class='ocr_carea' id='block_1_84' title="bbox 2173 2509 3775 2581">
    <p class='ocr_par' dir='ltr' id='par_1_84' title="bbox 2173 2509 3775 2581">
     <span class='ocr_line' id='line_1_84' title="bbox 2173 2509 3775 2581; baseline 0 -19"><span class='ocrx_word' id='word_1_604' title='bbox 2173 2509 2480 2579; x_wconf 84' lang='grc' dir='ltr'>πράγματα</span> <span class='ocrx_word' id='word_1_605' title='bbox 2504 2509 2711 2563; x_wconf 78' lang='grc' dir='ltr'>ἐλάττω</span> <span class='ocrx_word' id='word_1_606' title='bbox 2733 2511 2826 2562; x_wconf 77' lang='grc' dir='ltr'>καὶ</span> <span class='ocrx_word' id='word_1_607' title='bbox 2849 2511 3156 2580; x_wconf 79' lang='grc' dir='ltr'>φαυλότερα</span> <span class='ocrx_word' id='word_1_608' title='bbox 3181 2512 3612 2581; x_wconf 71' lang='grc' dir='ltr'>παραγενόμενα</span> <span class='ocrx_word' id='word_1_609' title='bbox 3637 2511 3775 2580; x_wconf 74' lang='grc' dir='ltr'>φαί-</span> 
     </span>
    </p>
   </div>
   <div class='ocr_carea' id='block_1_85' title="bbox 2174 2596 3764 2668">
    <p class='ocr_par' dir='ltr' id='par_1_85' title="bbox 2174 2596 3764 2668">
     <span class='ocr_line' id='line_1_85' title="bbox 2174 2596 3764 2668; baseline -0.001 -17"><span class='ocrx_word' id='word_1_610' title='bbox 2174 2615 2343 2653; x_wconf 86' lang='grc' dir='ltr'>νεται.</span> <span class='ocrx_word' id='word_1_611' title='bbox 2379 2599 2488 2651; x_wconf 83' lang='lat' dir='ltr'><strong>Kal</strong></span> <span class='ocrx_word' id='word_1_612' title='bbox 2515 2597 2576 2651; x_wconf 85' lang='grc' dir='ltr'><strong>τδ</strong></span> <span class='ocrx_word' id='word_1_613' title='bbox 2607 2597 2741 2650; x_wconf 81' lang='grc' dir='ltr'>πολὺ</span> <span class='ocrx_word' id='word_1_614' title='bbox 2771 2598 3096 2668; x_wconf 85' lang='grc' dir='ltr'>διαμαρτεῖν</span> <span class='ocrx_word' id='word_1_615' title='bbox 3119 2596 3218 2666; x_wconf 83' lang='grc' dir='ltr'>τῆς</span> <span class='ocrx_word' id='word_1_616' title='bbox 3237 2597 3452 2658; x_wconf 78' lang='grc' dir='ltr'>ἐλπίδος</span> <span class='ocrx_word' id='word_1_617' title='bbox 3496 2598 3764 2666; x_wconf 79' lang='grc' dir='ltr'>ἀνιαρόν.</span> 
     </span>
    </p>
   </div>
   <div class='ocr_carea' id='block_1_86' title="bbox 2177 2688 3769 2759">
    <p class='ocr_par' dir='ltr' id='par_1_86' title="bbox 2177 2688 3769 2759">
     <span class='ocr_line' id='line_1_86' title="bbox 2177 2688 3769 2759; baseline 0 -17"><span class='ocrx_word' id='word_1_618' title='bbox 2177 2690 2285 2742; x_wconf 84' lang='lat' dir='ltr'><strong>Kal</strong></span> <span class='ocrx_word' id='word_1_619' title='bbox 2317 2690 2490 2744; x_wconf 86' lang='grc' dir='ltr'>ταῦτα</span> <span class='ocrx_word' id='word_1_620' title='bbox 2529 2691 2592 2759; x_wconf 82' lang='grc' dir='ltr'>δὴ</span> <span class='ocrx_word' id='word_1_621' title='bbox 2618 2690 2940 2759; x_wconf 85' lang='grc' dir='ltr'>πάσχοντες,</span> <span class='ocrx_word' id='word_1_622' title='bbox 2971 2689 3226 2758; x_wconf 74' lang='grc' dir='ltr'>οὐδαμῶς</span> <span class='ocrx_word' id='word_1_623' title='bbox 3247 2688 3730 2758; x_wconf 79' lang='grc' dir='ltr'>ἀπαλλαττόμεθα</span> <span class='ocrx_word' id='word_1_624' title='bbox 3749 2704 3769 2720; x_wconf 72' lang='grc'><strong>⁸</strong></span> 
     </span>
    </p>
   </div>
   <div class='ocr_carea' id='block_1_87' title="bbox 2177 2780 3769 2852">
    <p class='ocr_par' dir='ltr' id='par_1_87' title="bbox 2177 2780 3769 2852">
     <span class='ocr_line' id='line_1_87' title="bbox 2177 2780 3769 2852; baseline -0.001 -17"><span class='ocrx_word' id='word_1_625' title='bbox 2177 2782 2309 2835; x_wconf 71' lang='grc' dir='ltr'>ἀλλὰ</span> <span class='ocrx_word' id='word_1_626' title='bbox 2343 2780 2632 2852; x_wconf 73' lang='grc' dir='ltr'>ζητοῦντες</span> <span class='ocrx_word' id='word_1_627' title='bbox 2660 2781 2892 2850; x_wconf 80' lang='grc' dir='ltr'>ἥδεσθαι</span> <span class='ocrx_word' id='word_1_628' title='bbox 2934 2782 3107 2852; x_wconf 80' lang='grc' dir='ltr'>ὁπόσῃ</span> <span class='ocrx_word' id='word_1_629' title='bbox 3133 2799 3219 2844; x_wconf 88' lang='grc' dir='ltr'><strong>τις</strong></span> <span class='ocrx_word' id='word_1_630' title='bbox 3243 2782 3309 2835; x_wconf 81' lang='grc' dir='ltr'>ἂν</span> <span class='ocrx_word' id='word_1_631' title='bbox 3347 2781 3489 2835; x_wconf 84' lang='grc' dir='ltr'>είποι</span> <span class='ocrx_word' id='word_1_632' title='bbox 3523 2782 3769 2850; x_wconf 82' lang='grc' dir='ltr'>σπουδῇ,</span> 
     </span>
    </p>
   </div>
   <div class='ocr_carea' id='block_1_88' title="bbox 2177 2866 3772 2943">
    <p class='ocr_par' dir='ltr' id='par_1_88' title="bbox 2177 2866 3772 2943">
     <span class='ocr_line' id='line_1_88' title="bbox 2177 2866 3772 2943; baseline -0.001 -19"><span class='ocrx_word' id='word_1_633' title='bbox 2177 2873 2467 2942; x_wconf 82' lang='grc' dir='ltr'>ὁσημέραι,</span> <span class='ocrx_word' id='word_1_634' title='bbox 2499 2874 2625 2926; x_wconf 83' lang='grc' dir='ltr'>ὅσαι</span> <span class='ocrx_word' id='word_1_635' title='bbox 2677 2866 2836 2943; x_wconf 82' lang='grc' dir='ltr'>ὧραι,</span> <span class='ocrx_word' id='word_1_636' title='bbox 2871 2873 3074 2935; x_wconf 85' lang='grc' dir='ltr'>πάσαις</span> <span class='ocrx_word' id='word_1_637' title='bbox 3110 2873 3403 2942; x_wconf 86' lang='grc' dir='ltr'>μηχαναῖς,</span> <span class='ocrx_word' id='word_1_638' title='bbox 3440 2874 3576 2924; x_wconf 78' lang='grc' dir='ltr'>πᾶσι</span> <span class='ocrx_word' id='word_1_639' title='bbox 3630 2873 3772 2938; x_wconf 76' lang='grc' dir='ltr'>τρό-</span> 
     </span>
    </p>
   </div>
   <div class='ocr_carea' id='block_1_89' title="bbox 2180 2962 3770 3034">
    <p class='ocr_par' dir='ltr' id='par_1_89' title="bbox 2180 2962 3770 3034">
     <span class='ocr_line' id='line_1_89' title="bbox 2180 2962 3770 3034; baseline -0.001 -16"><span class='ocrx_word' id='word_1_640' title='bbox 2180 2983 2322 3030; x_wconf 87' lang='grc' dir='ltr'>ποις,</span> <span class='ocrx_word' id='word_1_641' title='bbox 2352 2964 2545 3019; x_wconf 81' lang='grc' dir='ltr'>ἐπειτα</span> <span class='ocrx_word' id='word_1_642' title='bbox 2576 2964 2738 3017; x_wconf 85' lang='grc' dir='ltr'>πάλιν</span> <span class='ocrx_word' id='word_1_643' title='bbox 2771 2962 2866 3016; x_wconf 90' lang='grc' dir='ltr'><strong>τοῦ</strong></span> <span class='ocrx_word' id='word_1_644' title='bbox 2905 2963 3110 3017; x_wconf 83' lang='grc' dir='ltr'>σκοποῦ</span> <span class='ocrx_word' id='word_1_645' title='bbox 3162 2963 3478 3017; x_wconf 84' lang='grc' dir='ltr'>τοπλεῖστον</span> <span class='ocrx_word' id='word_1_646' title='bbox 3514 2964 3770 3034; x_wconf 80' lang='grc' dir='ltr'>διαμαρ-</span> 
     </span>
    </p>
   </div>
   <div class='ocr_carea' id='block_1_90' title="bbox 2182 3053 3765 3124">
    <p class='ocr_par' dir='ltr' id='par_1_90' title="bbox 2182 3053 3765 3124">
     <span class='ocr_line' id='line_1_90' title="bbox 2182 3053 3765 3124; baseline -0.002 -16"><span class='ocrx_word' id='word_1_647' title='bbox 2182 3055 2457 3119; x_wconf 83' lang='grc' dir='ltr'>τάνοντες,</span> <span class='ocrx_word' id='word_1_648' title='bbox 2510 3055 2721 3118; x_wconf 83' lang='grc' dir='ltr'>πάσαις</span> <span class='ocrx_word' id='word_1_649' title='bbox 2755 3053 3029 3120; x_wconf 81' lang='grc' dir='ltr'>ἀνάγκαις</span> <span class='ocrx_word' id='word_1_650' title='bbox 3061 3053 3422 3124; x_wconf 81' lang='grc' dir='ltr'>ἀσχάλλομεν.</span> <span class='ocrx_word' id='word_1_651' title='bbox 3458 3054 3568 3106; x_wconf 80' lang='lat' dir='ltr'><strong>Kal</strong></span> <span class='ocrx_word' id='word_1_652' title='bbox 3595 3070 3765 3106; x_wconf 69' lang='lat' dir='ltr'><strong>creve-</strong></span> 
     </span>
    </p>
   </div>
   <div class='ocr_carea' id='block_1_91' title="bbox 2184 3144 3769 3218">
    <p class='ocr_par' dir='ltr' id='par_1_91' title="bbox 2184 3144 3769 3218">
     <span class='ocr_line' id='line_1_91' title="bbox 2184 3144 3769 3218; baseline -0.001 -20"><span class='ocrx_word' id='word_1_653' title='bbox 2184 3149 2294 3218; x_wconf 86' lang='grc' dir='ltr'><strong>χῶς</strong></span> <span class='ocrx_word' id='word_1_654' title='bbox 2325 3149 2456 3217; x_wconf 78' lang='grc' dir='ltr'>ἡμῖν</span> <span class='ocrx_word' id='word_1_655' title='bbox 2484 3148 2676 3200; x_wconf 81' lang='grc' dir='ltr'>τούτου</span> <span class='ocrx_word' id='word_1_656' title='bbox 2725 3145 2821 3199; x_wconf 89' lang='grc' dir='ltr'><strong>τοῦ</strong></span> <span class='ocrx_word' id='word_1_657' title='bbox 2853 3146 3028 3199; x_wconf 81' lang='grc' dir='ltr'>δεινοῦ</span> <span class='ocrx_word' id='word_1_658' title='bbox 3072 3145 3423 3214; x_wconf 81' lang='grc' dir='ltr'>γιγνομένου,</span> <span class='ocrx_word' id='word_1_659' title='bbox 3452 3144 3480 3196; x_wconf 80' lang='grc' dir='ltr'><strong>δ</strong></span> <span class='ocrx_word' id='word_1_660' title='bbox 3507 3144 3769 3198; x_wconf 84' lang='grc' dir='ltr'>δουλείαν</span> 
     </span>
    </p>
   </div>
   <div class='ocr_carea' id='block_1_92' title="bbox 2183 3236 3771 3307">
    <p class='ocr_par' dir='ltr' id='par_1_92' title="bbox 2183 3236 3771 3307">
     <span class='ocr_line' id='line_1_92' title="bbox 2183 3236 3771 3307; baseline -0.003 -15"><span class='ocrx_word' id='word_1_661' title='bbox 2183 3257 2266 3302; x_wconf 90' lang='grc' dir='ltr'><strong>τις</strong></span> <span class='ocrx_word' id='word_1_662' title='bbox 2287 3237 2478 3304; x_wconf 78' lang='grc' dir='ltr'>εἰπὼν,</span> <span class='ocrx_word' id='word_1_663' title='bbox 2504 3237 2680 3307; x_wconf 83' lang='grc' dir='ltr'>ὀρθῶς</span> <span class='ocrx_word' id='word_1_664' title='bbox 2709 3254 2774 3305; x_wconf 85' lang='grc' dir='ltr'><strong>γε</strong></span> <span class='ocrx_word' id='word_1_665' title='bbox 2799 3237 3018 3300; x_wconf 87' lang='grc' dir='ltr'>πάντως</span> <span class='ocrx_word' id='word_1_666' title='bbox 3047 3238 3183 3306; x_wconf 82' lang='grc' dir='ltr'>ἐρεῖ,</span> <span class='ocrx_word' id='word_1_667' title='bbox 3211 3236 3329 3289; x_wconf 83' lang='grc' dir='ltr'>δέον</span> <span class='ocrx_word' id='word_1_668' title='bbox 3353 3238 3411 3290; x_wconf 87' lang='grc' dir='ltr'><strong>δν</strong></span> <span class='ocrx_word' id='word_1_669' title='bbox 3440 3237 3771 3306; x_wconf 79' lang='grc' dir='ltr'>ἐλευθερίας</span> 
     </span>
    </p>
   </div>
   <div class='ocr_carea' id='block_1_93' title="bbox 2186 3325 3770 3401">
    <p class='ocr_par' dir='ltr' id='par_1_93' title="bbox 2186 3325 3770 3401">
     <span class='ocr_line' id='line_1_93' title="bbox 2186 3325 3770 3401; baseline -0.001 -17"><span class='ocrx_word' id='word_1_670' title='bbox 2186 3331 2455 3401; x_wconf 83' lang='grc' dir='ltr'>ἐφίεσθαι,</span> <span class='ocrx_word' id='word_1_671' title='bbox 2495 3331 2590 3384; x_wconf 74' lang='grc' dir='ltr'>καὶ</span> <span class='ocrx_word' id='word_1_672' title='bbox 2646 3329 3118 3396; x_wconf 80' lang='grc' dir='ltr'>άπαλλαξείοντας</span> <span class='ocrx_word' id='word_1_673' title='bbox 3151 3325 3328 3382; x_wconf 69' lang='grc' dir='ltr'>εἶναι*</span> <span class='ocrx_word' id='word_1_674' title='bbox 3387 3330 3550 3399; x_wconf 76' lang='grc' dir='ltr'>ἡμεῖς</span> <span class='ocrx_word' id='word_1_675' title='bbox 3597 3329 3659 3382; x_wconf 81' lang='grc' dir='ltr'>δὲ</span> <span class='ocrx_word' id='word_1_676' title='bbox 3699 3333 3770 3399; x_wconf 77' lang='grc' dir='ltr'>τῇ</span> 
     </span>
    </p>
   </div>
   <div class='ocr_carea' id='block_1_94' title="bbox 2187 3419 3771 3492">
    <p class='ocr_par' dir='ltr' id='par_1_94' title="bbox 2187 3419 3771 3492">
     <span class='ocr_line' id='line_1_94' title="bbox 2187 3419 3771 3492; baseline -0.001 -18"><span class='ocrx_word' id='word_1_677' title='bbox 2187 3421 2414 3492; x_wconf 79' lang='grc' dir='ltr'>ζητήσει</span> <span class='ocrx_word' id='word_1_678' title='bbox 2444 3423 2537 3474; x_wconf 86' lang='grc' dir='ltr'><strong>τοῦ</strong></span> <span class='ocrx_word' id='word_1_679' title='bbox 2566 3421 2685 3475; x_wconf 89' lang='grc' dir='ltr'>τότε</span> <span class='ocrx_word' id='word_1_680' title='bbox 2706 3421 2990 3488; x_wconf 78' lang='grc' dir='ltr'>θέλγοντος</span> <span class='ocrx_word' id='word_1_681' title='bbox 3022 3419 3389 3490; x_wconf 84' lang='grc' dir='ltr'>κατεχόμεθα,</span> <span class='ocrx_word' id='word_1_682' title='bbox 3408 3421 3498 3474; x_wconf 74' lang='grc' dir='ltr'>καὶ</span> <span class='ocrx_word' id='word_1_683' title='bbox 3530 3424 3596 3490; x_wconf 79' lang='grc' dir='ltr'><strong>τῇ</strong></span> <span class='ocrx_word' id='word_1_684' title='bbox 3630 3438 3771 3490; x_wconf 66' lang='grc' dir='ltr'>προσ</span> 
     </span>
    </p>
   </div>
   <div class='ocr_carea' id='block_1_95' title="bbox 2187 3509 3766 3584">
    <p class='ocr_par' dir='ltr' id='par_1_95' title="bbox 2187 3509 3766 3584">
     <span class='ocr_line' id='line_1_95' title="bbox 2187 3509 3766 3584; baseline -0.003 -18"><span class='ocrx_word' id='word_1_685' title='bbox 2187 3513 2320 3584; x_wconf 75' lang='grc' dir='ltr'>τέρα</span> <span class='ocrx_word' id='word_1_686' title='bbox 2365 3514 2570 3584; x_wconf 74' lang='grc' dir='ltr'>σπουδῇ</span> <span class='ocrx_word' id='word_1_687' title='bbox 2621 3512 2814 3582; x_wconf 78' lang='grc' dir='ltr'>ἑτέραν</span> <span class='ocrx_word' id='word_1_688' title='bbox 2847 3511 3184 3582; x_wconf 80' lang='grc' dir='ltr'>θερμοτέραν</span> <span class='ocrx_word' id='word_1_689' title='bbox 3230 3511 3317 3563; x_wconf 81' lang='grc' dir='ltr'><strong>ἀεὶ</strong></span> <span class='ocrx_word' id='word_1_690' title='bbox 3367 3509 3766 3580; x_wconf 83' lang='grc' dir='ltr'>προστίθεμεν.</span> 
     </span>
    </p>
   </div>
   <div class='ocr_carea' id='block_1_96' title="bbox 2187 3599 3768 3674">
    <p class='ocr_par' dir='ltr' id='par_1_96' title="bbox 2187 3599 3768 3674">
     <span class='ocr_line' id='line_1_96' title="bbox 2187 3599 3768 3674; baseline -0.005 -17"><span class='ocrx_word' id='word_1_691' title='bbox 2187 3607 2345 3657; x_wconf 85' lang='grc' dir='ltr'>Δοκεῖ</span> <span class='ocrx_word' id='word_1_692' title='bbox 2371 3604 2469 3673; x_wconf 86' lang='grc' dir='ltr'><strong>μέν</strong></span> <span class='ocrx_word' id='word_1_693' title='bbox 2499 3599 2592 3657; x_wconf 86' lang='grc' dir='ltr'><strong>οῦν</strong></span> <span class='ocrx_word' id='word_1_694' title='bbox 2637 3603 2810 3671; x_wconf 81' lang='grc' dir='ltr'>δεινὸν</span> <span class='ocrx_word' id='word_1_695' title='bbox 2848 3604 2911 3656; x_wconf 82' lang='grc' dir='ltr'>τὸ</span> <span class='ocrx_word' id='word_1_696' title='bbox 2942 3603 3137 3666; x_wconf 84' lang='grc' dir='ltr'>πάθος,</span> <span class='ocrx_word' id='word_1_697' title='bbox 3179 3604 3275 3655; x_wconf 71' lang='grc' dir='ltr'>καὶ</span> <span class='ocrx_word' id='word_1_698' title='bbox 3320 3602 3510 3663; x_wconf 88' lang='grc' dir='ltr'>κακῶς</span> <span class='ocrx_word' id='word_1_699' title='bbox 3544 3603 3635 3655; x_wconf 79' lang='grc' dir='ltr'>τὸν</span> <span class='ocrx_word' id='word_1_700' title='bbox 3666 3603 3768 3674; x_wconf 68' lang='grc' dir='ltr'><strong>ῥᾴ-</strong></span> 
     </span>
    </p>
   </div>
   <div class='ocr_carea' id='block_1_97' title="bbox 2191 3693 3773 3764">
    <p class='ocr_par' dir='ltr' id='par_1_97' title="bbox 2191 3693 3773 3764">
     <span class='ocr_line' id='line_1_97' title="bbox 2191 3693 3773 3764; baseline -0.001 -17"><span class='ocrx_word' id='word_1_701' title='bbox 2191 3696 2359 3762; x_wconf 88' lang='grc' dir='ltr'>θυμον</span> <span class='ocrx_word' id='word_1_702' title='bbox 2389 3695 2591 3758; x_wconf 84' lang='grc' dir='ltr'>πάντες</span> <span class='ocrx_word' id='word_1_703' title='bbox 2617 3695 2850 3764; x_wconf 84' lang='grc' dir='ltr'>λέγομεν</span> <span class='ocrx_word' id='word_1_704' title='bbox 2882 3693 3020 3764; x_wconf 87' lang='grc' dir='ltr'>βίον,</span> <span class='ocrx_word' id='word_1_705' title='bbox 3074 3695 3167 3746; x_wconf 71' lang='grc' dir='ltr'><strong>καὶ</strong></span> <span class='ocrx_word' id='word_1_706' title='bbox 3215 3693 3363 3762; x_wconf 75' lang='grc' dir='ltr'>σαφῆ</span> <span class='ocrx_word' id='word_1_707' title='bbox 3401 3694 3602 3762; x_wconf 87' lang='grc' dir='ltr'>μανίαν</span> <span class='ocrx_word' id='word_1_708' title='bbox 3628 3695 3773 3746; x_wconf 72' lang='grc' dir='ltr'>ἀπο·</span> 
     </span>
    </p>
   </div>
   <div class='ocr_carea' id='block_1_98' title="bbox 2193 3784 3766 3855">
    <p class='ocr_par' dir='ltr' id='par_1_98' title="bbox 2193 3784 3766 3855">
     <span class='ocr_line' id='line_1_98' title="bbox 2193 3784 3766 3855; baseline -0.001 -16"><span class='ocrx_word' id='word_1_709' title='bbox 2193 3785 2465 3854; x_wconf 77' lang='grc' dir='ltr'>καλοῦμεν</span> <span class='ocrx_word' id='word_1_710' title='bbox 2493 3785 2555 3838; x_wconf 79' lang='grc' dir='ltr'>τὸ</span> <span class='ocrx_word' id='word_1_711' title='bbox 2579 3789 2698 3848; x_wconf 85' lang='grc' dir='ltr'>ταῖς</span> <span class='ocrx_word' id='word_1_712' title='bbox 2722 3785 2938 3855; x_wconf 79' lang='grc' dir='ltr'>ἡδοναῖς</span> <span class='ocrx_word' id='word_1_713' title='bbox 2985 3785 3300 3838; x_wconf 76' lang='grc' dir='ltr'>ἐκδεδόσθαι</span> <span class='ocrx_word' id='word_1_714' title='bbox 3323 3801 3336 3813; x_wconf 88' lang='grc'><strong>·</strong></span> <span class='ocrx_word' id='word_1_715' title='bbox 3380 3786 3478 3838; x_wconf 77' lang='grc' dir='ltr'>οὐκ</span> <span class='ocrx_word' id='word_1_716' title='bbox 3507 3784 3575 3838; x_wconf 78' lang='grc' dir='ltr'>ἂν</span> <span class='ocrx_word' id='word_1_717' title='bbox 3595 3785 3641 3837; x_wconf 81' lang='grc' dir='ltr'>δ’</span> <span class='ocrx_word' id='word_1_718' title='bbox 3671 3786 3766 3838; x_wconf 79' lang='grc' dir='ltr'><strong>εὐ-</strong></span> 
     </span>
    </p>
   </div>
   <div class='ocr_carea' id='block_1_99' title="bbox 2192 3875 3771 3946">
    <p class='ocr_par' dir='ltr' id='par_1_99' title="bbox 2192 3875 3771 3946">
     <span class='ocr_line' id='line_1_99' title="bbox 2192 3875 3771 3946; baseline -0.001 -16"><span class='ocrx_word' id='word_1_719' title='bbox 2192 3877 2365 3939; x_wconf 86' lang='grc' dir='ltr'>κόλως</span> <span class='ocrx_word' id='word_1_720' title='bbox 2395 3875 2793 3945; x_wconf 78' lang='grc' dir='ltr'>σωφρονισθείη</span> <span class='ocrx_word' id='word_1_721' title='bbox 2803 3893 2924 3945; x_wconf 89' lang='grc' dir='ltr'>μεν,</span> <span class='ocrx_word' id='word_1_722' title='bbox 2943 3875 3050 3928; x_wconf 71' lang='grc' dir='ltr'>οὐδ’</span> <span class='ocrx_word' id='word_1_723' title='bbox 3071 3877 3134 3928; x_wconf 82' lang='grc' dir='ltr'>Ξιν</span> <span class='ocrx_word' id='word_1_724' title='bbox 3163 3877 3384 3937; x_wconf 80' lang='grc' dir='ltr'>ἑκόντες</span> <span class='ocrx_word' id='word_1_725' title='bbox 3413 3877 3771 3946; x_wconf 82' lang='grc' dir='ltr'>παυσαίμεθα</span> 
     </span>
    </p>
   </div>
   <div class='ocr_carea' id='block_1_100' title="bbox 2191 3967 3769 4038">
    <p class='ocr_par' dir='ltr' id='par_1_100' title="bbox 2191 3967 3769 4038">
     <span class='ocr_line' id='line_1_100' title="bbox 2191 3967 3769 4038; baseline 0.001 -17"><span class='ocrx_word' id='word_1_726' title='bbox 2191 3968 2423 4035; x_wconf 75' lang='grc' dir='ltr'>ταυτησὶ</span> <span class='ocrx_word' id='word_1_727' title='bbox 2453 3968 2553 4036; x_wconf 78' lang='grc' dir='ltr'>τῆς</span> <span class='ocrx_word' id='word_1_728' title='bbox 2586 3967 2834 4020; x_wconf 82' lang='grc' dir='ltr'>ἐκουσίου</span> <span class='ocrx_word' id='word_1_729' title='bbox 2875 3967 3074 4038; x_wconf 85' lang='grc' dir='ltr'>μανίας</span> <span class='ocrx_word' id='word_1_730' title='bbox 3116 3967 3340 4030; x_wconf 83' lang='grc' dir='ltr'>δικαίως</span> <span class='ocrx_word' id='word_1_731' title='bbox 3393 3968 3459 4020; x_wconf 84' lang='grc' dir='ltr'>ἂν</span> <span class='ocrx_word' id='word_1_732' title='bbox 3489 3968 3769 4036; x_wconf 84' lang='grc' dir='ltr'>κεκλημέ-</span> 
     </span>
    </p>
   </div>
   <div class='ocr_carea' id='block_1_101' title="bbox 2195 4058 3768 4129">
    <p class='ocr_par' dir='ltr' id='par_1_101' title="bbox 2195 4058 3768 4129">
     <span class='ocr_line' id='line_1_101' title="bbox 2195 4058 3768 4129; baseline -0.001 -16"><span class='ocrx_word' id='word_1_733' title='bbox 2195 4077 2313 4128; x_wconf 85' lang='grc' dir='ltr'>νης.</span> <span class='ocrx_word' id='word_1_734' title='bbox 2350 4059 2475 4122; x_wconf 89' lang='grc' dir='ltr'><strong>Πῶς</strong></span> <span class='ocrx_word' id='word_1_735' title='bbox 2501 4058 2611 4128; x_wconf 73' lang='grc' dir='ltr'><strong>γὰρ</strong></span> <span class='ocrx_word' id='word_1_736' title='bbox 2661 4059 2722 4111; x_wconf 81' lang='grc' dir='ltr'>οὐ</span> <span class='ocrx_word' id='word_1_737' title='bbox 2760 4059 2926 4129; x_wconf 89' lang='grc' dir='ltr'>μανία</span> <span class='ocrx_word' id='word_1_738' title='bbox 2977 4060 3176 4129; x_wconf 82' lang='grc' dir='ltr'>σαφὴς,</span> <span class='ocrx_word' id='word_1_739' title='bbox 3209 4061 3338 4111; x_wconf 84' lang='grc' dir='ltr'>ὅταν</span> <span class='ocrx_word' id='word_1_740' title='bbox 3369 4061 3768 4128; x_wconf 85' lang='grc' dir='ltr'>σεμνυνώμεθα</span> 
     </span>
    </p>
   </div>
   <div class='ocr_carea' id='block_1_102' title="bbox 2195 4149 3766 4220">
    <p class='ocr_par' dir='ltr' id='par_1_102' title="bbox 2195 4149 3766 4220">
     <span class='ocr_line' id='line_1_102' title="bbox 2195 4149 3766 4220; baseline 0.001 -18"><span class='ocrx_word' id='word_1_741' title='bbox 2195 4149 2272 4216; x_wconf 83' lang='grc' dir='ltr'><strong>τῷ</strong></span> <span class='ocrx_word' id='word_1_742' title='bbox 2299 4149 2475 4217; x_wconf 84' lang='grc' dir='ltr'>κακῷ,</span> <span class='ocrx_word' id='word_1_743' title='bbox 2505 4149 2599 4201; x_wconf 77' lang='grc' dir='ltr'><strong>καὶ</strong></span> <span class='ocrx_word' id='word_1_744' title='bbox 2616 4149 2691 4218; x_wconf 80' lang='grc' dir='ltr'>τῷ</span> <span class='ocrx_word' id='word_1_745' title='bbox 2716 4149 2944 4202; x_wconf 86' lang='grc' dir='ltr'>κατόπιν</span> <span class='ocrx_word' id='word_1_746' title='bbox 2967 4150 3137 4219; x_wconf 80' lang='grc' dir='ltr'>αὐτῆς</span> <span class='ocrx_word' id='word_1_747' title='bbox 3163 4151 3298 4202; x_wconf 84' lang='grc' dir='ltr'>ίέναι</span> <span class='ocrx_word' id='word_1_748' title='bbox 3322 4149 3766 4220; x_wconf 79' lang='grc' dir='ltr'>φιλοτιμὼμεθα,</span> 
     </span>
    </p>
   </div>
   <div class='ocr_carea' id='block_1_103' title="bbox 2196 4237 3766 4309">
    <p class='ocr_par' dir='ltr' id='par_1_103' title="bbox 2196 4237 3766 4309">
     <span class='ocr_line' id='line_1_103' title="bbox 2196 4237 3766 4309; baseline -0.001 -18"><span class='ocrx_word' id='word_1_749' title='bbox 2196 4239 2406 4308; x_wconf 79' lang='grc' dir='ltr'>πρέπον</span> <span class='ocrx_word' id='word_1_750' title='bbox 2433 4237 2491 4290; x_wconf 79' lang='grc' dir='ltr'>ὃν</span> <span class='ocrx_word' id='word_1_751' title='bbox 2515 4239 2882 4308; x_wconf 77' lang='grc' dir='ltr'>ἐρυθριῶντας</span> <span class='ocrx_word' id='word_1_752' title='bbox 2905 4238 3278 4292; x_wconf 77' lang='grc' dir='ltr'>καλύπτεσθαι</span> <span class='ocrx_word' id='word_1_753' title='bbox 3301 4239 3395 4292; x_wconf 76' lang='grc' dir='ltr'>καὶ</span> <span class='ocrx_word' id='word_1_754' title='bbox 3424 4238 3766 4309; x_wconf 73' lang='grc' dir='ltr'>ὑποχωρείνς</span> 
     </span>
    </p>
   </div>
   <div class='ocr_carea' id='block_1_104' title="bbox 2197 4331 3765 4400">
    <p class='ocr_par' dir='ltr' id='par_1_104' title="bbox 2197 4331 3765 4400">
     <span class='ocr_line' id='line_1_104' title="bbox 2197 4331 3765 4400; baseline 0.001 -18"><span class='ocrx_word' id='word_1_755' title='bbox 2197 4331 2274 4383; x_wconf 78' lang='grc' dir='ltr'>Τὸ</span> <span class='ocrx_word' id='word_1_756' title='bbox 2299 4331 2354 4384; x_wconf 83' lang='grc' dir='ltr'>δὲ</span> <span class='ocrx_word' id='word_1_757' title='bbox 2381 4332 2598 4385; x_wconf 86' lang='grc' dir='ltr'>πάντων</span> <span class='ocrx_word' id='word_1_758' title='bbox 2634 4332 3044 4400; x_wconf 83' lang='grc' dir='ltr'>σχετλιώτατον,</span> <span class='ocrx_word' id='word_1_759' title='bbox 3077 4333 3195 4386; x_wconf 76' lang='grc' dir='ltr'>οὐδὲ</span> <span class='ocrx_word' id='word_1_760' title='bbox 3225 4332 3353 4399; x_wconf 85' lang='grc' dir='ltr'>γοῦν</span> <span class='ocrx_word' id='word_1_761' title='bbox 3381 4332 3650 4395; x_wconf 85' lang='grc' dir='ltr'>παθόντες</span> <span class='ocrx_word' id='word_1_762' title='bbox 3682 4349 3765 4398; x_wconf 82' lang='grc' dir='ltr'>γι-</span> 
     </span>
    </p>
   </div>
   <div class='ocr_carea' id='block_1_105' title="bbox 2199 4422 3762 4493">
    <p class='ocr_par' dir='ltr' id='par_1_105' title="bbox 2199 4422 3762 4493">
     <span class='ocr_line' id='line_1_105' title="bbox 2199 4422 3762 4493; baseline 0.001 -19"><span class='ocrx_word' id='word_1_763' title='bbox 2199 4422 2498 4491; x_wconf 83' lang='grc' dir='ltr'>νώσκομεν,</span> <span class='ocrx_word' id='word_1_764' title='bbox 2531 4423 2558 4476; x_wconf 85' lang='grc' dir='ltr'><strong>δ</strong></span> <span class='ocrx_word' id='word_1_765' title='bbox 2590 4427 2682 4477; x_wconf 69' lang='grc' dir='ltr'>καὶ</span> <span class='ocrx_word' id='word_1_766' title='bbox 2709 4424 2922 4493; x_wconf 85' lang='grc' dir='ltr'>νηπίοις</span> <span class='ocrx_word' id='word_1_767' title='bbox 2956 4425 3186 4478; x_wconf 81' lang='grc' dir='ltr'>δέδωκεν</span> <span class='ocrx_word' id='word_1_768' title='bbox 3237 4425 3478 4486; x_wconf 78' lang='grc' dir='ltr'>Ἠσίοδος</span> <span class='ocrx_word' id='word_1_769' title='bbox 3507 4441 3519 4454; x_wconf 80' lang='grc'><em>’</em></span> <span class='ocrx_word' id='word_1_770' title='bbox 3549 4424 3762 4476; x_wconf 62' lang='lat' dir='ltr'><strong>[lumbr-</strong></span> 
     </span>
    </p>
   </div>
   <div class='ocr_carea' id='block_1_106' title="bbox 2198 4511 3765 4582">
    <p class='ocr_par' dir='ltr' id='par_1_106' title="bbox 2198 4511 3765 4582">
     <span class='ocr_line' id='line_1_106' title="bbox 2198 4511 3765 4582; baseline -0.001 -16"><span class='ocrx_word' id='word_1_771' title='bbox 2198 4511 2305 4582; x_wconf 78' lang='grc' dir='ltr'><strong>γάρ</strong></span> <span class='ocrx_word' id='word_1_772' title='bbox 2337 4530 2399 4565; x_wconf 83' lang='grc' dir='ltr'><strong>τε</strong></span> <span class='ocrx_word' id='word_1_773' title='bbox 2429 4513 2666 4579; x_wconf 75' lang='grc' dir='ltr'>νήπιος.</span> <span class='ocrx_word' id='word_1_774' title='bbox 2691 4513 2865 4582; x_wconf 73' lang='grc' dir='ltr'>ἔγνω.</span> <span class='ocrx_word' id='word_1_775' title='bbox 2909 4514 3018 4566; x_wconf 80' lang='grc' dir='ltr'><strong>Καὶ</strong></span> <span class='ocrx_word' id='word_1_776' title='bbox 3041 4515 3101 4567; x_wconf 72' lang='grc' dir='ltr'>τὸ</span> <span class='ocrx_word' id='word_1_777' title='bbox 3135 4515 3263 4578; x_wconf 82' lang='grc' dir='ltr'>ἐπος</span> <span class='ocrx_word' id='word_1_778' title='bbox 3295 4513 3446 4581; x_wconf 84' lang='grc' dir='ltr'>ὖγιές</span> <span class='ocrx_word' id='word_1_779' title='bbox 3467 4514 3644 4577; x_wconf 81' lang='grc' dir='ltr'>δόξαν,</span> <span class='ocrx_word' id='word_1_780' title='bbox 3673 4514 3765 4566; x_wconf 72' lang='grc' dir='ltr'>καὶ</span> 
     </span>
    </p>
   </div>
   <div class='ocr_carea' id='block_1_107' title="bbox 2201 4605 3769 4676">
    <p class='ocr_par' dir='ltr' id='par_1_107' title="bbox 2201 4605 3769 4676">
     <span class='ocr_line' id='line_1_107' title="bbox 2201 4605 3769 4676; baseline -0.001 -18"><span class='ocrx_word' id='word_1_781' title='bbox 2201 4606 2437 4676; x_wconf 83' lang='grc' dir='ltr'>συνεχῶς</span> <span class='ocrx_word' id='word_1_782' title='bbox 2470 4605 2782 4674; x_wconf 82' lang='grc' dir='ltr'>λεγόμενον,</span> <span class='ocrx_word' id='word_1_783' title='bbox 2827 4605 3014 4658; x_wconf 77' lang='grc' dir='ltr'>ἔπειτα</span> <span class='ocrx_word' id='word_1_784' title='bbox 3043 4608 3218 4675; x_wconf 82' lang='grc' dir='ltr'>χρόνῳ</span> <span class='ocrx_word' id='word_1_785' title='bbox 3256 4607 3453 4673; x_wconf 83' lang='grc' dir='ltr'>παγὲν,</span> <span class='ocrx_word' id='word_1_786' title='bbox 3485 4606 3586 4674; x_wconf 79' lang='grc' dir='ltr'><strong>ὁδῷ</strong></span> <span class='ocrx_word' id='word_1_787' title='bbox 3619 4605 3769 4673; x_wconf 80' lang='grc' dir='ltr'>βαδί-</span> 
     </span>
    </p>
   </div>
   <div class='ocr_carea' id='block_1_108' title="bbox 2199 4697 3768 4767">
    <p class='ocr_par' dir='ltr' id='par_1_108' title="bbox 2199 4697 3768 4767">
     <span class='ocr_line' id='line_1_108' title="bbox 2199 4697 3768 4767; baseline -0.002 -17"><span class='ocrx_word' id='word_1_788' title='bbox 2199 4697 2308 4761; x_wconf 78' lang='grc' dir='ltr'>ζον,</span> <span class='ocrx_word' id='word_1_789' title='bbox 2336 4698 2408 4759; x_wconf 81' lang='grc' dir='ltr'><strong>είς</strong></span> <span class='ocrx_word' id='word_1_790' title='bbox 2433 4697 2736 4767; x_wconf 80' lang='grc' dir='ltr'>παροιμίαν</span> <span class='ocrx_word' id='word_1_791' title='bbox 2768 4697 3076 4765; x_wconf 78' lang='grc' dir='ltr'>ἐξελήλυθε.</span> <span class='ocrx_word' id='word_1_792' title='bbox 3115 4698 3306 4750; x_wconf 82' lang='grc' dir='ltr'>Καίτοι</span> <span class='ocrx_word' id='word_1_793' title='bbox 3333 4697 3612 4758; x_wconf 84' lang='grc' dir='ltr'>παντελῶς</span> <span class='ocrx_word' id='word_1_794' title='bbox 3638 4698 3768 4764; x_wconf 83' lang='grc' dir='ltr'><strong>ἁνή-</strong></span> 
     </span>
    </p>
   </div>
   <div class='ocr_carea' id='block_1_109' title="bbox 2198 4789 3763 4861">
    <p class='ocr_par' dir='ltr' id='par_1_109' title="bbox 2198 4789 3763 4861">
     <span class='ocr_line' id='line_1_109' title="bbox 2198 4789 3763 4861; baseline -0.002 -16"><span class='ocrx_word' id='word_1_795' title='bbox 2198 4809 2332 4845; x_wconf 87' lang='grc' dir='ltr'>νυτα</span> <span class='ocrx_word' id='word_1_796' title='bbox 2377 4791 2672 4861; x_wconf 83' lang='grc' dir='ltr'>πονοῦμεν,</span> <span class='ocrx_word' id='word_1_797' title='bbox 2729 4794 2925 4860; x_wconf 79' lang='grc' dir='ltr'>στῆσαι</span> <span class='ocrx_word' id='word_1_798' title='bbox 2961 4792 3058 4861; x_wconf 81' lang='grc' dir='ltr'>τὴν</span> <span class='ocrx_word' id='word_1_799' title='bbox 3120 4792 3417 4860; x_wconf 78' lang='grc' dir='ltr'>ἐπιθυμίαν</span> <span class='ocrx_word' id='word_1_800' title='bbox 3456 4789 3763 4860; x_wconf 79' lang='grc' dir='ltr'>ζητοῦντες.</span> 
     </span>
    </p>
   </div>
   <div class='ocr_carea' id='block_1_110' title="bbox 2201 4881 3763 4953">
    <p class='ocr_par' dir='ltr' id='par_1_110' title="bbox 2201 4881 3763 4953">
     <span class='ocr_line' id='line_1_110' title="bbox 2201 4881 3763 4953; baseline -0.001 -18"><span class='ocrx_word' id='word_1_801' title='bbox 2201 4884 2309 4945; x_wconf 77' lang='grc' dir='ltr'><strong>Καὶ</strong></span> <span class='ocrx_word' id='word_1_802' title='bbox 2362 4883 2520 4937; x_wconf 88' lang='grc' dir='ltr'>τοῦτο</span> <span class='ocrx_word' id='word_1_803' title='bbox 2564 4881 2717 4953; x_wconf 78' lang='grc' dir='ltr'>οἶμαι</span> <span class='ocrx_word' id='word_1_804' title='bbox 2757 4882 2960 4953; x_wconf 82' lang='grc' dir='ltr'>μηδένα</span> <span class='ocrx_word' id='word_1_805' title='bbox 3003 4882 3284 4953; x_wconf 82' lang='grc' dir='ltr'>λεληθέναι</span> <span class='ocrx_word' id='word_1_806' title='bbox 3347 4882 3458 4934; x_wconf 86' lang='grc' dir='ltr'><strong>τῶν</strong></span> <span class='ocrx_word' id='word_1_807' title='bbox 3525 4883 3763 4934; x_wconf 85' lang='grc' dir='ltr'>πάντων.</span> 
     </span>
    </p>
   </div>
   <div class='ocr_carea' id='block_1_111' title="bbox 2205 4973 3763 5045">
    <p class='ocr_par' dir='ltr' id='par_1_111' title="bbox 2205 4973 3763 5045">
     <span class='ocr_line' id='line_1_111' title="bbox 2205 4973 3763 5045; baseline -0.003 -18"><span class='ocrx_word' id='word_1_808' title='bbox 2205 4975 2416 5045; x_wconf 85' lang='grc' dir='ltr'>Ὠσπερ</span> <span class='ocrx_word' id='word_1_809' title='bbox 2450 4975 2504 5026; x_wconf 84' lang='grc' dir='ltr'><strong>δέ</strong></span> <span class='ocrx_word' id='word_1_810' title='bbox 2559 4993 2704 5038; x_wconf 87' lang='grc' dir='ltr'>τινος</span> <span class='ocrx_word' id='word_1_811' title='bbox 2742 4974 2896 5044; x_wconf 84' lang='grc' dir='ltr'>ὠμοῦ</span> <span class='ocrx_word' id='word_1_812' title='bbox 2934 4991 2993 5026; x_wconf 84' lang='grc' dir='ltr'><strong>τε</strong></span> <span class='ocrx_word' id='word_1_813' title='bbox 3047 4974 3424 5045; x_wconf 71' lang='grc' dir='ltr'>ἀπαραιτήτου</span> <span class='ocrx_word' id='word_1_814' title='bbox 3481 4973 3763 5033; x_wconf 87' lang='grc' dir='ltr'>δεσπότου,</span> 
     </span>
    </p>
   </div>
   <div class='ocr_carea' id='block_1_112' title="bbox 2203 5062 3766 5134">
    <p class='ocr_par' dir='ltr' id='par_1_112' title="bbox 2203 5062 3766 5134">
     <span class='ocr_line' id='line_1_112' title="bbox 2203 5062 3766 5134; baseline -0.001 -18"><span class='ocrx_word' id='word_1_815' title='bbox 2203 5065 2353 5134; x_wconf 77' lang='grc' dir='ltr'>ξίφος</span> <span class='ocrx_word' id='word_1_816' title='bbox 2377 5066 2732 5132; x_wconf 80' lang='grc' dir='ltr'>ἐπισείοντος,</span> <span class='ocrx_word' id='word_1_817' title='bbox 2763 5067 2855 5120; x_wconf 72' lang='grc' dir='ltr'><strong>καὶ</strong></span> <span class='ocrx_word' id='word_1_818' title='bbox 2877 5067 2947 5117; x_wconf 80' lang='grc' dir='ltr'>τὰ</span> <span class='ocrx_word' id='word_1_819' title='bbox 2999 5068 3090 5117; x_wconf 75' lang='grc' dir='ltr'>καὶ</span> <span class='ocrx_word' id='word_1_820' title='bbox 3121 5065 3190 5116; x_wconf 82' lang='grc' dir='ltr'><strong>τά</strong></span> <span class='ocrx_word' id='word_1_821' title='bbox 3238 5065 3641 5127; x_wconf 76' lang='grc' dir='ltr'>ἐπιτάττοντος,</span> <span class='ocrx_word' id='word_1_822' title='bbox 3670 5062 3766 5114; x_wconf 79' lang='grc' dir='ltr'>οὐκ</span> 
     </span>
    </p>
   </div>
   <div class='ocr_carea' id='block_1_113' title="bbox 2204 5155 3767 5227">
    <p class='ocr_par' dir='ltr' id='par_1_113' title="bbox 2204 5155 3767 5227">
     <span class='ocr_line' id='line_1_113' title="bbox 2204 5155 3767 5227; baseline -0.004 -17"><span class='ocrx_word' id='word_1_823' title='bbox 2204 5158 2410 5211; x_wconf 80' lang='grc' dir='ltr'>ἔνεστιν</span> <span class='ocrx_word' id='word_1_824' title='bbox 2452 5160 2731 5211; x_wconf 84' lang='grc' dir='ltr'>ἀπειθεῖν·</span> <span class='ocrx_word' id='word_1_825' title='bbox 2769 5157 2945 5220; x_wconf 79' lang='grc' dir='ltr'>οὕτως</span> <span class='ocrx_word' id='word_1_826' title='bbox 2980 5156 3153 5209; x_wconf 75' lang='grc' dir='ltr'>εἴκειν</span> <span class='ocrx_word' id='word_1_827' title='bbox 3186 5158 3394 5219; x_wconf 85' lang='grc' dir='ltr'>πάντας</span> <span class='ocrx_word' id='word_1_828' title='bbox 3424 5155 3767 5227; x_wconf 71' lang='grc' dir='ltr'>ἀνάγκηκαὶ</span> 
     </span>
    </p>
   </div>
   <div class='ocr_carea' id='block_1_114' title="bbox 2205 5245 3767 5320">
    <p class='ocr_par' dir='ltr' id='par_1_114' title="bbox 2205 5245 3767 5320">
     <span class='ocr_line' id='line_1_114' title="bbox 2205 5245 3767 5320; baseline -0.004 -19"><span class='ocrx_word' id='word_1_829' title='bbox 2205 5251 2443 5320; x_wconf 80' lang='grc' dir='ltr'>τρέχειν,</span> <span class='ocrx_word' id='word_1_830' title='bbox 2478 5251 2599 5303; x_wconf 77' lang='grc' dir='ltr'>ὅποι</span> <span class='ocrx_word' id='word_1_831' title='bbox 2629 5250 2696 5302; x_wconf 81' lang='grc' dir='ltr'>ἂν</span> <span class='ocrx_word' id='word_1_832' title='bbox 2728 5251 2760 5317; x_wconf 82' lang='grc' dir='ltr'>ἡ</span> <span class='ocrx_word' id='word_1_833' title='bbox 2787 5249 2945 5319; x_wconf 78' lang='grc' dir='ltr'>ἡδονὴ</span> <span class='ocrx_word' id='word_1_834' title='bbox 2982 5247 3246 5300; x_wconf 83' lang='grc' dir='ltr'>νεύσειεν.</span> <span class='ocrx_word' id='word_1_835' title='bbox 3291 5245 3626 5314; x_wconf 80' lang='grc' dir='ltr'>Ἐφεστῶτος</span> <span class='ocrx_word' id='word_1_836' title='bbox 3663 5245 3767 5310; x_wconf 61' lang='grc' dir='ltr'><strong>γαί⁵</strong></span> 
     </span>
    </p>
   </div>
   <div class='ocr_carea' id='block_1_115' title="bbox 2204 5335 3765 5410">
    <p class='ocr_par' dir='ltr' id='par_1_115' title="bbox 2204 5335 3765 5410">
     <span class='ocr_line' id='line_1_115' title="bbox 2204 5335 3765 5410; baseline -0.007 -14"><span class='ocrx_word' id='word_1_837' title='bbox 2204 5341 2299 5396; x_wconf 83' lang='grc' dir='ltr'><strong>τοῦ</strong></span> <span class='ocrx_word' id='word_1_838' title='bbox 2325 5342 2552 5404; x_wconf 84' lang='grc' dir='ltr'>πάθους,</span> <span class='ocrx_word' id='word_1_839' title='bbox 2581 5341 2673 5394; x_wconf 73' lang='grc' dir='ltr'>καὶ</span> <span class='ocrx_word' id='word_1_840' title='bbox 2699 5341 3149 5410; x_wconf 83' lang='grc' dir='ltr'>διακελευομένου</span> <span class='ocrx_word' id='word_1_841' title='bbox 3199 5338 3276 5408; x_wconf 80' lang='grc' dir='ltr'>τῷ</span> <span class='ocrx_word' id='word_1_842' title='bbox 3315 5336 3632 5406; x_wconf 77' lang='grc' dir='ltr'>ὑφορμῶντι</span> <span class='ocrx_word' id='word_1_843' title='bbox 3676 5335 3765 5389; x_wconf 82' lang='grc' dir='ltr'><strong>τοῦ</strong></span> 
     </span>
    </p>
   </div>
   <div class='ocr_carea' id='block_1_116' title="bbox 2208 5427 3767 5503">
    <p class='ocr_par' dir='ltr' id='par_1_116' title="bbox 2208 5427 3767 5503">
     <span class='ocr_line' id='line_1_116' title="bbox 2208 5427 3767 5503; baseline -0.005 -18"><span class='ocrx_word' id='word_1_844' title='bbox 2208 5433 2340 5503; x_wconf 82' lang='grc' dir='ltr'>παρ’</span> <span class='ocrx_word' id='word_1_845' title='bbox 2371 5436 2507 5502; x_wconf 82' lang='grc' dir='ltr'>ἡμῖν</span> <span class='ocrx_word' id='word_1_846' title='bbox 2555 5433 2863 5500; x_wconf 84' lang='grc' dir='ltr'>πεφυκότος</span> <span class='ocrx_word' id='word_1_847' title='bbox 2909 5434 3045 5502; x_wconf 80' lang='grc' dir='ltr'>πρός</span> <span class='ocrx_word' id='word_1_848' title='bbox 3085 5447 3229 5492; x_wconf 86' lang='grc' dir='ltr'>τινος</span> <span class='ocrx_word' id='word_1_849' title='bbox 3258 5427 3558 5483; x_wconf 84' lang='grc' dir='ltr'>άπόλαυοίν</span> <span class='ocrx_word' id='word_1_850' title='bbox 3585 5443 3643 5479; x_wconf 90' lang='grc' dir='ltr'><strong>τε</strong></span> <span class='ocrx_word' id='word_1_851' title='bbox 3679 5428 3767 5479; x_wconf 75' lang='grc' dir='ltr'>καὶ</span> 
     </span>
    </p>
   </div>
   <div class='ocr_carea' id='block_1_117' title="bbox 2211 5517 3766 5595">
    <p class='ocr_par' dir='ltr' id='par_1_117' title="bbox 2211 5517 3766 5595">
     <span class='ocr_line' id='line_1_117' title="bbox 2211 5517 3766 5595; baseline -0.004 -19"><span class='ocrx_word' id='word_1_852' title='bbox 2211 5527 2445 5595; x_wconf 75' lang='grc' dir='ltr'>μετοχὴν</span> <span class='ocrx_word' id='word_1_853' title='bbox 2474 5525 2580 5578; x_wconf 85' lang='grc' dir='ltr'><strong>τῶν</strong></span> <span class='ocrx_word' id='word_1_854' title='bbox 2605 5525 2908 5578; x_wconf 79' lang='grc' dir='ltr'>δοκούντων</span> <span class='ocrx_word' id='word_1_855' title='bbox 2933 5523 3139 5590; x_wconf 80' lang='grc' dir='ltr'>ἐφετῶν</span> <span class='ocrx_word' id='word_1_856' title='bbox 3165 5517 3327 5582; x_wconf 80' lang='grc' dir='ltr'>εἶναι,</span> <span class='ocrx_word' id='word_1_857' title='bbox 3354 5520 3446 5572; x_wconf 79' lang='grc' dir='ltr'>καὶ</span> <span class='ocrx_word' id='word_1_858' title='bbox 3477 5518 3612 5588; x_wconf 79' lang='grc' dir='ltr'>πρὸς</span> <span class='ocrx_word' id='word_1_859' title='bbox 3643 5519 3766 5570; x_wconf 64' lang='lat'><strong>£10-</strong></span> 
     </span>
    </p>
   </div>
   <div class='ocr_carea' id='block_1_118' title="bbox 2205 5611 3762 5684">
    <p class='ocr_par' dir='ltr' id='par_1_118' title="bbox 2205 5611 3762 5684">
     <span class='ocr_line' id='line_1_118' title="bbox 2205 5611 3762 5684; baseline -0.007 -16"><span class='ocrx_word' id='word_1_860' title='bbox 2205 5619 2272 5671; x_wconf 77' lang='grc' dir='ltr'>τὰ</span> <span class='ocrx_word' id='word_1_861' title='bbox 2307 5617 2698 5684; x_wconf 66' lang='grc' dir='ltr'>μιθελκόντων,</span> <span class='ocrx_word' id='word_1_862' title='bbox 2739 5617 2819 5669; x_wconf 80' lang='grc' dir='ltr'><strong>ἐτι</strong></span> <span class='ocrx_word' id='word_1_863' title='bbox 2847 5616 2902 5667; x_wconf 81' lang='grc' dir='ltr'>δὲ</span> <span class='ocrx_word' id='word_1_864' title='bbox 2946 5611 3444 5684; x_wconf 82' lang='grc' dir='ltr'>προσαπειλοῦντος</span> <span class='ocrx_word' id='word_1_865' title='bbox 3479 5611 3762 5674; x_wconf 83' lang='grc' dir='ltr'>λυπήσειν,</span> 
     </span>
    </p>
   </div>
   <div class='ocr_carea' id='block_1_119' title="bbox 2207 5699 3768 5776">
    <p class='ocr_par' dir='ltr' id='par_1_119' title="bbox 2207 5699 3768 5776">
     <span class='ocr_line' id='line_1_119' title="bbox 2207 5699 3768 5776; baseline -0.008 -14"><span class='ocrx_word' id='word_1_866' title='bbox 2207 5711 2255 5762; x_wconf 87' lang='grc' dir='ltr'><strong>εί</strong></span> <span class='ocrx_word' id='word_1_867' title='bbox 2297 5709 2372 5776; x_wconf 83' lang='grc' dir='ltr'>μὴ</span> <span class='ocrx_word' id='word_1_868' title='bbox 2410 5711 2728 5762; x_wconf 79' lang='grc' dir='ltr'>κατανεύειν</span> <span class='ocrx_word' id='word_1_869' title='bbox 2751 5707 3048 5776; x_wconf 80' lang='grc' dir='ltr'>ἐθέλοιμεν,</span> <span class='ocrx_word' id='word_1_870' title='bbox 3071 5705 3220 5757; x_wconf 74' lang='grc' dir='ltr'>οὐδὲν</span> <span class='ocrx_word' id='word_1_871' title='bbox 3247 5703 3312 5757; x_wconf 85' lang='grc' dir='ltr'>ἂν</span> <span class='ocrx_word' id='word_1_872' title='bbox 3342 5705 3427 5768; x_wconf 80' lang='grc' dir='ltr'>εἴη</span> <span class='ocrx_word' id='word_1_873' title='bbox 3456 5702 3638 5755; x_wconf 77' lang='grc' dir='ltr'>λοιπὸν</span> <span class='ocrx_word' id='word_1_874' title='bbox 3660 5699 3768 5751; x_wconf 86' lang='grc' dir='ltr'>δια-</span> 
     </span>
    </p>
   </div>
   <div class='ocr_carea' id='block_1_120' title="bbox 2209 5786 3766 5868">
    <p class='ocr_par' dir='ltr' id='par_1_120' title="bbox 2209 5786 3766 5868">
     <span class='ocr_line' id='line_1_120' title="bbox 2209 5786 3766 5868; baseline -0.009 -15"><span class='ocrx_word' id='word_1_875' title='bbox 2209 5799 2543 5868; x_wconf 76' lang='grc' dir='ltr'>πράξασθαι,</span> <span class='ocrx_word' id='word_1_876' title='bbox 2573 5799 2605 5868; x_wconf 77' lang='grc' dir='ltr'><strong>ἢ</strong></span> <span class='ocrx_word' id='word_1_877' title='bbox 2639 5797 2936 5867; x_wconf 82' lang='grc' dir='ltr'>ὲφέπεσθαί</span> <span class='ocrx_word' id='word_1_878' title='bbox 2969 5813 3027 5850; x_wconf 87' lang='grc' dir='ltr'><strong>τε</strong></span> <span class='ocrx_word' id='word_1_879' title='bbox 3055 5796 3148 5850; x_wconf 77' lang='grc' dir='ltr'>καὶ</span> <span class='ocrx_word' id='word_1_880' title='bbox 3179 5794 3444 5863; x_wconf 81' lang='grc' dir='ltr'>ἄγεσθαι,</span> <span class='ocrx_word' id='word_1_881' title='bbox 3481 5791 3621 5853; x_wconf 70' lang='grc' dir='ltr'>κατὰ</span> <span class='ocrx_word' id='word_1_882' title='bbox 3649 5786 3766 5846; x_wconf 78' lang='grc' dir='ltr'>τοὺς</span> 
     </span>
    </p>
   </div>
  </div>
