3978 6592
208 413 340 476 445
1661 415 1864 475 ORAT

1978 415 2057 474 IV
3398 413 3504 477 446

207 527 346 582 ἀπὸ
376 525 496 579 τοῦ
526 525 745 596 χείλους
795 525 1116 595 δεδεμένους
1143 528 1250 581 τῶν
1287 530 1496 594 ἵππων,
1551 531 1648 584 καὶ
1681 547 1840 598 στρε-

1968 531 2035 598 [ui
2077 530 2314 599 gladium
2353 531 2552 598 vibrat,
2586 543 2642 588 ct
2671 534 2784 588 haec
2811 540 2972 602 atque
3003 532 3093 586 illa
3127 529 3304 584 facere
3329 529 3508 596 jubet,

212 619 371 671 ϐλου
384 614 600 685 μένους
629 617 738 669 τινὶ
775 614 938 686 ξύλῳ.
980 619 1125 686 Πρὸς
1149 619 1256 690 γάρ
1288 621 1351 690 δὴ
1377 621 1573 674 δάκνον
1605 622 1702 692 ἤδη
1737 639 1841 673 πα-

1968 623 2228 690 mperium
2270 641 2524 680 recusare
2549 643 2650 681 non
2688 628 2837 690 licet,
2872 627 2946 679 ita
2978 626 3167 680 cedere
3190 632 3414 676 cunctos
3451 630 3507 676 et

217 715 328 780 ρον
356 706 658 776 (δάκνεται
683 708 795 777 γάρ
819 709 846 758 ό
884 709 1172 778 ἐπιθυμῶν
1203 711 1353 778 αὐτῷ
1391 711 1468 780 τῷ
1502 712 1839 782 ἐπιθυμεῖν),

1968 727 2167 766 :urrere
2199 730 2419 768 necesse
2470 727 2553 769 est
2593 730 2924 784 quocunque
2970 714 3218 781 voluptas
3246 701 3528 765 innuerit.‘

218 799 332 851 καὶ
368 798 524 868 πρὸς
579 798 812 866 ἀπειλὴν
853 799 1042 852 κακῶν
1075 801 1316 869 (ἀπειλεῖ
1344 805 1535 872 γάρτδ
1572 804 1842 872 ποθούμε-

1968 804 2152 872 )uippe
2183 820 2302 858 cum
2339 807 2533 860 malum
2561 808 2731 876 ipsum
2762 823 2860 861 nos
2889 814 3062 873 urget,
3090 815 3139 856 et
3166 813 3508 871 appetentem

220 906 325 942 νον
350 888 718 976 ἀποπνίξειν,
739 890 791 941 εί
817 891 882 959 δὴ
907 893 1187 955 παντελῶς
1219 895 1540 962 ἀποσταίη),
1583 895 1674 948 καὶ
1706 896 1844 964 πρῗις

1968 906 2156 949 natura!
2186 909 2383 953 nostrae
2415 912 2622 968 partem
2657 899 2976 953 exhortatur
3006 900 3068 950 ad
3104 896 3412 949 l'ruitionem
3447 910 3510 949 ac

223 979 366 1050 βίαν
406 978 610 1048 ἡδονῆς
637 978 715 1045 (τί
742 979 851 1050 γάρ
883 984 1117 1053 ταυτησὶ
1156 984 1460 1053 βιαιότερον
1483 986 1544 1053 ς),
1579 989 1673 1040 καὶ
1707 987 1845 1053 πρὸς

1968 987 2417 1053 iarticipatiouem
2468 989 2698 1054 alicujus
2743 1001 3044 1054 eorumque
3079 985 3329 1038 videntur
3355 998 3517 1052 expe—

224 1069 614 1140 παράκλησιν
647 1072 826 1124 καλῶν
859 1075 1198 1143 φαινομένων
1224 1075 1436 1144 (ὥσπερ
1465 1075 1574 1144 γὰρ
1605 1076 1846 1144 αὐτόμα-

1971 1079 2131 1138 cnda,
2169 1087 2223 1130 ct
2250 1081 2314 1131 ad
2348 1093 2405 1131 se
2437 1079 2763 1146 pertrahunt
2818 1093 2879 1130 ac
2918 1078 3168 1139 invitant,
3201 1085 3254 1128 et
3299 1085 3513 1142 praster-

229 1180 302 1215 τα.
341 1163 546 1215 πάντα
597 1161 737 1214 εἴκει
769 1166 836 1232 τῇ
876 1164 988 1215 τῶν
1029 1164 1209 1220 καλῶν
1240 1166 1386 1236 θέα),
1437 1168 1529 1228 καὶ
1556 1167 1845 1218 συνελόντα

1968 1185 2010 1223 ea
2071 1169 2308 1222 dolorem
2339 1171 2631 1224 allaturum
2666 1187 2724 1226 se
2772 1171 3013 1224 minatltr
3045 1170 3098 1222 ni
3147 1169 3373 1222 velimus
3419 1166 3509 1218 atl-

234 1257 464 1318 είπεῖν,
495 1255 636 1322 πρὸς
671 1255 851 1325 ὁρμὴν
874 1258 972 1321 τῆς
1007 1257 1223 1322 φύσεως
1251 1259 1356 1311 ὑπὸ
1383 1258 1656 1311 τοσούτων
1691 1260 1848 1324 ἐφελ-

1968 1274 2141 1321 tuere,
2181 1261 2313 1314 nihil
2346 1261 2490 1330 quod
2523 1277 2745 1328 agamus
2781 1262 2926 1316 aliud
2963 1269 3128 1314 restat
3156 1275 3315 1328 quam
3346 1267 3405 1311 ttt
3436 1271 3517 1311 se-

238 1347 534 1416 κομὲνην,
565 1349 652 1411 τίς
679 1350 825 1400 οὕτω
857 1349 1143 1419 σιδηροῦς,
1184 1352 1271 1414 τίς
1317 1351 1532 1418 ἀδάμας
1554 1393 1568 1414 ,
1607 1350 1682 1414 ὡς
1715 1351 1844 1419 μέλ·

1968 1365 2208 1419 tuantur,
2237 1363 2290 1405 et
2344 1345 2612 1406 ducamur
2671 1353 2885 1406 illorum
2931 1367 3192 1420 equorum
3244 1365 3395 1403 more
3428 1349 3519 1414 qui

239 1440 368 1492 λειν
394 1440 618 1509 ἑδραῖος
641 1443 1004 1508 φανήσεσθαι,
1025 1442 1158 1494 ἀλλά
1186 1443 1259 1513 μὴ
1278 1442 1732 1504 καταπεσεῖσθαι,
1755 1443 1849 1495 καὶ

1973 1441 2108 1495 abro
2138 1446 2587 1512 constringuntur
2626 1455 2678 1499 et
2719 1445 2868 1513 ligno
2899 1446 3135 1512 quodam
3176 1450 3515 1509 torquentur.

245 1530 560 1594 διαπαντὸς
591 1533 806 1584 κεῖσθαι
840 1531 1225 1601 βουλήσεσθαι,
1261 1535 1361 1600 τὴν
1388 1533 1680 1603 διόρθωσιν
1710 1526 1850 1584 πανέ

247 1620 510 1673 τὰπασιν
539 1622 851 1696 ἀπογνούς;
899 1623 1044 1676 Ἀλλ’
1075 1624 1102 1677 δ
1124 1625 1185 1690 δὴ
1213 1623 1598 1694 χαλεπώτερον
1629 1626 1721 1676 καὶ
1749 1642 1852 1677 πα-

258 1710 551 1780 ραμυθίας
586 1712 760 1765 ἀνὼτε
769 1731 884 1782 ρον,
915 1714 1010 1768 καὶ
1035 1714 1256 1768 ἀνίατον
1281 1715 1468 1778 κακὸν,
1493 1715 1547 1766 τί
1571 1714 1646 1786 μὴ
1671 1715 1849 1782 λέγως

256 1802 530 1856 Ἐπειδάν
559 1805 670 1873 γὰρ
699 1806 794 1858 καὶ
817 1805 1078 1874 τύχωμεν
1105 1806 1214 1859 τῶν
1246 1806 1440 1874 ἡδέων,
1470 1810 1566 1862 καὶ
1591 1808 1689 1876 τὴν
1712 1807 1852 1874 ἀγα-

258 1893 362 1960 θὴν
397 1894 720 1963 νομίσωμεν
751 1895 925 1966 τύχην
976 1897 1124 1964 ἡμᾶς
1157 1897 1645 1968 ἐπιδεδημηκέναι,
1689 1897 1850 1967 μόγις
1887 1881 1926 1936 Β

259 1983 344 2047 δὲ,
375 1987 475 2038 καὶ
505 1987 595 2040 διὰ
622 1987 842 2058 χρόνον,
872 1989 1078 2057 ταχέως
1106 1989 1248 2056 ἄγαν
1282 1989 1605 2057 ἀφίπταται,
1639 1991 1733 2043 καὶ
1758 1990 1853 2042 λυ-

263 2078 361 2128 πεῖ
383 2076 466 2145 τῷ
490 2078 798 2146 ἀφεστάναι
832 2079 1014 2150 πολλῷ
1051 2097 1114 2149 γε
1153 2080 1435 2151 μᾶλλον,ἢ
1465 2081 1749 2149 εὐφραίνει
1777 2080 1854 2151 τῷ

263 2169 555 2237 παρεῖναι.
586 2169 650 2221 El
677 2170 722 2222 δ’
749 2172 1116 2240 ἐπιμήκιστον
1146 2171 1422 2241 διαρκέσει
1446 2171 1661 2240 χρόνον,
1689 2171 1853 2223 λυπεῖ

264 2259 342 2328 τῷ
374 2260 552 2328 κόρῳ.
589 2261 884 2330 Πλησμονὴ
912 2261 1046 2330 γὰρ,
1085 2261 1192 2330 ἔφη
1223 2279 1329 2324 τις,
1359 2263 1471 2313 τῶν
1499 2278 1562 2329 γε
1597 2263 1856 2316 τοιούτων

269 2352 560 2404 ἁπάντων.
588 2351 749 2414 Εἰκὸς
779 2351 824 2404 δ’
854 2352 921 2404 ἀν
953 2353 1060 2421 εἴη,
1085 2356 1184 2422 τῆς
1232 2352 1388 2421 δόξης
1415 2355 1856 2422 μετατραπείσης

269 2445 346 2506 είς
374 2444 721 2506 τούναντίον,
767 2443 884 2496 ’ἀπὸ
916 2444 1017 2512 τῆς
1065 2444 1284 2514 πείρας,
1326 2444 1499 2512 μείζω
1551 2444 1653 2514 τὴν
1681 2444 1858 2514 λύπην

274 2531 416 2587 εἶναι
448 2534 554 2600 τῆς
582 2535 920 2605 εὐφροσύνης
943 2551 958 2566 ο
990 2535 1082 2587 καὶ
1108 2534 1207 2604 τῆς
1235 2534 1526 2604 φθασάσης
1552 2535 1742 2606 ἡδονῆς
1768 2536 1859 2589 τὸν

276 2623 639 2692 ἐπιγεγονότα
673 2625 943 2694 κρατῆσαι
985 2625 1313 2694 μιτάμελον,
1343 2627 1438 2678 κα)⁸
1460 2626 1859 2696 πλεονεκτηθῆ-

277 2732 365 2767 ναι
397 2717 488 2767 καὶ
509 2716 814 2786 ἡττηθῆναι
845 2715 1051 2787 ταύτην
1081 2717 1315 2771 ἐκείνου.
1341 2719 1415 2770 Τὸ
1444 2719 1553 2786 γὰρ
1591 2718 1689 2786 ἡδὺ
1721 2716 1859 2787 μετὰ

281 2809 370 2859 τὸν
399 2807 568 2881 κόρον
600 2809 848 2876 ἀνιαρὸν,
866 2808 939 2872 ὡς
971 2811 1276 2880 εἰρήκαμεν
1297 2828 1309 2841 ·
1348 2810 1442 2863 καὶ
1474 2808 1698 2877 ἀλγύνει
1725 2809 1858 2875 μᾶλ-

280 2899 368 2954 λον
399 2901 462 2952 τὸ
498 2900 842 2970 ὑπερϐάλλον
871 2903 969 2968 τῆς
1002 2901 1348 2972 πλησμονῆς,
1381 2902 1414 2972 ἦ
1447 2903 1860 2972 παραμυθεῖται

282 2994 340 3044 τὸ
379 2992 603 3064 μέτριον
627 2994 728 3063 τῆς
779 2995 1021 3065 τρυφῆς·
1065 2997 1159 3046 καὶ
1190 2995 1352 3048 λυπεῖ
1391 2996 1450 3048 τὺ
1477 2995 1860 3064 διαρκέστερον

284 3083 382 3146 τῆς
409 3082 702 3147 ἀπουσίας,
733 3085 765 3154 ἢ
794 3085 1079 3154 χαρίζεται
1121 3087 1154 3156 ὴ
1189 3086 1488 3156 παρουσία,
1518 3087 1592 3148 ὼς
1630 3085 1864 3154 τάχιστα

1952 1532 2084 1585 Nam
2115 1535 2181 1586 ad
2210 1535 2261 1587 id
2299 1537 2441 1603 quod
2467 1538 2577 1604 jam
2611 1551 2853 1606 praesens
2884 1536 3093 1589 mordet
3129 1534 3349 1602 (quippe
3378 1547 3524 1599 mor-

1953 1639 2072 1678 sum
2110 1630 2400 1696 quemdam
2429 1631 2588 1683 sentit
2629 1631 2696 1692 is,
2732 1629 2820 1695 qui
2853 1628 3084 1697 appelli.
3130 1641 3195 1680 80
3227 1625 3346 1692 ἱιιεο
3377 1624 3520 1690 (1⁸³οά

1917 1744 1930 1752 ·
1954 1720 2181 1788 appetit)
2220 1728 2274 1772 et
2302 1721 2368 1774 ad
2396 1722 2542 1790 ipsas
2579 1721 2838 1775 malorum
2867 1721 3047 1775 minas
3081 1722 3226 1788 (nam
3263 1726 3524 1770 enecatu-

1958 1827 2079 1866 rum
2119 1827 2180 1866 se
2208 1812 2444 1865 minatur
2479 1811 2530 1865 id
2561 1815 2706 1880 quod
2745 1812 3038 1880 expetitur,
3071 1811 3114 1864 si
3154 1808 3375 1862 omnino
3417 1824 3522 1860 non

1956 1905 2301 1973 impetretur)
2339 1915 2392 1958 et
2444 1905 2510 1956 ad
2547 1904 2848 1971 voluptatis
2895 1903 3000 1958 vim
3045 1902 3196 1970 (quid
3235 1901 3379 1954 enim
3436 1898 3520 1950 illa

1955 1998 2270 2065 violentius)
2299 2007 2350 2051 et
2385 1996 2450 2049 ad
2499 1995 2871 2050 invitationem
2905 2010 3092 2048 eorum
3121 2009 3240 2062 quae
3287 1993 3523 2059 speciem

1955 2084 2223 2139 bonorum
2256 2085 2457 2138 habent
2482 2085 2686 2153 (omnia
2724 2100 2958 2153 namque
2985 2094 3179 2153 sponte
3207 2098 3302 2135 sua
3332 2082 3529 2135 cedunt

1955 2174 2024 2230 iis
2054 2190 2171 2242 qua:
2195 2161 2737 2244 pulclira‘videntur),
2760 2188 2816 2230 ut
2844 2176 3161 2230 summatim
3189 2174 3422 2242 denique
3448 2172 3532 2226 di-

1957 2282 2101 2331 cam,
2137 2266 2202 2319 ad
2230 2267 2488 2333 impetum
2532 2279 2759 2332 natura,
2791 2283 2952 2334 quem
2985 2275 3062 2320 tot
3091 2281 3178 2319 res
3216 2265 3529 2334 impellunt,

1958 2354 2081 2424 quis
2111 2358 2244 2408 adeo
2280 2356 2488 2410 ferreus
2535 2357 2701 2412 fuerit
2736 2358 2928 2426 quisve
2974 2367 3082 2410 tam
3119 2355 3526 2418 adamantinus,

1959 2457 2019 2502 ut
2051 2448 2297 2503 stabilem
2333 2464 2392 2503 se
2424 2449 2806 2502 declaraturus
2847 2450 2939 2510 sit,
2983 2463 3045 2502 ac
3077 2463 3181 2501 non
3211 2445 3401 2500 collabi
3431 2461 3532 2513 po-

1963 2541 2091 2605 tius,
2132 2551 2186 2595 et
2218 2550 2481 2609 perpetuo
2508 2541 2694 2610 jacere
2725 2541 2876 2602 velit,
2908 2540 3055 2593 omni
3089 2551 3314 2608 prorsus
3341 2549 3531 2590 emen-

1961 2634 2182 2688 datione
2207 2633 2491 2703 desperata
2514 2630 2676 2686 Nam
2709 2631 2852 2702 quod
2875 2631 3038 2686 etiam
3065 2629 3311 2699 gravius,
3335 2634 3388 2680 et
3413 2641 3536 2680 om-

1965 2741 2085 2779 nem
2120 2735 2275 2780 extra
2305 2723 2704 2778 rorrectionem
2732 2722 2990 2791 positum,
3024 2703 3337 2788 malumque
3367 2732 3533 2785 pror-

1963 2833 2059 2873 sus
2090 2817 2411 2879 insanabile,
2440 2832 2537 2870 cur
2567 2832 2674 2870 non
2713 2814 3028 2885 proferam?
3060 2829 3183 2866 nam
3213 2827 3333 2866 cum
3371 2812 3534 2863 rebus
3575 2796 3581 2802 ’
3660 2836 3677 2851 ο

1963 2908 2225 2981 jucundis
2256 2909 2414 2975 potiti
2451 2923 2663 2971 sumus,
2696 2907 2917 2975 jamque
2948 2914 3199 2973 putamus
3231 2904 3430 2954 bonam
3467 2901 3533 2951 ad

1966 3014 2068 3054 nos
2108 2997 2407 3052 accessisse
2443 2996 2742 3059 fortunam,
2791 2997 2877 3048 vix
2917 2996 2968 3049 id
3015 2994 3235 3064 quidem
3267 3002 3318 3046 et
3369 2991 3531 3057 longo

1967 3091 2232 3160 temporis
2275 3089 2586 3151 intervallo,
2620 3088 2875 3142 celeriter
2916 3087 3204 3141 admodum
3247 3081 3446 3144 avolat,
3485 3090 3539 3133 et

285 3176 429 3245 ἡμᾶς
462 3175 1113 3244 uapurpéxousa.1'0ns
1141 3178 1202 3228 τὸ
1231 3178 1457 3247 τέρπον,
1481 3178 1561 3229 ἐνί
1591 3195 1666 3248 τῳ
1708 3178 1862 3248 μέρει

1968 3185 2206 3238 discessu
2239 3197 2339 3236 suo
2374 3181 2534 3248 longe
2575 3179 2766 3245 majori
2811 3195 2907 3232 nos
2951 3177 3140 3231 dolore
3176 3174 3335 3228 afﬁcit
3366 3189 3525 3241 quam

289 3267 653 3337 χαριζόμενον
693 3267 771 3336 τῷ
824 3270 1102 3336 παρεῖναι,
1165 3270 1356 3330 διττῶς
1397 3271 1545 3340 ἡμᾶς
1589 3272 1736 3340 ἀνιᾷ,
1787 3271 1865 3340 τῷ

1968 3289 2203 3342 pra-sens
2229 3272 2518 3328 exhilaret.
2541 3269 2693 3335 Quod
2717 3270 2758 3322 si
2780 3267 3096 3337 longissimo
3116 3264 3376 3332 temporis
3407 3279 3538 3331 spa-

296 3357 365 3426 μὴ
394 3358 831 3426 παραγεγονέναι
861 3360 1098 3430 ταχέως,
1148 3361 1243 3414 καὶ
1273 3360 1351 3430 τῷ
1384 3361 1546 3430 κόρον
1593 3364 1865 3430 ἐμποιεῖν,

294 3447 510 3500 ἐπειδάν
538 3447 691 3505 ἐλθὸν
717 3449 975 3520 ἐπιμείνῃ
995 3467 1010 3484 ο
1045 3451 1093 3502 εί
1123 3451 1180 3503 δέ
1219 3451 1314 3521 μὴ,
1355 3453 1433 3521 τῷ
1461 3453 1674 3522 ταχέως
1697 3452 1869 3506 ἀπαλ-

297 3540 521 3607 λαγῆναι
567 3541 659 3592 καὶ
693 3542 1030 3608 ἀφεστάναιο
1069 3545 1162 3595 καὶ
1215 3545 1273 3594 ἐν
1325 3545 1544 3614 ἑκάστῳ
1573 3543 1630 3596 δέ
1662 3545 1868 3598 τούτων

299 3629 456 3682 πλέον
482 3629 544 3680 τὸ
570 3627 768 3682 δάκνον
797 3631 831 3698 ἢ
859 3631 918 3684 ἐν
951 3630 1030 3699 τῷ
1066 3632 1293 3700 τέρπειν
1316 3634 1376 3686 τὸ
1405 3633 1791 3704 χαριζόμενον.

1967 3363 2040 3416 tio
2063 3363 2243 3427 duret,
2293 3363 2405 3428 ipsa
2439 3360 2522 3415 sui
2559 3361 2816 3413 satietate
2870 3357 3097 3411 molesta
3137 3367 3242 3409 est.
3275 3353 3407 3408 Nam
3448 3353 3524 3404 uti

1966 3453 2190 3523 quidam
2227 3453 2384 3516 dixit,
2433 3453 2744 3522 ltujusmodi
2795 3465 2975 3502 rerum
3021 3450 3258 3501 omnium
3317 3445 3538 3499 satietas

1965 3544 2523 3599 est.Consentaneum
2553 3553 2732 3596 autem
2770 3538 2955 3604 luerit,
2983 3540 3239 3608 opinione
3269 3537 3536 3590 diversam

1969 3635 2023 3689 in
2055 3645 2264 3706 partem
2303 3642 2530 3698 mutata,
2559 3645 2625 3687 ex
2663 3634 2776 3702 ipsa
2801 3631 3021 3700 quidem
3048 3629 3401 3698 experientia,
3438 3628 3538 3679 do-

306 3721 472 3776 lorem
512 3721 701 3776 laetitia
735 3722 997 3790 majorem
1035 3738 1178 3790 esse,
1207 3737 1271 3777 ac
1303 3724 1578 3792 voluptate
1602 3739 1719 3788 quae
1781 3726 2080 3793 praecessit,
2140 3726 2496 3781 subsecutam'
2548 3724 2914 3794 pceniteutiam
2975 3738 3093 3777 esse
3183 3718 3538 3788 superiorem,

310 3826 359 3870 et
388 3817 454 3870 ab
481 3815 581 3870 hac
611 3816 757 3869 illam
780 3816 939 3885 longo
966 3832 1032 3872 ex
1054 3817 1341 3873 intervallo
1361 3817 1529 3872 vinci.
1553 3817 1707 3882 Quod
1730 3820 1871 3872 enim
1905 3828 1989 3875 est
2013 3821 2226 3888 volupe,
2256 3828 2376 3888 post
2404 3821 2726 3882 satietatem,
2759 3833 2859 3871 ceu
2920 3818 3173 3878 diximus,
3239 3813 3526 3866 molestum

308 3922 367 3962 ac
397 3907 674 3961 taediosum
702 3922 824 3962 esse
851 3908 1010 3972 solet,
1041 3908 1410 3977 majoremque
1441 3906 1683 3966 dolorem
1708 3907 1864 3964 aﬂet't
1903 3909 1993 3962 illa
2017 3909 2180 3962 nimia
2211 3909 2472 3961 saturitas
2496 3922 2656 3975 quam
2681 3908 2926 3974 voluptas
2981 3905 3192 3958 modica
3255 3901 3526 3954 delectet:

312 3998 560 4052 absentiae
589 3999 823 4067 denique
868 3999 1194 4056 diuturnitas
1256 3999 1373 4067 plus

1449 3999 1684 4054 tristitia:
1736 3999 1892 4054 nobis
1968 4000 2165 4068 ingerit
2205 4013 2366 4068 quam
2416 3999 2540 4053 boni
2593 4000 2884 4066 prsesentia
2926 3996 3212 4065 largiatur,
3247 3993 3532 4045 celerrime

313 4108 407 4150 nos
433 4103 804 4160 praetervecta.
841 4091 960 4158 Quo
994 4094 1071 4158 lit,
1127 4102 1183 4147 ut
1214 4094 1359 4162 quod
1404 4093 1653 4158 delectat,
1701 4080 1860 4148 unica
1900 4098 2104 4150 tantum
2131 4108 2188 4147 re
2213 4092 2349 4162 grati
2375 4093 2503 4160 quid
2535 4093 2688 4146 nobis
2720 4093 2950 4150 faciens.
2981 4090 3109 4144 dum
3175 4086 3350 4150 adest,
3420 4096 3540 4133 mo-

316 4188 458 4241 lestia
481 4187 720 4242 vicissim
748 4186 950 4254 duplici
985 4186 1204 4252 alliciat,
1239 4196 1353 4239 tum
1384 4186 1527 4255 quod
1572 4186 1736 4242 citius
1790 4203 1896 4240 non
1971 4189 2288 4252 accesserit,
2324 4197 2435 4241 tum
2469 4186 2610 4252 quod
2640 4184 2720 4239 sui
2748 4183 3058 4238 satietatem
3093 4181 3296 4251 gignat,
3328 4179 3416 4232 ubi
3445 4177 3544 4232 dc-

317 4291 467 4335 tatum
499 4278 563 4331 ad
597 4292 716 4341 nos,
753 4278 962 4332 diutius
987 4278 1187 4332 durat:
1224 4280 1309 4333 sin
1336 4288 1540 4341 autem,
1571 4277 1734 4331 citius
1759 4277 1948 4332 saltem
1987 4277 2564 4348 abscedendo..Atque
2595 4277 2650 4331 in
2720 4277 2962 4346 quolibet
3025 4276 3218 4330 borum
3285 4273 3407 4343 plus
3451 4282 3536 4326 est

316 4375 447 4444 quod
480 4375 720 4428 mordeat
757 4388 920 4442 quam
970 4372 1023 4424 in
1067 4372 1432 4426 delectatione
1466 4372 1609 4440 quod
1651 4381 1865 4440 gratum
1905 4371 1996 4435 sit.

382 4469 492 4526 Kal.
512 4466 686 4520 ταῦτα
715 4468 814 4538 μὲν
839 4484 906 4520 πε
915 4469 970 4537 pl
991 4468 1100 4519 τῶν
1126 4466 1497 4537 ἐλπιζομένων
1520 4469 1653 4538 ἡμῖν
1683 4468 1865 4538 ἡδέων,

2057 4469 2124 4523 Et
2161 4470 2275 4522 bare
2304 4467 2523 4538 quidem
2561 4467 2627 4521 de
2653 4467 2719 4522 iis
2749 4469 2908 4522 rebus
2930 4466 3186 4536 jucundis
3216 4481 3333 4535 qua:
3365 4466 3414 4518 in
3451 4481 3549 4518 ex—

317 4560 466 4629 ῆτῶν
504 4559 580 4628 μὴ
619 4559 794 4628 πάντη
832 4558 1090 4629 βεϐαίων,
1125 4560 1175 4612 εί
1228 4560 1324 4612 καὶ
1371 4561 1595 4628 παρεῖεν
1624 4577 1637 4590 ·
1673 4561 1800 4628 περὶ
1824 4560 1880 4612 δὲ

315 4651 415 4705 τῶν
439 4651 540 4721 ήδη
576 4651 862 4721 παρόντων
899 4651 1092 4720 συχνόν
1121 4667 1184 4718 γε
1233 4650 1505 4720 δήπουθεν
1539 4652 1752 4720 χρόνον,
1788 4652 1881 4704 καὶ

317 4744 396 4796 διὰ
417 4741 570 4794 τοῦτο
599 4735 975 4812 νομιζομένων
1003 4743 1275 4812 μηδέποτε
1303 4743 1736 4814 μεταϐήσεσθαι,
1765 4742 1882 4795 ἀλλ’

320 4833 522 4886 ἔσεσθαί
567 4851 630 4901 γε
660 4832 890 4903 ἐδραίων
942 4835 1010 4904 τῇ
1042 4835 1380 4897 παρεκτάσει
1416 4833 1616 4895 παντὸς
1650 4832 1794 4902 βίου,
1820 4831 1877 4885 τί

323 4926 380 4978 ἂν
393 4941 472 4987 τις
499 4924 675 4989 εἴποις
699 4924 762 4978 Et
787 4925 894 4992 γάρ
919 4942 970 4976 τι
997 4923 1202 4976 τούτων
1228 4922 1522 4976 ἀποϐαλεῖν
1538 4925 1663 4986 τοὺς
1687 4941 1885 4993 κεκτη-

326 5013 501 5080 μένους
530 5013 772 5083 συμϐαίη
805 5013 1120 5081 (συμϐαίνει
1150 5012 1207 5066 δέ
1241 5010 1529 5082 συνεχῶς),
1564 5011 1731 5080 βαϐαὶ
1756 5013 1882 5066 ὅσον

324 5104 602 5171 ἀφόρητον,
657 5105 752 5158 καὶ
812 5103 1022 5170 πεῖθον,
1079 5103 1177 5174 τὴν
1209 5103 1417 5172 ζημίαν
1451 5103 1527 5172 μὴ
1583 5098 1880 5172 φέρονταῶ

326 5193 671 5265 διαφθαρῆναι
701 5198 770 5266 τῇ
797 5195 974 5266 λύπῃί
1029 5195 1193 5249 Ὥστε
1227 5194 1288 5247 τὸ
1319 5195 1422 5257 τῆς
1453 5194 1650 5266 ἡδονῆς
1681 5193 1875 5264 χρῆμα

325 5292 395 5350 εἰς
414 5289 720 5341 τούναντίον
741 5290 876 5359 ἡμῖν
901 5287 1271 5358 περιίσταται,
1304 5287 1400 5340 καὶ
1428 5287 1495 5338 δι’
1523 5285 1693 5356 αὐτὴν
1715 5287 1788 5349 ὡς
1814 5287 1884 5339 τά

329 5379 483 5432 πολλὰ
525 5381 586 5432 τὸ
613 5379 968 5432 λελυπεῖσθαι
1009 5379 1325 5448 συμϐαίνει.
1361 5377 1437 5430 Οὐ
1477 5379 1582 5447 μὴν
1611 5378 1749 5431 ἀλλά
1789 5379 1884 5431 καὶ

325 5471 378 5523 τὸ
406 5471 610 5536 φθονεῖν
641 5471 963 5540 ἠδικηκόσιν
996 5471 1169 5534 οὐδὲν,
1206 5469 1345 5539 πλὴν
1372 5472 1453 5523 ὅτι
1479 5470 1684 5537 μᾶλλον
1721 5469 1879 5540 ἡμῶν

330 5565 519 5633 ego;qu
551 5563 824 5631 δύνανται,
857 5563 974 5632 εἴγε
1009 5563 1307 5633 βούλοιντο,
1333 5563 1447 5623 τοῖς
1485 5561 1636 5623 ἰδίοις
1655 5559 1883 5624 ἀγαθοῖς

332 5655 750 5727 καταχρώμενοι,
815 5655 1001 5723 σαφῶς
1060 5653 1271 5708 ἐκεῖθεν
1320 5654 1453 5724 ἡμῖν
1513 5651 1877 5718 ἐπιγίγνεται.

333 5749 519 5817 Σφόδρα
543 5748 650 5816 γάρ
680 5746 983 5815 ζηλότυπον
1013 5745 1072 5797 τὸ
1097 5744 1400 5814 φιλήδονον,
1422 5742 1514 5796 καὶ
1539 5743 1751 5812 νομίζει
1783 5742 1881 5810 ζη-

339 5839 704 5920 μιοῦσθαιταίς
737 5840 939 5910 ἐτέρων
964 5837 1320 5895 ἀπολαύσεσι.
1359 5836 1519 5896 Τουτὶ
1550 5835 1604 5890 δὲ
1627 5835 1880 5910 τὸπάθος

1982 4563 2321 4634 spectatione
2355 4561 2544 4629 positae
2574 4568 2722 4625 sunt,
2760 4559 2840 4614 vel
2877 4561 2942 4612 de
2979 4575 3084 4614 non
3109 4559 3330 4613 omnino
3359 4556 3544 4616 certis,

1982 4651 2109 4705 licet
2133 4652 2334 4706 adsint.
2366 4652 2435 4702 At
2466 4664 2599 4703 vero
2632 4651 2696 4702 de
2731 4650 2798 4704 iis
2831 4665 2950 4718 qua:
2977 4648 3137 4716 longo
3164 4648 3274 4716 jam
3307 4654 3550 4713 tempore

1983 4740 2138 4796 nobis
2175 4739 2395 4802 adSunt,
2429 4740 2658 4807 ideoque
2695 4753 2970 4805 nunquam
3003 4740 3321 4791 abscessum
3358 4745 3522 4801 putat:

1982 4840 2092 4894 tur,
2127 4829 2222 4883 sed
2252 4828 2469 4883 stabilia
2501 4828 2707 4893 futura,
2741 4841 3032 4896 quousque
3062 4840 3120 4877 se
3152 4824 3258 4876 vita
3297 4837 3551 4890 porrexeo

1981 4921 2076 4987 rit,
2110 4921 2370 4991 quidnam
2398 4919 2596 4990 aliquis
2629 4918 2824 4973 dicat?
2858 4917 3060 4985 quippe
3090 4913 3134 4968 si
3170 4913 3468 4982 contingat,
3495 4921 3553 4965 ut

1985 5014 2177 5067 horum
2212 5013 2418 5082 aliquid
2454 5013 2726 5073 amittant,
2755 5009 2845 5077 qui
2876 5007 3192 5076 possident;
3224 5002 3300 5076 (et
3333 5003 3550 5056 coutin-

1981 5107 2059 5176 git
2089 5106 2190 5160 hoc
2223 5119 2354 5157 sane
2394 5102 2732 5172 frequenter)
2789 5100 2942 5154 babae
2972 5113 3134 5168 quam
3183 5112 3243 5151 ea
3299 5112 3386 5150 res
3422 5096 3556 5166 ipsis

1983 5195 2345 5250 intolerabilis
2369 5195 2588 5258 accidit,
2623 5207 2894 5261 quamque
2921 5188 3163 5260 graviter
3197 5190 3468 5250 hortatur,
3495 5201 3554 5242 ut

1982 5301 2103 5340 eam
2136 5288 2406 5355 jacturam
2440 5299 2545 5338 non
2585 5284 2846 5346 terentes,
2881 5281 3166 5336 interitum
3191 5281 3292 5334 sibi
3321 5280 3552 5334 dolendo

1984 5385 2288 5431 arcessant.
2320 5374 2439 5441 Quo
2477 5375 2547 5430 lit'
2571 5383 2628 5428 ut
2663 5374 2912 5443 voluptas
2942 5373 2998 5426 in
3031 5371 3369 5427 contrarium
3400 5371 3557 5427 nobis

1985 5468 2161 5530 radat,
2191 5474 2244 5519 et
2266 5480 2363 5532 per
2390 5479 2509 5519 eam
2539 5464 2860 5535 plerumque
2887 5462 3158 5532 contingit
3187 5472 3243 5515 ut
3270 5461 3551 5516 tristitiam

1985 5558 2354 5627 experiamur.
2403 5557 2546 5622 Quin
2588 5557 2750 5610 etiam
2805 5558 2982 5626 ipsum
3024 5554 3269 5609 invidere
3312 5550 3554 5605 mortalis

1983 5649 2106 5712 bus,
2140 5649 2230 5718 qui
2263 5648 2406 5702 nulla
2444 5663 2501 5702 re
2532 5665 2632 5702 nos
2666 5649 2945 5713 laeserunt,
2978 5647 3084 5702 nisi
3115 5645 3258 5714 quod
3287 5644 3550 5709 majorem

1983 5756 2144 5807 quam
2171 5753 2267 5793 nos
2294 5738 2512 5794 deliciis
2547 5740 2732 5794 utendi
2773 5739 3086 5795 facultatem
3120 5735 3320 5789 habent
3380 5733 3426 5786 si
3460 5745 3558 5785 ve-

1984 5831 2101 5901 lint,
2136 5831 2293 5888 bouis
2318 5831 2433 5888 suis
2454 5831 2751 5901 abutendo,
2776 5831 3064 5886 mauifesw
3087 5825 3244 5884 nobis
3269 5839 3336 5881 ex
3359 5820 3552 5879 eodem

1932 6554 1936 6555 ν
1948 6554 2012 6558 ,φ
2020 6554 2296 6563 Ἥ..
2303 6555 2460 6566 ...ρ-
2467 6555 2674 6571 -mh
2679 6557 2734 6573 ξηετ
2741 6556 3340 6589 ωῃαιεσικκωέωξκ
