3978 6580
521 355 624 418 44⁸7

1708 366 2100 427 MANUELIS
2140 371 2586 438 PALEOLOGI

3748 380 3849 445 M8

525 471 674 524 fonte
704 470 1089 538 proliciscitur.
1131 473 1264 526 Nam
1293 474 1442 544 gravi
1470 475 1718 530 laborant
1742 478 1970 544 invidia,
1995 482 2082 549 qui

2207 487 2397 556 τφόδρα
2420 505 2483 555 γε
2513 489 2716 544 λυποῦν
2738 492 2904 557 ἐστιν,
2931 492 2990 544 δν
3023 492 3088 546 ἂν
3116 490 3422 562 σχέτλιον
3445 490 3599 547 ἕλοι.
3620 492 3842 561 Οίμώτ·

523 560 811 624 voluptarii
878 571 1028 625 sunt,
1078 561 1418 633 aliorumque
1475 565 1700 620 delicias
1762 583 1860 636 pro
1913 569 2085 624 detri-

522 660 705 703 mento
731 666 830 705 suo
857 651 1082 710 ducunt.
1114 654 1228 710 lloc
1251 667 1432 713 autem
1459 659 1649 732 vitium
1681 661 1982 716 vehementi
2009 663 2086 717 af-

525 740 688 795 ficere
713 741 901 798 dolore
937 747 1096 812 solet,
1129 749 1173 803 si
1202 763 1360 818 quem
1404 751 1663 806 miserum
1695 753 1969 808 hominem
1997 768 2090 809 oc-

521 834 822 895 cupaverit.
863 831 1034 887 Edicit
1069 836 1211 889 enim
1237 838 1528 906 dupliciter
1555 847 1612 891 ut
1640 839 1834 908 ploret,
1870 855 1969 894 nec
2001 856 2089 896 res

522 921 756 974 aliorum
792 925 1062 978 secundas
1089 920 1244 995 aequo
1291 929 1475 983 animo
1509 929 1710 994 ferens,
1747 938 1802 986 et
1834 947 1960 985 suas
1993 933 2088 986 de-

524 1014 658 1067 llens
705 1029 998 1071 (erumnas.
1035 1017 1189 1072 Multi
1216 1021 1379 1074 etiam
1418 1022 1736 1092 sanguinem
1778 1023 1992 1078 illorum
2020 1025 2088 1078 li-

527 1101 714 1156 benter
740 1104 1049 1170 hauserint,
1092 1109 1301 1176 quibus
1329 1112 1593 1178 invident,
1626 1128 1726 1170 nec
1751 1113 1898 1182 ipsas
1931 1123 2091 1169 natu-

523 1206 599 1244 rae
635 1193 778 1262 leges
813 1199 1052 1263 reveriti,
1090 1215 1188 1255 nee
1239 1202 1443 1269 ubique
1473 1205 1716 1273 gentium
1753 1203 1936 1268 latas;
1969 1220 2090 1279 quae

524 1285 889 1339 communiter
920 1289 1135 1342 unicum
1179 1291 1434 1358 quiddam
1474 1296 1820 1364 pra-cipiunt,
1851 1311 2090 1352 amorem

525 1371 735 1426 scilicet
787 1365 1186 1448 proximorum,
1238 1383 1364 1437 licet
1421 1385 1542 1439 aliis
1594 1385 1921 1455 quibusdam
1981 1403 2090 1442 non

528 1466 716 1532 paucis
741 1468 906 1523 rebus
934 1471 1074 1525 inter
1099 1487 1158 1526 se
1188 1474 1516 1544 discrepent.
1542 1475 1680 1542 Quin
1707 1480 1870 1532 etiam
1899 1479 1945 1532 si
1970 1480 2094 1548 quis

530 1571 718 1611 amore
746 1569 944 1627 motus,
976 1564 1260 1631 cupiditati
1295 1581 1358 1620 ac
1390 1567 1597 1622 libidini
1629 1578 1829 1624 nostra:
1855 1587 1960 1625 non
1993 1571 2092 1626 ad-

530 1646 751 1702 modum
782 1650 1022 1706 honestae
1052 1653 1349 1722 obstiterit,
1407 1659 1458 1711 ei
1508 1675 1629 1712 eum
1687 1662 1940 1716 maximae
1985 1662 2095 1717 sint

536 1741 796 1794 habendae
826 1744 1034 1811 gratiae,
1081 1761 1180 1800 nos
1220 1748 1526 1804 maledictis
1554 1753 1766 1807 molesti
1798 1770 2008 1819 sumus,
2040 1765 2095 1810 et

534 1831 807 1885 hominem
834 1835 1142 1904 discerpere
1160 1837 1432 1904 volumus,
1467 1843 1708 1910 adeoque
1733 1859 1919 1911 parum
1944 1845 2100 1899 abest
2127 1805 2171 1866 Β

535 1921 663 1987 quin
698 1921 961 1978 devorare
988 1926 1272 1993 cupiamus
1295 1944 1421 1984 vere
1441 1931 1776 2001 diligentem,
1809 1944 1861 1987 et
1889 1950 2004 1989 eam
2031 1937 2099 1990 ob

533 2029 757 2067 causam
811 2016 978 2068 multa
1012 2032 1137 2086 erga
1177 2035 1273 2073 nos
1323 2020 1577 2076 libertate
1607 2031 1872 2088 utentem,
1920 2027 2098 2080 diver-

535 2120 676 2167 sum,
707 2121 870 2174 quam
910 2123 1010 2177 par
1038 2122 1175 2171 erat,
1211 2122 1461 2179 agentes.
1507 2114 1885 2171 Consimiliter
1914 2128 1969 2172 et
2015 2118 2094 2172 illi

534 2199 627 2265 qui
662 2198 828 2252 libere
859 2213 956 2253 no‘s
987 2201 1262 2267 admonet,
1295 2218 1480 2257 amore
1509 2205 1795 2273 impulsus,
1827 2218 1881 2260 et
1913 2207 2002 2276 qui
2031 2208 2096 2262 ti-

537 2289 855 2344 tnidinscnle
892 2292 993 2344 hoc
1027 2293 1168 2348 idem
1203 2294 1352 2357 facit,
1388 2295 1698 2360 irascimur,
1729 2299 1872 2366 quod
1901 2299 2099 2353 admoc

539 2383 773 2436 ultiones
820 2381 1054 2438 fortasse
1081 2399 1189 2438 non
1218 2385 1454 2439 libenter
1491 2389 1867 2441 adntittamns.
1910 2388 2024 2442 imo
2051 2388 2096 2442 si

535 2474 657 2541 quis
705 2474 862 2528 nobis
911 2476 1178 2532 duntaxat
1215 2487 1502 2550 suspectus
1551 2475 1648 2540 sit,
1681 2479 1833 2546 quasi
1881 2477 2097 2531 libidini

535 2573 734 2617 nostrae
761 2566 1002 2628 resistat,
1029 2565 1159 2633 quid
1184 2580 1288 2618 non
1322 2565 1409 2620 ille
1428 2566 1595 2620 miser
1621 2582 1650 2619 a
1684 2566 1842 2619 nobis
1873 2566 1996 2619 mali
2025 2565 2102 2621 fe-

537 2668 639 2717 ret,
681 2657 836 2710 modo
859 2657 907 2709 id
944 2655 1202 2722 perﬁcere
1225 2657 1521 2724 possimus,
1557 2656 1962 2725 maximumque
1991 2669 2096 2710 tant

538 2751 636 2818 ipsi
673 2764 834 2814 quam
871 2749 1030 2803 rebus
1057 2747 1172 2817 ejus
1195 2750 1450 2802 damnum
1483 2749 1656 2801 dare?
1679 2747 1946 2802 Perfacile
1973 2763 2101 2802 vero

535 2849 820 2906 suspectus
851 2837 1087 2892 habetur
1125 2837 1292 2892 etiam
1350 2839 1398 2891 is
1445 2838 1534 2907 qui
1567 2853 1915 2908 nequaquam
1975 2837 2100 2894 talis

536 2939 642 2991 est,
675 2944 774 2983 nec
799 2930 1067 2999 ejusmodi
1099 2930 1174 2985 rei
1208 2931 1312 2986 sibi
1339 2933 1613 2997 conscius,
1649 2932 1718 2986 ob
1749 2947 1909 3000 quam
1943 2931 2100 2985 volu-

539 3029 659 3088 ptas
687 3021 779 3075 illa
805 3021 1060 3090 suspicax
1096 3024 1237 3090 apud
1267 3038 1368 3078 nos
1398 3037 1520 3077 eum
1547 3025 1869 3078 criminatur
1901 3032 1956 3078 et
1988 3033 2101 3077 tra-

2186 597 2300 633 τειν
2331 581 2440 652 γὰρ
2466 573 2625 653 διπλῇ
2658 585 2927 654 προξενεῖ,
2952 577 3051 647 τάς
3076 602 3133 638 τε
3163 585 3304 638 τῶν
3334 584 3546 638 ἄλλων
3573 585 3843 653 εὐτυχίας

2186 671 2246 723 οὗ
2280 673 2534 742 φέροντα,
2564 676 2654 728 καὶ
2700 676 2799 739 τὰς
2829 675 3036 738 οἰκείας
3066 676 3462 745 ὀδυρόμενον
3505 675 3837 746 δυστυχίας.

2189 764 2382 818 Πολλοὶ
2399 766 2492 818 καὶ
2525 767 2633 821 τῶν
2650 768 2898 835 αἱμάτων
2920 767 3032 839 τῶν
3051 768 3140 821 ὑπ’
3169 767 3397 820 αὐτῶν
3425 767 3846 836 φθονουμένων

2189 855 2360 924 ἡδέως
2383 857 2447 908 ἂν
2479 857 2681 924 πίοιεν,
2701 858 2823 911 οὕτε
2850 859 2978 921 τοὺς
3005 859 3101 927 τῆς
3135 859 3402 928 φύσεως
3424 859 3837 928 αἰσχυνόμενοι

2189 947 2407 1015 νόμους,
2438 947 2562 1000 οὔτε
2597 949 2722 1010 τοὺς
2761 948 3071 1018 ἁπανταχοῦ
3122 949 3246 1016 γῆς
3287 949 3668 1018 κειμένους,
3698 949 3759 1001 ἓν
3788 965 3838 1000 τι

2191 1035 2385 1096 κοινῶς
2418 1036 2825 1104 ἐπιτάττοντας,
2845 1037 2943 1106 τὴν
2974 1027 3083 1089 τῶν
3115 1037 3398 1107 πλησίον
3418 1037 3696 1106 ἀγάπην,
3735 1038 3836 1090 κᾶν

2192 1125 2402 1187 πολλοῖς
2434 1143 2577 1180 τισιν
2625 1127 2832 1198 ἑτέροις
2873 1128 3008 1197 πρὸς
3051 1127 3356 1198 ἀλλήλους
3421 1127 3830 1196 διαφέρωνται.

2194 1214 2302 1267 Καὶ
2325 1215 2431 1285 μὴν
2461 1215 2515 1269 εί
2527 1233 2610 1280 τις
2643 1217 2851 1288 φίλτρῳ
2878 1217 3231 1288 κινούμενος,
3258 1219 3290 1271 ὲ
3302 1217 3564 1287 μποδὼν
3593 1219 3734 1287 ἡμῖν
3754 1217 3834 1282 γέ·

2193 1322 2337 1358 νοιτο
2366 1307 2464 1371 τῆς
2487 1307 2883 1378 ὲπιθυμίας,οὑ
2915 1309 3059 1363 πάνυ
3096 1327 3184 1376 τρι
3224 1310 3438 1379 καλῆς
3474 1307 3680 1376 οὔσης,
3715 1308 3828 1360 δέον

2193 1397 2341 1467 αὐτῷ
2373 1399 2635 1470 μεγίστην
2683 1400 2888 1454 εἰδέναι
2920 1403 3021 1472 τὴν
3065 1404 3244 1472 χάριν
3274 1401 3510 1471 ’ἡμεῖς
3541 1401 3605 1454 δὲ
3639 1399 3821 1454 τοῦτον

2193 1485 2514 1558 κακίζομεν,
2555 1489 2650 1542 καὶ
2706 1490 2993 1562 διαρρῆξαι
3053 1492 3387 1562 ζητοῦμεν,
3462 1489 3685 1560 μικροῦ
3739 1491 3822 1543 καὶ

2195 1577 2505 1630 κατεσθίειν
2553 1579 2937 1650 ἐπιθυμοῦμεν
2974 1582 3066 1635 τὸν
3103 1581 3181 1646 ὡς
3243 1581 3510 1652 ἀληθῶς
3542 1581 3817 1652 φιλοῦντα,

2196 1667 2291 1722 καὶ
2319 1667 2407 1722 διὰ
2449 1670 2605 1723 τοῦτο
2638 1671 2923 1742 χρώμενον
2967 1673 3136 1744 πολλῇ
3169 1677 3249 1745 τῇ
3294 1673 3460 1744 πρὸς
3497 1675 3658 1744 ἡμᾶς
3684 1675 3814 1744 παῤ-

2203 1759 2386 1830 ρησίᾳ,
2413 1762 2723 1816 τούναντίον
2754 1765 2786 1834 ἢ
2821 1767 3098 1836 προσῆκεν
3129 1769 3283 1838 ἡμῖν
3331 1765 3670 1827 ποιοῦντες.
3705 1766 3812 1833 Ὀρ-

2201 1853 2465 1923 γιζόμεθα
2487 1855 2544 1908 δλ
2573 1856 2773 1925 ὁμοίως
2799 1859 2894 1910 καὶ
2919 1858 2995 1926 τῷ
3030 1858 3346 1928 παρρησίᾳ
3377 1855 3587 1926 πολλῷ
3608 1855 3686 1924 τῷ
3707 1855 3810 1923 φίλ-

2199 1961 2332 2015 τρῳ,
2365 1946 2458 1998 καὶ
2492 1945 2568 2014 τῷ
2603 1945 2719 2014 μεθ’
2748 1947 3050 2018 ὑποστολῆς
3085 1947 3534 2017 παραινοῦντι·
3579 1948 3708 2008 ἴσως
3743 1945 3807 2013 τῷ

2202 2036 2278 2106 μὴ
2306 2036 2556 2105 δέχεσθαι
2591 2037 2688 2098 τὰς
2712 2039 3062 2108 παραινέσεις
3104 2039 3271 2109 ἡμᾶς
3307 2039 3529 2107 ἡδέως.
3579 2037 3690 2090 Καὶ
3713 2038 3795 2103 μὴν

2201 2126 2248 2177 εί
2281 2126 2440 2194 μόνον
2466 2127 2835 2198 ὑποπτευθείη
2870 2128 3292 2197 προσίστασθαί
3327 2145 3426 2190 τις
3449 2127 3570 2180 τῶν
3605 2125 3796 2180 πάντων

2197 2214 2296 2282 τῆς
2327 2215 2622 2286 ἐπιθυμίας
2652 2217 2806 2287 ἡμῖν,
2859 2217 2910 2270 τί
2971 2218 3070 2271 οὐκ
3116 2217 3184 2272 ἂν
3255 2218 3290 2270 ὁ
3324 2216 3626 2286 δυστυχὴς
3683 2213 3797 2280 παρ’

2200 2305 2359 2373 ἡμῶν
2391 2306 2574 2370 πάθοι,
2623 2307 2741 2359 ὲνὸν
2771 2307 2906 2376 ἡμῖν
2941 2306 3098 2360 τοῦτο
3134 2307 3403 2377 πρᾶξαι,
3465 2307 3570 2359 καὶ
3626 2300 3794 2372 κομιδῆ

2199 2397 2387 2459 κακῶς
2417 2397 2578 2450 αὑτὸν
2624 2397 2717 2451 καὶ
2743 2397 2821 2450 ,τὰ
2851 2396 3017 2450 αὑτοῦ
3064 2397 3397 2464 διαθεῖναι;
3463 2393 3724 2464 Εὐχερῶς
3745 2391 3792 2443 δι

2200 2487 2566 2543 ὑποπτεύεται
2590 2489 2686 2542 καὶ
2708 2490 2737 2541 ὁ
2768 2489 3030 2559 μηδαμῶς
3054 2489 3130 2542 ῶν
3148 2489 3450 2554 τοιοῦτος,
3478 2488 3621 2559 μηδὲ
3642 2499 3794 2538 συνει-

2201 2579 2305 2642 δὼς
2321 2579 2470 2648 αὑτῷ
2502 2597 2552 2632 τι
2573 2579 2838 2646 τοιοῦτον,
2869 2582 3050 2634 ὁποῖον
3081 2581 3143 2632 τὸ
3169 2584 3286 2650 τῆς
3326 2581 3539 2651 ἡδονῆς
3572 2576 3789 2630 ὕποπτον

2202 2669 2365 2721 αὑτὸν
2397 2670 2534 2738 ἡμῖν
2558 2669 2856 2723 διαϐάλλει.
2885 2670 2976 2739 Τῷ
3020 2669 3130 2740 γὰρ
3165 2671 3326 2740 πρὸς
3356 2659 3469 2732 τὰς
3494 2666 3690 2737 ἡδονὰς
3711 2678 3790 2716 κε-

2202 2760 2389 2830 χηνότι
2421 2759 2728 2821 εὐδιάϐολος
2750 2760 2842 2812 καὶ
2877 2759 3052 2828 φίλος,
3089 2760 3185 2812 καὶ
3221 2759 3289 2812 ετ
3316 2776 3414 2821 τις
3465 2757 3643 2810 πάντα
3667 2759 3784 2819 άγα-

2203 2849 2291 2912 θδς
2325 2849 2516 2919 ἐκείνῳ
2547 2850 2839 2918 νομίζοιτο.
2893 2849 3098 2918 Τυφλοῖ
3130 2847 3252 2919 γὰρ
3308 2849 3472 2917 μάλα
3505 2847 3567 2899 τὸ
3611 2842 3782 2901 πάθος.

2202 2943 2293 2996 καὶ
2318 2944 2419 2996 οὑκ
2451 2943 2515 3013 ἑᾷ
2559 2942 2649 2995 τὸν
2687 2941 2952 3012 λογισμὸν
3000 2940 3168 3012 ὀρθὴν
3236 2939 3573 3008 ἐξενεγκεῖν
3600 2935 3776 3004 ψῆφον.

2203 3034 2316 3088 Καὶ
2372 3032 2564 3103 μὲνδὴ
2611 3034 2708 3086 καὶ
2738 3034 2965 3103 χρυσίον
3015 3032 3308 3102 ἀθροίζειν
3359 3024 3777 3096 καταδεχόμεθαν

537 3114 707 3170 ducit.
736 3111 870 3168 Nam
905 3115 997 3184 qui
1029 3114 1398 3183 voluptatibus
1437 3116 1633 3182 inhiat,
1667 3116 1807 3186 apud
1835 3131 1959 3171 eum
1994 3131 2100 3185 pu-

2207 3125 2402 3186 άδίκως
2425 3139 2487 3176 τε
2517 3123 2612 3176 καὶ
2643 3123 2881 3192 ἀγεννῶς
2902 3123 3049 3177 ἐστιν
3074 3125 3185 3190 δτε,
3213 3117 3307 3186 ὥς
3333 3121 3638 3193 δυνηθῆναι
3665 3115 3778 3182 κτήο

543 3207 642 3260 tari
666 3206 824 3261 debet
856 3213 909 3261 et
933 3207 1190 3282 amicum,
1221 3218 1276 3263 et
1305 3209 1567 3278 optimum
1599 3209 1758 3278 plane
1787 3209 1962 3263 virum
1995 3210 2106 3278 peti

541 3298 830 3353 calumniis
865 3297 1024 3353 facile
1059 3314 1223 3368 posse
1271 3315 1287 3365 ;
1320 3300 1523 3370 quippe
1557 3301 1780 3356 morbus
1813 3300 1903 3356 hic
1935 3299 2110 3355 homi-

543 3404 663 3442 nem
696 3405 1022 3459 magnopere
1064 3399 1320 3455 excaacat,
1354 3379 1534 3458 neque
1566 3393 1834 3459 permittit
1881 3400 1938 3447 ut
1972 3395 2110 3449 ratio

545 3490 750 3536 rectam
799 3483 1122 3540 sententiam
1174 3484 1332 3539 ferat.
1393 3484 1661 3539 Prteterea
1717 3500 2106 3556 nonnunquam

545 3577 704 3630 nobis
751 3576 978 3630 minime
1009 3573 1172 3646 grave
1200 3587 1304 3641 est,
1338 3591 1528 3630 aurum
1560 3587 1612 3632 et
1641 3576 1845 3648 injuste
1873 3589 1928 3632 et
1956 3588 2110 3634 extra

545 3669 768 3722 virtutis
793 3667 1168 3738 praescriptum
1193 3667 1468 3737 colligere,
1497 3669 1602 3736 quo
1626 3684 1818 3736 parare
1847 3668 2108 3737 voluptati

545 3757 902 3812 accomodata
937 3760 1230 3826 possimus.
1260 3756 1394 3811 Nam
1425 3759 1514 3826 qui
1552 3758 1880 3827 voluptatum
1910 3759 2112 3814 manci-

545 3849 688 3916 pium
736 3861 838 3915 cst,
869 3853 1179 3908 necessario
1235 3853 1481 3920 pecuniis
1512 3853 1750 3923 indiget;
1783 3863 1836 3908 et
1875 3855 1959 3909 cui
1995 3855 2111 3909 col-

545 3938 711 3993 lectio
743 3943 1095 4009 pecuniarum
1140 3944 1192 3996 itt
1221 3944 1412 4012 primis
1437 3953 1521 3997 est
1550 3960 1714 4009 cum,
1742 3946 1923 3999 omnia
1959 3945 2111 4014 cupi-

545 4035 697 4090 ditati
734 4035 1032 4090 ditescendi
1068 4036 1381 4104 postponit;
1417 4037 1561 4105 quod
1593 4037 1844 4105 equidem
1872 4036 2117 4090 infinito-

551 4144 668 4180 rnm
705 4128 969 4182 malorum
1003 4129 1264 4199 originem
1292 4143 1412 4184 esse
1435 4129 1692 4182 arbitror.
1721 4130 1862 4194 Quin
1897 4137 1951 4183 et
1979 4130 2110 4185 illud

547 4219 745 4272 malnrn
795 4221 951 4273 nobis
994 4223 1214 4276 accidit.
1263 4220 1528 4285 Pleraque
1577 4220 1860 4297 mancipiis
1913 4235 2113 4275 conve-

548 4309 750 4362 nientia
807 4310 1035 4363 facimus
1083 4325 1269 4363 eorum
1305 4311 1728 4364 'obtinendorunt
1780 4325 1940 4365 causa
1991 4326 2112 4379 quae

543 4398 775 4467 jucunda
827 4407 988 4461 sunt;
1023 4397 1320 4466 itidemque
1353 4399 1624 4452 mordacia
1658 4400 1901 4468 quaedam
1936 4402 2111 4466 perfe-

2211 3217 2409 3270 σασθαι
2440 3216 2508 3268 τὰ
2527 3216 2662 3285 πρὸς
2697 3215 2890 3285 ἡδονὴν
2924 3215 3234 3284 ἐπιτήδεια.
3276 3215 3356 3269 Ὅ
3382 3230 3444 3266 τε
3477 3213 3586 3279 γὰρ
3615 3205 3776 3265 δοῦλος

2208 3307 2318 3360 τῶν
2349 3306 2550 3375 ἡδονῶν
2580 3304 2895 3372 ἀναγκαίως
2925 3305 3102 3358 δεῖται
3156 3303 3510 3373 χρημάτων,
3542 3299 3630 3351 καὶ
3660 3298 3685 3348 ὁ
3725 3291 3775 3342 τὸ

2210 3397 2644 3471 χρηματίζεσθαι
2667 3395 2946 3467 προῦργου
2979 3395 3207 3465 θέμενος
3241 3395 3439 3447 πάντα
3462 3391 3686 3457 δεύτερα
3707 3399 3776 3471 wj.

2213 3467 2358 3558 μίξει
2387 3488 2481 3541 τοῦ
2526 3487 2775 3540 πλουτεῖν
2795 3501 2810 3517 ο
2843 3488 2978 3557 ὅπερ
3012 3485 3185 3541 αἴτιόν
3215 3487 3386 3540 ἐστιν
3421 3483 3684 3550 ἀπείρων,
3712 3467 3772 3526 οἵ·

2213 3593 2335 3648 μαι,
2363 3576 2570 3631 κακῶν.
2602 3579 2678 3630 Οὐ
2709 3577 2815 3649 μὴν
2844 3576 2980 3630 ἀλλὰ
3011 3578 3232 3630 κάκεῖνο
3278 3577 3578 3645 πάσχομεν
3605 3570 3662 3622 τὸ
3682 3567 3773 3618 δει-

2210 3668 2323 3722 νόν.
2380 3669 2566 3722 Πυκνὰ
2598 3669 2666 3721 τὰ
2723 3668 2932 3732 δούλοις
2990 3669 3283 3737 πρέποντα
3318 3668 3659 3740 πράττομεν,
3693 3657 3770 3710 καὶ

2210 3760 2478 3815 δάκνοντα
2500 3777 2623 3812 τινα
2644 3760 2885 3829 φέρομεν
2913 3757 3022 3812 τῶν
3055 3759 3224 3827 ἡδέων
3262 3760 3461 3812 ἓνεκα.
3493 3755 3602 3808 Καὶ
3637 3752 3770 3802 ἀναι⁶

2215 3850 2546 3922 σχυντοῦμεν
2577 3849 2860 3913 πολλάκις,
2887 3851 2967 3913 είς
3001 3847 3096 3912 οὓς
3123 3850 3235 3902 οὐδ’
3277 3846 3592 3915 ἀναϐλέψαι
3617 3853 3768 3911 προσ-

2211 3944 2364 4014 ῆκεν,
2393 3939 2503 3994 οὐδ’
2535 3939 2601 3994 ἂν
2640 3939 2895 3994 οὐδέποτε
2929 3939 3252 4012 ἐτολμῶμεν
3315 3941 3431 4008 πρὸ
3472 3937 3568 3988 τοῦ
3595 3930 3768 3986 δουλω-

2213 4034 2372 4104 θῆναι
2393 4032 2471 4102 τῷ
2498 4032 2681 4086 πάθει.
2715 4032 2824 4085 Καὶ
2848 4033 2953 4101 μὴν
2979 4030 3156 4099 πάντη
3189 4047 3294 4084 που
3315 4023 3486 4098 δῆλον
3507 4028 3596 4079 τὸν
3619 4019 3766 4088 θυμὸν

2212 4126 2276 4196 ex
2301 4124 2396 4192 τῆς
2424 4122 2722 4191 ἀποτυχίας
2769 4122 2879 4174 τῶν
2904 4120 3212 4190 ἐπιθυμιῶν
3251 4120 3520 4191 φύεσθαι.
3555 4113 3658 4169 Kal
3696 4109 3765 4161 ἵνα

2217 4216 2292 4285 μή
2326 4231 2436 4266 τισι
2463 4214 2644 4283 δῶμεν
2686 4212 2820 4282 ὓλην
2851 4211 3196 4280 φιλονεικεῖν,
3227 4214 3402 4283 ἀρκεῖ
3435 4207 3677 4264 τοσοῦτον
3703 4199 3764 4251 εί·

2214 4307 2355 4372 πεῖν,
2387 4305 2462 4366 ὡς
2512 4305 2544 4375 ἢ
2575 4305 2637 4357 τὸ
2671 4307 2777 4358 πᾶν
2808 4304 2902 4356 τοῦ
2935 4303 3134 4374 θυμοῦ,
3180 4304 3306 4373 ἢτδ
3339 4301 3528 4362 πλέον,
3559 4295 3642 4348 διὰ
3681 4287 3762 4345 τὰς

2211 4396 2408 4465 ἡδονὰς
2439 4396 2708 4464 γίγνεται.
2759 4395 2869 4448 Καὶ
2899 4397 3059 4447 ταυτὶ
3096 4398 3193 4464 μὲν
3231 4395 3456 4448 ἅπαντα
3501 4391 3762 4451 ἀσύμφορα

547 4490 740 4542 rimus.
776 4487 986 4554 Saepius
1013 4497 1068 4541 et
1106 4488 1444 4555 impudenter
1477 4493 1739 4543 adversus
1758 4503 1852 4543 eos
1881 4490 2105 4558 agimus,

2221 4490 2420 4550 πάντες
2459 4486 2638 4555 ἴσμεν,
2682 4485 2951 4538 ἀκόλουθα
3007 4485 3052 4537 δ’
3086 4484 3178 4537 οὖν
3221 4490 3339 4547 τοῖς
3393 4474 3756 4558 nudavit“?

545 4593 679 4648 quos
704 4593 773 4632 ne
807 4577 1020 4646 quidem
1052 4577 1250 4632 intueri
1296 4579 1683 4642 conveniebtt.
1743 4595 1842 4634 nec
1879 4596 2110 4648 unquam

546 4671 598 4726 id
626 4670 742 4724 ausi
775 4667 1066 4723 fuissemus
1099 4667 1282 4723 facere
1316 4669 1466 4738 prius
1501 4687 1662 4740 quam
1703 4671 1806 4726 iste
1839 4686 1936 4725 nos
1968 4687 2114 4725 mor-

548 4766 644 4816 bus
670 4763 721 4815 in
753 4763 1069 4815 servitutem
1097 4762 1408 4828 redegisset.
1434 4761 1552 4814 Jam
1608 4773 1661 4815 et
1701 4761 1829 4814 illud
1893 4762 2115 4815 omnino

545 4863 778 4914 coastat,
816 4851 1154 4905 iracundiam
1207 4867 1273 4904 ex
1333 4851 1684 4904 frustratione
1750 4853 2112 4920 cupiditatum

549 4945 722 4998 nasci.
754 4946 931 5012 Atque
959 4945 1034 4996 uti
1069 4942 1283 4997 rixandi
1312 4943 1592 4996 materiem
1639 4942 1842 4995 nemini
1872 4943 2115 5009 praebea-

548 5050 688 5098 mus,
726 5038 827 5088 ltoc
861 5044 1066 5087 tantum
1095 5035 1275 5089 dicere
1310 5034 1530 5098 sullicit,
1572 5034 1655 5087 vel
1691 5032 2024 5086 iracundiam
2062 5033 2114 5085 in

551 5127 886 5188 universum,
923 5126 1006 5179 vel
1041 5126 1230 5194 majori
1261 5140 1324 5178 ex
1363 5133 1515 5194 parte
1560 5135 1779 5193 propter
1813 5122 2117 5190 voluptates

549 5218 829 5270 exsistere.
851 5217 913 5269 Et
947 5218 1059 5270 haec
1074 5219 1286 5286 quidem
1317 5217 1492 5270 υιιιιιίει
1524 5216 1825 5286 perniciosa
1851 5229 1970 5267 esse
2009 5213 2120 5268 sci-

553 5325 674 5363 inus
697 5325 904 5372 omnes,
939 5309 1148 5378 illisque
1169 5319 1533 5364 consentanea
1563 5322 1682 5377 quae
1706 5313 2119 5375 prmeesserunt.

558 5401 767 5456 Etenim
799 5402 996 5469 quibus
1046 5403 1299 5470 voluptas
1336 5418 1432 5468 pro
1489 5402 1596 5456 line
1626 5400 1870 5463 ducitur,
1909 5397 1974 5450 iis
2034 5397 2122 5450 illa

558 5494 717 5548 facile
752 5494 1062 5562 persuadet,
1097 5501 1152 5546 ιιι
1179 5494 1413 5547 absurda
1459 5492 1662 5561 quaevis
1695 5493 1979 5556 audentes,
2003 5505 2123 5542 om-

561 5586 648 5641 nia
673 5589 903 5639 molcsta
934 5583 1227 5656 gravisque
1263 5583 1562 5651 perferant,
1601 5582 1815 5636 tametsi
1844 5583 2003 5635 valde
2035 5596 2126 5634 no-

562 5683 651 5738 xia
683 5683 792 5738 sint
820 5691 875 5737 et
898 5681 1206 5750 opinionem
1241 5682 1545 5747 famamque
1582 5695 1686 5733 non
1716 5680 1911 5734 bonam
1941 5678 2126 5732 conci-

563 5777 713 5834 lient.
753 5776 909 5844 Quod
947 5776 994 5835 si
1019 5790 1236 5849 aequum
1288 5781 1394 5843 est,
1447 5772 1714 5845 potiorem
1770 5771 1968 5842 ubique
2013 5771 2117 5827 vim

2214 4577 2308 4642 οἷς
2343 4578 2451 4648 γὰρ
2485 4577 2548 4645 δὴ
2588 4576 2739 4638 τέλος
2775 4577 2808 4644 ἡ
2856 4576 3041 4644 ἡδονὴ,
3088 4575 3290 4646 ῥᾳδίως
3323 4592 3387 4642 γε
3419 4569 3635 4627 τούτους
3661 4556 3761 4654 πεξ-

2215 4671 2320 4734 θει,
2347 4670 2524 4722 πάντα
2553 4667 2864 4736 τολμῶντας
2887 4667 2953 4718 τὰ
2985 4665 3183 4731 ἄτοπα,
3215 4667 3400 4719 πάντα
3452 4663 3518 4713 τά
3543 4659 3752 4719 δυσχερη

2216 4762 2422 4831 φέρειν,
2449 4760 2549 4812 κᾶν
2575 4755 2678 4813 ὦσι
2700 4759 2821 4811 λίαν
2853 4757 3152 4826 ὲπιδλαὸἧ,
3204 4760 3299 4810 καὶ
3331 4755 3492 4823 δόξης
3525 4750 3618 4801 οὐκ
3641 4744 3756 4806 ἀγα⁴

2219 4855 2315 4924 θῆς
2341 4854 2594 4924 πρόξενα.
2622 4853 2731 4904 Καὶ
2769 4851 2876 4920 μὴν
2917 4853 2968 4902 εί
2997 4850 3205 4904 δίκαιόν
3236 4851 3352 4903 ἐστι
3383 4836 3651 4932 πανταχοῦ

2219 4921 2657 5016 λήθεις-κρατεῖν,
2686 4944 2806 4995 οὑδὲ
2853 4945 3028 4995 έκεῖνο
3058 4943 3387 5011 σιωπητέον.
3429 4938 3502 4989 Τὸ
3530 4929 3650 5000 γοῦν
3671 4921 3752 5016 θὶξύ

2219 5011 2283 5089 τε
2309 5037 2405 5088 καὶ
2439 5011 2630 5105 νάριεν
2687 5035 2747 5085 ὲν
2780 5036 2902 5095 ταῖς
2941 5033 3154 5084 ἐλπίσιν
3209 5032 3425 5101 ἔχομεν.
3465 5011 3748 5105 Τοῦτοᾼῖἀρ

2221 5127 2293 5188 ὡς
2319 5127 2385 5179 τὰ
2421 5103 2589 5178 πολλὰ
2610 5123 2878 5192 γίγνεται.
2916 5123 3026 5185 Τὰς
3056 5123 3111 5175 δὲ
3145 5123 3235 5175 διὰ
3265 5122 3362 5183 τὰς
3395 5115 3578 5188 ἡδονὰς

2222 5186 2404 5282 αὑτοῖς
2457 5186 2816 5288 καρπούμεθα
2861 5217 2972 5277 τοῖς
3036 5215 3352 5284 πράγμασι.
3401 5186 3743 5294 ῗυμδξίνεί

2228 5314 2320 5366 καὶ
2353 5311 2511 5364 τοῦτο
2535 5310 2819 5370 πολλάκις.
2844 5307 3062 5360 Μᾶλλον
3089 5308 3193 5376 γάρ
3222 5291 3610 5390 εὐφραινομεθα

2225 5405 2459 5464 ἐλπίσιν,
2491 5401 2525 5474 ἢ
2561 5400 2651 5452 ἐπὶ
2671 5368 3140 5467 τῶνῗπραγμάτων
3165 5368 3348 5449 ἀὐτῶν
3391 5368 3742 5474 ἐλθόντες-,Ὦς

2227 5498 2279 5550 εί
2297 5513 2379 5557 τις
2417 5494 2558 5546 εἴποι
2587 5489 2924 5562 ματαιότητα
2957 5489 3048 5540 καὶ
3079 5488 3336 5556 λογισμὸν
3381 5473 3595 5533 οὑτωσὶν
3611 5459 3735 5562 εἶναι

2229 5587 2385 5640 τοῦτο
2415 5585 2479 5654 δὴ
2524 5585 2583 5636 τὸ
2618 5581 2747 5650 παρ’
2790 5581 2948 5650 ἡμῶν
2981 5581 3333 5646 διωκόμενον,
3367 5574 3427 5625 οὐ
3467 5557 3734 5658 «avra-mat

2228 5680 2325 5747 τῆς
2358 5653 2643 5746 ἀκρίδείας
2671 5674 3015 5725 ὲκπέπτωκε.
3048 5671 3121 5723 Τὸ
3145 5670 3202 5723 δὲ
3237 5663 3467 5723 ἐναντίον
3489 5653 3574 5747 οὑχ

2231 5735 2323 5826 Τὺ⁷
2346 5735 2446 5841 μὲν
2473 5769 2580 5840 γὰρ
2617 5764 2712 5838 ἡδύ
2737 5781 2840 5818 που
2874 5762 3319 5836 παραγενόμενον
3347 5755 3439 5826 ὀψὲ
3463 5746 3547 5804 καὶ
3571 5735 3730 5810 χρόνον
