3978 6572
95 445 198 510 ut,
251 437 366 503 "9

1660 436 1943 504 ORATIO
1985 438 2085 508 ιν.

3396 446 3505 512 450

111 555 487 624 “autem,
515 547 609 600 xui.
638 545 909 616 περιόδοις
938 545 1356 616 ἐκτεταμέναις,
1395 549 1616 620 μονονοὺ
1665 567 1833 621 προσ-

1946 551 2188 605 veritatis
2221 565 2362 617 esse,
2397 566 2464 607 ne
2497 552 2548 607 id
2580 551 2796 622 quidem
2830 553 3042 609 silentio
3073 555 3506 625 praetereundum

125 638 597 711 uropsﬁaav,
648 640 839 708 ῶσπερ
873 641 1115 710 ἀπέπτη.
1150 642 1259 694 Καὶ
1291 642 1351 694 τὸ
1385 641 1836 712 προσδοκώμενον

143 733 579 794 σὸἐννυται,
611 731 719 800 πρὸ
740 731 835 784 τοῦ
859 733 1094 799 φανῆναι
1121 732 1339 794 τελέως.
1368 731 1526 785 Οῦτω
1546 735 1682 803 ταχὺ
1703 733 1837 801 πρὸς

156 823 611 891 ὰ-Ξ-εαλλαγὴν,
643 823 737 876 καὶ
769 823 924 876 οὐδὲν
947 824 1118 894 ἱερὸν,
1154 825 1305 894 φασί.
1337 823 1410 876 Τὸ
1434 824 1490 877 δὲ
1523 825 1754 892 ἀλγύνον
1775 839 1837 876 τε

167 917 364 968 καὶ
394 913 597 965 λυποῦν
632 915 874 981 νιφάδων
905 915 1002 980 μὲν
1043 913 1128 966 ὕει
1153 915 1329 982 δίκην,
1357 915 1574 968 σύνεστι
1601 916 1661 969 δὲ
1691 916 1840 983 διαρ-

185 1005 547 1074 ιέστερον,
579 1003 852 1056 εἰσδύεται
888 1005 945 1057 δὲ
1003 1004 1325 1075 βαρύτερον,
1379 1006 1736 1076 προσίσχεται
1781 1007 1839 1060 δὲ

197 1093 678 1161 ἀγριόἐστερον,
710 1094 804 1144 καὶ
827 1093 1084 1145 τοσοῦτον
1115 1093 1309 1148 ῑπειτα
1337 1096 1474 1163 μετὰ
1501 1096 1839 1166 δριμύτητος

213 1184 331 1234 τὶ
357 1182 548 1234 ἑαυτοῦ
577 1172 975 1248 ἐπιδείκνυται,
1010 1185 1104 1236 καὶ
1133 1188 1195 1236 τὸ
1228 1185 1422 1238 ἑαυτοῦ
1454 1188 1619 1252 ποιεῖ,
1643 1187 1840 1239 ὁπόσον

229 1273 609 1325 οὐδεπώποτε
643 1273 702 1324 τὸ
733 1277 954 1325 πάντων
1004 1275 1225 1343 ἣδιστον
1272 1277 1583 1346 ἐχαρίσατο.
1621 1278 1696 1330 Ού
1728 1277 1837 1346 μὴν

245 1362 387 1414 ἀλλ’
414 1366 461 1414 εί
496 1363 568 1431 μὴ
599 1364 903 1432 παράδοξον
932 1365 1146 1431 λέγειν,
1197 1368 1302 1418 κάν
1333 1366 1483 1435 αὐτῷ
1509 1367 1587 1437 τῷ
1612 1369 1840 1437 ἥδεσθαι

255 1451 438 1506 αὐτοῦ
458 1470 518 1520 γε
559 1453 721 1507 πάλιν
750 1453 915 1509 ἕνεκα
945 1455 1039 1507 τοῦ
1064 1457 1218 1525 ἡδέος
1244 1458 1401 1520 ἀνίας
1439 1461 1572 1528 ὅσης
1608 1460 1841 1528 μετέχο-

271 1561 396 1612 μεν,
422 1545 488 1615 ἢν
515 1545 760 1614 ἀκριϐῶς
795 1546 1198 1617 θεωρήσωμενς
1233 1551 1370 1602 Οὐδὲ
1400 1549 1509 1621 7&9
1554 1548 1712 1618 οἶμαι
1754 1553 1841 1604 λε-

272 1635 492 1705 ληθέναι
542 1638 642 1706 τὴν
686 1637 865 1709 ψυχὴν
889 1679 904 1701 ,
933 1639 1010 1702 ὡς
1058 1639 1137 1710 τῷ
1174 1642 1288 1711 ἡδεῖ
1316 1643 1376 1694 τὸ
1398 1643 1644 1712 λυπηρὸν
1670 1643 1838 1711 ἀναγ-

266 1729 443 1791 καίως
483 1729 790 1796 ἀκολουθεῖ,
841 1730 984 1784 κατά
1044 1731 1136 1784 τὸν
1173 1732 1496 1802 Ἀρίστωνος
1551 1734 1834 1788 Πλάτωνα.

1943 642 2111 698 venit.
2150 642 2421 713 Quidquid
2443 644 2742 713 jucundum
2773 655 2828 702 et
2881 657 3095 716 gratum
3150 658 3254 710 est,
3314 649 3367 701 in
3413 663 3509 717 spe

1939 740 2148 788 tantum
2180 735 2476 802 habemus;
2508 752 2633 789 nam
2663 737 2766 792 hoc
2820 740 3142 807 plerumque
3206 724 3345 793 s'olet
3379 756 3512 794 usu-

1939 827 2170 884 venire:
2205 827 2424 883 dolores
2477 838 2686 888 autem.
2753 843 2892 898 quos
2943 830 3282 898 voluptatum
3345 845 3508 896 causa

1941 922 2255 983 toleramus,
2286 919 2461 988 reipsa
2496 919 2844 988 percipimus.
2884 922 3272 989 Saepenumero
3297 931 3352 974 et
3377 922 3507 974 illud

1940 1012 2175 1077 accidit;
2213 1014 2332 1082 plus
2366 1013 2509 1066 enim
2548 1027 2611 1065 ex
2643 1028 2736 1080 spe
2768 1013 2949 1082 gaudii
3016 1014 3288 1080 capimus,
3349 1029 3510 1082 quam

1940 1117 2064 1158 cum
2090 1107 2154 1158 ad
2186 1104 2330 1172 ipsas
2379 1119 2468 1159 res
2507 1105 2872 1173 pervenimus.
2903 1103 3266 1168 Quamobrem
3298 1105 3344 1158 si
3389 1107 3511 1173 quis

1941 1195 2162 1259 dixerit,
2196 1207 2249 1250 et
2280 1197 2572 1250 vanitatem
2617 1207 2668 1249 et
2695 1198 2891 1251 nudam
2951 1199 3054 1250 hoc
3093 1199 3250 1251 modo
3308 1201 3511 1265 cogita-

1945 1287 2148 1339 tionem
2177 1301 2325 1350 esse,
2386 1288 2530 1356 quod
2591 1296 2874 1356 tantopere
2938 1289 3339 1356 persequimur,
3401 1305 3509 1342 nou

1940 1380 2163 1432 omnino
2201 1379 2268 1431 ab
2317 1389 2565 1432 accurata
2597 1378 2672 1431 rei
2743 1379 3092 1434 discussione
3143 1379 3503 1435 aberraverit.

1939 1468 2093 1537 Quod
2132 1479 2311 1523 autem
2338 1469 2465 1522 huic
2510 1484 2540 1524 e
2570 1469 2848 1522 contrario
2887 1471 3198 1538 respondet.
3263 1470 3340 1524 ita
3400 1485 3506 1523 nou
3535 1524 3552 1536 ι

1942 1563 2124 1616 habet.
2151 1562 2295 1616 Nam
2323 1561 2466 1628 quod
2498 1560 2692 1627 volupe
2727 1568 2832 1620 est.
2868 1574 2992 1613 cum
3024 1573 3146 1613 sero
3175 1559 3418 1623 tandem,
3453 1569 3508 1612 et

1938 1661 2061 1722 pOst
2088 1653 2243 1720 longa
2290 1652 2551 1720 temporis
2588 1651 2786 1716 spatia,
2817 1651 3194 1718 quosdamque
3235 1650 3324 1704 ditt
3381 1665 3510 1717 pro.

1940 1751 2142 1796 tractos
2173 1743 2456 1806 ambitus,,
2485 1743 2739 1802 accessit,
2774 1741 2936 1795 nobis
2978 1751 3189 1793 tantum
3211 1755 3315 1792 non
3347 1741 3506 1808 quasi

261 1819 431 1874 Οὕτω
472 1824 585 1883 τοῖς
621 1822 768 1907 ὅλοις
827 1824 1148 1877 πλεονεκτεῐ
1207 1825 1314 1878 τῶν
1368 1826 1464 1895 τῆς
1521 1827 1715 1894 ἡδονῆς
1769 1828 1836 1879 τὰ

1946 1835 2298 1901 rompellatis,
2370 1834 2583 1890 avolat:
2641 1833 2861 1902 etquod
2926 1843 3296 1902 exspectatur,
3359 1833 3511 1900 prius

252 1913 370 1980 τῆς
439 1913 636 1983 λύπης.
686 1893 794 1967 κᾶι
847 1917 1263 1985 φενακιζόμενοι
1309 1893 1510 1981 πάντες
1545 1893 1607 1972 io!
1676 1919 1840 1989 ρᾳθυ-

1946 1927 2482 1995 exstinguiturquam
2511 1925 2748 1994 perfecte
2771 1925 3166 1995 conspiciatur.
3194 1923 3368 1978 Tanta
3394 1923 3511 1988 eius

251 2007 502 2075 μότερον
531 2006 630 2076 ζῇν
657 2005 999 2076 αἱρούμενοι,
1039 2007 1177 2062 ἄλλα
1209 2008 1309 2078 μὲν
1338 2009 1630 2077 διώκομεν,
1657 2009 1842 2072 ἄλλοις

1946 2019 1998 2072 in
2031 2018 2378 2074 abscedendo
2404 2017 2678 2080 celeritas,
2728 2018 2862 2072 adeo
2893 2017 3024 2071 nihil
3049 2026 3133 2071 est
3165 2017 3333 2079 sacri,
3363 2015 3510 2083 quod

241 2098 307 2152 δὲ
347 2099 723 2168 ἅλισκόμεθα·
769 2101 906 2170 ὅπερ
945 2101 1163 2172 ὁρῶμεν
1200 2107 1508 2173 πάσχοντας
1543 2103 1670 2177 τοὺς
1703 2103 1843 2170 ἀγαν

1946 2112 2117 2167 aiunt.
2154 2109 2222 2164 At
2252 2109 2514 2180 quidquid
2534 2109 2770 2164 dolorem
2799 2108 2957 2163 affert
2987 2118 3154 2178 atque
3181 2108 3511 2169 molestiam,

237 2191 482 2260 λίχνους
539 2191 651 2244 τῶν
711 2191 1096 2262 θηρευομένων
1145 2194 1366 2262 ίχθύων.
1423 2194 1700 2264 Εὑφρᾶναι
1734 2197 1843 2266 γὰρ

1946 2216 2001 2261 et
2031 2205 2336 2260 nimborum
2369 2203 2546 2259 instar
2571 2203 2727 2271 pluit,
2765 2210 2817 2256 et
2853 2201 3009 2256 adest
3075 2201 3412 2264 diuturnius,
3458 2209 3514 2252 et

231 2283 516 2335 ἐθέλουσι
533 2285 601 2352 τῇ
621 2287 806 2353 τρυφῇ
844 2284 904 2336 τὸ
937 2285 1116 2354 στόμα
1145 2285 1352 2338 καὶτὸν
1390 2285 1614 2357 λαιμὸν,
1645 2288 1764 2341 ἀντὶ
1789 2288 1843 2342 δὲ

1946 2299 2163 2369 gravius
2187 2305 2452 2365 penetrat,
2495 2305 2546 2349 et
2578 2295 2816 2349 adheret
2849 2293 3184 2356 accuratius,
3245 2302 3508 2357 tantaque

230 2377 458 2430 τούτου
516 2375 938 2447 περιπείρουσιν
992 2376 1134 2431 αὐτὰ
1173 2379 1250 2446 τῷ
1297 2379 1517 2448 σιδήρῳ.
1579 2379 1843 2434 Τοσοῦτον

1947 2388 2202 2455 deinceps
2225 2403 2346 2441 cum
2371 2384 2670 2440 acerbitate
2723 2384 2829 2436 vim
2862 2399 3016 2438 suam
3050 2384 3367 2438 declaratet
3394 2381 3512 2435 olli-

230 2473 394 2541 ἠμῗν
428 2470 784 2539 περιίσταται
844 2469 982 2540 πρὸς
1028 2471 1340 2524 τούναντίον
1377 2473 1410 2541 ή
1445 2470 1630 2542 ἡδονή.
1662 2470 1843 2534 Οὕτως

1947 2480 2090 2536 cium
2130 2478 2288 2542 facit,
2335 2487 2592 2545 quantum
2627 2489 2694 2528 ne
2721 2475 3116 2542 iucundissima
3151 2473 3368 2542 quidem
3426 2486 3516 2524 res

229 2563 342 2616 διὰ
380 2563 614 2616 πάντων
649 2564 786 2632 ἡμῖν
809 2563 1136 2633 λυμαίνεται
1179 2564 1240 2618 τδ
1287 2565 1423 2636 πρὸς
1480 2565 1579 2636 τὴν
1635 2567 1843 2636 τρυφὴν

1948 2583 2185 2637 unquam
2211 2564 2585 2620 delectationis
2603 2563 2819 2617 obtulit.
2853 2561 2988 2625 lino,
3028 2563 3072 2616 si
3120 2563 3336 2631 quidem
3403 2576 3515 2614 non

231 2655 585 2723 κεχηνέναι.
625 2655 735 2707 Καὶ
770 2656 856 2708 ἵνα
906 2657 968 2710 τὸ
1023 2659 1131 2713 πᾶν
1175 2659 1410 2728 εἴποιμι,
1468 2658 1611 2727 ὑπὲρ
1647 2658 1843 2728 συχνῆς

1947 2663 2052 2716 hoc
2086 2659 2328 2714 insolens
2355 2665 2440 2712 est
2470 2655 2702 2725 prolatu,
2736 2655 2787 2708 in
2811 2655 2926 2724 ipsa
2961 2653 3324 2708 delectatione
3344 2667 3518 2720 quan-

232 2746 461 2814 ὴδονῆς
491 2747 586 2799 καὶ
614 2746 806 2799 παθεῖν
834 2751 943 2802 πᾶν
995 2749 1192 2815 ὁτιοῦν,
1227 2749 1322 2802 καὶ
1373 2750 1536 2803 πάνθ’
1563 2749 1699 2816 όμοῦ
1729 2752 1843 2804 δια-

1950 2761 2058 2805 tam
2095 2767 2287 2805 rursus
2338 2751 2512 2818 ipsius
2558 2747 2812 2816 iucundae
2865 2746 2940 2800 rei
2989 2761 3152 2799 causa
3206 2744 3512 2799 molestiam

232 2838 584 2908 πράξασθαι
618 2839 890 2908 πρόθυμοι
927 2841 1125 2904 πάντες
1160 2844 1348 2910 ἐσμὲν,
1402 2841 1538 2911 μηδὲ
1569 2841 1630 2894 τὸ
1685 2843 1843 2912 τυχὸν

1949 2843 2305 2912 percipimus,
2337 2841 2379 2893 si
2437 2852 2690 2893 accurata
2756 2838 3196 2893 consideratione
3256 2837 3518 2890 utamur?

233 2931 403 2999 ὑπὲρ
435 2930 550 2982 τῶν
577 2929 807 2982 δεόντων
838 2930 1265 3001 καταδεχόμενοι
1298 2930 1508 3001 φέρειν.
1537 2931 1646 2984 Καὶ
1669 2932 1843 2998 τέλος,

1947 2935 2057 2989 Nec
2078 2933 2488 3001 enim,opinor,
2533 2933 2882 2998 ignotum‘est
2937 2933 3144 2995 animo.
3201 2933 3516 2984 necessario

235 3023 298 3073 αἱ
325 3021 428 3074 διὰ
460 3019 734 3073 τοσούτων
754 3020 996 3089 ἀνιαρῶν
1018 3021 1111 3072 καὶ
1143 3019 1486 3089 τηλικούτων
1509 3019 1693 3072 κακῶν
1721 3019 1843 3089 χρό-

1946 3023 2239 3093 voluptatis
2271 3023 2520 3076 comitem
2562 3036 2682 3075 esse
2715 3021 2980 3085 dolorem,
3036 3017 3338 3073 secundum
3380 3015 3518 3069 Pla-

234 3131 330 3182 νφ
365 3113 470 3166 καὶ
497 3113 657 3181 μόγις
679 3111 850 3180 αὐτὴν
874 3112 1241 3180 κτησαίμεθα,
1267 3112 1535 3182 λαμπράς
1563 3128 1627 3180 γε
1651 3112 1716 3182 δὴ
1745 3111 1843 3172 τὰς

1949 3124 2152 3178 tonem,
2219 3111 2486 3168 Aristonis
2539 3110 2732 3164 filium.
2769 3110 2950 3177 Usque
3006 3110 3142 3163 adeo
3183 3108 3520 3177 voluptatem

240 3203 506 3272 ἀμοιϐὰς
529 3203 691 3264 εὐθὺς
716 3203 848 3271 ἡμῖν
877 3201 1196 3255 ἀποδίδωσι.
1228 3202 1480 3270 Γίγνεται
1507 3202 1616 3272 γὰρ
1645 3204 1843 3272 παραί-

1949 3208 2114 3263 rebus
2135 3205 2389 3260 omnibus
2419 3212 2642 3271 superat
2673 3201 2848 3256 dolor.
2882 3200 3101 3255 Necnon
3137 3201 3400 3266 universi,
3424 3200 3520 3269 qui

242 3314 371 3359 τιος
401 3295 505 3348 καὶ
532 3294 732 3362 φθόνου
763 3294 917 3365 παρά
961 3295 1070 3349 τῶν
1103 3295 1300 3360 ἄλλων,
1361 3297 1454 3349 καὶ
1521 3298 1843 3366 νοσημάτων

1949 3300 2252 3353 molliorem
2283 3302 2450 3351 vitam
2485 3295 2761 3364 eligimus,
2807 3294 3109 3362 impostura
3142 3293 3380 3359 quadam
3431 3293 3516 3346 lu-

246 3391 396 3459 ἡμῖν
434 3386 717 3451 πολλάκις,
776 3387 874 3440 καὶ
898 3386 968 3439 τὰ
1029 3387 1196 3458 μυρία
1224 3387 1394 3441 δεινά.
1428 3389 1502 3442 Ού
1539 3389 1649 3458 γὰρ
1707 3389 1843 3457 πρὸς

249 3484 314 3534 τὸ
340 3481 631 3550 βέλτιστον
661 3481 876 3550 ἀφορᾷν
938 3481 1092 3550 ἡμᾶς
1139 3481 1397 3543 συνωθεῖ,
1427 3481 1566 3534 ἀλλά
1607 3482 1745 3552 πρὸς
1781 3482 1843 3534 τὸ

250 3571 464 3638 θέλγον
492 3569 706 3632 ἁπλῶς.
739 3567 992 3622 Τοσαῦτά
1019 3584 1080 3620 τε
1137 3570 1234 3622 καὶ
1287 3569 1460 3624 πλείω
1488 3571 1651 3639 τυχὸν
1690 3571 1843 3632 παρὰ

253 3663 372 3716 τῶν
403 3661 624 3723 πολλοῖς
650 3677 761 3713 τισι
795 3659 980 3730 βέλεσι
1017 3658 1366 3731 βεϐλημινων
1394 3659 1486 3728 ὑφ’
1509 3661 1706 3731 ἡδονῆς
1729 3659 1845 3712 δια-

257 3754 584 3806 θαλλόντων
613 3750 784 3820 αὐτὴν
815 3750 964 3802 ἐστιν
999 3751 1221 3804 ἀκούειν
1249 3765 1262 3780 ’
1317 3750 1369 3803 οἳ
1401 3751 1526 3813 τοὺς
1566 3751 1842 3811 ἐναντίους

259 3844 564 3906 ἀκούοντες
596 3843 808 3909 λόγους,
823 3841 1164 3903 παντοδαπὰς
1195 3842 1497 3909 ἐπάγουσιν
1518 3839 1841 3902 ἀντιθέσεις,

260 3935 744 4008 τυραννικώτατον
781 3933 952 3995 πάθος
1012 3933 1181 4002 αὐτὴν
1227 3931 1540 3994 καλοῦντες,
1575 3933 1668 3983 καὶ
1705 3948 1843 3984 παν-

263 4030 498 4082 τοδαπὸν
525 4026 738 4096 θηρίον,
775 4025 870 4079 xui.
905 4025 1025 4093 ἅμα
1050 4023 1276 4093 ὕφαλον,
1311 4024 1388 4086 ὡς
1416 4023 1526 4076 οὐδ’
1559 4022 1626 4075 ἂν
1656 4021 1714 4074 ἓν
1735 4022 1844 4074 τῶν

269 4121 551 4175 ἁπάντων.
590 4117 776 4178 Δόλοις
813 4116 924 4185 γὰρ
949 4117 1064 4168 ait-:1
1087 4116 1293 4184 χαίρει,
1323 4116 1382 4170 ὲν
1407 4109 1488 4177 οἷς
1511 4115 1606 4168 καὶ
1641 4113 1843 4184 μᾶλλον

271 4214 405 4265 πᾶσι
455 4209 788 4280 λυμαίνεται
814 4223 830 4240 ο
891 4207 1136 4278 ὡσπερεὶ
1183 4207 1292 4276 γὰρ
1335 4206 1844 4278 διαζωγραφοῦντες

274 4305 460 4374 αὐτὴν,
546 4301 892 4363 ’Υποδύεται,
949 4300 1106 4368 φασὶ,
1170 4299 1230 4352 τὸ
1287 4303 1638 4370 προσωπεῖον
1697 4300 1841 4352 πάνυ

273 4397 454 4451 πυκνὰ
500 4394 595 4447 τοῦ
627 4392 793 4447 καλοῦ
831 4409 890 4444 τε
937 4392 1031 4444 καὶ
1090 4391 1445 4453 συνοίσοντος.
1507 4392 1618 4444 Καὶ
1661 4390 1714 4442 τί
1775 4391 1844 4443 ἂν

275 4489 489 4556 πρῶτον
518 4485 765 4553 εἴποιμεν
790 4499 807 4548 ;
831 4483 884 4534 τί
912 4481 970 4534 δὲ
1022 4479 1256 4535 ὕστατον
1285 4481 1374 4548 ςτί
1420 4481 1477 4535 δὲ
1526 4482 1690 4550 μέσον
1730 4479 1842 4532 τῶν

1950 3391 2176 3456 diﬁcati,
2194 3390 2297 3442 alia
2337 3387 2556 3457 quidem
2581 3386 2984 3456 persequimur,
3005 3394 3061 3438 at
3095 3385 3218 3438 aliis
3245 3385 3521 3452 capimur,

1951 3485 2000 3538 id
2027 3483 2174 3552 quod
2210 3481 2460 3536 accidere
2478 3478 2725 3532 videmus
2763 3479 2814 3531 in
2844 3479 3153 3545 piscatione
3205 3475 3413 3542 gulosis
3464 3489 3519 3529 et

1950 3575 2120 3627 avidis
2169 3571 2495 3642 quibusdam
2525 3569 3043 3636 piscibus:etenim
3103 3569 3226 3623 cibo
3284 3568 3520 3622 delicato

1949 3675 1998 3718 et
2024 3679 2085 3720 os
2121 3674 2173 3718 et
2209 3663 2388 3731 gulam
2411 3661 2688 3716 oblectare
2711 3660 2928 3724 volunt,
2977 3659 3072 3731 sed
3103 3660 3221 3712 vice
3237 3673 3394 3712 versa
3423 3673 3520 3727 gu-

1948 3755 2054 3809 lam
2101 3755 2321 3824 agunt
2345 3753 2529 3806 hamo.
2559 3750 2870 3818 Tantopere
2904 3749 3060 3804 nobis
3119 3749 3393 3804 diversam
3461 3749 3514 3800 in

1947 3858 2157 3916 partem
2202 3845 2454 3911 voluptas
2509 3842 2720 3894 recidit.
2777 3840 2870 3894 Sic
2910 3855 3005 3907 per
3043 3841 3226 3894 omnia
3288 3839 3512 3894 noxium

1949 3939 2105 3993 nobis
2129 3945 2234 4002 est,
2267 3935 2472 3988 deliciis
2508 3934 2742 3987 inhiare.
2809 3934 2986 4001 Atque
3045 3933 3120 3984 uti
3172 3947 3286 3985 rem
3346 3939 3517 3984 totam

1949 4030 2216 4100 aperiam,
2246 4027 2627 4097 plerarumque
2665 4039 2827 4079 causa
2894 4024 3231 4092 voluptatum
3287 4024 3352 4078 ad
3397 4038 3522 4091 per-

1949 4116 2263 4190 petiendum
2288 4115 2522 4184 quidvis,
2559 4113 2849 4183 omniaque
2875 4113 3248 4180 suscipienda,
3281 4114 3515 4183 prompti

1949 4220 2003 4267 et
2034 4210 2240 4266 alacres
2273 4221 2458 4262 sumus
2487 4220 2699 4272 omnes,
2737 4219 2861 4259 cum
2898 4219 2996 4274 pro
3027 4203 3230 4274 iisquae
3255 4213 3400 4260 recta
3461 4215 3520 4260 ct

1948 4317 2096 4371 requa
2119 4307 2244 4356 sunt
2274 4314 2339 4353 ne
2371 4297 2644 4351 tantillum
2685 4297 2904 4366 quidem
2962 4298 3205 4366 perferre
3245 4298 3520 4351 sustinea-

1949 4405 2092 4446 mus.
2135 4389 2380 4458 Denique
2404 4390 2447 4442 si
2482 4389 2646 4441 tantis
2707 4387 2974 4442 molestiis
3025 4388 3302 4458 tantisque
3360 4389 3520 4444 malis

1951 4481 2192 4562 tandem,
2215 4489 2269 4536 et
2293 4480 2379 4533 vix
2403 4479 2620 4548 quidem
2661 4495 2779 4533 eam
2835 4481 3314 4550 acquisiverimns,
3381 4499 3521 4553 pra:—

277 4582 459 4650 ἰκείνῃ
507 4577 645 4648 πρὸς
697 4577 844 4646 ἡμᾶς
893 4575 1269 4643 γιγνομένων;
1328 4573 1451 4637 Πῶς
1492 4573 1558 4626 ἄν
1592 4590 1677 4634 τις
1726 4572 1843 4635 ὅλος

1952 4576 2129 4630 claras
2150 4573 2360 4627 scilicet
2383 4573 2532 4627 vices
2565 4571 2855 4626 confestim
2904 4573 3061 4628 nobis
3084 4575 3282 4629 reddit.
3311 4573 3444 4628 Nam
3465 4585 3518 4630 et

277 4669 490 4738 γλῶσσα
509 4668 820 4736 γενόμενος,
846 4667 973 4725 τοῦς
1003 4665 1220 4732 ἐκείνης
1241 4664 1499 4734 τρόπους,
1534 4663 1632 4726 τὰς
1669 4681 1849 4733 μηχα..

277 4761 506 4823 νάς,τάς
535 4757 762 4820 πλοκὰς,
791 4756 890 4818 τὰς
916 4753 1196 4817 ποικιλίας
1217 4753 1436 4820 ’ἐξείποι
1465 4770 1480 4819 ;
1531 4754 1708 4822 Πειρᾷ
1750 4753 1848 4822 μὲν

279 4857 445 4909 ἅπασι
475 4851 696 4920 τρόποις
719 4851 753 4917 ἡ
773 4847 1044 4917 δυσμενὴς
1074 4848 1091 4915 (
1123 4847 1199 4908 ὡς
1230 4846 1339 4912 γὰρ
1391 4844 1636 4914 ἔμψυχον
1678 4843 1847 4913 αὐτὴν

281 4945 372 4997 νῦν
396 4959 508 5004 πως
527 4942 606 5002 είς
627 4940 794 5010 μέσον
811 4938 1095 5007 ἐξοίσομεν
1123 4943 1163 5000 )·
1185 4935 1437 5006 γοητεύει
1465 4935 1521 4988 δὲ
1547 4935 1663 4998 πῶς
1703 4936 1804 4987 οῐει
1829 4953 1844 5000 ;

283 5030 604 5096 Δελεάζειδὲ
644 5029 947 5099 κακοηθείᾳ
1005 5028 1206 5099 ἐσχάτῃ
1234 5044 1251 5061 ο
1301 5027 1399 5081 καὶ
1462 5029 1598 5080 πᾶσι
1637 5025 1847 5093 γίνεται

285 5126 480 5185 πάντα,
510 5121 647 5192 πρὸς
703 5119 1020 5188 ἀνατροπὴν
1068 5118 1175 5170 τῶν
1242 5116 1622 5188 χρηστοτέρων
1674 5113 1844 5183 ἠθῶν.

286 5211 591 5280 Σύμύουλος
635 5210 969 5280 αὐτόκλητος
1022 5209 1221 5286 ἔπεισι,
1249 5210 1348 5261 καὶ
1405 5208 1506 5279 τὴν
1559 5205 1848 5277 ῥᾳστώνην

287 5303 652 5374 θαυμάζουσα,
684 5301 904 5364 κακίζει
934 5299 1096 5354 πάνθ’
1136 5300 1171 5352 ἃ
1200 5299 1419 5352 δίδωσιν
1446 5299 1636 5366 ἀγῶνα
1661 5295 1848 5363 σώμα-

289 5413 340 5450 σι
363 5393 452 5447 καὶ
477 5391 700 5462 ψυχαῖς.
742 5391 1005 5445 νοσοποιά
1035 5393 1194 5443 ταυτὶ
1239 5389 1501 5442 καλοῦσα.
1535 5389 1615 5458 Τῇ
1647 5405 1705 5441 τε
1735 5388 1846 5457 γὰρ

289 5486 458 5556 σαρκὶ,
490 5484 567 5552 τῷ
599 5501 658 5536 τε
689 5483 986 5552 πνεύματι,
1016 5484 1216 5550 συχνήν
1255 5498 1378 5535 τινα
1404 5480 1574 5545 ζάλην
1597 5481 1694 5533 καὶ
1749 5495 1846 5532 τα-

289 5574 447 5646 ραχὴν
498 5573 744 5642 ἐμποιεῖν
790 5571 933 5624 αὐτὰ
966 5571 1140 5636 λέγει,
1182 5571 1278 5622 καὶ
1313 5568 1512 5639 μυρίαν
1545 5569 1845 5643 τρικυμίαν

287 5664 518 5730 ἐπάγειν,
551 5661 646 5713 καὶ
691 5659 918 5729 διηνεκῆ
955 5660 1245 5728 μαρασμδν
1297 5656 1656 5728 ἐργάζεσθαι.
1687 5657 1846 5710 Δοκεῖ

285 5754 342 5810 δὲ
371 5753 508 5806 πάνυ
538 5750 761 5821 πιθανὴ,
797 5750 906 5803 ἀπὸ
940 5748 1032 5802 τοῦ
1057 5752 1125 5803 τὰ
1160 5750 1362 5820 εὐχερῆ
1426 5749 1713 5818 παραινεῖν
1745 5748 1845 5816 τὴν

293 5846 425 5916 ἰσχὺν
454 5843 668 5912 ἔχουσα.
694 5840 998 5896 Κολακεύει
1033 5841 1181 5912 μάλα
1210 5841 1614 5911 δουλοπρεπῶς.
1647 5842 1841 5894 Διακε-

1950 4665 2210 4719 invidiam
2251 4663 2407 4716 nobis
2435 4662 2664 4716 aliorum
2712 4663 2988 4729 conciliat,
3029 4673 3083 4717 et
3115 4665 3335 4720 morbos
3382 4680 3519 4731 quo-

1947 4767 2053 4822 que
2083 4765 2494 4818 noiinnnquam,
2526 4760 2582 4803 et
2621 4749 2828 4802 inlinita
2864 4749 3114 4814 quaedam
3176 4749 3336 4802 mala.
3399 4750 3516 4803 Non

1947 4846 2091 4895 enim
2129 4841 2197 4894 ad
2229 4841 2280 4894 id
2305 4840 2450 4907 quod
2486 4838 2751 4907 optimum
2803 4848 2890 4890 est
2923 4837 3195 4905 respicere
3248 4849 3345 4888 nos
3371 4851 3520 4889 com-

1950 4930 2123 5001 pellit,
2151 4929 2246 4982 sed
2279 4928 2605 4998 simpliciter
2666 4928 2732 4980 ad
2769 4928 2818 4980 id
2870 4927 3013 4994 quod
3066 4926 3322 4978 deleCtat.
3383 4927 3514 4978 'l'am

1947 5021 2115 5076 multa
2145 5035 2279 5076 sane
2315 5029 2477 5088 atque
2494 5019 2644 5087 plura
2671 5017 2794 5071 licet
2828 5016 2896 5071 ab
2927 5016 2994 5069 iis
3020 5016 3229 5078 audire,
3263 5016 3352 5084 qui
3379 5018 3518 5069 mul-

1950 5113 2018 5168 tis
2058 5127 2088 5166 a
2123 5113 2398 5179 voluptate
2434 5109 2586 5178 petiti
2625 5107 2845 5173 laesique
2873 5106 3013 5171 telis,
3045 5120 3166 5161 eam
3216 5107 3519 5160 criminan-

1949 5213 2055 5260 tur.
2094 5203 2260 5257 Iidem
2292 5201 2337 5254 si
2397 5200 2638 5253 rationes
2682 5197 2990 5251 coutrarias
3038 5198 3287 5263 audiant,
3337 5201 3518 5252 varias

1946 5293 2190 5350 vicissim
2219 5291 2555 5358 obiectiones
2587 5288 2846 5351 inferunt,
2880 5289 3005 5340 dum
3047 5303 3166 5342 eam
3234 5290 3515 5345 violentis-

1947 5387 2147 5441 simum
2175 5385 2420 5438 morbum
2453 5377 2771 5450 appellant:
2789 5381 3116 5449 variamque
3171 5381 3427 5448 belluatn,
3463 5397 3518 5437 et

1949 5479 2020 5528 ita
2051 5464 2360 5538 subdolam,
2402 5483 2461 5527 ut
2483 5474 2714 5527 aliarqu
2740 5473 2984 5526 omnium
3010 5475 3178 5528 nulla.
3215 5475 3350 5529 Nam
3375 5455 3518 5528 seu.-

1949 5582 2043 5636 per
2073 5564 2356 5618 fraudibus
2386 5576 2438 5618 et
2469 5566 2786 5633 imposturis
2818 5565 3039 5634 gaudet,
3065 5567 3265 5633 quibus
3318 5566 3372 5618 in
3408 5570 3519 5632 pri-

1947 5658 2052 5712 mis
2082 5672 2199 5712 esse
2233 5656 2395 5710 noxia
2429 5657 2640 5711 cunctis
2691 5657 2856 5711 solet.
2887 5657 3097 5710 Etenim
3153 5671 3270 5710 eam
3340 5659 3516 5725 pictu-

1949 5763 2007 5802 t'a
2039 5749 2194 5817 quasi
2219 5748 2455 5817 quadam
2491 5747 2890 5816 exprimentes,
2954 5748 3278 5816 frequenter
3331 5747 3517 5797 admu-

1947 5840 2098 5904 dum,
2127 5839 2400 5910 inquiunt,
2430 5839 2651 5897 honesti
2673 5848 2836 5909 atque
2858 5840 3006 5894 utilis
3037 5840 3244 5894 larvam
3301 5835 3512 5903 induit;
