3978 6588
551 417 650 484 451

1745 423 2143 486 MANUELIS
2177 425 2625 490 PALEOLOGI

3727 441 3823 502 452

552 534 752 602 etquid
777 533 1035 602 primum,
1073 534 1200 608 quid
1227 533 1500 603 ultimum,
1524 537 1658 606 quid
1684 541 1920 593 medium
1947 541 2110 610 profe-

2227 543 2446 596 λεύεται
2487 542 2735 610 φιλικῶς.
2764 544 3114 608 Δεσποτικῶς
3151 547 3500 602 ἐπιτάττειν
3543 549 3646 605 οὐκ
3676 553 3825 609 ἔπαι-

554 641 746 681 remus
775 641 840 680 ex
879 625 945 679 iis
973 641 1090 694 qum
1117 627 1272 681 nobis
1303 627 1370 680 ab
1397 643 1459 681 ea
1485 631 1844 696 proveniunt?
1868 631 2115 698 Quonam

553 719 754 787 aliquis
787 725 965 786 pacto,
1003 727 1150 772 totus
1185 719 1237 771 in
1262 720 1500 787 linguam
1529 732 1792 787 mutatus,
1848 733 1904 778 et
1973 733 2119 778 artes

550 810 694 877 ejus,
727 817 780 863 et
801 809 1132 872 tnolitiones,
1169 819 1223 864 et
1263 811 1435 878 dolos,
1473 821 1528 865 et
1557 815 1825 868 versutias
1854 828 2120 882 exposue-

556 901 667 952 rit?
703 899 873 953 Modis
901 899 1156 954 omnibus
1179 900 1378 955 infesta
1422 901 1597 957 bellua
1633 904 1889 959 sollicita
1951 904 2119 974 (lubet

551 988 697 1040 enim
726 988 870 1040 illam
900 988 1042 1041 velut
1093 991 1391 1044 auitnatam
1454 993 1506 1046 in
1542 994 1778 1047 medium
1826 995 2117 1064 proferre),

551 1079 854 1146 eademque
888 1079 1088 1145 quibus
1143 1096 1247 1134 non
1299 1083 1588 1150 przestigiis
1638 1085 1853 1138 utitur?
1913 1085 2116 1140 Malitia

508 1193 514 1216 μ
554 1169 788 1233 quadam
822 1180 1062 1224 extrema
1098 1172 1325 1227 inescat.
1367 1175 1450 1228 Fit
1478 1177 1733 1232 omnibus
1761 1179 1965 1239 omnia,
1999 1195 2116 1231 mo-

553 1277 641 1318 res
665 1272 718 1314 ut
743 1264 912 1317 bonos
935 1275 1164 1320 evertat.
1189 1267 1390 1335 Sponte
1411 1283 1525 1333 sua,
1547 1279 1772 1324 vocante
1803 1274 2041 1338 nemine,
2059 1289 2118 1328 se

551 1354 920 1408 consiliariam
949 1356 1145 1423 offert;
1172 1359 1546 1427 admirataque
1572 1364 1879 1428 mollitiem,
1903 1368 2115 1432 probris

511 1511 518 1516 Ι
554 1444 780 1498 incessit
813 1447 993 1499 omnia
1030 1462 1148 1514 quae
1181 1451 1505 1516 corporibus
1530 1460 1584 1504 et
1613 1453 1808 1506 animis
1839 1463 2114 1508 certamen

553 1535 770 1604 aliquod
798 1537 1100 1606 imponunt,
1125 1539 1253 1592 dum
1289 1555 1350 1594 ea
1395 1542 1687 1598 morhifera
1713 1555 2009 1614 nuncupat.
2029 1547 2120 1600 Ait

549 1627 698 1680 enim
726 1626 812 1680 ilia
834 1637 940 1680 tam
968 1629 1294 1697 carniquam
1325 1632 1797 1698 Spirituicrebram
1825 1638 2116 1705 quamdam

552 1724 930 1782 tempestatem
962 1733 1025 1771 ac
1048 1720 1513 1785 perturbationem
1549 1726 1836 1788 suscitare,
1873 1741 2118 1796 peneque

553 1809 660 1860 vim
695 1807 960 1860 infinitam
989 1808 1246 1864 ﬂuctuum
1282 1812 1503 1877 inferre,
1537 1825 1912 1886 perpetuaeque
1974 1820 2116 1874 tabis

552 1917 770 1956 causam
792 1917 932 1956 esse.
950 1903 1117 1956 Simul
1145 1906 1209 1956 ad
1234 1906 1669 1972 persuadendum
1698 1923 1820 1963 esse
1838 1911 2115 1977 aptissima

552 1997 790 2061 videtur,
833 2011 955 2049 cum
993 2010 1056 2049 ex
1100 2010 1163 2050 eo
1192 1997 1355 2051 robur
1383 1999 1581 2053 haheat
1637 2001 1783 2070 quod
1834 2003 1901 2056 ad
1936 2002 2112 2057 facilia

550 2088 1054 2142 factucohortetur.
1103 2089 1406 2144 Admodum
1465 2092 1724 2146 servilem
1779 2095 1832 2147 in
1898 2097 2114 2151 modum

548 2181 825 2245 adulatur,
851 2189 1031 2233 monet
1069 2181 1264 2244 amice,
1303 2195 1408 2248 quo
1440 2182 1618 2237 minus
1676 2185 1919 2241 heriliter
1950 2188 2118 2258 impe-

549 2281 652 2336 ret,
681 2275 883 2340 pudore
910 2273 1058 2326 nullo
1089 2275 1438 2342 praepeditur.
1473 2274 1614 2329 Nihil
1636 2289 1720 2331 est
1756 2279 2116 2347 impedimen-

549 2363 610 2423 ti,
633 2363 761 2416 nihil
789 2365 928 2432 quod
953 2375 1157 2424 arceat.
1180 2365 1310 2418 nihil
1341 2369 1482 2433 quod
1515 2366 1691 2422 obstet
1720 2409 1734 2432 ,
1771 2386 1881 2440 quo
1929 2373 2108 2430 minus

548 2453 615 2506 ad
659 2455 1029 2508 diversissima
1075 2455 1234 2511 facile
1281 2458 1574 2512 transiliat.
1609 2459 1947 2516 Erubescere
2006 2481 2114 2520 non

546 2548 717 2605 novit.
758 2549 1098 2601 verecundia:
1132 2564 1195 2602 ne
1220 2551 1435 2617 quidem
1473 2553 1719 2604 meminit
1752 2571 1766 2606 :
1799 2555 1927 2621 quid
1966 2558 2110 2610 enim

545 2638 892 2704 impudentite
924 2653 1208 2694 commune
1241 2655 1361 2693 cum
1401 2643 1770 2696 verecundia?
1817 2644 2113 2711 Quiescere

545 2731 757 2796 nequit,
796 2745 895 2783 nec
919 2731 1060 2785 enim
1090 2731 1194 2786 hoc
1229 2731 1348 2801 ejus
1390 2743 1583 2787 natura
1620 2735 1744 2789 fert.
1779 2736 1992 2793 Nullam
2017 2757 2114 2798 nec

545 2821 929 2885 quietem,‘nec
960 2824 1155 2889 otium,
1184 2839 1285 2878 nec
1319 2826 1792 2894 tranquillitatem,
1835 2847 1934 2887 nec
1967 2834 2110 2889 aliud

547 2913 653 2967 tale
690 2914 938 2982 agnoscit
965 2930 979 2968 :
1007 2914 1140 2969 nihil
1175 2916 1320 2970 enim
1349 2920 1578 2974 omnino
1609 2923 1820 2978 didicit.
1851 2925 2113 2982 Crocodi-

547 3001 648 3067 los,
667 3002 869 3070 leones,
895 3005 1159 3074 quidquid
1192 3008 1284 3061 irae
1317 3023 1422 3062 non
1462 3012 1794 3078 moderatur,
1819 3017 1898 3070 vel
1929 3018 2113 3077 furore

547 3093 820 3147 detinetur
844 3133 858 3157 ,
883 3110 1123 3162 omnem,
1154 3100 1558 3168 sanguinariam
1598 3104 1855 3170 belluam,
1893 3111 2110 3167 stimulo

2223 631 2498 700 σχύνεται.
2541 633 2705 686 Οὐδὲν
2731 633 2865 705 αὐτῇ
2895 634 3146 705 κώλυμα,
3170 639 3286 691 οὐκ
3312 635 3540 709 εἷργον,
3574 644 3639 696 οὐ
3670 662 3824 712 πρεσ-

2222 724 2534 792 ιστάμενον,
2564 725 2640 786 ὡς
2684 725 2760 793 μὴ
2811 726 3013 794 ῥᾳδίως
3047 729 3105 791 ἐς
3134 730 3204 782 τά
3240 731 3636 786 ἐναντιώτατα
3671 753 3822 804 μετσ·

2219 813 2416 884 πηδᾷν.
2443 815 2557 867 Οὐκ
2580 811 2721 869 οἶδεν
2747 817 3023 888 ὲρυθριᾷν.
3048 817 3335 890 Αἰσχύνης
3363 821 3495 874 οὐδὲ
3517 823 3785 894 μέμνηται
3812 849 3822 856 ·

2219 903 2271 956 τί
2297 905 2406 974 γὰρ
2435 906 2680 976 ἀναιδείᾳ
2714 910 2852 976 πρὸς
2915 909 3182 979 αἰσχύνην
3228 913 3430 965 κοινόν
3461 928 3478 977 ;
3553 914 3819 986 ’Δτρεμεῐν

2218 994 2317 1064 οὐχ
2356 997 2446 1049 οἶα
2477 1013 2536 1048 τε
2570 1013 2584 1029 ο
2617 998 2740 1050 οὐδὲ
2765 999 2874 1069 γὰρ
2909 1000 3179 1070 πέφυκεν.
3227 1002 3553 1073 Ἦρεμίαν,
3578 1006 3814 1075 ἡσυχίαν,

2219 1083 2487 1155 γαλήνην,
2512 1089 2567 1140 εἰ
2587 1103 2639 1139 τι
2655 1087 2921 1150 τοιοῦτον,
2967 1091 3220 1160 οὐδαμῶς
3289 1094 3607 1148 ἐπίσταται
3639 1111 3653 1125 ο
3682 1097 3817 1150 οὐδὲν

2219 1177 2330 1247 γὰρ
2387 1178 2522 1241 ὅλως
2572 1181 2880 1249 μεμάθηκε.
2935 1183 3370 1255 Κροκοδείλους,
3429 1185 3676 1254 λέοντας,
3722 1196 3813 1244 πᾶν

2221 1267 2378 1337 θυμῷ
2409 1271 2807 1340 κρατούμενον,
2843 1272 2876 1341 ἦ
2916 1273 3084 1346 λύττῃ
3112 1276 3542 1344 κατεχόμενον,
3584 1282 3690 1332 πᾶν
3733 1284 3810 1333 aio

2223 1358 2476 1427 μοὸὁρον,
2517 1360 2668 1414 ἅπαν
2707 1364 3103 1434 κεντρότυπον,
3150 1367 3406 1431 ἰοϐόλον,
3433 1369 3640 1422 δάκνον
3670 1373 3806 1422 divi:-

2219 1467 2306 1515 τα,
2342 1453 2406 1520 τῇ
2445 1450 2710 1524 Θηριωδίᾳ
2757 1457 3126 1526 παρήνεγκεν.
3197 1459 3514 1513 Ἀτίθασόν
3548 1463 3684 1526 ἐστι,
3727 1466 3805 1515 καὶ

2220 1541 2515 1609 ἀνήμερον,
2543 1544 2636 1596 δια)⁸
2658 1545 3006 1615 καταλλαγὰς
3033 1550 3370 1602 ἀποσείεται
3395 1567 3410 1581 ·
3457 1553 3518 1604 ού
3552 1554 3658 1620 γὰρ
3684 1556 3798 1621 ἀγα-

2220 1633 2298 1701 πᾷ
2331 1633 2390 1684 τὺ
2441 1635 2554 1686 ἰσον
2586 1635 2784 1704 ἔχουσα
2815 1640 3168 1696 σπείσασθαι.
3208 1641 3376 1696 Ἀνθ’
3403 1638 3486 1698 ὧν
3525 1645 3794 1717 βιαζομένῃ

2217 1723 2358 1775 κατὰ
2386 1726 2553 1777 ταυτὸ
2593 1729 2685 1779 καὶ
2741 1727 3095 1796 ἐξαπατῶσα,
3135 1733 3390 1796 πολλοὺς
3441 1731 3588 1789 εἶναι
3621 1754 3684 1818 ⁸τι
3722 1739 3794 1789 δο-

2221 1815 2450 1875 κοῦντας
2482 1818 2624 1884 μέγα
2663 1820 2743 1881 εἰς
2793 1822 3170 1890 γενναιότητα,
3230 1826 3337 1879 καὶ
3397 1828 3560 1896 παρά
3608 1815 3787 1880 πάντων

2219 1904 2671 1976 θαυμαζομένους
2695 1909 2785 1960 ἐπ’
2803 1911 2995 1981 ἀρετῇ,
3019 1911 3377 1984 κατήνεγκεν
3409 1919 3554 1989 αὐτῇ
3589 1921 3784 1989 7:90:60-

2217 1995 2305 2065 λῇ,
2363 1998 2455 2049 καὶ
2488 1998 2765 2068 ἐξήλεγξε.
2815 2002 2932 2056 Κᾶν
2960 2005 3019 2056 ού
3068 2010 3447 2080 καταστρέψῃ
3507 2015 3574 2081 τῇ
3620 2014 3777 2083 πρώτῃ

2219 2090 2405 2158 πείρᾳ,
2448 2093 2542 2143 καὶ
2571 2094 2868 2167 παρασύρῃ
2910 2101 3221 2171 χειμάρρου
3280 2103 3477 2171 δίκην,
3513 2106 3630 2158 ἀλλ’
3671 2106 3772 2174 αὐτὴ

2217 2183 2311 2233 καὶ
2335 2175 2639 2252 καρτερίαν
2694 2187 2902 2256 πολλὴν
2946 2191 3318 2260 ἐνδείκνυται,
3362 2197 3467 2249 καὶ
3499 2199 3578 2267 τῷ
3632 2203 3775 2251 πονεῖν

2171 2291 2173 2293 ί
2215 2269 2358 2338 ἄγαν
2398 2273 2684 2342 τέρπεται.
2716 2278 2826 2330 Καὶ
2856 2280 2995 2341 ὅλως
3017 2298 3081 2350 γε
3112 2284 3268 2338 δοκεῖ
3294 2303 3384 2350 τις
3419 2283 3562 2342 εἶναι
3595 2291 3776 2356 ἀκάμαδ

2219 2379 2312 2426 τος
2345 2367 2429 2428 εἰς
2467 2365 2537 2418 τὰ
2573 2368 2701 2420 καθ’
2733 2371 2917 2439 ἡμῶν.
2962 2374 3037 2426 Τὸ
3065 2376 3178 2446 γὰρ
3211 2378 3287 2448 δὴ
3334 2381 3556 2450 σφόδρα
3606 2384 3781 2436 ἐθέλειν

2215 2456 2276 2507 οὐ
2302 2457 2489 2511 δίδωσι
2524 2459 2636 2511 τῶν
2671 2462 2852 2516 πόνων
2887 2465 3279 2524 αἰσθάνεσθαι.
3345 2473 3527 2540 Μόγις
3559 2492 3655 2528 που
3703 2478 3778 2529 καὶ

2215 2545 2304 2599 διά
2342 2549 2537 2618 χρόνον
2577 2554 2693 2614 τοῖς
2721 2558 3128 2622 γενναιοτάτοις
3154 2561 3277 2613 τῶν
3306 2565 3568 2634 ἀθλητῶν
3595 2568 3777 2620 ύπενδί-

2214 2638 2402 2693 δωσιν.
2440 2641 2683 2712 Ἐὠρακέ
2717 2663 2802 2708 τις
2829 2650 3000 2721 αὐτὴν
3028 2657 3339 2721 πρωτείων
3372 2659 3607 2723 πύκταις
3633 2678 3778 2730 παρ’·

2212 2731 2568 2800 χωρήσασαν,
2614 2736 2852 2800 πύκταις
2889 2740 3147 2807 ἐκείνοις,
3178 2739 3274 2808 οἷς
3330 2748 3560 2818 ἰδρῶτές
3604 2767 3659 2803 τε
3701 2752 3776 2818 καὶ

2214 2822 2365 2876 πόνοι
2404 2827 2536 2894 παρ’
2590 2827 2744 2910 οὐδὲν
2795 2830 3108 2899 νομίζονται
3165 2834 3668 2910 διηγωνισμένοιςο
3721 2840 3772 2894 οὐ

2212 2913 2292 2982 τῷ
2321 2915 2528 2986 ταύτην
2557 2907 2875 2990 αἰδεσθῆναι
2912 2923 3012 2994 τὴν
3051 2926 3289 2996 ἀνδρίαν
3322 2907 3466 2983 τῶν*
3503 2933 3775 3002 κρατησάν-

2212 3023 2320 3059 των
2351 3006 2451 3078 (τί
2493 3012 2598 3078 γὰρ
2631 3011 2695 3082 δὴ
2745 3014 2924 3066 κοινὸν
2983 3017 3125 3070 αἰδοῖ
3181 3024 3336 3090 πρὸς
3389 3025 3770 3096 ἀπηρυϐριακᾱ

2212 3117 2264 3152 τι
2320 3103 2416 3153 καὶ
2461 3103 2856 3174 ἀναίσχυντον;
2918 3109 2961 3177 ),
3003 3110 3081 3180 τῷ
3123 3111 3179 3164 δὲ
3243 3121 3566 3186 παρασχεῖν
3610 3119 3770 3188 καιρὸν

549 3193 896 3250 pungentem,
933 3201 1278 3254 venenosatn,
1302 3189 1586 3248 insanabili
1610 3210 1797 3252 morsu
1831 3198 2109 3258 laedentem

2217 3190 2402 3254 αὑτοίς
2425 3195 2722 3265 ῥᾳθυμίας,
2747 3198 2876 3252 ὅσον
2925 3201 3311 3276 ἀμελέστερον
3348 3212 3417 3262 τὰ
3447 3213 3566 3264 κατ’
3601 3211 3769 3270 αὐτοὺς

548 3272 763 3326 feritate
786 3282 1028 3342 superat.
1056 3273 1165 3330 Nec
1198 3280 1568 3344 mansuefieri,
1605 3297 1704 3337 nec
1745 3286 1976 3342 cicurari
2010 3306 2110 3362 po-

547 3371 674 3426 test,
708 3371 762 3417 et
793 3365 1264 3422 reconciliationes
1293 3380 1598 3426 aversatur.
1633 3373 1749 3429 Non
1790 3381 1935 3432 enim
1966 3383 2112 3449 paci-

544 3453 625 3506 sci
654 3453 1053 3508 conditionibus
1082 3457 1252 3525 aequis
1283 3469 1449 3516 amat.
1501 3461 1839 3534 Quapropter
1885 3467 2012 3523 dum
2041 3472 2113 3526 si-

546 3545 657 3597 ntul
694 3554 749 3598 et
774 3545 822 3597 vi
859 3555 912 3599 et
943 3544 1227 3601 fraudibus
1291 3550 1485 3616 utitur,
1560 3553 1757 3608 multos
1778 3555 1872 3624 qui
1929 3559 2107 3628 magni

545 3649 665 3689 esse.
699 3646 916 3703 propter
946 3636 1110 3690 animi
1169 3640 1588 3708 generositatem
1635 3643 1904 3712 videntur,
1932 3657 1985 3702 et
2040 3651 2109 3704 ob

546 3726 800 3779 virtutem
824 3727 1076 3781 omnibus
1109 3728 1454 3785 admirationi
1482 3742 1633 3796 sunt,
1686 3735 1886 3804 impetu
1933 3738 2109 3805 primo

542 3815 681 3884 deiet
702 3819 740 3870 it
770 3832 833 3870 ac
862 3819 1011 3872 vicit.
1034 3817 1184 3884 Quod
1215 3820 1260 3874 si
1293 3837 1396 3875 non
1415 3826 1677 3881 everterit
1705 3838 1902 3884 conatu
1935 3831 2109 3899 primo

543 3923 641 3960 nec
669 3908 718 3960 in
750 3923 952 3963 morem
987 3912 1244 3966 torrentis
1305 3915 1627 3982 abripuerit,
1693 3934 1942 3989 magnam
1993 3923 2106 3992 ipsa

543 3997 887 4050 tolerantiam
921 4009 1162 4067 praestat,
1207 4009 1263 4056 et
1314 4005 1577 4073 singulari
1637 4009 1930 4080 diligentiae
1983 4015 2104 4068 nisu

545 4086 839 4156 p‘uritnutn
890 4090 1225 4158 delectatur;
1272 4097 1514 4166 adeoque
1545 4099 1597 4151 in
1633 4100 1699 4154 iis
1747 4103 1874 4170 qute‘
1915 4116 2105 4160 contra

544 4192 644 4232 nos
680 4180 918 4234 molitur.
967 4181 1293 4238 indefessam
1329 4201 1387 4241 se
1442 4203 1634 4256 gerere
1683 4191 1916 4249 videtur.
1969 4197 2102 4252 Nam

543 4269 715 4332 ipsum
751 4267 882 4323 illud
918 4272 1262 4328 vehementer
1297 4277 1433 4331 velle
1459 4294 1565 4334 non
1616 4284 1902 4352 permittit,
1961 4289 2102 4345 ullos

543 4359 620 4408 uti
653 4357 867 4413 labores
903 4362 1240 4418 seutiut.Vix
1303 4369 1542 4434 tandem,
1591 4381 1647 4426 et
1699 4375 1884 4443 elapso
1934 4382 2103 4437 multo

541 4459 805 4515 tempore,
843 4449 1161 4507 fortissimis
1185 4456 1405 4512 athletis
1437 4461 1600 4515 cedit.
1631 4463 1778 4520 Vidit
1810 4469 2101 4538 aliquando

539 4537 664 4606 quis
690 4553 808 4592 eam
844 4541 1047 4609 primas
1069 4548 1410 4602 concessisse
1449 4551 1744 4620 pugilibus,
1773 4536 1951 4612 etillis
1984 4561 2104 4628 qui-
2136 4536 2180 4590 θ

541 4634 662 4681 dum
693 4632 962 4700 pugilibus
995 4636 1084 4701 qui
1111 4638 1340 4694 sudores
1374 4651 1426 4692 et
1451 4641 1664 4698 labores
1702 4647 1752 4699 in
1793 4653 2108 4706 certamini-

541 4721 641 4772 bus
671 4732 954 4790 susceptos
980 4725 1133 4778 nihili
1157 4729 1457 4794 penderent
1490 4751 1505 4786 :
1542 4750 1646 4788 non
1679 4740 1816 4805 quod
1853 4741 1964 4808 ipsa
1999 4745 2107 4799 for-

545 4813 826 4867 titudinem
899 4815 1124 4870 victoria
1170 4820 1464 4886 potitorum
1521 4832 1822 4884 reverentia
1869 4837 2104 4902 quadam

543 4915 972 4972 prosequeretur
1001 4907 1150 4975 (quid
1186 4910 1329 4962 enim
1373 4925 1659 4973 commune
1727 4923 1918 4988 pudori
1981 4940 2101 4979 cum

539 5010 608 5048 eo
636 4998 775 5063 quod
804 4998 1017 5052 ruboris
1040 5008 1093 5053 et
1125 4999 1347 5068 pudoris
1370 5018 1565 5074 expers
1594 5019 1676 5063 est
1701 5011 1766 5082 ἳ),
1803 5016 1896 5069 sed
1927 5027 1984 5071 ul
2021 5019 2102 5073 eis

540 5091 879 5144 occasionem
917 5092 1141 5161 ignavia:
1186 5098 1473 5163 praeberet,
1515 5103 1580 5154 ad
1634 5105 1964 5164 reddendum
2013 5128 2105 5166 ne-

541 5176 892 5244 gligentiorcs
925 5182 976 5234 in
1011 5186 1406 5242 constituendis
1450 5189 1609 5246 rebus
1642 5197 1780 5256 suis.
1815 5199 2099 5270 quasijam

541 5265 643 5316 ilhe
668 5268 813 5332 prius
844 5271 1080 5327 molesta
1109 5291 1194 5327 res
1225 5289 1405 5332 essent
1426 5295 1455 5334 e
1485 5284 1662 5338 medio
1687 5265 1930 5345 sublatae.
1965 5294 2097 5359 Qui-

539 5356 639 5408 bus
669 5360 738 5409 ita
767 5363 1022 5425 peractis,
1058 5383 1179 5420 mox
1215 5371 1279 5422 de
1315 5372 1604 5438 improviso
1637 5379 1874 5446 irruens,
1903 5389 2099 5442 utentis

536 5460 651 5499 sua:
681 5449 914 5514 cogitata
949 5451 1162 5508 facilius
1185 5461 1490 5525 perlicit.ld
1516 5480 1580 5518 ex
1611 5467 1722 5532 ipsa
1749 5472 2096 5529 manifestum

534 5547 621 5590 est
647 5539 978 5605 experientia
1013 5562 1024 5594 :
1051 5547 1248 5613 quippe
1284 5565 1403 5618 pust
1435 5554 1550 5609 Illas
1581 5559 1827 5616 inducias
1854 5565 1975 5618 belli
2014 5571 2101 5635 (li-

538 5627 826 5682 balantem
849 5631 1068 5702 imagini
1091 5640 1254 5690 semel
1297 5643 1560 5701 institutae
1593 5651 1772 5707 adhuc
1813 5655 2097 5725 inhaerere,

535 5719 580 5771 si
609 5720 780 5773 visum
811 5723 859 5776 ei
888 5725 959 5777 sit
987 5738 1351 5794 opportunum
1377 5743 1516 5790 essc'
1539 5748 1750 5812 tempus
1787 5748 1850 5799 ad
1885 5749 2067 5803 l'aciuu
2086 5783 2099 5792 -

533 5809 662 5864 dum
703 5813 958 5884 iutpetunt
985 5833 1205 5888 remque
1263 5830 1597 5897 tentandum,
1627 5809 1807 5892 statim
1866 5854 1928 5894 ex
1994 5843 2098 5897 int-

2212 3283 2480 3340 διαθεῖναι
2534 3293 2975 3360 παρασκευάσαι,
3007 3296 3102 3349 ἀτε
3153 3299 3218 3369 δὴ
3287 3305 3404 3356 τῶν
3439 3305 3766 3376 ἐνοχλούντων

2211 3377 2617 3449 ἠφανισμένων.
2664 3382 2829 3436 Ὅθεν
2885 3389 3050 3440 ταυτὶ
3102 3390 3583 3468 διαπραττομένη,
3620 3398 3763 3450 ἔπειτ’

2211 3468 2272 3533 ἐξ
2304 3471 2544 3540 ἀφανοῦς
2590 3475 2968 3544 εἰσϐάλλουσα,
2999 3483 3130 3553 ῥᾷον
3174 3487 3338 3543 ἀνύει
3371 3492 3443 3544 τὰ
3472 3491 3606 3542 κατά
3641 3491 3762 3542 νοῦν.

2210 3562 2383 3632 Δῆλον
2410 3565 2467 3618 δὲ
2497 3568 2606 3620 ἀπὸ
2638 3568 2740 3639 τῆς
2776 3573 2990 3643 πείρας.
3025 3577 3179 3632 Μετά
3225 3587 3345 3654 γάρ
3374 3585 3475 3651 τὴν
3503 3584 3761 3650 ἀνακωχὴν

2209 3656 2304 3708 τοῦ
2329 3658 2570 3728 πολέμου
2597 3663 2615 3729 (
2645 3660 2943 3734 ἀνθέξομαι
2971 3665 3030 3718 δὲ
3069 3669 3166 3739 τῆς
3193 3674 3415 3740 εἰκόνος
3454 3676 3534 3729 ἔτι
3557 3677 3598 3746 ),
3623 3675 3758 3739 δόξαν

2209 3745 2469 3816 εὔκαιρον
2519 3751 2850 3819 προσϐαλεῖν
2897 3757 2988 3810 καὶ
3037 3760 3546 3833 ἀποπειράσασθαι,
3591 3766 3759 3834 ἀπριιό-

2213 3855 2367 3902 πτως
2399 3841 2560 3904 εὐθὺς
2601 3843 2894 3911 ἐφίσταται
2919 3865 2934 3879 ·
2970 3852 3063 3903 καὶ
3097 3854 3511 3912 ὲπεισπεσοῦσα
3539 3860 3759 3929 δριμύτε-

2208 3933 2302 4001 ρόν
2328 3951 2443 3998 πως
2477 3937 2572 3988 καὶ
2599 3941 2995 4012 μανικώτερον,
3020 3946 3080 3998 τό
3129 3964 3190 4013 γε
3244 3955 3331 4016 εἰς
3367 3955 3580 4023 ἐκείνην
3623 3948 3754 4019 ἧκον.

2208 4021 2676 4110 πάντ’ὲργάζεται
2708 4030 2777 4083 τά
2824 4031 2973 4086 δεινά
2998 4051 3014 4067 ο
3049 4037 3230 4110 ἐκείνη
3289 4042 3422 4113 γὰρ,
3459 4021 3546 4107 ὡς
3583 4043 3752 4098 ἔοικεν.

2205 4114 2267 4166 ού
2293 4115 2502 4169 δέδοικε
2529 4119 2658 4182 τοὺς
2709 4122 2973 4188 πολλάκις
3021 4127 3192 4198 αὐτῆς
3223 4135 3623 4205 κρατήσαντας.
3661 4133 3752 4184 Οὐκ

2205 4203 2583 4274 ὀρῤωδεῖτοίις
2639 4218 3014 4282 νενικηκότας,
3077 4220 3140 4272 οὐ
3193 4223 3326 4288 τοὺς
3385 4203 3602 4296 μακράν
3651 4237 3751 4274 τινα

2203 4296 2360 4366 δίκην
2389 4299 2594 4370 ταύτην
2627 4303 3033 4373 εἰσπράξαντας
3065 4312 3165 4382 τῆς
3223 4316 3309 4380 εἰς
3366 4319 3605 4378 ἐκείνους
3641 4311 3750 4364 tati-

2203 4399 2302 4454 της
2340 4389 2544 4456 μανίας
2570 4407 2584 4421 ’
2611 4393 2748 4447 ἀλλά
2790 4397 2843 4450 τὸ
2877 4401 3103 4454 πίπτειν
3135 4410 3382 4478 συνεχῶς
3437 4410 3646 4463 παιδιὰν
3674 4405 3746 4454 λο-

2205 4477 2493 4549 γιζομένη,
2544 4481 2682 4554 ὀρθὴ
2731 4488 2956 4556 ταχέως·
2986 4477 3382 4570 εὑρισκομένη,
3439 4502 3547 4561 τοῖς
3595 4497 3748 4553 αὐτοῖς

2212 4571 2308 4622 καὶ
2338 4572 2502 4625 πάλιν
2554 4578 2844 4648 ἐπιχειρεῖ,
2891 4582 3082 4655 ῶσπερ
3149 4590 3419 4662 μηδαμῶς
3471 4590 3741 4662 ήττηθείσα.

2213 4661 2322 4714 Καὶ
2347 4663 2602 4736 καθάπερ
2631 4669 2724 4720 ἐπὶ
2751 4671 2859 4724 τῶν
2889 4675 3220 4746 ἀθυρμάτων
3244 4661 3532 4746 οἰῗπαῖδες,
3563 4681 3607 4732 εἰ
3640 4676 3744 4729 ὼοι·

2213 4752 2337 4821 σμῷ
2363 4755 2470 4808 τῶν
2507 4759 2922 4830 συναθυρόντων
2946 4770 3368 4841 καταδληθεῖεν,
3418 4775 3549 4840 πρὸς
3594 4769 3743 4832 πάλην

2209 4839 2368 4907 αὖθις
2397 4847 2740 4916 ἀνίστανται,
2773 4857 2862 4908 καὶ
2890 4858 3124 4929 ἑτοίμως
3177 4839 3364 4934 έχουσι
3397 4839 3740 4933 συμπλακῆναι

2210 4937 2322 5000 τοῖς
2349 4947 2740 5008 κατενεγκοῦσι
2770 4949 3030 5016 πολλάκις
3057 4970 3072 4986 ·
3100 4957 3193 5008 καί
3215 4959 3315 5028 ἥδε
3342 4959 3494 5012 οὐδὲν
3524 4952 3738 5022 κορέννν-

2208 5042 2302 5080 ται
2361 5031 2845 5108 καταϐεϐλημένη,
2907 5042 3026 5094 ἀλλ’
3076 5047 3184 5098 αἰεὶ
3244 5053 3366 5113 ταῖς
3437 5041 3739 5114 συμπλοκαῖς

2209 5119 2573 5187 ὲπαγάλλεται
2649 5128 2760 5180 τῶν
2810 5135 3053 5202 συνεχῶς
3117 5142 3610 5194 καταπαλαιόντων.
3667 5131 3734 5187 Ὣς

2207 5210 2401 5278 ὄφελόν
2434 5230 2498 5281 γε
2519 5218 2616 5268 καὶ
2639 5219 2926 5307 ήμεῐςστὸν
2955 5226 3070 5280 ἴσον
3121 5232 3322 5299 τρόπον
3368 5232 3596 5302 ἠνύομεν
3634 5225 3734 5279 τοὺς

2209 5302 2346 5369 πρὸς
2371 5304 2587 5376 ἐκείνην
2621 5302 2862 5377 ἀγῶνας.
2920 5315 3078 5370 Οὕτω
3129 5323 3239 5392 γὰρ
3293 5319 3575 5390 φιλονεικεῖ
3624 5310 3733 5379 πρδῖ

2207 5393 2617 5466 τὰκαθ“ήμῶν,
2650 5403 2724 5465 ὡς
2782 5406 2918 5472 μηδὲ
2970 5408 3166 5478 βιωτὸν
3222 5415 3488 5483 ἡγεῖσθαι.
3544 5408 3628 5459 ἐὰν
3674 5400 3733 5468 μὴ

2207 5481 2303 5552 ἐξῆ
2359 5488 2452 5539 καὶ
2511 5492 2633 5554 τοὺς
2686 5498 2971 5564 κρείττους
3021 5503 3176 5569 ἄγειν
3218 5481 3528 5576 περιφανῶς
3573 5497 3730 5554 ὥσπερ

2207 5576 2536 5649 ἀνδράποδα.
2573 5585 2688 5636 Κᾶν
2722 5588 2934 5661 ὑπενδῷ
2959 5609 3043 5655 τις
3067 5596 3265 5666 μικρὸν
3323 5596 3453 5664 πρὸς
3482 5591 3571 5649 τᾶς
3611 5582 3730 5635 ἐκεί·

2206 5685 2302 5738 νης
2337 5673 2537 5740 ὁρμὰς,
2567 5675 2598 5744 ἢ
2633 5676 2817 5731 νεῦσαί
2847 5697 2898 5735 τι
2936 5684 3070 5753 πρὸς
3101 5686 3442 5754 καταλλαγὰς
3467 5681 3600 5748 δόξην
3622 5687 3723 5724 τ⁰⁰’

2179 5760 2258 5809 uti
2287 5761 2342 5812 τὸ
2380 5764 2577 5831 μικρὸν
2611 5766 2928 5836 ἁρπάσασα,
2963 5773 3026 5826 τὸ
3056 5777 3164 5828 πᾶν
3198 5778 3358 5837 εὐθὺς
3410 5759 3722 5838 ὀνειροπολεῖν

2207 5853 2299 5904 καὶ
2328 5855 2528 5925 μελετᾷ
2568 5875 2690 5912 τινα
2729 5861 2881 5916 δόλον
2914 5865 3049 5936 πρὸς
3103 5868 3199 5939 τὴν
3254 5869 3360 5923 τῶν
3411 5854 3721 5933 ἠμεληκάτων
