3978 6570
215 426 366 488 453

230 645 351 680 σαι
390 623 554 676 θέλει.
588 623 698 675 Καὶ
733 622 864 690 περὶ
892 622 986 675 τοῦ
1016 622 1158 686 πῶς,
1187 625 1215 676 ό
1243 622 1401 690 λόγος
1432 624 1566 693 αὐτῇ
1602 625 1833 695 βραχύς,

225 718 431 770 Ὀθεν
467 716 641 766 πὰντα
662 714 728 783 δὴ
759 715 962 779 κάλων,
991 714 1208 768 ἅπαντα
1254 713 1404 767 λίθον
1437 730 1452 745 ⁸
1494 717 1591 769 καὶ
1651 715 1840 771 τοιαύ-

230 807 604 877 τηνᾰπασαν
629 806 937 874 παροιμίαν
969 807 1114 860 είποι
1159 824 1246 870 τις
1279 807 1346 860 ἂν
1397 803 1550 876 οἴμαι
1609 809 1837 874 δικαίως

235 903 384 969 περῖ
418 898 523 950 τῶν
561 899 781 967 ἐκείνης
839 899 1274 968 μηχανημάτων.
1343 900 1664 968 Παρήνεγκε
1726 903 1836 972 γὰρ

241 991 519 1060 ἀτεχνῶς,
555 990 680 1042 δτου
715 989 780 1044 ἄν
804 1006 888 1052 τις
919 989 1033 1059 ἔχοι
1091 989 1401 1061 μνησθῆναι
1431 990 1740 1062 δυστρόπου
1773 1010 1834 1046 τε

241 1085 350 1134 καὶ
392 1083 703 1152 εὐμηχάνου
749 1082 884 1151 πρὸς
916 1084 1275 1153 κακουργίαν.
1347 1083 1688 1154 Ἀκήρυκτον
1737 1085 1835 1152 μὲν

245 1177 390 1241 ἡμῖν
425 1173 610 1239 ἐπάγει
635 1173 727 1224 τὸν
754 1173 1017 1241 πόλεμον,
1051 1172 1260 1242 τρῶσαι
1285 1168 1587 1244 βουλομένη
1610 1177 1717 1245 πρὸ
1740 1176 1833 1230 τοὸ

251 1264 499 1332 φανῆναι
531 1281 548 1296 ο
577 1265 956 1333 νυκτομαχίαν
998 1265 1056 1318 δὲ
1092 1265 1256 1331 φιλεῖ,
1295 1265 1368 1328 ὡς
1398 1268 1829 1336 καταδαρθάνον-

255 1375 343 1408 σιν
377 1356 690 1424 ἐπιστῆναι,
713 1354 786 1418 ὠς
818 1355 1024 1423 φθάσαι
1061 1357 1154 1409 τὸν
1190 1357 1452 1426 πολέμιον
1486 1359 1590 1427 πρὸ
1616 1359 1709 1412 τοῦ
1739 1367 1837 1427 γυ·

256 1446 478 1512 μνῶσαι
511 1445 570 1496 τὸ
601 1444 776 1512 ξίφος.
808 1445 935 1508 Πῶς
973 1447 1080 1516 γὰρ
1120 1447 1186 1500 ἂν
1212 1447 1427 1515 ἐκείνην
1449 1449 1682 1512 διέλαθε,
1739 1452 1836 1504 πό·

253 1556 355 1591 σου
401 1541 562 1608 τιμᾷν
586 1539 737 1603 ἄξιον
759 1539 818 1591 τὸ
859 1540 1191 1593 καταλαϐεῖν
1219 1541 1502 1610 αίφνιδίως
1535 1559 1550 1607 ;
1589 1543 1697 1596 Kal.
1723 1544 1834 1614 γάρ

246 1633 373 1684 ἐστι
399 1630 552 1683 τοῦτο
578 1631 752 1701 δεινὸν
781 1632 877 1684 καὶ
910 1633 1310 1699 γενναιοτάτων
1339 1632 1519 1701 ψυχὰς
1550 1633 1831 1694 κλονῆσαι.

244 1723 379 1776 Κᾶν
479 1741 528 1776 τι
559 1723 762 1790 κοῦφον
777 1723 841 1776 τὸ
875 1725 1214 1794 προσπεσὸν,
1248 1725 1452 1793 μᾶλλον
1490 1725 1556 1778 ἂν
1593 1727 1832 1796 ίσχύσειε

240 1815 492 1885 θροῆσαι
516 1816 611 1868 καὶ
639 1817 766 1878 τοὺς
805 1817 904 1868 οὐκ
937 1817 1004 1868 ἂν
1051 1815 1253 1886 ῥᾳδίως
1282 1817 1444 1869 τοῦτο
1474 1817 1747 1880 παθόντας
1799 1819 1834 1888 ἦ

236 1923 297 1958 τι
325 1907 741 1976 γινωσκόμενον
771 1908 898 1968 τοὺς
927 1907 1370 1977 ἀγεννεστέρους.
1419 1909 1490 1960 Τὸ
1543 1909 1654 1978 γάρ
1686 1909 1835 1979 παρὰ

237 1997 589 2067 προσδοκίαν
627 1998 825 2068 μικρδν
851 1998 1366 2070 ὲκπληκτικώτερον
1393 2001 1632 2069 μεγάλου
1664 2019 1834 2072 προσ-

237 2091 592 2159 δοκωμένου.
649 2091 780 2162 Ἐρᾷ
809 2091 902 2143 τοῦ
953 2093 1202 2158 σκότους,
1242 2095 1437 2158 νυκτὸς
1487 2095 1664 2164 αὐτῆς
1705 2096 1834 2148 ἀσε-

240 2179 444 2251 λήνου.
503 2181 738 2254 Ὁμίχλῃ
771 2185 952 2252 χαίρει
987 2185 1209 2256 παχείᾳ,
1241 2185 1474 2254 ἀόρατον
1522 2187 1747 2256 όράσεσι
1775 2185 1836 2240 τὸ

242 2273 453 2340 ὁρατόν
471 2289 534 2340 γε
567 2273 822 2342 ποιούσῃ.
861 2273 1110 2337 Συνόδοις
1145 2271 1303 2344 οἶμαι
1342 2276 1550 2345 ταύτην
1602 2276 1836 2344 ἀγάλλε-

245 2364 383 2417 σθαι
419 2365 654 2417 τουτωνὶ
683 2365 789 2418 τῶν
823 2365 1229 2435 λαμπροτάτων
1262 2368 1530 2444 ἀστέρων,
1555 2369 1630 2431 ὡς
1659 2368 1832 2439 ταύτῃ

243 2471 313 2522 τε
350 2456 449 2508 τοῦ
483 2457 738 2524 σώματος
772 2456 872 2524 τῆς
929 2456 1188 2526 σελήνης,
1231 2458 1340 2511 τῶν
1389 2459 1683 2530 ὀφθαλμῶν
1741 2462 1835 2513 καὶ

244 2549 348 2601 τοῦ
373 2548 526 2618 ἡλίου
557 2548 1011 2616 μεσολαδοῦντος,
1057 2549 1132 2618 μὴ
1169 2549 1434 2604 δύνασθαι
1467 2553 1527 2603 τὸ
1579 2553 1712 2606 ῖδιον
1734 2553 1834 2615 τὰς

245 2642 486 2704 ἀκτῖνας
517 2641 656 2708 πρὸς
683 2642 833 2712 ἡμᾶς
884 2643 1242 2712 ἐργάζεσθαι.
1303 2645 1642 2717 Συλληῦδην,
1695 2649 1833 2719 ὅπερ

243 2732 434 2785 αἴτιον
466 2732 560 2785 τοῦ
590 2732 892 2800 λεληθότως
921 2733 1182 2786 δύνασθαι
1214 2735 1419 2806 βλάδην
1451 2739 1582 2807 ἡμῖν
1603 2739 1836 2808 ἐμποιῆο

249 2839 347 2876 σαι
387 2825 492 2894 τὴν
525 2825 740 2894 ἡδονὴν,
774 2825 929 2893 φίλον
970 2827 1130 2895 αὐτῇ.
1170 2827 1373 2890 Είωθὸς
1407 2829 1516 2898 γὰρ
1547 2829 1688 2896 μάλα
1743 2832 1835 2883 καὶ

245 2913 568 2984 σύντροφον
589 2917 810 2984 ἀφεῖναι
839 2917 938 2984 μὲν
960 2915 1140 2984 λάθρα
1180 2917 1356 2987 βέλος,
1385 2921 1606 2985 ἀφεῖναι
1638 2921 1693 2972 δὲ
1728 2922 1836 2973 πᾶν

241 3007 311 3057 τὸ
351 3005 565 3074 πλῆξον
587 3019 603 3036 ⁶
626 3007 844 3074 ἀφεῖναι
877 3006 956 3069 δὲ,
989 3007 1251 3062 ὃδίδωσιν
1280 3009 1526 3072 ἐλπίζειν
1559 3011 1701 3079 μάλα
1742 3012 1836 3064 δυ-

240 3099 530 3169 νήσεσθαι
565 3099 791 3168 καιρίαν
811 3100 1026 3169 τρῶσαι
1054 3100 1294 3171 πληγήν.
1331 3102 1440 3154 Καὶ
1484 3103 1622 3165 ὅλως
1676 3104 1833 3159 πάντ’

1675 425 1960 489 ORATIO
1986 429 2086 490 IV.

223 533 600 603 καθαίρεσιν,
634 529 728 583 καὶ
754 530 864 582 τῶν
894 531 953 583 ἐν
984 529 1236 592 σπονδαῖς
1296 531 1602 598 γεγονότων
1635 535 1843 604 κρατῆ-

3409 430 3516 500 454

1875 541 1918 595 Δ
1949 539 2168 604 proviso
2193 540 2432 603 advenit,
2467 551 2524 596 et
2577 541 2759 596 acrius
2789 555 2855 596 ac
2920 541 3174 596 furiosius
3234 543 3510 608 irruendo,

1941 631 2084 697 quod
2117 630 2288 697 ipsam
2316 632 2530 696 attinet,
2555 634 2735 687 omnia
2758 634 2870 686 dira
2901 643 3196 702 perpetrat.
3219 635 3334 688 Non
3368 638 3510 691 enim

1942 719 2029 773 illa
2062 722 2257 775 metuit
2293 738 2409 787 eos,
2438 725 2513 776 uti
2542 724 2762 792 quidem
2782 725 3020 785 videtur,
3056 729 3145 790 qui
3170 725 3366 792 saepius
3391 741 3509 780 eam

1938 821 2285 879 superarunt.
2316 810 2433 867 Non
2467 814 2703 868 victores
2752 814 3098 878 reformidat,
3126 831 3228 867 non
3260 830 3356 868 eos
3416 817 3511 881 qui

1939 898 2007 954 de
2036 902 2149 970 ipsa
2175 902 2495 957 diuturnum
2526 919 2808 972 sumpsere
2840 906 3163 974 supplicium
3197 905 3400 959 furoris
3452 906 3507 960 in

1937 1006 1996 1046 se
2028 994 2178 1060 prius
2205 997 2454 1061 exerciti,
2485 999 2582 1052 sed
2604 997 2778 1066 ipsum
2799 997 2932 1052 illud
2969 994 3228 1051 continuo
3252 1012 3507 1052 succum-

1937 1081 2066 1136 bere
2097 1099 2193 1152 pro
2233 1084 2359 1142 ludo
2387 1087 2611 1152 ducens,
2643 1089 2831 1142 statim
2861 1095 3042 1142 erecta
3070 1104 3257 1142 rursus
3287 1091 3503 1143 eosdem

1938 1175 2209 1242 adoritur,
2259 1180 2415 1248 quasi
2445 1179 2490 1234 si
2526 1195 2866 1250 nequaquam
2900 1181 3032 1234 victa
3064 1182 3274 1235 fuisset.
3302 1183 3376 1234 Ac
3412 1198 3508 1236 ve-

1937 1269 2019 1320 lut
2046 1269 2096 1321 in
2129 1268 2361 1325 ludicris
2385 1273 2564 1341 pueri,
2591 1272 2638 1325 si
2695 1272 3080 1327 colludentium
3122 1274 3351 1342 impulsu
3381 1289 3507 1341 pro-

1937 1367 2250 1415 sternantur
2280 1360 2452 1425 humi,
2485 1377 2679 1418 rursus
2713 1365 2780 1416 ad
2809 1364 3008 1417 luctam
3063 1372 3377 1434 resurgunt,
3410 1379 3506 1432 pa—

1935 1452 2152 1518 ratique
2191 1463 2456 1508 suntcum
2488 1454 2557 1508 iis
2592 1470 2806 1510 manum
2844 1470 3152 1520 conserere,
3187 1457 3276 1527 qui
3306 1457 3507 1526 saepius

1936 1553 2032 1592 eos
2063 1554 2280 1609 quoque
2309 1551 2655 1608 prostrarunt
2688 1561 2701 1596 :
2740 1546 2824 1599 sic
2880 1553 2934 1599 ει
2955 1546 3056 1597 ista
3093 1545 3322 1599 minime
3373 1559 3503 1612 pru-

1940 1639 2112 1684 strata
2143 1633 2400 1698 satiatur,
2433 1634 2525 1687 sed
2585 1649 2772 1688 eorum
2835 1636 3212 1704 congressibus
3247 1638 3338 1707 qui
3385 1653 3504 1691 eam

1936 1724 2189 1776 continua
2241 1724 2621 1780 colluctatione
2675 1735 2956 1793 superant,
3010 1742 3229 1796 semper
3261 1727 3506 1780 oblecta-

1940 1824 2051 1872 tur.
2096 1813 2316 1868 Utinam
2379 1817 2598 1884 quidem
2649 1833 2748 1870 nos
2796 1811 3009 1886 q'uoque
3049 1819 3389 1874 consimilem
3452 1820 3504 1872 in

1941 1907 2162 1961 modum
2199 1909 2468 1962 adversus
2493 1910 2665 1978 ipsam
2685 1920 2937 1978 suscepta
3001 1911 3297 1964 certamina
3346 1912 3509 1979 perfi-

1936 2011 2206 2052 ceremus.
2241 1998 2374 2052 Nam
2401 2015 2463 2052 ea
2499 2001 2854 2054 contentione
2903 2009 3090 2054 contra
3162 2016 3260 2056 nos
3314 2003 3508 2069 utitur,

1938 2096 1996 2141 ut
2021 2103 2085 2142 ne
2107 2089 2392 2143 vivendum
2427 2091 2656 2160 quidem
2691 2099 2915 2156 statuat,
2943 2094 2986 2146 si
3026 2108 3128 2146 n0n
3165 2094 3330 2148 etiam
3368 2109 3508 2162 pren-

1935 2180 2229 2235 stantiores
2253 2181 2373 2235 aliis
2397 2185 2792 2251 mancipiorum
2821 2185 2872 2237 in
2908 2199 3115 2239 morem
3168 2185 3384 2238 trahere
3410 2199 3509 2254 pa-

1935 2272 2040 2326 lam
2070 2274 2258 2338 possit.
2296 2273 2448 2340 Quod
2477 2276 2519 2329 si
2551 2277 2674 2345 quis
2727 2277 2793 2329 ad
2831 2277 2948 2344 ejus
2978 2278 3219 2330 assultus
3267 2277 3350 2331 vel
3376 2293 3511 2347 pau-

1935 2360 2044 2415 lum
2071 2363 2320 2428 cesserit,
2351 2372 2444 2417 aut
2473 2365 2722 2419 nonnihil
2757 2361 3001 2419 adnuere
3025 2369 3173 2422 visus
3210 2369 3280 2420 sit
3323 2369 3512 2436 paciﬁ-

1935 2455 2165 2521 catioui;
2200 2457 2303 2510 hoc
2331 2456 2449 2524 ipso
2477 2457 2672 2525 pusillo
2699 2470 2940 2524 arrepto,
3000 2461 3182 2513 statim
3236 2475 3506 2514 summam

1936 2547 2014 2599 rei
2045 2549 2302 2610 somniat,
2330 2561 2385 2602 et
2413 2547 2654 2603 fraudem
2677 2548 2911 2617 aliquam
2944 2551 3237 2605 meditatur
3264 2553 3328 2606 ad
3357 2567 3512 2608 ever-

1937 2638 2144 2694 sionem
2181 2641 2518 2710 negligenter
2551 2656 2610 2695 se
2657 2642 3003 2710 gerentium;
3039 2643 3239 2712 quique
3269 2659 3390 2697 cum
3446 2660 3508 2699 ea

1936 2730 2076 2796 pacti
2104 2737 2230 2783 sunt
2265 2729 2536 2795 inducias,
2585 2746 2681 2786 eos
2711 2722 2857 2799 ips'os
2883 2732 2935 2785 in
2981 2741 3304 2800 potestatem
3366 2736 3510 2790 redi-

1937 2837 2067 2892 gere
2099 2823 2324 2890 c0gitat.
2361 2822 2471 2877 Nec
2514 2823 2694 2893 magni
2726 2831 2884 2892 putat
2933 2823 3136 2879 referre
3165 2840 3272 2894 quo
3312 2826 3365 2880 id
3417 2841 3512 2896 pp.-

1937 2921 2024 2966 cto
2057 2911 2168 2964 fiat.
2198 2911 2350 2968 Unde
2379 2913 2584 2968 nullum
2629 2929 2735 2967 non
2768 2916 3078 2979 rudentem,
3141 2915 3350 2970 nullum
3401 2932 3508 2970 non

1916 3003 2172 3073 ’lapidem
2208 3016 2386 3060 movet
2417 3006 2609 3073 :cujus
2639 3006 2857 3075 quidem
2882 3009 3104 3076 generis
3155 3008 3336 3062 omnia
3388 3023 3512 3076 pro-

1923 3097 2123 3158 verbia
2159 3109 2306 3152 recte
2331 3098 2474 3167 quis,
2521 3099 2735 3167 opinor,
2779 3101 2847 3154 de
2905 3100 3285 3155 molitionibus
3336 3101 3510 3170 ipsius

238 3190 561 3262 ἐργάζεται
591 3191 777 3260 κρύφα
807 3192 876 3244 τὰ
906 3193 1028 3244 καθ’
1056 3192 1238 3261 ἡμῶν,
1265 3192 1484 3246 ἐπειδὰν
1513 3192 1605 3264 ἐξῇ
1637 3197 1832 3260 ποιεῖν,

1939 3191 2245 3258 protulerit.
2275 3190 2506 3259 Superat
2529 3192 2674 3244 enim
2701 3191 2886 3260 procul
2945 3192 3110 3246 dubio
3140 3195 3399 3263 quidquid
3452 3195 3507 3248 in

239 3284 346 3339 καὶ
407 3283 567 3336 οὐδὲν
607 3283 990 3353 προσίσταται.
1030 3286 1127 3338 Ἂν
1191 3285 1247 3337 δὲ
1295 3285 1526 3357 φωραθῇ
1591 3288 1696 3356 πρὸ
1744 3289 1837 3341 τοῦ

239 3377 489 3446 πρᾶξαι,
515 3379 651 3447 πρὸς
684 3377 997 3431 τούναντίον
1022 3377 1227 3431 αὐτίκα
1250 3379 1532 3447 τρέπεται,
1571 3379 1663 3432 καὶ
1688 3379 1842 3434 ἀναί-

240 3470 347 3541 δην
427 3469 610 3522 πάντα
659 3471 829 3532 ποιεῖ,
883 3470 978 3522 καὶ
1038 3469 1390 3539 ἀναισχυντεῖ
1430 3470 1700 3538 φανερῶς,
1747 3470 1843 3524 καὶ

243 3559 704 3629 ἀναισχυντοῦσα
753 3561 1276 3633 παῤῥησιάξεται,ῆ
1313 3561 1369 3612 εί
1393 3578 1476 3624 τις
1522 3563 1614 3614 ἐπὶ
1647 3563 1842 3633 πράγ-

251 3668 398 3720 μασι
434 3649 639 3720 πολλὴν
669 3651 854 3720 ἔχουσι
891 3651 1230 3722 φιλοτιμίαν.
1260 3653 1372 3704 Καὶ
1398 3653 1586 3705 λοιπὸν
1615 3654 1838 3706 κινεῖτδ

249 3744 385 3813 δόρυ
414 3742 570 3811 παρὰ
596 3744 814 3796 πάντων
845 3745 1118 3812 ὁρωμένη,
1163 3742 1255 3794 καὶ
1286 3742 1472 3820 κοντὸν
1495 3745 1719 3812 ἀφίησιν
1743 3744 1838 3797 ἐπὶ

259 3835 458 3904 στόμα,
487 3835 580 3888 καὶ
599 3835 777 3895 λίθους
801 3836 920 3887 ταῖν
971 3837 1155 3905 χεροῖν
1186 3834 1552 3906 ἀμφοτέραιν,
1604 3835 1698 3888 καὶ
1738 3835 1840 3904 τὴν

269 3925 615 3994 Ἡρακλέους
663 3924 893 3977 ὲπισείει
923 3925 1180 3995 κορύνην.
1214 3925 1370 3978 Ἔστι
1395 3925 1440 3976 δ’
1469 3925 1604 3977 ὅπου
1630 3925 1840 3993 ταύτην

265 4017 358 4067 καὶ
379 4013 677 4082 καταφέρει
707 4012 948 4083 κεφαλῆς
993 4014 1343 4067 παντάπασιν
1379 4014 1715 4083 ἀφυλάκτου.
1750 4009 1844 4068 El-

268 4106 335 4158 τά
371 4120 471 4157 που
519 4105 733 4166 καὶτὰς
768 4105 923 4173 ἡνίας
941 4105 1154 4174 ὲφεῖσα,
1191 4105 1436 4175 θρασέως
1470 4105 1612 4173 ἄγαν
1635 4109 1840 4174 ἐπιπη-

273 4197 357 4270 δᾷ,
383 4199 479 4248 καὶ
509 4197 772 4270 πειρᾶται
799 4196 1002 4263 φθάσαι
1037 4195 1138 4266 τὴν
1168 4196 1512 4267 συμπλοκὴν,
1565 4199 1660 4250 καὶ
1695 4197 1839 4250 ἑλεῖν

276 4287 543 4341 αὖτοδοεί.
590 4287 746 4340 Οὕτω
790 4303 852 4354 γε
905 4287 1124 4356 τρόπων
1173 4287 1272 4340 οὐκ
1306 4290 1524 4356 ἀπορεῖ,
1559 4289 1698 4357 πρὸς
1749 4289 1840 4342 τὸν

282 4379 470 4432 σκοπὸν
500 4378 671 4445 αὐτῆς
697 4377 1101 4430 συντεινόντων.
1137 4378 1245 4430 Καὶ
1263 4377 1324 4431 τὸ
1358 4378 1420 4446 δὴ
1461 4378 1839 4450 φοϐερώτερον

283 4471 515 4529 πάντων,
557 4468 650 4518 καὶ
674 4467 900 4534 μονονοὺ
917 4468 1034 4528 ταῖς
1055 4466 1256 4534 ψυχαῖς
1284 4467 1596 4534 ἀπόγνωσιν
1644 4470 1841 4537 ὲμποι·

285 4560 370 4612 οὖν
391 4576 404 4590 υ
437 4559 580 4612 νῶτα
611 4560 720 4628 γὰρ
746 4556 917 4610 δοῦσά
949 4566 1104 4621 ποτε,
1132 4556 1433 4624 ἀπράκτων
1454 4559 1564 4610 τῶν
1587 4560 1843 4628 ἐγχειρη-

289 4651 460 4721 μάτων
489 4650 626 4716 αὐτῇ
654 4648 930 4717 φανέντων
959 4646 1086 4714 ἑξῆς
1114 4646 1372 4699 ἁπάντων
1401 4649 1420 4716 (
1445 4649 1610 4716 μόνου
1641 4650 1750 4714 γὰρ
1777 4650 1842 4702 ἂν

286 4741 366 4807 εἴη
395 4739 528 4792 Θεοῦ
556 4739 616 4791 τὸ
667 4737 951 4798 παντελῶς
998 4738 1270 4805 ἀήττητον
1306 4737 1348 4803 ),
1377 4737 1441 4790 οὐ
1486 4739 1842 4804 καταπίπτει,

284 4835 379 4884 οὑκ
412 4830 616 4896 ἀμελεῖ,
647 4830 748 4880 οὐκ
779 4826 1137 4896 ἀπαγορεύει,
1185 4825 1305 4880 οὐδὲ
1360 4827 1581 4896 μακρὰν
1615 4827 1847 4896 ἀφίστα-

287 4938 392 4982 ται,
419 4918 553 4970 ἀλλὰ
587 4919 926 4987 περινοστεῖ,
989 4918 1084 4969 καὶ
1120 4915 1485 4978 ἐπιϐουλεύει,
1528 4915 1647 4978 πῶς
1699 4916 1842 4982 οῖει;

290 5014 416 5080 πόση
439 5011 645 5078 σπουδῇ
672 5025 686 5071 ;
707 5008 767 5060 οὐ
796 5008 860 5077 δὴ
883 5008 1043 5077 λήγει
1077 5009 1356 5076 ράπτουσα
1373 5008 1578 5074 δόλους,
1606 5007 1726 5060 οὐδὲ
1750 5008 1848 5075 λή-

292 5104 364 5168 {et
387 5101 441 5168 γέ
473 5117 624 5163 ποτε,
647 5098 912 5168 οὖμενουν
934 5099 1043 5152 οὐδ’
1064 5099 1387 5154 ὁπωστιοῦν.
1410 5099 1545 5151 Οὐδὲ
1576 5099 1681 5169 γὰρ
1709 5102 1847 5153 ἁπο-

292 5189 553 5259 γινώσκει,
570 5191 672 5244 κᾶν
719 5193 747 5244 ὃ
779 5209 832 5244 τι
863 5191 1062 5245 πάθοιο
1086 5191 1194 5243 οὐδ’
1233 5192 1439 5261 ἰλιγγιᾷ
1489 5194 1606 5253 ταῖς
1642 5194 1847 5244 ἀποτυ-

293 5282 442 5354 χίαις,
470 5283 569 5335 κᾶν
592 5282 830 5353 ἀριθμοῦ
851 5284 1132 5354 κρείττους
1161 5283 1421 5350 γένοιντο.
1454 5283 1772 5353 Παρατηρεῖ
1791 5283 1846 5336 δὲ

297 5374 404 5436 τοὺς
421 5375 666 5442 καιροὺς,
682 5375 800 5437 καὶ,
815 5375 944 5427 ὅταν
969 5375 1206 5443 θύραθέν
1226 5393 1276 5428 τι
1297 5375 1468 5427 δεινὸν
1485 5375 1722 5440 ἐπέλθοι,
1753 5375 1845 5428 τόο

296 5479 350 5516 τε
365 5466 445 5516 καὶ
466 5465 560 5535 ἦδε
590 5469 844 5530 κινεῖται,
866 5467 1096 5535 ἕρμαιον
1123 5469 1302 5536 ἡγησα
1315 5467 1449 5536 μένη
1465 5465 1525 5518 τὸ
1543 5482 1721 5536 συμπε
1733 5466 1844 5518 σόν.

311 5556 440 5608 Ἐπεὶ
473 5559 565 5610 καὶ
599 5557 751 5626 μῦες,
781 5559 876 5612 καὶ
901 5559 1158 5627 αἴλουροι,
1192 5561 1286 5609 καὶ
1323 5558 1433 5609 πᾶν
1453 5557 1693 5610 τοιοῦτον
1719 5557 1773 5609 κ)
1788 5574 1843 5609 ε-

301 5648 587 5714 πιίστατον,
605 5649 758 5702 λύκοι
773 5665 831 5701 τε
857 5651 944 5702 καὶ
964 5652 1110 5704 ἅπαν
1129 5649 1492 5719 ἁρπακτικὸν,
1511 5651 1724 5718 ταραχῇ
1750 5649 1846 5730 καὶ.
1891 5645 1894 5648 ’

304 5741 413 5813 ζάλῃ
437 5741 636 5812 χαίρει,
653 5741 747 5794 καὶ
767 5741 1044 5811 ραγδαίοις
1063 5743 1253 5804 ὑετοῖς,
1284 5741 1377 5794 καὶ
1401 5741 1731 5808 ἀστραπαῖς,
1755 5740 1848 5792 καὶ

306 5831 527 5902 βρονταῖς
559 5830 836 5900 ἐξαισίοις,
869 5834 966 5886 καὶ
993 5835 1090 5887 ὅσα
1125 5832 1426 5902 τρικυμίαν
1453 5832 1648 5900 ψυχαῖς
1689 5832 1847 5900 ἐντή-

1952 3292 2186 3336 mentem
2218 3281 2379 3336 alicui
2413 3282 2598 3336 venire
2624 3296 2943 3351 perversum
2990 3283 3162 3350 possit
3193 3291 3246 3336 et
3274 3285 3341 3338 ad
3401 3299 3514 3338 ma-

1946 3373 2119 3427 litiam
2145 3372 2502 3442 ingeniosum.
2547 3372 2676 3428 Sine
2701 3373 3124 3429 denuntiatione
3156 3375 3355 3452 bellum
3413 3393 3513 3431 no-

1947 3465 2031 3519 bis
2059 3463 2242 3528 infert,
2281 3464 2574 3518 vulnerare
2607 3463 2760 3532 prius
2800 3465 2990 3519 volens
3015 3479 3176 3533 quam
3205 3467 3512 3536 conspicia-

1945 3564 2056 3610 tur.
2082 3555 2327 3609 Praelium
2361 3567 2685 3610 nocturnum
2737 3564 2908 3622 amat,
2941 3566 2999 3609 ut
3043 3559 3252 3625 sopitos
3317 3573 3511 3628 aggre-

1947 3648 2148 3711 diatur,
2183 3657 2239 3700 ut
2269 3646 2511 3712 hostem,
2545 3648 2696 3716 prius
2733 3665 2894 3717 quam
2927 3649 3135 3718 gladius
3163 3654 3392 3706 nudatus
3421 3652 3510 3716 sit,

1945 3747 2274 3794 antevertat.
2338 3739 2458 3804 Quo
2479 3740 2620 3794 enim
2658 3739 2747 3792 illa
2779 3751 2939 3808 pacto
2958 3742 3291 3810 ignoraverit
3317 3743 3508 3811 quanti

1944 3831 2206 3888 aestimari
2235 3832 2430 3884 debeat
2473 3830 2792 3897 anticipatio
2853 3842 3076 3898 repente
3132 3832 3314 3887 facta?
3371 3833 3508 3887 Nam

1945 3921 2064 3988 ejus
2097 3919 2412 3974 admiranda
2437 3918 2517 3972 vis
2549 3929 2631 3973 est
2659 3919 2713 3972 in
2769 3921 3130 3988 percellendis
3195 3925 3358 3976 etiam
3403 3925 3513 3978 for-

1943 4012 2281 4067 tissimorum
2311 4009 2529 4064 animis.
2566 4007 2805 4064 Tametsi
2836 4011 2952 4066 leve
2983 4013 3242 4082 quiddam
3273 4016 3507 4078 accidat,

1944 4103 2064 4173 plus
2095 4112 2272 4155 tatren
2301 4100 2524 4155 habebit
2550 4101 2748 4155 virium
2785 4106 2851 4155 ad
2879 4103 2995 4157 illos
3047 4119 3261 4174 quoque
3302 4115 3514 4162 terren-

1944 4194 2041 4247 dos
2071 4193 2159 4260 qui
2188 4206 2296 4245 non
2324 4191 2483 4244 facile
2522 4191 2714 4244 terreri
2747 4191 2952 4252 s‘olcnt,
2979 4179 3140 4262 quam
3178 4196 3322 4264 quod
3375 4213 3511 4264 prae-

1942 4283 2117 4337 visum
2143 4291 2248 4346 est,
2275 4283 2528 4336 recordes
2563 4282 2764 4338 turbet.
2795 4281 2927 4334 Nam
2987 4270 3209 4351 parvum
3257 4285 3511 4354 quiddam

1945 4384 2143 4442 praater
2191 4373 2655 4442 exspectationem
2735 4373 3132 4428 formidabilius
3173 4386 3260 4430 est
3317 4393 3514 4446 magno

1945 4468 2088 4532 quod
2114 4472 2490 4532 exapeclatur.
2525 4463 2806 4519 Tenebras
2832 4475 2998 4529 amat,
3057 4466 3388 4536 illunemque
3415 4486 3515 4521 uo-

1945 4566 2112 4609 ctem.
2149 4556 2394 4624 Caligine
2427 4570 2608 4610 crassa
2643 4556 2967 4617 delectatur,
3035 4573 3154 4626 quae
3214 4561 3391 4612 oculis
3433 4560 3514 4613 in-

1944 4647 2244 4715 spectabile
2272 4645 2446 4699 reddit
2498 4648 2641 4714 quod
2709 4647 3042 4714 aspectabile
3094 4655 3201 4700 est.
3245 4647 3512 4715 Equidem

1945 4738 2089 4792 illam
2122 4736 2380 4792 delectari
2397 4737 2782 4806 congressibus
2803 4737 3040 4791 siderum
3077 4737 3510 4791 clarissimorum

1946 4826 2210 4890 arbitror,
2243 4837 2302 4880 ut
2329 4827 2433 4881 hoc
2477 4828 2638 4880 modo
2671 4843 2905 4896 corpore
2959 4828 3102 4880 luna:
3131 4827 3274 4880 inter
3327 4827 3514 4881 oculos

1945 4925 1998 4970 et
2023 4917 2192 4970 solem
2220 4926 2394 4971 semet
2431 4915 2819 4984 interjiciente,
2855 4916 2991 4968 radii
3029 4918 3136 4967 vim
3171 4929 3324 4967 suam
3381 4929 3509 4985 erga

1947 5023 2044 5061 nos
2076 5023 2332 5062 exercere
2354 5017 2652 5074 nequeant.
2686 5007 2765 5059 Ad
2792 5020 3084 5064 summam.
3141 5005 3368 5058 charum
3430 5018 3515 5060 est

1947 5100 2206 5166 voluptati
2250 5097 2508 5167 quidquid
2545 5098 2596 5150 in
2633 5111 2798 5149 causa
2828 5108 2913 5150 est
2946 5105 3005 5148 ut
3066 5096 3206 5148 clam
3247 5111 3345 5150 nos
3399 5097 3516 5150 alli-

1949 5203 2074 5243 cere
2103 5189 2426 5242 detrimento
2451 5189 2643 5257 possit.
2667 5188 2972 5241 Admodqu
2999 5189 3142 5241 enim
3169 5190 3216 5243 ei
3249 5190 3518 5246 familiare

1947 5291 2052 5346 est,
2087 5282 2352 5352 quasique
2383 5297 2502 5335 cum
2531 5283 2618 5336 illa
2656 5283 2756 5335 hoc
2791 5282 3047 5346 adolevit,
3081 5294 3138 5336 ιιι
3169 5286 3306 5338 clam
3341 5286 3506 5339 telum

1948 5375 2162 5428 emittat
2191 5390 2253 5428 ac
2301 5374 2562 5442 quidquid
2630 5375 2998 5428 sauciaturum
3049 5375 3145 5437 sit,
3191 5377 3240 5430 id
3295 5378 3512 5445 quidem

1914 5483 1921 5491 '
1950 5471 2185 5533 emittat,
2219 5485 2327 5538 quo
2360 5468 2516 5522 letale
2541 5483 2598 5523 se
2629 5468 2825 5521 vulnus
2852 5466 3100 5530 infligere
3128 5481 3285 5534 posse
3310 5476 3511 5534 speret.

1949 5561 2096 5616 Clam
2148 5562 2382 5628 denique
2441 5569 2627 5614 ccutra
2690 5575 2787 5612 nos
2841 5558 3249 5629 ontuiuofacit
3307 5559 3511 5616 omnia,

1949 5668 2070 5705 cum
2102 5652 2284 5704 facere
2318 5659 2516 5718 potest,
2551 5666 2650 5704 nec
2680 5647 2897 5717 aliquod
2932 5649 3510 5716 im‘pedimentmu,est.

1947 5739 2014 5791 Αι
2061 5739 2113 5790 iu
2181 5739 2419 5792 facinore
2448 5739 2490 5792 si
2557 5737 2997 5807 deprehendatur
3049 5745 3338 5802 antequam
3393 5748 3506 5786 rem

1951 5829 2236 5898 peregerit,
2266 5844 2385 5882 mox
2420 5829 2472 5883 in
2505 5829 2840 5884 contrarium
2874 5842 2996 5883 sese
3025 5825 3207 5891 vertit,
3230 5833 3282 5878 et
3334 5822 3514 5893 palam

1873 4526 1917 4580 υ
