3978 6570
555 446 665 510 455

1758 450 1917 511 MAN
1932 453 2157 513 UELIS
2194 453 2642 514 PALIEOLOGI

3753 467 3839 530 456

556 559 902 628 impudenter
927 575 989 614 ac
1021 560 1270 632 improbe
1324 563 1450 618 facit
1483 566 1687 628 omnia,
1742 583 1848 636 qua
1906 566 2121 636 quidem

2231 587 2340 633 κει,
2387 573 2460 634 ὡς
2511 569 2812 639 τηνικαῦτα
2857 572 3053 640 ρᾳδὶως
3111 570 3430 642 δυνάμενα
3495 585 3838 648 κακουργεῖν,

555 651 890 720 impudentia
933 653 1190 719 majorem
1220 655 1319 708 sibi
1351 656 1630 710 licentiam
1686 657 2122 725 libertatemque,

554 743 746 801 sumit,
788 758 948 810 quam
979 744 1121 798 alius
1149 745 1200 798 in
1227 747 1390 801 rebus
1422 748 1827 803 honestissimis
1885 747 2121 813 faceret;

551 844 717 900 atque
743 833 812 884 ita
876 835 1074 890 deinde
1133 837 1184 889 iu
1248 839 1494 892 onmium
1553 850 1854 908 conspectu
1912 841 2122 894 hastam

551 921 751 989 quatit,
777 922 902 975 etin
934 938 998 977 os
1015 923 1258 990 jaculum
1289 926 1497 996 dirigit,
1529 929 1899 997 ambabusque
1940 928 2120 980 mani;

552 1012 653 1066 bus
687 1027 815 1067 saxa
854 1017 1090 1084 projicit,
1121 1031 1175 1071 et
1203 1018 1413 1072 clavam
1450 1019 1698 1074 Herculis
1724 1021 1923 1082 vibrat,
1987 1035 2124 1072 non-

551 1117 828 1170 nunquam
859 1104 997 1159 hanc
1039 1107 1205 1159 etiam
1261 1108 1314 1161 in
1345 1118 1508 1176 caput
1537 1110 1765 1162 omnino
1833 1125 1939 1164 non
2001 1125 2126 1161 mu-

550 1195 724 1248 nitum
765 1197 1024 1251 demittit.
1083 1196 1399 1252 Secundum
1456 1199 1571 1253 llaec
1627 1199 1826 1252 laxatis
1875 1197 2122 1263 habenis,

549 1286 810 1340 audacter
832 1287 1122 1342 admodum
1143 1289 1338 1354 insilit,
1365 1299 1422 1344 et
1483 1299 1836 1343 antevenere
1867 1304 2124 1356 congres-

547 1391 666 1428 sum
687 1377 896 1442 nititur,
922 1380 1246 1450 hostemque
1263 1381 1438 1448 primo
1457 1380 1662 1448 impetu
1686 1394 1906 1443 capere.
1929 1377 2124 1449 Usque

546 1467 684 1520 adeo
713 1482 820 1521 non
850 1469 1044 1523 desunt
1075 1472 1124 1524 ei
1178 1470 1444 1535 rationes,
1511 1472 1579 1525 ad
1633 1473 1961 1526 destinatum
2017 1472 2122 1542 ipsi

549 1557 714 1612 finem
751 1548 1093 1630 scopumque
1116 1563 1474 1630 pertinentes.
1531 1561 1683 1629 Quod
1734 1565 1972 1632 denique
2012 1578 2124 1634 prae

545 1652 762 1703 ueteris
791 1652 1193 1705 formidabilius
1218 1663 1328 1716 est,
1358 1653 1684 1722 animosque
1713 1655 1874 1708 modo
1921 1669 2024 1708 non
2056 1657 2124 1709 ad

547 1739 988 1808 desperationem
1036 1743 1228 1811 adigit,
1268 1743 1541 1796 interdum
1577 1745 1707 1799 licet
1752 1756 1902 1812 terga
1961 1746 2122 1800 dede-

551 1831 647 1894 rit,
678 1845 983 1899 omnesque
1017 1843 1252 1888 conatus
1281 1835 1400 1902 ejus
1429 1833 1571 1888 irriti
1595 1835 1762 1890 fuisse
1789 1838 1885 1890 visi
1916 1836 2122 1891 fuerint

548 1922 771 1992 (quippe
802 1924 974 1978 solius
1009 1925 1103 1978 Dei
1141 1925 1324 1992 fuerit,
1381 1942 1607 1996 prorsus
1659 1927 1923 1980 invictum
1979 1930 2121 1999 esse)

545 2029 654 2068 non
689 2025 868 2069 tamen
901 2018 1134 2082 corruit,
1170 2032 1275 2071 non
1299 2033 1483 2072 curam
1507 2018 1720 2086 abjicit,
1751 2035 1856 2073 non
1883 2019 2122 2074 animum

545 2103 865 2171 despondet,
894 2121 1004 2161 non
1035 2107 1223 2176 procul
1245 2109 1511 2172 abscedit,
1541 2110 1637 2164 sed
1687 2110 2004 2164 obambulat
2065 2120 2123 2166 et

531 2195 882 2261 insidiatur;
918 2213 1028 2266 quo
1058 2209 1218 2266 putas
1247 2199 1445 2268 pacto?
1473 2214 1580 2268 quo
1636 2202 1860 2254 studio?
1902 2203 2123 2260 fraudes

549 2295 768 2341 nectere
799 2287 1292 2354 non'désinitﬁnec
1347 2304 1582 2357 unquam
1612 2304 1710 2344 nec
1743 2291 1848 2344 ulla
1903 2294 2124 2349 ratione

546 2377 783 2434 desinet.
816 2379 935 2433 Non
966 2382 1111 2434 enim
1145 2379 1424 2449 desperat,
1479 2380 1742 2450 quidquid
1793 2383 1844 2435 ei
1907 2383 2122 2437 tandem

549 2468 783 2523 accidat.
811 2469 924 2524 Nec
961 2472 1032 2524 ob
1063 2471 1311 2539 repulsas
1333 2479 1388 2524 et
1420 2471 1535 2539 spei
1567 2471 1959 2526 frustrationes
2010 2475 2120 2528 hm-

549 2568 654 2620 ret,
676 2562 894 2616 tametsi
929 2562 1151 2617 veniant
1173 2562 1808 2632 propeinnumerabiles.
1844 2562 2114 2618 Momenta

548 2659 855 2719 temporum
909 2654 1190 2717 observat,
1269 2659 1326 2706 et
1355 2667 1480 2706 cum
1546 2653 1886 2708 extrinsecus
1941 2655 2121 2708 dirum

550 2743 756 2811 aliquid
782 2744 1104 2808 accesserit,
1159 2753 1288 2798 tunc
1339 2752 1394 2797 et
1447 2743 1564 2811 Ipsa
1621 2757 1742 2799 sese
1789 2755 2120 2810 commovet,

547 2848 783 2902 eumque
815 2848 1000 2888 casum
1037 2849 1136 2902 pro
1167 2834 1448 2904 insperato
1473 2835 1625 2890 lucro
1676 2835 1846 2891 ducit.
1881 2835 2017 2891 Nam
2061 2847 2120 2891 et

553 2941 757 2990 mures,
789 2937 842 2980 et
873 2927 1028 2991 feles,
1059 2936 1113 2981 et
1156 2927 1417 2996 quidquid
1442 2928 1561 2998 ejus
1584 2937 1667 2982 est
1715 2929 1932 2998 generis
1973 2929 2123 2982 fura-

548 3017 854 3080 cissimum,
886 3017 1126 3085 itemque
1151 3019 1264 3086 lupi
1295 3027 1348 3072 et
1374 3019 1604 3086 quodvis
1670 3035 1838 3088 rapax
1896 3019 2121 3086 animal,

551 3106 964 3174 perturbatione
1003 3115 1436 3178 tempestateque
1465 3109 1722 3177 gaudent,
1752 3121 1807 3165 et
1837 3110 2127 3165 vehemen-

550 3197 697 3252 tibus
726 3196 945 3266 pluviis,
970 3205 1022 3250 et
1072 3197 1374 3266 fulgoribus
1401 3207 1562 3267 atque
1599 3200 1859 3256 tonitruis
1926 3201 2124 3255 imma-

551 3290 733 3351 nibus,
766 3297 822 3342 et
842 3287 988 3353 aliis,
1043 3288 1246 3358 quibus
1301 3290 1466 3344 animi
1521 3290 1808 3358 ﬂuctuant,
1866 3293 2013 3361 quod
2067 3293 2123 3347 id

551 3382 812 3450 temporis
836 3396 1094 3437 exercere
1127 3381 1392 3436 maleficia
1421 3398 1518 3436 sua
1551 3382 1764 3438 facilius
1792 3384 1986 3453 possit,
2047 3385 2115 3437 ad

549 3471 656 3524 alia
698 3471 1118 3540 respicientibus
1147 3471 1257 3525 illis
1293 3473 1386 3542 qui
1423 3473 1738 3542 ceteroquin
1776 3474 1844 3528 ab
1869 3475 1948 3528 eis
2008 3473 2112 3528 sibi

548 3573 760 3618 cavent.
792 3563 1138 3619 Truculentia
1186 3567 1428 3633 quadam
1479 3566 1532 3619 in
1560 3568 1704 3620 ursis
1757 3573 1846 3622 est
1895 3565 2124 3634 aliisque

550 3655 770 3720 talibus,
806 3664 863 3709 at
892 3657 1018 3725 quid
1042 3657 1108 3710 de
1130 3655 1232 3711 ista
1284 3655 1594 3710 detestabili
1623 3656 1907 3711 dicemus?
1966 3657 2124 3712 Acris

545 3755 630 3798 est
665 3746 719 3798 in
755 3745 1009 3813 tigribus,
1039 3754 1094 3798 et
1124 3747 1166 3798 si
1199 3745 1324 3812 quid
1355 3745 1437 3798 bis
1475 3759 1595 3813 par,
1624 3744 1945 3810 iracundia;
1977 3753 2031 3797 at
2067 3745 2120 3798 in

549 3836 650 3890 bac
683 3851 930 3903 quantam
950 3847 1034 3889 est
1067 3838 1426 3890 mansuetudo
1457 3836 1479 3887 ί
1506 3834 1702 3890 Βθειία·
1725 3838 1969 3904 quaedam
1995 3837 2127 3890 sub-

545 3927 683 3980 don
709 3936 860 3994 sunt,
894 3927 964 3982 de
987 3929 1272 3984 vilioribus
1292 3929 1410 3983 istis
1437 3928 1651 3997 loquor,
1677 3937 1733 3982 ut
1753 3929 1938 3998 vulpes
1965 3939 2115 3990 sunt,

546 4029 604 4071 nt
635 4020 825 4086 simiae,
852 4015 1061 4074 utialiae
1095 4019 1250 4074 tales.
1270 4020 1427 4086 Quod
1450 4019 1694 4075 fallacias
1719 4020 1936 4084 attinet,
1962 4019 2117 4086 longe

543 4110 763 4178 quidem
799 4111 898 4165 bas
921 4112 1171 4180 voluptas
1227 4121 1474 4178 superat.
1518 4110 1980 4167 Cbammleontem
2030 4111 2116 4163 in-

545 4201 683 4263 duit,
711 4202 852 4256 alius
885 4201 1108 4270 quidam
1145 4201 1377 4255 Proteus
1423 4210 1526 4256 est.
1579 4200 1852 4269 Quidquid
1898 4215 2119 4267 perver-

2227 664 2322 717 ἆτε
2353 663 2415 733 δὴ
2444 662 2753 732 βλεπόντων
2779 665 2858 724 είς
2885 664 3050 733 ἔτερα
3077 666 3200 719 τῶν
3235 666 3312 718 τὰ
3335 666 3532 718 αὐτῶν
3559 670 3834 736 φυλαττόν-

2227 774 2357 810 των.
2413 756 2697 825 ’ἰταμότης
2726 759 2782 808 ὲν
2807 761 2928 820 ταῖς
2970 760 3207 828 ἄρκτοις
3243 761 3352 813 καὶ
3410 764 3531 824 τοῖς
3566 764 3838 829 τοιούτοις,

2225 849 2291 900 Τί
2320 849 2375 900 δὲ
2402 850 2434 918 ἡ
2467 848 2890 918 ἁποφρὰςῖαῦτη
2923 867 2937 915 ;
2980 851 3305 920 ὐξυθυμία
3337 852 3508 921 παρά
3531 856 3647 915 τοῖς
3679 855 3838 922 τίγρι-

2227 941 2420 1002 sumi
2468 938 2521 990 εί
2556 938 2845 1002 τιτούτοις
2876 940 3210 1012 ἐφάμιλλον.
3263 941 3368 994 Ἐν
3423 943 3613 1013 ταύτῃ
3664 945 3718 996 δὲ
3765 947 3835 1007 τίς

2227 1031 2473 1100 πραότης
2497 1048 2512 1094 ;
2540 1030 2792 1083 ’Ῡπουλά
2808 1048 2926 1084 τινα
2944 1032 3109 1102 θηρία
3131 1049 3150 1064 ο
3171 1032 3362 1086 ταυτὶ
3393 1033 3456 1086 δὲ
3489 1033 3638 1101 λέγω
3673 1036 3738 1087 τὰ
3755 1039 3834 1088 εὖ-

2225 1120 2540 1188 τελέστερα,
2580 1121 2778 1188 κερδὼ,
2811 1124 2908 1176 καὶ
2959 1124 3226 1190 πίθηκοι,
3297 1130 3406 1177 καὶ
3470 1127 3544 1178 τὰ
3600 1127 3831 1184 τοιαῦτα.

2228 1213 2414 1283 Πολλῷ
2444 1231 2510 1282 γε
2530 1214 2705 1267 ταῦτα
2730 1215 3160 1285 ὕπερηκόντισεν
3194 1219 3233 1286 ἡ
3268 1217 3453 1287 ἡδονὴ
3480 1219 3692 1288 πρὲςτὺ
3715 1219 3831 1287 item

2226 1307 2340 1360 λον.
2365 1307 2694 1377 Χαμαιλέων
2715 1307 2948 1375 γίνεται.
2982 1309 3261 1379 Πρωτεὺς
3305 1310 3504 1372 ἄλλος.
3541 1312 3704 1381 Ζηλοί
3733 1315 3828 1366 πᾶν

2224 1401 2287 1454 τὸ
2337 1399 2612 1468 κακόηθες
2653 1402 2750 1454 καὶ
2815 1401 3183 1469 μεταϐάλλειν
3238 1403 3470 1457 αὐτίκα
3519 1403 3823 1475 δυνάμενον.

2225 1491 2520 1560 Καταγελᾷ
2540 1493 2676 1561 πρὸς
2702 1494 2761 1545 τὺ
2786 1494 3002 1564 ἀπατᾷν
3025 1494 3134 1547 τῶν
3155 1496 3532 1565 σοφωτέρων
3555 1499 3636 1558 είς
3663 1497 3822 1559 τοῦτο,

2225 1584 2451 1637 ἐναλίων
2469 1581 2518 1634 θ’
2535 1585 2674 1653 ἃμα,
2691 1587 2784 1636 καί
2797 1584 3015 1655 πτηνῶν
3030 1585 3127 1638 καὶ
3147 1586 3543 1656 τετραπόδων
3567 1587 3818 1641 ἁπάντων.

2224 1675 2292 1731 Εἰ
2307 1695 2359 1730 τι
2377 1677 2486 1729 τῶν
2507 1677 2644 1739 ὅλως
2667 1675 3006 1744 αἰσθητικῶν
3025 1678 3121 1731 ἐπὶ
3142 1678 3256 1748 τὴν
3279 1677 3527 1747 ῦφήλιον
3547 1678 3814 1744 ἑξύμνηται

2221 1769 2307 1828 είς
2338 1765 2605 1836 πονηρίαν
2628 1766 2723 1819 καὶ
2745 1755 3299 1838 κακοήθειαν,λῆρος
3335 1769 3537 1839 ἐκείνῃ
3567 1769 3806 1835 νομίζεται

2223 1860 2304 1922 είς
2323 1858 2526 1928 ἑαυτὴν
2556 1858 2965 1931 άποὸλεπούσῃ.
2994 1859 3177 1912 Μόνον
3199 1861 3324 1928 γὰρ
3343 1860 3521 1914 τοῦτο
3545 1861 3804 1928 θαυμάζει.

2223 1954 2252 2006 ὃ
2275 1953 2340 2022 δὴ
2367 1954 2589 2024 λογικὴν
2613 1953 2798 2025 ψυχὴν
2813 1953 3095 2021 ἀπατῆσαι
3124 1955 3378 2008 δύναται
3414 1955 3522 2022 τὴν
3554 1952 3801 2022 ταχίστην.

2223 2048 2326 2100 Τὸν
2353 2047 2479 2114 ὅφιν
2512 2045 2641 2110 ἴσως
2671 2046 2984 2116 αἰσχύνεται
3011 2048 3086 2111 ὡς
3120 2047 3303 2100 πάλαι
3336 2046 3512 2099 τοῦτο
3545 2045 3794 2115 δεδυνημέ-

2222 2157 2333 2193 νον.
2372 2139 2514 2211 Πλὴν
2546 2139 2637 2191 καὶ
2665 2136 2858 2191 τούτοὺ
2889 2156 2980 2207 μοι
3013 2139 3166 2192 δοκεί
3199 2139 3560 2208 ίσχυροτέρα
3592 2140 3623 2208 ᾑ
3651 2137 3789 2207 sam.

2221 2233 2381 2284 Δυοίν
2409 2231 2519 2300 γὰρ
2541 2231 2737 2293 ὄντοιν,
2770 2230 2838 2284 δι’
2867 2228 2901 2284 ἃ
2937 2231 3315 2284 πεπτώκασιν
3342 2228 3398 2285 ὀί
3444 2232 3786 2298 προπάτορες.

2221 2325 2313 2378 τὸν
2347 2324 2472 2392 ὅφιν
2494 2323 2661 2392 λέγω,
2694 2323 2791 2377 καὶ
2821 2323 2914 2375 τὸν
2946 2323 3184 2393 καρπὸν,
3221 2322 3466 2392 πρῶτόν
3497 2339 3558 2375 τε
3599 2319 3750 2375 αῐτιον
3776 2323 3796 2371 6

2223 2419 2441 2488 καρπὸς
2467 2417 2564 2470 καὶ
2598 2417 2806 2485 μεῖζον,
2826 2416 2902 2481 ὦς
2930 2417 2994 2485 γέ
3019 2435 3111 2484 μοι
3136 2417 3436 2483 φαίνεται.
3473 2414 3582 2469 Τοῦ
3614 2411 3791 2481 καρποῦ

2221 2511 2332 2581 γὰρ
2351 2509 2430 2580 μὴ
2455 2509 2746 2579 παρόντος,
2776 2510 2912 2580 μηδὲ
2941 2511 3036 2571 τὰς
3071 2509 3232 2576 ὄψεις
3265 2509 3653 2576 ἑφελκομένου
3683 2508 3794 2573 πρὸς

2221 2606 2322 2675 τὴν
2356 2602 2552 2686 ἑαυτοῦ
2584 2602 2714 2656 θέαν
2748 2604 2843 2656 καὶ
2897 2603 3261 2672 κατανόησιν,
3301 2604 3360 2656 τί
3394 2602 3522 2654 ποτ’
3553 2603 3617 2654 ἂν
3670 2595 3791 2666 εἶχεν

2220 2696 2250 2749 ό
2269 2695 2394 2764 ὄφις
2427 2693 2598 2764 δρᾷνς
2625 2692 2677 2746 τί
2700 2691 2794 2744 καὶ
2813 2694 3102 2760 παραινεῖν
3133 2707 3147 2755 ;
3174 2691 3233 2744 τί
3265 2694 3368 2746 καὶ
3390 2688 3787 2759 συμεουλεύεινς

2223 2787 2430 2842 Τούτου
2456 2787 2514 2840 δὲ
2541 2785 2895 2848 ἀποστάντος,
2953 2784 3200 2852 εὐχερῶς
3253 2783 3328 2838 ἂν
3364 2781 3517 2852 εἶχον
3547 2779 3786 2843 κλαπῆναι

2221 2882 2289 2950 τῇ
2317 2878 2614 2948 ὡραιότητι
2637 2876 2730 2928 τοῦ
2761 2873 2976 2945 καρποῦ
2997 2876 3048 2928 οἰ
3076 2875 3155 2944 τῷ
3177 2873 3372 2945 θηρίῳ
3401 2871 3787 2927 πιστεύσαντες»

2226 2969 2403 3039 σαθρά
2435 2985 2560 3024 τινα
2586 2967 2996 3034 παραινέσαντι.
3047 2964 3188 3019 Οὔτε
3225 2967 3348 3036 γὰρ
3400 2965 3616 3033 φθονεῖν
3660 2959 3786 3017 εἰκὸς

2222 3057 2292 3132 ἦν
2329 3060 2420 3113 τὸν
2449 3057 2788 3127 πεποιηκότα
2816 3055 2892 3124 τῷ
2919 3055 3224 3122 πλάσματι,
3275 3056 3378 3109 καὶ
3410 3055 3472 3107 τὸ
3495 3052 3624 3105 Θεὸν
3657 3047 3784 3116 γενέο

2229 3153 2355 3208 σθαι
2386 3151 2477 3204 τὸν
2505 3152 2568 3204 ὲκ
2597 3147 2772 3218 πηλοῦ
2800 3146 3016 3218 καρποῦ
3039 3163 3186 3211 τινος
3228 3143 3568 3216 μεταλήψει.
3605 3142 3781 3193 Παντι-

2148 3229 2195 3292 C
2225 3245 2334 3306 λῶς
2356 3243 2643 3297 ἀπίθανον.
2689 3240 2902 3311 Ὤραῖος
2931 3239 2988 3291 δὲ
3019 3233 3086 3308 ἦν
3117 3239 3371 3308 καρπὸς,
3401 3236 3501 3289 καὶ
3529 3229 3785 3301 γοητεύειν

2230 3335 2378 3406 μάλα
2405 3332 2725 3402 δυνάμενος,
2760 3329 2854 3382 καὶ
2908 3327 3153 3398 χρηστὰς
3202 3324 3567 3394 ἐπαγγελίας
3597 3313 3788 3417 Δπροτείὶ

2227 3445 2332 3482 νων
2357 3427 2472 3488 τοῖς
2503 3422 2669 3477 αὑτοῦ
2707 3419 3192 3490 μεταληψόμενοις.
3283 3417 3376 3479 Ὠς
3410 3421 3518 3508 γὰρ
3561 3406 3786 3508 εὐφρανεῖ

2226 3523 2305 3592 τῷ
2340 3521 2571 3588 στόματι
2612 3514 3081 3584 προσφερόμενος,
3144 3511 3241 3564 καὶ
3288 3511 3434 3569 ὅλως
3493 3507 3642 3558 ἔσται
3694 3507 3785 3574 τιν-ι

2223 3614 2444 3685 ὡραίων
2482 3612 2700 3665 πάντων
2733 3611 2916 3680 ἡδίων.
2947 3609 3057 3662 Καὶ¹
3083 3605 3237 3659 οὐδὲν
3313 3606 3583 3670 ὑπέσχετο
3638 3595 3780 3695 ξένογο

2221 3706 2346 3760 οὐδὲ
2374 3705 2579 3766 καινὸν,
2614 3702 2723 3754 οὐδ’
2756 3701 3039 3761 ἀπίθανον,
3071 3697 3186 3750 ἀλλ’
3221 3698 3442 3750 οἰκεῖον
3469 3693 3626 3760 ἔργον
3655 3693 3779 3737 τελε·

2226 3816 2365 3866 σειν,
2401 3799 2494 3851 καὶ
2520 3793 2768 3866 εὐχερὲς,
2796 3793 2889 3846 καὶ
2915 3793 3267 3860 γιγνόμενον.
3311 3789 3390 3844 Τὸ
3414 3789 3524 3856 γὰρ
3547 3783 3606 3850 δὴ
3637 3774 3776 3830 καλὸν

2226 3896 2306 3957 εἰς
2331 3893 2453 3960 ὄψιν
2491 3885 2570 3944 ὀὐ
2605 3886 2947 3959 θαυμαστὸν,
2977 3888 3026 3937 εί
3057 3882 3407 3970 ὑποληφθείη
3468 3867 3774 3946 φανήσεσθαι

2229 3989 2442 4059 βέλτιον
2473 3985 2581 4037 τῶν
2596 3983 2772 4036 ἄλλων
2797 3981 2876 4043 είς
2905 3981 3111 4047 γεῦσιν.
3141 3969 3312 4032 Ὥστε
3336 3970 3474 4044 πρὸξ
3499 3969 3556 4022 τὸ
3586 3975 3772 4059 πεπτω.-

2225 4048 2382 4132 αέναι
2407 4081 2534 4140 τοὺς
2563 4075 2622 4140 ἐξ
2655 4075 2826 4143 ἀρχῆς
2857 4072 2958 4125 οὐκ
3013 4069 3170 4137 ὀλίγα
3223 4065 3556 4119 συνεϐάλετο
3607 4055 3689 4108 καὶ
3743 4048 3768 4113 ἡ

2223 4171 2333 4226 ἀπὸ
2358 4169 2451 4222 τοῦ
2491 4164 2702 4236 καρποῦ
2739 4163 3056 4217 ἑλπισθείσα
3110 4161 3297 4231 ἡδονή.

543 4279 664 4350 sum
688 4303 794 4355 est,
833 4266 1120 4361 subitoque
1158 4291 1384 4345 formam
1432 4292 1592 4344 aliam
1630 4266 1912 4347 asciscere,
1934 4299 2129 4360 potest,
2193 4287 2499 4341 aemulatur.
2525 4277 2798 4346 ριιίάιιιιὶά
2832 4277 2883 4329 ίη
2915 4275 3149 4329 “nemo
3212 4275 3433 4328 "llum
3497 4275 3582 4322 θδι
3641 4266 3763 4361 ξ”ίῗίί

545 4383 801 4436 animalia
829 4357 1336 4451 marina—pariteret
1366 4380 1632 4445 volucria,
1665 4357 2123 4448 quadrupedaque
2155 4377 2426 4433 universa.
2470 4369 2682 4425 irridet.
2724 4364 3000 4434 Quidquid
3038 4363 3260 4417 omnino
3295 4375 3494 4419 sensus
3525 4357 3761 4451 pat'tit‘elNl

547 4479 601 4530 in
626 4478 758 4531 orbe
779 4476 876 4530 soli
905 4450 1146 4540 subjecto
1175 4475 1456 4544 pravitatis
1507 4483 1564 4528 et
1613 4472 1855 4528 mollitiae
1903 4473 2119 4526 nomine
2157 4468 2500 4523 nobilitatum
2528 4472 2629 4528 est,
2666 4461 2734 4515 ab
2765 4461 2879 4530 ipsa
2906 4463 3145 4528 seipsam
3184 4460 3510 4524 respiciente
3572 4460 3661 4516 ιιΓο
3713 4450 3759 4544 τε

547 4567 704 4622 nauci
736 4567 972 4621 ducitur.
999 4539 1113 4620 Ποο
1168 4539 1314 4620 enim
1375 4564 1550 4618 solum
1595 4563 1914 4627 admiratur,
1948 4561 2091 4632 quod
2135 4559 2376 4614 animam
2437 4556 2647 4609 ratione
2707 4551 2988 4620 praditam
3049 4551 3338 4604 celerrime
3365 4547 3550 4599 fallere
3581 4539 3752 4638 ροιξεξι

547 4664 864 4731 Serpentem
893 4659 1121 4714 fortasse
1162 4665 1461 4720 reveretur,
1486 4672 1603 4726 quae
1623 4656 1748 4710 olim
1782 4657 1883 4710 hoc
1907 4655 2102 4724 potuit.
2150 4652 2260 4705 lmo
2283 4652 2366 4704 vel
2391 4650 2494 4703 hoc
2523 4647 2639 4716 ipso
2673 4644 2938 4698 valentior
2976 4641 3385 4736 mihigvoluptas
3457 4649 3574 4736 esse

547 4724 684 4810 tur-z
710 4769 834 4809 nam
882 4769 1004 4808 cum
1033 4755 1148 4805 diue
1178 4767 1264 4805 res
1291 4751 1398 4803 sint
1425 4724 1563 4818 quas
1593 4750 1661 4802 ob
1692 4764 1779 4802 res
1838 4756 2092 4818 parentes
2135 4745 2210 4799 illi
2244 4743 2406 4811 primi
2441 4742 2591 4795 fuere
2620 4738 2779 4806 lapsi,
2805 4750 3055 4803 serpens,
3115 4734 3362 4804 inquam,
3423 4739 3477 4783 et
3545 4724 3748 4818 intr-lus.

547 4867 668 4904 meo
715 4851 933 4919 quidem
981 4847 1212 4917 judicio,
1261 4844 1514 4914 princeps
1572 4841 1854 4909 majorque
1906 4855 2067 4895 causa
2109 4839 2291 4908 lapsus
2337 4835 2390 4888 in
2443 4833 2620 4887 fructu
2693 4829 2826 4892 fuit;
2888 4828 3085 4896 quippe
3113 4826 3155 4878 si
3195 4827 3406 4881 fructus

3437 4837 3538 4876 non
3574 4807 3751 4868 adfuis-

717 4894 932 4903 ..παν-.-
1263 4894 1312 4914 τ-
1399 4894 1408 4895 κ
1455 4894 1509 4911 τί
1658 4894 1675 4908 .
1761 4894 1781 4909 .
1837 4894 1846 4895 κ
2164 4894 2178 4908 .
2908 4894 2919 4896 -
2993 4894 2998 4895 κ
3704 4897 3714 4906 ,

543 4954 646 5006 set,
679 4894 779 4996 nec
804 4894 1079 4995 oculos‘ad
1117 4952 1176 4991 se
1211 4937 1566 5004 spectandum
1623 4933 1926 4997 invitasset,
1982 4931 2266 5001 quidnam,
2307 4927 2556 4986 obsecro,
2589 4936 2816 4991 serpens
2891 4921 3101 4974 cllicere
3151 4915 3474 5006 potuissetf
3518 4894 3745 5006 tuin-(ill:|

548 4995 777 5096 hortari,
814 5030 948 5101 quid
984 4995 1313 5084 consulere?
1343 5024 1588 5080 Vicissim
1616 5033 1792 5077 tamen
1827 4995 2116 5076 venustate
2149 5021 2362 5074 fructus
2393 5015 2557 5069 illecti
2583 5011 2838 5071 fuissent,
2883 5011 2974 5076 qui
3051 5022 3158 5101 use
3223 5017 3329 5062 tam
3385 4995 3590 5100 imbecil

3595 4993 3626 5046 li
3666 4999 3746 5041 co-

548 5081 1078 5177 liortatiottebelluze
1107 5081 1483 5173 crediderunt.
1551 5115 1661 5171 Nec
1716 5116 1994 5170 enimvero
2055 5121 2473 5166 consentaneum
2547 5115 2685 5168 erat,
2751 5101 3009 5172 Opificem
3060 5100 3312 5163 figmento
3367 5108 3464 5149 suo
3515 5081 3739 5177 invidel‘ﬁc

545 5175 607 5269 et
643 5215 929 5267 formatum
965 5214 996 5267 e
1025 5212 1158 5271 luto.
1191 5221 1441 5280 percepto
1474 5210 1648 5263 fructu
1675 5209 1907 5277 quodam
1943 5207 2106 5260 Deum
2147 5215 2465 5262 evasurum,
2493 5197 2650 5266 plane
2675 5195 2833 5248 ﬁdem
2901 5207 3007 5246 non
3050 5192 3383 5292 merebatur.
3448 5183 3514 5236 Al

548 5309 639 5360 ille
703 5315 967 5357 venustus
1023 5315 1164 5367 erat,
1193 5272 1205 5280 ’
1236 5318 1302 5356 ac
1345 5272 1498 5356 valde
1556 5272 1786 5354 blandiri
1850 5309 2080 5367 poterat,
2130 5306 2182 5350 et
2221 5295 2420 5349 eximia
2451 5291 2695 5360 quasdam
2729 5289 2834 5341 illis
2870 5285 3131 5354 polliceri,
3163 5286 3256 5354 qui
3295 5296 3416 5338 eum
3466 5272 3710 5367 ρετοςρξυξ

545 5404 734 5450 essent
764 5413 778 5449 :
809 5393 1025 5462 puta,si
1051 5398 1428 5447 admoveretur
1455 5395 1558 5456 ori,
1611 5393 1852 5444 luturum
1891 5399 1948 5443 ut
2005 5392 2335 5458 voluptatem
2372 5386 2616 5444 afferret,
2691 5381 2958 5450 planeque
3028 5385 3249 5430 venusta
3325 5382 3513 5429 cuncta

546 5495 673 5544 dine
723 5498 1024 5558 superaret.
1079 5485 1264 5556 Neque
1295 5488 1547 5556 quiddam
1603 5487 1859 5548 alienum,
1920 5495 2011 5539 aut
2061 5486 2296 5539 insolens
2351 5493 2445 5535 aut
2491 5483 2794 5533 abhorrens
2849 5493 2877 5527 a
2929 5488 3092 5536 vero;
3149 5473 3242 5526 sed
3303 5473 3351 5524 id
3397 5455 3724 5558 praestituta:||

547 5597 606 5634 se
639 5576 1015 5651 pollicebatur,
1050 5582 1190 5649 quod
1234 5580 1336 5633 sibi
1375 5581 1651 5646 proprium
1679 5589 1844 5641 esset.
1873 5590 1924 5632 et
1946 5579 2103 5632 facile
2143 5589 2198 5632 et
2213 5587 2651 5630 consentaneum.
2684 5571 2839 5637 Quod
2861 5569 3006 5622 enim
3035 5577 3257 5634 aspectu
3323 5560 3457 5630 pulcl

549 5677 602 5730 id
635 5691 800 5744 supra
835 5691 920 5730 res
949 5684 1178 5729 caeteras
1207 5673 1252 5726 si
1311 5672 1553 5739 gustatni
1618 5677 1831 5740 quoque
1889 5669 2210 5737 placiturum
2241 5668 2361 5736 quis
2423 5664 2698 5731 opinetur,
2763 5660 2985 5713 minime
3045 5657 3270 5710 mirum.
3310 5655 3454 5718 Quillt

546 5771 756 5836 lapsum
789 5769 1085 5838 primorum
1134 5773 1416 5835 parentum
1451 5777 1553 5814 non
1582 5777 1773 5829 parum
1838 5771 2097 5814 ntornentt
2140 5760 2208 5812 de
2236 5759 2414 5812 fructu
2441 5771 2652 5824 quoque
2686 5762 2896 5823 sperata
2933 5750 3180 5816 voluptas
3213 5746 3407 5801 attulit.

625 5860 820 5933 Verum
854 5863 953 5915 boc
997 5861 1160 5915 etiam
1210 5857 1366 5912 modo
1398 5858 1722 5924 voluptatem
1760 5855 1887 5908 mihi
1933 5854 2114 5907 consi-

3463 5564 3588 5608 ιΙἸΙᾶη
3640 5543 3726 5598 85's

3458 5648 3618 5710 ropter
3667 5619 3724 5678 εδ

2303 5843 2448 5903 Ἀλλ⁴
2469 5852 2621 5918 ἄθρει
2648 5865 2736 5918 μοι
2782 5847 2875 5900 καὶ
2905 5844 3031 5914 τῇδε
3065 5842 3162 5910 τὴν
3209 5840 3414 5909 ἡδονὴν,
3470 5824 3552 5880 καὶ
3601 5809 3714 5870 πόση
