3978 6576
100 396 171 454 ιε.
206 381 333 446 τοτ
1636 378 1671 438 C

1975 383 2070 448 IV.
3374 391 3480 455 458
3540 382 3546 395 ’

117 500 142 533 τ
186 496 237 528 ιε
272 493 309 536 ,ς
342 474 375 542 ἡ
398 470 600 540 ταύτης
642 469 794 538 laxo;
825 468 949 523 καθ’
1002 467 1162 538 ἡμῶν
1197 470 1349 522 ἐστιν
1383 468 1466 531 είς
1532 467 1592 520 τὸ
1644 468 1688 521 ἀη

1914 471 2323 543 lera,’quodque
2350 472 2424 529 sit
2446 472 2608 543 hujus
2633 474 2920 530 adversum
2950 489 3046 530 nos
3075 476 3127 528 in
3154 477 3480 548 decipienda

128 586 163 618 τ
208 565 347 633 :‘g‘v,
374 565 454 624 εἰς
482 562 542 613 τὸ
571 560 807 623 πείθειν,
847 561 929 623 είς
980 560 1040 613 τὸ
1073 557 1386 628 βιάζεσθαι.
1441 557 1627 629 Πολλῷ
1684 576 1699 626 1

1910 576 1963 631 pe
1974 562 2300 643 rsuadendo.
2322 566 2566 635 cegendo
2593 565 2780 622 robur.
2798 566 3005 636 Quippe
3026 566 3180 627 nobis
3198 572 3341 626 illam
3360 591 3481 631 esse

139 652 371 711 εἶναι
398 653 793 727 χαλεπωτέραν
847 652 994 721 φημὶ
1045 655 1184 722 πρὸς
1232 652 1380 722 ἡμᾶς
1416 650 1602 743 ἧδηῆ
1658 668 1710 719 πε

1909 654 2235 709 infestiorem
2268 657 2357 713 aio
2392 674 2555 726 quam
2591 659 2718 714 olim
2752 660 3059 743 majoribus
3096 663 3199 719 illis
3252 671 3480 725 nostris.

144 748 357 810 τοὺς
386 745 742 815 προπάτορας
786 743 975 799 πάλαι.
1041 744 1111 797 Ἦ
1161 743 1272 814 γάρ
1316 741 1573 797 τοσοῦτον
1602 743 1715 813 είργ

1908 740 2034 813 Npm
2086 760 2205 814 qua:
2241 755 2449 805 tantum
2484 748 2697 804 efficere
2732 740 2905 821 pot—uit
2943 755 3207 811 advertitis
3245 772 3339 813 eos
3387 766 3479 831 qui

156 856 364 894 σατο
389 837 521 909 πρὸς
547 838 674 899 τοὺς
714 837 986 908 μηδαμῶς
1023 836 1387 906 μηδεπώποτε
1431 835 1524 889 ὑπ’
1577 836 1726 888 ἐκείν

1907 840 1970 892 ιι)
1994 838 2110 907 ipsa
2143 842 2373 895 necdum
2403 857 2637 911 unquam
2664 844 2792 899 victi
2823 845 3058 917 fuerant,
3090 858 3145 903 ut
3176 863 3274 904 eos
3297 853 3478 909 itidem

158 930 626 1001 κρατηθέντας,
659 930 735 992 ὡς
757 930 821 998 δὴ
862 928 956 983 καὶ
987 931 1137 997 σχεῖν
1185 927 1522 998 ἡττηθέντας
1573 926 1729 981 αὐτοὶ

1909 931 1951 982 in
2005 940 2325 996 potestatem
2389 933 2638 991 redactos
2698 938 2946 1006 haberet,
3002 941 3077 995 uti
3132 954 3323 997 nostra
3382 964 3480 999 nos

176 1024 416 1091 ὥσπερ
450 1022 615 1092 ἡμεῖς
649 1022 717 1074 τὰ
750 1019 1081 1092 ἀνδράποδα,
1111 1019 1165 1071 τί
1196 1018 1319 1071 ποτ’
1343 1018 1410 1072 ἂν
1456 1021 1553 1074 καὶ
1576 1016 1741 1088 δράσε

1954 1022 2194 1092 ancipia,
2261 1026 2389 1094 quid
2424 1043 2527 1080 non
2562 1028 2810 1098 designet
2840 1032 2892 1085 in
2920 1048 3040 1099 nos,
3074 1038 3163 1103 qui
3200 1052 3267 1091 ex
3312 1040 3481 1106 ipsius
3507 1041 3522 1088 ‘.

188 1113 368 1183 πρὸς
397 1113 565 1183 ἡμᾶς,
596 1111 723 1174 τοὺς
755 1111 864 1164 ὑπὸ
889 1110 1001 1164 τῶν
1025 1111 1218 1181 αὐτῆς,
1244 1111 1320 1172 ὡς
1354 1111 1554 1176 εἰπεῖν,
1588 1110 1759 1180 αἰχμα

1904 1114 1984 1183 (ιιι
2009 1116 2079 1169 ita
2114 1117 2370 1187 dixerim)
2402 1122 2636 1191 captivis
2674 1126 2783 1178 nati
2850 1141 3061 1194 stamus,
3095 1138 3152 1183 et
3182 1133 3475 1201 pessimam

186 1205 409 1260 ὶὼτων
430 1203 655 1273 φύντας,
689 1204 785 1257 καὶ
815 1203 950 1275 πρὸς
973 1203 1033 1257 τὸ
1064 1202 1342 1274 χείριστον
1363 1202 1706 1271 ἐληλακότας
1724 1222 1751 1258 τ

1903 1205 1963 1260 ad
1997 1207 2391 1277 conditionem,
2430 1225 2496 1269 ex
2554 1228 2742 1269 eorum
2777 1218 2870 1286 qui
2907 1234 3005 1272 nus
3040 1234 3474 1292 progenuerunt,

202 1298 378 1367 παρά
405 1295 515 1350 τῶν
542 1296 837 1363 φυσάντων
867 1296 1129 1365 διαδοχῆς
1190 1293 1347 1348 ’Ὢσθ’
1401 1297 1436 1366 ἠ
1474 1295 1679 1366 ταύτης
1705 1296 1773 1353 δύα

1904 1299 2251 1357 successione
2310 1304 2561 1361 redacti?
2598 1307 2717 1375 Quo
2750 1309 2832 1373 fit,
2879 1322 2939 1367 ut
2973 1322 3078 1366 tam
3111 1315 3282 1381 ipsius
3310 1319 3475 1387 quam

205 1404 408 1461 ναμις,
443 1386 540 1440 καὶ
569 1388 601 1454 ὴ
629 1386 740 1441 τῶν
761 1386 975 1450 παθῶν,
1001 1385 1241 1457 ἐξαρχῆς
1302 1388 1634 1457 κρατήσασα
1682 1387 1776 1443 τῶι

1904 1385 2152 1442 vitiorum
2206 1392 2311 1456 vis,
2343 1393 2412 1447 ab
2466 1394 2622 1450 initio
2677 1402 2947 1469 superatis
3006 1385 3475 1466 hominibusiillis

204 1460 452 1551 πρώτως
474 1480 782 1549 γεγονότων
811 1480 1141 1548 ἀνθρώπων,
1168 1479 1373 1533 ἔπειτα
1419 1479 1508 1535 διὰ
1538 1479 1649 1532 τῶν
1694 1481 1775 1550 μέι

1902 1478 2127 1548 primum
2165 1484 2420 1553 conditis,
2451 1487 2647 1544 deinde
2694 1506 2787 1557 per
2821 1482 3170 1553 intermedios
3195 1502 3260 1553 ad
3288 1511 3473 1559 extre-

211 1590 328 1627 σων
358 1571 619 1626 κατιοῦσα
648 1572 789 1642 πρὸς
818 1572 945 1635 τοὺς
976 1572 1271 1642 ἐσχάτους,
1331 1573 1463 1644 ῥᾷον
1514 1574 1631 1644 ἔχει
1669 1572 1782 1628 τού-

1904 1585 2011 1627 mos
2061 1574 2439 1631 descendendo
2495 1595 2806 1652 progressa,
2856 1585 3070 1642 facilius
3112 1591 3197 1648 his
3250 1593 3475 1650 illudere

209 1679 332 1726 τοις
375 1662 671 1732 ἐμπαίζειν
701 1662 733 1729 ἢ
763 1664 877 1726 τοῖς
906 1662 1016 1731 πρὸ
1037 1662 1225 1717 αὐτῶν
1254 1664 1534 1733 γεγονόσι.
1572 1665 1654 1719 Τὰ
1681 1666 1780 1737 γὰρ

1903 1661 2068 1730 possit
2114 1678 2271 1731 quam
2310 1667 2548 1737 ipsorum
2584 1674 2904 1743 majoribus.
2937 1677 3181 1736 Humana
3240 1700 3474 1754 namque

211 1754 534 1824 ἀνθρώπεια
562 1755 713 1825 πάθη
736 1755 1015 1826 πολεμίων
1047 1756 1284 1822 σώζουσι
1341 1757 1554 1828 σχῆμα,
1586 1754 1669 1821 οἷς
1723 1758 1782 1813 τό

1903 1750 2023 1804 vitia
2048 1756 2282 1823 speciem
2314 1760 2605 1827 quamdam
2657 1765 2889 1821 hostium
2918 1771 3297 1837 praeseferunt,
3333 1793 3474 1845 quo-

208 1849 485 1919 κρατῆσαι
514 1850 800 1919 καταρχὰς
828 1850 936 1903 τῶν
963 1848 1380 1920 ἀνθισταμένων
1427 1851 1570 1921 μετά
1625 1853 1779 1922 μεγί-

1904 1857 2013 1897 rum
2052 1843 2119 1900 de
2146 1846 2475 1905 adversariis
2506 1853 2733 1909 victoria
2785 1873 2892 1912 non
2922 1861 3027 1916 nisi
3080 1843 3475 1936 maximisipe-

210 1953 366 1993 πων
391 1940 599 2008 γίνεται
639 1941 747 2028 τῶν
773 1940 1060 1996 κινδύνων.
1095 1942 1159 1994 Εί
1188 1941 1234 1994 δ’
1263 1938 1359 1995 οὖν
1399 1941 1547 2007 ἅπαξ
1572 1943 1781 2012 γένοιτο

1902 1932 2082 1991 riculis
2108 1949 2342 1996 constat.
2376 1940 2575 1998 Verum
2606 1946 2650 2000 si
2684 1949 2851 2005 semel
2885 1956 3173 2011 usuveniat
3205 1968 3265 2012 ut
3310 1974 3473 2028 supe-

204 2030 321 2083 τῶν
357 2019 677 2087 ἀντιπάλων
706 2033 1126 2104 περιγενέσθαι,
1159 2034 1346 2089 οὐκέτι
1398 2035 1653 2103 φαίνεται
1684 2054 1775 2107 χαι

1902 2026 2067 2081 riores
2113 2030 2352 2091 inimicis
2409 2035 2669 2102 evadant,
2713 2055 2820 2096 non
2854 2041 2962 2113 jam
2994 2046 3208 2103 difficile
3254 2051 3473 2109 videtur

206 2123 378 2177 λεπδν
395 2126 523 2188 τοὺς
552 2125 757 2191 αὐτοὺς
779 2126 989 2193 φοϐεῖν,
1024 2129 1120 2181 καὶ
1153 2129 1403 2198 τρέπειν,
1436 2128 1532 2181 καὶ
1574 2128 1777 2184 δεικνύ-

1900 2119 2128 2206 amplius
2148 2123 2370 2179 eosdem
2414 2136 2467 2181 et
2512 2130 2789 2196 territare,
2820 2143 2874 2188 et
2899 2145 3167 2213 avertere.
3196 2148 3250 2195 et
3276 2157 3471 2214 cogere

209 2235 292 2269 ναι
320 2218 465 2271 νῶτα
507 2217 774 2284 διδόντας,
834 2219 931 2272 καὶ⁸
984 2218 1087 2289 τὴν
1118 2217 1329 2274 δειλίαν
1365 2220 1598 2290 ταυτηνὶ
1645 2221 1780 2289 μετά

1901 2223 2042 2280 terga
2095 2214 2247 2279 dare,
2298 2226 2465 2287 atque
2523 2219 2665 2277 hanc
2720 2223 3064 2285 formidinem
3115 2233 3183 2287 ad
3221 2246 3472 2305 posteros

211 2308 536 2380 προσθήκης
562 2308 1044 2380 παραπέμπεσθαι
1076 2312 1190 2373 τοῖς
1246 2310 1512 2380 ἐκγόνοις.
1547 2312 1703 2366 Ὠσθ’
1746 2314 1781 2383 ἡ

1903 2302 2052 2357 uiam
2086 2320 2206 2359 cum
2238 2311 2558 2368 accessione
2583 2317 2818 2383 quadam
2854 2302 3249 2381 transmitteret.
3277 2326 3474 2393 Quam—

205 2400 413 2472 ταύτης
442 2401 568 2455 καθ’
606 2402 767 2473 ἡμῶν
812 2402 1042 2472 δύναμις
1080 2399 1286 2473 μείζων
1332 2404 1452 2458 ἐστὶ
1515 2404 1612 2458 καὶ
1647 2404 1776 2476 δρα-

1899 2393 2079 2451 obrem
2123 2399 2205 2453 vis
2240 2401 2383 2457 illius
2418 2404 2680 2460 adversus
2720 2424 2818 2465 nos
2867 2413 3038 2483 major
3067 2424 3154 2471 est
3181 2427 3237 2472 et
3287 2418 3470 2475 emea-

204 2493 574 2565 στικωτέραῆ
620 2494 761 2565 πρὸς
792 2495 918 2558 τοὺς
945 2494 1248 2566 ἡμετέρους
1302 2496 1626 2568 προγόνους,
1688 2497 1775 2553 καὶ

1897 2487 2027 2555 cior,
2076 2506 2240 2561 quam
2285 2495 2549 2553 adversus
2587 2510 2801 2557 nostros
2850 2519 3104 2575 proavos,
3162 2519 3216 2565 et
3251 2512 3468 2569 illorum

203 2584 289 2638 ἔτι
321 2585 456 2657 πρὸς
485 2588 615 2649 τοὺς
644 2585 897 2652 ἐκείνων,
919 2587 1025 2650 ἕως
1056 2585 1125 2642 ἂν
1150 2588 1232 2650 είς
1260 2588 1388 2653 τοὺς
1423 2589 1774 2660 προπάτορας

1893 2579 2075 2636 itidem
2106 2583 2369 2653 majores,
2401 2591 2575 2647 donec
2612 2594 2678 2645 ad
2704 2593 2853 2661 ipsos
2878 2600 3098 2669 generis
3126 2603 3337 2671 primos
3364 2621 3464 2661 au—

203 2675 545 2741 ἐπανέλθοις.
587 2675 752 2730 Ἀλλά
789 2675 894 2747 μὴν
919 2675 1103 2748 ἐκείνη
1136 2692 1200 2745 γε
1228 2675 1366 2749 πρὸς
1386 2680 1503 2742 τοῖς
1552 2680 1774 2750 είρημέ·

1897 2681 2069 2731 ctores
2142 2679 2491 2738 ascendendo
2549 2688 2858 2754 pervenias.
2930 2692 3218 2749 Enimvero
3271 2708 3468 2765 printer

202 2784 341 2833 νοις,
391 2768 535 2837 λέγω
561 2767 620 2822 δὲ
668 2768 771 2841 τὴν
828 2766 1024 2840 ἡδονὴν
1052 2768 1177 2840 (καὶ
1223 2768 1305 2823 ἔτι
1341 2769 1448 2840 γὰρ
1481 2769 1773 2841 ἀντέχομαι

1911 2780 1946 2818 :a
1979 2782 2100 2835 qua:
2126 2769 2268 2826 dicta
2296 2783 2443 2841 sunt,
2490 2778 2728 2835 medicos
2763 2780 2873 2847 illa,
2932 2785 3180 2855 voluptas
3240 2791 3482 2859 inquam‘

203 2862 306 2932 τῆς
345 2862 597 2932 εἰκόνος),
628 2864 757 2927 τοὺς
788 2863 898 2918 τῶν
924 2861 1127 2934 ἰατρῶν
1158 2861 1519 2934 ὑποκρίνεται
1557 2863 1774 2928 παῖδας.

1895 2856 2086 2927 [adhuc
2133 2863 2275 2917 enim
2328 2865 2551 2935 imagini
2589 2880 2787 2926 nostra:
2840 2874 3141 2949 inhazreo),
3198 2882 3466 2939 imitatur.

201 2954 475 3026 Παραινεῖ
507 2958 578 3010 τά
601 2956 739 3027 πρὸς
768 2953 1008 3023 ὑγίειαν,
1048 2952 1137 3007 ἵνα
1160 2952 1236 3024 δῷ
1257 2951 1335 3025 τῷ
1372 2952 1589 3025 σώματι
1611 2971 1772 3026 σφρι-

1894 2949 2114 3019 Dperam
2148 2954 2444 3013 valetudini
2490 2961 2721 3017 dandam
2761 2976 2964 3034 monet,
3010 2980 3068 3024 ut
3119 2977 3339 3043 corpori
3371 2994 3465 3033 oc-

200 3050 331 3121 γᾷν,
368 3050 461 3104 καὶ
483 3051 579 3103 τὸν
603 3050 705 3119 τῆς
731 3047 914 3121 ψυχῆς
949 3047 1246 3119 παραλύσῃ
1277 3047 1452 3101 τόνον.
1483 3046 1602 3100 Κᾶν
1637 3047 1771 3101 ἀπο·

1898 3045 2164 3111 :aslonem
2202 3046 2518 3106 lasciviendi
2558 3056 2797 3123 praebeat
2838 3060 3118 3133 animique
3160 3071 3469 3128 contentio-

206 3143 440 3215 σοϐηθῇ,
470 3142 575 3197 κᾶν
609 3140 994 3214 άποκρουσθῇ,
1020 3141 1127 3195 κᾶν
1159 3140 1357 3213 ῥάϐδον
1385 3138 1606 3210 δέξηται
1633 3140 1777 3195 κατὰ

1902 3152 2014 3191 aeni
2039 3137 2270 3196 relaxet.
2305 3140 2567 3208 Quamvis
2611 3147 2887 3220 abigatnr,
2916 3156 3185 3225 'qnamvis
3216 3164 3438 3231 'repella
3458 3195 3473 3208 -

205 3236 475 3306 κορυφῆς,
507 3235 600 3289 καὶ
630 3235 813 3299 ταυτὶ,
853 3235 949 3287 καὶ
997 3231 1067 3287 τά
1101 3231 1330 3288 τοιαῦτα
1384 3232 1551 3304 λῆρος
1594 3234 1772 3305 αὺτῇο

1898 3241 1994 3294 tur.
2027 3233 2278 3303 quamvis
2334 3236 2386 3290 in
2417 3249 2583 3310 caput
2612 3240 2776 3299 fustis
2805 3245 3164 3319 impiogatur,
3203 3262 3389 3312 tamen
3413 3268 3469 3312 et

205 3328 308 3382 κᾶν
329 3327 635 3399 διαπτύσῃς
674 3326 873 3398 αὐτὴν,
905 3327 1003 3380 καὶ
1040 3327 1199 3379 τοῦτο
1237 3326 1524 3396 μυριάκις,
1558 3328 1776 3396 συχνοῖς

1898 3326 2002 3378 tunc
2045 3336 2099 3380 et
2160 3327 2262 3384 alia
2295 3330 2426 3384 talia
2483 3332 2641 3388 nihili
2674 3334 2825 3392 facit.
2864 3336 3123 3407 Quamvis
3169 3359 3289 3401 eam
3336 3364 3469 3404 con-

208 3435 316 3474 τισι
359 3422 587 3484 πάττεις
618 3420 815 3489 ῥόδοις.
843 3419 1021 3484 Ὀλως
1050 3421 1243 3485 ὁσάκις
1274 3422 1534 3493 ὑϐρισθῇ,
1576 3439 1777 3476 τοσαυ-

1892 3432 2072 3486 spuas,
2125 3428 2181 3475 et
2228 3421 2426 3478 millies
2475 3426 2719 3511 quidem,
2771 3431 2906 3487 nihil
2952 3433 3072 3506 agis
3113 3436 3260 3494 aliud
3303 3457 3463 3511 quam

209 3512 358 3577 τάκις
414 3507 557 3567 αὑτὴ
603 3512 958 3583 προσϐάλλει.
1012 3515 1391 3582 Φιλοτιμεῖται
1444 3516 1546 3585 τὴν
1607 3515 1776 3586 ὕδραν

1892 3509 2029 3577 quod
2067 3525 2221 3567 rosas
2256 3513 2307 3567 in
2334 3529 2452 3568 eam
2487 3506 2716 3576 crebras
2743 3525 2976 3596 spargis.
3011 3526 3238 3594 Quoties
3262 3506 3463 3590 contir-

211 3606 566 3674 παρενεγκεῖν
587 3620 601 3636 ’
635 3604 730 3656 καὶ
758 3602 920 3658 τοῦτό
949 3621 1015 3673 γε
1056 3604 1180 3675 μεθ’
1220 3607 1353 3676 ὅσης
1406 3606 1722 3677 ὑπερϐολῆς
1759 3624 1775 3673 ;

1894 3599 2083 3655 mehiis
2114 3601 2307 3659 affecta
2351 3603 2537 3673 fuerit,
2594 3610 2756 3668 toties
2808 3600 3168 3684 impetum'in
3218 3636 3318 3678 nos
3350 3625 3465 3695 ipsa

218 3696 305 3749 ‘Av
329 3697 517 3769 τμηθῇ
558 3697 661 3767 τὴν
709 3697 979 3767 κεφαλὴν,
1014 3697 1396 3768 πολυκέφαλος
1422 3699 1586 3763 εὐθὺς
1643 3702 1779 3754 ἀνα-

1891 3688 2036 3746 facit.
2084 3692 2317 3766 Hydram
2381 3699 2553 3769 ipsam
2602 3703 2826 3761 vincere
2871 3709 3084 3776 nititur,
3145 3721 3200 3767 at
3254 3688 3462 3784 quanta

209 3787 483 3852 φαίνεται.
507 3788 631 3842 Κᾶν
658 3788 874 3862 ἡττηθῇ
909 3790 1282 3861 κατακράτος,
1316 3791 1411 3845 καὶ
1435 3791 1702 3864 τρόπαιόν
1722 3810 1775 3846 τι

1889 3795 2066 3850 qntnso
2090 3797 2211 3837 cum
2242 3792 2677 3859 cxsuperantia?
2705 3792 2761 3848 Si
2798 3805 2964 3863 caput
2999 3801 3048 3854 ei
3108 3803 3460 3874 prmcidatur,

207 3877 265 3945 ἐξ
290 3879 464 3949 αὐτῆς
486 3879 679 3952 ἐγείρῃ
722 3880 870 3951 μάλα
920 3880 1178 3952 λαμπρὸν
1234 3881 1497 3953 (εἰρήσθω
1526 3883 1635 3953 γάρ
1686 3900 1776 3953 μοι

1891 3870 2174 3927 confestim
2233 3876 2525 3949 multiceps
2585 3884 2943 3954 conspicitur.
3004 3887 3061 3942 Si
3116 3892 3358 3950 maxima
3410 3870 3462 3951 vi

204 3971 481 4025 καὶτοῦτο
509 3970 571 4024 τὺ
617 3971 1009 4043 ὑπερϐάλλον),
1049 3972 1235 4043 ἐκείνη
1265 3973 1325 4028 δὲ
1357 3973 1417 4026 τὸ
1447 3973 1573 4027 καθ’
1603 3974 1775 4045 αὐτὴν

1892 3977 2133 4034 superata
2157 3963 2340 4036 fuerit,
2374 3984 2438 4028 ac
2483 3981 2748 4046 tropaeum
2789 3978 2859 4034 de
2911 3995 2977 4037 ea
3014 3984 3169 4040 valde
3215 3987 3463 4058 splendi-

202 4063 567 4135 χαλεπωτέρα
598 4065 860 4137 πειρᾶται
880 4064 1191 4135 φαίνεσθαι.
1217 4064 1340 4119 Κᾶν
1369 4065 1581 4138 ἀλήτης
1613 4067 1773 4138 γένη-

1893 4057 2005 4113 ium
2041 4067 2317 4115 statuatur
2363 4062 2548 4133 (liceat
2601 4068 2748 4123 enim
2791 4069 2896 4126 hoc
2928 4089 3149 4142 quoque
3196 4057 3330 4134 mihi
3368 4095 3464 4152 per

198 4170 287 4208 ut
318 4155 414 4208 καὶ
442 4155 645 4224 φυγάς,
669 4154 772 4209 κᾶν
791 4159 934 4226 πρὸς
963 4156 1237 4227 ἀνύδρους
1268 4158 1513 4229 πορευθῇ
1544 4159 1769 4224 τόπους,

1886 4150 2303 4219 superlationem
2333 4154 2559 4229 effari),
2606 4166 2793 4218 tamen
2834 4168 2979 4234 quod
3016 4167 3189 4236 ipsam
3243 4150 3457 4241 attinet,

198 4246 361 4301 πάλιν
383 4246 747 4317 ἐπανέρχεται
777 4246 981 4317 ἑαυτῆς
1021 4247 1467 4315 πολλαπλασίων,
1499 4250 1642 4303 κατά
1673 4248 1769 4321 τὴν

1887 4240 2220 4302 infestiorem
2244 4261 2304 4301 se
2335 4247 2614 4309 declarare
2647 4265 2902 4312 conatur.
2940 4258 3095 4317 Licet
3138 4240 3458 4334 vagabunda

198 4339 381 4392 εἰκόνα
412 4339 634 4408 ἐκείνην
662 4337 760 4407 τοῦ
813 4339 1134 4408 ἀκαθάρτου
1172 4340 1507 4410 πνεύματος.
1558 4340 1769 4397 Οὔκουν

1888 4332 1972 4390 iiat
2034 4346 2089 4391 et
2148 4336 2395 4409 fugitiva,
2451 4340 2578 4398 licet
2632 4346 2700 4400 ad
2763 4347 3025 4419 inaquosa
3064 4332 3459 4428 loca'pergal,

200 4449 261 4499 γε
282 4429 637 4501 διαλιμπάνει
664 4431 825 4485 ταυτὶ
861 4432 1115 4502 ποιοῦσα,
1145 4435 1236 4488 καὶ
1262 4434 1343 4489 ἔτι
1362 4435 1556 4507 χείρω.
1578 4435 1770 4500 Οὕτως

1883 4428 2168 4504 tamenjta
2196 4432 2513 4499 revertitur,
2549 4444 2607 4491 ut
2635 4451 2695 4492 se
2738 4439 2913 4508 ipsam
2967 4460 3198 4501 numero
3247 4449 3454 4516 vincat,

211 4487 224 4499 .
431 4487 445 4501 ι
1098 4487 1114 4502 ι
1304 4487 1767 4507 ν-Α⁷ς“-⁷-“““’

199 4519 428 4583 ἀναιδὲς.
458 4522 555 4576 καὶ
584 4521 970 4592 ἀναίσχυντον,
996 4526 1094 4577 καὶ
1141 4526 1398 4597 μανικὸν,
1432 4528 1528 4582 καὶ
1559 4529 1769 4600 κακόη-

2068 4487 2093 4504 ,
2436 4487 2455 4488 η
2499 4487 2513 4499 ,
2636 4487 2693 4492 _-
2739 4487 2913 4508 τη...
2967 4487 3198 4501 ...........,
3257 4487 3455 4516 ........,

1887 4520 2187 4575 secundum
2226 4521 2372 4579 illam
2406 4526 2673 4584 immundi
2696 4532 2923 4600 spiritus
2950 4535 3458 4613 imaginem.Neque

200 4612 307 4677 θες.
346 4610 534 4665 Πάντα
588 4612 821 4683 πράττει
853 4615 950 4667 σὺν
982 4616 1295 4687 ίταμότητι.
1333 4618 1513 4683 Κυνὸς
1560 4620 1767 4690 ὄμματ’

1883 4619 2061 4687 tamen
2108 4622 2165 4668 ct
2209 4613 2327 4671 tunc
2358 4626 2414 4672 et
2459 4616 2735 4679 deteriora
2770 4639 2990 4697 quoque
3021 4628 3203 4686 facere
3232 4610 3454 4700 desinit,

203 4702 333 4772 ἔχει,
379 4701 608 4772 κραδίην
638 4702 684 4756 δ’
713 4704 815 4757 οὐκ
841 4702 1090 4774 ἐλάφοιο,
1132 4706 1250 4761 ἀλλ’
1276 4700 1359 4772 οἷς
1392 4709 1564 4775 πολὺς
1593 4714 1620 4766 ό
1678 4713 1772 4766 κό-

1888 4702 2015 4760 adeo
2060 4706 2317 4775 quiddam
2352 4710 2777 4771 inverecundum
2811 4728 2867 4774 ct
2903 4720 3211 4790 impudens,
3265 4734 3322 4780 et
3375 4726 3459 4780 fu-

200 4810 289 4855 τος
320 4792 401 4844 ἐνὶ
458 4792 720 4864 στήθεσσι
751 4794 927 4849 πέλει.
959 4796 1122 4868 Πρὸς
1161 4798 1225 4873 ἓν
1266 4818 1321 4854 τι
1357 4799 1574 4871 βλέπει,
1628 4802 1769 4873 πρὸς

1883 4794 2106 4861 riosum,
2140 4806 2195 4851 et
2230 4800 2526 4871 malignum
2560 4816 2663 4860 est.
2696 4803 3000 4863 lnsolenter
3056 4811 3239 4864 omnia
3296 4811 3454 4867 facit.

204 4878 261 4932 ἓν
289 4881 405 4951 ὁρᾷ,
456 4877 518 4932 τὸ
567 4882 977 4937 καταπαλαῖσαι
1029 4884 1157 4948 τοὺς
1215 4888 1451 4959 ταυτησὶ
1499 4890 1772 4958 φανέντας

1977 4887 2117 4944 tinos
2164 4889 2386 4959 quidem
2437 4894 2628 4951 oculos
2662 4895 2846 4964 habet,
2879 4908 2934 4953 at
2966 4914 3063 4955 cor
3119 4914 3226 4955 non
3273 4905 3459 4959 ccrvi-
3518 4927 3548 4961 ει

208 4971 478 5041 ἀμείνους.
511 4971 823 5027 Φιλονεικεῖ
850 4970 950 5044 τὴν
971 4968 1147 5045 ἦτταν
1178 4976 1652 5047 ἀνακαλέσασθαι,
1673 4980 1770 5035 καὶ

1885 4995 2027 5045 num,
2057 4981 2154 5039 sed
2180 4998 2371 5041 eorum
2392 4987 2591 5057 quibus
2618 4987 2712 5045 irae
2743 4992 2825 5046 vis
2860 4991 3050 5061 ingens
3075 4994 3235 5049 estin
3266 5007 3456 5064 pecto-

209 5062 378 5133 πολλῷ
406 5062 484 5134 τῷ
511 5063 759 5134 περιόντι
791 5066 1075 5135 γενέσθαι,
1105 5068 1380 5138 κρείττων
1419 5070 1673 5137 ἐκείνων,
1719 5072 1779 5126 οῖ

1889 5083 1958 5126 'e.
1993 5068 2174 5128 Unum
2218 5074 2323 5132 hoc
2355 5076 2623 5143 intuetur,
2661 5094 2827 5134 unum
2877 5080 2978 5137 hoc
3030 5062 3275 5153 respicit,
3308 5096 3368 5141 ut
3399 5103 3460 5145 se

209 5169 267 5219 γε
311 5154 600 5222 κρείσσους
659 5157 868 5226 ταύτης
930 5158 1205 5226 ἐγένοντο.
1262 5159 1485 5216 Τούτων
1533 5162 1770 5234 δεύτερα

1883 5162 2131 5220 fortiores
2159 5180 2225 5221 ac
2263 5169 2577 5239 superiores
2604 5181 2944 5239 prosternat.
2996 5172 3262 5234 Damnum
3293 5194 3454 5236 acce-

212 5246 368 5299 πάντα
394 5246 602 5316 τίθησι,
635 5248 733 5301 καὶ
760 5250 808 5302 εί
826 5247 1196 5321 κατορθώσειε
1226 5252 1409 5323 μόνον,
1444 5252 1598 5309 οὐδὲν
1634 5255 1770 5308 ὑπο-

1891 5246 2026 5323 ριιιιιι
2086 5256 2462 5329 redintegrare
2497 5261 2797 5328 contendit,
2837 5272 2893 5318 et
2926 5263 3033 5321 illis
3089 5267 3245 5341 longe
3295 5286 3462 5341 supe-

212 5336 465 5406 λογίζεται
499 5340 608 5394 τῶν
646 5338 865 5407 δεινῶν,
891 5341 955 5394 οὐ
987 5339 1098 5395 τῶν
1126 5338 1400 5415 φοϐερῶν,
1433 5346 1494 5398 οὐ
1537 5345 1650 5399 τῶν
1676 5348 1768 5401 λυ-

1886 5346 1992 5401 rior
2017 5349 2250 5404 evadere
2283 5351 2374 5421 qui
2399 5351 2551 5420 prius
2576 5367 2695 5409 eam
2739 5354 3083 5414 devicerunt.
3118 5359 3214 5416 His
3272 5366 3457 5420 omnia

216 5428 406 5501 πηρῶν,
434 5430 494 5482 οὐ
518 5430 628 5484 τῶν
659 5431 961 5502 αἰσχίστων
1012 5433 1232 5491 πάντων
1263 5434 1426 5506 ὁμοῦ.
1463 5438 1659 5491 Καίτοι
1710 5439 1765 5492 τί

1885 5442 2172 5510 postpOnit,
2205 5458 2327 5513 quae
2355 5444 2398 5499 si
2434 5443 2701 5502 duntaxat
2758 5448 2989 5508 feliciter
3022 5454 3289 5522 obtineat,
3322 5458 3456 5517 nihil

214 5520 337 5591 λέγω
366 5520 673 5592 αίσχίστων
701 5539 717 5589 ;
753 5522 893 5576 ὅπου
920 5541 986 5594 γε
1034 5525 1133 5579 καὶ
1172 5524 1386 5589 τούτοις
1420 5525 1764 5592 ἐγκαλλωπί-

1879 5534 2100 5589 omnino
2136 5536 2312 5591 dirum
2384 5548 2621 5610 reputat,
2677 5543 2815 5599 nihil
2894 5520 3450 5616 formidabile,iuihil

218 5614 360 5680 ςεται,
394 5614 726 5684 καὶμᾶλλον
760 5615 945 5688 χαίρει
973 5616 1040 5670 δι’
1066 5618 1248 5671 αὐτῶν
1282 5616 1315 5689 ἦ
1372 5618 1581 5672 τούτων
1627 5623 1762 5675 ἀνευ

1883 5626 2052 5689 triste,
2082 5627 2219 5681 nihil
2249 5629 2327 5684 vel
2367 5626 2736 5689 fmdiisimum
2794 5649 3040 5695 veretur.
3074 5640 3137 5695 Et
3190 5614 3319 5710 quid
3353 5659 3454 5712 ego

218 5707 480 5778 κρατῆσαι.
515 5706 704 5772 ’Ἄξιον
728 5708 785 5761 δέ
827 5709 1050 5764 κάκεῖνο
1103 5709 1403 5781 λεχθῆναν
1452 5713 1764 5782 τηνικαῦτα

1885 5716 1941 5772 le
1976 5715 2293 5777 fmdissimis
2323 5721 2519 5795 loquor
2544 5726 2567 5779 ί
2590 5730 2809 5797 quando
2850 5731 2903 5785 in
2941 5732 3024 5786 eis
3056 5735 3170 5801 ipsa
3202 5706 3303 5786 sibi
3334 5706 3456 5801 pla-

219 5796 363 5868 λύπην
416 5799 657 5870 ἐντίθησι
711 5803 834 5865 ταῖς
888 5801 1115 5874 ψυχαῖς,
1173 5803 1413 5874 ὁπηνίκα
1480 5821 1544 5875 γε
1595 5806 1766 5879 ἐχρῆν

1886 5818 1980 5879 cet,
2036 5811 2320 5885 magisque
2375 5830 2473 5886 per
2524 5796 2619 5874 ea,
2671 5835 2834 5890 quam
2890 5796 3094 5891 absque
3149 5822 3230 5878 eis
3294 5796 3457 5895 potiri

170 5883 175 5891 ’
266 5900 275 5911 '
420 5892 450 5916 ”
511 5896 788 5957 Ριτιιοι.
834 5897 955 5958 Gn.
1004 5897 1199 5962 CLVI.

1975 5950 1979 5954 .
2198 5883 2243 5943 Γ
2376 5883 2392 5886 ﬁ
2687 5883 2705 5890 ’
3006 5883 3134 5975 ’15

206 381 333 446 ‘57

206 496 237 528 =
272 493 309 536 «ς

208 565 299 633 =3
