3978 6578
529 348 639 413 εδει

1724 341 2125 406 MANUELIS
2161 342 2612 404 PALBOLOGI

3763 338 3863 403 460

528 463 758 520 victoria
821 460 1038 535 gaudet.
1099 458 1233 516 Illud
1301 460 1467 515 etiam
1547 469 1790 516 meretur
1846 460 2107 515 indicari.

2246 459 2696 528 στεφανωμένους
2753 456 2902 526 ἠμῖς
2951 454 3246 526 χορεύειν.
3302 451 3716 524 Ἠττηθεέσης
3760 462 3864 523 γὰρ

528 556 685 612 Tunc
715 554 914 610 animis
969 552 1209 607 dolorem
1270 551 1430 617 indit,
1481 566 1608 606 eum
1670 568 1767 606 nos
1821 559 2109 619 coronatos

531 649 834 720 tripudiare
864 663 962 718 par
1022 658 1161 702 erat.
1195 645 1329 700 Cum
1372 647 1516 702 enim
1575 647 1688 715 ipsa
1751 655 2003 716 superata
2058 654 2113 699 et

529 756 696 798 ovare
723 755 824 795 nos
854 754 1066 808 aequum
1093 739 1183 803 sit,
1218 747 1416 793 etcum
1450 734 1634 793 la’atitia
1665 738 1956 803 exsultare,
2011 751 2113 792 nos

531 852 562 892 e
587 836 803 891 diverso
827 833 1014 888 tristes
1042 846 1254 897 sumus;
1289 831 1534 900 adeoque
1564 845 1760 886 novum
1791 839 1842 884 et
1871 829 2114 886 insolens

533 926 790 997 quiddam
825 923 979 978 nobis
1017 923 1290 987 usuvenit,
1353 925 1441 992 qui
1485 936 1776 978 maerorem
1841 937 1943 977 ceu
1997 921 2112 976 fru-

531 1031 678 1074 ctum
728 1017 1017 1089 quemdam
1065 1015 1306 1072 victoria:
1359 1026 1724 1084 reportemus.
1787 1015 1880 1072 Vel
1936 1016 2114 1087 potius

535 1111 661 1166 novi
698 1109 834 1164 nihil
885 1109 1044 1163 nobis
1109 1106 1333 1163 accidit.
1391 1107 1786 1179 Corrigendum
1838 1117 1924 1163 est
1969 1107 2114 1162 enim

535 1206 683 1274 quod
732 1197 1264 1269 diximus.‘Quippe
1323 1213 1429 1254 non
1499 1209 1790 1270 propterea
1869 1199 2117 1257 dolemus

537 1295 682 1364 quod
725 1292 954 1348 victoria
999 1291 1157 1360 potiti
1189 1289 1364 1346 simus
1397 1292 1544 1362 (nam
1602 1291 1705 1347 hoc
1747 1291 1908 1346 modo
1958 1291 2118 1347 nobis

537 1389 695 1457 plane
729 1395 1098 1451 monstrosum
1149 1383 1402 1454 quiddam
1455 1383 1818 1456 contingeret)
1841 1389 1872 1449 ,"
1891 1383 1987 1439 sed
2030 1383 2118 1438 fu-

539 1495 718 1534 rorem
761 1478 928 1548 hujus
960 1487 1152 1533 contra
1207 1492 1328 1540 nos,
1365 1486 1418 1532 et
1453 1491 1694 1532 atrocem
1745 1476 1905 1542 iram,
1945 1486 2001 1532 et
2036 1476 2121 1530 in-

540 1570 960 1641 comparabilem
994 1568 1322 1624 simultatem
1358 1569 1654 1632 intuentes,
1712 1569 1964 1638 quodque
2006 1567 2122 1624 fieri

542 1665 609 1719 de
647 1678 705 1718 se
745 1662 982 1731 quidvis,
1025 1660 1241 1729 quidvis
1275 1658 1434 1714 facile
1467 1661 1573 1728 pati
1616 1659 1798 1724 vellet,
1855 1660 1981 1715 dum
2023 1677 2121 1716 no-

541 1764 716 1806 strum
751 1749 1285 1821 spectatinteritum,
1318 1763 1423 1802 non
1459 1758 1565 1802 tam
1597 1747 1708 1804 laeti
1745 1765 1933 1805 smnus
1956 1767 2118 1819 quam

539 1846 660 1914 jure
721 1842 1006 1912 ringimur.
1050 1839 1266 1896 Scimus
1321 1839 1490 1906 enim,
1527 1840 1728 1895 scimus
1785 1855 1906 1895 eam
1962 1841 2120 1896 linem

533 1944 741 2006 pugna:
796 1944 988 1990 contra
1049 1948 1151 1988 nos
1223 1931 1450 1988 minime
1507 1932 1794 1988 facturam.
1851 1930 2120 1988 Nimirum

515 2035 760 2093 semper
796 2028 886 2082 illa
920 2027 1066 2082 bello
1098 2041 1198 2081 nos
1220 2035 1385 2096 petet,
1426 2035 1479 2082 et
1512 2037 1700 2097 aperte
1738 2019 1902 2096 atque
1937 2027 2116 2084 acrius

545 2135 767 2174 manum
801 2120 942 2174 victa
985 2125 1259 2173 censeret.
1301 2116 1491 2188 Itaque
1532 2133 1642 2187 pra:
1678 2117 1969 2174 formidine
2028 2133 2122 2173 su-

545 2221 854 2281 spectarum
899 2226 1103 2272 rerum,
1155 2225 1292 2279 quas
1344 2209 1502 2266 nobis
1539 2211 1686 2265 illam
1723 2221 1987 2280 perpetuo
2017 2211 2127 2268 sci—

2218 550 2412 619 αὐτῆς,
2447 549 2686 612 παιᾶνας
2719 549 2870 619 ᾄδειν
2893 549 3212 619 προσῆκον,
3257 549 3374 600 καὶ
3438 548 3701 616 σκιρτᾷν
3732 549 3864 613 μετὰ

2215 640 2593 711 φαιδρότητος.
2641 639 2834 708 Ἡμεῖς
2868 638 2924 692 δὲ
2946 638 3082 701 τέως
3141 636 3552 705 λυττούμεθα,
3615 637 3717 692 καὶ
3751 637 3865 691 ἀτο-

2216 735 2317 787 πόν
2353 751 2404 786 τι
2433 734 2722 804 πάσχομεν
2749 731 2943 794 πάθος,
2977 730 3165 800 λύπην
3208 731 3360 784 ἀπο
3401 729 3585 800 νίκης
3617 730 3864 800 καρπού-

2221 843 2394 897 μενοι.
2424 826 2648 880 Μᾶλλον
2687 825 2744 878 δὲ
2771 825 2871 878 ούκ
2919 825 3120 880 ἄτοπον
3178 825 3543 893 πάσχομεν.
3604 825 3704 876 Δεῖ
3760 823 3862 894 γὰρ

2216 916 2620 987 διορθώσασθαι
2651 916 2710 970 τὸ
2758 916 2944 988 ῥηθέν.
2981 917 3054 968 Οὐ
3086 915 3209 987 γὰρ
3237 917 3346 968 διὰ
3384 915 3456 967 τὸ
3503 916 3741 983 νικῆσαι
3771 915 3862 969 λυ-

2220 1007 2472 1077 πούμεθα
2504 1003 2594 1078 (ἦν
2623 1007 2730 1078 γὰρ
2768 1005 2834 1061 ἂν
2863 1006 3038 1080 ταύτῃ
3061 1007 3122 1059 τὸ
3152 1007 3366 1068 πάθος
3404 1006 3753 1075 περιφανῶς
3773 1007 3864 1060 ἀλ.

2217 1099 2486 1169 λόκοτον),
2545 1099 2665 1152 ἀλλ’
2729 1099 2812 1162 είς
2867 1098 2968 1166 τὴν
3022 1099 3246 1167 ταύτης
3316 1096 3556 1150 λύτταν
3591 1098 3697 1164 τὴν
3743 1097 3858 1150 καθ’

2220 1192 2400 1264 ἡμῶν,
2448 1193 2543 1246 καὶ
2597 1191 2689 1246 τὸν
2723 1191 3047 1245 ἀνείκαστον
3093 1189 3321 1262 θυμὸν,
3375 1190 3485 1242 καὶ
3520 1189 3629 1260 τὴν
3654 1189 3860 1260 ἀπαρά-

2225 1285 2413 1357 μιλλον
2465 1284 2583 1354 έριν
2633 1283 2891 1352 ὁρῶντες,
2936 1282 3029 1335 καὶ
3069 1281 3145 1345 ὡς
3208 1281 3429 1335 πάντα
3503 1281 3578 1334 ἀν
3630 1281 3853 1348 γένοιτο.

2222 1379 2318 1431 καὶ
2345 1379 2522 1430 πάντα
2561 1376 2727 1430 πάθοι
2766 1373 2990 1446 ῥαδίως,
3048 1375 3194 1444 πρὸς
3253 1374 3376 1441 τὴν
3431 1371 3734 1443 ἡμετέραν
3763 1389 3855 1426 κα·

2225 1472 2473 1543 θαίρεσιν
2508 1471 2799 1541 ἀφορῶσα,
2833 1471 2894 1523 οὐ
2926 1469 3130 1540 μᾶλλον
3160 1466 3666 1538 εὐφραινόμεθα,
3720 1466 3849 1535 ῆδισ

2226 1563 2398 1625 καίως
2421 1563 2787 1633 ἀσχάλλομεν.
2830 1561 3019 1632 Ἰσμεν
3048 1562 3184 1632 γὰρ,
3217 1559 3412 1630 ἴσμεν
3453 1559 3644 1629 αὐτὴν
3689 1558 3846 1628 μηδα-

2231 1656 2346 1728 μῶς
2373 1672 2436 1725 γε
2471 1654 2742 1727 λήξουσαν
2773 1655 2954 1727 μάχης
2989 1655 3088 1724 τῆς
3125 1655 3284 1724 πρὸς
3349 1653 3546 1724 ἡμᾶς.
3594 1653 3712 1706 Ἀεὶ
3749 1652 3842 1720 γὰρ

2227 1749 2400 1820 δήπου
2426 1749 2520 1802 καὶ
2555 1747 2880 1818 πολεμήσει,
2914 1749 3014 1802 καὶ
3045 1745 3569 1818 συμπλακὴσεται
3609 1742 3842 1811 φανερῶς

2235 1842 2376 1914 μετά
2401 1842 2502 1913 τὴν
2529 1837 2702 1913 ἧτταν
2753 1841 3083 1911 δεινότερον.
3138 1840 3492 1910 ⁸Α).γοῦμεν
3551 1838 3730 1893 τοίνυν
3769 1839 3832 1908 τῷ

2229 1934 2338 1989 δέει
2361 1933 2472 1988 τῶν
2503 1933 2870 2005 ὑφορωμένων
2919 1933 3311 2004 πραγμάτων,
3332 1933 3394 1996 ,ἃ
3427 1931 3500 2004 δὴ
3533 1931 3736 2001 ταύτην
3757 1931 3826 1998 ἔγ·

2229 2044 2409 2096 νωμεν
2440 2026 2825 2097 παρεξομένην
2857 2026 3143 2097 διηνεκῶς,
3269 2026 3578 2098 χαίρομεν
3611 2025 3687 2095 τῷ
3716 2040 3818 2077 νενιο

2227 2121 2484 2188 κηκέναι.
2520 2119 2733 2183 Πάντες
2765 2120 2876 2191 γὰρ
2917 2120 3032 2181 τοῖς
3063 2117 3328 2188 φθάσασι
3401 2119 3472 2172 τὸ
3539 2117 3723 2187 μέλλον
3763 2127 3811 2178 γε

2236 2207 2472 2275 δικαίως
2493 2211 2914 2283 τεκμαίρονται.

545 2320 668 2361 mus
710 2303 1100 2370 exliibituram,
1139 2302 1192 2357 in
1222 2302 1409 2358 dolore
1431 2302 1622 2371 majori
1673 2317 1959 2358 versamur
1985 2319 2150 2375 quam
2192 2303 2375 2360 laetitia
2408 2305 2479 2360 sit
2513 2319 2579 2360 ex
2629 2303 2859 2361 victoria
2900 2312 3075 2376 parta.
3129 2301 3280 2359 Nam
3324 2317 3505 2360 nemo
3559 2317 3670 2360 non
3721 2299 3823 2373 jure

561 2403 628 2455 de
660 2400 725 2456 iis
763 2415 881 2470 quae
911 2399 1059 2468 prius
1125 2413 1355 2455 evenere
1393 2400 1535 2469 quod
1572 2397 1809 2454 futurum
1860 2408 1944 2457 est
1978 2401 2222 2472 conjicit.

617 2493 892 2549 llactenus
932 2493 996 2548 de
1026 2492 1300 2564 voluptate
1334 2493 1538 2548 dictum
1595 2505 1734 2561 esto,
1785 2495 2128 2568 quandoqui-

545 2590 667 2639 dem
705 2586 930 2658 ulterius
965 2581 1217 2654 progredi
1251 2600 1356 2638 non
1389 2594 1625 2656 oportet.
1664 2587 1798 2641 Nam
1833 2575 1962 2654 milii
2001 2588 2123 2659 qui-

481 2726 492 2730 -
545 2683 668 2732 dem
729 2679 963 2743 videtur,
1015 2691 1112 2732 nec
1153 2692 1273 2732 eum
1333 2679 1422 2746 qui
1460 2677 1526 2733 de
1569 2679 1670 2734 liae
1729 2679 1888 2734 verba
1944 2679 2125 2745 faciat,

548 2767 708 2823 facile
737 2767 840 2821 line
880 2769 1093 2837 assequi
1129 2783 1312 2837 posse,
1341 2777 1396 2823 nt
1432 2779 1690 2824 accurate
1721 2785 1831 2824 rem
1859 2771 2124 2840 perficiat;

548 2877 648 2916 nec
686 2861 1056 2931 prolixitatem
1092 2862 1263 2917 vitare
1294 2863 1586 2929 volentem,
1633 2880 1752 2936 qua:
1787 2866 1852 2921 de
1884 2865 1987 2922 hac
2044 2867 2128 2922 di-

547 2955 716 3010 cenda
759 2954 1007 3017 veniunt,
1069 2954 1344 3023 explicare
1398 2956 1636 3011 dilucide
1674 2972 1855 3027 posse.
1919 2956 2128 3014 Saltem

551 3049 658 3100 hoc
711 3060 877 3124 unum
941 3046 1156 3100 caeteris
1210 3046 1575 3115 adjiciendum
1629 3058 1733 3103 est.
1797 3047 2132 3105 Multiforme

551 3137 822 3206 quoddam
896 3139 954 3189 fit
1011 3147 1340 3202 monstrum,
1384 3141 1551 3194 variis
1606 3140 1844 3196 vultibus
1903 3142 2129 3196 ninnium

551 3238 815 3298 quiantum
845 3226 1039 3282 fallens
1074 3242 1137 3283 ac
1173 3243 1376 3283 noeens
1406 3246 1418 3282 :
1453 3239 1612 3299 atque
1642 3231 1717 3285 uti
1751 3231 1960 3287 minora
1997 3247 2132 3300 prac-

2311 2497 2456 2562 Ἕως
2489 2490 2591 2552 ὦδε
2619 2495 2687 2550 τά
2723 2495 2977 2568 περὶτῆς
3005 2495 3208 2568 ἡδονῆς
3248 2497 3456 2564 ἔσται,
3496 2496 3627 2550 ἐπεὶ
3668 2493 3736 2566 μὴ
3763 2492 3826 2543 δεῖ

2237 2588 2571 2660 περαιτέρω.
2595 2589 2732 2644 Οὔτε
2764 2587 2873 2658 γὰρ
2904 2589 2959 2650 ἐς
3010 2589 3295 2660 τάκριϐὲς
3330 2587 3529 2642 ἐλθεῖν
3585 2606 3671 2654 μοι
3698 2587 3823 2639 δοκεῖ

2236 2682 2424 2753 ῥᾴδιον
2453 2677 2596 2735 εἶναι
2627 2682 2719 2734 τὸν
2746 2681 2878 2750 περὶ
2907 2679 3113 2753 ταύτης
3146 2679 3436 2749 λέγοντα,
3482 2679 3612 2733 οὔτε
3654 2678 3710 2730 τὸ
3739 2679 3826 2747 μῆ-

2234 2791 2328 2836 κος
2362 2773 2591 2826 θέλοντα
2617 2771 2866 2841 φεύγειν,
2892 2773 2962 2826 τὰ
2989 2773 3110 2827 κατ’
3139 2773 3335 2844 αὐτὴν
3368 2771 3640 2841 καθαρῶς
3669 2769 3821 2824 είπεῖν

2235 2865 2561 2936 δυνηθῆναι.
2593 2864 2744 2938 Πλὴν
2775 2866 2954 2920 ἐκεῖνό
3011 2882 3074 2934 γε
3109 2865 3285 2936 μόνον
3345 2866 3706 2932 ἐπιλεκτέονο
3736 2878 3821 2914 πο·

2237 2957 2518 3031 λύμορφόν
2568 2977 2622 3012 τι
2673 2958 2924 3027 γίγνεται
2967 2959 3158 3030 τέρας.
3207 2959 3614 3021 παντοδαπαῖς
3673 2953 3817 3015 ίδέαις

2239 3051 2593 3121 παράγουσα,
2645 3050 2741 3104 καὶ
2796 3049 3178 3119 λυμαινομένη
3227 3052 3428 3105 πόσον
3481 3050 3692 3112 δοκεῖς;
3727 3047 3818 3099 Καὶ

2242 3144 2332 3198 ἵνα
2357 3143 2426 3197 τὰ
2456 3142 2674 3196 ελάσσω
2709 3142 2893 3213 παρῶ,
2914 3143 3098 3213 εὕροις
3128 3141 3194 3196 ἂν
3224 3143 3344 3214 ’τὴν
3375 3145 3600 3213 ἡδονὴν,
3630 3141 3686 3194 τὸ
3710 3135 3814 3192 κατ’

2242 3233 2412 3304 αὐτὴν
2441 3231 2650 3289 ἀνωθεν
2697 3231 2982 3298 ἐξετάσας,
3010 3233 3306 3299 ἀπωλείας
3368 3235 3542 3288 ἕνεκα
3577 3229 3816 3286 παντοδα-

553 3331 873 3393 terinittam,
910 3327 1156 3396 invenias
1189 3324 1540 3394 voluptatem,
1575 3325 1621 3378 si
1663 3325 1731 3379 ab
1783 3325 1995 3396 origine
2039 3313 2130 3379 na-

2240 3327 2348 3397 πὴν
2375 3328 2691 3395 γεγονυῖαν.
2723 3326 2876 3396 Αὓτη
2907 3326 3007 3389 τὰς
3053 3326 3300 3398 νιφάδσις
3368 3327 3470 3381 τοῦ
3531 3324 3695 3397 πυρὸς
3731 3311 3810 3373 ὖσι

557 3437 731 3478 turam
756 3421 872 3490 ejus
901 3415 1295 3486 exploraveris,
1321 3414 1579 3471 interitus
1610 3417 1938 3484 procurandi
1966 3431 2131 3473 causa

554 3517 706 3570 varie
747 3511 1218 3567 transformatam.
1260 3508 1384 3565 Haec
1421 3509 1620 3564 nimbis
1650 3507 1828 3580 igneis
1855 3510 1984 3565 olim
2035 3511 2135 3566 So-

557 3608 774 3663 domitis
805 3605 976 3676 pluit;
1011 3604 1125 3658 haec
1159 3601 1370 3657 telluris
1402 3601 1628 3672 abyssos
1655 3604 1891 3672 aperuit,
1923 3605 2132 3672 ipsum-

557 3717 663 3770 que
691 3699 915 3762 caelum,
955 3705 1014 3750 ut
1051 3697 1216 3750 etiam
1248 3703 1442 3748 natura
1479 3693 1712 3749 rationis
1740 3709 1938 3764 expers
1974 3696 2137 3750 inun-

556 3797 779 3860 daretur
799 3803 1066 3859 aquarum
1089 3786 1316 3852 diluvio,
1339 3785 1611 3855 quamvis,
1639 3794 1698 3840 ut
1717 3797 1906 3840 natura
1925 3795 2134 3853 nostra,

561 3893 648 3933 rea
676 3894 785 3932 non
821 3886 991 3934 esset.
1031 3875 1286 3946 Expende
1321 3875 1476 3941 mihi,
1513 3889 1720 3945 quasso,
1754 3875 1973 3934 Judmos
2009 3877 2135 3935 illos

558 3971 728 4041 quiin
788 3968 1084 4025 solitudine
1140 3967 1406 4038 prosuati
1458 3969 1875 4037 occubuerunt;
1935 3972 2137 4042 ubique

560 4062 862 4118 facinorum
891 4060 1011 4129 ejus
1041 4060 1268 4127 vestigia
1303 4060 1492 4116 videre
1522 4061 1672 4124 licet,
1708 4076 1774 4116 ne
1825 4054 2015 4117 rursus
2049 4062 2135 4118 his

563 4155 910 4211 recensendis
939 4155 1310 4209 immorentur.
1336 4150 1448 4208 Hoc
1473 4163 1658 4208 autem
1682 4153 1735 4207 in
1759 4168 1820 4208 ea
1835 4152 2136 4223 pessimum

562 4247 727 4315 quod,
769 4259 893 4298 cum
929 4245 1046 4314 haec
1071 4252 1200 4297 nota
1227 4243 1388 4298 nobis
1416 4243 1547 4306 sint,
1581 4252 1758 4298 tamen
1807 4257 1926 4298 eam
1972 4246 2139 4302 relin-

565 4352 732 4405 quere
769 4350 874 4389 non
925 4333 1221 4404 possimus,
1259 4333 1388 4388 licet
1453 4333 1505 4390 id
1542 4333 1697 4389 valde
1736 4335 2004 4404 velimus;
2055 4341 2137 4394 vel

565 4448 595 4480 ιι
642 4425 962 4488 contrario,
1032 4439 1155 4480 cum
1218 4424 1451 4480 fortasse
1506 4426 1800 4496 possimus,
1859 4427 2136 4485 nolumus.

531 4521 908 4589 .Quapropter
933 4529 992 4570 ea
1023 4525 1215 4571 natura
1259 4515 1557 4586 voluptatis
1598 4526 1699 4580 est,
1739 4527 1797 4573 ut
1824 4518 1880 4573 in
1930 4529 2137 4576 utram-

567 4625 672 4678 que
701 4613 913 4677 partem
941 4608 1140 4660 malum
1171 4605 1242 4660 sit
1262 4614 1313 4659 et
1337 4604 1722 4660 detrimentum
1748 4607 2135 4675 certissimum,

568 4703 672 4756 illis
697 4701 941 4769 inquam,
975 4697 1066 4768 qui
1095 4713 1201 4752 non
1229 4694 1440 4766 praediti
1473 4707 1601 4752 sunt
1638 4697 1820 4751 animo
1875 4697 2032 4752 ﬁrmo
2079 4711 2144 4754 ac

566 4793 746 4847 stabili
783 4799 837 4846 et
864 4790 1140 4844 variarunt
1173 4802 1354 4842 rerum
1411 4787 1772 4856 experientia,
1832 4797 1888 4842 et
1921 4789 2142 4846 institu-

569 4885 713 4937 ti0ne
735 4881 1020 4951 prmelara,
1055 4891 1110 4934 et
1139 4889 1319 4934 mente
1373 4877 1521 4932 vitiis
1555 4877 1698 4931 haud
1752 4877 2054 4948 inquinata,
2091 4890 2146 4936 et

568 4973 750 5028 indole
788 4972 972 5042 gloria:
1003 4969 1220 5040 cupida,
1276 4976 1330 5022 et
1381 4967 1660 5023 voluntate
1697 4973 1932 5035 seipsam
1997 4969 2149 5024 exci-

567 5077 736 5127 tante,
779 5072 1090 5132 aesemper
1145 5064 1213 5116 ad
1247 5060 1616 5132 pulcherrima
1649 5060 1853 5129 qumvis
1911 5069 1965 5115 et
2002 5061 2146 5128 opti-

570 5176 657 5215 ma
709 5159 954 5229 proclivi,
991 5173 1218 5228 quaeque
1253 5158 1390 5212 satis
1449 5157 1675 5212 omnino
1722 5158 1920 5212 virium
1951 5156 2146 5213 habeat

569 5255 634 5305 ad
674 5251 1074 5320 intelligendum
1107 5263 1443 5319 quaecunque
1499 5249 1736 5304 divinam
1784 5251 1848 5304 ad
1891 5249 2144 5304 virtutem

569 5361 668 5398 ceu
729 5344 1003 5412 principes
1057 5357 1239 5398 causa:
1301 5357 1401 5397 nos
1451 5342 1769 5411 deducunt;
1808 5357 1906 5398 nec
1967 5343 2148 5398 minus

568 5435 902 5504 cupiditatis,
933 5436 998 5490 ad
1025 5435 1478 5503 perseverandum
1506 5437 1556 5488 in
1594 5435 1662 5490 iis
1692 5451 1814 5505 qua:
1848 5433 2149 5504 pulcherri-

569 5542 653 5580 ma
689 5540 812 5578 esse
841 5533 1001 5591 atque
1044 5523 1247 5592 optima
1281 5532 1671 5591 cognoverunt.
1735 5523 1965 5589 Quinam
2020 5538 2148 5593 ergo

569 5619 700 5672 tanti
717 5617 817 5670 viri
845 5615 1070 5680 fuerint,
1091 5625 1146 5667 ut
1176 5629 1295 5683 quae
1320 5613 1484 5669 nimia
1507 5625 1655 5680 sunt,
1681 5626 1830 5670 recto
1852 5616 2147 5686 voluptatis

563 5711 854 5764 usnvitare
895 5705 1211 5776 potuerint?
1244 5703 1551 5775 Perpaucos
1574 5707 1884 5776 huiusmodi
1931 5722 2030 5761 nos
2062 5707 2143 5760 in-

563 5812 822 5860 venturos
858 5801 1112 5868 arbitror,
1131 5800 1220 5871 qui
1243 5799 1456 5884 quidem
1481 5800 1580 5869 ipsi
1601 5811 1824 5893 caeteros
1841 5799 2002 5872 longo
2022 5809 2143 5881 post

2243 3435 2372 3472 ποτε
2425 3417 2788 3489 Σοδομίταις,
2829 3417 3101 3480 ἀεύσσους
3152 3419 3258 3486 γῆς
3323 3418 3570 3489 ἀνέῳξε,
3615 3414 3704 3469 καὶ
3730 3411 3809 3465 ati-

2239 3511 2331 3563 τὸν
2373 3509 2470 3562 τὸν
2494 3509 2748 3582 οὐρανὸν,
2785 3508 2860 3572 ὡς
2897 3497 3362 3579 κατακλυσθῆναι
3397 3510 3496 3565 καὶ
3529 3507 3684 3578 φύσιν
3705 3504 3809 3556 ἄλο·

2241 3618 2358 3670 γον,
2390 3601 2491 3654 ούκ
2546 3601 2898 3672 ὲνεχομένην,
2942 3600 3134 3672 ὥσπερ
3165 3602 3197 3672 ὴ
3229 3603 3520 3672 ἡμετέρα.
3558 3598 3627 3652 Σὺ
3659 3595 3710 3650 δέ
3735 3609 3807 3662 μοι

2241 3692 2461 3761 λογίζου
2511 3693 2639 3756 τοὺς
2679 3694 2737 3745 ὲν
2777 3694 2974 3763 ἐρήμῳ
3031 3693 3312 3758 πεσόντας
3361 3695 3477 3748 τῶν
3536 3686 3800 3744 Ἰουδαίων.

2241 3786 2324 3838 Τὰ
2375 3784 2583 3856 ταύτης
2646 3783 2928 3855 πανταχοῦ
2990 3783 3440 3854 κατορθώματα,
3479 3783 3568 3836 ἵνα
3611 3783 3681 3852 μὴ
3727 3773 3803 3826 κειὶ

2239 3871 2396 3938 αὖθις
2452 3875 2826 3946 διατρίϐωμεν
2881 3876 3310 3944 καταλέγοντες.
3369 3877 3446 3929 Τὸ
3490 3874 3548 3927 δὲ
3597 3864 3800 3935 ταυτησὶ

2241 3968 2538 4038 χείριστον,
2573 3969 2655 4022 ὅτι
2684 3967 2859 4022 ταῦτα
2892 3966 3260 4036 γινώσκοντες
3297 3970 3351 4022 οἱ
3377 3966 3682 4037 ἄνθρωποι.
3717 3957 3799 4010 οὒκ

2240 4059 2626 4130 ἀπαλλαγῆναι
2656 4059 2965 4130 δυνάμεθα,
3025 4059 3235 4132 σφόδρα
3278 4060 3539 4119 θέλοντες
3565 4071 3580 4086 °
3628 4053 3657 4121 ἢ
3696 4047 3797 4102 τοῦ·

2242 4152 2455 4206 ναντίον
2503 4155 2636 4216 ἴσως
2687 4153 3000 4222 δυνάμενοι,
3034 4153 3096 4206 ού
3140 4151 3479 4222 βουλόμεθα.
3509 4145 3658 4201 Ὥσθ’
3693 4142 3798 4194 ἔκαε

2239 4244 2482 4314 τέρωθεν
2510 4244 2708 4311 κακδν,
2739 4246 2835 4298 καὶ
2873 4239 3258 4314 ἀπαραίτητον
3296 4245 3567 4316 βλαϐερὸν
3596 4240 3626 4307 ἠ
3657 4230 3790 4306 ἡδονῆ

2241 4338 2488 4405 πέφυκεν
2518 4334 2662 4390 εἶναι
2685 4352 2698 4367 ·
2730 4337 2876 4404 λέγω
2904 4339 2962 4391 δὲ
3010 4339 3232 4401 πάντως
3270 4338 3536 4401 ἐκείνοις,
3584 4330 3689 4390 τοῖς
3735 4319 3796 4392 μὴ

2243 4427 2478 4499 βεϐηκός
2502 4445 2560 4482 τε
2586 4430 2683 4484 καὶ
2713 4429 2916 4499 πάγιον
2955 4431 3326 4502 κεκτημένοις
3391 4429 3660 4502 φρόνημα,
3714 4411 3792 4469 καὶ

2242 4523 2448 4591 πεῖραν
2493 4522 2840 4592 πραγμάτων
2872 4523 3267 4589 παντοδαπῶν,
3301 4527 3398 4580 καὶ
3424 4517 3662 4576 παιδείαν
3683 4511 3793 4574 ἀγαο

2247 4613 2375 4683 θὴν,
2414 4615 2514 4669 καὶ
2539 4613 2664 4668 νοῦν
2698 4613 2974 4670 ἀθόλωτον
3015 4615 3240 4683 πάθεσι,
3271 4616 3367 4670 καὶ
3419 4613 3615 4685 τρόπον
3661 4600 3794 4665 δόξηῖ

2249 4704 2485 4774 ἐρῶντα,
2521 4707 2616 4759 καὶ
2646 4705 2783 4768 ὅλως
2815 4722 2880 4774 γε
2924 4707 3147 4776 θέλησιν
3176 4706 3562 4776 αὐτοκίνητον,
3604 4694 3686 4751 καὶ
3719 4687 3790 4742 ἀεὶ

2249 4793 2350 4866 τὴν
2385 4794 2562 4866 ῥοπὴν
2607 4797 2956 4868 κεκτημένην
2989 4797 3125 4868 πρὸς
3151 4799 3178 4850 ὅ
3213 4815 3266 4852 τι
3299 4791 3586 4853 κάλλιστόν
3614 4803 3667 4839 τε
3715 4781 3789 4834 καὶ

2252 4882 2557 4958 βέλτιστον,
2601 4887 2662 4941 εὖ
2702 4887 2799 4956 μὲν
2830 4887 3384 4962 δυνάμεωςέχουσαν
3447 4885 3661 4956 γνῶναι.
3703 4875 3785 4926 δυ

2255 4978 2555 5032 αίτιώτατα
2591 4979 2732 5048 πρὸς
2776 4979 2875 5050 τὴν
2911 4978 3065 5033 θείαν
3099 4981 3303 5053 ἀρετὴν
3351 4981 3485 5034 ὅντα
3538 4967 3780 5053 τυγχάνει-ν

2255 5069 2315 5125 εὖ
2375 5071 2432 5126 δὲ
2482 5072 2795 5142 βουλήσεως
2844 5072 3032 5141 μένειν
3091 5074 3179 5144 ἐφ’
3234 5051 3317 5140 οἷς
3365 5071 3661 5129 καλλίστοις
3705 5051 3781 5108 καὶ
3851 5130 3853 5132 .

2255 5164 2506 5234 ἀρίστοις
2537 5163 2792 5232 ἔγνωσαν
2819 5163 2960 5219 οὖσίι.
3000 5165 3160 5229 Τίνες
3192 5163 3288 5220 οὖν
3321 5167 3386 5220 ἂν
3411 5160 3520 5216 είεν
3554 5149 3780 5210 τοσοῦτοι,

2255 5254 2331 5316 ὡς
2365 5252 2655 5323 διαφυγεῖν
2684 5255 2783 5324 τῆς
2817 5253 3013 5324 ἡδονῆς
3046 5256 3142 5318 τὰς
3173 5251 3480 5326 ὑπερὸολάς
3527 5237 3774 5326 δυνηθῆγαι

2260 5347 2326 5415 τῇ
2368 5345 2671 5416 γιγνομένῃ
2729 5361 2793 5413 γε
2825 5344 3033 5415 ταύτης
3078 5324 3321 5417 χρήσεις
3355 5343 3550 5410 Ὀλίγοι
3605 5345 3685 5404 μοι
3710 5324 3778 5376 ao.

2261 5437 2453 5493 κοῦσιν
2476 5436 3024 5510 εὑρεθήσεσθαι,κώ⁹
3072 5431 3222 5494 οὗτοί
3278 5457 3341 5509 γε
3393 5421 3773 5510 παρενεγκόντες

2261 5533 2388 5594 τοὺς
2417 5506 2610 5594 ἄλλους
2643 5506 2824 5601 πολλῷ
2845 5531 2925 5602 τῷ
2953 5530 3124 5602 μέσῳ.
3155 5506 3301 5586 Ὅτε
3314 5533 3419 5602 γὰρ
3437 5529 3525 5580 τὸν
3542 5506 3775 5602 ὀφθαλμὸν

2261 5621 2360 5692 τῆς
2386 5620 2566 5692 ψυχῆς
2593 5600 2806 5691 τυφλοῖ,
2853 5600 2964 5677 καὶ.
2993 5600 3288 5693 μαλακίζει
3317 5600 3406 5677 τὸν
3436 5615 3618 5680 ταύτης.
3648 5600 3769 5693 τένθν

2255 5716 2288 5785 ἡ
2322 5715 2419 5784 τῆς
2451 5714 2648 5784 ἡδονῆς
2679 5713 2824 5783 ίυγξ,
2856 5713 2976 5778 πῶς
2997 5692 3072 5768 οὐ
3112 5715 3174 5768 τὸ
3214 5715 3416 5784 ταύτης
3457 5692 3708 5771 ἐπαγωγόν
3727 5700 3770 5739 τ⁶

2251 5803 2350 5859 καὶ
2383 5803 2572 5873 θέλ-γον
2607 5803 2835 5877 μονονοὺ
2858 5804 2968 5882 ικαὶ
3000 5805 3218 5875 φύσεως
3286 5801 3646 5880 ἰσχυρότερονί
3692 5797 3782 5834 κν
