3978 6578
277 444 401 513 4θὶ

1693 438 1990 502 ORATIO
2035 441 2101 502 V.

3441 443 3548 510 462

293 566 349 616 εἰ
373 565 486 625 ταῖς
516 561 845 632 ὑπερϐολαῖς
874 561 985 616 τῶν
1011 561 1248 633 ήδῖστων
1306 560 1563 616 κάκιστοι
1592 562 1857 630 γινόμεθα

1971 576 2022 614 se
2051 559 2335 615 intervallo
2365 521 2881 630 reliqueruntham
2911 577 3036 620 cum
3087 563 3337 621 illecebra
3383 565 3546 620 volu-

303 657 498 718 πάντες
518 654 906 726 ἄνθρωποι(ού
932 655 1044 724 γὰρ
1085 655 1253 719 ἔστιν,
1307 654 1407 708 οὐκ
1464 653 1610 708 ἐστιν
1667 655 1862 718 αὑταῖς

302 747 628 818 χρωμένους,
659 747 903 815 ἀγαθοὺς
942 743 1128 816 εἶναι),
1156 748 1218 800 τὸ
1243 747 1303 800 δὲ
1361 747 1585 818 μέτριον
1625 748 1850 818 ἄριστον

308 835 588 906 πανταχοῦ,
631 840 886 890 τοσοῦτον
939 838 994 891 δὲ
1032 838 1296 907 χαλεπὸν,
1335 838 1432 891 καὶ
1493 838 1732 909 μάλιστά
1790 855 1858 907 γε

314 927 546 994 ἐνταῦθα,
577 929 774 982 ὁπόσον
820 928 950 998 ἄρτι
988 930 1298 999 δεδήλωκεν
1325 931 1460 1001 ἡμῖν
1489 933 1517 984 ὁ
1549 930 1676 998 λόγο
1702 947 1716 963 ο
1744 931 1866 995 πῶς

311 1023 396 1074 οὐκ
419 1021 672 1090 ἄντικρυς
706 1022 879 1075 κακὸν
918 1022 996 1089 τῷ
1029 1021 1133 1090 βίῳ
1163 1023 1196 1092 ἡ
1238 1022 1428 1093 ἡδονὴ,
1452 1022 1521 1078 δι’
1561 1023 1622 1094 ἢν
1679 1039 1866 1094 παρα-

315 1111 606 1181 καλούμεθα
637 1114 811 1166 τεκαὶ
833 1113 1135 1183 βιαζόμεθα
1161 1114 1301 1182 πρὸς
1326 1114 1426 1178 τὰς
1443 1114 1665 1180 ἐκείνης
1693 1115 1866 1185 ὑπερ-

317 1204 474 1269 ϐολὰς,
507 1205 576 1258 δι’
603 1207 670 1268 ἃς
709 1223 772 1274 γε
801 1206 976 1275 δήπου
1005 1207 1113 1260 τῶν
1139 1208 1325 1262 καλῶν
1353 1209 1582 1264 καὶτῶν
1617 1211 1864 1278 ἀγαθῶν,

316 1297 408 1350 τῶν
436 1313 492 1350 τε
520 1296 636 1360 νῦν,
685 1299 795 1351 τῶν
831 1315 889 1351 τε
939 1300 1249 1368 μελλόντων
1297 1303 1641 1373 ἐκπίπτομεν
1687 1305 1865 1358 ᾶπαν-

317 1407 421 1454 τες;
443 1387 546 1443 Ἦν
572 1392 682 1459 ἄρα
703 1394 956 1462 κρεῖττον
987 1394 1249 1464 τοιαύτην
1301 1394 1468 1450 οὖσαν
1515 1396 1614 1467 τὴν
1643 1398 1864 1468 ἡδονὴν.

315 1481 482 1534 ὁποίαν
535 1500 601 1548 γε
633 1484 769 1554 ἡμῖν
818 1483 1132 1556 διαγράψας
1169 1489 1198 1540 ό
1264 1485 1428 1556 λόγος
1474 1487 1701 1556 εδειεεν,
1761 1492 1863 1544 οὐκ

313 1573 535 1641 ἀκριϐῶς
573 1573 674 1643 μὲν
707 1569 864 1644 οἶμαι
893 1577 1264 1644 παντάπασιν,
1300 1577 1377 1641 ὡς
1431 1578 1476 1632 δ’
1510 1575 1605 1633 οὖν
1635 1575 1747 1634 οἷόν
1800 1598 1862 1634 τε

315 1661 535 1730 ὑπῆρξεν
559 1663 777 1732 ἐκείνην
806 1665 1282 1731 διατυπώσασθαι,
1343 1666 1616 1739 μηδαμῶς
1657 1671 1865 1741 ταύτην

312 1750 459 1818 εἶναι,
494 1754 627 1823 μηδὲ
659 1759 918 1824 παρεῖναι
941 1759 1080 1828 τῷδε
1111 1759 1190 1829 τῷ
1219 1760 1344 1831 βίῳ,
1373 1762 1508 1830 μηδὲ
1543 1763 1642 1833 τὴν
1681 1764 1860 1835 ἀρχὴν

311 1845 616 1922 ὑφεστάναι,
651 1848 959 1919 κιιιθαπεριεί⁸
988 1853 1279 1923 καταρχὰς
1318 1855 1556 1923 εἴρηται.
1594 1855 1750 1910 Οὕτω
1781 1875 1866 1910 τι-

312 1939 390 1998 νὲς
413 1937 514 1989 τῶν
545 1939 798 2008 σοϐαρῶν
831 1942 931 2012 μὲν
961 1944 1142 2007 ἄλλως
1205 1946 1300 1998 καὶ
1335 1947 1686 2017 ὑπερόγκων,
1727 1949 1867 2018 πρὸς

311 2028 361 2080 δὲ
404 2031 498 2098 τὴν
519 2030 762 2100 ἄκοσμον
790 2035 1008 2103 τρυφὴν
1057 2041 1278 2090 πάντων
1325 2037 1454 2108 ἑξῆς
1505 2039 1885 2107 ἐπιλανθανόε

314 2134 474 2184 μενοι,
506 2121 740 2186 ἑαυτούς
765 2140 831 2192 γε
864 2124 1137 2194 κρύπτειν
1197 2127 1502 2193 ἐθέλοντες,
1560 2131 1694 2200 μηδὲ
1750 2133 1872 2201 κρίο

311 2226 412 2261 νειν
440 2213 797 2280 ἐπιστάμενοι
825 2217 1148 2286 πρεπόντως
1210 2212 1368 2286 οἶμαι
1437 2220 1508 2273 τὰ.
1564 2223 1866 2291 πρέποντα,
1912 2276 1917 2280 ,

308 2302 399 2371 τὴν
425 2303 622 2373 ἡδονὴν
660 2308 1038 2376 διαϐάλλουσι,
1096 2309 1293 2378 λόγους
1341 2329 1401 2365 τε
1463 2313 1866 2382 προτείνοντες,

307 2396 394 2446 καὶ
422 2397 640 2460 εἰκόνας
673 2399 1028 2465 πλάττοντες.
1061 2402 1233 2476 tgna
1277 2402 1380 2474 μὲν
1411 2405 1544 2470 ῐσως
1577 2406 1677 2460 οὐκ
1703 2409 1868 2476 ἀγεν-

306 2487 422 2554 νῶς,
449 2490 586 2558 πρὸς
620 2491 680 2544 ἓν
710 2510 762 2545 τι
795 2494 850 2547 δὲ
882 2495 1192 2568 βλαϐερῶς,
1221 2497 1298 2562 ὡς
1336 2499 1404 2553 ἂν
1435 2500 1614 2569 ἔγωγε
1671 2500 1866 2570 φαίην.

303 2579 406 2649 Τῆς
426 2581 537 2654 γὰρ
576 2585 729 2653 σφῶν
752 2586 936 2642 αὐτῶν
962 2590 1167 2653 κακίας
1200 2591 1486 2647 αἰτιῶνται
1532 2595 1632 2663 μὲν
1670 2593 1870 2654 αὐτοὺς

299 2673 566 2745 οὐδαμῶς,
625 2679 658 2748 ἢ
718 2679 919 2750 μικρόν
972 2699 1048 2746 τι,
1086 2683 1268 2754 σοφὸν,
1302 2684 1615 2747 ποιοῦντες,
1659 2685 1761 2753 τὴν
1811 2684 1869 2737 δὲ

295 2764 486 2835 ἡδονὴν
505 2768 648 2820 κατὰ
672 2769 876 2834 πάντα,
897 2772 1030 2840 μηδὲ
1047 2771 1187 2825 Θεοῦ
1204 2755 1536 2842 φειδόμενοι,
1563 2773 1638 2836 ὡς
1661 2775 1868 2844 προῖὼν

289 2857 320 2908 ό
359 2856 513 2923 λόγος
576 2857 830 2926 δηλώσει.
869 2859 1044 2916 Τοῦτό
1098 2881 1189 2935 μοι
1217 2865 1373 2918 δοκεῖ
1413 2864 1696 2922 ’κάκιστον
1729 2861 1868 2920 εἶναι

286 2947 402 3002 τῶν
438 2949 626 3013 αὐτοῖς
679 2953 1014 3022 εἰρημένων.
1085 2955 1246 3010 Οὕτω
1302 2957 1512 3021 πάντες
1548 2957 1650 3026 μὲν
1712 2960 1870 3029 σοφοὶ

1963 649 2127 719 ptatis
2164 649 2391 705 loculum
2445 652 2609 705 animi
2660 660 2919 715 excaecat,
2957 653 3184 724 ejusque
3247 653 3555 707 contentio-

1969 753 2092 792 nem
2139 739 2430 794 molliendo
2464 741 2688 812 frangit,
2719 745 2808 814 qui
2855 743 2968 798 fieri
3005 753 3183 813 potest
3218 753 3274 797 ut
3323 743 3554 813 insignis

1971 830 2094 900 ejus
2153 829 2209 885 in
2260 831 2586 900 pelliciendo
2633 834 3102 904 demulcendoque
3154 837 3239 891 vis
3295 851 3399 890 non
3437 836 3551 905 ipsa

1969 936 2137 992 prope
2186 932 2380 977 natura
2419 924 2492 978 sit
2532 922 2725 978 fortior
2753 924 2776 977 ?
2801 923 2878 980 Ac
2907 925 2952 980 si
3006 924 3224 993 pessimi
3276 924 3559 979 evadimus

1973 1014 2211 1069 universi
2241 1016 2498 1070 mortales
2522 1031 2615 1084 per
2639 1031 2700 1071 ea
2728 1032 2850 1087 quae
2871 1017 3288 1088 iucundissimis
3319 1018 3370 1072 in
3395 1017 3557 1073 rebus

1970 1103 2140 1158 nimia
2200 1115 2327 1160 sunt
2361 1105 2573 1176 (nequit
2602 1109 2774 1177 enim,
2833 1110 3020 1178 nequit
3065 1110 3288 1164 omnino
3347 1109 3463 1164 ﬁeri
3497 1118 3558 1164 ut

1969 1197 2059 1266 qui
2103 1197 2219 1255 haec
2275 1209 2554 1254 sectantur
2583 1201 2709 1256 boni
2767 1203 2924 1271 sint),
2957 1212 3010 1256 et
3042 1204 3088 1258 si
3122 1203 3268 1279 quod
3319 1203 3556 1258 medium

1971 1301 2075 1354 est,
2105 1292 2368 1360 optimum
2402 1293 2455 1347 id
2486 1294 2706 1363 quidem
2733 1305 2818 1350 est
2851 1296 3072 1365 ubique,
3110 1298 3206 1352 sed
3229 1291 3397 1350 'tanta
3431 1311 3556 1350 cum

1969 1377 2290 1434 difficultate
2335 1381 2704 1450 conjunctum,
2742 1387 3038 1452 prmsertim
3072 1385 3123 1439 in
3163 1401 3222 1439 re
3254 1386 3558 1456 proposita.

1969 1479 2169 1540 quanta
2215 1486 2320 1526 non
2375 1473 2446 1527 ita
2500 1475 2706 1544 pridem
2747 1491 2777 1529 a
2826 1477 2981 1531 nobis
3027 1483 3119 1531 est
3160 1476 3420 1544 indicata,
3451 1493 3560 1548 quo

1971 1567 2128 1629 pacto
2156 1575 2262 1614 non
2306 1576 2437 1618 vere
2489 1563 2648 1620 noxia
2681 1565 2804 1620 vitae
2829 1567 3078 1635 voluptas
3110 1577 3218 1633 est,
3269 1583 3560 1643 perquam

1968 1660 2027 1705 et
2080 1649 2378 1707 invitamur
2407 1664 2464 1708 et
2523 1657 2776 1726 cogimur
2806 1657 2871 1712 ad
2903 1673 2965 1714 ea
3002 1674 3122 1728 quae
3161 1660 3216 1715 in
3249 1661 3351 1717 bac
3390 1663 3561 1717 nimia

1969 1754 2118 1810 sunt,
2157 1745 2226 1798 ob
2255 1760 2374 1814 quae
2404 1748 2620 1816 quidem
2656 1749 2770 1818 ipsa
2803 1760 2910 1804 tam
2960 1755 3243 1821 praesentis
3269 1770 3427 1821 quam
3470 1753 3560 1809 fu-

1969 1842 2106 1888 turae
2129 1838 2253 1891 vitae,
2289 1838 2428 1894 bona
2479 1856 2671 1896 omnes
2707 1844 3052 1899 amittimus?
3097 1846 3363 1902 Nimirum
3413 1849 3565 1903 volu'

1971 1937 2198 1996 ptatem,
2223 1945 2344 2000 quas
2384 1933 2509 1987 talis
2536 1934 2605 1988 sit
2631 1935 2844 2002 qualem
2877 1938 3030 1993 nobis
3053 1953 3170 1993 eam
3197 1941 3353 2009 quasi
3389 1939 3564 2009 pictu-

1971 2034 2032 2074 ra
2063 2022 2297 2090 quadam
2332 2024 2445 2079 haec
2467 2026 2932 2095 exhibui-toralia,
2960 2045 3064 2085 non
3086 2032 3312 2086 omnino
3333 2032 3552 2102 quidem

1971 2123 2252 2180 accurate,
2310 2117 2570 2186 arbitror,
2596 2129 2869 2190 quatenus
2913 2129 3096 2177 tamen
3179 2123 3328 2178 illam
3379 2127 3565 2194 expri-

1971 2218 2121 2260 mere
2178 2208 2352 2272 licuit,
2390 2211 2549 2280 plane
2607 2229 2714 2268 nou
2779 2230 2902 2270 esse
2952 2218 3268 2286 prestabat,
3304 2233 3404 2273 nec
3437 2219 3565 2274 huic

1979 2297 2175 2352 adesse
2211 2298 2352 2363 vita,
2389 2317 2486 2356 nec
2518 2317 2742 2372 prorsus
2766 2307 3055 2372 exsistere,
3101 2309 3562 2377 quemadmodum

1970 2389 2041 2444 ab
2079 2389 2235 2444 initio
2268 2392 2474 2446 dictum
2524 2393 2646 2448 fuit.
2685 2394 2798 2451 Hoc
2855 2401 3014 2453 modo
3075 2401 3346 2467 nonnulli,
3383 2404 3562 2458 severi

1981 2482 2204 2553 quidem
2254 2483 2390 2540 alias
2436 2495 2493 2540 et
2543 2487 2734 2554 inﬂati,
2768 2489 2862 2545 sed
2924 2507 3048 2546 cum
3104 2497 3172 2548 ad
3209 2495 3560 2550 inhonestam

1972 2572 2312 2643 voluptatem
2373 2588 2594 2631 ventum
2648 2588 2753 2646 est,
2809 2580 3052 2635 omnium
3113 2581 3507 2638 oblivisceutes
3540 2621 3558 2647 ,

1973 2667 2102 2720 dum
2173 2668 2454 2723 occultare
2508 2683 2632 2725 sese
2687 2671 2938 2742 cupiunt,
2999 2686 3099 2728 nec
3156 2682 3364 2728 rectum
3417 2673 3563 2729 ferre

1971 2757 2234 2826 judicium
2263 2769 2487 2826 norunt,
2531 2762 2858 2830 voluptatem
2896 2764 3289 2828 criminantur,
3321 2777 3374 2819 et
3394 2767 3564 2821 ratio-

1969 2862 2068 2902 nes
2089 2851 2793 2922 praetexendo,rtimagines
2819 2857 2972 2923 quasi
2999 2856 3256 2923 quasdam
3283 2855 3561 2924 fingendo:

1972 2939 2134 3008 idque
2181 2945 2474 3013 ceteroqui
2551 2945 2785 3002 fortasse
2849 2963 2954 3003 non
3007 2949 3286 3004 instrenue
3321 2988 3336 3012 ,
3369 2965 3558 3003 verum

286 3039 435 3106 πρὸς
458 3040 560 3110 τὴν
594 3041 878 3111 ἡμετέραν
941 3045 1123 3100 αὐτῶν
1164 3046 1472 3114 ἀπώλειαν,
1521 3049 1636 3102 ὅσοι
1674 3049 1739 3120 δὴ
1770 3049 1866 3121 τὴν

1974 3033 2140 3089 unius
2179 3036 2258 3091 rei
2316 3049 2563 3107 respectu
2626 3052 2908 3103 nocenter.
2932 3050 2988 3094 ut
3018 3041 3269 3111 equidem
3329 3043 3560 3097 sentio:

282 3131 593 3202 ρᾳθυμίαν,
625 3135 743 3188 ὅσοι
771 3137 872 3205 τὴν
903 3139 1194 3210 ῥᾳστώνην
1213 3140 1385 3209 αὐτὴν
1415 3141 1512 3195 τοῦ
1541 3142 1714 3194 καλοῦ
1735 3159 1866 3214 προ-

1973 3129 2174 3200 quippe
2207 3132 2423 3200 seipsos
2467 3131 2782 3187 vitiositatis
2819 3148 2930 3186 sua:
2965 3135 3184 3189 nomine
3217 3150 3562 3205 nequaquam

277 3224 580 3294 κρίνομεν,
614 3226 709 3278 καὶ
734 3227 794 3278 τὸ
822 3227 1025 3281 αὐτίκα
1047 3229 1256 3284 ἄλυπον
1283 3231 1394 3285 τῶν
1433 3231 1728 3303 ἐσύστερον
1778 3249 1866 3300 με·

1979 3222 2062 3276 vel
2114 3223 2333 3291 paulum
2377 3224 2570 3278 saltem
2603 3225 2847 3293 culpent,
2885 3236 3064 3281 astute
3103 3227 3156 3281 id
3199 3228 3421 3297 quidem
3451 3244 3465 3280 :
3492 3227 3560 3280 ad

280 3316 502 3383 γίστων
578 3317 804 3384 ἀγαθῶν
857 3320 1224 3390 προτιμῶμεν
1254 3339 1268 3354 ’
1329 3323 1380 3377 οἱ
1426 3323 1484 3376 δὲ
1521 3321 1713 3377 πολλοὶ
1758 3324 1866 3377 τῶν

1975 3313 2306 3383 voluptatem
2344 3329 2478 3370 vero
2533 3316 2775 3371 referunt
2819 3319 3025 3381 omnia,
3053 3332 3120 3372 ne
3181 3319 3292 3374 Deo
3339 3319 3560 3389 quidem
3618 3385 3626 3394 _

267 3408 549 3462 τοιούτων
573 3409 696 3462 οὐδὲ
741 3409 955 3464 πείθειν
987 3414 1216 3477 ἑαυτοὺς
1241 3414 1518 3482 δύνανται,
1571 3416 1648 3480 ὡς
1704 3416 1864 3485 ὤφθη

1975 3416 2281 3476 parcentes,
2308 3407 2384 3460 uti
2416 3422 2706 3477 progressa
2733 3409 2959 3464 ulterius
2984 3409 3164 3464 oratio
3183 3411 3420 3464 docebit.
3450 3408 3563 3462 Hoc

281 3499 347 3566 γέ
374 3516 460 3562 τις
485 3498 814 3569 ἀνθρώπων,
847 3503 1118 3564 κρείττων
1167 3506 1278 3559 τῶν
1310 3508 1536 3576 ἡδονῶν.
1587 3508 1720 3560 Ἀπὸ
1757 3507 1864 3579 γὰρ

1975 3497 2106 3552 mihi
2137 3499 2434 3566 pessimum
2455 3515 2576 3555 esse
2591 3501 2802 3555 videtur
2823 3516 2886 3555 ex
2916 3502 3169 3556 omnibus
3195 3517 3316 3572 quae
3335 3502 3402 3554 ab
3433 3500 3562 3569 ipsis

279 3589 393 3642 τῶν
410 3591 700 3661 ἡμετέρων
719 3593 794 3655 ὡς
811 3595 1109 3648 ὲπιτοπολὺ
1131 3597 1448 3667 τάλλότριον
1463 3598 1752 3669 κρίνομεν,
1772 3600 1866 3653 καί¹

1977 3591 2184 3661 prolata
2227 3601 2372 3646 sunt.
2419 3589 2474 3644 lu
2511 3592 2656 3646 hunc
2697 3593 2915 3646 modum
2960 3609 3152 3648 omnes
3201 3606 3438 3649 nostram
3491 3594 3559 3645 ad

281 3681 343 3734 τὸ
374 3682 520 3749 ὑπὲρ
557 3684 657 3742 τὴν
685 3683 846 3753 ἡμῶν
865 3685 1094 3759 ᾁνδρίαν
1124 3687 1396 3756 ἁναφανὲν
1429 3688 1570 3759 ὑπὲρ
1606 3689 1706 3759 τὴν
1756 3689 1866 3744 τῶν

1977 3681 2273 3752 perniciem
2311 3684 2486 3754 arguti
2520 3698 2731 3744 sumus,
2769 3695 3036 3752 quotquot
3077 3686 3374 3753 ignaviam,
3399 3696 3562 3756 quot-

281 3755 940 3843 ὅλωνεῐναινομίζομεν.
1242 3755 1247 3756 ί
1363 3821 1370 3829 .
1538 3755 1549 3759 ’
1661 3755 1672 3759 ⁷

1975 3784 2109 3848 quot
2137 3775 2307 3844 ipsam
2340 3775 2606 3830 desidiam
2656 3776 2886 3830 honesto
2917 3779 3318 3844 anteponimus,
3355 3755 3562 3832 etmo-

287 3875 633 3922 mentaneam
663 3869 861 3926 doloris
887 3871 1209 3927 vacuitatem
1264 3875 1528 3941 potiorem
1575 3889 1741 3945 quam
1781 3883 2037 3931 secutura
2090 3870 2352 3938 deinceps
2399 3870 2632 3924 maxima
2691 3870 2829 3925 bona
2873 3871 3147 3927 ducimus.
3217 3874 3292 3928 Ex
3337 3891 3562 3935 eorum-

288 3960 413 4016 dem
474 3975 703 4015 numero
768 3962 1078 4031 complures
1130 3980 1196 4020 ne
1251 3967 1586 4034 persuadere
1646 3967 1866 4038 quidem
1909 3965 2013 4020 sibi
2048 3971 2296 4031 possunt,
2367 3960 2533 4015 ullum
2585 3978 2816 4032 unquam
2893 3964 3170 4019 hominem
3203 3980 3560 4038 conspectum
3614 4030 3621 4036 .

288 4045 492 4119 fuisse,
547 4054 638 4123 qui
690 4055 1024 4124 voluptatum
1084 4056 1559 4128 vim'pervicerit.
1607 4059 1743 4115 Nam
1802 4061 1868 4116 de
1907 4059 2111 4114 nostris
2147 4043 2326 4112 alie-na
2367 4056 2687 4126 plerumque
2766 4059 3098 4128 iudicamus,
3137 4063 3391 4133 quodque
3460 4081 3558 4120 su-

285 4163 384 4218 pra
417 4149 793 4206 fortitudinem
829 4161 1071 4207 nostram
1122 4155 1357 4222 exsistit,
1401 4159 1644 4213 omnium
1695 4172 1958 4229 superare
1988 4153 2359 4211 fortitudinem
2415 4164 2688 4224 putamus.

891 4268 1110 4321 ΛΟΓΟΣ
1151 4269 1226 4326 1‘}.

289 4356 428 4435 Περὶ
483 4354 712 4426 ἡδονῆς
742 4370 758 4387 ⁸
807 4357 1116 4483 ἀντίπαις
1171 4363 1261 4428 εἰς
1319 4363 1430 4418 τὸν·
1496 4364 1612 4435 πρὸ
1688 4367 1864 4423 τοῦδε

597 4466 602 4470 .
1024 4447 1153 4483 γιον.

597 4466 602 4470 .
939 4447 1153 4498 μισγον.

359 4521 532 4574 Ταυτὶ
561 4515 775 4590 μὲνοῦν
799 4521 867 4576 τὰ
887 4522 1037 4593 παρὰ
1061 4522 1174 4577 τῶν
1217 4528 1587 4598 μεμφομένων
1619 4529 1718 4601 τὴν
1744 4532 1868 4601 ήδο⁹

2570 4272 2827 4331 ORATIO
2866 4273 2930 4330 V.

2047 4374 2124 4428 De
2152 4373 2458 4440 voluptate;
2490 4383 2594 4440 qua
2637 4367 2935 4435 prwcedens
2987 4370 3158 4423 oratio
3201 4370 3485 4440 relellitur.

2057 4545 2183 4584 nare
2213 4543 2345 4599 ergo
2376 4537 2652 4598 suntquae
2692 4528 2743 4582 in
2774 4528 3012 4583 medium
3050 4543 3080 4581 a
3115 4529 3444 4599 voluptatem
3475 4533 3557 4586 vi-

290 4612 412 4683 vﬁv'
459 4611 570 4681 ἐγὼ
590 4613 649 4665 δὲ
672 4613 847 4684 ταύτῃ
868 4616 1210 4685 πειράσομαι
1246 4618 1488 4688 βοηθεῖν,
1537 4623 1725 4676 δίκαια
1781 4641 1866 4677 νο-

1972 4621 2347 4691 tuperantibus
2387 4621 2707 4674 afferuntur.
2763 4618 2873 4689 Ego
2922 4635 3052 4676 vero
3105 4636 3264 4691 Opem
3323 4624 3369 4675 ei
3412 4622 3557 4676 ferre

297 4704 472 4774 μίζων
501 4706 675 4758 ποιεῖν
695 4721 710 4736 ο
738 4705 832 4758 καὶ
855 4705 1030 4770 ὅπως,
1055 4709 1163 4778 ἥδη
1185 4713 1463 4779 φανεῖται.
1516 4714 1740 4785 Ἐπειδὴ
1759 4715 1866 4785 γὰρ

296 4796 546 4866 περὶτῆς
569 4797 766 4866 ἡδονῆς
792 4799 842 4850 οἰ
868 4799 967 4868 μὲν
997 4799 1173 4862 οὕτως
1223 4801 1410 4871 ἔχουσι
1428 4804 1677 4874 γνώμης,
1735 4809 1784 4860 οἰ
1808 4806 1867 4860 δὲ

296 4885 511 4945 mm-
571 4885 665 4937 καὶ
704 4885 850 4946 τινες
904 4887 1107 4952 τελέως
1135 4891 1501 4962 ἐκτρέπονται
1553 4893 1868 4967 τῆς.ὀρθῶς

296 4975 384 5026 ἐπὶ
409 4973 646 5041 τάληθὲς
664 4974 962 5044 φερούσης,
987 4977 1160 5030 κακόν
1191 4980 1364 5034 τικαὶ
1394 4981 1719 5052 ἀσύμφορον
1736 4985 1869 5038 ταύ-

295 5080 396 5132 την
418 5058 562 5115 εἶναι
585 5062 900 5132 νομίζοντες
925 5081 938 5095 ·
971 5067 1121 5124 οὗτοι
1145 5070 1202 5124 δὲ
1233 5073 1572 5143 ήπάτηνται,
1603 5079 1680 5142 ὡς
1698 5079 1866 5148 ἔγωγ’

297 5154 361 5206 ἃν
385 5155 779 5224 ἰσχυρισαίμην
818 5156 962 5212 πάνυ
997 5160 1343 5232 θαρρούντως
1365 5183 1378 5197 ⁸
1402 5167 1520 5230 πῶς
1551 5169 1654 5223 οὐκ
1711 5172 1866 5225 εἰσα-

299 5247 452 5298 κτέον
481 5247 664 5309 αὐτοῖς
693 5246 972 5318 βοήθειαν,
1021 5252 1120 5322 ὅση
1149 5254 1349 5326 δυνατή
1373 5276 1389 5324 ;
1427 5259 1487 5312 Εἰ
1529 5262 1630 5329 γὰρ
1649 5263 1711 5315 τὸ
1729 5263 1867 5317 πλα-

296 5336 492 5391 νᾶσθαι
532 5336 653 5390 λίαν
687 5339 880 5404 κακὸν,
910 5341 970 5394 τὸ
999 5343 1055 5395 δὲ
1099 5345 1490 5416 πλανωμένους
1515 5351 1716 5421 όρθοῦν
1747 5371 1867 5409 πει-

301 5430 525 5498 ρᾶσθαι,
576 5428 792 5500 βοηθεῖν
841 5432 1028 5495 αὐτοῖς
1078 5436 1217 5501 ἐστι,
1264 5439 1446 5492 καὶτὸ
1497 5441 1714 5511 βοηθεῖν
1752 5448 1866 5510 τοίς

299 5519 624 5589 ὀμογενέσιν
648 5523 730 5583 εἰς
760 5521 1008 5591 δύναμιν,
1028 5524 1202 5580 ἅπασι
1253 5530 1414 5598 χρέος
1447 5535 1629 5589 κοινόν
1650 5551 1664 5565 ⁶
1724 5538 1864 5592 καλὰ

297 5619 392 5663 ut
436 5609 624 5663 δίκαια
691 5615 837 5666 ποιεῖ
878 5615 909 5668 ό
946 5616 1015 5668 τὰ
1072 5618 1259 5671 εἰκότα
1310 5621 1535 5690 ἀμύνων
1573 5626 1638 5693 τῇ
1674 5627 1861 5698 ἡδονῇ,

297 5699 419 5752 καθ’
447 5700 476 5752 ὅ
515 5717 578 5768 γε
617 5701 780 5770 μέρος
812 5704 910 5756 οὐκ
932 5705 1039 5759 ἔδει
1065 5707 1472 5780 πολεμουμένη.
1517 5712 1576 5766 ’0
1605 5715 1714 5784 γὰρ
1733 5717 1864 5768 ταύ-

294 5807 358 5859 τῃ
409 5790 620 5860 βοηθῶν
653 5791 843 5862 βοηθεῖ
870 5797 986 5859 τοῖς
1015 5797 1417 5870 πλανωμένοις,
1452 5803 1546 5865 καὶ
1561 5805 1859 5860 ἀποδίδωσι

293 5880 450 5950 χρέος
490 5882 625 5935 πᾶσι
650 5884 764 5946 τοῖς
787 5884 1098 5958 ἀνθρώποις
1122 5891 1494 5962 ὀφειλόμενον.
1537 5895 1691 5951 Ὥστ’
1731 5899 1856 5970 ἐμοὶ

1971 4712 2236 4777 conabor,
2265 4711 2408 4780 quod
2437 4711 2560 4781 jure
2593 4725 2680 4766 me
2715 4711 2766 4764 id
2801 4711 2982 4765 facere
3021 4720 3227 4779 putem,
3250 4710 3406 4779 cujus
3431 4712 3558 4778 qui-

1969 4804 2094 4858 dem
2124 4803 2361 4858 insﬁmti
2396 4803 2537 4858 ratio
2586 4817 2710 4855 mox
2750 4802 3053 4871 apparebit.
3099 4802 3239 4855 Cum
3289 4802 3432 4853 enim
3489 4803 3556 4856 de

1969 4873 2250 4964 voluptate
2274 4895 2475 4948 borum
2503 4895 2576 4947 sit
2628 4893 2741 4947 haec
2786 4893 3076 4956 sententia,
3116 4891 3345 4955 illorum
3396 4891 3499 4943 alia
3535 4931 3552 4954 ,

1939 5015 1947 5023 -
1973 5003 2208 5057 cumque
2229 4988 2298 5042 de
2322 4998 2472 5040 recto
2496 4986 2563 5040 ad
2583 4986 2869 5040 veritatem
2901 4984 3090 5038 itinere
3119 4983 3366 5036 nonnulli
3395 4982 3554 5051 plane

1970 5078 2275 5139 deﬂectant,
2297 5076 2432 5131 dum
2473 5063 2756 5129 eam'esse
2789 5072 2987 5126 malum
3046 5071 3316 5140 quoddam
3347 5082 3403 5125 et
3438 5087 3552 5125 rem

1966 5172 2190 5225 noxiam
2215 5168 2572 5232 arbitrantur,
2599 5181 2738 5236 quos
2763 5164 3018 5234 equidem
3049 5165 3101 5218 in
3134 5179 3324 5218 errore
3343 5165 3550 5219 versari

1966 5251 2310 5317 confidenter
2360 5259 2652 5312 admodum
2713 5255 3126 5322 afttrmaverim,
3183 5271 3285 5310 cur
3337 5271 3442 5311 non
3471 5257 3554 5310 eis

1969 5366 2376 5416 succurramus,
2423 5351 2638 5422 quantis
2709 5354 2842 5405 sane
2894 5347 3100 5403 viribus
3153 5347 3551 5403 licebitiNam

1967 5443 2014 5498 si
2058 5441 2212 5495 valde
2250 5441 2450 5494 malum
2499 5451 2584 5494 est
2620 5438 2969 5505 liallucinari,
2995 5447 3049 5492 et
3096 5437 3550 5493 hallucinantium

1968 5533 2364 5591 correctionem
2421 5533 2622 5601 moliri,
2657 5548 2814 5602 opem
2872 5532 2953 5587 eis
2997 5539 3081 5587 est
3128 5531 3317 5598 ferre;
3345 5545 3552 5600 proque

1966 5626 2170 5678 viribus
2201 5639 2356 5694 Opem
2391 5624 2533 5679 ferre
2548 5625 2760 5694 generis
2778 5624 3156 5693 conjunctione
3180 5621 3467 5684 devinctis,
3505 5621 3552 5673 si

1966 5715 2210 5769 debitum
2283 5717 2552 5785 quoddam
2601 5726 2706 5781 est,
2763 5715 3134 5786 praestandum
3187 5715 3551 5768 communiter

1965 5807 2264 5871 universis,
2296 5807 2548 5866 nimirum
2599 5808 2826 5863 honeste
2849 5821 2913 5861 ac
2943 5807 3089 5876 juste
3120 5803 3272 5867 facit,
3303 5801 3395 5869 qui
3421 5815 3557 5856 con-

1962 5899 2238 5957 sentaneis
2285 5899 2584 5958 rationibus
2645 5910 2872 5957 eatenus
2905 5900 3231 5969 voluptatem
3295 5891 3547 5950 defendit
