  <div class='ocr_page' id='page_1' title='image "/cluster/home/n/w/nwhite01/storage/ocr_20150623/156/hvd.32044019208438/306.png"; bbox 0 0 3978 6576; ppageno 0'>
   <div class='ocr_carea' id='block_1_1' title="bbox 200 427 3541 497">
    <p class='ocr_par' dir='ltr' id='par_1_1' title="bbox 200 427 3541 497">
     <span class='ocr_line' id='line_1_1' title="bbox 200 427 3541 497; baseline 0 -6"><span class='ocrx_word' id='word_1_1' title='bbox 200 427 380 491; x_wconf 67' lang='lat' dir='ltr'><strong>L69</strong></span> <span class='ocrx_word' id='word_1_2' title='bbox 1696 433 1979 497; x_wconf 81' lang='lat' dir='ltr'><strong>ORATIO</strong></span> <span class='ocrx_word' id='word_1_3' title='bbox 2015 437 2088 497; x_wconf 88' lang='lat' dir='ltr'><strong>V.</strong></span> <span class='ocrx_word' id='word_1_4' title='bbox 3437 429 3541 492; x_wconf 67' lang='grc' dir='ltr'><strong>ΓΟ</strong></span> 
     </span>
    </p>
   </div>
   <div class='ocr_carea' id='block_1_2' title="bbox 210 545 1889 626">
    <p class='ocr_par' dir='ltr' id='par_1_2' title="bbox 210 545 1867 622">
     <span class='ocr_line' id='line_1_2' title="bbox 210 545 1867 622; baseline 0.006 -26"><span class='ocrx_word' id='word_1_5' title='bbox 210 561 367 611; x_wconf 78' lang='lat' dir='ltr'><strong>pou</strong></span> <span class='ocrx_word' id='word_1_6' title='bbox 383 545 599 618; x_wconf 76' lang='grc' dir='ltr'><strong>μένην.</strong></span> <span class='ocrx_word' id='word_1_7' title='bbox 625 545 797 602; x_wconf 83' lang='grc' dir='ltr'><strong>Ταυτὶ</strong></span> <span class='ocrx_word' id='word_1_8' title='bbox 829 548 887 602; x_wconf 76' lang='grc' dir='ltr'><strong>δέ</strong></span> <span class='ocrx_word' id='word_1_9' title='bbox 924 549 1141 621; x_wconf 72' lang='grc' dir='ltr'><strong>εἴρηταί</strong></span> <span class='ocrx_word' id='word_1_10' title='bbox 1167 568 1262 622; x_wconf 82' lang='grc' dir='ltr'><strong>μοι</strong></span> <span class='ocrx_word' id='word_1_11' title='bbox 1292 553 1389 606; x_wconf 78' lang='grc' dir='ltr'><strong>καὶ</strong></span> <span class='ocrx_word' id='word_1_12' title='bbox 1407 553 1867 620; x_wconf 75' lang='grc' dir='ltr'><strong>κατεσκεύασται,</strong></span> 
     </span>
    </p>
   </div>
   <div class='ocr_carea' id='block_1_3' title="bbox 1990 545 3529 626">
    <p class='ocr_par' dir='ltr' id='par_1_3' title="bbox 1990 551 3529 626">
     <span class='ocr_line' id='line_1_3' title="bbox 1990 551 3529 626; baseline -0.006 -14"><span class='ocrx_word' id='word_1_13' title='bbox 1990 556 2270 612; x_wconf 82' lang='lat' dir='ltr'><strong>:onsistere</strong></span> <span class='ocrx_word' id='word_1_14' title='bbox 2313 556 2490 626; x_wconf 85' lang='lat' dir='ltr'><strong>posse,</strong></span> <span class='ocrx_word' id='word_1_15' title='bbox 2514 557 2557 611; x_wconf 99' lang='lat' dir='ltr'><strong>si</strong></span> <span class='ocrx_word' id='word_1_16' title='bbox 2593 553 2737 610; x_wconf 89' lang='lat' dir='ltr'><strong>nulla</strong></span> <span class='ocrx_word' id='word_1_17' title='bbox 2772 554 3019 623; x_wconf 83' lang='lat' dir='ltr'><strong>voluptas</strong></span> <span class='ocrx_word' id='word_1_18' title='bbox 3071 553 3171 614; x_wconf 89' lang='lat' dir='ltr'><strong>sit;</strong></span> <span class='ocrx_word' id='word_1_19' title='bbox 3221 551 3451 618; x_wconf 82' lang='lat' dir='ltr'><strong>ideoque</strong></span> <span class='ocrx_word' id='word_1_20' title='bbox 3483 551 3529 603; x_wconf 82' lang='lat' dir='ltr'><strong>si</strong></span> 
     </span>
    </p>
   </div>
   <div class='ocr_carea' id='block_1_4' title="bbox 215 633 1889 718">
    <p class='ocr_par' dir='ltr' id='par_1_4' title="bbox 215 633 1870 718">
     <span class='ocr_line' id='line_1_4' title="bbox 215 633 1870 718; baseline 0.006 -28"><span class='ocrx_word' id='word_1_21' title='bbox 215 637 325 690; x_wconf 67' lang='grc' dir='ltr'><strong>ἵν’</strong></span> <span class='ocrx_word' id='word_1_22' title='bbox 364 633 421 712; x_wconf 73' lang='grc' dir='ltr'>ᾗ</span> <span class='ocrx_word' id='word_1_23' title='bbox 457 639 615 693; x_wconf 71' lang='grc' dir='ltr'><strong>τουτὶ</strong></span> <span class='ocrx_word' id='word_1_24' title='bbox 650 641 909 710; x_wconf 71' lang='grc' dir='ltr'><strong>φανερὸν,</strong></span> <span class='ocrx_word' id='word_1_25' title='bbox 939 642 1014 706; x_wconf 81' lang='grc' dir='ltr'><strong>ὡς</strong></span> <span class='ocrx_word' id='word_1_26' title='bbox 1047 643 1138 712; x_wconf 74' lang='grc' dir='ltr'><strong>ἄρ’</strong></span> <span class='ocrx_word' id='word_1_27' title='bbox 1191 645 1480 716; x_wconf 75' lang='grc' dir='ltr'><strong>ἐμπέφυκε</strong></span> <span class='ocrx_word' id='word_1_28' title='bbox 1509 648 1574 718; x_wconf 77' lang='grc' dir='ltr'><strong>τῇ</strong></span> <span class='ocrx_word' id='word_1_29' title='bbox 1605 645 1752 718; x_wconf 77' lang='grc' dir='ltr'><strong>ψυχῇ</strong></span> <span class='ocrx_word' id='word_1_30' title='bbox 1782 646 1870 700; x_wconf 83' lang='grc' dir='ltr'><strong>διά</strong></span> 
     </span>
    </p>
   </div>
   <div class='ocr_carea' id='block_1_5' title="bbox 1990 633 3539 718">
    <p class='ocr_par' dir='ltr' id='par_1_5' title="bbox 1990 643 3539 716">
     <span class='ocr_line' id='line_1_5' title="bbox 1990 643 3539 716; baseline -0.008 -12"><span class='ocrx_word' id='word_1_31' title='bbox 1990 662 2040 704; x_wconf 71' lang='lat' dir='ltr'><strong>ea</strong></span> <span class='ocrx_word' id='word_1_32' title='bbox 2080 648 2220 703; x_wconf 84' lang='lat' dir='ltr'><strong>nulla</strong></span> <span class='ocrx_word' id='word_1_33' title='bbox 2257 651 2349 715; x_wconf 87' lang='lat' dir='ltr'><strong>sit,</strong></span> <span class='ocrx_word' id='word_1_34' title='bbox 2387 665 2484 704; x_wconf 90' lang='lat' dir='ltr'><strong>nec</strong></span> <span class='ocrx_word' id='word_1_35' title='bbox 2530 649 2739 702; x_wconf 88' lang='lat' dir='ltr'><strong>animus</strong></span> <span class='ocrx_word' id='word_1_36' title='bbox 2779 647 2890 716; x_wconf 87' lang='lat' dir='ltr'><strong>ipse</strong></span> <span class='ocrx_word' id='word_1_37' title='bbox 2945 645 3124 700; x_wconf 89' lang='lat' dir='ltr'><strong>salvus</strong></span> <span class='ocrx_word' id='word_1_38' title='bbox 3165 657 3282 698; x_wconf 89' lang='lat' dir='ltr'><strong>esse</strong></span> <span class='ocrx_word' id='word_1_39' title='bbox 3320 643 3539 710; x_wconf 85' lang='lat' dir='ltr'><strong>poterit,</strong></span> 
     </span>
    </p>
   </div>
   <div class='ocr_carea' id='block_1_6' title="bbox 223 729 1889 809">
    <p class='ocr_par' dir='ltr' id='par_1_6' title="bbox 223 729 1872 808">
     <span class='ocr_line' id='line_1_6' title="bbox 223 729 1872 808; baseline 0.007 -27"><span class='ocrx_word' id='word_1_40' title='bbox 223 729 375 782; x_wconf 70' lang='grc' dir='ltr'><strong>τοῦ</strong></span> <span class='ocrx_word' id='word_1_41' title='bbox 409 731 818 803; x_wconf 71' lang='grc' dir='ltr'><strong>ἐπιθυμητικοῦ</strong></span> <span class='ocrx_word' id='word_1_42' title='bbox 851 735 1054 804; x_wconf 83' lang='grc' dir='ltr'><strong>μέρους</strong></span> <span class='ocrx_word' id='word_1_43' title='bbox 1086 737 1120 808; x_wconf 76' lang='grc' dir='ltr'>ἡ</span> <span class='ocrx_word' id='word_1_44' title='bbox 1161 738 1349 808; x_wconf 77' lang='grc' dir='ltr'><strong>ἡδονὴ,</strong></span> <span class='ocrx_word' id='word_1_45' title='bbox 1386 737 1526 794; x_wconf 82' lang='grc' dir='ltr'><strong>οῦσά</strong></span> <span class='ocrx_word' id='word_1_46' title='bbox 1557 741 1621 807; x_wconf 80' lang='grc' dir='ltr'><strong>γέ</strong></span> <span class='ocrx_word' id='word_1_47' title='bbox 1650 756 1738 802; x_wconf 91' lang='grc' dir='ltr'><strong>τις</strong></span> <span class='ocrx_word' id='word_1_48' title='bbox 1781 741 1872 793; x_wconf 79' lang='grc' dir='ltr'><strong>δύο</strong></span> 
     </span>
    </p>
   </div>
   <div class='ocr_carea' id='block_1_7' title="bbox 1990 729 3546 809">
    <p class='ocr_par' dir='ltr' id='par_1_7' title="bbox 1990 733 3546 809">
     <span class='ocr_line' id='line_1_7' title="bbox 1990 733 3546 809; baseline -0.006 -17"><span class='ocrx_word' id='word_1_49' title='bbox 1990 741 2418 809; x_wconf 80' lang='lat' dir='ltr'><strong>quandoqttidem</strong></span> <span class='ocrx_word' id='word_1_50' title='bbox 2451 733 2746 808; x_wconf 77' lang='lat' dir='ltr'><strong>appetitum</strong></span> <span class='ocrx_word' id='word_1_51' title='bbox 2781 751 2903 789; x_wconf 90' lang='lat' dir='ltr'><strong>cum</strong></span> <span class='ocrx_word' id='word_1_52' title='bbox 2942 735 3239 803; x_wconf 88' lang='lat' dir='ltr'><strong>voluptate,</strong></span> <span class='ocrx_word' id='word_1_53' title='bbox 3295 747 3414 785; x_wconf 80' lang='lat' dir='ltr'><strong>cum</strong></span> <span class='ocrx_word' id='word_1_54' title='bbox 3451 746 3546 798; x_wconf 87' lang='lat' dir='ltr'><strong>ap-</strong></span> 
     </span>
    </p>
   </div>
   <div class='ocr_carea' id='block_1_8' title="bbox 241 820 1889 901">
    <p class='ocr_par' dir='ltr' id='par_1_8' title="bbox 241 825 1866 901">
     <span class='ocr_line' id='line_1_8' title="bbox 241 825 1866 901; baseline 0.007 -29"><span class='ocrx_word' id='word_1_55' title='bbox 241 840 474 893; x_wconf 73' lang='grc' dir='ltr'><strong>ναμις</strong></span> <span class='ocrx_word' id='word_1_56' title='bbox 532 825 701 879; x_wconf 71' lang='grc' dir='ltr'><strong>αἰτοῦ</strong></span> <span class='ocrx_word' id='word_1_57' title='bbox 755 827 1024 898; x_wconf 83' lang='grc' dir='ltr'><strong>οὗσιώδης</strong></span> <span class='ocrx_word' id='word_1_58' title='bbox 1071 832 1164 882; x_wconf 82' lang='grc' dir='ltr'><strong>καὶ</strong></span> <span class='ocrx_word' id='word_1_59' title='bbox 1219 830 1524 901; x_wconf 84' lang='grc' dir='ltr'><strong>ἀχώριστος</strong></span> <span class='ocrx_word' id='word_1_60' title='bbox 1571 832 1866 895; x_wconf 83' lang='grc' dir='ltr'><strong>παντελῶς.</strong></span> 
     </span>
    </p>
   </div>
   <div class='ocr_carea' id='block_1_9' title="bbox 1990 820 3540 901">
    <p class='ocr_par' dir='ltr' id='par_1_9' title="bbox 1990 820 3540 900">
     <span class='ocr_line' id='line_1_9' title="bbox 1990 820 3540 900; baseline -0.008 -14"><span class='ocrx_word' id='word_1_61' title='bbox 1990 832 2151 899; x_wconf 87' lang='lat' dir='ltr'><strong>petitu</strong></span> <span class='ocrx_word' id='word_1_62' title='bbox 2177 831 2415 885; x_wconf 89' lang='lat' dir='ltr'><strong>animum</strong></span> <span class='ocrx_word' id='word_1_63' title='bbox 2452 845 2666 900; x_wconf 90' lang='lat' dir='ltr'><strong>quoque</strong></span> <span class='ocrx_word' id='word_1_64' title='bbox 2701 827 2814 882; x_wconf 90' lang='lat' dir='ltr'><strong>tolli</strong></span> <span class='ocrx_word' id='word_1_65' title='bbox 2873 841 2902 881; x_wconf 91' lang='lat' dir='ltr'><strong>e</strong></span> <span class='ocrx_word' id='word_1_66' title='bbox 2937 825 3114 880; x_wconf 89' lang='lat' dir='ltr'><strong>medio</strong></span> <span class='ocrx_word' id='word_1_67' title='bbox 3161 820 3540 893; x_wconf 74' lang='lat' dir='ltr'><strong>probavimus.</strong></span> 
     </span>
    </p>
   </div>
   <div class='ocr_carea' id='block_1_10' title="bbox 255 916 1889 992">
    <p class='ocr_par' dir='ltr' id='par_1_10' title="bbox 255 916 1872 992">
     <span class='ocr_line' id='line_1_10' title="bbox 255 916 1872 992; baseline 0.005 -24"><span class='ocrx_word' id='word_1_68' title='bbox 255 916 462 969; x_wconf 65' lang='grc' dir='ltr'><strong>Ὠς-τ’</strong></span> <span class='ocrx_word' id='word_1_69' title='bbox 513 918 652 987; x_wconf 84' lang='grc' dir='ltr'><strong>ὅπερ</strong></span> <span class='ocrx_word' id='word_1_70' title='bbox 693 919 1108 990; x_wconf 81' lang='grc' dir='ltr'><strong>ὑπισχνούμεθα</strong></span> <span class='ocrx_word' id='word_1_71' title='bbox 1163 920 1383 986; x_wconf 78' lang='grc' dir='ltr'><strong>δείξειν,</strong></span> <span class='ocrx_word' id='word_1_72' title='bbox 1434 921 1638 990; x_wconf 79' lang='grc' dir='ltr'><strong>ἀγαθὸν</strong></span> <span class='ocrx_word' id='word_1_73' title='bbox 1679 922 1872 992; x_wconf 73' lang='grc' dir='ltr'><strong>εἴληφε</strong></span> 
     </span>
    </p>
   </div>
   <div class='ocr_carea' id='block_1_11' title="bbox 1990 916 3544 992">
    <p class='ocr_par' dir='ltr' id='par_1_11' title="bbox 1990 920 3544 980">
     <span class='ocr_line' id='line_1_11' title="bbox 1990 920 3544 980; baseline -0.008 -2"><span class='ocrx_word' id='word_1_74' title='bbox 1990 924 2111 979; x_wconf 65' lang='lat' dir='ltr'><strong>Haec</strong></span> <span class='ocrx_word' id='word_1_75' title='bbox 2147 933 2324 978; x_wconf 88' lang='lat' dir='ltr'><strong>autem</strong></span> <span class='ocrx_word' id='word_1_76' title='bbox 2373 940 2400 977; x_wconf 91' lang='lat' dir='ltr'><strong>a</strong></span> <span class='ocrx_word' id='word_1_77' title='bbox 2441 938 2526 977; x_wconf 90' lang='lat' dir='ltr'><strong>me</strong></span> <span class='ocrx_word' id='word_1_78' title='bbox 2555 923 2697 976; x_wconf 89' lang='lat' dir='ltr'><strong>dicta</strong></span> <span class='ocrx_word' id='word_1_79' title='bbox 2732 930 2861 976; x_wconf 88' lang='lat' dir='ltr'><strong>sunt</strong></span> <span class='ocrx_word' id='word_1_80' title='bbox 2907 928 2960 973; x_wconf 86' lang='lat' dir='ltr'><strong>et</strong></span> <span class='ocrx_word' id='word_1_81' title='bbox 2993 920 3309 980; x_wconf 88' lang='lat' dir='ltr'><strong>constituta,</strong></span> <span class='ocrx_word' id='word_1_82' title='bbox 3344 927 3400 971; x_wconf 91' lang='lat' dir='ltr'><strong>ut</strong></span> <span class='ocrx_word' id='word_1_83' title='bbox 3430 932 3544 967; x_wconf 85' lang='lat' dir='ltr'><strong>nta-</strong></span> 
     </span>
    </p>
   </div>
   <div class='ocr_carea' id='block_1_12' title="bbox 268 1009 1889 1085">
    <p class='ocr_par' dir='ltr' id='par_1_12' title="bbox 268 1011 1881 1085">
     <span class='ocr_line' id='line_1_12' title="bbox 268 1011 1881 1085; baseline 0.004 -24"><span class='ocrx_word' id='word_1_84' title='bbox 268 1011 482 1075; x_wconf 70' lang='grc' dir='ltr'><strong>τέλος,</strong></span> <span class='ocrx_word' id='word_1_85' title='bbox 514 1011 648 1063; x_wconf 82' lang='grc' dir='ltr'><strong>Θεοῦ</strong></span> <span class='ocrx_word' id='word_1_86' title='bbox 679 1013 1096 1082; x_wconf 82' lang='grc' dir='ltr'><strong>συναιρομένου,</strong></span> <span class='ocrx_word' id='word_1_87' title='bbox 1130 1014 1357 1085; x_wconf 82' lang='grc' dir='ltr'><strong>βραχέσι</strong></span> <span class='ocrx_word' id='word_1_88' title='bbox 1377 1015 1578 1084; x_wconf 84' lang='grc' dir='ltr'><strong>λόγοις.</strong></span> <span class='ocrx_word' id='word_1_89' title='bbox 1611 1017 1673 1069; x_wconf 81' lang='grc' dir='ltr'><strong>Εἰ</strong></span> <span class='ocrx_word' id='word_1_90' title='bbox 1707 1016 1764 1070; x_wconf 85' lang='grc' dir='ltr'><strong>δέ</strong></span> <span class='ocrx_word' id='word_1_91' title='bbox 1785 1015 1881 1070; x_wconf 80' lang='grc' dir='ltr'><strong>καὶ</strong></span> 
     </span>
    </p>
   </div>
   <div class='ocr_carea' id='block_1_13' title="bbox 1990 1009 3545 1085">
    <p class='ocr_par' dir='ltr' id='par_1_13' title="bbox 1990 1009 3545 1082">
     <span class='ocr_line' id='line_1_13' title="bbox 1990 1009 3545 1082; baseline -0.008 -11"><span class='ocrx_word' id='word_1_92' title='bbox 1990 1015 2240 1072; x_wconf 80' lang='lat' dir='ltr'><strong>uifestum</strong></span> <span class='ocrx_word' id='word_1_93' title='bbox 2271 1017 2361 1082; x_wconf 89' lang='lat' dir='ltr'><strong>sit,</strong></span> <span class='ocrx_word' id='word_1_94' title='bbox 2421 1017 2661 1070; x_wconf 88' lang='lat' dir='ltr'><strong>innatam</strong></span> <span class='ocrx_word' id='word_1_95' title='bbox 2708 1029 2828 1069; x_wconf 88' lang='lat' dir='ltr'><strong>esse</strong></span> <span class='ocrx_word' id='word_1_96' title='bbox 2862 1012 3190 1082; x_wconf 88' lang='lat' dir='ltr'><strong>voluptatem</strong></span> <span class='ocrx_word' id='word_1_97' title='bbox 3223 1009 3404 1064; x_wconf 87' lang='lat' dir='ltr'><strong>animo</strong></span> <span class='ocrx_word' id='word_1_98' title='bbox 3453 1022 3545 1076; x_wconf 83' lang='lat' dir='ltr'><strong>per</strong></span> 
     </span>
    </p>
   </div>
   <div class='ocr_carea' id='block_1_14' title="bbox 289 1099 1880 1176">
    <p class='ocr_par' dir='ltr' id='par_1_14' title="bbox 289 1099 1880 1176">
     <span class='ocr_line' id='line_1_14' title="bbox 289 1099 1880 1176; baseline 0.005 -22"><span class='ocrx_word' id='word_1_99' title='bbox 289 1103 576 1157; x_wconf 75' lang='grc' dir='ltr'><strong>πλειόνων</strong></span> <span class='ocrx_word' id='word_1_100' title='bbox 610 1099 678 1174; x_wconf 79' lang='grc' dir='ltr'><strong>ἦν</strong></span> <span class='ocrx_word' id='word_1_101' title='bbox 717 1105 901 1175; x_wconf 78' lang='grc' dir='ltr'><strong>χρεία,</strong></span> <span class='ocrx_word' id='word_1_102' title='bbox 932 1105 1062 1174; x_wconf 79' lang='grc' dir='ltr'><strong>ἐξῆν</strong></span> <span class='ocrx_word' id='word_1_103' title='bbox 1101 1123 1166 1172; x_wconf 88' lang='grc' dir='ltr'><strong>γε</strong></span> <span class='ocrx_word' id='word_1_104' title='bbox 1195 1107 1367 1175; x_wconf 79' lang='grc' dir='ltr'><strong>δήπου</strong></span> <span class='ocrx_word' id='word_1_105' title='bbox 1421 1107 1518 1160; x_wconf 77' lang='grc' dir='ltr'><strong>καὶ</strong></span> <span class='ocrx_word' id='word_1_106' title='bbox 1547 1108 1706 1161; x_wconf 89' lang='grc' dir='ltr'><strong>τοῦτο</strong></span> <span class='ocrx_word' id='word_1_107' title='bbox 1739 1108 1880 1176; x_wconf 63' lang='grc' dir='ltr'><strong>μετὰ</strong></span> 
     </span>
    </p>
   </div>
   <div class='ocr_carea' id='block_1_15' title="bbox 297 1195 1881 1270">
    <p class='ocr_par' dir='ltr' id='par_1_15' title="bbox 297 1195 1881 1270">
     <span class='ocr_line' id='line_1_15' title="bbox 297 1195 1881 1270; baseline 0.003 -22"><span class='ocrx_word' id='word_1_108' title='bbox 297 1195 519 1264; x_wconf 80' lang='grc' dir='ltr'><strong>πολλῆς</strong></span> <span class='ocrx_word' id='word_1_109' title='bbox 547 1195 645 1266; x_wconf 85' lang='grc' dir='ltr'><strong>τῆς</strong></span> <span class='ocrx_word' id='word_1_110' title='bbox 686 1197 973 1267; x_wconf 77' lang='grc' dir='ltr'><strong>ῥᾳστώνης</strong></span> <span class='ocrx_word' id='word_1_111' title='bbox 999 1197 1126 1264; x_wconf 87' lang='grc' dir='ltr'><strong>γενέ</strong></span> <span class='ocrx_word' id='word_1_112' title='bbox 1140 1198 1284 1252; x_wconf 86' lang='grc' dir='ltr'><strong>σθαι.</strong></span> <span class='ocrx_word' id='word_1_113' title='bbox 1317 1198 1538 1266; x_wconf 81' lang='grc' dir='ltr'><strong>Πέφυκε</strong></span> <span class='ocrx_word' id='word_1_114' title='bbox 1570 1200 1678 1270; x_wconf 84' lang='grc' dir='ltr'><strong>γάρ</strong></span> <span class='ocrx_word' id='word_1_115' title='bbox 1711 1201 1881 1270; x_wconf 81' lang='grc' dir='ltr'><strong>τάλη-</strong></span> 
     </span>
    </p>
   </div>
   <div class='ocr_carea' id='block_1_16' title="bbox 301 1286 1885 1360">
    <p class='ocr_par' dir='ltr' id='par_1_16' title="bbox 301 1286 1885 1360">
     <span class='ocr_line' id='line_1_16' title="bbox 301 1286 1885 1360; baseline 0.003 -20"><span class='ocrx_word' id='word_1_116' title='bbox 301 1289 401 1349; x_wconf 80' lang='grc' dir='ltr'><strong>θὲς</strong></span> <span class='ocrx_word' id='word_1_117' title='bbox 430 1286 643 1340; x_wconf 73' lang='grc' dir='ltr'><strong>οἴκοθεν</strong></span> <span class='ocrx_word' id='word_1_118' title='bbox 671 1289 948 1356; x_wconf 83' lang='grc' dir='ltr'><strong>πηγάζειν</strong></span> <span class='ocrx_word' id='word_1_119' title='bbox 981 1291 1078 1353; x_wconf 71' lang='grc' dir='ltr'><strong>τὰς</strong></span> <span class='ocrx_word' id='word_1_120' title='bbox 1102 1290 1362 1360; x_wconf 80' lang='grc' dir='ltr'><strong>ἀφορμὰς</strong></span> <span class='ocrx_word' id='word_1_121' title='bbox 1400 1292 1502 1360; x_wconf 84' lang='grc' dir='ltr'><strong>τῆς</strong></span> <span class='ocrx_word' id='word_1_122' title='bbox 1556 1292 1752 1345; x_wconf 81' lang='grc' dir='ltr'><strong>ἑαυτοῦ</strong></span> <span class='ocrx_word' id='word_1_123' title='bbox 1788 1310 1885 1345; x_wconf 84' lang='grc' dir='ltr'><strong>συ-</strong></span> 
     </span>
    </p>
   </div>
   <div class='ocr_carea' id='block_1_17' title="bbox 309 1379 1879 1452">
    <p class='ocr_par' dir='ltr' id='par_1_17' title="bbox 309 1379 1879 1452">
     <span class='ocr_line' id='line_1_17' title="bbox 309 1379 1879 1452; baseline 0.004 -22"><span class='ocrx_word' id='word_1_124' title='bbox 309 1379 580 1438; x_wconf 76' lang='grc' dir='ltr'><strong>στάσεως.</strong></span> <span class='ocrx_word' id='word_1_125' title='bbox 623 1379 782 1431; x_wconf 51' lang='grc' dir='ltr'><strong>Ἐπεὶ⁸</strong></span> <span class='ocrx_word' id='word_1_126' title='bbox 809 1379 865 1432; x_wconf 77' lang='grc' dir='ltr'><strong>δέ</strong></span> <span class='ocrx_word' id='word_1_127' title='bbox 891 1379 1012 1443; x_wconf 63' lang='lat' dir='ltr'><strong>an;</strong></span> <span class='ocrx_word' id='word_1_128' title='bbox 1033 1379 1147 1451; x_wconf 79' lang='grc' dir='ltr'><strong>ἔχει</strong></span> <span class='ocrx_word' id='word_1_129' title='bbox 1176 1382 1246 1434; x_wconf 79' lang='grc' dir='ltr'><strong>τὰ</strong></span> <span class='ocrx_word' id='word_1_130' title='bbox 1271 1382 1401 1452; x_wconf 77' lang='grc' dir='ltr'><strong>περὶ</strong></span> <span class='ocrx_word' id='word_1_131' title='bbox 1421 1381 1644 1449; x_wconf 86' lang='grc' dir='ltr'><strong>τούτου,</strong></span> <span class='ocrx_word' id='word_1_132' title='bbox 1675 1383 1769 1438; x_wconf 78' lang='grc' dir='ltr'><strong>καὶ</strong></span> <span class='ocrx_word' id='word_1_133' title='bbox 1793 1383 1879 1437; x_wconf 84' lang='grc' dir='ltr'><strong>δέ·</strong></span> 
     </span>
    </p>
   </div>
   <div class='ocr_carea' id='block_1_18' title="bbox 308 1466 1880 1543">
    <p class='ocr_par' dir='ltr' id='par_1_18' title="bbox 308 1466 1880 1543">
     <span class='ocr_line' id='line_1_18' title="bbox 308 1466 1880 1543; baseline 0.006 -25"><span class='ocrx_word' id='word_1_134' title='bbox 308 1466 522 1520; x_wconf 85' lang='grc' dir='ltr'><strong>δεικται</strong></span> <span class='ocrx_word' id='word_1_135' title='bbox 552 1469 584 1535; x_wconf 82' lang='grc' dir='ltr'><strong>ἡ</strong></span> <span class='ocrx_word' id='word_1_136' title='bbox 629 1469 793 1539; x_wconf 78' lang='grc' dir='ltr'><strong>ἡδονὴ</strong></span> <span class='ocrx_word' id='word_1_137' title='bbox 817 1469 1214 1540; x_wconf 83' lang='grc' dir='ltr'><strong>ξυμπεφυκυῖα</strong></span> <span class='ocrx_word' id='word_1_138' title='bbox 1249 1471 1352 1542; x_wconf 68' lang='grc' dir='ltr'><strong>μὲν</strong></span> <span class='ocrx_word' id='word_1_139' title='bbox 1389 1474 1457 1542; x_wconf 83' lang='grc' dir='ltr'><strong>τῇ</strong></span> <span class='ocrx_word' id='word_1_140' title='bbox 1485 1472 1658 1543; x_wconf 76' lang='grc' dir='ltr'><strong>ψυχῇ,</strong></span> <span class='ocrx_word' id='word_1_141' title='bbox 1687 1472 1880 1526; x_wconf 89' lang='grc' dir='ltr'><strong>θεόθεν</strong></span> 
     </span>
    </p>
   </div>
   <div class='ocr_carea' id='block_1_19' title="bbox 310 1558 1880 1634">
    <p class='ocr_par' dir='ltr' id='par_1_19' title="bbox 310 1558 1880 1634">
     <span class='ocr_line' id='line_1_19' title="bbox 310 1558 1880 1634; baseline 0.006 -25"><span class='ocrx_word' id='word_1_142' title='bbox 310 1558 367 1609; x_wconf 79' lang='grc' dir='ltr'><strong>δὲ</strong></span> <span class='ocrx_word' id='word_1_143' title='bbox 402 1559 537 1628; x_wconf 74' lang='grc' dir='ltr'><strong>αὐτὴ</strong></span> <span class='ocrx_word' id='word_1_144' title='bbox 572 1559 860 1631; x_wconf 83' lang='grc' dir='ltr'><strong>δεδομένη,</strong></span> <span class='ocrx_word' id='word_1_145' title='bbox 895 1561 1076 1632; x_wconf 76' lang='grc' dir='ltr'><strong>ἀγαθὴ</strong></span> <span class='ocrx_word' id='word_1_146' title='bbox 1107 1563 1166 1617; x_wconf 75' lang='grc' dir='ltr'><strong>δέ</strong></span> <span class='ocrx_word' id='word_1_147' title='bbox 1211 1563 1529 1631; x_wconf 81' lang='grc' dir='ltr'><strong>ἀναγκαίως</strong></span> <span class='ocrx_word' id='word_1_148' title='bbox 1561 1564 1654 1634; x_wconf 83' lang='grc' dir='ltr'><strong>(τά.</strong></span> <span class='ocrx_word' id='word_1_149' title='bbox 1682 1565 1790 1634; x_wconf 85' lang='grc' dir='ltr'><strong>γὰρ</strong></span> <span class='ocrx_word' id='word_1_150' title='bbox 1815 1565 1880 1618; x_wconf 88' lang='grc' dir='ltr'><strong>ἐκ</strong></span> 
     </span>
    </p>
   </div>
   <div class='ocr_carea' id='block_1_20' title="bbox 313 1649 1878 1726">
    <p class='ocr_par' dir='ltr' id='par_1_20' title="bbox 313 1649 1878 1726">
     <span class='ocr_line' id='line_1_20' title="bbox 313 1649 1878 1726; baseline 0.006 -25"><span class='ocrx_word' id='word_1_151' title='bbox 313 1649 452 1704; x_wconf 81' lang='grc' dir='ltr'><strong>Θεοῦ</strong></span> <span class='ocrx_word' id='word_1_152' title='bbox 479 1651 751 1721; x_wconf 50' lang='lat' dir='ltr'><strong>retain).</strong></span> <span class='ocrx_word' id='word_1_153' title='bbox 787 1654 922 1722; x_wconf 81' lang='grc' dir='ltr'><strong>φέρε</strong></span> <span class='ocrx_word' id='word_1_154' title='bbox 955 1657 1131 1720; x_wconf 80' lang='grc' dir='ltr'><strong>καλὴν</strong></span> <span class='ocrx_word' id='word_1_155' title='bbox 1159 1657 1332 1722; x_wconf 77' lang='grc' dir='ltr'><strong>αὐτὴν</strong></span> <span class='ocrx_word' id='word_1_156' title='bbox 1367 1655 1744 1726; x_wconf 81' lang='grc' dir='ltr'><strong>ἀποδείξωμεν</strong></span> <span class='ocrx_word' id='word_1_157' title='bbox 1783 1657 1878 1710; x_wconf 82' lang='grc' dir='ltr'><strong>καὶ</strong></span> 
     </span>
    </p>
   </div>
   <div class='ocr_carea' id='block_1_21' title="bbox 315 1743 1879 1820">
    <p class='ocr_par' dir='ltr' id='par_1_21' title="bbox 315 1743 1879 1820">
     <span class='ocr_line' id='line_1_21' title="bbox 315 1743 1879 1820; baseline 0.003 -24"><span class='ocrx_word' id='word_1_158' title='bbox 315 1745 422 1797; x_wconf 68' lang='grc' dir='ltr'><strong>ἀπὸ</strong></span> <span class='ocrx_word' id='word_1_159' title='bbox 455 1743 562 1797; x_wconf 87' lang='grc' dir='ltr'><strong>τῶν</strong></span> <span class='ocrx_word' id='word_1_160' title='bbox 587 1746 933 1814; x_wconf 74' lang='grc' dir='ltr'><strong>πραγμάτων</strong></span> <span class='ocrx_word' id='word_1_161' title='bbox 957 1748 1141 1802; x_wconf 72' lang='grc' dir='ltr'><strong>αὐτᾶν</strong></span> <span class='ocrx_word' id='word_1_162' title='bbox 1175 1749 1312 1820; x_wconf 85' lang='grc' dir='ltr'><strong>μετά</strong></span> <span class='ocrx_word' id='word_1_163' title='bbox 1335 1748 1639 1820; x_wconf 82' lang='grc' dir='ltr'><strong>λογισμῶν,</strong></span> <span class='ocrx_word' id='word_1_164' title='bbox 1677 1747 1744 1819; x_wconf 79' lang='grc' dir='ltr'><strong>ἦν</strong></span> <span class='ocrx_word' id='word_1_165' title='bbox 1773 1743 1879 1801; x_wconf 73' lang='grc' dir='ltr'><strong>οἷοί</strong></span> 
     </span>
    </p>
   </div>
   <div class='ocr_carea' id='block_1_22' title="bbox 315 1836 1157 1909">
    <p class='ocr_par' dir='ltr' id='par_1_22' title="bbox 315 1836 1157 1909">
     <span class='ocr_line' id='line_1_22' title="bbox 315 1836 1157 1909; baseline 0.006 -19"><span class='ocrx_word' id='word_1_166' title='bbox 315 1855 374 1890; x_wconf 84' lang='grc' dir='ltr'><strong>τε</strong></span> <span class='ocrx_word' id='word_1_167' title='bbox 407 1836 692 1907; x_wconf 82' lang='grc' dir='ltr'><strong>γενώμεθα</strong></span> <span class='ocrx_word' id='word_1_168' title='bbox 725 1839 884 1894; x_wconf 88' lang='grc' dir='ltr'><strong>τοῦτο</strong></span> <span class='ocrx_word' id='word_1_169' title='bbox 907 1842 1157 1909; x_wconf 83' lang='grc' dir='ltr'><strong>ποιῆσαι.</strong></span> 
     </span>
    </p>
   </div>
   <div class='ocr_carea' id='block_1_23' title="bbox 1981 1104 3547 1181">
    <p class='ocr_par' dir='ltr' id='par_1_23' title="bbox 1981 1104 3547 1181">
     <span class='ocr_line' id='line_1_23' title="bbox 1981 1104 3547 1181; baseline -0.006 -17"><span class='ocrx_word' id='word_1_170' title='bbox 1981 1110 2102 1181; x_wconf 77' lang='lat' dir='ltr'><strong>eius</strong></span> <span class='ocrx_word' id='word_1_171' title='bbox 2124 1119 2332 1179; x_wconf 85' lang='lat' dir='ltr'><strong>partem</strong></span> <span class='ocrx_word' id='word_1_172' title='bbox 2367 1117 2732 1179; x_wconf 86' lang='lat' dir='ltr'><strong>appetentem,</strong></span> <span class='ocrx_word' id='word_1_173' title='bbox 2782 1123 2903 1176; x_wconf 70' lang='lat' dir='ltr'><strong>quae</strong></span> <span class='ocrx_word' id='word_1_174' title='bbox 2940 1105 3313 1162; x_wconf 86' lang='lat' dir='ltr'><strong>substantialis</strong></span> <span class='ocrx_word' id='word_1_175' title='bbox 3363 1111 3416 1158; x_wconf 90' lang='lat' dir='ltr'><strong>et</strong></span> <span class='ocrx_word' id='word_1_176' title='bbox 3466 1104 3547 1156; x_wconf 94' lang='lat' dir='ltr'><strong>iu-</strong></span> 
     </span>
    </p>
   </div>
   <div class='ocr_carea' id='block_1_24' title="bbox 1981 1184 3546 1272">
    <p class='ocr_par' dir='ltr' id='par_1_24' title="bbox 1981 1184 3546 1272">
     <span class='ocr_line' id='line_1_24' title="bbox 1981 1184 3546 1272; baseline -0.006 -13"><span class='ocrx_word' id='word_1_177' title='bbox 1981 1201 2302 1272; x_wconf 85' lang='lat' dir='ltr'><strong>separabilis</strong></span> <span class='ocrx_word' id='word_1_178' title='bbox 2333 1202 2554 1256; x_wconf 86' lang='lat' dir='ltr'><strong>omnino</strong></span> <span class='ocrx_word' id='word_1_179' title='bbox 2591 1201 2824 1256; x_wconf 81' lang='lat' dir='ltr'><strong>facultas</strong></span> <span class='ocrx_word' id='word_1_180' title='bbox 2860 1184 3125 1254; x_wconf 18' lang='lat' dir='ltr'><strong>illius&#39;sit.</strong></span> <span class='ocrx_word' id='word_1_181' title='bbox 3168 1199 3423 1266; x_wconf 80' lang='lat' dir='ltr'><strong>Adeoque</strong></span> <span class='ocrx_word' id='word_1_182' title='bbox 3447 1197 3546 1249; x_wconf 59' lang='grc' dir='ltr'><strong>δον</strong></span> 
     </span>
    </p>
   </div>
   <div class='ocr_carea' id='block_1_25' title="bbox 1979 1288 3548 1362">
    <p class='ocr_par' dir='ltr' id='par_1_25' title="bbox 1979 1288 3548 1362">
     <span class='ocr_line' id='line_1_25' title="bbox 1979 1288 3548 1362; baseline -0.006 -12"><span class='ocrx_word' id='word_1_183' title='bbox 1979 1309 2110 1350; x_wconf 88' lang='lat' dir='ltr'><strong>num</strong></span> <span class='ocrx_word' id='word_1_184' title='bbox 2162 1295 2226 1348; x_wconf 89' lang='lat' dir='ltr'><strong>ad</strong></span> <span class='ocrx_word' id='word_1_185' title='bbox 2273 1293 2436 1349; x_wconf 82' lang='lat' dir='ltr'><strong>ﬁnem</strong></span> <span class='ocrx_word' id='word_1_186' title='bbox 2500 1293 2824 1362; x_wconf 89' lang='lat' dir='ltr'><strong>perductum</strong></span> <span class='ocrx_word' id='word_1_187' title='bbox 2911 1302 3014 1356; x_wconf 89' lang='lat' dir='ltr'><strong>est,</strong></span> <span class='ocrx_word' id='word_1_188' title='bbox 3072 1289 3366 1353; x_wconf 65' lang='lat' dir='ltr'><strong>adiuvante</strong></span> <span class='ocrx_word' id='word_1_189' title='bbox 3417 1288 3548 1349; x_wconf 87' lang='lat' dir='ltr'><strong>Deo,</strong></span> 
     </span>
    </p>
   </div>
   <div class='ocr_carea' id='block_1_26' title="bbox 1980 1380 3547 1456">
    <p class='ocr_par' dir='ltr' id='par_1_26' title="bbox 1980 1380 3547 1456">
     <span class='ocr_line' id='line_1_26' title="bbox 1980 1380 3547 1456; baseline -0.003 -19"><span class='ocrx_word' id='word_1_190' title='bbox 1980 1386 2171 1456; x_wconf 77' lang='lat' dir='ltr'><strong>paucis</strong></span> <span class='ocrx_word' id='word_1_191' title='bbox 2200 1401 2334 1442; x_wconf 89' lang='lat' dir='ltr'><strong>sane</strong></span> <span class='ocrx_word' id='word_1_192' title='bbox 2363 1385 2563 1449; x_wconf 88' lang='lat' dir='ltr'><strong>verbis,</strong></span> <span class='ocrx_word' id='word_1_193' title='bbox 2589 1384 2735 1453; x_wconf 90' lang='lat' dir='ltr'><strong>quod</strong></span> <span class='ocrx_word' id='word_1_194' title='bbox 2772 1394 3087 1437; x_wconf 88' lang='lat' dir='ltr'><strong>ostensuros</strong></span> <span class='ocrx_word' id='word_1_195' title='bbox 3127 1395 3224 1435; x_wconf 81' lang='lat' dir='ltr'><strong>nos</strong></span> <span class='ocrx_word' id='word_1_196' title='bbox 3249 1380 3547 1449; x_wconf 79' lang='lat' dir='ltr'><strong>polliceba-</strong></span> 
     </span>
    </p>
   </div>
   <div class='ocr_carea' id='block_1_27' title="bbox 1983 1471 3546 1544">
    <p class='ocr_par' dir='ltr' id='par_1_27' title="bbox 1983 1471 3546 1544">
     <span class='ocr_line' id='line_1_27' title="bbox 1983 1471 3546 1544; baseline -0.006 -14"><span class='ocrx_word' id='word_1_197' title='bbox 1983 1492 2126 1530; x_wconf 92' lang='lat' dir='ltr'><strong>mur.</strong></span> <span class='ocrx_word' id='word_1_198' title='bbox 2150 1476 2303 1544; x_wconf 83' lang='lat' dir='ltr'><strong>Quod</strong></span> <span class='ocrx_word' id='word_1_199' title='bbox 2337 1475 2379 1530; x_wconf 92' lang='lat' dir='ltr'><strong>si</strong></span> <span class='ocrx_word' id='word_1_200' title='bbox 2407 1475 2652 1544; x_wconf 87' lang='lat' dir='ltr'><strong>pluribus</strong></span> <span class='ocrx_word' id='word_1_201' title='bbox 2668 1489 2804 1544; x_wconf 90' lang='lat' dir='ltr'><strong>opus</strong></span> <span class='ocrx_word' id='word_1_202' title='bbox 2829 1480 2992 1536; x_wconf 92' lang='lat' dir='ltr'><strong>esset,</strong></span> <span class='ocrx_word' id='word_1_203' title='bbox 3023 1471 3186 1526; x_wconf 90' lang='lat' dir='ltr'><strong>etiam</strong></span> <span class='ocrx_word' id='word_1_204' title='bbox 3215 1471 3266 1524; x_wconf 89' lang='lat' dir='ltr'><strong>id</strong></span> <span class='ocrx_word' id='word_1_205' title='bbox 3288 1485 3546 1540; x_wconf 79' lang='lat' dir='ltr'><strong>perquam</strong></span> 
     </span>
    </p>
   </div>
   <div class='ocr_carea' id='block_1_28' title="bbox 1983 1565 3553 1640">
    <p class='ocr_par' dir='ltr' id='par_1_28' title="bbox 1983 1565 3553 1640">
     <span class='ocr_line' id='line_1_28' title="bbox 1983 1565 3553 1640; baseline -0.004 -17"><span class='ocrx_word' id='word_1_206' title='bbox 1983 1568 2140 1640; x_wconf 74' lang='lat' dir='ltr'><strong>facile</strong></span> <span class='ocrx_word' id='word_1_207' title='bbox 2171 1578 2430 1640; x_wconf 72' lang='lat' dir='ltr'><strong>praestare</strong></span> <span class='ocrx_word' id='word_1_208' title='bbox 2451 1583 2761 1638; x_wconf 87' lang='lat' dir='ltr'><strong>possemus.</strong></span> <span class='ocrx_word' id='word_1_209' title='bbox 2803 1568 2874 1622; x_wconf 86' lang='lat' dir='ltr'><strong>Ea</strong></span> <span class='ocrx_word' id='word_1_210' title='bbox 2911 1581 3147 1634; x_wconf 81' lang='lat' dir='ltr'><strong>namque</strong></span> <span class='ocrx_word' id='word_1_211' title='bbox 3174 1565 3418 1620; x_wconf 71' lang='lat' dir='ltr'><strong>veritatis</strong></span> <span class='ocrx_word' id='word_1_212' title='bbox 3467 1575 3553 1618; x_wconf 82' lang='lat' dir='ltr'><strong>est</strong></span> 
     </span>
    </p>
   </div>
   <div class='ocr_carea' id='block_1_29' title="bbox 1986 1658 3546 1727">
    <p class='ocr_par' dir='ltr' id='par_1_29' title="bbox 1986 1658 3546 1727">
     <span class='ocr_line' id='line_1_29' title="bbox 1986 1658 3546 1727; baseline -0.005 -11"><span class='ocrx_word' id='word_1_213' title='bbox 1986 1671 2203 1727; x_wconf 88' lang='lat' dir='ltr'><strong>natura,</strong></span> <span class='ocrx_word' id='word_1_214' title='bbox 2227 1669 2285 1715; x_wconf 88' lang='lat' dir='ltr'><strong>ut</strong></span> <span class='ocrx_word' id='word_1_215' title='bbox 2317 1660 2634 1716; x_wconf 82' lang='lat' dir='ltr'><strong>occasiones</strong></span> <span class='ocrx_word' id='word_1_216' title='bbox 2664 1668 2718 1715; x_wconf 86' lang='lat' dir='ltr'><strong>et</strong></span> <span class='ocrx_word' id='word_1_217' title='bbox 2744 1674 2940 1715; x_wconf 83' lang='lat' dir='ltr'><strong>causas</strong></span> <span class='ocrx_word' id='word_1_218' title='bbox 2973 1658 3286 1714; x_wconf 89' lang='lat' dir='ltr'><strong>stabiliendi</strong></span> <span class='ocrx_word' id='word_1_219' title='bbox 3312 1659 3546 1726; x_wconf 89' lang='lat' dir='ltr'><strong>seipsam</strong></span> 
     </span>
    </p>
   </div>
   <div class='ocr_carea' id='block_1_30' title="bbox 1984 1747 3552 1819">
    <p class='ocr_par' dir='ltr' id='par_1_30' title="bbox 1984 1747 3552 1819">
     <span class='ocr_line' id='line_1_30' title="bbox 1984 1747 3552 1819; baseline -0.003 -15"><span class='ocrx_word' id='word_1_220' title='bbox 1984 1763 2050 1805; x_wconf 76' lang='lat' dir='ltr'><strong>ex</strong></span> <span class='ocrx_word' id='word_1_221' title='bbox 2082 1763 2142 1804; x_wconf 82' lang='lat' dir='ltr'><strong>se</strong></span> <span class='ocrx_word' id='word_1_222' title='bbox 2173 1749 2325 1818; x_wconf 90' lang='lat' dir='ltr'><strong>quasi</strong></span> <span class='ocrx_word' id='word_1_223' title='bbox 2363 1748 2510 1803; x_wconf 80' lang='lat' dir='ltr'><strong>fonte</strong></span> <span class='ocrx_word' id='word_1_224' title='bbox 2538 1749 2773 1818; x_wconf 86' lang='lat' dir='ltr'><strong>quodam</strong></span> <span class='ocrx_word' id='word_1_225' title='bbox 2807 1747 3120 1819; x_wconf 78' lang='lat' dir='ltr'><strong>profundat.</strong></span> <span class='ocrx_word' id='word_1_226' title='bbox 3156 1748 3265 1804; x_wconf 89' lang='lat' dir='ltr'><strong>Sed</strong></span> <span class='ocrx_word' id='word_1_227' title='bbox 3295 1750 3417 1818; x_wconf 84' lang='lat' dir='ltr'><strong>quia</strong></span> <span class='ocrx_word' id='word_1_228' title='bbox 3464 1762 3552 1802; x_wconf 86' lang='lat' dir='ltr'><strong>res</strong></span> 
     </span>
    </p>
   </div>
   <div class='ocr_carea' id='block_1_31' title="bbox 1985 1839 3553 1919">
    <p class='ocr_par' dir='ltr' id='par_1_31' title="bbox 1985 1839 3553 1919">
     <span class='ocr_line' id='line_1_31' title="bbox 1985 1839 3553 1919; baseline -0.004 -22"><span class='ocrx_word' id='word_1_229' title='bbox 1985 1840 2122 1897; x_wconf 82' lang='lat' dir='ltr'><strong>satis</strong></span> <span class='ocrx_word' id='word_1_230' title='bbox 2160 1850 2245 1895; x_wconf 89' lang='lat' dir='ltr'><strong>est</strong></span> <span class='ocrx_word' id='word_1_231' title='bbox 2275 1841 2572 1908; x_wconf 80' lang='lat' dir='ltr'><strong>explicata,</strong></span> <span class='ocrx_word' id='word_1_232' title='bbox 2607 1839 3026 1919; x_wconf 80' lang='lat' dir='ltr'><strong>probatumque,</strong></span> <span class='ocrx_word' id='word_1_233' title='bbox 3073 1840 3405 1910; x_wconf 89' lang='lat' dir='ltr'><strong>voluptatem</strong></span> <span class='ocrx_word' id='word_1_234' title='bbox 3431 1841 3553 1891; x_wconf 80' lang='lat' dir='ltr'><strong>ani-</strong></span> 
     </span>
    </p>
   </div>
   <div class='ocr_carea' id='block_1_32' title="bbox 321 1933 3555 2007">
    <p class='ocr_par' dir='ltr' id='par_1_32' title="bbox 321 1933 3555 2007">
     <span class='ocr_line' id='line_1_32' title="bbox 321 1933 3555 2007; baseline -0.001 -21"><span class='ocrx_word' id='word_1_235' title='bbox 321 1949 405 1988; x_wconf 91' lang='lat' dir='ltr'><strong>mo</strong></span> <span class='ocrx_word' id='word_1_236' title='bbox 432 1947 459 1987; x_wconf 92' lang='lat' dir='ltr'><strong>a</strong></span> <span class='ocrx_word' id='word_1_237' title='bbox 496 1945 682 1988; x_wconf 90' lang='lat' dir='ltr'><strong>natura</strong></span> <span class='ocrx_word' id='word_1_238' title='bbox 710 1935 935 1992; x_wconf 89' lang='lat' dir='ltr'><strong>inditam</strong></span> <span class='ocrx_word' id='word_1_239' title='bbox 969 1952 1032 1992; x_wconf 92' lang='lat' dir='ltr'><strong>ac</strong></span> <span class='ocrx_word' id='word_1_240' title='bbox 1063 1937 1329 1993; x_wconf 85' lang='lat' dir='ltr'><strong>divinitus</strong></span> <span class='ocrx_word' id='word_1_241' title='bbox 1352 1938 1512 1994; x_wconf 85' lang='lat' dir='ltr'><strong>nobis</strong></span> <span class='ocrx_word' id='word_1_242' title='bbox 1535 1952 1875 2004; x_wconf 81' lang='lat' dir='ltr'><strong>concessam,</strong></span> <span class='ocrx_word' id='word_1_243' title='bbox 1917 1941 2156 2007; x_wconf 85' lang='lat' dir='ltr'><strong>adeoque</strong></span> <span class='ocrx_word' id='word_1_244' title='bbox 2226 1935 2540 1992; x_wconf 84' lang='lat' dir='ltr'><strong>necessario</strong></span> <span class='ocrx_word' id='word_1_245' title='bbox 2601 1935 2797 1990; x_wconf 86' lang='lat' dir='ltr'><strong>bonam</strong></span> <span class='ocrx_word' id='word_1_246' title='bbox 2830 1949 2952 1990; x_wconf 89' lang='lat' dir='ltr'><strong>esse</strong></span> <span class='ocrx_word' id='word_1_247' title='bbox 2985 1934 3134 1988; x_wconf 77' lang='lat' dir='ltr'><strong>(sunt</strong></span> <span class='ocrx_word' id='word_1_248' title='bbox 3201 1933 3344 1987; x_wconf 89' lang='lat' dir='ltr'><strong>enim</strong></span> <span class='ocrx_word' id='word_1_249' title='bbox 3404 1933 3555 2001; x_wconf 81' lang='lat' dir='ltr'><strong>ejus-</strong></span> 
     </span>
    </p>
   </div>
   <div class='ocr_carea' id='block_1_33' title="bbox 321 2027 3552 2101">
    <p class='ocr_par' dir='ltr' id='par_1_33' title="bbox 321 2027 3552 2101">
     <span class='ocr_line' id='line_1_33' title="bbox 321 2027 3552 2101; baseline -0 -22"><span class='ocrx_word' id='word_1_250' title='bbox 321 2027 457 2082; x_wconf 83' lang='lat' dir='ltr'><strong>modi</strong></span> <span class='ocrx_word' id='word_1_251' title='bbox 536 2043 655 2097; x_wconf 77' lang='lat' dir='ltr'><strong>qua:</strong></span> <span class='ocrx_word' id='word_1_252' title='bbox 703 2045 734 2084; x_wconf 91' lang='lat' dir='ltr'><strong>a</strong></span> <span class='ocrx_word' id='word_1_253' title='bbox 797 2030 906 2084; x_wconf 91' lang='lat' dir='ltr'><strong>Deo</strong></span> <span class='ocrx_word' id='word_1_254' title='bbox 957 2029 1425 2101; x_wconf 81' lang='lat' dir='ltr'><strong>proﬁciscuntur),</strong></span> <span class='ocrx_word' id='word_1_255' title='bbox 1471 2045 1590 2101; x_wconf 71' lang='lat' dir='ltr'><strong>age,</strong></span> <span class='ocrx_word' id='word_1_256' title='bbox 1645 2030 1715 2086; x_wconf 90' lang='lat' dir='ltr'><strong>de</strong></span> <span class='ocrx_word' id='word_1_257' title='bbox 1778 2030 1909 2099; x_wconf 84' lang='lat' dir='ltr'><strong>ipsis</strong></span> <span class='ocrx_word' id='word_1_258' title='bbox 1981 2029 2142 2084; x_wconf 85' lang='lat' dir='ltr'><strong>etiam</strong></span> <span class='ocrx_word' id='word_1_259' title='bbox 2201 2029 2363 2083; x_wconf 82' lang='lat' dir='ltr'><strong>rebus</strong></span> <span class='ocrx_word' id='word_1_260' title='bbox 2427 2041 2546 2082; x_wconf 89' lang='lat' dir='ltr'><strong>eam</strong></span> <span class='ocrx_word' id='word_1_261' title='bbox 2637 2027 2832 2081; x_wconf 86' lang='lat' dir='ltr'><strong>bonam</strong></span> <span class='ocrx_word' id='word_1_262' title='bbox 2909 2027 3379 2093; x_wconf 82' lang='lat' dir='ltr'><strong>demonstremus,</strong></span> <span class='ocrx_word' id='word_1_263' title='bbox 3444 2040 3552 2079; x_wconf 89' lang='lat' dir='ltr'><strong>non</strong></span> 
     </span>
    </p>
   </div>
   <div class='ocr_carea' id='block_1_34' title="bbox 319 2121 2049 2192">
    <p class='ocr_par' dir='ltr' id='par_1_34' title="bbox 319 2121 2049 2192">
     <span class='ocr_line' id='line_1_34' title="bbox 319 2121 2049 2192; baseline 0.001 -19"><span class='ocrx_word' id='word_1_264' title='bbox 319 2122 434 2174; x_wconf 83' lang='lat' dir='ltr'><strong>sine</strong></span> <span class='ocrx_word' id='word_1_265' title='bbox 468 2121 996 2186; x_wconf 73' lang='lat' dir='ltr'><strong>ratiocinationibus,</strong></span> <span class='ocrx_word' id='word_1_266' title='bbox 1037 2123 1083 2177; x_wconf 92' lang='lat' dir='ltr'><strong>si</strong></span> <span class='ocrx_word' id='word_1_267' title='bbox 1143 2123 1362 2192; x_wconf 88' lang='lat' dir='ltr'><strong>quidem</strong></span> <span class='ocrx_word' id='word_1_268' title='bbox 1417 2123 1467 2176; x_wconf 87' lang='lat' dir='ltr'><strong>id</strong></span> <span class='ocrx_word' id='word_1_269' title='bbox 1502 2122 1680 2178; x_wconf 81' lang='lat' dir='ltr'><strong>facere</strong></span> <span class='ocrx_word' id='word_1_270' title='bbox 1730 2122 2049 2192; x_wconf 84' lang='lat' dir='ltr'><strong>poterimus.</strong></span> 
     </span>
    </p>
   </div>
   <div class='ocr_carea' id='block_1_35' title="bbox 387 2209 1889 2285">
    <p class='ocr_par' dir='ltr' id='par_1_35' title="bbox 387 2209 1874 2284">
     <span class='ocr_line' id='line_1_35' title="bbox 387 2209 1874 2284; baseline 0.003 -20"><span class='ocrx_word' id='word_1_271' title='bbox 387 2213 718 2283; x_wconf 80' lang='grc' dir='ltr'><strong>Πολλαχόθεν</strong></span> <span class='ocrx_word' id='word_1_272' title='bbox 751 2215 851 2283; x_wconf 77' lang='grc' dir='ltr'><strong>μὲν</strong></span> <span class='ocrx_word' id='word_1_273' title='bbox 878 2209 974 2267; x_wconf 81' lang='grc' dir='ltr'><strong>οὖν</strong></span> <span class='ocrx_word' id='word_1_274' title='bbox 1003 2215 1153 2268; x_wconf 85' lang='grc' dir='ltr'><strong>ἐσται</strong></span> <span class='ocrx_word' id='word_1_275' title='bbox 1177 2216 1510 2284; x_wconf 77' lang='grc' dir='ltr'><strong>καταφανὲς,</strong></span> <span class='ocrx_word' id='word_1_276' title='bbox 1541 2215 1618 2279; x_wconf 83' lang='grc' dir='ltr'><strong>ὡς</strong></span> <span class='ocrx_word' id='word_1_277' title='bbox 1653 2214 1874 2268; x_wconf 87' lang='grc' dir='ltr'><strong>δύναται</strong></span> 
     </span>
    </p>
   </div>
   <div class='ocr_carea' id='block_1_36' title="bbox 1990 2209 3556 2285">
    <p class='ocr_par' dir='ltr' id='par_1_36' title="bbox 2056 2212 3556 2285">
     <span class='ocr_line' id='line_1_36' title="bbox 2056 2212 3556 2285; baseline -0.003 -17"><span class='ocrx_word' id='word_1_278' title='bbox 2056 2213 2127 2269; x_wconf 92' lang='lat' dir='ltr'><strong>De</strong></span> <span class='ocrx_word' id='word_1_279' title='bbox 2158 2213 2342 2270; x_wconf 91' lang='lat' dir='ltr'><strong>multis</strong></span> <span class='ocrx_word' id='word_1_280' title='bbox 2369 2228 2498 2284; x_wconf 80' lang='lat' dir='ltr'><strong>ergo</strong></span> <span class='ocrx_word' id='word_1_281' title='bbox 2539 2214 2770 2284; x_wconf 87' lang='lat' dir='ltr'><strong>parebit,</strong></span> <span class='ocrx_word' id='word_1_282' title='bbox 2805 2228 2968 2285; x_wconf 85' lang='lat' dir='ltr'><strong>posse</strong></span> <span class='ocrx_word' id='word_1_283' title='bbox 3025 2213 3361 2281; x_wconf 86' lang='lat' dir='ltr'><strong>voluptatem</strong></span> <span class='ocrx_word' id='word_1_284' title='bbox 3403 2212 3556 2265; x_wconf 83' lang='lat' dir='ltr'><strong>iuve-</strong></span> 
     </span>
    </p>
   </div>
   <div class='ocr_carea' id='block_1_37' title="bbox 212 2306 1881 2379">
    <p class='ocr_par' dir='ltr' id='par_1_37' title="bbox 212 2306 1881 2379">
     <span class='ocr_line' id='line_1_37' title="bbox 212 2306 1881 2379; baseline 0.002 -22"><span class='ocrx_word' id='word_1_285' title='bbox 212 2354 216 2357; x_wconf 91' lang='lat'><em>_</em></span> <span class='ocrx_word' id='word_1_286' title='bbox 323 2309 353 2376; x_wconf 79' lang='grc' dir='ltr'><strong>ή</strong></span> <span class='ocrx_word' id='word_1_287' title='bbox 385 2308 541 2377; x_wconf 71' lang='grc' dir='ltr'><strong>ἡδονὴ</strong></span> <span class='ocrx_word' id='word_1_288' title='bbox 571 2306 952 2378; x_wconf 79' lang='grc' dir='ltr'><strong>καθαρεύουσα</strong></span> <span class='ocrx_word' id='word_1_289' title='bbox 999 2307 1194 2362; x_wconf 83' lang='grc' dir='ltr'><strong>κακῶν</strong></span> <span class='ocrx_word' id='word_1_290' title='bbox 1233 2307 1550 2379; x_wconf 80' lang='grc' dir='ltr'><strong>εὑρεθῆναι,</strong></span> <span class='ocrx_word' id='word_1_291' title='bbox 1596 2311 1650 2363; x_wconf 85' lang='grc' dir='ltr'><strong>ετ</strong></span> <span class='ocrx_word' id='word_1_292' title='bbox 1693 2309 1779 2372; x_wconf 89' lang='grc' dir='ltr'><strong>τίς</strong></span> <span class='ocrx_word' id='word_1_293' title='bbox 1816 2325 1881 2375; x_wconf 88' lang='grc' dir='ltr'><strong>γε</strong></span> 
     </span>
    </p>
   </div>
   <div class='ocr_carea' id='block_1_38' title="bbox 322 2396 1884 2472">
    <p class='ocr_par' dir='ltr' id='par_1_38' title="bbox 322 2396 1884 2472">
     <span class='ocr_line' id='line_1_38' title="bbox 322 2396 1884 2472; baseline 0.001 -21"><span class='ocrx_word' id='word_1_294' title='bbox 322 2400 496 2471; x_wconf 80' lang='grc' dir='ltr'><strong>ἐκείνῃ</strong></span> <span class='ocrx_word' id='word_1_295' title='bbox 513 2399 712 2470; x_wconf 84' lang='grc' dir='ltr'><strong>χρῷτο,</strong></span> <span class='ocrx_word' id='word_1_296' title='bbox 743 2400 818 2462; x_wconf 84' lang='grc' dir='ltr'><strong>ὡς</strong></span> <span class='ocrx_word' id='word_1_297' title='bbox 842 2399 962 2454; x_wconf 82' lang='grc' dir='ltr'><strong>δέον</strong></span> <span class='ocrx_word' id='word_1_298' title='bbox 986 2401 1246 2471; x_wconf 80' lang='grc' dir='ltr'><strong>χρῆσθαι.</strong></span> <span class='ocrx_word' id='word_1_299' title='bbox 1265 2401 1338 2454; x_wconf 84' lang='grc' dir='ltr'><strong>Τὸ</strong></span> <span class='ocrx_word' id='word_1_300' title='bbox 1364 2401 1494 2471; x_wconf 84' lang='grc' dir='ltr'><strong>γὰρ,</strong></span> <span class='ocrx_word' id='word_1_301' title='bbox 1525 2396 1703 2472; x_wconf 77' lang='grc' dir='ltr'><strong>οἶμαι,</strong></span> <span class='ocrx_word' id='word_1_302' title='bbox 1737 2400 1884 2469; x_wconf 81' lang='grc' dir='ltr'><strong>ἐφίε-</strong></span> 
     </span>
    </p>
   </div>
   <div class='ocr_carea' id='block_1_39' title="bbox 327 2489 1886 2562">
    <p class='ocr_par' dir='ltr' id='par_1_39' title="bbox 327 2489 1886 2562">
     <span class='ocr_line' id='line_1_39' title="bbox 327 2489 1886 2562; baseline 0.002 -20"><span class='ocrx_word' id='word_1_303' title='bbox 327 2489 447 2543; x_wconf 91' lang='grc' dir='ltr'><strong>σθαι</strong></span> <span class='ocrx_word' id='word_1_304' title='bbox 476 2493 568 2545; x_wconf 69' lang='grc' dir='ltr'><strong>καὶ</strong></span> <span class='ocrx_word' id='word_1_305' title='bbox 595 2491 886 2560; x_wconf 78' lang='grc' dir='ltr'><strong>ἐπιθυμεῖν</strong></span> <span class='ocrx_word' id='word_1_306' title='bbox 915 2493 1024 2546; x_wconf 91' lang='grc' dir='ltr'><strong>τῶν</strong></span> <span class='ocrx_word' id='word_1_307' title='bbox 1053 2493 1133 2555; x_wconf 78' lang='grc' dir='ltr'><strong>ὡς</strong></span> <span class='ocrx_word' id='word_1_308' title='bbox 1155 2491 1376 2562; x_wconf 85' lang='grc' dir='ltr'><strong>ἀληθῶς</strong></span> <span class='ocrx_word' id='word_1_309' title='bbox 1404 2493 1613 2561; x_wconf 86' lang='grc' dir='ltr'><strong>ἐφετῶν</strong></span> <span class='ocrx_word' id='word_1_310' title='bbox 1639 2490 1737 2545; x_wconf 66' lang='grc' dir='ltr'><strong>καὶ</strong></span> <span class='ocrx_word' id='word_1_311' title='bbox 1766 2494 1886 2545; x_wconf 63' lang='grc' dir='ltr'><strong>ἐπιδ</strong></span> 
     </span>
    </p>
   </div>
   <div class='ocr_carea' id='block_1_40' title="bbox 325 2584 1884 2654">
    <p class='ocr_par' dir='ltr' id='par_1_40' title="bbox 325 2584 1884 2654">
     <span class='ocr_line' id='line_1_40' title="bbox 325 2584 1884 2654; baseline 0.002 -19"><span class='ocrx_word' id='word_1_312' title='bbox 325 2584 604 2653; x_wconf 81' lang='grc' dir='ltr'><strong>θυμείσθαι</strong></span> <span class='ocrx_word' id='word_1_313' title='bbox 639 2585 890 2652; x_wconf 88' lang='grc' dir='ltr'><strong>δικαίων,</strong></span> <span class='ocrx_word' id='word_1_314' title='bbox 926 2586 1022 2639; x_wconf 76' lang='grc' dir='ltr'><strong>καὶ</strong></span> <span class='ocrx_word' id='word_1_315' title='bbox 1047 2588 1171 2650; x_wconf 79' lang='grc' dir='ltr'><strong>ταῖς</strong></span> <span class='ocrx_word' id='word_1_316' title='bbox 1200 2585 1310 2639; x_wconf 82' lang='grc' dir='ltr'><strong>ἀπὸ</strong></span> <span class='ocrx_word' id='word_1_317' title='bbox 1334 2585 1541 2640; x_wconf 84' lang='grc' dir='ltr'><strong>τούτων</strong></span> <span class='ocrx_word' id='word_1_318' title='bbox 1572 2584 1728 2648; x_wconf 80' lang='grc' dir='ltr'><strong>αὖθις</strong></span> <span class='ocrx_word' id='word_1_319' title='bbox 1761 2584 1884 2654; x_wconf 77' lang='grc' dir='ltr'><strong>ἡδο-</strong></span> 
     </span>
    </p>
   </div>
   <div class='ocr_carea' id='block_1_41' title="bbox 325 2677 1886 2750">
    <p class='ocr_par' dir='ltr' id='par_1_41' title="bbox 325 2677 1886 2750">
     <span class='ocr_line' id='line_1_41' title="bbox 325 2677 1886 2750; baseline 0.002 -22"><span class='ocrx_word' id='word_1_320' title='bbox 325 2680 433 2735; x_wconf 76' lang='grc' dir='ltr'><strong>ναῖς</strong></span> <span class='ocrx_word' id='word_1_321' title='bbox 461 2677 886 2745; x_wconf 76' lang='grc' dir='ltr'><strong>ἐπαγάλλεσθαι,</strong></span> <span class='ocrx_word' id='word_1_322' title='bbox 933 2679 1196 2750; x_wconf 73' lang='grc' dir='ltr'><strong>οὐδεμίαν</strong></span> <span class='ocrx_word' id='word_1_323' title='bbox 1233 2695 1298 2747; x_wconf 84' lang='grc' dir='ltr'><strong>γε</strong></span> <span class='ocrx_word' id='word_1_324' title='bbox 1332 2678 1548 2732; x_wconf 84' lang='grc' dir='ltr'><strong>δικαίαν</strong></span> <span class='ocrx_word' id='word_1_325' title='bbox 1581 2677 1783 2743; x_wconf 79' lang='grc' dir='ltr'><strong>δέξαιτ’</strong></span> <span class='ocrx_word' id='word_1_326' title='bbox 1819 2678 1886 2732; x_wconf 78' lang='grc' dir='ltr'><strong>ἂν</strong></span> 
     </span>
    </p>
   </div>
   <div class='ocr_carea' id='block_1_42' title="bbox 326 2766 1882 2836">
    <p class='ocr_par' dir='ltr' id='par_1_42' title="bbox 326 2766 1882 2836">
     <span class='ocr_line' id='line_1_42' title="bbox 326 2766 1882 2836; baseline 0.001 -16"><span class='ocrx_word' id='word_1_327' title='bbox 326 2766 550 2836; x_wconf 79' lang='grc' dir='ltr'><strong>μέμψιν,</strong></span> <span class='ocrx_word' id='word_1_328' title='bbox 581 2768 718 2821; x_wconf 84' lang='grc' dir='ltr'><strong>ὅπου</strong></span> <span class='ocrx_word' id='word_1_329' title='bbox 749 2785 813 2835; x_wconf 90' lang='grc' dir='ltr'><strong>γε</strong></span> <span class='ocrx_word' id='word_1_330' title='bbox 848 2769 940 2822; x_wconf 78' lang='grc' dir='ltr'><strong>καὶ</strong></span> <span class='ocrx_word' id='word_1_331' title='bbox 987 2769 1301 2823; x_wconf 77' lang='grc' dir='ltr'><strong>τούναντίον</strong></span> <span class='ocrx_word' id='word_1_332' title='bbox 1326 2768 1558 2832; x_wconf 77' lang='grc' dir='ltr'><strong>πολλοὺς</strong></span> <span class='ocrx_word' id='word_1_333' title='bbox 1603 2769 1882 2830; x_wconf 86' lang='grc' dir='ltr'><strong>ἐπαίνους.</strong></span> 
     </span>
    </p>
   </div>
   <div class='ocr_carea' id='block_1_43' title="bbox 339 2860 1886 2932">
    <p class='ocr_par' dir='ltr' id='par_1_43' title="bbox 339 2860 1886 2932">
     <span class='ocr_line' id='line_1_43' title="bbox 339 2860 1886 2932; baseline 0.001 -20"><span class='ocrx_word' id='word_1_334' title='bbox 339 2860 454 2928; x_wconf 80' lang='grc' dir='ltr'><strong>Ὑφ’</strong></span> <span class='ocrx_word' id='word_1_335' title='bbox 498 2861 653 2931; x_wconf 82' lang='grc' dir='ltr'><strong>ἡμῶν</strong></span> <span class='ocrx_word' id='word_1_336' title='bbox 684 2861 795 2931; x_wconf 86' lang='grc' dir='ltr'><strong>γάρ</strong></span> <span class='ocrx_word' id='word_1_337' title='bbox 825 2861 1138 2932; x_wconf 75' lang='grc' dir='ltr'><strong>ζητουμένη</strong></span> <span class='ocrx_word' id='word_1_338' title='bbox 1166 2863 1200 2932; x_wconf 70' lang='grc' dir='ltr'><strong>ἡ</strong></span> <span class='ocrx_word' id='word_1_339' title='bbox 1241 2862 1725 2932; x_wconf 79' lang='grc' dir='ltr'><strong>ἐπισυμδαίνουσα</strong></span> <span class='ocrx_word' id='word_1_340' title='bbox 1773 2863 1886 2924; x_wconf 81' lang='grc' dir='ltr'><strong>τοῖς</strong></span> 
     </span>
    </p>
   </div>
   <div class='ocr_carea' id='block_1_44' title="bbox 331 2951 1886 3023">
    <p class='ocr_par' dir='ltr' id='par_1_44' title="bbox 331 2951 1886 3023">
     <span class='ocr_line' id='line_1_44' title="bbox 331 2951 1886 3023; baseline -0.001 -18"><span class='ocrx_word' id='word_1_341' title='bbox 331 2951 672 3022; x_wconf 76' lang='grc' dir='ltr'><strong>ζητουμένοις</strong></span> <span class='ocrx_word' id='word_1_342' title='bbox 697 2953 766 3006; x_wconf 88' lang='grc' dir='ltr'><strong>δι’</strong></span> <span class='ocrx_word' id='word_1_343' title='bbox 795 2954 971 3007; x_wconf 83' lang='grc' dir='ltr'><strong>ἐκεῖνό</strong></span> <span class='ocrx_word' id='word_1_344' title='bbox 999 2969 1062 3021; x_wconf 87' lang='grc' dir='ltr'><strong>γε</strong></span> <span class='ocrx_word' id='word_1_345' title='bbox 1095 2953 1191 3006; x_wconf 78' lang='grc' dir='ltr'><strong>καὶ</strong></span> <span class='ocrx_word' id='word_1_346' title='bbox 1223 2953 1410 3023; x_wconf 82' lang='grc' dir='ltr'><strong>μόνον,</strong></span> <span class='ocrx_word' id='word_1_347' title='bbox 1443 2952 1472 3006; x_wconf 83' lang='grc' dir='ltr'><strong>ὃ</strong></span> <span class='ocrx_word' id='word_1_348' title='bbox 1500 2955 1568 3023; x_wconf 82' lang='grc' dir='ltr'><strong>τῇ</strong></span> <span class='ocrx_word' id='word_1_349' title='bbox 1606 2951 1768 3017; x_wconf 88' lang='grc' dir='ltr'><strong>φύσει</strong></span> <span class='ocrx_word' id='word_1_350' title='bbox 1800 2951 1886 3004; x_wconf 78' lang='grc' dir='ltr'><strong>δέ·-</strong></span> 
     </span>
    </p>
   </div>
   <div class='ocr_carea' id='block_1_45' title="bbox 329 3042 1902 3117">
    <p class='ocr_par' dir='ltr' id='par_1_45' title="bbox 329 3042 1902 3117">
     <span class='ocr_line' id='line_1_45' title="bbox 329 3042 1902 3117; baseline -0.002 -20"><span class='ocrx_word' id='word_1_351' title='bbox 329 3045 467 3099; x_wconf 82' lang='grc' dir='ltr'><strong>δοται</strong></span> <span class='ocrx_word' id='word_1_352' title='bbox 495 3047 677 3117; x_wconf 82' lang='grc' dir='ltr'><strong>ζητεῖν</strong></span> <span class='ocrx_word' id='word_1_353' title='bbox 706 3046 946 3116; x_wconf 76' lang='grc' dir='ltr'><strong>ἐξαρχῆς</strong></span> <span class='ocrx_word' id='word_1_354' title='bbox 981 3045 1166 3109; x_wconf 81' lang='grc' dir='ltr'><strong>εὐθὺς,</strong></span> <span class='ocrx_word' id='word_1_355' title='bbox 1193 3045 1440 3115; x_wconf 87' lang='grc' dir='ltr'><strong>δηλονότι</strong></span> <span class='ocrx_word' id='word_1_356' title='bbox 1469 3043 1560 3099; x_wconf 84' lang='grc' dir='ltr'><strong>τδν</strong></span> <span class='ocrx_word' id='word_1_357' title='bbox 1588 3042 1744 3108; x_wconf 82' lang='grc' dir='ltr'><strong>Θεδν,</strong></span> <span class='ocrx_word' id='word_1_358' title='bbox 1783 3043 1902 3113; x_wconf 79' lang='grc' dir='ltr'><strong>τὴν</strong></span> 
     </span>
    </p>
   </div>
   <div class='ocr_carea' id='block_1_46' title="bbox 334 3135 1887 3208">
    <p class='ocr_par' dir='ltr' id='par_1_46' title="bbox 334 3135 1887 3208">
     <span class='ocr_line' id='line_1_46' title="bbox 334 3135 1887 3208; baseline -0.001 -18"><span class='ocrx_word' id='word_1_359' title='bbox 334 3138 541 3208; x_wconf 72' lang='grc' dir='ltr'><strong>ἀρετὴν,</strong></span> <span class='ocrx_word' id='word_1_360' title='bbox 571 3139 670 3208; x_wconf 82' lang='grc' dir='ltr'><strong>τὴν</strong></span> <span class='ocrx_word' id='word_1_361' title='bbox 698 3137 900 3207; x_wconf 76' lang='grc' dir='ltr'><strong>ἑαυτῆς</strong></span> <span class='ocrx_word' id='word_1_362' title='bbox 926 3137 1208 3203; x_wconf 84' lang='grc' dir='ltr'><strong>σύστασιν,</strong></span> <span class='ocrx_word' id='word_1_363' title='bbox 1230 3136 1349 3198; x_wconf 90' lang='grc' dir='ltr'><strong>πῶς</strong></span> <span class='ocrx_word' id='word_1_364' title='bbox 1366 3136 1465 3190; x_wconf 81' lang='grc' dir='ltr'><strong>οὐκ</strong></span> <span class='ocrx_word' id='word_1_365' title='bbox 1491 3136 1560 3190; x_wconf 82' lang='grc' dir='ltr'><strong>ἂν</strong></span> <span class='ocrx_word' id='word_1_366' title='bbox 1584 3135 1671 3206; x_wconf 68' lang='grc' dir='ltr'><strong>εἴη</strong></span> <span class='ocrx_word' id='word_1_367' title='bbox 1699 3135 1887 3188; x_wconf 83' lang='grc' dir='ltr'><strong>δικαία</strong></span> 
     </span>
    </p>
   </div>
   <div class='ocr_carea' id='block_1_47' title="bbox 333 3226 1886 3300">
    <p class='ocr_par' dir='ltr' id='par_1_47' title="bbox 333 3226 1886 3300">
     <span class='ocr_line' id='line_1_47' title="bbox 333 3226 1886 3300; baseline -0.008 -11"><span class='ocrx_word' id='word_1_368' title='bbox 333 3231 363 3298; x_wconf 78' lang='grc' dir='ltr'>ἡ</span> <span class='ocrx_word' id='word_1_369' title='bbox 393 3230 540 3300; x_wconf 75' lang='grc' dir='ltr'><strong>ἡδονὴ</strong></span> <span class='ocrx_word' id='word_1_370' title='bbox 572 3229 754 3300; x_wconf 77' lang='grc' dir='ltr'><strong>ἀγαθὴ</strong></span> <span class='ocrx_word' id='word_1_371' title='bbox 771 3229 1128 3295; x_wconf 71' lang='grc' dir='ltr'><strong>νομίζεσθαι,</strong></span> <span class='ocrx_word' id='word_1_372' title='bbox 1167 3229 1262 3283; x_wconf 77' lang='grc' dir='ltr'><strong>καὶ</strong></span> <span class='ocrx_word' id='word_1_373' title='bbox 1294 3228 1495 3292; x_wconf 77' lang='grc' dir='ltr'><strong>καλοὺς</strong></span> <span class='ocrx_word' id='word_1_374' title='bbox 1537 3226 1886 3298; x_wconf 70' lang='grc' dir='ltr'><strong>ἐργαζομένη</strong></span> 
     </span>
    </p>
   </div>
   <div class='ocr_carea' id='block_1_48' title="bbox 333 3320 1889 3394">
    <p class='ocr_par' dir='ltr' id='par_1_48' title="bbox 333 3320 1889 3394">
     <span class='ocr_line' id='line_1_48' title="bbox 333 3320 1889 3394; baseline -0.001 -20"><span class='ocrx_word' id='word_1_375' title='bbox 333 3325 447 3386; x_wconf 74' lang='grc' dir='ltr'><strong>τοὺς</strong></span> <span class='ocrx_word' id='word_1_376' title='bbox 475 3323 641 3390; x_wconf 74' lang='grc' dir='ltr'><strong>αὐτῆς</strong></span> <span class='ocrx_word' id='word_1_377' title='bbox 691 3323 988 3392; x_wconf 80' lang='grc' dir='ltr'><strong>σωφρόνως</strong></span> <span class='ocrx_word' id='word_1_378' title='bbox 1019 3323 1384 3394; x_wconf 74' lang='grc' dir='ltr'><strong>μετέχονταςς</strong></span> <span class='ocrx_word' id='word_1_379' title='bbox 1428 3320 1640 3376; x_wconf 80' lang='grc' dir='ltr'><strong>Αὐτίκα</strong></span> <span class='ocrx_word' id='word_1_380' title='bbox 1669 3320 1801 3389; x_wconf 89' lang='grc' dir='ltr'><strong>γοῦν</strong></span> <span class='ocrx_word' id='word_1_381' title='bbox 1831 3323 1889 3374; x_wconf 80' lang='grc' dir='ltr'><strong>ἐν</strong></span> 
     </span>
    </p>
   </div>
   <div class='ocr_carea' id='block_1_49' title="bbox 335 3409 1890 3486">
    <p class='ocr_par' dir='ltr' id='par_1_49' title="bbox 335 3409 1890 3486">
     <span class='ocr_line' id='line_1_49' title="bbox 335 3409 1890 3486; baseline -0.001 -20"><span class='ocrx_word' id='word_1_382' title='bbox 335 3416 436 3478; x_wconf 71' lang='grc' dir='ltr'><strong>ταῖς</strong></span> <span class='ocrx_word' id='word_1_383' title='bbox 467 3415 821 3486; x_wconf 85' lang='grc' dir='ltr'><strong>ἐπουρανίαις</strong></span> <span class='ocrx_word' id='word_1_384' title='bbox 849 3414 1170 3483; x_wconf 84' lang='grc' dir='ltr'><strong>δυνάμεσιν,</strong></span> <span class='ocrx_word' id='word_1_385' title='bbox 1203 3415 1262 3467; x_wconf 84' lang='grc' dir='ltr'><strong>ἐν</strong></span> <span class='ocrx_word' id='word_1_386' title='bbox 1293 3409 1494 3483; x_wconf 77' lang='grc' dir='ltr'><strong>αἷσπερ</strong></span> <span class='ocrx_word' id='word_1_387' title='bbox 1537 3413 1640 3466; x_wconf 80' lang='grc' dir='ltr'><strong>οὒκ</strong></span> <span class='ocrx_word' id='word_1_388' title='bbox 1673 3412 1890 3483; x_wconf 79' lang='grc' dir='ltr'><strong>ἐνδέχε-</strong></span> 
     </span>
    </p>
   </div>
   <div class='ocr_carea' id='block_1_50' title="bbox 337 3500 1884 3576">
    <p class='ocr_par' dir='ltr' id='par_1_50' title="bbox 337 3500 1884 3576">
     <span class='ocr_line' id='line_1_50' title="bbox 337 3500 1884 3576; baseline -0.001 -19"><span class='ocrx_word' id='word_1_389' title='bbox 337 3506 412 3558; x_wconf 84' lang='grc' dir='ltr'><strong>ταί</strong></span> <span class='ocrx_word' id='word_1_390' title='bbox 442 3523 492 3560; x_wconf 91' lang='grc' dir='ltr'><strong>τι</strong></span> <span class='ocrx_word' id='word_1_391' title='bbox 520 3507 630 3560; x_wconf 87' lang='grc' dir='ltr'><strong>τῶν</strong></span> <span class='ocrx_word' id='word_1_392' title='bbox 661 3507 766 3560; x_wconf 86' lang='grc' dir='ltr'><strong>οὐκ</strong></span> <span class='ocrx_word' id='word_1_393' title='bbox 798 3507 1021 3575; x_wconf 80' lang='grc' dir='ltr'><strong>ἀγαθῶν</strong></span> <span class='ocrx_word' id='word_1_394' title='bbox 1051 3500 1216 3568; x_wconf 73' lang='grc' dir='ltr'><strong>εἶναι,</strong></span> <span class='ocrx_word' id='word_1_395' title='bbox 1252 3504 1437 3575; x_wconf 78' lang='grc' dir='ltr'><strong>εὕροις</strong></span> <span class='ocrx_word' id='word_1_396' title='bbox 1475 3505 1544 3559; x_wconf 82' lang='grc' dir='ltr'><strong>ἂν</strong></span> <span class='ocrx_word' id='word_1_397' title='bbox 1573 3505 1884 3576; x_wconf 67' lang='grc' dir='ltr'><strong>ἀμφότεραι</strong></span> 
     </span>
    </p>
   </div>
   <div class='ocr_carea' id='block_1_51' title="bbox 1986 2302 3558 2375">
    <p class='ocr_par' dir='ltr' id='par_1_51' title="bbox 1986 2302 3558 2375">
     <span class='ocr_line' id='line_1_51' title="bbox 1986 2302 3558 2375; baseline -0.003 -16"><span class='ocrx_word' id='word_1_398' title='bbox 1986 2305 2112 2372; x_wconf 88' lang='lat' dir='ltr'><strong>niri,</strong></span> <span class='ocrx_word' id='word_1_399' title='bbox 2139 2319 2259 2375; x_wconf 63' lang='lat' dir='ltr'><strong>quae</strong></span> <span class='ocrx_word' id='word_1_400' title='bbox 2285 2305 2542 2359; x_wconf 90' lang='lat' dir='ltr'><strong>immunis</strong></span> <span class='ocrx_word' id='word_1_401' title='bbox 2578 2305 2699 2359; x_wconf 88' lang='lat' dir='ltr'><strong>sita</strong></span> <span class='ocrx_word' id='word_1_402' title='bbox 2741 2306 2911 2370; x_wconf 86' lang='lat' dir='ltr'><strong>vitiis,</strong></span> <span class='ocrx_word' id='word_1_403' title='bbox 2948 2308 2993 2359; x_wconf 85' lang='lat' dir='ltr'><strong>si</strong></span> <span class='ocrx_word' id='word_1_404' title='bbox 3017 2305 3138 2374; x_wconf 83' lang='lat' dir='ltr'><strong>quis</strong></span> <span class='ocrx_word' id='word_1_405' title='bbox 3177 2319 3237 2358; x_wconf 87' lang='lat' dir='ltr'><strong>ea</strong></span> <span class='ocrx_word' id='word_1_406' title='bbox 3269 2302 3347 2357; x_wconf 85' lang='lat' dir='ltr'><strong>sic</strong></span> <span class='ocrx_word' id='word_1_407' title='bbox 3371 2309 3558 2356; x_wconf 84' lang='lat' dir='ltr'><strong>utatur</strong></span> 
     </span>
    </p>
   </div>
   <div class='ocr_carea' id='block_1_52' title="bbox 1985 2393 3648 2467">
    <p class='ocr_par' dir='ltr' id='par_1_52' title="bbox 1985 2393 3648 2467">
     <span class='ocr_line' id='line_1_52' title="bbox 1985 2393 3648 2467; baseline -0.001 -21"><span class='ocrx_word' id='word_1_408' title='bbox 1985 2397 2438 2467; x_wconf 83' lang='lat' dir='ltr'><strong>quemadmodum</strong></span> <span class='ocrx_word' id='word_1_409' title='bbox 2469 2397 2544 2450; x_wconf 86' lang='lat' dir='ltr'><strong>uti</strong></span> <span class='ocrx_word' id='word_1_410' title='bbox 2579 2405 2810 2466; x_wconf 91' lang='lat' dir='ltr'><strong>oportet.</strong></span> <span class='ocrx_word' id='word_1_411' title='bbox 2843 2395 3004 2459; x_wconf 88' lang='lat' dir='ltr'><strong>Nam.</strong></span> <span class='ocrx_word' id='word_1_412' title='bbox 3029 2406 3087 2449; x_wconf 92' lang='lat' dir='ltr'><strong>ut</strong></span> <span class='ocrx_word' id='word_1_413' title='bbox 3116 2395 3367 2464; x_wconf 87' lang='lat' dir='ltr'><strong>equidem</strong></span> <span class='ocrx_word' id='word_1_414' title='bbox 3411 2393 3558 2446; x_wconf 86' lang='lat' dir='ltr'><strong>arbi-</strong></span> <span class='ocrx_word' id='word_1_415' title='bbox 3637 2407 3648 2418; x_wconf 63' lang='grc' dir='ltr'><strong>θ</strong></span> 
     </span>
    </p>
   </div>
   <div class='ocr_carea' id='block_1_53' title="bbox 1987 2492 3556 2561">
    <p class='ocr_par' dir='ltr' id='par_1_53' title="bbox 1987 2492 3556 2561">
     <span class='ocr_line' id='line_1_53' title="bbox 1987 2492 3556 2561; baseline -0.003 -17"><span class='ocrx_word' id='word_1_416' title='bbox 1987 2502 2120 2556; x_wconf 89' lang='lat' dir='ltr'><strong>tror,</strong></span> <span class='ocrx_word' id='word_1_417' title='bbox 2154 2507 2216 2546; x_wconf 87' lang='lat' dir='ltr'><strong>ea</strong></span> <span class='ocrx_word' id='word_1_418' title='bbox 2244 2501 2356 2546; x_wconf 91' lang='lat' dir='ltr'><strong>tum</strong></span> <span class='ocrx_word' id='word_1_419' title='bbox 2395 2500 2671 2561; x_wconf 87' lang='lat' dir='ltr'><strong>appetere,</strong></span> <span class='ocrx_word' id='word_1_420' title='bbox 2704 2500 2814 2544; x_wconf 88' lang='lat' dir='ltr'><strong>tum</strong></span> <span class='ocrx_word' id='word_1_421' title='bbox 2838 2492 3250 2559; x_wconf 87' lang='lat' dir='ltr'><strong>concupiscere,</strong></span> <span class='ocrx_word' id='word_1_422' title='bbox 3286 2503 3406 2558; x_wconf 79' lang='lat' dir='ltr'><strong>quae</strong></span> <span class='ocrx_word' id='word_1_423' title='bbox 3427 2501 3556 2540; x_wconf 81' lang='lat' dir='ltr'><strong>vero</strong></span> 
     </span>
    </p>
   </div>
   <div class='ocr_carea' id='block_1_54' title="bbox 1985 2581 3557 2654">
    <p class='ocr_par' dir='ltr' id='par_1_54' title="bbox 1985 2581 3557 2654">
     <span class='ocr_line' id='line_1_54' title="bbox 1985 2581 3557 2654; baseline -0.004 -15"><span class='ocrx_word' id='word_1_424' title='bbox 1985 2593 2115 2639; x_wconf 87' lang='lat' dir='ltr'><strong>sunt</strong></span> <span class='ocrx_word' id='word_1_425' title='bbox 2145 2583 2404 2654; x_wconf 84' lang='lat' dir='ltr'><strong>optabilia</strong></span> <span class='ocrx_word' id='word_1_426' title='bbox 2467 2584 2773 2652; x_wconf 90' lang='lat' dir='ltr'><strong>meritoque</strong></span> <span class='ocrx_word' id='word_1_427' title='bbox 2831 2581 3282 2650; x_wconf 86' lang='lat' dir='ltr'><strong>concupiscenda,</strong></span> <span class='ocrx_word' id='word_1_428' title='bbox 3328 2594 3557 2649; x_wconf 63' lang='lat' dir='ltr'><strong>quaequo</strong></span> 
     </span>
    </p>
   </div>
   <div class='ocr_carea' id='block_1_55' title="bbox 1986 2672 3554 2746">
    <p class='ocr_par' dir='ltr' id='par_1_55' title="bbox 1986 2672 3554 2746">
     <span class='ocr_line' id='line_1_55' title="bbox 1986 2672 3554 2746; baseline -0.004 -15"><span class='ocrx_word' id='word_1_429' title='bbox 1986 2677 2052 2732; x_wconf 91' lang='lat' dir='ltr'><strong>de</strong></span> <span class='ocrx_word' id='word_1_430' title='bbox 2084 2677 2169 2731; x_wconf 82' lang='lat' dir='ltr'><strong>bis</strong></span> <span class='ocrx_word' id='word_1_431' title='bbox 2196 2676 2502 2746; x_wconf 85' lang='lat' dir='ltr'><strong>voluptates</strong></span> <span class='ocrx_word' id='word_1_432' title='bbox 2529 2676 2821 2738; x_wconf 78' lang='lat' dir='ltr'><strong>exsistunt,</strong></span> <span class='ocrx_word' id='word_1_433' title='bbox 2857 2675 2921 2730; x_wconf 89' lang='lat' dir='ltr'><strong>iis</strong></span> <span class='ocrx_word' id='word_1_434' title='bbox 2954 2674 3240 2740; x_wconf 80' lang='lat' dir='ltr'><strong>delectari,</strong></span> <span class='ocrx_word' id='word_1_435' title='bbox 3271 2672 3471 2727; x_wconf 87' lang='lat' dir='ltr'><strong>nullam</strong></span> <span class='ocrx_word' id='word_1_436' title='bbox 3501 2673 3554 2725; x_wconf 88' lang='lat' dir='ltr'><strong>id</strong></span> 
     </span>
    </p>
   </div>
   <div class='ocr_carea' id='block_1_56' title="bbox 1985 2767 3558 2839">
    <p class='ocr_par' dir='ltr' id='par_1_56' title="bbox 1985 2767 3558 2839">
     <span class='ocr_line' id='line_1_56' title="bbox 1985 2767 3558 2839; baseline -0.002 -18"><span class='ocrx_word' id='word_1_437' title='bbox 1985 2769 2203 2838; x_wconf 89' lang='lat' dir='ltr'><strong>quidem</strong></span> <span class='ocrx_word' id='word_1_438' title='bbox 2235 2769 2438 2839; x_wconf 83' lang='lat' dir='ltr'><strong>justam</strong></span> <span class='ocrx_word' id='word_1_439' title='bbox 2474 2769 2953 2835; x_wconf 85' lang='lat' dir='ltr'><strong>reprehensionem</strong></span> <span class='ocrx_word' id='word_1_440' title='bbox 2983 2779 3248 2833; x_wconf 90' lang='lat' dir='ltr'><strong>meretur,</strong></span> <span class='ocrx_word' id='word_1_441' title='bbox 3278 2767 3322 2822; x_wconf 91' lang='lat' dir='ltr'><strong>si</strong></span> <span class='ocrx_word' id='word_1_442' title='bbox 3387 2780 3492 2821; x_wconf 90' lang='lat' dir='ltr'><strong>non</strong></span> <span class='ocrx_word' id='word_1_443' title='bbox 3527 2781 3558 2819; x_wconf 89' lang='lat' dir='ltr'><strong>e</strong></span> 
     </span>
    </p>
   </div>
   <div class='ocr_carea' id='block_1_57' title="bbox 1985 2857 3558 2930">
    <p class='ocr_par' dir='ltr' id='par_1_57' title="bbox 1985 2857 3558 2930">
     <span class='ocr_line' id='line_1_57' title="bbox 1985 2857 3558 2930; baseline -0.004 -15"><span class='ocrx_word' id='word_1_444' title='bbox 1985 2861 2206 2916; x_wconf 90' lang='lat' dir='ltr'><strong>diverso</strong></span> <span class='ocrx_word' id='word_1_445' title='bbox 2235 2861 2431 2915; x_wconf 87' lang='lat' dir='ltr'><strong>multas</strong></span> <span class='ocrx_word' id='word_1_446' title='bbox 2457 2859 2640 2930; x_wconf 88' lang='lat' dir='ltr'><strong>potius</strong></span> <span class='ocrx_word' id='word_1_447' title='bbox 2670 2859 2878 2915; x_wconf 89' lang='lat' dir='ltr'><strong>laudes.</strong></span> <span class='ocrx_word' id='word_1_448' title='bbox 2910 2860 3121 2929; x_wconf 85' lang='lat' dir='ltr'><strong>Quippe</strong></span> <span class='ocrx_word' id='word_1_449' title='bbox 3167 2859 3211 2913; x_wconf 92' lang='lat' dir='ltr'><strong>si</strong></span> <span class='ocrx_word' id='word_1_450' title='bbox 3243 2857 3496 2926; x_wconf 87' lang='lat' dir='ltr'><strong>voluptas</strong></span> <span class='ocrx_word' id='word_1_451' title='bbox 3525 2870 3558 2909; x_wconf 85' lang='lat' dir='ltr'><strong>a</strong></span> 
     </span>
    </p>
   </div>
   <div class='ocr_carea' id='block_1_58' title="bbox 1988 2949 3560 3023">
    <p class='ocr_par' dir='ltr' id='par_1_58' title="bbox 1988 2949 3560 3023">
     <span class='ocr_line' id='line_1_58' title="bbox 1988 2949 3560 3023; baseline -0.003 -15"><span class='ocrx_word' id='word_1_452' title='bbox 1988 2955 2144 3008; x_wconf 89' lang='lat' dir='ltr'><strong>nobis</strong></span> <span class='ocrx_word' id='word_1_453' title='bbox 2187 2967 2248 3008; x_wconf 86' lang='lat' dir='ltr'><strong>ea</strong></span> <span class='ocrx_word' id='word_1_454' title='bbox 2305 2963 2584 3022; x_wconf 72' lang='lat' dir='ltr'><strong>quaeratur</strong></span> <span class='ocrx_word' id='word_1_455' title='bbox 2617 2967 2736 3023; x_wconf 67' lang='lat' dir='ltr'><strong>quat</strong></span> <span class='ocrx_word' id='word_1_456' title='bbox 2773 2953 2938 3008; x_wconf 83' lang='lat' dir='ltr'><strong>rebus</strong></span> <span class='ocrx_word' id='word_1_457' title='bbox 2986 2950 3382 3021; x_wconf 79' lang='lat' dir='ltr'><strong>investigandis</strong></span> <span class='ocrx_word' id='word_1_458' title='bbox 3415 2949 3560 3004; x_wconf 86' lang='lat' dir='ltr'><strong>ultro</strong></span> 
     </span>
    </p>
   </div>
   <div class='ocr_carea' id='block_1_59' title="bbox 1987 3041 3558 3114">
    <p class='ocr_par' dir='ltr' id='par_1_59' title="bbox 1987 3041 3558 3114">
     <span class='ocr_line' id='line_1_59' title="bbox 1987 3041 3558 3114; baseline -0.003 -17"><span class='ocrx_word' id='word_1_459' title='bbox 1987 3043 2214 3108; x_wconf 86' lang='lat' dir='ltr'><strong>accedit,</strong></span> <span class='ocrx_word' id='word_1_460' title='bbox 2253 3055 2307 3098; x_wconf 90' lang='lat' dir='ltr'><strong>et</strong></span> <span class='ocrx_word' id='word_1_461' title='bbox 2344 3053 2564 3113; x_wconf 90' lang='lat' dir='ltr'><strong>propter</strong></span> <span class='ocrx_word' id='word_1_462' title='bbox 2587 3043 2689 3099; x_wconf 89' lang='lat' dir='ltr'><strong>hoc</strong></span> <span class='ocrx_word' id='word_1_463' title='bbox 2717 3043 2892 3098; x_wconf 88' lang='lat' dir='ltr'><strong>solum</strong></span> <span class='ocrx_word' id='word_1_464' title='bbox 2921 3044 3062 3114; x_wconf 89' lang='lat' dir='ltr'><strong>quod</strong></span> <span class='ocrx_word' id='word_1_465' title='bbox 3111 3046 3296 3098; x_wconf 89' lang='lat' dir='ltr'><strong>statim</strong></span> <span class='ocrx_word' id='word_1_466' title='bbox 3354 3043 3422 3096; x_wconf 89' lang='lat' dir='ltr'><strong>ab</strong></span> <span class='ocrx_word' id='word_1_467' title='bbox 3450 3041 3558 3094; x_wconf 86' lang='lat' dir='ltr'><strong>ini-</strong></span> 
     </span>
    </p>
   </div>
   <div class='ocr_carea' id='block_1_60' title="bbox 1991 3132 3557 3205">
    <p class='ocr_par' dir='ltr' id='par_1_60' title="bbox 1991 3132 3557 3205">
     <span class='ocr_line' id='line_1_60' title="bbox 1991 3132 3557 3205; baseline -0.002 -16"><span class='ocrx_word' id='word_1_468' title='bbox 1991 3136 2066 3190; x_wconf 93' lang='lat' dir='ltr'><strong>tio</strong></span> <span class='ocrx_word' id='word_1_469' title='bbox 2102 3144 2309 3192; x_wconf 67' lang='lat' dir='ltr'><strong>naturae</strong></span> <span class='ocrx_word' id='word_1_470' title='bbox 2362 3134 2547 3190; x_wconf 85' lang='lat' dir='ltr'><strong>datum</strong></span> <span class='ocrx_word' id='word_1_471' title='bbox 2601 3145 2703 3199; x_wconf 86' lang='lat' dir='ltr'><strong>est,</strong></span> <span class='ocrx_word' id='word_1_472' title='bbox 2760 3144 2817 3189; x_wconf 89' lang='lat' dir='ltr'><strong>ut</strong></span> <span class='ocrx_word' id='word_1_473' title='bbox 2848 3144 3148 3205; x_wconf 62' lang='lat' dir='ltr'><strong>quaeratur,</strong></span> <span class='ocrx_word' id='word_1_474' title='bbox 3187 3143 3312 3204; x_wconf 87' lang='lat' dir='ltr'><strong>puta</strong></span> <span class='ocrx_word' id='word_1_475' title='bbox 3364 3132 3557 3197; x_wconf 89' lang='lat' dir='ltr'><strong>Deum,</strong></span> 
     </span>
    </p>
   </div>
   <div class='ocr_carea' id='block_1_61' title="bbox 1987 3228 3559 3297">
    <p class='ocr_par' dir='ltr' id='par_1_61' title="bbox 1987 3228 3559 3297">
     <span class='ocr_line' id='line_1_61' title="bbox 1987 3228 3559 3297; baseline -0.002 -14"><span class='ocrx_word' id='word_1_476' title='bbox 1987 3228 2270 3294; x_wconf 82' lang='lat' dir='ltr'><strong>virtutem,</strong></span> <span class='ocrx_word' id='word_1_477' title='bbox 2319 3228 2519 3285; x_wconf 88' lang='lat' dir='ltr'><strong>suimet</strong></span> <span class='ocrx_word' id='word_1_478' title='bbox 2549 3229 3024 3285; x_wconf 87' lang='lat' dir='ltr'><strong>conservationem</strong></span> <span class='ocrx_word' id='word_1_479' title='bbox 3054 3247 3071 3285; x_wconf 87' lang='lat'><strong>:</strong></span> <span class='ocrx_word' id='word_1_480' title='bbox 3108 3243 3346 3297; x_wconf 88' lang='lat' dir='ltr'><strong>quonam</strong></span> <span class='ocrx_word' id='word_1_481' title='bbox 3401 3238 3559 3297; x_wconf 88' lang='lat' dir='ltr'><strong>pacto</strong></span> 
     </span>
    </p>
   </div>
   <div class='ocr_carea' id='block_1_62' title="bbox 1989 3319 3562 3390">
    <p class='ocr_par' dir='ltr' id='par_1_62' title="bbox 1989 3319 3562 3390">
     <span class='ocr_line' id='line_1_62' title="bbox 1989 3319 3562 3390; baseline -0.002 -16"><span class='ocrx_word' id='word_1_482' title='bbox 1989 3335 2097 3377; x_wconf 91' lang='lat' dir='ltr'><strong>non</strong></span> <span class='ocrx_word' id='word_1_483' title='bbox 2130 3321 2277 3376; x_wconf 69' lang='lat' dir='ltr'><strong>istaec</strong></span> <span class='ocrx_word' id='word_1_484' title='bbox 2298 3322 2422 3389; x_wconf 86' lang='lat' dir='ltr'><strong>jure</strong></span> <span class='ocrx_word' id='word_1_485' title='bbox 2458 3321 2601 3376; x_wconf 89' lang='lat' dir='ltr'><strong>bona</strong></span> <span class='ocrx_word' id='word_1_486' title='bbox 2627 3323 2858 3376; x_wconf 84' lang='lat' dir='ltr'><strong>ducatur</strong></span> <span class='ocrx_word' id='word_1_487' title='bbox 2879 3335 3000 3377; x_wconf 89' lang='lat' dir='ltr'><strong>esse</strong></span> <span class='ocrx_word' id='word_1_488' title='bbox 3027 3319 3299 3390; x_wconf 86' lang='lat' dir='ltr'><strong>voluptas,</strong></span> <span class='ocrx_word' id='word_1_489' title='bbox 3332 3333 3562 3389; x_wconf 80' lang='lat' dir='ltr'><strong>quzeque</strong></span> 
     </span>
    </p>
   </div>
   <div class='ocr_carea' id='block_1_63' title="bbox 1987 3411 3563 3484">
    <p class='ocr_par' dir='ltr' id='par_1_63' title="bbox 1987 3411 3563 3484">
     <span class='ocr_line' id='line_1_63' title="bbox 1987 3411 3563 3484; baseline -0.002 -15"><span class='ocrx_word' id='word_1_490' title='bbox 1987 3413 2162 3469; x_wconf 85' lang='lat' dir='ltr'><strong>bonos</strong></span> <span class='ocrx_word' id='word_1_491' title='bbox 2186 3411 2406 3478; x_wconf 79' lang='lat' dir='ltr'><strong>eﬂiciat,</strong></span> <span class='ocrx_word' id='word_1_492' title='bbox 2445 3423 2716 3483; x_wconf 90' lang='lat' dir='ltr'><strong>quotquot</strong></span> <span class='ocrx_word' id='word_1_493' title='bbox 2745 3428 2866 3468; x_wconf 91' lang='lat' dir='ltr'><strong>eam</strong></span> <span class='ocrx_word' id='word_1_494' title='bbox 2931 3415 3032 3469; x_wconf 90' lang='lat' dir='ltr'><strong>rite</strong></span> <span class='ocrx_word' id='word_1_495' title='bbox 3068 3411 3408 3484; x_wconf 90' lang='lat' dir='ltr'><strong>percipiunt?</strong></span> <span class='ocrx_word' id='word_1_496' title='bbox 3445 3413 3563 3466; x_wconf 86' lang='lat' dir='ltr'><strong>Pri-</strong></span> 
     </span>
    </p>
   </div>
   <div class='ocr_carea' id='block_1_64' title="bbox 1991 3506 3562 3577">
    <p class='ocr_par' dir='ltr' id='par_1_64' title="bbox 1991 3506 3562 3577">
     <span class='ocr_line' id='line_1_64' title="bbox 1991 3506 3562 3577; baseline -0.001 -16"><span class='ocrx_word' id='word_1_497' title='bbox 1991 3522 2142 3561; x_wconf 90' lang='lat' dir='ltr'><strong>mum</strong></span> <span class='ocrx_word' id='word_1_498' title='bbox 2168 3507 2222 3561; x_wconf 91' lang='lat' dir='ltr'><strong>in</strong></span> <span class='ocrx_word' id='word_1_499' title='bbox 2252 3506 2388 3577; x_wconf 87' lang='lat' dir='ltr'><strong>ipsis</strong></span> <span class='ocrx_word' id='word_1_500' title='bbox 2403 3508 2577 3576; x_wconf 85' lang='lat' dir='ltr'><strong>copiis</strong></span> <span class='ocrx_word' id='word_1_501' title='bbox 2606 3507 2938 3568; x_wconf 81' lang='lat' dir='ltr'><strong>coelestibus,</strong></span> <span class='ocrx_word' id='word_1_502' title='bbox 2997 3508 3048 3561; x_wconf 89' lang='lat' dir='ltr'><strong>in</strong></span> <span class='ocrx_word' id='word_1_503' title='bbox 3083 3507 3282 3577; x_wconf 89' lang='lat' dir='ltr'><strong>quibus</strong></span> <span class='ocrx_word' id='word_1_504' title='bbox 3318 3507 3431 3560; x_wconf 83' lang='lat' dir='ltr'><strong>ﬂeri</strong></span> <span class='ocrx_word' id='word_1_505' title='bbox 3464 3522 3562 3560; x_wconf 86' lang='lat' dir='ltr'><strong>ne-</strong></span> 
     </span>
    </p>
   </div>
   <div class='ocr_carea' id='block_1_65' title="bbox 338 3581 1889 3670">
    <p class='ocr_par' dir='ltr' id='par_1_65' title="bbox 338 3596 1887 3670">
     <span class='ocr_line' id='line_1_65' title="bbox 338 3596 1887 3670; baseline 0.003 -22"><span class='ocrx_word' id='word_1_506' title='bbox 338 3599 417 3649; x_wconf 70' lang='grc' dir='ltr'><strong>καὶ</strong></span> <span class='ocrx_word' id='word_1_507' title='bbox 462 3599 560 3667; x_wconf 80' lang='grc' dir='ltr'><strong>τὴν</strong></span> <span class='ocrx_word' id='word_1_508' title='bbox 614 3597 917 3667; x_wconf 84' lang='grc' dir='ltr'><strong>ἐπιθυμίαν</strong></span> <span class='ocrx_word' id='word_1_509' title='bbox 957 3599 1118 3668; x_wconf 71' lang='grc' dir='ltr'><strong>φημὶ,</strong></span> <span class='ocrx_word' id='word_1_510' title='bbox 1150 3597 1251 3652; x_wconf 75' lang='grc' dir='ltr'><strong>’καὶ</strong></span> <span class='ocrx_word' id='word_1_511' title='bbox 1298 3599 1398 3668; x_wconf 83' lang='grc' dir='ltr'><strong>τὴν</strong></span> <span class='ocrx_word' id='word_1_512' title='bbox 1453 3599 1650 3670; x_wconf 70' lang='grc' dir='ltr'><strong>ἡδονήν</strong></span> <span class='ocrx_word' id='word_1_513' title='bbox 1675 3615 1690 3630; x_wconf 78' lang='grc' dir='ltr'><strong>ο</strong></span> <span class='ocrx_word' id='word_1_514' title='bbox 1728 3599 1822 3660; x_wconf 85' lang='grc' dir='ltr'><strong>Εἰς</strong></span> <span class='ocrx_word' id='word_1_515' title='bbox 1850 3596 1887 3652; x_wconf 75' lang='grc' dir='ltr'>ἃ</span> 
     </span>
    </p>
   </div>
   <div class='ocr_carea' id='block_1_66' title="bbox 1990 3581 3563 3670">
    <p class='ocr_par' dir='ltr' id='par_1_66' title="bbox 1990 3595 3563 3668">
     <span class='ocr_line' id='line_1_66' title="bbox 1990 3595 3563 3668; baseline 0 -18"><span class='ocrx_word' id='word_1_516' title='bbox 1990 3598 2108 3666; x_wconf 88' lang='lat' dir='ltr'><strong>quit</strong></span> <span class='ocrx_word' id='word_1_517' title='bbox 2138 3605 2195 3652; x_wconf 91' lang='lat' dir='ltr'><strong>ut</strong></span> <span class='ocrx_word' id='word_1_518' title='bbox 2230 3595 2434 3666; x_wconf 89' lang='lat' dir='ltr'><strong>aliquid</strong></span> <span class='ocrx_word' id='word_1_519' title='bbox 2487 3611 2594 3651; x_wconf 90' lang='lat' dir='ltr'><strong>non</strong></span> <span class='ocrx_word' id='word_1_520' title='bbox 2629 3597 2826 3652; x_wconf 91' lang='lat' dir='ltr'><strong>bonum</strong></span> <span class='ocrx_word' id='word_1_521' title='bbox 2873 3597 3127 3662; x_wconf 83' lang='lat' dir='ltr'><strong>exsistat,</strong></span> <span class='ocrx_word' id='word_1_522' title='bbox 3173 3605 3404 3668; x_wconf 87' lang='lat' dir='ltr'><strong>utraque</strong></span> <span class='ocrx_word' id='word_1_523' title='bbox 3435 3597 3563 3650; x_wconf 87' lang='lat' dir='ltr'><strong>licet</strong></span> 
     </span>
    </p>
   </div>
   <div class='ocr_carea' id='block_1_67' title="bbox 337 3688 1891 3761">
    <p class='ocr_par' dir='ltr' id='par_1_67' title="bbox 337 3688 1891 3761">
     <span class='ocr_line' id='line_1_67' title="bbox 337 3688 1891 3761; baseline 0.001 -20"><span class='ocrx_word' id='word_1_524' title='bbox 337 3690 667 3761; x_wconf 73' lang='grc' dir='ltr'><strong>ἐπιθυμοῦσι,</strong></span> <span class='ocrx_word' id='word_1_525' title='bbox 715 3692 904 3760; x_wconf 67' lang='grc' dir='ltr'><strong>φησιν,</strong></span> <span class='ocrx_word' id='word_1_526' title='bbox 952 3689 1178 3759; x_wconf 81' lang='grc' dir='ltr'><strong>ἄγγελοι</strong></span> <span class='ocrx_word' id='word_1_527' title='bbox 1214 3689 1564 3760; x_wconf 84' lang='grc' dir='ltr'><strong>παρακύψαι.</strong></span> <span class='ocrx_word' id='word_1_528' title='bbox 1608 3690 1719 3744; x_wconf 76' lang='grc' dir='ltr'><strong>Καὶ</strong></span> <span class='ocrx_word' id='word_1_529' title='bbox 1752 3688 1891 3743; x_wconf 77' lang='grc' dir='ltr'><strong>ἀπέ-</strong></span> 
     </span>
    </p>
   </div>
   <div class='ocr_carea' id='block_1_68' title="bbox 339 3780 1892 3853">
    <p class='ocr_par' dir='ltr' id='par_1_68' title="bbox 339 3780 1892 3853">
     <span class='ocr_line' id='line_1_68' title="bbox 339 3780 1892 3853; baseline -0.002 -16"><span class='ocrx_word' id='word_1_530' title='bbox 339 3800 531 3850; x_wconf 81' lang='grc' dir='ltr'><strong>ραντος,</strong></span> <span class='ocrx_word' id='word_1_531' title='bbox 561 3784 657 3836; x_wconf 77' lang='grc' dir='ltr'><strong>καὶ</strong></span> <span class='ocrx_word' id='word_1_532' title='bbox 693 3783 926 3853; x_wconf 83' lang='grc' dir='ltr'><strong>ἀληκτος</strong></span> <span class='ocrx_word' id='word_1_533' title='bbox 959 3781 1211 3836; x_wconf 85' lang='grc' dir='ltr'><strong>καλεῖται</strong></span> <span class='ocrx_word' id='word_1_534' title='bbox 1241 3783 1276 3852; x_wconf 85' lang='grc' dir='ltr'><strong>ή</strong></span> <span class='ocrx_word' id='word_1_535' title='bbox 1316 3780 1504 3851; x_wconf 73' lang='grc' dir='ltr'><strong>ἡδονὴ,</strong></span> <span class='ocrx_word' id='word_1_536' title='bbox 1537 3781 1572 3852; x_wconf 73' lang='grc' dir='ltr'>ἢ</span> <span class='ocrx_word' id='word_1_537' title='bbox 1603 3781 1715 3843; x_wconf 81' lang='grc' dir='ltr'><strong>τοῖς</strong></span> <span class='ocrx_word' id='word_1_538' title='bbox 1747 3781 1892 3834; x_wconf 87' lang='grc' dir='ltr'><strong>ἀσω-</strong></span> 
     </span>
    </p>
   </div>
   <div class='ocr_carea' id='block_1_69' title="bbox 339 3871 1891 3946">
    <p class='ocr_par' dir='ltr' id='par_1_69' title="bbox 339 3871 1891 3946">
     <span class='ocr_line' id='line_1_69' title="bbox 339 3871 1891 3946; baseline -0.003 -18"><span class='ocrx_word' id='word_1_539' title='bbox 339 3877 512 3944; x_wconf 80' lang='grc' dir='ltr'><strong>μάτοις</strong></span> <span class='ocrx_word' id='word_1_540' title='bbox 541 3876 628 3930; x_wconf 74' lang='grc' dir='ltr'><strong>ἀεὶ</strong></span> <span class='ocrx_word' id='word_1_541' title='bbox 658 3874 930 3930; x_wconf 85' lang='grc' dir='ltr'><strong>σύνεστιν.</strong></span> <span class='ocrx_word' id='word_1_542' title='bbox 960 3875 1111 3944; x_wconf 78' lang='grc' dir='ltr'><strong>Αὕτη</strong></span> <span class='ocrx_word' id='word_1_543' title='bbox 1143 3875 1295 3946; x_wconf 84' lang='grc' dir='ltr'><strong>παρά</strong></span> <span class='ocrx_word' id='word_1_544' title='bbox 1332 3873 1444 3928; x_wconf 88' lang='grc' dir='ltr'><strong>τῶν</strong></span> <span class='ocrx_word' id='word_1_545' title='bbox 1475 3873 1650 3940; x_wconf 87' lang='grc' dir='ltr'><strong>ἀγίων</strong></span> <span class='ocrx_word' id='word_1_546' title='bbox 1680 3871 1891 3942; x_wconf 86' lang='grc' dir='ltr'><strong>ἀνδρῶν</strong></span> 
     </span>
    </p>
   </div>
   <div class='ocr_carea' id='block_1_70' title="bbox 336 3966 1894 4039">
    <p class='ocr_par' dir='ltr' id='par_1_70' title="bbox 336 3966 1894 4039">
     <span class='ocr_line' id='line_1_70' title="bbox 336 3966 1894 4039; baseline -0.001 -17"><span class='ocrx_word' id='word_1_547' title='bbox 336 3970 419 4022; x_wconf 71' lang='grc' dir='ltr'><strong>καὶ</strong></span> <span class='ocrx_word' id='word_1_548' title='bbox 443 3969 646 4039; x_wconf 77' lang='grc' dir='ltr'><strong>τρυφὴ,</strong></span> <span class='ocrx_word' id='word_1_549' title='bbox 697 3971 794 4022; x_wconf 63' lang='grc' dir='ltr'><strong>καὶ</strong></span> <span class='ocrx_word' id='word_1_550' title='bbox 821 3967 1136 4038; x_wconf 83' lang='grc' dir='ltr'><strong>εὐφροσύνη</strong></span> <span class='ocrx_word' id='word_1_551' title='bbox 1174 3966 1668 4038; x_wconf 84' lang='grc' dir='ltr'><strong>προσαγορεύεται,</strong></span> <span class='ocrx_word' id='word_1_552' title='bbox 1719 3967 1813 4020; x_wconf 75' lang='grc' dir='ltr'><strong>καὶ</strong></span> <span class='ocrx_word' id='word_1_553' title='bbox 1841 3967 1894 4020; x_wconf 81' lang='grc' dir='ltr'><strong>ετ</strong></span> 
     </span>
    </p>
   </div>
   <div class='ocr_carea' id='block_1_71' title="bbox 335 4058 1892 4132">
    <p class='ocr_par' dir='ltr' id='par_1_71' title="bbox 335 4058 1892 4132">
     <span class='ocr_line' id='line_1_71' title="bbox 335 4058 1892 4132; baseline -0.004 -16"><span class='ocrx_word' id='word_1_554' title='bbox 335 4082 382 4116; x_wconf 88' lang='grc' dir='ltr'><strong>τι</strong></span> <span class='ocrx_word' id='word_1_555' title='bbox 401 4058 655 4116; x_wconf 83' lang='grc' dir='ltr'><strong>τοιοῦτον.</strong></span> <span class='ocrx_word' id='word_1_556' title='bbox 679 4059 830 4132; x_wconf 77' lang='grc' dir='ltr'><strong>Λῦτη</strong></span> <span class='ocrx_word' id='word_1_557' title='bbox 849 4062 944 4116; x_wconf 83' lang='grc' dir='ltr'><strong>καὶ</strong></span> <span class='ocrx_word' id='word_1_558' title='bbox 965 4061 1192 4115; x_wconf 87' lang='grc' dir='ltr'><strong>δικαίων</strong></span> <span class='ocrx_word' id='word_1_559' title='bbox 1212 4060 1412 4132; x_wconf 76' lang='grc' dir='ltr'><strong>ψυχαῖς</strong></span> <span class='ocrx_word' id='word_1_560' title='bbox 1437 4062 1694 4113; x_wconf 80' lang='grc' dir='ltr'><strong>συνέσται</strong></span> <span class='ocrx_word' id='word_1_561' title='bbox 1713 4059 1892 4128; x_wconf 81' lang='grc' dir='ltr'><strong>διηνεο</strong></span> 
     </span>
    </p>
   </div>
   <div class='ocr_carea' id='block_1_72' title="bbox 234 4148 1892 4232">
    <p class='ocr_par' dir='ltr' id='par_1_72' title="bbox 234 4148 1892 4232">
     <span class='ocr_line' id='line_1_72' title="bbox 234 4148 1892 4232; baseline -0.004 -24"><span class='ocrx_word' id='word_1_562' title='bbox 234 4219 238 4221; x_wconf 17' lang='grc' dir='ltr'><em>Α</em></span> <span class='ocrx_word' id='word_1_563' title='bbox 333 4156 458 4219; x_wconf 79' lang='grc' dir='ltr'><strong>κῶς,</strong></span> <span class='ocrx_word' id='word_1_564' title='bbox 503 4153 757 4208; x_wconf 86' lang='grc' dir='ltr'><strong>ἐντεῦθεν</strong></span> <span class='ocrx_word' id='word_1_565' title='bbox 805 4152 1098 4216; x_wconf 76' lang='grc' dir='ltr'><strong>λαϐούσαις</strong></span> <span class='ocrx_word' id='word_1_566' title='bbox 1141 4153 1243 4232; x_wconf 73' lang='grc' dir='ltr'><strong>τῆς</strong></span> <span class='ocrx_word' id='word_1_567' title='bbox 1283 4151 1477 4222; x_wconf 73' lang='grc' dir='ltr'><strong>ἡδονῆς</strong></span> <span class='ocrx_word' id='word_1_568' title='bbox 1506 4153 1604 4222; x_wconf 80' lang='grc' dir='ltr'><strong>τῆς</strong></span> <span class='ocrx_word' id='word_1_569' title='bbox 1638 4151 1754 4203; x_wconf 83' lang='grc' dir='ltr'><strong>ἐκεῖ</strong></span> <span class='ocrx_word' id='word_1_570' title='bbox 1799 4148 1892 4202; x_wconf 86' lang='grc' dir='ltr'><strong>τὸν</strong></span> 
     </span>
    </p>
   </div>
   <div class='ocr_carea' id='block_1_73' title="bbox 331 4241 1893 4320">
    <p class='ocr_par' dir='ltr' id='par_1_73' title="bbox 331 4241 1893 4320">
     <span class='ocr_line' id='line_1_73' title="bbox 331 4241 1893 4320; baseline -0.006 -17"><span class='ocrx_word' id='word_1_571' title='bbox 331 4250 487 4303; x_wconf 78' lang='grc' dir='ltr'><strong>καλὸν</strong></span> <span class='ocrx_word' id='word_1_572' title='bbox 519 4248 839 4320; x_wconf 66' lang='grc' dir='ltr'><strong>ἀρραϐῶνα.</strong></span> <span class='ocrx_word' id='word_1_573' title='bbox 871 4249 934 4301; x_wconf 83' lang='lat' dir='ltr'><strong>El</strong></span> <span class='ocrx_word' id='word_1_574' title='bbox 966 4248 1023 4301; x_wconf 88' lang='grc' dir='ltr'><strong>δέ</strong></span> <span class='ocrx_word' id='word_1_575' title='bbox 1050 4263 1130 4310; x_wconf 83' lang='grc' dir='ltr'><strong>τις</strong></span> <span class='ocrx_word' id='word_1_576' title='bbox 1169 4247 1312 4317; x_wconf 84' lang='grc' dir='ltr'><strong>μέγα</strong></span> <span class='ocrx_word' id='word_1_577' title='bbox 1336 4245 1548 4315; x_wconf 81' lang='grc' dir='ltr'><strong>νομίζει</strong></span> <span class='ocrx_word' id='word_1_578' title='bbox 1577 4243 1638 4297; x_wconf 80' lang='grc' dir='ltr'><strong>τὸ</strong></span> <span class='ocrx_word' id='word_1_579' title='bbox 1661 4243 1761 4312; x_wconf 78' lang='grc' dir='ltr'><strong>τὴν</strong></span> <span class='ocrx_word' id='word_1_580' title='bbox 1795 4241 1893 4294; x_wconf 85' lang='grc' dir='ltr'><strong>αύ-</strong></span> 
     </span>
    </p>
   </div>
   <div class='ocr_carea' id='block_1_74' title="bbox 326 4336 1890 4413">
    <p class='ocr_par' dir='ltr' id='par_1_74' title="bbox 326 4336 1890 4413">
     <span class='ocr_line' id='line_1_74' title="bbox 326 4336 1890 4413; baseline -0.006 -16"><span class='ocrx_word' id='word_1_581' title='bbox 326 4345 420 4413; x_wconf 69' lang='grc' dir='ltr'><strong>τὴν</strong></span> <span class='ocrx_word' id='word_1_582' title='bbox 449 4346 559 4406; x_wconf 81' lang='grc' dir='ltr'><strong>τοῖς</strong></span> <span class='ocrx_word' id='word_1_583' title='bbox 597 4343 916 4413; x_wconf 78' lang='grc' dir='ltr'><strong>ἀσωμάτοις</strong></span> <span class='ocrx_word' id='word_1_584' title='bbox 955 4340 1168 4412; x_wconf 83' lang='grc' dir='ltr'><strong>τρυφὴν</strong></span> <span class='ocrx_word' id='word_1_585' title='bbox 1217 4340 1367 4411; x_wconf 78' lang='grc' dir='ltr'><strong>ἡμᾶς</strong></span> <span class='ocrx_word' id='word_1_586' title='bbox 1417 4339 1587 4409; x_wconf 70' lang='grc' dir='ltr'><strong>ἔχειν,</strong></span> <span class='ocrx_word' id='word_1_587' title='bbox 1628 4337 1723 4413; x_wconf 71' lang='grc' dir='ltr'><strong>καὶ</strong></span> <span class='ocrx_word' id='word_1_588' title='bbox 1755 4336 1890 4389; x_wconf 82' lang='grc' dir='ltr'><strong>ἀπο·-</strong></span> 
     </span>
    </p>
   </div>
   <div class='ocr_carea' id='block_1_75' title="bbox 324 4428 1892 4502">
    <p class='ocr_par' dir='ltr' id='par_1_75' title="bbox 324 4428 1892 4502">
     <span class='ocr_line' id='line_1_75' title="bbox 324 4428 1892 4502; baseline -0.006 -13"><span class='ocrx_word' id='word_1_589' title='bbox 324 4437 504 4489; x_wconf 84' lang='grc' dir='ltr'><strong>λαύειν</strong></span> <span class='ocrx_word' id='word_1_590' title='bbox 540 4437 648 4490; x_wconf 87' lang='grc' dir='ltr'><strong>τῶν</strong></span> <span class='ocrx_word' id='word_1_591' title='bbox 689 4437 922 4499; x_wconf 84' lang='grc' dir='ltr'><strong>ἐκείνοις</strong></span> <span class='ocrx_word' id='word_1_592' title='bbox 970 4433 1330 4488; x_wconf 78' lang='grc' dir='ltr'><strong>ἀπολαυστῶν</strong></span> <span class='ocrx_word' id='word_1_593' title='bbox 1364 4432 1505 4502; x_wconf 89' lang='grc' dir='ltr'><strong>μετά</strong></span> <span class='ocrx_word' id='word_1_594' title='bbox 1547 4431 1648 4500; x_wconf 80' lang='grc' dir='ltr'><strong>τὴν</strong></span> <span class='ocrx_word' id='word_1_595' title='bbox 1677 4428 1892 4483; x_wconf 79' lang='grc' dir='ltr'><strong>ἐνθένδε</strong></span> 
     </span>
    </p>
   </div>
   <div class='ocr_carea' id='block_1_76' title="bbox 327 4523 1893 4600">
    <p class='ocr_par' dir='ltr' id='par_1_76' title="bbox 327 4523 1893 4600">
     <span class='ocr_line' id='line_1_76' title="bbox 327 4523 1893 4600; baseline -0.006 -17"><span class='ocrx_word' id='word_1_596' title='bbox 327 4531 488 4600; x_wconf 68' lang='grc' dir='ltr'><strong>ζωὴν,</strong></span> <span class='ocrx_word' id='word_1_597' title='bbox 523 4530 816 4584; x_wconf 78' lang='grc' dir='ltr'><strong>ἀκουσάτω</strong></span> <span class='ocrx_word' id='word_1_598' title='bbox 859 4545 924 4594; x_wconf 86' lang='grc' dir='ltr'><strong>γε</strong></span> <span class='ocrx_word' id='word_1_599' title='bbox 956 4529 1201 4588; x_wconf 74' lang='grc' dir='ltr'><strong>κάκεῖνο.</strong></span> <span class='ocrx_word' id='word_1_600' title='bbox 1239 4525 1316 4590; x_wconf 84' lang='grc' dir='ltr'><strong>ὡς</strong></span> <span class='ocrx_word' id='word_1_601' title='bbox 1361 4525 1455 4579; x_wconf 75' lang='grc' dir='ltr'><strong>καὶ</strong></span> <span class='ocrx_word' id='word_1_602' title='bbox 1498 4523 1712 4579; x_wconf 79' lang='grc' dir='ltr'><strong>ἐνταῦθ’</strong></span> <span class='ocrx_word' id='word_1_603' title='bbox 1756 4523 1893 4592; x_wconf 79' lang='grc' dir='ltr'><strong>ἡμῖν</strong></span> 
     </span>
    </p>
   </div>
   <div class='ocr_carea' id='block_1_77' title="bbox 328 4614 1940 4691">
    <p class='ocr_par' dir='ltr' id='par_1_77' title="bbox 328 4614 1940 4691">
     <span class='ocr_line' id='line_1_77' title="bbox 328 4614 1940 4691; baseline -0.003 -16"><span class='ocrx_word' id='word_1_604' title='bbox 328 4625 496 4689; x_wconf 79' lang='grc' dir='ltr'><strong>ἔξεστι</strong></span> <span class='ocrx_word' id='word_1_605' title='bbox 520 4621 712 4675; x_wconf 80' lang='grc' dir='ltr'><strong>τούτου</strong></span> <span class='ocrx_word' id='word_1_606' title='bbox 756 4619 1010 4691; x_wconf 82' lang='grc' dir='ltr'><strong>μετέχειν</strong></span> <span class='ocrx_word' id='word_1_607' title='bbox 1036 4618 1130 4672; x_wconf 84' lang='grc' dir='ltr'><strong>τοῦ</strong></span> <span class='ocrx_word' id='word_1_608' title='bbox 1171 4616 1398 4686; x_wconf 85' lang='grc' dir='ltr'><strong>ἀγαθοῦ.</strong></span> <span class='ocrx_word' id='word_1_609' title='bbox 1431 4617 1561 4679; x_wconf 81' lang='grc' dir='ltr'><strong>Τοῖς</strong></span> <span class='ocrx_word' id='word_1_610' title='bbox 1589 4615 1702 4687; x_wconf 89' lang='grc' dir='ltr'><strong>γὰρ</strong></span> <span class='ocrx_word' id='word_1_611' title='bbox 1736 4614 1893 4671; x_wconf 76' lang='grc' dir='ltr'><strong>εἰσάσι</strong></span> <span class='ocrx_word' id='word_1_612' title='bbox 1935 4648 1940 4653; x_wconf 85' lang='grc'><strong>-</strong></span> 
     </span>
    </p>
   </div>
   <div class='ocr_carea' id='block_1_78' title="bbox 330 4707 1892 4784">
    <p class='ocr_par' dir='ltr' id='par_1_78' title="bbox 330 4707 1892 4784">
     <span class='ocr_line' id='line_1_78' title="bbox 330 4707 1892 4784; baseline -0.006 -16"><span class='ocrx_word' id='word_1_613' title='bbox 330 4715 433 4780; x_wconf 82' lang='grc' dir='ltr'><strong>παξ</strong></span> <span class='ocrx_word' id='word_1_614' title='bbox 461 4714 743 4784; x_wconf 78' lang='grc' dir='ltr'><strong>καθαροῖς,</strong></span> <span class='ocrx_word' id='word_1_615' title='bbox 786 4713 818 4781; x_wconf 77' lang='grc' dir='ltr'><strong>ἢ</strong></span> <span class='ocrx_word' id='word_1_616' title='bbox 853 4710 1315 4782; x_wconf 85' lang='grc' dir='ltr'><strong>κεκαθαρμένοις,</strong></span> <span class='ocrx_word' id='word_1_617' title='bbox 1337 4709 1498 4782; x_wconf 79' lang='grc' dir='ltr'><strong>χάρις</strong></span> <span class='ocrx_word' id='word_1_618' title='bbox 1526 4707 1738 4763; x_wconf 72' lang='grc' dir='ltr'><strong>ἐκεῖθεν</strong></span> <span class='ocrx_word' id='word_1_619' title='bbox 1769 4708 1892 4760; x_wconf 88' lang='grc' dir='ltr'><strong>ἐπι-</strong></span> 
     </span>
    </p>
   </div>
   <div class='ocr_carea' id='block_1_79' title="bbox 330 4799 1892 4881">
    <p class='ocr_par' dir='ltr' id='par_1_79' title="bbox 330 4799 1892 4881">
     <span class='ocr_line' id='line_1_79' title="bbox 330 4799 1892 4881; baseline -0.006 -21"><span class='ocrx_word' id='word_1_620' title='bbox 330 4809 500 4878; x_wconf 70' lang='grc' dir='ltr'><strong>φοιτᾷ,</strong></span> <span class='ocrx_word' id='word_1_621' title='bbox 605 4824 667 4873; x_wconf 90' lang='grc' dir='ltr'><strong>γε</strong></span> <span class='ocrx_word' id='word_1_622' title='bbox 709 4805 966 4876; x_wconf 84' lang='grc' dir='ltr'><strong>μέλλουσι</strong></span> <span class='ocrx_word' id='word_1_623' title='bbox 1006 4805 1248 4856; x_wconf 84' lang='grc' dir='ltr'><strong>συνεῖναι</strong></span> <span class='ocrx_word' id='word_1_624' title='bbox 1273 4802 1368 4854; x_wconf 83' lang='grc' dir='ltr'><strong>τὸν</strong></span> <span class='ocrx_word' id='word_1_625' title='bbox 1395 4801 1574 4855; x_wconf 84' lang='grc' dir='ltr'><strong>πάντα</strong></span> <span class='ocrx_word' id='word_1_626' title='bbox 1603 4801 1815 4871; x_wconf 85' lang='grc' dir='ltr'><strong>χρόνον,</strong></span> <span class='ocrx_word' id='word_1_627' title='bbox 1837 4799 1892 4851; x_wconf 81' lang='grc' dir='ltr'><strong>εἰ</strong></span> 
     </span>
    </p>
   </div>
   <div class='ocr_carea' id='block_1_80' title="bbox 335 4890 1894 4967">
    <p class='ocr_par' dir='ltr' id='par_1_80' title="bbox 335 4890 1894 4967">
     <span class='ocr_line' id='line_1_80' title="bbox 335 4890 1894 4967; baseline -0.007 -16"><span class='ocrx_word' id='word_1_628' title='bbox 335 4901 422 4951; x_wconf 71' lang='grc' dir='ltr'><strong>καὶ</strong></span> <span class='ocrx_word' id='word_1_629' title='bbox 447 4897 850 4967; x_wconf 75' lang='grc' dir='ltr'><strong>ἀδρανὲστερόν</strong></span> <span class='ocrx_word' id='word_1_630' title='bbox 903 4911 1021 4958; x_wconf 91' lang='grc' dir='ltr'><strong>πως</strong></span> <span class='ocrx_word' id='word_1_631' title='bbox 1075 4894 1172 4947; x_wconf 77' lang='grc' dir='ltr'><strong>καὶ</strong></span> <span class='ocrx_word' id='word_1_632' title='bbox 1220 4892 1595 4962; x_wconf 81' lang='grc' dir='ltr'><strong>ἀμυδρότερον</strong></span> <span class='ocrx_word' id='word_1_633' title='bbox 1641 4890 1894 4942; x_wconf 87' lang='grc' dir='ltr'><strong>ἐνταυθοί</strong></span> 
     </span>
    </p>
   </div>
   <div class='ocr_carea' id='block_1_81' title="bbox 333 4980 1888 5057">
    <p class='ocr_par' dir='ltr' id='par_1_81' title="bbox 333 4980 1888 5057">
     <span class='ocr_line' id='line_1_81' title="bbox 333 4980 1888 5057; baseline -0.006 -17"><span class='ocrx_word' id='word_1_634' title='bbox 333 4989 480 5041; x_wconf 83' lang='grc' dir='ltr'><strong>τοῦτο</strong></span> <span class='ocrx_word' id='word_1_635' title='bbox 528 4987 763 5057; x_wconf 81' lang='grc' dir='ltr'><strong>γίνεται.</strong></span> <span class='ocrx_word' id='word_1_636' title='bbox 795 4980 892 5040; x_wconf 78' lang='grc' dir='ltr'><strong>Διὰ</strong></span> <span class='ocrx_word' id='word_1_637' title='bbox 926 4987 1033 5055; x_wconf 84' lang='grc' dir='ltr'><strong>γὰρ</strong></span> <span class='ocrx_word' id='word_1_638' title='bbox 1064 4984 1125 5038; x_wconf 69' lang='grc' dir='ltr'><strong>τὸ</strong></span> <span class='ocrx_word' id='word_1_639' title='bbox 1165 4982 1541 5052; x_wconf 71' lang='grc' dir='ltr'><strong>ἐπιπροσθοῦν</strong></span> <span class='ocrx_word' id='word_1_640' title='bbox 1570 4982 1672 5053; x_wconf 68' lang='grc' dir='ltr'><strong>ἤδη</strong></span> <span class='ocrx_word' id='word_1_641' title='bbox 1727 4980 1888 5049; x_wconf 88' lang='grc' dir='ltr'><strong>σῶμα</strong></span> 
     </span>
    </p>
   </div>
   <div class='ocr_carea' id='block_1_82' title="bbox 335 5071 1891 5150">
    <p class='ocr_par' dir='ltr' id='par_1_82' title="bbox 335 5071 1891 5150">
     <span class='ocr_line' id='line_1_82' title="bbox 335 5071 1891 5150; baseline -0.003 -20"><span class='ocrx_word' id='word_1_642' title='bbox 335 5083 393 5150; x_wconf 82' lang='grc' dir='ltr'><strong>τῇ</strong></span> <span class='ocrx_word' id='word_1_643' title='bbox 422 5079 518 5149; x_wconf 82' lang='grc' dir='ltr'><strong>τῆς</strong></span> <span class='ocrx_word' id='word_1_644' title='bbox 547 5079 726 5148; x_wconf 60' lang='grc' dir='ltr'><strong>ψυχῆς</strong></span> <span class='ocrx_word' id='word_1_645' title='bbox 764 5077 969 5147; x_wconf 71' lang='grc' dir='ltr'><strong>θεωρίᾳ.</strong></span> <span class='ocrx_word' id='word_1_646' title='bbox 1022 5077 1117 5130; x_wconf 76' lang='grc' dir='ltr'><strong>καὶ</strong></span> <span class='ocrx_word' id='word_1_647' title='bbox 1143 5076 1214 5128; x_wconf 92' lang='grc' dir='ltr'><strong>τά</strong></span> <span class='ocrx_word' id='word_1_648' title='bbox 1243 5074 1350 5128; x_wconf 73' lang='grc' dir='ltr'><strong>ἀπὸ</strong></span> <span class='ocrx_word' id='word_1_649' title='bbox 1388 5073 1545 5129; x_wconf 87' lang='grc' dir='ltr'><strong>τοῦδε</strong></span> <span class='ocrx_word' id='word_1_650' title='bbox 1578 5071 1747 5143; x_wconf 83' lang='grc' dir='ltr'><strong>πάθη,</strong></span> <span class='ocrx_word' id='word_1_651' title='bbox 1793 5071 1891 5126; x_wconf 75' lang='grc' dir='ltr'><strong>καὶ</strong></span> 
     </span>
    </p>
   </div>
   <div class='ocr_carea' id='block_1_83' title="bbox 336 5165 1888 5238">
    <p class='ocr_par' dir='ltr' id='par_1_83' title="bbox 336 5165 1888 5238">
     <span class='ocr_line' id='line_1_83' title="bbox 336 5165 1888 5238; baseline -0.005 -13"><span class='ocrx_word' id='word_1_652' title='bbox 336 5175 422 5234; x_wconf 66' lang='grc' dir='ltr'><strong>τὶς</strong></span> <span class='ocrx_word' id='word_1_653' title='bbox 453 5171 540 5224; x_wconf 82' lang='grc' dir='ltr'><strong>διὰ</strong></span> <span class='ocrx_word' id='word_1_654' title='bbox 578 5169 754 5223; x_wconf 86' lang='grc' dir='ltr'><strong>ταῦτα</strong></span> <span class='ocrx_word' id='word_1_655' title='bbox 786 5169 1102 5238; x_wconf 83' lang='grc' dir='ltr'><strong>φροντίδας,</strong></span> <span class='ocrx_word' id='word_1_656' title='bbox 1141 5169 1296 5222; x_wconf 66' lang='grc' dir='ltr'><strong>οιῦδέν</strong></span> <span class='ocrx_word' id='word_1_657' title='bbox 1326 5167 1394 5221; x_wconf 84' lang='grc' dir='ltr'><strong>ἂν</strong></span> <span class='ocrx_word' id='word_1_658' title='bbox 1424 5167 1600 5238; x_wconf 82' lang='grc' dir='ltr'><strong>δήπου</strong></span> <span class='ocrx_word' id='word_1_659' title='bbox 1630 5165 1888 5233; x_wconf 79' lang='grc' dir='ltr'><strong>καθαρῶς</strong></span> 
     </span>
    </p>
   </div>
   <div class='ocr_carea' id='block_1_84' title="bbox 339 5256 1891 5332">
    <p class='ocr_par' dir='ltr' id='par_1_84' title="bbox 339 5256 1891 5332">
     <span class='ocr_line' id='line_1_84' title="bbox 339 5256 1891 5332; baseline -0.005 -14"><span class='ocrx_word' id='word_1_660' title='bbox 339 5265 432 5318; x_wconf 84' lang='grc' dir='ltr'><strong>τῶν</strong></span> <span class='ocrx_word' id='word_1_661' title='bbox 455 5261 746 5332; x_wconf 85' lang='grc' dir='ltr'><strong>θεωρητῶν</strong></span> <span class='ocrx_word' id='word_1_662' title='bbox 777 5260 1187 5330; x_wconf 87' lang='grc' dir='ltr'><strong>θεωρήσαιμεν,</strong></span> <span class='ocrx_word' id='word_1_663' title='bbox 1216 5261 1248 5330; x_wconf 81' lang='grc' dir='ltr'>ἢ</span> <span class='ocrx_word' id='word_1_664' title='bbox 1276 5261 1387 5314; x_wconf 88' lang='grc' dir='ltr'><strong>τῶν</strong></span> <span class='ocrx_word' id='word_1_665' title='bbox 1413 5260 1622 5330; x_wconf 87' lang='grc' dir='ltr'><strong>ἐφετῶν</strong></span> <span class='ocrx_word' id='word_1_666' title='bbox 1651 5256 1891 5311; x_wconf 79' lang='grc' dir='ltr'><strong>ἀπολαύ-</strong></span> 
     </span>
    </p>
   </div>
   <div class='ocr_carea' id='block_1_85' title="bbox 341 5351 1893 5424">
    <p class='ocr_par' dir='ltr' id='par_1_85' title="bbox 341 5351 1893 5424">
     <span class='ocr_line' id='line_1_85' title="bbox 341 5351 1893 5424; baseline -0.004 -15"><span class='ocrx_word' id='word_1_667' title='bbox 341 5372 534 5424; x_wconf 79' lang='grc' dir='ltr'><strong>σαιμεν.</strong></span> <span class='ocrx_word' id='word_1_668' title='bbox 573 5355 701 5416; x_wconf 82' lang='grc' dir='ltr'><strong>Τοῖς</strong></span> <span class='ocrx_word' id='word_1_669' title='bbox 734 5370 798 5422; x_wconf 86' lang='grc' dir='ltr'><strong>γε</strong></span> <span class='ocrx_word' id='word_1_670' title='bbox 824 5353 934 5424; x_wconf 77' lang='grc' dir='ltr'><strong>μὴν</strong></span> <span class='ocrx_word' id='word_1_671' title='bbox 965 5354 1160 5416; x_wconf 80' lang='grc' dir='ltr'><strong>ἀϊδίοις</strong></span> <span class='ocrx_word' id='word_1_672' title='bbox 1193 5354 1422 5423; x_wconf 88' lang='grc' dir='ltr'><strong>μηδενὸς</strong></span> <span class='ocrx_word' id='word_1_673' title='bbox 1464 5351 1712 5405; x_wconf 84' lang='grc' dir='ltr'><strong>τοιούτου</strong></span> <span class='ocrx_word' id='word_1_674' title='bbox 1746 5367 1893 5419; x_wconf 87' lang='grc' dir='ltr'><strong>παρ-</strong></span> 
     </span>
    </p>
   </div>
   <div class='ocr_carea' id='block_1_86' title="bbox 343 5443 1896 5518">
    <p class='ocr_par' dir='ltr' id='par_1_86' title="bbox 343 5443 1896 5518">
     <span class='ocr_line' id='line_1_86' title="bbox 343 5443 1896 5518; baseline -0.005 -17"><span class='ocrx_word' id='word_1_675' title='bbox 343 5447 662 5518; x_wconf 82' lang='grc' dir='ltr'><strong>ενοχλοῦντος</strong></span> <span class='ocrx_word' id='word_1_676' title='bbox 715 5446 1108 5517; x_wconf 81' lang='grc' dir='ltr'><strong>καθαρώτερον</strong></span> <span class='ocrx_word' id='word_1_677' title='bbox 1173 5447 1384 5515; x_wconf 74' lang='grc' dir='ltr'><strong>ἐφεῖται</strong></span> <span class='ocrx_word' id='word_1_678' title='bbox 1454 5444 1750 5513; x_wconf 83' lang='grc' dir='ltr'><strong>ἐπιθυμεῖν</strong></span> <span class='ocrx_word' id='word_1_679' title='bbox 1801 5443 1896 5496; x_wconf 68' lang='grc' dir='ltr'><strong>καὶ</strong></span> 
     </span>
    </p>
   </div>
   <div class='ocr_carea' id='block_1_87' title="bbox 340 5533 1895 5607">
    <p class='ocr_par' dir='ltr' id='par_1_87' title="bbox 340 5533 1895 5607">
     <span class='ocr_line' id='line_1_87' title="bbox 340 5533 1895 5607; baseline -0.003 -17"><span class='ocrx_word' id='word_1_680' title='bbox 340 5537 710 5607; x_wconf 83' lang='grc' dir='ltr'><strong>εὐφραίνεσθαι</strong></span> <span class='ocrx_word' id='word_1_681' title='bbox 737 5540 806 5591; x_wconf 85' lang='grc' dir='ltr'><strong>τά</strong></span> <span class='ocrx_word' id='word_1_682' title='bbox 836 5536 1154 5607; x_wconf 87' lang='grc' dir='ltr'><strong>ἐπιθυμητά</strong></span> <span class='ocrx_word' id='word_1_683' title='bbox 1177 5553 1240 5606; x_wconf 86' lang='grc' dir='ltr'><strong>γε</strong></span> <span class='ocrx_word' id='word_1_684' title='bbox 1263 5538 1355 5589; x_wconf 75' lang='grc' dir='ltr'><strong>καὶ</strong></span> <span class='ocrx_word' id='word_1_685' title='bbox 1393 5536 1692 5605; x_wconf 79' lang='grc' dir='ltr'><strong>εύφραντὰ,</strong></span> <span class='ocrx_word' id='word_1_686' title='bbox 1728 5533 1895 5587; x_wconf 74' lang='grc' dir='ltr'><strong>ταυτὸ</strong></span> 
     </span>
    </p>
   </div>
   <div class='ocr_carea' id='block_1_88' title="bbox 343 5624 1896 5698">
    <p class='ocr_par' dir='ltr' id='par_1_88' title="bbox 343 5624 1896 5698">
     <span class='ocr_line' id='line_1_88' title="bbox 343 5624 1896 5698; baseline -0.003 -17"><span class='ocrx_word' id='word_1_687' title='bbox 343 5629 381 5681; x_wconf 85' lang='grc' dir='ltr'><strong>δ’</strong></span> <span class='ocrx_word' id='word_1_688' title='bbox 402 5631 569 5683; x_wconf 82' lang='grc' dir='ltr'><strong>εἰπεῖν</strong></span> <span class='ocrx_word' id='word_1_689' title='bbox 593 5629 666 5682; x_wconf 83' lang='grc' dir='ltr'><strong>τὰ</strong></span> <span class='ocrx_word' id='word_1_690' title='bbox 690 5629 838 5698; x_wconf 76' lang='grc' dir='ltr'><strong>ἡδέα.</strong></span> <span class='ocrx_word' id='word_1_691' title='bbox 875 5629 1038 5682; x_wconf 87' lang='grc' dir='ltr'><strong>Ὅθεν</strong></span> <span class='ocrx_word' id='word_1_692' title='bbox 1061 5629 1149 5681; x_wconf 74' lang='grc' dir='ltr'><strong>ἀεὶ</strong></span> <span class='ocrx_word' id='word_1_693' title='bbox 1173 5629 1272 5697; x_wconf 81' lang='grc' dir='ltr'><strong>μὲν</strong></span> <span class='ocrx_word' id='word_1_694' title='bbox 1294 5626 1594 5696; x_wconf 89' lang='grc' dir='ltr'><strong>θεωροῦσιν</strong></span> <span class='ocrx_word' id='word_1_695' title='bbox 1615 5625 1688 5688; x_wconf 84' lang='grc' dir='ltr'><strong>ὡς</strong></span> <span class='ocrx_word' id='word_1_696' title='bbox 1715 5624 1896 5677; x_wconf 75' lang='grc' dir='ltr'><strong>ἔνεστι</strong></span> 
     </span>
    </p>
   </div>
   <div class='ocr_carea' id='block_1_89' title="bbox 1994 3686 3561 3758">
    <p class='ocr_par' dir='ltr' id='par_1_89' title="bbox 1994 3686 3561 3758">
     <span class='ocr_line' id='line_1_89' title="bbox 1994 3686 3561 3758; baseline 0 -18"><span class='ocrx_word' id='word_1_697' title='bbox 1994 3686 2268 3752; x_wconf 89' lang='lat' dir='ltr'><strong>invenire,</strong></span> <span class='ocrx_word' id='word_1_698' title='bbox 2299 3697 2406 3741; x_wconf 92' lang='lat' dir='ltr'><strong>tam</strong></span> <span class='ocrx_word' id='word_1_699' title='bbox 2436 3687 2931 3755; x_wconf 89' lang='lat' dir='ltr'><strong>concupiscentiam</strong></span> <span class='ocrx_word' id='word_1_700' title='bbox 2966 3688 3088 3742; x_wconf 88' lang='lat' dir='ltr'><strong>dico</strong></span> <span class='ocrx_word' id='word_1_701' title='bbox 3124 3704 3285 3758; x_wconf 88' lang='lat' dir='ltr'><strong>quam</strong></span> <span class='ocrx_word' id='word_1_702' title='bbox 3311 3689 3561 3756; x_wconf 85' lang='lat' dir='ltr'><strong>volupta-</strong></span> 
     </span>
    </p>
   </div>
   <div class='ocr_carea' id='block_1_90' title="bbox 1995 3776 3562 3847">
    <p class='ocr_par' dir='ltr' id='par_1_90' title="bbox 1995 3776 3562 3847">
     <span class='ocr_line' id='line_1_90' title="bbox 1995 3776 3562 3847; baseline 0.001 -17"><span class='ocrx_word' id='word_1_703' title='bbox 1995 3785 2124 3838; x_wconf 91' lang='lat' dir='ltr'><strong>tem,</strong></span> <span class='ocrx_word' id='word_1_704' title='bbox 2157 3791 2278 3831; x_wconf 89' lang='lat' dir='ltr'><strong>nam</strong></span> <span class='ocrx_word' id='word_1_705' title='bbox 2333 3777 2697 3847; x_wconf 88' lang='lat' dir='ltr'><strong>perscriptum</strong></span> <span class='ocrx_word' id='word_1_706' title='bbox 2761 3776 3038 3846; x_wconf 78' lang='lat' dir='ltr'><strong>legimus:</strong></span> <span class='ocrx_word' id='word_1_707' title='bbox 3075 3777 3207 3843; x_wconf 78' lang='lat' dir='ltr'><strong>Qua:</strong></span> <span class='ocrx_word' id='word_1_708' title='bbox 3255 3778 3562 3846; x_wconf 80' lang='lat' dir='ltr'><strong>inspectare</strong></span> 
     </span>
    </p>
   </div>
   <div class='ocr_carea' id='block_1_91' title="bbox 1992 3865 3554 3937">
    <p class='ocr_par' dir='ltr' id='par_1_91' title="bbox 1992 3865 3554 3937">
     <span class='ocr_line' id='line_1_91' title="bbox 1992 3865 3554 3937; baseline 0.001 -19"><span class='ocrx_word' id='word_1_709' title='bbox 1992 3865 2165 3937; x_wconf 79' lang='lat' dir='ltr'><strong>angeli</strong></span> <span class='ocrx_word' id='word_1_710' title='bbox 2196 3866 2439 3935; x_wconf 91' lang='lat' dir='ltr'><strong>cupiunt.</strong></span> <span class='ocrx_word' id='word_1_711' title='bbox 2475 3865 2664 3920; x_wconf 89' lang='lat' dir='ltr'><strong>Itidem</strong></span> <span class='ocrx_word' id='word_1_712' title='bbox 2696 3865 2820 3920; x_wconf 82' lang='lat' dir='ltr'><strong>ﬁnis</strong></span> <span class='ocrx_word' id='word_1_713' title='bbox 2851 3881 3048 3934; x_wconf 80' lang='lat' dir='ltr'><strong>expers</strong></span> <span class='ocrx_word' id='word_1_714' title='bbox 3077 3867 3280 3922; x_wconf 88' lang='lat' dir='ltr'><strong>dicitur</strong></span> <span class='ocrx_word' id='word_1_715' title='bbox 3329 3882 3398 3920; x_wconf 77' lang='lat' dir='ltr'><strong>ea</strong></span> <span class='ocrx_word' id='word_1_716' title='bbox 3457 3882 3554 3920; x_wconf 84' lang='lat' dir='ltr'><strong>vo-</strong></span> 
     </span>
    </p>
   </div>
   <div class='ocr_carea' id='block_1_92' title="bbox 1993 3955 3560 4028">
    <p class='ocr_par' dir='ltr' id='par_1_92' title="bbox 1993 3955 3560 4028">
     <span class='ocr_line' id='line_1_92' title="bbox 1993 3955 3560 4028; baseline 0.001 -17"><span class='ocrx_word' id='word_1_717' title='bbox 1993 3957 2170 4026; x_wconf 86' lang='lat' dir='ltr'><strong>luptas</strong></span> <span class='ocrx_word' id='word_1_718' title='bbox 2203 3972 2322 4026; x_wconf 49' lang='lat' dir='ltr'><strong>que</strong></span> <span class='ocrx_word' id='word_1_719' title='bbox 2355 3955 2475 4013; x_wconf 87' lang='lat' dir='ltr'><strong>istis</strong></span> <span class='ocrx_word' id='word_1_720' title='bbox 2497 3972 2784 4027; x_wconf 83' lang='lat' dir='ltr'><strong>corporum</strong></span> <span class='ocrx_word' id='word_1_721' title='bbox 2815 3959 3130 4028; x_wconf 84' lang='lat' dir='ltr'><strong>expertibus</strong></span> <span class='ocrx_word' id='word_1_722' title='bbox 3155 3973 3369 4026; x_wconf 84' lang='lat' dir='ltr'><strong>semper</strong></span> <span class='ocrx_word' id='word_1_723' title='bbox 3386 3959 3560 4013; x_wconf 77' lang='lat' dir='ltr'><strong>adest.</strong></span> 
     </span>
    </p>
   </div>
   <div class='ocr_carea' id='block_1_93' title="bbox 1995 4052 3564 4122">
    <p class='ocr_par' dir='ltr' id='par_1_93' title="bbox 1995 4052 3564 4122">
     <span class='ocr_line' id='line_1_93' title="bbox 1995 4052 3564 4122; baseline 0.001 -16"><span class='ocrx_word' id='word_1_724' title='bbox 1995 4052 2131 4108; x_wconf 83' lang='lat' dir='ltr'><strong>Huic</strong></span> <span class='ocrx_word' id='word_1_725' title='bbox 2161 4056 2335 4109; x_wconf 91' lang='lat' dir='ltr'><strong>sancti</strong></span> <span class='ocrx_word' id='word_1_726' title='bbox 2366 4053 2465 4108; x_wconf 89' lang='lat' dir='ltr'><strong>viri</strong></span> <span class='ocrx_word' id='word_1_727' title='bbox 2509 4061 2564 4108; x_wconf 85' lang='lat' dir='ltr'><strong>et</strong></span> <span class='ocrx_word' id='word_1_728' title='bbox 2602 4054 2945 4120; x_wconf 89' lang='lat' dir='ltr'><strong>deliciarum,</strong></span> <span class='ocrx_word' id='word_1_729' title='bbox 2984 4063 3039 4109; x_wconf 87' lang='lat' dir='ltr'><strong>et</strong></span> <span class='ocrx_word' id='word_1_730' title='bbox 3085 4055 3308 4120; x_wconf 43' lang='lat' dir='ltr'><strong>laetitiae,</strong></span> <span class='ocrx_word' id='word_1_731' title='bbox 3349 4055 3564 4122; x_wconf 81' lang='lat' dir='ltr'><strong>aliaque</strong></span> 
     </span>
    </p>
   </div>
   <div class='ocr_carea' id='block_1_94' title="bbox 1997 4141 3563 4212">
    <p class='ocr_par' dir='ltr' id='par_1_94' title="bbox 1997 4141 3563 4212">
     <span class='ocr_line' id='line_1_94' title="bbox 1997 4141 3563 4212; baseline -0.001 -15"><span class='ocrx_word' id='word_1_732' title='bbox 1997 4143 2215 4198; x_wconf 87' lang='lat' dir='ltr'><strong>nomina</strong></span> <span class='ocrx_word' id='word_1_733' title='bbox 2247 4143 2508 4197; x_wconf 87' lang='lat' dir='ltr'><strong>tribuunt.</strong></span> <span class='ocrx_word' id='word_1_734' title='bbox 2540 4141 2662 4199; x_wconf 80' lang='lat' dir='ltr'><strong>llaec</strong></span> <span class='ocrx_word' id='word_1_735' title='bbox 2683 4153 2736 4198; x_wconf 89' lang='lat' dir='ltr'><strong>et</strong></span> <span class='ocrx_word' id='word_1_736' title='bbox 2765 4143 3039 4212; x_wconf 84' lang='lat' dir='ltr'><strong>justorum</strong></span> <span class='ocrx_word' id='word_1_737' title='bbox 3081 4143 3276 4199; x_wconf 86' lang='lat' dir='ltr'><strong>animis</strong></span> <span class='ocrx_word' id='word_1_738' title='bbox 3297 4153 3563 4198; x_wconf 65' lang='lat' dir='ltr'><strong>aeternum</strong></span> 
     </span>
    </p>
   </div>
   <div class='ocr_carea' id='block_1_95' title="bbox 1996 4236 3566 4308">
    <p class='ocr_par' dir='ltr' id='par_1_95' title="bbox 1996 4236 3566 4308">
     <span class='ocr_line' id='line_1_95' title="bbox 1996 4236 3566 4308; baseline -0.003 -16"><span class='ocrx_word' id='word_1_739' title='bbox 1996 4238 2190 4303; x_wconf 89' lang='lat' dir='ltr'><strong>aderit,</strong></span> <span class='ocrx_word' id='word_1_740' title='bbox 2255 4252 2381 4293; x_wconf 88' lang='lat' dir='ltr'><strong>cum</strong></span> <span class='ocrx_word' id='word_1_741' title='bbox 2446 4238 2497 4293; x_wconf 91' lang='lat' dir='ltr'><strong>in</strong></span> <span class='ocrx_word' id='word_1_742' title='bbox 2531 4237 2696 4293; x_wconf 87' lang='lat' dir='ltr'><strong>altera</strong></span> <span class='ocrx_word' id='word_1_743' title='bbox 2732 4239 2840 4292; x_wconf 88' lang='lat' dir='ltr'><strong>vita</strong></span> <span class='ocrx_word' id='word_1_744' title='bbox 2893 4237 3216 4308; x_wconf 65' lang='lat' dir='ltr'><strong>praeclarum</strong></span> <span class='ocrx_word' id='word_1_745' title='bbox 3272 4236 3566 4306; x_wconf 77' lang='lat' dir='ltr'><strong>voluptatis</strong></span> 
     </span>
    </p>
   </div>
   <div class='ocr_carea' id='block_1_96' title="bbox 1995 4330 3564 4401">
    <p class='ocr_par' dir='ltr' id='par_1_96' title="bbox 1995 4330 3564 4401">
     <span class='ocr_line' id='line_1_96' title="bbox 1995 4330 3564 4401; baseline -0.003 -14"><span class='ocrx_word' id='word_1_746' title='bbox 1995 4330 2234 4387; x_wconf 72' lang='lat' dir='ltr'><strong>ccelestis</strong></span> <span class='ocrx_word' id='word_1_747' title='bbox 2281 4330 2639 4386; x_wconf 86' lang='lat' dir='ltr'><strong>arrltabonem</strong></span> <span class='ocrx_word' id='word_1_748' title='bbox 2681 4330 3012 4400; x_wconf 87' lang='lat' dir='ltr'><strong>acceperint.</strong></span> <span class='ocrx_word' id='word_1_749' title='bbox 3074 4330 3146 4384; x_wconf 85' lang='lat' dir='ltr'><strong>At</strong></span> <span class='ocrx_word' id='word_1_750' title='bbox 3197 4331 3243 4385; x_wconf 91' lang='lat' dir='ltr'><strong>si</strong></span> <span class='ocrx_word' id='word_1_751' title='bbox 3275 4332 3400 4401; x_wconf 90' lang='lat' dir='ltr'><strong>quis</strong></span> <span class='ocrx_word' id='word_1_752' title='bbox 3451 4345 3564 4383; x_wconf 86' lang='lat' dir='ltr'><strong>ma-</strong></span> 
     </span>
    </p>
   </div>
   <div class='ocr_carea' id='block_1_97' title="bbox 1993 4422 3567 4497">
    <p class='ocr_par' dir='ltr' id='par_1_97' title="bbox 1993 4422 3567 4497">
     <span class='ocr_line' id='line_1_97' title="bbox 1993 4422 3567 4497; baseline -0.001 -20"><span class='ocrx_word' id='word_1_753' title='bbox 1993 4438 2156 4493; x_wconf 75' lang='lat' dir='ltr'><strong>gnum</strong></span> <span class='ocrx_word' id='word_1_754' title='bbox 2185 4422 2388 4497; x_wconf 83' lang='lat' dir='ltr'><strong>aliquid</strong></span> <span class='ocrx_word' id='word_1_755' title='bbox 2414 4437 2535 4478; x_wconf 88' lang='lat' dir='ltr'><strong>esse</strong></span> <span class='ocrx_word' id='word_1_756' title='bbox 2589 4422 2760 4487; x_wconf 91' lang='lat' dir='ltr'><strong>ducit,</strong></span> <span class='ocrx_word' id='word_1_757' title='bbox 2787 4422 2933 4492; x_wconf 91' lang='lat' dir='ltr'><strong>quod</strong></span> <span class='ocrx_word' id='word_1_758' title='bbox 2970 4423 3188 4478; x_wconf 86' lang='lat' dir='ltr'><strong>easdem</strong></span> <span class='ocrx_word' id='word_1_759' title='bbox 3221 4437 3344 4476; x_wconf 85' lang='lat' dir='ltr'><strong>cu-u</strong></span> <span class='ocrx_word' id='word_1_760' title='bbox 3381 4423 3567 4476; x_wconf 84' lang='lat' dir='ltr'><strong>ineor-</strong></span> 
     </span>
    </p>
   </div>
   <div class='ocr_carea' id='block_1_98' title="bbox 1994 4513 3568 4584">
    <p class='ocr_par' dir='ltr' id='par_1_98' title="bbox 1994 4513 3568 4584">
     <span class='ocr_line' id='line_1_98' title="bbox 1994 4513 3568 4584; baseline 0 -17"><span class='ocrx_word' id='word_1_761' title='bbox 1994 4514 2180 4584; x_wconf 88' lang='lat' dir='ltr'><strong>poreis</strong></span> <span class='ocrx_word' id='word_1_762' title='bbox 2211 4514 2432 4569; x_wconf 87' lang='lat' dir='ltr'><strong>delicias</strong></span> <span class='ocrx_word' id='word_1_763' title='bbox 2467 4513 2706 4568; x_wconf 88' lang='lat' dir='ltr'><strong>habituri</strong></span> <span class='ocrx_word' id='word_1_764' title='bbox 2745 4527 2844 4568; x_wconf 88' lang='lat' dir='ltr'><strong>nos</strong></span> <span class='ocrx_word' id='word_1_765' title='bbox 2901 4515 3092 4581; x_wconf 90' lang='lat' dir='ltr'><strong>simus,</strong></span> <span class='ocrx_word' id='word_1_766' title='bbox 3152 4525 3206 4568; x_wconf 86' lang='lat' dir='ltr'><strong>et</strong></span> <span class='ocrx_word' id='word_1_767' title='bbox 3270 4525 3388 4584; x_wconf 85' lang='lat' dir='ltr'><strong>post</strong></span> <span class='ocrx_word' id='word_1_768' title='bbox 3425 4515 3568 4568; x_wconf 82' lang='lat' dir='ltr'><strong>hanc</strong></span> 
     </span>
    </p>
   </div>
   <div class='ocr_carea' id='block_1_99' title="bbox 1997 4605 3567 4676">
    <p class='ocr_par' dir='ltr' id='par_1_99' title="bbox 1997 4605 3567 4676">
     <span class='ocr_line' id='line_1_99' title="bbox 1997 4605 3567 4676; baseline -0.001 -16"><span class='ocrx_word' id='word_1_769' title='bbox 1997 4607 2164 4660; x_wconf 86' lang='lat' dir='ltr'><strong>vitam</strong></span> <span class='ocrx_word' id='word_1_770' title='bbox 2193 4606 2261 4662; x_wconf 83' lang='lat' dir='ltr'><strong>iis</strong></span> <span class='ocrx_word' id='word_1_771' title='bbox 2293 4605 2531 4670; x_wconf 80' lang='lat' dir='ltr'><strong>lruituri,</strong></span> <span class='ocrx_word' id='word_1_772' title='bbox 2561 4605 2760 4676; x_wconf 88' lang='lat' dir='ltr'><strong>quibus</strong></span> <span class='ocrx_word' id='word_1_773' title='bbox 2802 4606 2876 4661; x_wconf 91' lang='lat' dir='ltr'><strong>illi</strong></span> <span class='ocrx_word' id='word_1_774' title='bbox 2919 4607 3196 4670; x_wconf 83' lang='lat' dir='ltr'><strong>fruuntur,</strong></span> <span class='ocrx_word' id='word_1_775' title='bbox 3227 4607 3274 4661; x_wconf 84' lang='lat' dir='ltr'><strong>is</strong></span> <span class='ocrx_word' id='word_1_776' title='bbox 3300 4607 3460 4660; x_wconf 90' lang='lat' dir='ltr'><strong>velim</strong></span> <span class='ocrx_word' id='word_1_777' title='bbox 3497 4606 3567 4660; x_wconf 80' lang='lat' dir='ltr'><strong>da</strong></span> 
     </span>
    </p>
   </div>
   <div class='ocr_carea' id='block_1_100' title="bbox 1996 4695 3566 4767">
    <p class='ocr_par' dir='ltr' id='par_1_100' title="bbox 1996 4695 3566 4767">
     <span class='ocr_line' id='line_1_100' title="bbox 1996 4695 3566 4767; baseline -0.002 -15"><span class='ocrx_word' id='word_1_778' title='bbox 1996 4697 2155 4752; x_wconf 82' lang='lat' dir='ltr'><strong>nobis</strong></span> <span class='ocrx_word' id='word_1_779' title='bbox 2188 4697 2393 4762; x_wconf 89' lang='lat' dir='ltr'><strong>audiat,</strong></span> <span class='ocrx_word' id='word_1_780' title='bbox 2447 4695 2504 4752; x_wconf 89' lang='lat' dir='ltr'><strong>in</strong></span> <span class='ocrx_word' id='word_1_781' title='bbox 2561 4698 2663 4752; x_wconf 88' lang='lat' dir='ltr'><strong>bac</strong></span> <span class='ocrx_word' id='word_1_782' title='bbox 2717 4712 2931 4767; x_wconf 86' lang='lat' dir='ltr'><strong>quoque</strong></span> <span class='ocrx_word' id='word_1_783' title='bbox 2981 4699 3089 4753; x_wconf 88' lang='lat' dir='ltr'><strong>vita</strong></span> <span class='ocrx_word' id='word_1_784' title='bbox 3125 4711 3224 4752; x_wconf 90' lang='lat' dir='ltr'><strong>nos</strong></span> <span class='ocrx_word' id='word_1_785' title='bbox 3256 4699 3376 4764; x_wconf 70' lang='lat' dir='ltr'><strong>eius</strong></span> <span class='ocrx_word' id='word_1_786' title='bbox 3437 4697 3566 4752; x_wconf 90' lang='lat' dir='ltr'><strong>boni</strong></span> 
     </span>
    </p>
   </div>
   <div class='ocr_carea' id='block_1_101' title="bbox 1997 4780 3569 4860">
    <p class='ocr_par' dir='ltr' id='par_1_101' title="bbox 1997 4780 3569 4860">
     <span class='ocr_line' id='line_1_101' title="bbox 1997 4780 3569 4860; baseline 0 -17"><span class='ocrx_word' id='word_1_787' title='bbox 1997 4789 2290 4860; x_wconf 87' lang='lat' dir='ltr'><strong>participes</strong></span> <span class='ocrx_word' id='word_1_788' title='bbox 2325 4803 2446 4844; x_wconf 86' lang='lat' dir='ltr'><strong>esse</strong></span> <span class='ocrx_word' id='word_1_789' title='bbox 2477 4803 2660 4859; x_wconf 90' lang='lat' dir='ltr'><strong>posse.</strong></span> <span class='ocrx_word' id='word_1_790' title='bbox 2697 4788 2829 4844; x_wconf 84' lang='lat' dir='ltr'><strong>Nam</strong></span> <span class='ocrx_word' id='word_1_791' title='bbox 2872 4780 3042 4845; x_wconf 80' lang='lat' dir='ltr'><strong>semel</strong></span> <span class='ocrx_word' id='word_1_792' title='bbox 3068 4789 3220 4858; x_wconf 91' lang='lat' dir='ltr'><strong>puris</strong></span> <span class='ocrx_word' id='word_1_793' title='bbox 3249 4797 3344 4841; x_wconf 87' lang='lat' dir='ltr'><strong>aut</strong></span> <span class='ocrx_word' id='word_1_794' title='bbox 3380 4802 3569 4856; x_wconf 84' lang='lat' dir='ltr'><strong>repur-</strong></span> 
     </span>
    </p>
   </div>
   <div class='ocr_carea' id='block_1_102' title="bbox 1994 4877 3570 4952">
    <p class='ocr_par' dir='ltr' id='par_1_102' title="bbox 1994 4877 3570 4952">
     <span class='ocr_line' id='line_1_102' title="bbox 1994 4877 3570 4952; baseline -0.001 -19"><span class='ocrx_word' id='word_1_795' title='bbox 1994 4881 2134 4952; x_wconf 78' lang='lat' dir='ltr'><strong>gatis</strong></span> <span class='ocrx_word' id='word_1_796' title='bbox 2159 4896 2221 4936; x_wconf 87' lang='lat' dir='ltr'><strong>ea</strong></span> <span class='ocrx_word' id='word_1_797' title='bbox 2253 4880 2521 4950; x_wconf 79' lang='lat' dir='ltr'><strong>contingit</strong></span> <span class='ocrx_word' id='word_1_798' title='bbox 2545 4880 2742 4952; x_wconf 76' lang='lat' dir='ltr'><strong>gratia,</strong></span> <span class='ocrx_word' id='word_1_799' title='bbox 2765 4895 2870 4950; x_wconf 87' lang='lat' dir='ltr'><strong>qua</strong></span> <span class='ocrx_word' id='word_1_800' title='bbox 2900 4880 3050 4936; x_wconf 90' lang='lat' dir='ltr'><strong>omni</strong></span> <span class='ocrx_word' id='word_1_801' title='bbox 3103 4887 3230 4936; x_wconf 90' lang='lat' dir='ltr'><strong>sunt</strong></span> <span class='ocrx_word' id='word_1_802' title='bbox 3254 4893 3371 4932; x_wconf 87' lang='lat' dir='ltr'><strong>aevo</strong></span> <span class='ocrx_word' id='word_1_803' title='bbox 3434 4877 3570 4931; x_wconf 82' lang='lat' dir='ltr'><strong>frui-</strong></span> 
     </span>
    </p>
   </div>
   <div class='ocr_carea' id='block_1_103' title="bbox 1996 4969 3568 5042">
    <p class='ocr_par' dir='ltr' id='par_1_103' title="bbox 1996 4969 3568 5042">
     <span class='ocr_line' id='line_1_103' title="bbox 1996 4969 3568 5042; baseline -0.003 -15"><span class='ocrx_word' id='word_1_804' title='bbox 1996 4973 2124 5036; x_wconf 91' lang='lat' dir='ltr'><strong>turi,</strong></span> <span class='ocrx_word' id='word_1_805' title='bbox 2147 4972 2395 5042; x_wconf 86' lang='lat' dir='ltr'><strong>quamvis</strong></span> <span class='ocrx_word' id='word_1_806' title='bbox 2425 4973 2528 5027; x_wconf 88' lang='lat' dir='ltr'><strong>hoc</strong></span> <span class='ocrx_word' id='word_1_807' title='bbox 2559 4980 2610 5026; x_wconf 91' lang='lat' dir='ltr'><strong>et</strong></span> <span class='ocrx_word' id='word_1_808' title='bbox 2637 4971 2961 5028; x_wconf 76' lang='lat' dir='ltr'><strong>imbecillius</strong></span> <span class='ocrx_word' id='word_1_809' title='bbox 3008 4971 3244 5040; x_wconf 89' lang='lat' dir='ltr'><strong>quodam</strong></span> <span class='ocrx_word' id='word_1_810' title='bbox 3299 4969 3458 5026; x_wconf 87' lang='lat' dir='ltr'><strong>modo</strong></span> <span class='ocrx_word' id='word_1_811' title='bbox 3510 4978 3568 5023; x_wconf 85' lang='lat' dir='ltr'><strong>et</strong></span> 
     </span>
    </p>
   </div>
   <div class='ocr_carea' id='block_1_104' title="bbox 1995 5061 3566 5132">
    <p class='ocr_par' dir='ltr' id='par_1_104' title="bbox 1995 5061 3566 5132">
     <span class='ocr_line' id='line_1_104' title="bbox 1995 5061 3566 5132; baseline -0.002 -14"><span class='ocrx_word' id='word_1_812' title='bbox 1995 5063 2366 5132; x_wconf 79' lang='lat' dir='ltr'><strong>imperfectius</strong></span> <span class='ocrx_word' id='word_1_813' title='bbox 2389 5064 2443 5119; x_wconf 87' lang='lat' dir='ltr'><strong>in</strong></span> <span class='ocrx_word' id='word_1_814' title='bbox 2476 5064 2580 5119; x_wconf 86' lang='lat' dir='ltr'><strong>bac</strong></span> <span class='ocrx_word' id='word_1_815' title='bbox 2611 5062 2718 5130; x_wconf 81' lang='lat' dir='ltr'><strong>vita</strong></span> <span class='ocrx_word' id='word_1_816' title='bbox 2751 5063 2866 5116; x_wconf 82' lang='lat' dir='ltr'><strong>ﬁat.</strong></span> <span class='ocrx_word' id='word_1_817' title='bbox 2905 5061 3116 5116; x_wconf 86' lang='lat' dir='ltr'><strong>Etenim</strong></span> <span class='ocrx_word' id='word_1_818' title='bbox 3171 5070 3398 5130; x_wconf 88' lang='lat' dir='ltr'><strong>propter</strong></span> <span class='ocrx_word' id='word_1_819' title='bbox 3442 5075 3566 5115; x_wconf 83' lang='lat' dir='ltr'><strong>cor-</strong></span> 
     </span>
    </p>
   </div>
   <div class='ocr_carea' id='block_1_105' title="bbox 1993 5151 3564 5225">
    <p class='ocr_par' dir='ltr' id='par_1_105' title="bbox 1993 5151 3564 5225">
     <span class='ocr_line' id='line_1_105' title="bbox 1993 5151 3564 5225; baseline -0.002 -17"><span class='ocrx_word' id='word_1_820' title='bbox 1993 5171 2094 5225; x_wconf 88' lang='lat' dir='ltr'><strong>pus</strong></span> <span class='ocrx_word' id='word_1_821' title='bbox 2119 5155 2250 5210; x_wconf 91' lang='lat' dir='ltr'><strong>illud</strong></span> <span class='ocrx_word' id='word_1_822' title='bbox 2295 5163 2566 5220; x_wconf 86' lang='lat' dir='ltr'><strong>nostrum,</strong></span> <span class='ocrx_word' id='word_1_823' title='bbox 2623 5155 2769 5222; x_wconf 86' lang='lat' dir='ltr'><strong>quod</strong></span> <span class='ocrx_word' id='word_1_824' title='bbox 2813 5153 2923 5219; x_wconf 88' lang='lat' dir='ltr'><strong>jam</strong></span> <span class='ocrx_word' id='word_1_825' title='bbox 2985 5151 3042 5207; x_wconf 89' lang='lat' dir='ltr'><strong>in</strong></span> <span class='ocrx_word' id='word_1_826' title='bbox 3097 5152 3564 5220; x_wconf 88' lang='lat' dir='ltr'><strong>contemplatione</strong></span> 
     </span>
    </p>
   </div>
   <div class='ocr_carea' id='block_1_106' title="bbox 1994 5244 3563 5317">
    <p class='ocr_par' dir='ltr' id='par_1_106' title="bbox 1994 5244 3563 5317">
     <span class='ocr_line' id='line_1_106' title="bbox 1994 5244 3563 5317; baseline -0.004 -15"><span class='ocrx_word' id='word_1_827' title='bbox 1994 5247 2162 5302; x_wconf 83' lang='lat' dir='ltr'><strong>animi</strong></span> <span class='ocrx_word' id='word_1_828' title='bbox 2197 5247 2354 5317; x_wconf 87' lang='lat' dir='ltr'><strong>quasi</strong></span> <span class='ocrx_word' id='word_1_829' title='bbox 2409 5245 2709 5302; x_wconf 88' lang='lat' dir='ltr'><strong>luminibus</strong></span> <span class='ocrx_word' id='word_1_830' title='bbox 2743 5244 3003 5309; x_wconf 88' lang='lat' dir='ltr'><strong>obstruit,</strong></span> <span class='ocrx_word' id='word_1_831' title='bbox 3042 5254 3099 5298; x_wconf 91' lang='lat' dir='ltr'><strong>et</strong></span> <span class='ocrx_word' id='word_1_832' title='bbox 3162 5255 3382 5314; x_wconf 88' lang='lat' dir='ltr'><strong>propter</strong></span> <span class='ocrx_word' id='word_1_833' title='bbox 3410 5253 3563 5300; x_wconf 74' lang='lat' dir='ltr'><strong>ortos</strong></span> 
     </span>
    </p>
   </div>
   <div class='ocr_carea' id='block_1_107' title="bbox 1999 5324 3638 5406">
    <p class='ocr_par' dir='ltr' id='par_1_107' title="bbox 1999 5324 3638 5406">
     <span class='ocr_line' id='line_1_107' title="bbox 1999 5324 3638 5406; baseline -0.003 -13"><span class='ocrx_word' id='word_1_834' title='bbox 1999 5339 2128 5393; x_wconf 83' lang='lat' dir='ltr'><strong>inde</strong></span> <span class='ocrx_word' id='word_1_835' title='bbox 2189 5336 2410 5393; x_wconf 88' lang='lat' dir='ltr'><strong>morbos</strong></span> <span class='ocrx_word' id='word_1_836' title='bbox 2455 5338 2851 5406; x_wconf 75' lang='lat' dir='ltr'><strong>sequentesque</strong></span> <span class='ocrx_word' id='word_1_837' title='bbox 2903 5335 3103 5392; x_wconf 84' lang='lat' dir='ltr'><strong>deimle</strong></span> <span class='ocrx_word' id='word_1_838' title='bbox 3148 5335 3562 5395; x_wconf 85' lang='lat' dir='ltr'><strong>sollicitudines.</strong></span> <span class='ocrx_word' id='word_1_839' title='bbox 3619 5324 3638 5372; x_wconf 48' lang='grc' dir='ltr'>ι</span> 
     </span>
    </p>
   </div>
   <div class='ocr_carea' id='block_1_108' title="bbox 1995 5427 3566 5498">
    <p class='ocr_par' dir='ltr' id='par_1_108' title="bbox 1995 5427 3566 5498">
     <span class='ocr_line' id='line_1_108' title="bbox 1995 5427 3566 5498; baseline -0.003 -15"><span class='ocrx_word' id='word_1_840' title='bbox 1995 5445 2096 5485; x_wconf 91' lang='lat' dir='ltr'><strong>ncc</strong></span> <span class='ocrx_word' id='word_1_841' title='bbox 2124 5445 2212 5485; x_wconf 89' lang='lat' dir='ltr'><strong>res</strong></span> <span class='ocrx_word' id='word_1_842' title='bbox 2232 5427 2678 5498; x_wconf 83' lang='lat' dir='ltr'><strong>comemplandas</strong></span> <span class='ocrx_word' id='word_1_843' title='bbox 2709 5443 2840 5498; x_wconf 88' lang='lat' dir='ltr'><strong>pure</strong></span> <span class='ocrx_word' id='word_1_844' title='bbox 2869 5427 3250 5498; x_wconf 88' lang='lat' dir='ltr'><strong>contemplari,</strong></span> <span class='ocrx_word' id='word_1_845' title='bbox 3285 5443 3384 5482; x_wconf 83' lang='lat' dir='ltr'><strong>ncc</strong></span> <span class='ocrx_word' id='word_1_846' title='bbox 3403 5443 3566 5494; x_wconf 83' lang='lat' dir='ltr'><strong>expc-</strong></span> 
     </span>
    </p>
   </div>
   <div class='ocr_carea' id='block_1_109' title="bbox 1995 5517 3562 5590">
    <p class='ocr_par' dir='ltr' id='par_1_109' title="bbox 1995 5517 3562 5590">
     <span class='ocr_line' id='line_1_109' title="bbox 1995 5517 3562 5590; baseline -0.003 -14"><span class='ocrx_word' id='word_1_847' title='bbox 1995 5520 2171 5576; x_wconf 87' lang='lat' dir='ltr'><strong>tendis</strong></span> <span class='ocrx_word' id='word_1_848' title='bbox 2200 5520 2306 5574; x_wconf 81' lang='lat' dir='ltr'><strong>frui</strong></span> <span class='ocrx_word' id='word_1_849' title='bbox 2369 5533 2692 5590; x_wconf 85' lang='lat' dir='ltr'><strong>possumus;</strong></span> <span class='ocrx_word' id='word_1_850' title='bbox 2748 5518 2966 5573; x_wconf 70' lang='lat' dir='ltr'><strong>aeternis</strong></span> <span class='ocrx_word' id='word_1_851' title='bbox 3024 5528 3203 5574; x_wconf 89' lang='lat' dir='ltr'><strong>autem</strong></span> <span class='ocrx_word' id='word_1_852' title='bbox 3245 5532 3367 5571; x_wconf 89' lang='lat' dir='ltr'><strong>cum</strong></span> <span class='ocrx_word' id='word_1_853' title='bbox 3426 5517 3562 5571; x_wconf 80' lang='lat' dir='ltr'><strong>nihil</strong></span> 
     </span>
    </p>
   </div>
   <div class='ocr_carea' id='block_1_110' title="bbox 1996 5608 3561 5680">
    <p class='ocr_par' dir='ltr' id='par_1_110' title="bbox 1996 5608 3561 5680">
     <span class='ocr_line' id='line_1_110' title="bbox 1996 5608 3561 5680; baseline -0.007 -14"><span class='ocrx_word' id='word_1_854' title='bbox 1996 5612 2103 5667; x_wconf 88' lang='lat' dir='ltr'><strong>tale</strong></span> <span class='ocrx_word' id='word_1_855' title='bbox 2145 5611 2434 5666; x_wconf 78' lang='lat' dir='ltr'><strong>molestum</strong></span> <span class='ocrx_word' id='word_1_856' title='bbox 2459 5610 2550 5670; x_wconf 81' lang='lat' dir='ltr'><strong>sit.</strong></span> <span class='ocrx_word' id='word_1_857' title='bbox 2602 5611 2791 5680; x_wconf 82' lang='lat' dir='ltr'><strong>put-ius</strong></span> <span class='ocrx_word' id='word_1_858' title='bbox 2839 5621 2895 5664; x_wconf 89' lang='lat' dir='ltr'><strong>et</strong></span> <span class='ocrx_word' id='word_1_859' title='bbox 2927 5608 3227 5677; x_wconf 81' lang='lat' dir='ltr'><strong>expetenda</strong></span> <span class='ocrx_word' id='word_1_860' title='bbox 3285 5617 3561 5667; x_wconf 64' lang='lat' dir='ltr'><strong>expetere,</strong></span> 
     </span>
    </p>
   </div>
   <div class='ocr_carea' id='block_1_111' title="bbox 341 5693 1889 5790">
    <p class='ocr_par' dir='ltr' id='par_1_111' title="bbox 341 5693 1889 5789">
     <span class='ocr_line' id='line_1_111' title="bbox 341 5693 1889 5789; baseline -0.004 -17"><span class='ocrx_word' id='word_1_861' title='bbox 341 5720 390 5772; x_wconf 79' lang='grc' dir='ltr'><strong>τὸ</strong></span> <span class='ocrx_word' id='word_1_862' title='bbox 417 5719 691 5789; x_wconf 73' lang='grc' dir='ltr'><strong>βασιλικὸν</strong></span> <span class='ocrx_word' id='word_1_863' title='bbox 711 5693 942 5784; x_wconf 75' lang='grc' dir='ltr'><strong>κάλλος,</strong></span> <span class='ocrx_word' id='word_1_864' title='bbox 969 5720 1063 5771; x_wconf 69' lang='grc' dir='ltr'><strong>καὶ</strong></span> <span class='ocrx_word' id='word_1_865' title='bbox 1087 5693 1186 5788; x_wconf 74' lang='grc' dir='ltr'><strong>τῆς</strong></span> <span class='ocrx_word' id='word_1_866' title='bbox 1213 5693 1423 5771; x_wconf 80' lang='grc' dir='ltr'><strong>ἐκεῖθεν</strong></span> <span class='ocrx_word' id='word_1_867' title='bbox 1452 5716 1742 5787; x_wconf 76' lang='grc' dir='ltr'><strong>ἀστραπῆς</strong></span> <span class='ocrx_word' id='word_1_868' title='bbox 1775 5731 1889 5767; x_wconf 85' lang='grc' dir='ltr'><strong>κοι-</strong></span> 
     </span>
    </p>
   </div>
   <div class='ocr_carea' id='block_1_112' title="bbox 1990 5693 3563 5790">
    <p class='ocr_par' dir='ltr' id='par_1_112' title="bbox 1990 5693 3563 5790">
     <span class='ocr_line' id='line_1_112' title="bbox 1990 5693 3563 5790; baseline -0.008 -34"><span class='ocrx_word' id='word_1_869' title='bbox 1990 5711 2050 5790; x_wconf 55' lang='grc' dir='ltr'><strong>ρῑ</strong></span> <span class='ocrx_word' id='word_1_870' title='bbox 2092 5702 2332 5756; x_wconf 67' lang='lat' dir='ltr'><strong>laetitiam</strong></span> <span class='ocrx_word' id='word_1_871' title='bbox 2365 5701 2724 5770; x_wconf 86' lang='lat' dir='ltr'><strong>parientibus,</strong></span> <span class='ocrx_word' id='word_1_872' title='bbox 2749 5701 2848 5755; x_wconf 86' lang='lat' dir='ltr'><strong>hoc</strong></span> <span class='ocrx_word' id='word_1_873' title='bbox 2869 5709 2949 5752; x_wconf 92' lang='lat' dir='ltr'><strong>cst</strong></span> <span class='ocrx_word' id='word_1_874' title='bbox 2992 5698 3266 5766; x_wconf 72' lang='lat' dir='ltr'><strong>iucundis,</strong></span> <span class='ocrx_word' id='word_1_875' title='bbox 3301 5693 3563 5749; x_wconf 81' lang='lat' dir='ltr'><strong>oblectari</strong></span> 
     </span>
    </p>
   </div>
   <div class='ocr_carea' id='block_1_113' title="bbox 339 5786 1889 5880">
    <p class='ocr_par' dir='ltr' id='par_1_113' title="bbox 339 5808 1889 5879">
     <span class='ocr_line' id='line_1_113' title="bbox 339 5808 1889 5879; baseline -0.001 -17"><span class='ocrx_word' id='word_1_876' title='bbox 339 5815 475 5863; x_wconf 79' lang='grc' dir='ltr'><strong>νωνοὶ</strong></span> <span class='ocrx_word' id='word_1_877' title='bbox 527 5811 806 5877; x_wconf 87' lang='grc' dir='ltr'><strong>γίνονται,</strong></span> <span class='ocrx_word' id='word_1_878' title='bbox 859 5809 1085 5879; x_wconf 74' lang='grc' dir='ltr'><strong>καὶτῆς</strong></span> <span class='ocrx_word' id='word_1_879' title='bbox 1135 5808 1460 5878; x_wconf 79' lang='grc' dir='ltr'><strong>θαυμαστῆς</strong></span> <span class='ocrx_word' id='word_1_880' title='bbox 1516 5809 1889 5862; x_wconf 85' lang='grc' dir='ltr'><strong>ἀπολαύουσιν</strong></span> 
     </span>
    </p>
   </div>
   <div class='ocr_carea' id='block_1_114' title="bbox 1990 5786 3559 5880">
    <p class='ocr_par' dir='ltr' id='par_1_114' title="bbox 1990 5786 3559 5866">
     <span class='ocr_line' id='line_1_114' title="bbox 1990 5786 3559 5866; baseline -0.013 -14"><span class='ocrx_word' id='word_1_881' title='bbox 1990 5786 2350 5866; x_wconf 74' lang='lat' dir='ltr'><strong>permittitur.</strong></span> <span class='ocrx_word' id='word_1_882' title='bbox 2385 5791 2622 5862; x_wconf 84' lang='lat' dir='ltr'><strong>Ideoque</strong></span> <span class='ocrx_word' id='word_1_883' title='bbox 2658 5806 2873 5860; x_wconf 88' lang='lat' dir='ltr'><strong>semper</strong></span> <span class='ocrx_word' id='word_1_884' title='bbox 2927 5789 3128 5860; x_wconf 80' lang='lat' dir='ltr'><strong>regiam</strong></span> <span class='ocrx_word' id='word_1_885' title='bbox 3185 5786 3330 5838; x_wconf 89' lang='lat' dir='ltr'><strong>illam</strong></span> <span class='ocrx_word' id='word_1_886' title='bbox 3392 5798 3559 5835; x_wconf 78' lang='lat' dir='ltr'><strong>venu-</strong></span> 
     </span>
    </p>
   </div>
   <div class='ocr_carea' id='block_1_115' title="bbox 340 5899 1884 5974">
    <p class='ocr_par' dir='ltr' id='par_1_115' title="bbox 340 5899 1884 5974">
     <span class='ocr_line' id='line_1_115' title="bbox 340 5899 1884 5974; baseline -0.008 -8"><span class='ocrx_word' id='word_1_887' title='bbox 340 5902 484 5974; x_wconf 66' lang='grc' dir='ltr'><strong>ὥρας.</strong></span> <span class='ocrx_word' id='word_1_888' title='bbox 518 5901 696 5974; x_wconf 74' lang='grc' dir='ltr'><strong>Κόρον</strong></span> <span class='ocrx_word' id='word_1_889' title='bbox 722 5901 779 5956; x_wconf 72' lang='grc' dir='ltr'><strong>δὲ</strong></span> <span class='ocrx_word' id='word_1_890' title='bbox 811 5901 933 5955; x_wconf 69' lang='grc' dir='ltr'><strong>οὔτε</strong></span> <span class='ocrx_word' id='word_1_891' title='bbox 965 5900 1182 5970; x_wconf 76' lang='grc' dir='ltr'><strong>ἔλαϐον,</strong></span> <span class='ocrx_word' id='word_1_892' title='bbox 1219 5900 1343 5955; x_wconf 74' lang='grc' dir='ltr'><strong>οὔτε</strong></span> <span class='ocrx_word' id='word_1_893' title='bbox 1373 5899 1660 5971; x_wconf 68' lang='grc' dir='ltr'><strong>λήψονται.</strong></span> <span class='ocrx_word' id='word_1_894' title='bbox 1690 5900 1884 5953; x_wconf 78' lang='grc' dir='ltr'><strong>Μακά-</strong></span> 
     </span>
    </p>
   </div>
   <div class='ocr_carea' id='block_1_116' title="bbox 1994 5875 3556 5959">
    <p class='ocr_par' dir='ltr' id='par_1_116' title="bbox 1994 5875 3556 5959">
     <span class='ocr_line' id='line_1_116' title="bbox 1994 5875 3556 5959; baseline -0.013 -13"><span class='ocrx_word' id='word_1_895' title='bbox 1994 5900 2190 5946; x_wconf 84' lang='lat' dir='ltr'><strong>statem</strong></span> <span class='ocrx_word' id='word_1_896' title='bbox 2228 5903 2324 5959; x_wconf 88' lang='lat' dir='ltr'><strong>pro</strong></span> <span class='ocrx_word' id='word_1_897' title='bbox 2359 5887 2562 5943; x_wconf 66' lang='lat' dir='ltr'><strong>viribus</strong></span> <span class='ocrx_word' id='word_1_898' title='bbox 2597 5887 2893 5948; x_wconf 87' lang='lat' dir='ltr'><strong>intuentur,</strong></span> <span class='ocrx_word' id='word_1_899' title='bbox 2945 5896 3005 5936; x_wconf 92' lang='lat' dir='ltr'><strong>ac</strong></span> <span class='ocrx_word' id='word_1_900' title='bbox 3042 5878 3265 5950; x_wconf 80' lang='lat' dir='ltr'><strong>profecti</strong></span> <span class='ocrx_word' id='word_1_901' title='bbox 3324 5875 3556 5934; x_wconf 84' lang='lat' dir='ltr'><strong>indidem</strong></span> 
     </span>
    </p>
   </div>
  </div>
