  <div class='ocr_page' id='page_1' title='image "/cluster/home/n/w/nwhite01/storage/ocr_20150623/156/hvd.32044019208438/308.png"; bbox 0 0 3978 6608; ppageno 0'>
   <div class='ocr_carea' id='block_1_1' title="bbox 226 393 299 456">
    <p class='ocr_par' dir='ltr' id='par_1_1' title="bbox 226 393 299 456">
     <span class='ocr_line' id='line_1_1' title="bbox 226 393 299 456; baseline -0.11 0"><span class='ocrx_word' id='word_1_1' title='bbox 226 393 299 456; x_wconf 73' lang='grc'><strong>4⁸2</strong></span> 
     </span>
    </p>
   </div>
   <div class='ocr_carea' id='block_1_2' title="bbox 272 391 380 417">
    <p class='ocr_par' dir='ltr' id='par_1_2' title="bbox 272 391 380 417">
     <span class='ocr_line' id='line_1_2' title="bbox 272 391 380 417; baseline 0 0"><span class='ocrx_word' id='word_1_2' title='bbox 272 391 380 417; x_wconf 60' lang='lat'><strong>~1—</strong></span> 
     </span>
    </p>
   </div>
   <div class='ocr_carea' id='block_1_3' title="bbox 337 394 2107 461">
    <p class='ocr_par' dir='ltr' id='par_1_3' title="bbox 337 394 2107 461">
     <span class='ocr_line' id='line_1_3' title="bbox 337 394 2107 461; baseline 0.007 -12"><span class='ocrx_word' id='word_1_3' title='bbox 337 394 380 449; x_wconf 74' lang='grc' dir='ltr'><strong>ἶ</strong></span> <span class='ocrx_word' id='word_1_4' title='bbox 1702 394 1991 456; x_wconf 78' lang='lat' dir='ltr'>ORATIO</span> <span class='ocrx_word' id='word_1_5' title='bbox 2037 399 2107 461; x_wconf 76' lang='grc' dir='ltr'><strong>ν.</strong></span> 
     </span>
    </p>
   </div>
   <div class='ocr_carea' id='block_1_4' title="bbox 3442 397 3555 463">
    <p class='ocr_par' dir='ltr' id='par_1_4' title="bbox 3442 397 3555 463">
     <span class='ocr_line' id='line_1_4' title="bbox 3442 397 3555 463; baseline 0.009 -1"><span class='ocrx_word' id='word_1_6' title='bbox 3442 397 3555 463; x_wconf 67' lang='grc' dir='ltr'><strong>ιιι</strong></span> 
     </span>
    </p>
   </div>
   <div class='ocr_carea' id='block_1_5' title="bbox 229 500 1873 648">
    <p class='ocr_par' dir='ltr' id='par_1_5' title="bbox 229 500 1868 648">
     <span class='ocr_line' id='line_1_5' title="bbox 229 500 1868 574; baseline 0.004 -21"><span class='ocrx_word' id='word_1_7' title='bbox 229 502 394 553; x_wconf 71' lang='grc' dir='ltr'>κατ’</span> <span class='ocrx_word' id='word_1_8' title='bbox 435 501 651 571; x_wconf 69' lang='grc' dir='ltr'>ἐκείνης</span> <span class='ocrx_word' id='word_1_9' title='bbox 671 500 878 566; x_wconf 75' lang='grc' dir='ltr'>ὥπλιζε</span> <span class='ocrx_word' id='word_1_10' title='bbox 900 503 1016 564; x_wconf 74' lang='grc' dir='ltr'>ταῖς</span> <span class='ocrx_word' id='word_1_11' title='bbox 1042 501 1385 574; x_wconf 77' lang='grc' dir='ltr'>θαυμασταῖς</span> <span class='ocrx_word' id='word_1_12' title='bbox 1413 520 1473 558; x_wconf 85' lang='grc' dir='ltr'><strong>τε</strong></span> <span class='ocrx_word' id='word_1_13' title='bbox 1499 504 1746 570; x_wconf 74' lang='grc' dir='ltr'><strong>ἐντολαῖς</strong></span> <span class='ocrx_word' id='word_1_14' title='bbox 1771 506 1868 561; x_wconf 63' lang='grc' dir='ltr'><strong>καὶ⁸</strong></span> 
     </span>
     <span class='ocr_line' id='line_1_6' title="bbox 235 595 671 648; baseline 0.009 -4"><span class='ocrx_word' id='word_1_15' title='bbox 235 595 671 648; x_wconf 62' lang='grc' dir='ltr'>παραινέσεσι.</span> 
     </span>
    </p>
   </div>
   <div class='ocr_carea' id='block_1_6' title="bbox 1976 500 3549 648">
    <p class='ocr_par' dir='ltr' id='par_1_6' title="bbox 1976 507 3549 648">
     <span class='ocr_line' id='line_1_7' title="bbox 1976 507 3549 580; baseline 0 -16"><span class='ocrx_word' id='word_1_16' title='bbox 1976 509 2064 566; x_wconf 91' lang='lat' dir='ltr'><strong>ille</strong></span> <span class='ocrx_word' id='word_1_17' title='bbox 2091 509 2256 580; x_wconf 77' lang='lat' dir='ltr'><strong>judex</strong></span> <span class='ocrx_word' id='word_1_18' title='bbox 2311 518 2500 570; x_wconf 90' lang='lat' dir='ltr'><strong>noster</strong></span> <span class='ocrx_word' id='word_1_19' title='bbox 2538 515 2802 577; x_wconf 82' lang='lat' dir='ltr'><strong>sumeret,</strong></span> <span class='ocrx_word' id='word_1_20' title='bbox 2826 509 3161 566; x_wconf 73' lang='lat' dir='ltr'><strong>voluntatem</strong></span> <span class='ocrx_word' id='word_1_21' title='bbox 3195 507 3362 577; x_wconf 81' lang='lat' dir='ltr'><strong>ipsius</strong></span> <span class='ocrx_word' id='word_1_22' title='bbox 3390 511 3549 564; x_wconf 86' lang='lat' dir='ltr'><strong>volu-</strong></span> 
     </span>
     <span class='ocr_line' id='line_1_8' title="bbox 1976 603 3549 648; baseline 0 0"><span class='ocrx_word' id='word_1_23' title='bbox 1976 606 2136 648; x_wconf 66' lang='lat' dir='ltr'><strong>ntatis</strong></span> <span class='ocrx_word' id='word_1_24' title='bbox 2161 621 2323 648; x_wconf 66' lang='lat' dir='ltr'><strong>pansa</strong></span> <span class='ocrx_word' id='word_1_25' title='bbox 2352 605 2795 648; x_wconf 69' lang='lat' dir='ltr'><strong>rmrnhantihnn-</strong></span> <span class='ocrx_word' id='word_1_26' title='bbox 2824 618 2924 648; x_wconf 67' lang='lat' dir='ltr'><strong>nec</strong></span> <span class='ocrx_word' id='word_1_27' title='bbox 2954 603 3019 648; x_wconf 74' lang='lat' dir='ltr'><strong>ah</strong></span> <span class='ocrx_word' id='word_1_28' title='bbox 3046 603 3205 648; x_wconf 78' lang='lat' dir='ltr'><strong>initio</strong></span> <span class='ocrx_word' id='word_1_29' title='bbox 3231 618 3342 648; x_wconf 71' lang='lat' dir='ltr'><strong>nos.</strong></span> <span class='ocrx_word' id='word_1_30' title='bbox 3357 604 3549 648; x_wconf 64' lang='lat' dir='ltr'><strong>advar-</strong></span> 
     </span>
    </p>
   </div>
   <div class='ocr_carea' id='block_1_7' title="bbox 235 609 671 666">
    <p class='ocr_par' dir='ltr' id='par_1_7' title="bbox 235 609 671 666">
     <span class='ocr_line' id='line_1_9' title="bbox 235 609 671 666; baseline 0.014 -22"><span class='ocrx_word' id='word_1_31' title='bbox 235 609 671 666; x_wconf 58' lang='grc' dir='ltr'>παραινέσεσι.</span> 
     </span>
    </p>
   </div>
   <div class='ocr_carea' id='block_1_8' title="bbox 345 868 1866 945">
    <p class='ocr_par' dir='ltr' id='par_1_8' title="bbox 345 868 1866 945">
     <span class='ocr_line' id='line_1_10' title="bbox 345 868 1866 945; baseline 0.005 -24"><span class='ocrx_word' id='word_1_32' title='bbox 345 869 620 940; x_wconf 79' lang='grc' dir='ltr'>Σύμφημι</span> <span class='ocrx_word' id='word_1_33' title='bbox 671 868 727 922; x_wconf 80' lang='grc' dir='ltr'>δέ</span> <span class='ocrx_word' id='word_1_34' title='bbox 781 887 844 938; x_wconf 83' lang='grc' dir='ltr'><strong>γε</strong></span> <span class='ocrx_word' id='word_1_35' title='bbox 881 869 960 940; x_wconf 82' lang='grc' dir='ltr'>τῷ</span> <span class='ocrx_word' id='word_1_36' title='bbox 995 869 1150 939; x_wconf 71' lang='grc' dir='ltr'>ξλόγῳ</span> <span class='ocrx_word' id='word_1_37' title='bbox 1195 870 1274 941; x_wconf 82' lang='grc' dir='ltr'><strong>τῷ</strong></span> <span class='ocrx_word' id='word_1_38' title='bbox 1330 870 1638 944; x_wconf 76' lang='grc' dir='ltr'><strong>καταρχὰς,</strong></span> <span class='ocrx_word' id='word_1_39' title='bbox 1666 873 1742 937; x_wconf 86' lang='grc' dir='ltr'><strong>ὡς</strong></span> <span class='ocrx_word' id='word_1_40' title='bbox 1771 875 1866 945; x_wconf 79' lang='grc' dir='ltr'><strong>ἄρ’</strong></span> 
     </span>
    </p>
   </div>
   <div class='ocr_carea' id='block_1_9' title="bbox 270 963 1868 1037">
    <p class='ocr_par' dir='ltr' id='par_1_9' title="bbox 270 963 1868 1037">
     <span class='ocr_line' id='line_1_11' title="bbox 270 963 1868 1037; baseline 0.004 -23"><span class='ocrx_word' id='word_1_41' title='bbox 270 963 501 1033; x_wconf 66' lang='grc' dir='ltr'>ἐστινὴ</span> <span class='ocrx_word' id='word_1_42' title='bbox 531 963 688 1032; x_wconf 68' lang='grc' dir='ltr'>ἡδονὴ</span> <span class='ocrx_word' id='word_1_43' title='bbox 736 963 1217 1033; x_wconf 83' lang='grc' dir='ltr'>τυραννικώτατον</span> <span class='ocrx_word' id='word_1_44' title='bbox 1249 963 1446 1029; x_wconf 86' lang='grc' dir='ltr'>πάθος,</span> <span class='ocrx_word' id='word_1_45' title='bbox 1473 966 1566 1019; x_wconf 75' lang='grc' dir='ltr'>καὶ</span> <span class='ocrx_word' id='word_1_46' title='bbox 1605 968 1705 1036; x_wconf 80' lang='grc' dir='ltr'>τὴν</span> <span class='ocrx_word' id='word_1_47' title='bbox 1736 969 1868 1037; x_wconf 71' lang='grc' dir='ltr'>περὶ</span> 
     </span>
    </p>
   </div>
   <div class='ocr_carea' id='block_1_10' title="bbox 286 1054 1868 1135">
    <p class='ocr_par' dir='ltr' id='par_1_10' title="bbox 286 1054 1868 1135">
     <span class='ocr_line' id='line_1_12' title="bbox 286 1054 1868 1135; baseline 0.006 -29"><span class='ocrx_word' id='word_1_48' title='bbox 286 1054 497 1121; x_wconf 84' lang='grc' dir='ltr'>ταύτης</span> <span class='ocrx_word' id='word_1_49' title='bbox 525 1055 708 1107; x_wconf 80' lang='grc' dir='ltr'>είκόνα</span> <span class='ocrx_word' id='word_1_50' title='bbox 742 1054 997 1125; x_wconf 80' lang='grc' dir='ltr'><strong>οὐδαμῶς</strong></span> <span class='ocrx_word' id='word_1_51' title='bbox 1044 1058 1357 1128; x_wconf 86' lang='grc' dir='ltr'>μέμφομαι.</span> <span class='ocrx_word' id='word_1_52' title='bbox 1391 1059 1524 1135; x_wconf 64' lang='lat' dir='ltr'><strong>osse</strong></span> <span class='ocrx_word' id='word_1_53' title='bbox 1572 1059 1680 1131; x_wconf 79' lang='grc' dir='ltr'>γὰρ</span> <span class='ocrx_word' id='word_1_54' title='bbox 1718 1062 1868 1132; x_wconf 69' lang='grc' dir='ltr'><strong>ἀπᾴ-</strong></span> 
     </span>
    </p>
   </div>
   <div class='ocr_carea' id='block_1_11' title="bbox 288 1148 1869 1222">
    <p class='ocr_par' dir='ltr' id='par_1_11' title="bbox 288 1148 1869 1222">
     <span class='ocr_line' id='line_1_13' title="bbox 288 1148 1869 1222; baseline 0.006 -22"><span class='ocrx_word' id='word_1_55' title='bbox 288 1150 376 1200; x_wconf 75' lang='grc' dir='ltr'>ὅει</span> <span class='ocrx_word' id='word_1_56' title='bbox 415 1149 501 1200; x_wconf 80' lang='grc' dir='ltr'><strong>τοῦ</strong></span> <span class='ocrx_word' id='word_1_57' title='bbox 548 1148 753 1219; x_wconf 78' lang='grc' dir='ltr'><strong>ταύτης</strong></span> <span class='ocrx_word' id='word_1_58' title='bbox 783 1151 1011 1220; x_wconf 78' lang='grc' dir='ltr'><strong>τρόπου.</strong></span> <span class='ocrx_word' id='word_1_59' title='bbox 1059 1152 1133 1205; x_wconf 85' lang='grc' dir='ltr'><strong>Οὐ</strong></span> <span class='ocrx_word' id='word_1_60' title='bbox 1166 1153 1304 1222; x_wconf 59' lang='grc' dir='ltr'>Ῡμὴν</span> <span class='ocrx_word' id='word_1_61' title='bbox 1333 1153 1409 1216; x_wconf 67' lang='grc' dir='ltr'><strong>ἰδὲ</strong></span> <span class='ocrx_word' id='word_1_62' title='bbox 1455 1155 1600 1208; x_wconf 80' lang='grc' dir='ltr'>κατὰ</span> <span class='ocrx_word' id='word_1_63' title='bbox 1645 1156 1869 1210; x_wconf 86' lang='grc' dir='ltr'>πάντων</span> 
     </span>
    </p>
   </div>
   <div class='ocr_carea' id='block_1_12' title="bbox 295 1242 1864 1317">
    <p class='ocr_par' dir='ltr' id='par_1_12' title="bbox 295 1242 1864 1317">
     <span class='ocr_line' id='line_1_14' title="bbox 295 1242 1864 1317; baseline 0.001 -21"><span class='ocrx_word' id='word_1_64' title='bbox 295 1245 427 1308; x_wconf 52' lang='lat' dir='ltr'><strong>Eii:</strong></span> <span class='ocrx_word' id='word_1_65' title='bbox 453 1242 754 1310; x_wconf 77' lang='grc' dir='ltr'>ἀνθρώπων</span> <span class='ocrx_word' id='word_1_66' title='bbox 780 1244 1054 1313; x_wconf 82' lang='grc' dir='ltr'><strong>τοσαύτην</strong></span> <span class='ocrx_word' id='word_1_67' title='bbox 1083 1245 1354 1316; x_wconf 83' lang='grc' dir='ltr'>κέκτηται</span> <span class='ocrx_word' id='word_1_68' title='bbox 1375 1246 1629 1316; x_wconf 86' lang='grc' dir='ltr'>δύναμιν,</span> <span class='ocrx_word' id='word_1_69' title='bbox 1659 1249 1864 1317; x_wconf 81' lang='grc' dir='ltr'>ὁπόσης</span> 
     </span>
    </p>
   </div>
   <div class='ocr_carea' id='block_1_13' title="bbox 295 1335 1866 1408">
    <p class='ocr_par' dir='ltr' id='par_1_13' title="bbox 295 1335 1866 1408">
     <span class='ocr_line' id='line_1_15' title="bbox 295 1335 1866 1408; baseline 0.003 -20"><span class='ocrx_word' id='word_1_70' title='bbox 295 1340 321 1388; x_wconf 79' lang='grc' dir='ltr'>ὁ</span> <span class='ocrx_word' id='word_1_71' title='bbox 359 1337 527 1404; x_wconf 70' lang='grc' dir='ltr'>λέγων</span> <span class='ocrx_word' id='word_1_72' title='bbox 559 1335 813 1389; x_wconf 73' lang='grc' dir='ltr'>ἐϐούλετο</span> <span class='ocrx_word' id='word_1_73' title='bbox 835 1354 850 1368; x_wconf 87' lang='grc'>·</span> <span class='ocrx_word' id='word_1_74' title='bbox 886 1337 1048 1406; x_wconf 86' lang='grc' dir='ltr'>μόνον</span> <span class='ocrx_word' id='word_1_75' title='bbox 1072 1339 1130 1392; x_wconf 82' lang='grc' dir='ltr'><strong>δὲ</strong></span> <span class='ocrx_word' id='word_1_76' title='bbox 1172 1340 1282 1392; x_wconf 91' lang='grc' dir='ltr'><strong>τῶν</strong></span> <span class='ocrx_word' id='word_1_77' title='bbox 1311 1339 1374 1392; x_wconf 80' lang='grc' dir='ltr'><strong>οὐ</strong></span> <span class='ocrx_word' id='word_1_78' title='bbox 1406 1340 1673 1408; x_wconf 75' lang='grc' dir='ltr'><strong>γενναίως</strong></span> <span class='ocrx_word' id='word_1_79' title='bbox 1710 1340 1866 1392; x_wconf 80' lang='grc' dir='ltr'>ἀνθι-</span> 
     </span>
    </p>
   </div>
   <div class='ocr_carea' id='block_1_14' title="bbox 295 1429 1867 1503">
    <p class='ocr_par' dir='ltr' id='par_1_14' title="bbox 295 1429 1867 1503">
     <span class='ocr_line' id='line_1_16' title="bbox 295 1429 1867 1503; baseline 0.001 -21"><span class='ocrx_word' id='word_1_80' title='bbox 295 1429 574 1498; x_wconf 75' lang='grc' dir='ltr'>σταμένων</span> <span class='ocrx_word' id='word_1_81' title='bbox 600 1431 725 1491; x_wconf 87' lang='grc' dir='ltr'>ταῖς</span> <span class='ocrx_word' id='word_1_82' title='bbox 773 1429 947 1498; x_wconf 69' lang='grc' dir='ltr'>αὐτῆς</span> <span class='ocrx_word' id='word_1_83' title='bbox 982 1432 1194 1498; x_wconf 74' lang='grc' dir='ltr'>ἐφόδοις</span> <span class='ocrx_word' id='word_1_84' title='bbox 1228 1432 1324 1484; x_wconf 75' lang='grc' dir='ltr'><strong>καὶ</strong></span> <span class='ocrx_word' id='word_1_85' title='bbox 1369 1434 1722 1503; x_wconf 80' lang='grc' dir='ltr'>προσὸολαϊς.</span> <span class='ocrx_word' id='word_1_86' title='bbox 1758 1433 1867 1501; x_wconf 83' lang='grc' dir='ltr'><strong>Δῆ-</strong></span> 
     </span>
    </p>
   </div>
   <div class='ocr_carea' id='block_1_15' title="bbox 295 1523 1862 1598">
    <p class='ocr_par' dir='ltr' id='par_1_15' title="bbox 295 1523 1862 1598">
     <span class='ocr_line' id='line_1_17' title="bbox 295 1523 1862 1598; baseline 0.004 -24"><span class='ocrx_word' id='word_1_87' title='bbox 295 1523 389 1575; x_wconf 83' lang='grc' dir='ltr'><strong>λον</strong></span> <span class='ocrx_word' id='word_1_88' title='bbox 417 1523 505 1575; x_wconf 76' lang='grc' dir='ltr'>δέ’</span> <span class='ocrx_word' id='word_1_89' title='bbox 553 1523 788 1592; x_wconf 75' lang='grc' dir='ltr'><strong>ἀνδράσι</strong></span> <span class='ocrx_word' id='word_1_90' title='bbox 831 1525 940 1594; x_wconf 84' lang='grc' dir='ltr'>γὰρ</span> <span class='ocrx_word' id='word_1_91' title='bbox 996 1525 1390 1596; x_wconf 79' lang='grc' dir='ltr'><strong>προσπεσοῦσα</strong></span> <span class='ocrx_word' id='word_1_92' title='bbox 1436 1529 1581 1598; x_wconf 83' lang='grc' dir='ltr'>φορᾷ</span> <span class='ocrx_word' id='word_1_93' title='bbox 1619 1527 1862 1597; x_wconf 54' lang='grc' dir='ltr'>δριμείῃ,</span> 
     </span>
    </p>
   </div>
   <div class='ocr_carea' id='block_1_16' title="bbox 294 1613 1865 1686">
    <p class='ocr_par' dir='ltr' id='par_1_16' title="bbox 294 1613 1865 1686">
     <span class='ocr_line' id='line_1_18' title="bbox 294 1613 1865 1686; baseline 0.005 -20"><span class='ocrx_word' id='word_1_94' title='bbox 294 1613 449 1674; x_wconf 78' lang='grc' dir='ltr'>κῦμά</span> <span class='ocrx_word' id='word_1_95' title='bbox 478 1633 524 1667; x_wconf 85' lang='grc' dir='ltr'><strong>τι</strong></span> <span class='ocrx_word' id='word_1_96' title='bbox 561 1615 830 1686; x_wconf 76' lang='grc' dir='ltr'>πρόϐολον</span> <span class='ocrx_word' id='word_1_97' title='bbox 863 1616 1063 1670; x_wconf 74' lang='grc' dir='ltr'>ἔπαισε</span> <span class='ocrx_word' id='word_1_98' title='bbox 1094 1619 1378 1686; x_wconf 78' lang='grc' dir='ltr'><strong>μεγίστοις</strong></span> <span class='ocrx_word' id='word_1_99' title='bbox 1418 1619 1588 1682; x_wconf 75' lang='grc' dir='ltr'>λίθοις</span> <span class='ocrx_word' id='word_1_100' title='bbox 1617 1621 1698 1682; x_wconf 87' lang='grc' dir='ltr'><strong>είς</strong></span> <span class='ocrx_word' id='word_1_101' title='bbox 1725 1620 1786 1673; x_wconf 70' lang='grc' dir='ltr'>ἐν</span> <span class='ocrx_word' id='word_1_102' title='bbox 1815 1639 1865 1674; x_wconf 83' lang='grc' dir='ltr'><strong>τι</strong></span> 
     </span>
    </p>
   </div>
   <div class='ocr_carea' id='block_1_17' title="bbox 292 1705 1866 1782">
    <p class='ocr_par' dir='ltr' id='par_1_17' title="bbox 292 1705 1866 1782">
     <span class='ocr_line' id='line_1_19' title="bbox 292 1705 1866 1782; baseline 0.006 -25"><span class='ocrx_word' id='word_1_103' title='bbox 292 1705 748 1776; x_wconf 78' lang='grc' dir='ltr'>καθηρμοσμένον</span> <span class='ocrx_word' id='word_1_104' title='bbox 798 1709 998 1780; x_wconf 78' lang='grc' dir='ltr'><strong>ἀρίστῃ</strong></span> <span class='ocrx_word' id='word_1_105' title='bbox 1061 1708 1248 1781; x_wconf 77' lang='grc' dir='ltr'>τέχνῃ,</span> <span class='ocrx_word' id='word_1_106' title='bbox 1284 1710 1379 1763; x_wconf 81' lang='grc' dir='ltr'>καὶ</span> <span class='ocrx_word' id='word_1_107' title='bbox 1425 1712 1663 1779; x_wconf 82' lang='grc' dir='ltr'><strong>διελύθη,</strong></span> <span class='ocrx_word' id='word_1_108' title='bbox 1697 1713 1866 1782; x_wconf 78' lang='grc' dir='ltr'>μηδὲν</span> 
     </span>
    </p>
   </div>
   <div class='ocr_carea' id='block_1_18' title="bbox 1969 603 3549 676">
    <p class='ocr_par' dir='ltr' id='par_1_18' title="bbox 1969 603 3549 676">
     <span class='ocr_line' id='line_1_20' title="bbox 1969 603 3549 676; baseline -0.003 -16"><span class='ocrx_word' id='word_1_109' title='bbox 1969 606 2136 676; x_wconf 85' lang='lat' dir='ltr'><strong>ptatis</strong></span> <span class='ocrx_word' id='word_1_110' title='bbox 2161 621 2323 662; x_wconf 89' lang='lat' dir='ltr'><strong>causa</strong></span> <span class='ocrx_word' id='word_1_111' title='bbox 2352 605 2797 676; x_wconf 82' lang='lat' dir='ltr'><strong>reprobantibus,</strong></span> <span class='ocrx_word' id='word_1_112' title='bbox 2824 618 2924 658; x_wconf 91' lang='lat' dir='ltr'><strong>nec</strong></span> <span class='ocrx_word' id='word_1_113' title='bbox 2954 603 3019 658; x_wconf 89' lang='lat' dir='ltr'><strong>ab</strong></span> <span class='ocrx_word' id='word_1_114' title='bbox 3046 603 3205 658; x_wconf 89' lang='lat' dir='ltr'><strong>initio</strong></span> <span class='ocrx_word' id='word_1_115' title='bbox 3231 618 3342 667; x_wconf 78' lang='lat' dir='ltr'><strong>nos,</strong></span> <span class='ocrx_word' id='word_1_116' title='bbox 3357 604 3549 658; x_wconf 86' lang='lat' dir='ltr'><strong>adver-</strong></span> 
     </span>
    </p>
   </div>
   <div class='ocr_carea' id='block_1_19' title="bbox 1969 685 3548 754">
    <p class='ocr_par' dir='ltr' id='par_1_19' title="bbox 1969 685 3548 754">
     <span class='ocr_line' id='line_1_21' title="bbox 1969 685 3548 754; baseline -0.001 -2"><span class='ocrx_word' id='word_1_117' title='bbox 1969 712 2065 754; x_wconf 85' lang='lat' dir='ltr'><strong>sus</strong></span> <span class='ocrx_word' id='word_1_118' title='bbox 2097 697 2245 752; x_wconf 80' lang='lat' dir='ltr'><strong>illaut</strong></span> <span class='ocrx_word' id='word_1_119' title='bbox 2277 685 2694 753; x_wconf 15' lang='lat' dir='ltr'><strong>admirabilib‘us</strong></span> <span class='ocrx_word' id='word_1_120' title='bbox 2721 695 2996 751; x_wconf 73' lang='lat' dir='ltr'><strong>mandatis</strong></span> <span class='ocrx_word' id='word_1_121' title='bbox 3011 693 3548 750; x_wconf 78' lang='lat' dir='ltr'><strong>etadmoniti‘onibus</strong></span> 
     </span>
    </p>
   </div>
   <div class='ocr_carea' id='block_1_20' title="bbox 1969 801 2262 848">
    <p class='ocr_par' dir='ltr' id='par_1_20' title="bbox 1969 801 2262 848">
     <span class='ocr_line' id='line_1_22' title="bbox 1969 801 2262 848; baseline -0.01 0"><span class='ocrx_word' id='word_1_122' title='bbox 1969 801 2262 848; x_wconf 81' lang='lat' dir='ltr'><strong>armasset.</strong></span> 
     </span>
    </p>
   </div>
   <div class='ocr_carea' id='block_1_21' title="bbox 2039 878 3548 952">
    <p class='ocr_par' dir='ltr' id='par_1_21' title="bbox 2039 878 3548 952">
     <span class='ocr_line' id='line_1_23' title="bbox 2039 878 3548 952; baseline -0.007 -12"><span class='ocrx_word' id='word_1_123' title='bbox 2039 884 2331 940; x_wconf 81' lang='lat' dir='ltr'><strong>Assentior</strong></span> <span class='ocrx_word' id='word_1_124' title='bbox 2362 883 2620 950; x_wconf 86' lang='lat' dir='ltr'><strong>equidem</strong></span> <span class='ocrx_word' id='word_1_125' title='bbox 2654 880 2822 952; x_wconf 80' lang='lat' dir='ltr'><strong>priori</strong></span> <span class='ocrx_word' id='word_1_126' title='bbox 2853 880 3121 936; x_wconf 87' lang='lat' dir='ltr'><strong>orationis</strong></span> <span class='ocrx_word' id='word_1_127' title='bbox 3155 879 3320 949; x_wconf 83' lang='lat' dir='ltr'><strong>parti,</strong></span> <span class='ocrx_word' id='word_1_128' title='bbox 3390 878 3548 934; x_wconf 85' lang='lat' dir='ltr'><strong>volu-</strong></span> 
     </span>
    </p>
   </div>
   <div class='ocr_carea' id='block_1_22' title="bbox 1969 973 3550 1050">
    <p class='ocr_par' dir='ltr' id='par_1_22' title="bbox 1969 973 3550 1050">
     <span class='ocr_line' id='line_1_24' title="bbox 1969 973 3550 1050; baseline -0.006 -18"><span class='ocrx_word' id='word_1_129' title='bbox 1969 986 2176 1050; x_wconf 80' lang='lat' dir='ltr'><strong>ptatem</strong></span> <span class='ocrx_word' id='word_1_130' title='bbox 2211 990 2334 1032; x_wconf 85' lang='lat' dir='ltr'><strong>esse</strong></span> <span class='ocrx_word' id='word_1_131' title='bbox 2362 976 2554 1030; x_wconf 87' lang='lat' dir='ltr'><strong>vitium</strong></span> <span class='ocrx_word' id='word_1_132' title='bbox 2590 975 2749 1044; x_wconf 78' lang='lat' dir='ltr'><strong>longe</strong></span> <span class='ocrx_word' id='word_1_133' title='bbox 2781 973 3257 1032; x_wconf 84' lang='lat' dir='ltr'><strong>violentissimum,</strong></span> <span class='ocrx_word' id='word_1_134' title='bbox 3303 985 3402 1024; x_wconf 90' lang='lat' dir='ltr'><strong>nec</strong></span> <span class='ocrx_word' id='word_1_135' title='bbox 3454 985 3550 1024; x_wconf 81' lang='lat' dir='ltr'><strong>ex-</strong></span> 
     </span>
    </p>
   </div>
   <div class='ocr_carea' id='block_1_23' title="bbox 1969 1062 3547 1140">
    <p class='ocr_par' dir='ltr' id='par_1_23' title="bbox 1969 1062 3547 1140">
     <span class='ocr_line' id='line_1_25' title="bbox 1969 1062 3547 1140; baseline -0.006 -15"><span class='ocrx_word' id='word_1_136' title='bbox 1969 1086 2213 1139; x_wconf 89' lang='lat' dir='ltr'><strong>pressam</strong></span> <span class='ocrx_word' id='word_1_137' title='bbox 2291 1070 2438 1126; x_wconf 85' lang='lat' dir='ltr'><strong>illius</strong></span> <span class='ocrx_word' id='word_1_138' title='bbox 2491 1069 2780 1140; x_wconf 72' lang='lat' dir='ltr'><strong>imaginem</strong></span> <span class='ocrx_word' id='word_1_139' title='bbox 2814 1066 3200 1138; x_wconf 88' lang='lat' dir='ltr'><strong>reprehendo:</strong></span> <span class='ocrx_word' id='word_1_140' title='bbox 3233 1079 3340 1118; x_wconf 91' lang='lat' dir='ltr'><strong>non</strong></span> <span class='ocrx_word' id='word_1_141' title='bbox 3399 1062 3547 1118; x_wconf 86' lang='lat' dir='ltr'><strong>enim</strong></span> 
     </span>
    </p>
   </div>
   <div class='ocr_carea' id='block_1_24' title="bbox 1969 1155 3550 1221">
    <p class='ocr_par' dir='ltr' id='par_1_24' title="bbox 1969 1155 3550 1221">
     <span class='ocr_line' id='line_1_26' title="bbox 1969 1155 3550 1221; baseline -0.005 -3"><span class='ocrx_word' id='word_1_142' title='bbox 1969 1166 2237 1221; x_wconf 82' lang='lat' dir='ltr'><strong>abhorret</strong></span> <span class='ocrx_word' id='word_1_143' title='bbox 2266 1166 2332 1219; x_wconf 88' lang='lat' dir='ltr'><strong>ab</strong></span> <span class='ocrx_word' id='word_1_144' title='bbox 2355 1165 2500 1219; x_wconf 79' lang='lat' dir='ltr'><strong>illius</strong></span> <span class='ocrx_word' id='word_1_145' title='bbox 2527 1164 2742 1218; x_wconf 84' lang='lat' dir='ltr'><strong>ratione</strong></span> <span class='ocrx_word' id='word_1_146' title='bbox 2773 1177 2838 1217; x_wconf 91' lang='lat' dir='ltr'><strong>ac</strong></span> <span class='ocrx_word' id='word_1_147' title='bbox 2869 1175 3043 1216; x_wconf 90' lang='lat' dir='ltr'><strong>more.</strong></span> <span class='ocrx_word' id='word_1_148' title='bbox 3085 1159 3285 1216; x_wconf 79' lang='lat' dir='ltr'><strong>Verum</strong></span> <span class='ocrx_word' id='word_1_149' title='bbox 3320 1172 3426 1212; x_wconf 92' lang='lat' dir='ltr'><strong>non</strong></span> <span class='ocrx_word' id='word_1_150' title='bbox 3453 1155 3550 1211; x_wconf 86' lang='lat' dir='ltr'><strong>ad-</strong></span> 
     </span>
    </p>
   </div>
   <div class='ocr_carea' id='block_1_25' title="bbox 1970 1251 3549 1326">
    <p class='ocr_par' dir='ltr' id='par_1_25' title="bbox 1970 1251 3549 1326">
     <span class='ocr_line' id='line_1_27' title="bbox 1970 1251 3549 1326; baseline -0.005 -14"><span class='ocrx_word' id='word_1_151' title='bbox 1970 1272 2164 1312; x_wconf 75' lang='lat' dir='ltr'><strong>versus</strong></span> <span class='ocrx_word' id='word_1_152' title='bbox 2191 1271 2382 1312; x_wconf 81' lang='lat' dir='ltr'><strong>omnes</strong></span> <span class='ocrx_word' id='word_1_153' title='bbox 2406 1256 2611 1326; x_wconf 90' lang='lat' dir='ltr'><strong>pariter</strong></span> <span class='ocrx_word' id='word_1_154' title='bbox 2641 1255 2896 1309; x_wconf 88' lang='lat' dir='ltr'><strong>homines</strong></span> <span class='ocrx_word' id='word_1_155' title='bbox 2924 1262 3131 1308; x_wconf 79' lang='lat' dir='ltr'><strong>tantam</strong></span> <span class='ocrx_word' id='word_1_156' title='bbox 3163 1251 3252 1306; x_wconf 89' lang='lat' dir='ltr'><strong>illa</strong></span> <span class='ocrx_word' id='word_1_157' title='bbox 3284 1252 3393 1304; x_wconf 87' lang='lat' dir='ltr'><strong>vim</strong></span> <span class='ocrx_word' id='word_1_158' title='bbox 3443 1251 3549 1304; x_wconf 83' lang='lat' dir='ltr'><strong>ob-</strong></span> 
     </span>
    </p>
   </div>
   <div class='ocr_carea' id='block_1_26' title="bbox 1973 1344 3546 1421">
    <p class='ocr_par' dir='ltr' id='par_1_26' title="bbox 1973 1344 3546 1421">
     <span class='ocr_line' id='line_1_28' title="bbox 1973 1344 3546 1421; baseline -0.006 -14"><span class='ocrx_word' id='word_1_159' title='bbox 1973 1352 2130 1416; x_wconf 86' lang='lat' dir='ltr'><strong>tinet,</strong></span> <span class='ocrx_word' id='word_1_160' title='bbox 2161 1360 2422 1421; x_wconf 86' lang='lat' dir='ltr'><strong>quantam</strong></span> <span class='ocrx_word' id='word_1_161' title='bbox 2451 1357 2638 1403; x_wconf 85' lang='lat' dir='ltr'><strong>orator</strong></span> <span class='ocrx_word' id='word_1_162' title='bbox 2665 1347 2768 1402; x_wconf 87' lang='lat' dir='ltr'><strong>iste</strong></span> <span class='ocrx_word' id='word_1_163' title='bbox 2792 1347 3010 1406; x_wconf 84' lang='lat' dir='ltr'><strong>statuit.</strong></span> <span class='ocrx_word' id='word_1_164' title='bbox 3040 1347 3134 1400; x_wconf 88' lang='lat' dir='ltr'><strong>sed</strong></span> <span class='ocrx_word' id='word_1_165' title='bbox 3190 1346 3458 1399; x_wconf 80' lang='lat' dir='ltr'><strong>duntaxat</strong></span> <span class='ocrx_word' id='word_1_166' title='bbox 3491 1344 3546 1398; x_wconf 92' lang='lat' dir='ltr'><strong>in</strong></span> 
     </span>
    </p>
   </div>
   <div class='ocr_carea' id='block_1_27' title="bbox 1969 1437 3545 1511">
    <p class='ocr_par' dir='ltr' id='par_1_27' title="bbox 1969 1437 3545 1511">
     <span class='ocr_line' id='line_1_29' title="bbox 1969 1437 3545 1511; baseline -0.005 -12"><span class='ocrx_word' id='word_1_167' title='bbox 1969 1458 2066 1499; x_wconf 84' lang='lat' dir='ltr'><strong>eos</strong></span> <span class='ocrx_word' id='word_1_168' title='bbox 2096 1445 2189 1511; x_wconf 90' lang='lat' dir='ltr'><strong>qui</strong></span> <span class='ocrx_word' id='word_1_169' title='bbox 2215 1442 2432 1498; x_wconf 79' lang='lat' dir='ltr'><strong>fortiter</strong></span> <span class='ocrx_word' id='word_1_170' title='bbox 2458 1441 2578 1510; x_wconf 80' lang='lat' dir='ltr'><strong>ejus</strong></span> <span class='ocrx_word' id='word_1_171' title='bbox 2609 1439 3065 1509; x_wconf 84' lang='lat' dir='ltr'><strong>impressionibus</strong></span> <span class='ocrx_word' id='word_1_172' title='bbox 3100 1437 3245 1492; x_wconf 87' lang='lat' dir='ltr'><strong>haud</strong></span> <span class='ocrx_word' id='word_1_173' title='bbox 3265 1437 3545 1491; x_wconf 88' lang='lat' dir='ltr'><strong>resistunt.</strong></span> 
     </span>
    </p>
   </div>
   <div class='ocr_carea' id='block_1_28' title="bbox 1969 1531 3548 1603">
    <p class='ocr_par' dir='ltr' id='par_1_28' title="bbox 1969 1531 3548 1603">
     <span class='ocr_line' id='line_1_30' title="bbox 1969 1531 3548 1603; baseline -0.006 -10"><span class='ocrx_word' id='word_1_174' title='bbox 1969 1537 2126 1603; x_wconf 79' lang='lat' dir='ltr'><strong>Quod</strong></span> <span class='ocrx_word' id='word_1_175' title='bbox 2153 1550 2287 1590; x_wconf 87' lang='lat' dir='ltr'><strong>sane</strong></span> <span class='ocrx_word' id='word_1_176' title='bbox 2322 1535 2406 1590; x_wconf 89' lang='lat' dir='ltr'><strong>vel</strong></span> <span class='ocrx_word' id='word_1_177' title='bbox 2444 1534 2569 1588; x_wconf 92' lang='lat' dir='ltr'><strong>hinc</strong></span> <span class='ocrx_word' id='word_1_178' title='bbox 2601 1541 2755 1602; x_wconf 85' lang='lat' dir='ltr'><strong>paret</strong></span> <span class='ocrx_word' id='word_1_179' title='bbox 2787 1550 2802 1588; x_wconf 89' lang='lat'><strong>:</strong></span> <span class='ocrx_word' id='word_1_180' title='bbox 2851 1533 3068 1603; x_wconf 86' lang='lat' dir='ltr'><strong>quoties</strong></span> <span class='ocrx_word' id='word_1_181' title='bbox 3097 1531 3241 1586; x_wconf 88' lang='lat' dir='ltr'><strong>enim</strong></span> <span class='ocrx_word' id='word_1_182' title='bbox 3277 1532 3389 1585; x_wconf 89' lang='lat' dir='ltr'><strong>acri</strong></span> <span class='ocrx_word' id='word_1_183' title='bbox 3421 1545 3548 1585; x_wconf 86' lang='lat' dir='ltr'><strong>cum</strong></span> 
     </span>
    </p>
   </div>
   <div class='ocr_carea' id='block_1_29' title="bbox 1970 1622 3550 1699">
    <p class='ocr_par' dir='ltr' id='par_1_29' title="bbox 1970 1622 3550 1699">
     <span class='ocr_line' id='line_1_31' title="bbox 1970 1622 3550 1699; baseline -0.005 -15"><span class='ocrx_word' id='word_1_184' title='bbox 1970 1631 2176 1699; x_wconf 88' lang='lat' dir='ltr'><strong>impetu</strong></span> <span class='ocrx_word' id='word_1_185' title='bbox 2211 1627 2362 1683; x_wconf 80' lang='lat' dir='ltr'><strong>viros</strong></span> <span class='ocrx_word' id='word_1_186' title='bbox 2423 1627 2696 1691; x_wconf 80' lang='lat' dir='ltr'><strong>adoritur,</strong></span> <span class='ocrx_word' id='word_1_187' title='bbox 2752 1625 2921 1679; x_wconf 89' lang='lat' dir='ltr'><strong>instar</strong></span> <span class='ocrx_word' id='word_1_188' title='bbox 2945 1624 3144 1678; x_wconf 84' lang='lat' dir='ltr'><strong>tinctus</strong></span> <span class='ocrx_word' id='word_1_189' title='bbox 3191 1622 3421 1692; x_wconf 84' lang='lat' dir='ltr'><strong>alicujus</strong></span> <span class='ocrx_word' id='word_1_190' title='bbox 3447 1622 3550 1676; x_wconf 85' lang='lat' dir='ltr'><strong>ob-</strong></span> 
     </span>
    </p>
   </div>
   <div class='ocr_carea' id='block_1_30' title="bbox 1976 1716 3553 1791">
    <p class='ocr_par' dir='ltr' id='par_1_30' title="bbox 1976 1716 3553 1791">
     <span class='ocr_line' id='line_1_32' title="bbox 1976 1716 3553 1791; baseline -0.006 -13"><span class='ocrx_word' id='word_1_191' title='bbox 1976 1721 2178 1791; x_wconf 80' lang='lat' dir='ltr'><strong>iectam</strong></span> <span class='ocrx_word' id='word_1_192' title='bbox 2229 1719 2452 1784; x_wconf 87' lang='lat' dir='ltr'><strong>molem,</strong></span> <span class='ocrx_word' id='word_1_193' title='bbox 2495 1720 2561 1774; x_wconf 91' lang='lat' dir='ltr'><strong>de</strong></span> <span class='ocrx_word' id='word_1_194' title='bbox 2619 1718 2870 1772; x_wconf 83' lang='lat' dir='ltr'><strong>maximis</strong></span> <span class='ocrx_word' id='word_1_195' title='bbox 2918 1717 3184 1787; x_wconf 80' lang='lat' dir='ltr'><strong>lapidibus</strong></span> <span class='ocrx_word' id='word_1_196' title='bbox 3213 1724 3332 1770; x_wconf 90' lang='lat' dir='ltr'><strong>arte</strong></span> <span class='ocrx_word' id='word_1_197' title='bbox 3364 1716 3553 1784; x_wconf 79' lang='lat' dir='ltr'><strong>singu-</strong></span> 
     </span>
    </p>
   </div>
   <div class='ocr_carea' id='block_1_31' title="bbox 295 1799 1873 1894">
    <p class='ocr_par' dir='ltr' id='par_1_31' title="bbox 295 1799 1863 1894">
     <span class='ocr_line' id='line_1_33' title="bbox 295 1799 1863 1894; baseline 0.004 -44"><span class='ocrx_word' id='word_1_198' title='bbox 295 1799 550 1894; x_wconf 65' lang='grc' dir='ltr'>ίσχύσαν·</span> <span class='ocrx_word' id='word_1_199' title='bbox 597 1801 824 1853; x_wconf 80' lang='grc' dir='ltr'><strong>ἐκείνων</strong></span> <span class='ocrx_word' id='word_1_200' title='bbox 855 1803 913 1855; x_wconf 82' lang='grc' dir='ltr'><strong>δὲ</strong></span> <span class='ocrx_word' id='word_1_201' title='bbox 965 1803 1065 1865; x_wconf 81' lang='grc' dir='ltr'>τὰς</span> <span class='ocrx_word' id='word_1_202' title='bbox 1111 1803 1291 1873; x_wconf 77' lang='grc' dir='ltr'>ψυχάς</span> <span class='ocrx_word' id='word_1_203' title='bbox 1341 1806 1407 1874; x_wconf 77' lang='grc' dir='ltr'><strong>τῇ</strong></span> <span class='ocrx_word' id='word_1_204' title='bbox 1457 1805 1702 1876; x_wconf 77' lang='grc' dir='ltr'>ποικιλίᾳ</span> <span class='ocrx_word' id='word_1_205' title='bbox 1751 1805 1863 1858; x_wconf 85' lang='grc' dir='ltr'><strong>τῶν</strong></span> 
     </span>
    </p>
   </div>
   <div class='ocr_carea' id='block_1_32' title="bbox 1976 1799 3542 1894">
    <p class='ocr_par' dir='ltr' id='par_1_32' title="bbox 1977 1806 3542 1884">
     <span class='ocr_line' id='line_1_34' title="bbox 1977 1806 3542 1884; baseline -0.006 -15"><span class='ocrx_word' id='word_1_206' title='bbox 1977 1815 2083 1870; x_wconf 90' lang='lat' dir='ltr'><strong>lari</strong></span> <span class='ocrx_word' id='word_1_207' title='bbox 2133 1823 2498 1884; x_wconf 81' lang='lat' dir='ltr'><strong>compactam,</strong></span> <span class='ocrx_word' id='word_1_208' title='bbox 2529 1810 2676 1875; x_wconf 78' lang='lat' dir='ltr'><strong>ferit,</strong></span> <span class='ocrx_word' id='word_1_209' title='bbox 2701 1811 2964 1878; x_wconf 89' lang='lat' dir='ltr'><strong>irritoque</strong></span> <span class='ocrx_word' id='word_1_210' title='bbox 2993 1817 3194 1863; x_wconf 84' lang='lat' dir='ltr'><strong>conatu</strong></span> <span class='ocrx_word' id='word_1_211' title='bbox 3229 1806 3542 1875; x_wconf 80' lang='lat' dir='ltr'><strong>dissipatur.</strong></span> 
     </span>
    </p>
   </div>
   <div class='ocr_carea' id='block_1_33' title="bbox 289 1889 1860 1966">
    <p class='ocr_par' dir='ltr' id='par_1_33' title="bbox 289 1889 1860 1966">
     <span class='ocr_line' id='line_1_35' title="bbox 289 1889 1860 1966; baseline 0.007 -27"><span class='ocrx_word' id='word_1_212' title='bbox 289 1889 528 1958; x_wconf 78' lang='grc' dir='ltr'>ὀρεκτῶν</span> <span class='ocrx_word' id='word_1_213' title='bbox 562 1892 821 1957; x_wconf 78' lang='grc' dir='ltr'><strong>καθάπαξ</strong></span> <span class='ocrx_word' id='word_1_214' title='bbox 871 1895 1218 1965; x_wconf 73' lang='grc' dir='ltr'><strong>ἀνῃρημένη,</strong></span> <span class='ocrx_word' id='word_1_215' title='bbox 1243 1897 1319 1959; x_wconf 83' lang='grc' dir='ltr'>ὡς</span> <span class='ocrx_word' id='word_1_216' title='bbox 1355 1896 1524 1966; x_wconf 80' lang='grc' dir='ltr'>μηδὲν</span> <span class='ocrx_word' id='word_1_217' title='bbox 1573 1892 1715 1952; x_wconf 64' lang='grc' dir='ltr'>εἶναι</span> <span class='ocrx_word' id='word_1_218' title='bbox 1743 1896 1860 1950; x_wconf 69' lang='grc' dir='ltr'>λοι·</span> 
     </span>
    </p>
   </div>
   <div class='ocr_carea' id='block_1_34' title="bbox 289 1983 1861 2056">
    <p class='ocr_par' dir='ltr' id='par_1_34' title="bbox 289 1983 1861 2056">
     <span class='ocr_line' id='line_1_36' title="bbox 289 1983 1861 2056; baseline 0.015 -24"><span class='ocrx_word' id='word_1_219' title='bbox 289 1983 414 2045; x_wconf 75' lang='grc' dir='ltr'>πὸν,</span> <span class='ocrx_word' id='word_1_220' title='bbox 448 1983 479 2054; x_wconf 70' lang='grc' dir='ltr'>ἢ</span> <span class='ocrx_word' id='word_1_221' title='bbox 508 1986 608 2054; x_wconf 76' lang='grc' dir='ltr'>τὴν</span> <span class='ocrx_word' id='word_1_222' title='bbox 643 1987 741 2055; x_wconf 85' lang='grc' dir='ltr'>μὲν</span> <span class='ocrx_word' id='word_1_223' title='bbox 795 1989 1126 2051; x_wconf 82' lang='grc' dir='ltr'>ἐπιτάττειν.</span> <span class='ocrx_word' id='word_1_224' title='bbox 1160 1989 1261 2053; x_wconf 73' lang='grc' dir='ltr'><strong>τὰς</strong></span> <span class='ocrx_word' id='word_1_225' title='bbox 1297 1990 1344 2042; x_wconf 85' lang='grc' dir='ltr'>δ’</span> <span class='ocrx_word' id='word_1_226' title='bbox 1383 1991 1576 2056; x_wconf 80' lang='grc' dir='ltr'><strong>εἴκειν,</strong></span> <span class='ocrx_word' id='word_1_227' title='bbox 1619 1992 1701 2052; x_wconf 75' lang='grc' dir='ltr'><strong>εἰς</strong></span> <span class='ocrx_word' id='word_1_228' title='bbox 1745 1992 1775 2045; x_wconf 85' lang='grc' dir='ltr'><strong>δ</strong></span> <span class='ocrx_word' id='word_1_229' title='bbox 1806 2008 1861 2043; x_wconf 87' lang='grc' dir='ltr'>τι</span> 
     </span>
    </p>
   </div>
   <div class='ocr_carea' id='block_1_35' title="bbox 289 2078 1863 2156">
    <p class='ocr_par' dir='ltr' id='par_1_35' title="bbox 289 2078 1863 2156">
     <span class='ocr_line' id='line_1_37' title="bbox 289 2078 1863 2156; baseline 0.006 -28"><span class='ocrx_word' id='word_1_230' title='bbox 289 2078 562 2152; x_wconf 70' lang='grc' dir='ltr'><strong>χείριστον</strong></span> <span class='ocrx_word' id='word_1_231' title='bbox 601 2080 786 2156; x_wconf 29' lang='grc' dir='ltr'>χαύτὰς</span> <span class='ocrx_word' id='word_1_232' title='bbox 842 2084 1232 2153; x_wconf 86' lang='grc' dir='ltr'>παραπέμποι,</span> <span class='ocrx_word' id='word_1_233' title='bbox 1283 2086 1379 2139; x_wconf 79' lang='grc' dir='ltr'>καὶ</span> <span class='ocrx_word' id='word_1_234' title='bbox 1421 2086 1586 2139; x_wconf 76' lang='grc' dir='ltr'>οἱονεὶ</span> <span class='ocrx_word' id='word_1_235' title='bbox 1624 2085 1762 2155; x_wconf 69' lang='grc' dir='ltr'>πρὸς</span> <span class='ocrx_word' id='word_1_236' title='bbox 1801 2085 1863 2138; x_wconf 74' lang='grc' dir='ltr'>τὸ</span> 
     </span>
    </p>
   </div>
   <div class='ocr_carea' id='block_1_36' title="bbox 289 2171 1866 2248">
    <p class='ocr_par' dir='ltr' id='par_1_36' title="bbox 289 2171 1866 2248">
     <span class='ocr_line' id='line_1_38' title="bbox 289 2171 1866 2248; baseline 0.006 -25"><span class='ocrx_word' id='word_1_237' title='bbox 289 2171 527 2238; x_wconf 79' lang='grc' dir='ltr'>πέλαγος</span> <span class='ocrx_word' id='word_1_238' title='bbox 558 2173 618 2226; x_wconf 75' lang='grc' dir='ltr'>τὸ</span> <span class='ocrx_word' id='word_1_239' title='bbox 652 2174 1020 2242; x_wconf 69' lang='grc' dir='ltr'>Ἀτλαντικὸν,</span> <span class='ocrx_word' id='word_1_240' title='bbox 1043 2178 1103 2229; x_wconf 87' lang='grc' dir='ltr'>τὸ</span> <span class='ocrx_word' id='word_1_241' title='bbox 1123 2177 1268 2247; x_wconf 84' lang='grc' dir='ltr'>πέρα</span> <span class='ocrx_word' id='word_1_242' title='bbox 1288 2179 1582 2248; x_wconf 82' lang='grc' dir='ltr'><strong>Γαδείρων,</strong></span> <span class='ocrx_word' id='word_1_243' title='bbox 1607 2179 1671 2232; x_wconf 83' lang='grc' dir='ltr'>τὸ</span> <span class='ocrx_word' id='word_1_244' title='bbox 1700 2178 1866 2233; x_wconf 76' lang='grc' dir='ltr'>ἄπλε-</span> 
     </span>
    </p>
   </div>
   <div class='ocr_carea' id='block_1_37' title="bbox 289 2267 1860 2342">
    <p class='ocr_par' dir='ltr' id='par_1_37' title="bbox 289 2267 1860 2342">
     <span class='ocr_line' id='line_1_39' title="bbox 289 2267 1860 2342; baseline 0.006 -27"><span class='ocrx_word' id='word_1_245' title='bbox 289 2283 401 2318; x_wconf 81' lang='grc' dir='ltr'>τον.</span> <span class='ocrx_word' id='word_1_246' title='bbox 440 2267 549 2320; x_wconf 77' lang='grc' dir='ltr'><strong>Καὶ</strong></span> <span class='ocrx_word' id='word_1_247' title='bbox 577 2268 686 2336; x_wconf 77' lang='grc' dir='ltr'><strong>γάρ</strong></span> <span class='ocrx_word' id='word_1_248' title='bbox 714 2285 796 2321; x_wconf 88' lang='grc' dir='ltr'><strong>τοι</strong></span> <span class='ocrx_word' id='word_1_249' title='bbox 827 2268 1034 2332; x_wconf 85' lang='grc' dir='ltr'>ταύτας</span> <span class='ocrx_word' id='word_1_250' title='bbox 1063 2271 1162 2332; x_wconf 84' lang='grc' dir='ltr'>τὰς</span> <span class='ocrx_word' id='word_1_251' title='bbox 1195 2270 1376 2341; x_wconf 77' lang='grc' dir='ltr'>ψυχὰς</span> <span class='ocrx_word' id='word_1_252' title='bbox 1410 2273 1502 2326; x_wconf 74' lang='grc' dir='ltr'>καὶ</span> <span class='ocrx_word' id='word_1_253' title='bbox 1529 2271 1860 2342; x_wconf 85' lang='grc' dir='ltr'>παρασύρει,</span> 
     </span>
    </p>
   </div>
   <div class='ocr_carea' id='block_1_38' title="bbox 295 2359 1863 2434">
    <p class='ocr_par' dir='ltr' id='par_1_38' title="bbox 295 2359 1863 2434">
     <span class='ocr_line' id='line_1_40' title="bbox 295 2359 1863 2434; baseline 0.008 -26"><span class='ocrx_word' id='word_1_254' title='bbox 295 2360 385 2408; x_wconf 81' lang='grc' dir='ltr'>καὶ</span> <span class='ocrx_word' id='word_1_255' title='bbox 419 2359 734 2426; x_wconf 79' lang='grc' dir='ltr'>ἀποπνίγει,</span> <span class='ocrx_word' id='word_1_256' title='bbox 770 2361 1092 2431; x_wconf 62' lang='grc' dir='ltr'>χειμάρρων</span> <span class='ocrx_word' id='word_1_257' title='bbox 1120 2363 1300 2431; x_wconf 84' lang='grc' dir='ltr'>δίκην,</span> <span class='ocrx_word' id='word_1_258' title='bbox 1343 2363 1402 2427; x_wconf 75' lang='grc' dir='ltr'>ἑξ</span> <span class='ocrx_word' id='word_1_259' title='bbox 1437 2359 1596 2418; x_wconf 81' lang='grc' dir='ltr'>ὑετοῦ</span> <span class='ocrx_word' id='word_1_260' title='bbox 1628 2382 1863 2434; x_wconf 74' lang='grc' dir='ltr'>καταφε-</span> 
     </span>
    </p>
   </div>
   <div class='ocr_carea' id='block_1_39' title="bbox 303 2450 1866 2528">
    <p class='ocr_par' dir='ltr' id='par_1_39' title="bbox 303 2450 1866 2528">
     <span class='ocr_line' id='line_1_41' title="bbox 303 2450 1866 2528; baseline 0.008 -28"><span class='ocrx_word' id='word_1_261' title='bbox 303 2450 537 2516; x_wconf 80' lang='grc' dir='ltr'>ρομένων</span> <span class='ocrx_word' id='word_1_262' title='bbox 581 2452 725 2504; x_wconf 80' lang='grc' dir='ltr'>πάνυ</span> <span class='ocrx_word' id='word_1_263' title='bbox 761 2454 1023 2523; x_wconf 77' lang='grc' dir='ltr'><strong>ῥαγδαίου</strong></span> <span class='ocrx_word' id='word_1_264' title='bbox 1059 2456 1264 2526; x_wconf 75' lang='grc' dir='ltr'>σφοδρᾷ</span> <span class='ocrx_word' id='word_1_265' title='bbox 1303 2475 1410 2510; x_wconf 85' lang='grc' dir='ltr'>τινι</span> <span class='ocrx_word' id='word_1_266' title='bbox 1447 2459 1595 2528; x_wconf 78' lang='grc' dir='ltr'>ῥύμῃ</span> <span class='ocrx_word' id='word_1_267' title='bbox 1642 2459 1738 2513; x_wconf 87' lang='grc' dir='ltr'>καὶ</span> <span class='ocrx_word' id='word_1_268' title='bbox 1764 2477 1866 2527; x_wconf 70' lang='grc' dir='ltr'><strong>φο-</strong></span> 
     </span>
    </p>
   </div>
   <div class='ocr_carea' id='block_1_40' title="bbox 301 2543 1865 2621">
    <p class='ocr_par' dir='ltr' id='par_1_40' title="bbox 301 2543 1865 2621">
     <span class='ocr_line' id='line_1_42' title="bbox 301 2543 1865 2621; baseline 0.009 -29"><span class='ocrx_word' id='word_1_269' title='bbox 301 2543 452 2612; x_wconf 70' lang='grc' dir='ltr'>ϐερᾷ,</span> <span class='ocrx_word' id='word_1_270' title='bbox 493 2543 679 2613; x_wconf 81' lang='grc' dir='ltr'>δούπῳ</span> <span class='ocrx_word' id='word_1_271' title='bbox 720 2547 815 2598; x_wconf 67' lang='grc' dir='ltr'>καὶ</span> <span class='ocrx_word' id='word_1_272' title='bbox 853 2547 1001 2618; x_wconf 83' lang='grc' dir='ltr'>μόνῳ</span> <span class='ocrx_word' id='word_1_273' title='bbox 1037 2547 1340 2603; x_wconf 80' lang='grc' dir='ltr'>ποιούντων</span> <span class='ocrx_word' id='word_1_274' title='bbox 1374 2551 1640 2619; x_wconf 72' lang='grc' dir='ltr'>φρίττειν.</span> <span class='ocrx_word' id='word_1_275' title='bbox 1691 2553 1865 2621; x_wconf 83' lang='grc' dir='ltr'>Δῆλον</span> 
     </span>
    </p>
   </div>
   <div class='ocr_carea' id='block_1_41' title="bbox 301 2629 1865 2712">
    <p class='ocr_par' dir='ltr' id='par_1_41' title="bbox 301 2629 1865 2712">
     <span class='ocr_line' id='line_1_43' title="bbox 301 2629 1865 2712; baseline 0.01 -30"><span class='ocrx_word' id='word_1_276' title='bbox 301 2631 403 2699; x_wconf 72' lang='grc' dir='ltr'><strong>γὰρ</strong></span> <span class='ocrx_word' id='word_1_277' title='bbox 435 2634 513 2692; x_wconf 86' lang='grc' dir='ltr'><strong>είς</strong></span> <span class='ocrx_word' id='word_1_278' title='bbox 542 2629 654 2686; x_wconf 74' lang='grc' dir='ltr'>οἷον</span> <span class='ocrx_word' id='word_1_279' title='bbox 685 2633 1039 2706; x_wconf 77' lang='grc' dir='ltr'>ἐμπίπτομεν</span> <span class='ocrx_word' id='word_1_280' title='bbox 1079 2637 1374 2708; x_wconf 82' lang='grc' dir='ltr'>βάραθρον,</span> <span class='ocrx_word' id='word_1_281' title='bbox 1411 2641 1537 2694; x_wconf 82' lang='grc' dir='ltr'>ὅταν</span> <span class='ocrx_word' id='word_1_282' title='bbox 1568 2645 1664 2703; x_wconf 65' lang='grc' dir='ltr'><strong>τὰς</strong></span> <span class='ocrx_word' id='word_1_283' title='bbox 1709 2645 1865 2712; x_wconf 79' lang='grc' dir='ltr'>ἡνίας</span> 
     </span>
    </p>
   </div>
   <div class='ocr_carea' id='block_1_42' title="bbox 302 2722 1861 2803">
    <p class='ocr_par' dir='ltr' id='par_1_42' title="bbox 302 2722 1861 2803">
     <span class='ocr_line' id='line_1_44' title="bbox 302 2722 1861 2803; baseline 0.011 -31"><span class='ocrx_word' id='word_1_284' title='bbox 302 2722 422 2785; x_wconf 71' lang='grc' dir='ltr'>ὅλας</span> <span class='ocrx_word' id='word_1_285' title='bbox 454 2725 679 2794; x_wconf 69' lang='grc' dir='ltr'>ἀφῶμεν</span> <span class='ocrx_word' id='word_1_286' title='bbox 709 2725 804 2779; x_wconf 88' lang='grc' dir='ltr'><strong>τοῦ</strong></span> <span class='ocrx_word' id='word_1_287' title='bbox 840 2728 1240 2799; x_wconf 79' lang='grc' dir='ltr'>ἐπιθυμητικοῦ</span> <span class='ocrx_word' id='word_1_288' title='bbox 1275 2731 1377 2799; x_wconf 83' lang='grc' dir='ltr'>τῆς</span> <span class='ocrx_word' id='word_1_289' title='bbox 1406 2733 1588 2803; x_wconf 81' lang='grc' dir='ltr'>ψυχῆς</span> <span class='ocrx_word' id='word_1_290' title='bbox 1637 2736 1861 2803; x_wconf 84' lang='grc' dir='ltr'>μέρους.</span> 
     </span>
    </p>
   </div>
   <div class='ocr_carea' id='block_1_43' title="bbox 306 2817 1866 2898">
    <p class='ocr_par' dir='ltr' id='par_1_43' title="bbox 306 2817 1866 2898">
     <span class='ocr_line' id='line_1_45' title="bbox 306 2817 1866 2898; baseline 0.009 -28"><span class='ocrx_word' id='word_1_291' title='bbox 306 2817 444 2887; x_wconf 74' lang='grc' dir='ltr'>Πλὴν</span> <span class='ocrx_word' id='word_1_292' title='bbox 468 2821 602 2874; x_wconf 76' lang='grc' dir='ltr'>ἀλλὰ</span> <span class='ocrx_word' id='word_1_293' title='bbox 629 2822 742 2874; x_wconf 88' lang='grc' dir='ltr'><strong>τῶν</strong></span> <span class='ocrx_word' id='word_1_294' title='bbox 765 2823 932 2894; x_wconf 81' lang='grc' dir='ltr'>ἀρετῇ</span> <span class='ocrx_word' id='word_1_295' title='bbox 956 2825 1046 2877; x_wconf 73' lang='grc' dir='ltr'><strong>καὶ</strong></span> <span class='ocrx_word' id='word_1_296' title='bbox 1073 2824 1220 2896; x_wconf 84' lang='grc' dir='ltr'>λόγῳ</span> <span class='ocrx_word' id='word_1_297' title='bbox 1244 2826 1722 2898; x_wconf 78' lang='grc' dir='ltr'>καθωπλισμένων</span> <span class='ocrx_word' id='word_1_298' title='bbox 1752 2830 1866 2884; x_wconf 79' lang='grc' dir='ltr'>οὐδ’</span> 
     </span>
    </p>
   </div>
   <div class='ocr_carea' id='block_1_44' title="bbox 309 2909 1869 2994">
    <p class='ocr_par' dir='ltr' id='par_1_44' title="bbox 309 2909 1869 2994">
     <span class='ocr_line' id='line_1_46' title="bbox 309 2909 1869 2994; baseline 0.009 -32"><span class='ocrx_word' id='word_1_299' title='bbox 309 2909 368 2962; x_wconf 76' lang='grc' dir='ltr'>ἂν</span> <span class='ocrx_word' id='word_1_300' title='bbox 398 2911 581 2967; x_wconf 75' lang='grc' dir='ltr'>οὐδένα</span> <span class='ocrx_word' id='word_1_301' title='bbox 627 2913 862 2984; x_wconf 84' lang='grc' dir='ltr'>τρώσειε</span> <span class='ocrx_word' id='word_1_302' title='bbox 893 2917 954 2969; x_wconf 85' lang='grc' dir='ltr'>τὸ</span> <span class='ocrx_word' id='word_1_303' title='bbox 1002 2919 1220 2987; x_wconf 77' lang='grc' dir='ltr'>ἐκείνης</span> <span class='ocrx_word' id='word_1_304' title='bbox 1268 2923 1518 2977; x_wconf 78' lang='grc' dir='ltr'>ὁπωσοῦν</span> <span class='ocrx_word' id='word_1_305' title='bbox 1566 2923 1738 2994; x_wconf 74' lang='grc' dir='ltr'>βέλος.</span> <span class='ocrx_word' id='word_1_306' title='bbox 1781 2923 1869 2988; x_wconf 85' lang='grc' dir='ltr'>Ὠς</span> 
     </span>
    </p>
   </div>
   <div class='ocr_carea' id='block_1_45' title="bbox 308 3001 1870 3083">
    <p class='ocr_par' dir='ltr' id='par_1_45' title="bbox 308 3001 1870 3083">
     <span class='ocr_line' id='line_1_47' title="bbox 308 3001 1870 3083; baseline 0.011 -31"><span class='ocrx_word' id='word_1_307' title='bbox 308 3001 358 3054; x_wconf 85' lang='grc' dir='ltr'><strong>οί</strong></span> <span class='ocrx_word' id='word_1_308' title='bbox 383 3019 440 3070; x_wconf 87' lang='grc' dir='ltr'><strong>γε</strong></span> <span class='ocrx_word' id='word_1_309' title='bbox 467 3004 679 3074; x_wconf 81' lang='grc' dir='ltr'>ἄνδρες,</span> <span class='ocrx_word' id='word_1_310' title='bbox 719 3001 779 3060; x_wconf 80' lang='grc' dir='ltr'>εὖ</span> <span class='ocrx_word' id='word_1_311' title='bbox 830 3007 962 3070; x_wconf 83' lang='grc' dir='ltr'>ίσθι,</span> <span class='ocrx_word' id='word_1_312' title='bbox 995 3008 1096 3077; x_wconf 79' lang='grc' dir='ltr'>τὴν</span> <span class='ocrx_word' id='word_1_313' title='bbox 1128 3009 1386 3082; x_wconf 81' lang='grc' dir='ltr'>σώφρονα</span> <span class='ocrx_word' id='word_1_314' title='bbox 1419 3015 1516 3069; x_wconf 80' lang='grc' dir='ltr'>καὶ</span> <span class='ocrx_word' id='word_1_315' title='bbox 1561 3016 1870 3083; x_wconf 71' lang='grc' dir='ltr'>ἀναγκαίαν</span> 
     </span>
    </p>
   </div>
   <div class='ocr_carea' id='block_1_46' title="bbox 312 3093 1869 3176">
    <p class='ocr_par' dir='ltr' id='par_1_46' title="bbox 312 3093 1869 3176">
     <span class='ocr_line' id='line_1_48' title="bbox 312 3093 1869 3176; baseline 0.01 -31"><span class='ocrx_word' id='word_1_316' title='bbox 312 3093 490 3162; x_wconf 75' lang='grc' dir='ltr'>ἡδονὴν</span> <span class='ocrx_word' id='word_1_317' title='bbox 522 3097 618 3148; x_wconf 71' lang='grc' dir='ltr'>σὺν</span> <span class='ocrx_word' id='word_1_318' title='bbox 676 3097 755 3166; x_wconf 80' lang='grc' dir='ltr'>τῷ</span> <span class='ocrx_word' id='word_1_319' title='bbox 806 3098 986 3168; x_wconf 85' lang='grc' dir='ltr'>και.ρῷ</span> <span class='ocrx_word' id='word_1_320' title='bbox 1037 3101 1437 3171; x_wconf 74' lang='grc' dir='ltr'>καρπούμενοι,</span> <span class='ocrx_word' id='word_1_321' title='bbox 1491 3106 1723 3172; x_wconf 76' lang='grc' dir='ltr'>ταυτησὶ</span> <span class='ocrx_word' id='word_1_322' title='bbox 1771 3107 1869 3176; x_wconf 82' lang='grc' dir='ltr'>τῆς</span> 
     </span>
    </p>
   </div>
   <div class='ocr_carea' id='block_1_47' title="bbox 312 3168 1943 3264">
    <p class='ocr_par' dir='ltr' id='par_1_47' title="bbox 312 3168 1943 3264">
     <span class='ocr_line' id='line_1_49' title="bbox 312 3168 1943 3264; baseline 0.009 -26"><span class='ocrx_word' id='word_1_323' title='bbox 312 3186 618 3254; x_wconf 75' lang='grc' dir='ltr'>ἀκολάστου,</span> <span class='ocrx_word' id='word_1_324' title='bbox 649 3192 750 3258; x_wconf 79' lang='grc' dir='ltr'>τῆς</span> <span class='ocrx_word' id='word_1_325' title='bbox 782 3191 926 3262; x_wconf 82' lang='grc' dir='ltr'><strong>ὑπὲρ</strong></span> <span class='ocrx_word' id='word_1_326' title='bbox 965 3193 1183 3262; x_wconf 77' lang='grc' dir='ltr'>χρείαν,</span> <span class='ocrx_word' id='word_1_327' title='bbox 1213 3168 1597 3264; x_wconf 73' lang='grc' dir='ltr'>καταγελῶσιν</span> <span class='ocrx_word' id='word_1_328' title='bbox 1616 3239 1631 3263; x_wconf 94' lang='grc'><strong>,</strong></span> <span class='ocrx_word' id='word_1_329' title='bbox 1653 3168 1747 3264; x_wconf 34' lang='grc' dir='ltr'>’ὡς</span> <span class='ocrx_word' id='word_1_330' title='bbox 1897 3168 1943 3230; x_wconf 72' lang='lat' dir='ltr'><strong>c</strong></span> 
     </span>
    </p>
   </div>
   <div class='ocr_carea' id='block_1_48' title="bbox 311 3278 1872 3361">
    <p class='ocr_par' dir='ltr' id='par_1_48' title="bbox 311 3278 1872 3361">
     <span class='ocr_line' id='line_1_50' title="bbox 311 3278 1872 3361; baseline 0.009 -31"><span class='ocrx_word' id='word_1_331' title='bbox 311 3278 388 3332; x_wconf 73' lang='grc' dir='ltr'><strong>ὀὲν</strong></span> <span class='ocrx_word' id='word_1_332' title='bbox 421 3281 557 3350; x_wconf 70' lang='grc' dir='ltr'>ἱερὸν</span> <span class='ocrx_word' id='word_1_333' title='bbox 605 3281 797 3352; x_wconf 77' lang='grc' dir='ltr'>οὔσης,</span> <span class='ocrx_word' id='word_1_334' title='bbox 835 3285 1058 3338; x_wconf 78' lang='grc' dir='ltr'>ἐπειδὰν</span> <span class='ocrx_word' id='word_1_335' title='bbox 1111 3288 1432 3360; x_wconf 83' lang='grc' dir='ltr'>παντοδαπὴ</span> <span class='ocrx_word' id='word_1_336' title='bbox 1487 3291 1586 3359; x_wconf 80' lang='grc' dir='ltr'>μὲν</span> <span class='ocrx_word' id='word_1_337' title='bbox 1619 3297 1872 3361; x_wconf 85' lang='grc' dir='ltr'>γένηται,</span> 
     </span>
    </p>
   </div>
   <div class='ocr_carea' id='block_1_49' title="bbox 313 3376 1872 3455">
    <p class='ocr_par' dir='ltr' id='par_1_49' title="bbox 313 3376 1872 3455">
     <span class='ocr_line' id='line_1_51' title="bbox 313 3376 1872 3455; baseline 0.009 -31"><span class='ocrx_word' id='word_1_338' title='bbox 313 3377 549 3447; x_wconf 74' lang='grc' dir='ltr'>προτείνῃ</span> <span class='ocrx_word' id='word_1_339' title='bbox 577 3376 634 3428; x_wconf 84' lang='grc' dir='ltr'><strong>δὲ</strong></span> <span class='ocrx_word' id='word_1_340' title='bbox 676 3378 776 3429; x_wconf 80' lang='grc' dir='ltr'>σὺν</span> <span class='ocrx_word' id='word_1_341' title='bbox 811 3381 1029 3450; x_wconf 82' lang='grc' dir='ltr'>μηχανῇ</span> <span class='ocrx_word' id='word_1_342' title='bbox 1070 3396 1128 3432; x_wconf 90' lang='grc' dir='ltr'><strong>τε</strong></span> <span class='ocrx_word' id='word_1_343' title='bbox 1162 3382 1255 3434; x_wconf 77' lang='grc' dir='ltr'><strong>καὶ</strong></span> <span class='ocrx_word' id='word_1_344' title='bbox 1284 3383 1529 3455; x_wconf 74' lang='grc' dir='ltr'>ποικιλίᾳ</span> <span class='ocrx_word' id='word_1_345' title='bbox 1559 3386 1668 3438; x_wconf 79' lang='grc' dir='ltr'><strong>πᾶν</strong></span> <span class='ocrx_word' id='word_1_346' title='bbox 1696 3385 1872 3438; x_wconf 76' lang='grc' dir='ltr'>ὁτιοῦν</span> 
     </span>
    </p>
   </div>
   <div class='ocr_carea' id='block_1_50' title="bbox 315 3468 1874 3548">
    <p class='ocr_par' dir='ltr' id='par_1_50' title="bbox 315 3468 1874 3548">
     <span class='ocr_line' id='line_1_52' title="bbox 315 3468 1874 3548; baseline 0.007 -28"><span class='ocrx_word' id='word_1_347' title='bbox 315 3468 577 3523; x_wconf 77' lang='grc' dir='ltr'>κάλλιστόν</span> <span class='ocrx_word' id='word_1_348' title='bbox 605 3487 665 3522; x_wconf 88' lang='grc' dir='ltr'><strong>τε</strong></span> <span class='ocrx_word' id='word_1_349' title='bbox 701 3471 797 3523; x_wconf 75' lang='grc' dir='ltr'>καὶ</span> <span class='ocrx_word' id='word_1_350' title='bbox 835 3471 1056 3541; x_wconf 76' lang='grc' dir='ltr'>ἥδιστον</span> <span class='ocrx_word' id='word_1_351' title='bbox 1094 3474 1214 3535; x_wconf 82' lang='grc' dir='ltr'>ταῖς</span> <span class='ocrx_word' id='word_1_352' title='bbox 1253 3474 1348 3528; x_wconf 91' lang='grc' dir='ltr'><strong>τοῦ</strong></span> <span class='ocrx_word' id='word_1_353' title='bbox 1378 3477 1636 3546; x_wconf 85' lang='grc' dir='ltr'>σώματος</span> <span class='ocrx_word' id='word_1_354' title='bbox 1679 3478 1874 3548; x_wconf 75' lang='grc' dir='ltr'>αἰσθή-</span> 
     </span>
    </p>
   </div>
   <div class='ocr_carea' id='block_1_51' title="bbox 315 3557 1901 3638">
    <p class='ocr_par' dir='ltr' id='par_1_51' title="bbox 315 3557 1901 3638">
     <span class='ocr_line' id='line_1_53' title="bbox 315 3557 1901 3638; baseline 0.006 -25"><span class='ocrx_word' id='word_1_355' title='bbox 315 3577 437 3626; x_wconf 88' lang='grc' dir='ltr'>σεσι,</span> <span class='ocrx_word' id='word_1_356' title='bbox 463 3563 531 3614; x_wconf 80' lang='grc' dir='ltr'>δι’</span> <span class='ocrx_word' id='word_1_357' title='bbox 557 3557 632 3615; x_wconf 80' lang='grc' dir='ltr'>ὧν</span> <span class='ocrx_word' id='word_1_358' title='bbox 663 3562 842 3634; x_wconf 84' lang='grc' dir='ltr'>ἰσχύει</span> <span class='ocrx_word' id='word_1_359' title='bbox 873 3564 968 3616; x_wconf 78' lang='grc' dir='ltr'>καὶ</span> <span class='ocrx_word' id='word_1_360' title='bbox 999 3564 1399 3634; x_wconf 80' lang='grc' dir='ltr'>περιγίγνεται,</span> <span class='ocrx_word' id='word_1_361' title='bbox 1428 3568 1476 3620; x_wconf 88' lang='grc' dir='ltr'><strong>εί</strong></span> <span class='ocrx_word' id='word_1_362' title='bbox 1509 3567 1586 3638; x_wconf 78' lang='grc' dir='ltr'>μὴ</span> <span class='ocrx_word' id='word_1_363' title='bbox 1625 3558 1901 3637; x_wconf 57' lang='grc' dir='ltr'>κοσμίως</span> 
     </span>
    </p>
   </div>
   <div class='ocr_carea' id='block_1_52' title="bbox 314 3657 1875 3730">
    <p class='ocr_par' dir='ltr' id='par_1_52' title="bbox 314 3657 1875 3730">
     <span class='ocr_line' id='line_1_54' title="bbox 314 3657 1875 3730; baseline 0.006 -24"><span class='ocrx_word' id='word_1_364' title='bbox 314 3657 640 3711; x_wconf 67' lang='grc' dir='ltr'>αἰσθάνοιντο</span> <span class='ocrx_word' id='word_1_365' title='bbox 661 3659 894 3710; x_wconf 74' lang='grc' dir='ltr'>τουτωνὶ</span> <span class='ocrx_word' id='word_1_366' title='bbox 913 3658 1024 3710; x_wconf 91' lang='grc' dir='ltr'><strong>τῶν</strong></span> <span class='ocrx_word' id='word_1_367' title='bbox 1046 3659 1346 3728; x_wconf 81' lang='grc' dir='ltr'>αἰσθητῶν,</span> <span class='ocrx_word' id='word_1_368' title='bbox 1381 3662 1475 3730; x_wconf 69' lang='grc' dir='ltr'>καὶ</span> <span class='ocrx_word' id='word_1_369' title='bbox 1495 3663 1608 3724; x_wconf 80' lang='grc' dir='ltr'>τοῖς</span> <span class='ocrx_word' id='word_1_370' title='bbox 1634 3661 1875 3730; x_wconf 82' lang='grc' dir='ltr'>ἡδίστοις</span> 
     </span>
    </p>
   </div>
   <div class='ocr_carea' id='block_1_53' title="bbox 311 3747 1875 3824">
    <p class='ocr_par' dir='ltr' id='par_1_53' title="bbox 311 3747 1875 3824">
     <span class='ocr_line' id='line_1_55' title="bbox 311 3747 1875 3824; baseline 0.004 -24"><span class='ocrx_word' id='word_1_371' title='bbox 311 3747 576 3818; x_wconf 75' lang='grc' dir='ltr'>ἡδύνοιντο</span> <span class='ocrx_word' id='word_1_372' title='bbox 612 3749 753 3818; x_wconf 73' lang='grc' dir='ltr'>μετὰ</span> <span class='ocrx_word' id='word_1_373' title='bbox 801 3749 1084 3820; x_wconf 79' lang='grc' dir='ltr'>λογισμοῦ.</span> <span class='ocrx_word' id='word_1_374' title='bbox 1120 3751 1285 3804; x_wconf 80' lang='grc' dir='ltr'>Ὥστε</span> <span class='ocrx_word' id='word_1_375' title='bbox 1323 3755 1385 3804; x_wconf 80' lang='grc' dir='ltr'>τὸ</span> <span class='ocrx_word' id='word_1_376' title='bbox 1415 3755 1525 3806; x_wconf 83' lang='grc' dir='ltr'>πᾶν</span> <span class='ocrx_word' id='word_1_377' title='bbox 1565 3753 1668 3822; x_wconf 84' lang='grc' dir='ltr'>τῆς</span> <span class='ocrx_word' id='word_1_378' title='bbox 1700 3754 1875 3824; x_wconf 82' lang='grc' dir='ltr'>ὑπερ-</span> 
     </span>
    </p>
   </div>
   <div class='ocr_carea' id='block_1_54' title="bbox 312 3841 1876 3912">
    <p class='ocr_par' dir='ltr' id='par_1_54' title="bbox 312 3841 1876 3912">
     <span class='ocr_line' id='line_1_56' title="bbox 312 3841 1876 3912; baseline 0.004 -20"><span class='ocrx_word' id='word_1_379' title='bbox 312 3841 485 3911; x_wconf 75' lang='grc' dir='ltr'>ϐολῆς,</span> <span class='ocrx_word' id='word_1_380' title='bbox 519 3842 614 3906; x_wconf 69' lang='grc' dir='ltr'>καὶ</span> <span class='ocrx_word' id='word_1_381' title='bbox 640 3841 735 3894; x_wconf 85' lang='grc' dir='ltr'><strong>τοῦ</strong></span> <span class='ocrx_word' id='word_1_382' title='bbox 763 3841 985 3907; x_wconf 87' lang='grc' dir='ltr'>πολλοῦ,</span> <span class='ocrx_word' id='word_1_383' title='bbox 1019 3841 1112 3894; x_wconf 70' lang='grc' dir='ltr'>καὶ</span> <span class='ocrx_word' id='word_1_384' title='bbox 1133 3841 1235 3911; x_wconf 82' lang='grc' dir='ltr'>τῆς</span> <span class='ocrx_word' id='word_1_385' title='bbox 1265 3843 1556 3912; x_wconf 82' lang='grc' dir='ltr'>ἀμετρίας.</span> <span class='ocrx_word' id='word_1_386' title='bbox 1583 3843 1692 3897; x_wconf 76' lang='grc' dir='ltr'><strong>Καὶ</strong></span> <span class='ocrx_word' id='word_1_387' title='bbox 1721 3845 1876 3898; x_wconf 88' lang='grc' dir='ltr'>ταῦθ’</span> 
     </span>
    </p>
   </div>
   <div class='ocr_carea' id='block_1_55' title="bbox 312 3933 1876 4007">
    <p class='ocr_par' dir='ltr' id='par_1_55' title="bbox 312 3933 1876 4007">
     <span class='ocr_line' id='line_1_57' title="bbox 312 3933 1876 4007; baseline 0.007 -27"><span class='ocrx_word' id='word_1_388' title='bbox 312 3935 568 4003; x_wconf 59' lang='grc' dir='ltr'>ἡμέτερον</span> <span class='ocrx_word' id='word_1_389' title='bbox 619 3933 897 4002; x_wconf 77' lang='grc' dir='ltr'>ἔγκλημα,</span> <span class='ocrx_word' id='word_1_390' title='bbox 940 3933 1196 4004; x_wconf 80' lang='grc' dir='ltr'>καθάπερ</span> <span class='ocrx_word' id='word_1_391' title='bbox 1240 3936 1334 3988; x_wconf 76' lang='grc' dir='ltr'>καὶ</span> <span class='ocrx_word' id='word_1_392' title='bbox 1381 3935 1730 4006; x_wconf 77' lang='grc' dir='ltr'>προείρηται,</span> <span class='ocrx_word' id='word_1_393' title='bbox 1776 3937 1876 4007; x_wconf 82' lang='grc' dir='ltr'>οὐχ</span> 
     </span>
    </p>
   </div>
   <div class='ocr_carea' id='block_1_56' title="bbox 309 4016 1873 4093">
    <p class='ocr_par' dir='ltr' id='par_1_56' title="bbox 309 4016 1873 4093">
     <span class='ocr_line' id='line_1_58' title="bbox 309 4016 1873 4093; baseline -0.001 -15"><span class='ocrx_word' id='word_1_394' title='bbox 309 4025 372 4087; x_wconf 81' lang='grc' dir='ltr'><strong>ὡς</strong></span> <span class='ocrx_word' id='word_1_395' title='bbox 402 4024 552 4092; x_wconf 68' lang='grc' dir='ltr'><strong>αὐτῷ</strong></span> <span class='ocrx_word' id='word_1_396' title='bbox 600 4041 684 4076; x_wconf 92' lang='grc' dir='ltr'><strong>σοι</strong></span> <span class='ocrx_word' id='word_1_397' title='bbox 728 4023 899 4078; x_wconf 85' lang='grc' dir='ltr'>δοκεῖ.</span> <span class='ocrx_word' id='word_1_398' title='bbox 936 4023 1010 4076; x_wconf 79' lang='grc' dir='ltr'>Σὺ</span> <span class='ocrx_word' id='word_1_399' title='bbox 1044 4021 1145 4092; x_wconf 84' lang='grc' dir='ltr'>μὲν</span> <span class='ocrx_word' id='word_1_400' title='bbox 1183 4023 1315 4093; x_wconf 80' lang='grc' dir='ltr'>γάρ,</span> <span class='ocrx_word' id='word_1_401' title='bbox 1356 4016 1401 4075; x_wconf 82' lang='grc' dir='ltr'><strong>ὧ</strong></span> <span class='ocrx_word' id='word_1_402' title='bbox 1428 4023 1548 4088; x_wconf 72' lang='grc' dir='ltr'>τᾶν,</span> <span class='ocrx_word' id='word_1_403' title='bbox 1579 4023 1656 4085; x_wconf 83' lang='grc' dir='ltr'><strong>ὡς</strong></span> <span class='ocrx_word' id='word_1_404' title='bbox 1705 4023 1873 4088; x_wconf 79' lang='grc' dir='ltr'>ἔοικε,</span> 
     </span>
    </p>
   </div>
   <div class='ocr_carea' id='block_1_57' title="bbox 311 4115 1878 4188">
    <p class='ocr_par' dir='ltr' id='par_1_57' title="bbox 311 4115 1878 4188">
     <span class='ocr_line' id='line_1_59' title="bbox 311 4115 1878 4188; baseline -0.001 -16"><span class='ocrx_word' id='word_1_405' title='bbox 311 4118 497 4172; x_wconf 66' lang='grc' dir='ltr'>σαυτὸν</span> <span class='ocrx_word' id='word_1_406' title='bbox 545 4117 722 4178; x_wconf 75' lang='grc' dir='ltr'>αἰτίας</span> <span class='ocrx_word' id='word_1_407' title='bbox 758 4115 1087 4184; x_wconf 79' lang='grc' dir='ltr'>ἐλευθεροίς,</span> <span class='ocrx_word' id='word_1_408' title='bbox 1132 4117 1226 4170; x_wconf 76' lang='grc' dir='ltr'>καὶ</span> <span class='ocrx_word' id='word_1_409' title='bbox 1272 4117 1372 4186; x_wconf 77' lang='grc' dir='ltr'>τὴν</span> <span class='ocrx_word' id='word_1_410' title='bbox 1406 4116 1680 4188; x_wconf 84' lang='grc' dir='ltr'>ἀκρασίαν</span> <span class='ocrx_word' id='word_1_411' title='bbox 1722 4117 1878 4171; x_wconf 80' lang='grc' dir='ltr'>οὐδὲν</span> 
     </span>
    </p>
   </div>
   <div class='ocr_carea' id='block_1_58' title="bbox 307 4208 1877 4284">
    <p class='ocr_par' dir='ltr' id='par_1_58' title="bbox 307 4208 1877 4284">
     <span class='ocr_line' id='line_1_60' title="bbox 307 4208 1877 4284; baseline -0.001 -20"><span class='ocrx_word' id='word_1_412' title='bbox 307 4212 510 4284; x_wconf 71' lang='grc' dir='ltr'>λογίζῃ,</span> <span class='ocrx_word' id='word_1_413' title='bbox 545 4212 639 4264; x_wconf 74' lang='grc' dir='ltr'>καὶ</span> <span class='ocrx_word' id='word_1_414' title='bbox 683 4211 785 4278; x_wconf 75' lang='grc' dir='ltr'>τὴν</span> <span class='ocrx_word' id='word_1_415' title='bbox 830 4208 1137 4263; x_wconf 64' lang='grc' dir='ltr'>ἐθελούσιον</span> <span class='ocrx_word' id='word_1_416' title='bbox 1177 4210 1394 4280; x_wconf 84' lang='grc' dir='ltr'>κίνησιν</span> <span class='ocrx_word' id='word_1_417' title='bbox 1446 4210 1578 4280; x_wconf 85' lang='grc' dir='ltr'>παρ’</span> <span class='ocrx_word' id='word_1_418' title='bbox 1613 4210 1766 4264; x_wconf 79' lang='grc' dir='ltr'><strong>οὐδὲν</strong></span> <span class='ocrx_word' id='word_1_419' title='bbox 1795 4211 1877 4264; x_wconf 86' lang='grc' dir='ltr'><strong>τί-</strong></span> 
     </span>
    </p>
   </div>
   <div class='ocr_carea' id='block_1_59' title="bbox 307 4301 1874 4376">
    <p class='ocr_par' dir='ltr' id='par_1_59' title="bbox 307 4301 1874 4376">
     <span class='ocr_line' id='line_1_61' title="bbox 307 4301 1874 4376; baseline 0.001 -20"><span class='ocrx_word' id='word_1_420' title='bbox 307 4304 400 4373; x_wconf 86' lang='grc' dir='ltr'><strong>θης</strong></span> <span class='ocrx_word' id='word_1_421' title='bbox 423 4323 437 4338; x_wconf 78' lang='grc'><em>’</em></span> <span class='ocrx_word' id='word_1_422' title='bbox 474 4303 646 4373; x_wconf 86' lang='grc' dir='ltr'>μόνην</span> <span class='ocrx_word' id='word_1_423' title='bbox 675 4303 735 4356; x_wconf 78' lang='grc' dir='ltr'><strong>δὲ</strong></span> <span class='ocrx_word' id='word_1_424' title='bbox 766 4302 864 4370; x_wconf 72' lang='grc' dir='ltr'>τὴν</span> <span class='ocrx_word' id='word_1_425' title='bbox 893 4302 1089 4372; x_wconf 73' lang='grc' dir='ltr'>ἡδονὴν</span> <span class='ocrx_word' id='word_1_426' title='bbox 1119 4301 1232 4355; x_wconf 76' lang='grc' dir='ltr'>ἄνω</span> <span class='ocrx_word' id='word_1_427' title='bbox 1268 4305 1364 4356; x_wconf 78' lang='grc' dir='ltr'>καὶ</span> <span class='ocrx_word' id='word_1_428' title='bbox 1403 4302 1555 4357; x_wconf 84' lang='grc' dir='ltr'>κάτω</span> <span class='ocrx_word' id='word_1_429' title='bbox 1595 4305 1874 4376; x_wconf 79' lang='grc' dir='ltr'>στρέφεις,</span> 
     </span>
    </p>
   </div>
   <div class='ocr_carea' id='block_1_60' title="bbox 249 4393 1876 4470">
    <p class='ocr_par' dir='ltr' id='par_1_60' title="bbox 249 4393 1876 4470">
     <span class='ocr_line' id='line_1_62' title="bbox 249 4393 1876 4470; baseline -0.001 -19"><span class='ocrx_word' id='word_1_430' title='bbox 249 4419 266 4470; x_wconf 62' lang='grc' dir='ltr'><strong>ς</strong></span> <span class='ocrx_word' id='word_1_431' title='bbox 302 4396 623 4464; x_wconf 83' lang='grc' dir='ltr'>αίτιώμενος</span> <span class='ocrx_word' id='word_1_432' title='bbox 657 4395 844 4454; x_wconf 84' lang='grc' dir='ltr'>ἁπλῶς</span> <span class='ocrx_word' id='word_1_433' title='bbox 886 4395 1023 4463; x_wconf 73' lang='grc' dir='ltr'>πρὸς</span> <span class='ocrx_word' id='word_1_434' title='bbox 1052 4393 1194 4466; x_wconf 70' lang='grc' dir='ltr'>άπερ</span> <span class='ocrx_word' id='word_1_435' title='bbox 1224 4394 1290 4448; x_wconf 79' lang='grc' dir='ltr'>ἄν</span> <span class='ocrx_word' id='word_1_436' title='bbox 1318 4399 1448 4448; x_wconf 82' lang='grc' dir='ltr'>ποτέ</span> <span class='ocrx_word' id='word_1_437' title='bbox 1486 4413 1568 4448; x_wconf 87' lang='grc' dir='ltr'><strong>σοι</strong></span> <span class='ocrx_word' id='word_1_438' title='bbox 1601 4397 1876 4470; x_wconf 86' lang='grc' dir='ltr'>πραχθείη</span> 
     </span>
    </p>
   </div>
   <div class='ocr_carea' id='block_1_61' title="bbox 304 4479 1873 4569">
    <p class='ocr_par' dir='ltr' id='par_1_61' title="bbox 304 4487 1873 4560">
     <span class='ocr_line' id='line_1_63' title="bbox 304 4487 1873 4560; baseline 0 -16"><span class='ocrx_word' id='word_1_439' title='bbox 304 4495 379 4554; x_wconf 78' lang='grc' dir='ltr'><strong>είς</strong></span> <span class='ocrx_word' id='word_1_440' title='bbox 405 4489 697 4543; x_wconf 76' lang='grc' dir='ltr'>αὐθάδειαν</span> <span class='ocrx_word' id='word_1_441' title='bbox 749 4488 840 4540; x_wconf 81' lang='grc' dir='ltr'>καὶ</span> <span class='ocrx_word' id='word_1_442' title='bbox 869 4487 1080 4557; x_wconf 72' lang='grc' dir='ltr'>τέρψιν.</span> <span class='ocrx_word' id='word_1_443' title='bbox 1117 4488 1226 4541; x_wconf 73' lang='grc' dir='ltr'><strong>Καὶ</strong></span> <span class='ocrx_word' id='word_1_444' title='bbox 1277 4491 1532 4559; x_wconf 79' lang='grc' dir='ltr'>παραινῶ</span> <span class='ocrx_word' id='word_1_445' title='bbox 1564 4507 1648 4544; x_wconf 89' lang='grc' dir='ltr'><strong>σοι</strong></span> <span class='ocrx_word' id='word_1_446' title='bbox 1691 4492 1873 4560; x_wconf 81' lang='grc' dir='ltr'>φείδε-</span> 
     </span>
    </p>
   </div>
   <div class='ocr_carea' id='block_1_62' title="bbox 1976 4479 3632 4569">
    <p class='ocr_par' dir='ltr' id='par_1_62' title="bbox 1983 4479 3632 4562">
     <span class='ocr_line' id='line_1_64' title="bbox 1983 4479 3632 4562; baseline -0.005 -11"><span class='ocrx_word' id='word_1_447' title='bbox 1983 4497 2160 4552; x_wconf 89' lang='lat' dir='ltr'><strong>uihilo</strong></span> <span class='ocrx_word' id='word_1_448' title='bbox 2191 4496 2350 4551; x_wconf 87' lang='lat' dir='ltr'><strong>ducis</strong></span> <span class='ocrx_word' id='word_1_449' title='bbox 2380 4513 2394 4549; x_wconf 89' lang='lat'>:</span> <span class='ocrx_word' id='word_1_450' title='bbox 2427 4495 2763 4562; x_wconf 82' lang='lat' dir='ltr'><strong>voluptatem</strong></span> <span class='ocrx_word' id='word_1_451' title='bbox 2804 4507 2932 4546; x_wconf 89' lang='lat' dir='ltr'><strong>vero</strong></span> <span class='ocrx_word' id='word_1_452' title='bbox 2960 4492 3136 4545; x_wconf 88' lang='lat' dir='ltr'><strong>solam</strong></span> <span class='ocrx_word' id='word_1_453' title='bbox 3156 4505 3382 4544; x_wconf 72' lang='lat' dir='ltr'><strong>sursum</strong></span> <span class='ocrx_word' id='word_1_454' title='bbox 3403 4489 3567 4543; x_wconf 81' lang='lat' dir='ltr'><strong>deor-</strong></span> <span class='ocrx_word' id='word_1_455' title='bbox 3604 4479 3632 4504; x_wconf 75' lang='grc'><strong>⁸</strong></span> 
     </span>
    </p>
   </div>
   <div class='ocr_carea' id='block_1_63' title="bbox 307 4577 1878 4653">
    <p class='ocr_par' dir='ltr' id='par_1_63' title="bbox 307 4577 1878 4653">
     <span class='ocr_line' id='line_1_65' title="bbox 307 4577 1878 4653; baseline 0 -18"><span class='ocrx_word' id='word_1_456' title='bbox 307 4584 427 4653; x_wconf 56' lang='grc' dir='ltr'>σθαι</span> <span class='ocrx_word' id='word_1_457' title='bbox 455 4579 567 4632; x_wconf 90' lang='grc' dir='ltr'><strong>τῶν</strong></span> <span class='ocrx_word' id='word_1_458' title='bbox 599 4578 862 4632; x_wconf 86' lang='grc' dir='ltr'>τοιούτων</span> <span class='ocrx_word' id='word_1_459' title='bbox 897 4577 1154 4646; x_wconf 84' lang='grc' dir='ltr'>κρίσεων,</span> <span class='ocrx_word' id='word_1_460' title='bbox 1189 4580 1285 4631; x_wconf 73' lang='grc' dir='ltr'><strong>καὶ</strong></span> <span class='ocrx_word' id='word_1_461' title='bbox 1323 4581 1544 4647; x_wconf 74' lang='grc' dir='ltr'>μακρὰν</span> <span class='ocrx_word' id='word_1_462' title='bbox 1575 4581 1878 4653; x_wconf 84' lang='grc' dir='ltr'>ἀπέχεσθαι</span> 
     </span>
    </p>
   </div>
   <div class='ocr_carea' id='block_1_64' title="bbox 304 4670 1882 4742">
    <p class='ocr_par' dir='ltr' id='par_1_64' title="bbox 304 4670 1882 4742">
     <span class='ocr_line' id='line_1_66' title="bbox 304 4670 1882 4742; baseline 0.001 -15"><span class='ocrx_word' id='word_1_463' title='bbox 304 4673 529 4727; x_wconf 71' lang='grc' dir='ltr'>τουτωνὶ</span> <span class='ocrx_word' id='word_1_464' title='bbox 561 4671 671 4724; x_wconf 88' lang='grc' dir='ltr'><strong>τῶν</strong></span> <span class='ocrx_word' id='word_1_465' title='bbox 708 4670 1011 4738; x_wconf 82' lang='grc' dir='ltr'>λογισμῶν,</span> <span class='ocrx_word' id='word_1_466' title='bbox 1051 4671 1242 4742; x_wconf 75' lang='grc' dir='ltr'>πόρῤω</span> <span class='ocrx_word' id='word_1_467' title='bbox 1276 4689 1380 4724; x_wconf 89' lang='grc' dir='ltr'><strong>που</strong></span> <span class='ocrx_word' id='word_1_468' title='bbox 1416 4673 1511 4725; x_wconf 80' lang='grc' dir='ltr'><strong>καὶ</strong></span> <span class='ocrx_word' id='word_1_469' title='bbox 1554 4674 1760 4728; x_wconf 87' lang='grc' dir='ltr'>τούτων</span> <span class='ocrx_word' id='word_1_470' title='bbox 1793 4675 1882 4728; x_wconf 78' lang='grc' dir='ltr'><strong>ὅν-</strong></span> 
     </span>
    </p>
   </div>
   <div class='ocr_carea' id='block_1_65' title="bbox 305 4764 1883 4840">
    <p class='ocr_par' dir='ltr' id='par_1_65' title="bbox 305 4764 1883 4840">
     <span class='ocr_line' id='line_1_67' title="bbox 305 4764 1883 4840; baseline 0.001 -20"><span class='ocrx_word' id='word_1_471' title='bbox 305 4785 406 4820; x_wconf 87' lang='grc' dir='ltr'><strong>των</strong></span> <span class='ocrx_word' id='word_1_472' title='bbox 430 4767 530 4835; x_wconf 82' lang='grc' dir='ltr'>τῆς</span> <span class='ocrx_word' id='word_1_473' title='bbox 561 4764 844 4834; x_wconf 77' lang='grc' dir='ltr'>ἀληθείας.</span> <span class='ocrx_word' id='word_1_474' title='bbox 885 4765 1068 4816; x_wconf 84' lang='grc' dir='ltr'>Ποιείν</span> <span class='ocrx_word' id='word_1_475' title='bbox 1100 4765 1210 4835; x_wconf 83' lang='grc' dir='ltr'>γὰρ</span> <span class='ocrx_word' id='word_1_476' title='bbox 1243 4766 1658 4836; x_wconf 83' lang='grc' dir='ltr'>παραπλήσιον,</span> <span class='ocrx_word' id='word_1_477' title='bbox 1688 4767 1883 4840; x_wconf 81' lang='grc' dir='ltr'>ὥσπερ</span> 
     </span>
    </p>
   </div>
   <div class='ocr_carea' id='block_1_66' title="bbox 307 4857 1884 4930">
    <p class='ocr_par' dir='ltr' id='par_1_66' title="bbox 307 4857 1884 4930">
     <span class='ocr_line' id='line_1_68' title="bbox 307 4857 1884 4930; baseline 0.001 -17"><span class='ocrx_word' id='word_1_478' title='bbox 307 4859 368 4913; x_wconf 80' lang='grc' dir='ltr'>ἂν</span> <span class='ocrx_word' id='word_1_479' title='bbox 419 4862 467 4912; x_wconf 84' lang='grc' dir='ltr'>εἰ</span> <span class='ocrx_word' id='word_1_480' title='bbox 501 4858 793 4928; x_wconf 77' lang='grc' dir='ltr'>φάρμακον</span> <span class='ocrx_word' id='word_1_481' title='bbox 835 4857 947 4910; x_wconf 74' lang='grc' dir='ltr'>ἔδει</span> <span class='ocrx_word' id='word_1_482' title='bbox 1010 4875 1070 4910; x_wconf 88' lang='grc' dir='ltr'><strong>σε</strong></span> <span class='ocrx_word' id='word_1_483' title='bbox 1131 4859 1471 4922; x_wconf 82' lang='grc' dir='ltr'>πεπωκέναι,</span> <span class='ocrx_word' id='word_1_484' title='bbox 1521 4859 1624 4913; x_wconf 73' lang='grc' dir='ltr'>ὑπὸ</span> <span class='ocrx_word' id='word_1_485' title='bbox 1682 4863 1884 4930; x_wconf 86' lang='grc' dir='ltr'>ίατρῶν</span> 
     </span>
    </p>
   </div>
   <div class='ocr_carea' id='block_1_67' title="bbox 309 4945 1873 5026">
    <p class='ocr_par' dir='ltr' id='par_1_67' title="bbox 309 4945 1873 5026">
     <span class='ocr_line' id='line_1_69' title="bbox 309 4945 1873 5026; baseline 0.001 -21"><span class='ocrx_word' id='word_1_486' title='bbox 309 4951 542 5022; x_wconf 83' lang='grc' dir='ltr'>ἀρίστων</span> <span class='ocrx_word' id='word_1_487' title='bbox 575 4950 1004 5020; x_wconf 75' lang='grc' dir='ltr'>ἐσκευασμένον,</span> <span class='ocrx_word' id='word_1_488' title='bbox 1044 4945 1148 5003; x_wconf 80' lang='grc' dir='ltr'>εἴτ’</span> <span class='ocrx_word' id='word_1_489' title='bbox 1185 4951 1435 5021; x_wconf 86' lang='grc' dir='ltr'>ἀκαίρως</span> <span class='ocrx_word' id='word_1_490' title='bbox 1468 4953 1634 5016; x_wconf 74' lang='grc' dir='ltr'>αὐτὸς</span> <span class='ocrx_word' id='word_1_491' title='bbox 1660 4954 1873 5026; x_wconf 80' lang='grc' dir='ltr'>χρησά-</span> 
     </span>
    </p>
   </div>
   <div class='ocr_carea' id='block_1_68' title="bbox 1965 1899 3554 1968">
    <p class='ocr_par' dir='ltr' id='par_1_68' title="bbox 1965 1899 3554 1968">
     <span class='ocr_line' id='line_1_70' title="bbox 1965 1899 3554 1968; baseline -0.006 -5"><span class='ocrx_word' id='word_1_492' title='bbox 1965 1909 2280 1964; x_wconf 79' lang='lat' dir='ltr'><strong>Alterorum</strong></span> <span class='ocrx_word' id='word_1_493' title='bbox 2307 1922 2437 1961; x_wconf 79' lang='lat' dir='ltr'><strong>vero</strong></span> <span class='ocrx_word' id='word_1_494' title='bbox 2467 1906 2680 1960; x_wconf 87' lang='lat' dir='ltr'><strong>animos</strong></span> <span class='ocrx_word' id='word_1_495' title='bbox 2737 1903 2826 1957; x_wconf 91' lang='lat' dir='ltr'><strong>ubi</strong></span> <span class='ocrx_word' id='word_1_496' title='bbox 2887 1901 3056 1956; x_wconf 85' lang='lat' dir='ltr'><strong>semel</strong></span> <span class='ocrx_word' id='word_1_497' title='bbox 3117 1899 3554 1968; x_wconf 80' lang='lat' dir='ltr'><strong>expetendarum-</strong></span> 
     </span>
    </p>
   </div>
   <div class='ocr_carea' id='block_1_69' title="bbox 1965 1993 3552 2065">
    <p class='ocr_par' dir='ltr' id='par_1_69' title="bbox 1965 1993 3552 2065">
     <span class='ocr_line' id='line_1_71' title="bbox 1965 1993 3552 2065; baseline -0.007 -9"><span class='ocrx_word' id='word_1_498' title='bbox 1965 2017 2147 2056; x_wconf 85' lang='lat' dir='ltr'><strong>rerum</strong></span> <span class='ocrx_word' id='word_1_499' title='bbox 2199 1999 2462 2055; x_wconf 79' lang='lat' dir='ltr'><strong>varietate</strong></span> <span class='ocrx_word' id='word_1_500' title='bbox 2491 1999 2657 2065; x_wconf 85' lang='lat' dir='ltr'><strong>cepit,</strong></span> <span class='ocrx_word' id='word_1_501' title='bbox 2691 1995 2828 2050; x_wconf 90' lang='lat' dir='ltr'><strong>nihil</strong></span> <span class='ocrx_word' id='word_1_502' title='bbox 2860 2003 3028 2049; x_wconf 87' lang='lat' dir='ltr'><strong>restat</strong></span> <span class='ocrx_word' id='word_1_503' title='bbox 3079 1993 3224 2047; x_wconf 83' lang='lat' dir='ltr'><strong>aliud</strong></span> <span class='ocrx_word' id='word_1_504' title='bbox 3277 2007 3438 2061; x_wconf 89' lang='lat' dir='ltr'><strong>quam</strong></span> <span class='ocrx_word' id='word_1_505' title='bbox 3490 1998 3552 2045; x_wconf 84' lang='lat' dir='ltr'><strong>ut</strong></span> 
     </span>
    </p>
   </div>
   <div class='ocr_carea' id='block_1_70' title="bbox 1967 2081 3553 2164">
    <p class='ocr_par' dir='ltr' id='par_1_70' title="bbox 1967 2081 3553 2164">
     <span class='ocr_line' id='line_1_72' title="bbox 1967 2081 3553 2164; baseline -0.008 -16"><span class='ocrx_word' id='word_1_506' title='bbox 1967 2093 2084 2164; x_wconf 88' lang='lat' dir='ltr'><strong>ipsa</strong></span> <span class='ocrx_word' id='word_1_507' title='bbox 2141 2092 2411 2160; x_wconf 88' lang='lat' dir='ltr'><strong>imperet,</strong></span> <span class='ocrx_word' id='word_1_508' title='bbox 2475 2088 2552 2142; x_wconf 90' lang='lat' dir='ltr'><strong>illi</strong></span> <span class='ocrx_word' id='word_1_509' title='bbox 2616 2095 2864 2157; x_wconf 83' lang='lat' dir='ltr'><strong>pareant,</strong></span> <span class='ocrx_word' id='word_1_510' title='bbox 2945 2083 3011 2139; x_wconf 89' lang='lat' dir='ltr'><strong>ad</strong></span> <span class='ocrx_word' id='word_1_511' title='bbox 3055 2085 3421 2154; x_wconf 86' lang='lat' dir='ltr'><strong>quodcunque</strong></span> <span class='ocrx_word' id='word_1_512' title='bbox 3463 2081 3553 2136; x_wconf 91' lang='lat' dir='ltr'><strong>vel</strong></span> 
     </span>
    </p>
   </div>
   <div class='ocr_carea' id='block_1_71' title="bbox 1968 2176 3552 2256">
    <p class='ocr_par' dir='ltr' id='par_1_71' title="bbox 1968 2176 3552 2256">
     <span class='ocr_line' id='line_1_73' title="bbox 1968 2176 3552 2256; baseline -0.008 -14"><span class='ocrx_word' id='word_1_513' title='bbox 1968 2185 2345 2256; x_wconf 85' lang='lat' dir='ltr'><strong>turpissimum</strong></span> <span class='ocrx_word' id='word_1_514' title='bbox 2390 2182 2750 2252; x_wconf 80' lang='lat' dir='ltr'><strong>ablegaverit.</strong></span> <span class='ocrx_word' id='word_1_515' title='bbox 2787 2179 2943 2250; x_wconf 89' lang='lat' dir='ltr'><strong>quasi</strong></span> <span class='ocrx_word' id='word_1_516' title='bbox 2990 2179 3265 2248; x_wconf 85' lang='lat' dir='ltr'><strong>quoddam</strong></span> <span class='ocrx_word' id='word_1_517' title='bbox 3301 2178 3366 2231; x_wconf 88' lang='lat' dir='ltr'><strong>ad</strong></span> <span class='ocrx_word' id='word_1_518' title='bbox 3399 2176 3552 2246; x_wconf 88' lang='lat' dir='ltr'><strong>pcla-</strong></span> 
     </span>
    </p>
   </div>
   <div class='ocr_carea' id='block_1_72' title="bbox 1968 2266 3554 2348">
    <p class='ocr_par' dir='ltr' id='par_1_72' title="bbox 1968 2266 3554 2348">
     <span class='ocr_line' id='line_1_74' title="bbox 1968 2266 3554 2348; baseline -0.006 -20"><span class='ocrx_word' id='word_1_519' title='bbox 1968 2290 2068 2348; x_wconf 74' lang='lat' dir='ltr'><strong>gus</strong></span> <span class='ocrx_word' id='word_1_520' title='bbox 2102 2272 2462 2337; x_wconf 72' lang='lat' dir='ltr'><strong>Atlanticum,</strong></span> <span class='ocrx_word' id='word_1_521' title='bbox 2507 2270 2651 2324; x_wconf 90' lang='lat' dir='ltr'><strong>ultra</strong></span> <span class='ocrx_word' id='word_1_522' title='bbox 2687 2269 2867 2325; x_wconf 84' lang='lat' dir='ltr'><strong>Gades</strong></span> <span class='ocrx_word' id='word_1_523' title='bbox 2916 2269 3104 2332; x_wconf 86' lang='lat' dir='ltr'><strong>situm,</strong></span> <span class='ocrx_word' id='word_1_524' title='bbox 3137 2267 3408 2338; x_wconf 85' lang='lat' dir='ltr'><strong>planeque</strong></span> <span class='ocrx_word' id='word_1_525' title='bbox 3449 2266 3554 2319; x_wconf 85' lang='lat' dir='ltr'><strong>im-</strong></span> 
     </span>
    </p>
   </div>
   <div class='ocr_carea' id='block_1_73' title="bbox 1968 2359 3550 2422">
    <p class='ocr_par' dir='ltr' id='par_1_73' title="bbox 1968 2359 3550 2422">
     <span class='ocr_line' id='line_1_75' title="bbox 1968 2359 3550 2422; baseline -0.006 0"><span class='ocrx_word' id='word_1_526' title='bbox 1968 2381 2240 2422; x_wconf 87' lang='lat' dir='ltr'><strong>mensum.</strong></span> <span class='ocrx_word' id='word_1_527' title='bbox 2274 2364 2412 2418; x_wconf 87' lang='lat' dir='ltr'><strong>Nam</strong></span> <span class='ocrx_word' id='word_1_528' title='bbox 2457 2363 2579 2417; x_wconf 80' lang='lat' dir='ltr'><strong>illos</strong></span> <span class='ocrx_word' id='word_1_529' title='bbox 2635 2363 2848 2416; x_wconf 89' lang='lat' dir='ltr'><strong>animos</strong></span> <span class='ocrx_word' id='word_1_530' title='bbox 2880 2371 2934 2416; x_wconf 92' lang='lat' dir='ltr'><strong>et</strong></span> <span class='ocrx_word' id='word_1_531' title='bbox 2974 2361 3144 2416; x_wconf 85' lang='lat' dir='ltr'><strong>trahit</strong></span> <span class='ocrx_word' id='word_1_532' title='bbox 3191 2371 3245 2414; x_wconf 90' lang='lat' dir='ltr'><strong>et</strong></span> <span class='ocrx_word' id='word_1_533' title='bbox 3297 2359 3550 2422; x_wconf 81' lang='lat' dir='ltr'><strong>sun‘ocat,</strong></span> 
     </span>
    </p>
   </div>
   <div class='ocr_carea' id='block_1_74' title="bbox 1971 2451 3546 2522">
    <p class='ocr_par' dir='ltr' id='par_1_74' title="bbox 1971 2451 3546 2522">
     <span class='ocr_line' id='line_1_76' title="bbox 1971 2451 3546 2522; baseline -0.005 -10"><span class='ocrx_word' id='word_1_534' title='bbox 1971 2461 2298 2514; x_wconf 79' lang='lat' dir='ltr'><strong>torrentium</strong></span> <span class='ocrx_word' id='word_1_535' title='bbox 2341 2457 2395 2511; x_wconf 90' lang='lat' dir='ltr'><strong>in</strong></span> <span class='ocrx_word' id='word_1_536' title='bbox 2437 2470 2670 2518; x_wconf 90' lang='lat' dir='ltr'><strong>morem,</strong></span> <span class='ocrx_word' id='word_1_537' title='bbox 2722 2454 2816 2522; x_wconf 89' lang='lat' dir='ltr'><strong>qui</strong></span> <span class='ocrx_word' id='word_1_538' title='bbox 2853 2454 3177 2508; x_wconf 85' lang='lat' dir='ltr'><strong>vehemente</strong></span> <span class='ocrx_word' id='word_1_539' title='bbox 3209 2451 3391 2521; x_wconf 87' lang='lat' dir='ltr'><strong>pluvia</strong></span> <span class='ocrx_word' id='word_1_540' title='bbox 3423 2467 3546 2505; x_wconf 86' lang='lat' dir='ltr'><strong>cum</strong></span> 
     </span>
    </p>
   </div>
   <div class='ocr_carea' id='block_1_75' title="bbox 1971 2544 3548 2619">
    <p class='ocr_par' dir='ltr' id='par_1_75' title="bbox 1971 2544 3548 2619">
     <span class='ocr_line' id='line_1_77' title="bbox 1971 2544 3548 2619; baseline -0.005 -12"><span class='ocrx_word' id='word_1_541' title='bbox 1971 2549 2350 2619; x_wconf 87' lang='lat' dir='ltr'><strong>impelluntur,</strong></span> <span class='ocrx_word' id='word_1_542' title='bbox 2411 2548 2481 2602; x_wconf 88' lang='lat' dir='ltr'><strong>ob</strong></span> <span class='ocrx_word' id='word_1_543' title='bbox 2520 2561 2716 2600; x_wconf 81' lang='lat' dir='ltr'><strong>aerem</strong></span> <span class='ocrx_word' id='word_1_544' title='bbox 2749 2555 2804 2600; x_wconf 90' lang='lat' dir='ltr'><strong>et</strong></span> <span class='ocrx_word' id='word_1_545' title='bbox 2839 2544 3235 2599; x_wconf 84' lang='lat' dir='ltr'><strong>formidabilem</strong></span> <span class='ocrx_word' id='word_1_546' title='bbox 3283 2545 3548 2615; x_wconf 86' lang='lat' dir='ltr'><strong>impetum</strong></span> 
     </span>
    </p>
   </div>
   <div class='ocr_carea' id='block_1_76' title="bbox 1969 2637 3550 2711">
    <p class='ocr_par' dir='ltr' id='par_1_76' title="bbox 1969 2637 3550 2711">
     <span class='ocr_line' id='line_1_78' title="bbox 1969 2637 3550 2711; baseline -0.003 -14"><span class='ocrx_word' id='word_1_547' title='bbox 1969 2643 2053 2699; x_wconf 84' lang='lat' dir='ltr'><strong>vel</strong></span> <span class='ocrx_word' id='word_1_548' title='bbox 2086 2643 2203 2698; x_wconf 87' lang='lat' dir='ltr'><strong>solo</strong></span> <span class='ocrx_word' id='word_1_549' title='bbox 2235 2641 2465 2711; x_wconf 87' lang='lat' dir='ltr'><strong>strepitu</strong></span> <span class='ocrx_word' id='word_1_550' title='bbox 2511 2640 2799 2694; x_wconf 89' lang='lat' dir='ltr'><strong>horrorem</strong></span> <span class='ocrx_word' id='word_1_551' title='bbox 2852 2637 3148 2693; x_wconf 88' lang='lat' dir='ltr'><strong>incutiunt.</strong></span> <span class='ocrx_word' id='word_1_552' title='bbox 3203 2637 3349 2692; x_wconf 88' lang='lat' dir='ltr'><strong>Satis</strong></span> <span class='ocrx_word' id='word_1_553' title='bbox 3401 2639 3550 2692; x_wconf 86' lang='lat' dir='ltr'><strong>enim</strong></span> 
     </span>
    </p>
   </div>
   <div class='ocr_carea' id='block_1_77' title="bbox 1971 2727 3550 2799">
    <p class='ocr_par' dir='ltr' id='par_1_77' title="bbox 1971 2727 3550 2799">
     <span class='ocr_line' id='line_1_79' title="bbox 1971 2727 3550 2799; baseline -0.004 -11"><span class='ocrx_word' id='word_1_554' title='bbox 1971 2732 2320 2789; x_wconf 76' lang='lat' dir='ltr'><strong>manifestum</strong></span> <span class='ocrx_word' id='word_1_555' title='bbox 2350 2740 2434 2786; x_wconf 84' lang='lat' dir='ltr'><strong>est</strong></span> <span class='ocrx_word' id='word_1_556' title='bbox 2475 2732 2526 2784; x_wconf 91' lang='lat' dir='ltr'><strong>in</strong></span> <span class='ocrx_word' id='word_1_557' title='bbox 2551 2729 2712 2799; x_wconf 89' lang='lat' dir='ltr'><strong>quale</strong></span> <span class='ocrx_word' id='word_1_558' title='bbox 2739 2727 3054 2783; x_wconf 83' lang='lat' dir='ltr'><strong>barathrum</strong></span> <span class='ocrx_word' id='word_1_559' title='bbox 3085 2728 3388 2783; x_wconf 83' lang='lat' dir='ltr'><strong>incidamus</strong></span> <span class='ocrx_word' id='word_1_560' title='bbox 3414 2741 3550 2796; x_wconf 85' lang='lat' dir='ltr'><strong>quo-</strong></span> 
     </span>
    </p>
   </div>
   <div class='ocr_carea' id='block_1_78' title="bbox 1972 2821 3593 2898">
    <p class='ocr_par' dir='ltr' id='par_1_78' title="bbox 1972 2821 3593 2898">
     <span class='ocr_line' id='line_1_80' title="bbox 1972 2821 3593 2898; baseline -0.009 -13"><span class='ocrx_word' id='word_1_561' title='bbox 1972 2830 2076 2885; x_wconf 82' lang='lat' dir='ltr'><strong>ties</strong></span> <span class='ocrx_word' id='word_1_562' title='bbox 2113 2829 2188 2883; x_wconf 86' lang='lat' dir='ltr'><strong>illi</strong></span> <span class='ocrx_word' id='word_1_563' title='bbox 2230 2827 2396 2882; x_wconf 90' lang='lat' dir='ltr'><strong>animi</strong></span> <span class='ocrx_word' id='word_1_564' title='bbox 2431 2826 2572 2896; x_wconf 87' lang='lat' dir='ltr'><strong>parti</strong></span> <span class='ocrx_word' id='word_1_565' title='bbox 2610 2839 2716 2894; x_wconf 89' lang='lat' dir='ltr'><strong>qua</strong></span> <span class='ocrx_word' id='word_1_566' title='bbox 2767 2823 2850 2878; x_wconf 80' lang='lat' dir='ltr'><strong>vis</strong></span> <span class='ocrx_word' id='word_1_567' title='bbox 2882 2831 3146 2892; x_wconf 84' lang='lat' dir='ltr'><strong>appetens</strong></span> <span class='ocrx_word' id='word_1_568' title='bbox 3203 2821 3545 2884; x_wconf 90' lang='lat' dir='ltr'><strong>continetur,</strong></span> <span class='ocrx_word' id='word_1_569' title='bbox 3587 2892 3593 2898; x_wconf 75' lang='lat'><strong><em>_</em></strong></span> 
     </span>
    </p>
   </div>
   <div class='ocr_carea' id='block_1_79' title="bbox 1974 2913 3552 2989">
    <p class='ocr_par' dir='ltr' id='par_1_79' title="bbox 1974 2913 3552 2989">
     <span class='ocr_line' id='line_1_81' title="bbox 1974 2913 3552 2989; baseline -0.006 -13"><span class='ocrx_word' id='word_1_570' title='bbox 1974 2922 2126 2978; x_wconf 80' lang='lat' dir='ltr'><strong>frena</strong></span> <span class='ocrx_word' id='word_1_571' title='bbox 2169 2920 2329 2989; x_wconf 91' lang='lat' dir='ltr'><strong>plane</strong></span> <span class='ocrx_word' id='word_1_572' title='bbox 2386 2920 2656 2972; x_wconf 78' lang='lat' dir='ltr'><strong>laxamus.</strong></span> <span class='ocrx_word' id='word_1_573' title='bbox 2721 2915 2795 2969; x_wconf 82' lang='lat' dir='ltr'><strong>At</strong></span> <span class='ocrx_word' id='word_1_574' title='bbox 2846 2915 3064 2970; x_wconf 83' lang='lat' dir='ltr'><strong>illorum</strong></span> <span class='ocrx_word' id='word_1_575' title='bbox 3100 2913 3191 2983; x_wconf 88' lang='lat' dir='ltr'><strong>qui</strong></span> <span class='ocrx_word' id='word_1_576' title='bbox 3235 2913 3451 2967; x_wconf 88' lang='lat' dir='ltr'><strong>virtutis</strong></span> <span class='ocrx_word' id='word_1_577' title='bbox 3494 2922 3552 2967; x_wconf 91' lang='lat' dir='ltr'><strong>et</strong></span> 
     </span>
    </p>
   </div>
   <div class='ocr_carea' id='block_1_80' title="bbox 1974 3005 3550 3074">
    <p class='ocr_par' dir='ltr' id='par_1_80' title="bbox 1974 3005 3550 3074">
     <span class='ocr_line' id='line_1_82' title="bbox 1974 3005 3550 3074; baseline -0.005 -6"><span class='ocrx_word' id='word_1_578' title='bbox 1974 3013 2208 3068; x_wconf 85' lang='lat' dir='ltr'><strong>rationis</strong></span> <span class='ocrx_word' id='word_1_579' title='bbox 2245 3010 2413 3066; x_wconf 83' lang='lat' dir='ltr'><strong>armis</strong></span> <span class='ocrx_word' id='word_1_580' title='bbox 2437 3008 2632 3065; x_wconf 86' lang='lat' dir='ltr'><strong>muniti</strong></span> <span class='ocrx_word' id='word_1_581' title='bbox 2688 3015 2839 3074; x_wconf 87' lang='lat' dir='ltr'><strong>sunt,</strong></span> <span class='ocrx_word' id='word_1_582' title='bbox 2899 3007 3177 3062; x_wconf 88' lang='lat' dir='ltr'><strong>neminem</strong></span> <span class='ocrx_word' id='word_1_583' title='bbox 3229 3005 3342 3060; x_wconf 90' lang='lat' dir='ltr'><strong>ullo</strong></span> <span class='ocrx_word' id='word_1_584' title='bbox 3387 3015 3550 3074; x_wconf 89' lang='lat' dir='ltr'><strong>pacto</strong></span> 
     </span>
    </p>
   </div>
   <div class='ocr_carea' id='block_1_81' title="bbox 1974 3100 3558 3173">
    <p class='ocr_par' dir='ltr' id='par_1_81' title="bbox 1974 3100 3558 3173">
     <span class='ocr_line' id='line_1_83' title="bbox 1974 3100 3558 3173; baseline -0.004 -13"><span class='ocrx_word' id='word_1_585' title='bbox 1974 3104 2139 3161; x_wconf 86' lang='lat' dir='ltr'><strong>telum</strong></span> <span class='ocrx_word' id='word_1_586' title='bbox 2182 3103 2358 3173; x_wconf 85' lang='lat' dir='ltr'><strong>ipsius</strong></span> <span class='ocrx_word' id='word_1_587' title='bbox 2413 3100 2805 3156; x_wconf 85' lang='lat' dir='ltr'><strong>vnlneraverit.</strong></span> <span class='ocrx_word' id='word_1_588' title='bbox 2833 3100 2967 3155; x_wconf 86' lang='lat' dir='ltr'><strong>Nam</strong></span> <span class='ocrx_word' id='word_1_589' title='bbox 3009 3101 3101 3170; x_wconf 88' lang='lat' dir='ltr'><strong>qui</strong></span> <span class='ocrx_word' id='word_1_590' title='bbox 3145 3100 3246 3154; x_wconf 88' lang='lat' dir='ltr'><strong>viri</strong></span> <span class='ocrx_word' id='word_1_591' title='bbox 3274 3109 3421 3165; x_wconf 88' lang='lat' dir='ltr'><strong>sunt,</strong></span> <span class='ocrx_word' id='word_1_592' title='bbox 3458 3113 3558 3153; x_wconf 45' lang='lat' dir='ltr'><strong>eos»</strong></span> 
     </span>
    </p>
   </div>
   <div class='ocr_carea' id='block_1_82' title="bbox 1977 3193 3548 3260">
    <p class='ocr_par' dir='ltr' id='par_1_82' title="bbox 1977 3193 3548 3260">
     <span class='ocr_line' id='line_1_84' title="bbox 1977 3193 3548 3260; baseline -0.006 -6"><span class='ocrx_word' id='word_1_593' title='bbox 1977 3199 2121 3254; x_wconf 83' lang='lat' dir='ltr'><strong>scire</strong></span> <span class='ocrx_word' id='word_1_594' title='bbox 2153 3197 2320 3252; x_wconf 87' lang='lat' dir='ltr'><strong>debes</strong></span> <span class='ocrx_word' id='word_1_595' title='bbox 2353 3195 2689 3250; x_wconf 87' lang='lat' dir='ltr'><strong>moderatam</strong></span> <span class='ocrx_word' id='word_1_596' title='bbox 2718 3208 2782 3248; x_wconf 89' lang='lat' dir='ltr'><strong>ac</strong></span> <span class='ocrx_word' id='word_1_597' title='bbox 2815 3194 3181 3248; x_wconf 83' lang='lat' dir='ltr'><strong>necessariam</strong></span> <span class='ocrx_word' id='word_1_598' title='bbox 3217 3193 3548 3260; x_wconf 83' lang='lat' dir='ltr'><strong>voluptatem</strong></span> 
     </span>
    </p>
   </div>
   <div class='ocr_carea' id='block_1_83' title="bbox 1977 3284 3550 3361">
    <p class='ocr_par' dir='ltr' id='par_1_83' title="bbox 1977 3284 3550 3361">
     <span class='ocr_line' id='line_1_85' title="bbox 1977 3284 3550 3361; baseline -0.008 -15"><span class='ocrx_word' id='word_1_599' title='bbox 1977 3301 2290 3361; x_wconf 82' lang='lat' dir='ltr'><strong>opportune</strong></span> <span class='ocrx_word' id='word_1_600' title='bbox 2331 3287 2725 3359; x_wconf 84' lang='lat' dir='ltr'><strong>percipientcs,</strong></span> <span class='ocrx_word' id='word_1_601' title='bbox 2793 3287 2953 3341; x_wconf 85' lang='lat' dir='ltr'><strong>istam</strong></span> <span class='ocrx_word' id='word_1_602' title='bbox 3023 3284 3282 3338; x_wconf 74' lang='lat' dir='ltr'><strong>eﬁrenem</strong></span> <span class='ocrx_word' id='word_1_603' title='bbox 3334 3293 3389 3338; x_wconf 92' lang='lat' dir='ltr'><strong>ct</strong></span> <span class='ocrx_word' id='word_1_604' title='bbox 3444 3299 3550 3338; x_wconf 77' lang='lat' dir='ltr'><strong>non</strong></span> 
     </span>
    </p>
   </div>
   <div class='ocr_carea' id='block_1_84' title="bbox 1977 3377 3549 3447">
    <p class='ocr_par' dir='ltr' id='par_1_84' title="bbox 1977 3377 3549 3447">
     <span class='ocr_line' id='line_1_86' title="bbox 1977 3377 3549 3447; baseline -0.006 -8"><span class='ocrx_word' id='word_1_605' title='bbox 1977 3377 2342 3442; x_wconf 80' lang='lat' dir='ltr'><strong>necessariam</strong></span> <span class='ocrx_word' id='word_1_606' title='bbox 2411 3382 2614 3446; x_wconf 85' lang='lat' dir='ltr'><strong>ridere,</strong></span> <span class='ocrx_word' id='word_1_607' title='bbox 2647 3380 2787 3447; x_wconf 84' lang='lat' dir='ltr'><strong>quod</strong></span> <span class='ocrx_word' id='word_1_608' title='bbox 2853 3379 2988 3434; x_wconf 88' lang='lat' dir='ltr'><strong>nihil</strong></span> <span class='ocrx_word' id='word_1_609' title='bbox 3051 3380 3204 3433; x_wconf 90' lang='lat' dir='ltr'><strong>ineo</strong></span> <span class='ocrx_word' id='word_1_610' title='bbox 3255 3377 3395 3432; x_wconf 88' lang='lat' dir='ltr'><strong>sacri</strong></span> <span class='ocrx_word' id='word_1_611' title='bbox 3457 3377 3549 3439; x_wconf 89' lang='lat' dir='ltr'><strong>sit,</strong></span> 
     </span>
    </p>
   </div>
   <div class='ocr_carea' id='block_1_85' title="bbox 1975 3470 3554 3548">
    <p class='ocr_par' dir='ltr' id='par_1_85' title="bbox 1975 3470 3554 3548">
     <span class='ocr_line' id='line_1_87' title="bbox 1975 3470 3554 3548; baseline -0.006 -19"><span class='ocrx_word' id='word_1_612' title='bbox 1975 3479 2191 3548; x_wconf 86' lang='lat' dir='ltr'><strong>quoties</strong></span> <span class='ocrx_word' id='word_1_613' title='bbox 2221 3485 2276 3530; x_wconf 91' lang='lat' dir='ltr'><strong>et</strong></span> <span class='ocrx_word' id='word_1_614' title='bbox 2301 3475 2620 3530; x_wconf 81' lang='lat' dir='ltr'><strong>varietatem</strong></span> <span class='ocrx_word' id='word_1_615' title='bbox 2654 3472 2852 3535; x_wconf 87' lang='lat' dir='ltr'><strong>induit,</strong></span> <span class='ocrx_word' id='word_1_616' title='bbox 2889 3479 2943 3526; x_wconf 90' lang='lat' dir='ltr'><strong>et</strong></span> <span class='ocrx_word' id='word_1_617' title='bbox 2997 3478 3114 3524; x_wconf 85' lang='lat' dir='ltr'><strong>arte</strong></span> <span class='ocrx_word' id='word_1_618' title='bbox 3155 3470 3390 3539; x_wconf 88' lang='lat' dir='ltr'><strong>quadam</strong></span> <span class='ocrx_word' id='word_1_619' title='bbox 3428 3482 3554 3520; x_wconf 79' lang='lat' dir='ltr'><strong>ver-</strong></span> 
     </span>
    </p>
   </div>
   <div class='ocr_carea' id='block_1_86' title="bbox 1977 3561 3555 3640">
    <p class='ocr_par' dir='ltr' id='par_1_86' title="bbox 1977 3561 3555 3640">
     <span class='ocr_line' id='line_1_88' title="bbox 1977 3561 3555 3640; baseline -0.008 -15"><span class='ocrx_word' id='word_1_620' title='bbox 1977 3570 2234 3640; x_wconf 85' lang='lat' dir='ltr'><strong>sutiaque</strong></span> <span class='ocrx_word' id='word_1_621' title='bbox 2265 3567 2520 3638; x_wconf 90' lang='lat' dir='ltr'><strong>corporis</strong></span> <span class='ocrx_word' id='word_1_622' title='bbox 2550 3567 2803 3623; x_wconf 80' lang='lat' dir='ltr'><strong>sensibus</strong></span> <span class='ocrx_word' id='word_1_623' title='bbox 2843 3564 3114 3635; x_wconf 88' lang='lat' dir='ltr'><strong>quidquid</strong></span> <span class='ocrx_word' id='word_1_624' title='bbox 3163 3574 3216 3619; x_wconf 89' lang='lat' dir='ltr'><strong>et</strong></span> <span class='ocrx_word' id='word_1_625' title='bbox 3249 3561 3555 3631; x_wconf 84' lang='lat' dir='ltr'><strong>pulcherri-</strong></span> 
     </span>
    </p>
   </div>
   <div class='ocr_carea' id='block_1_87' title="bbox 1977 3655 3550 3733">
    <p class='ocr_par' dir='ltr' id='par_1_87' title="bbox 1977 3655 3550 3733">
     <span class='ocr_line' id='line_1_89' title="bbox 1977 3655 3550 3733; baseline -0.008 -15"><span class='ocrx_word' id='word_1_626' title='bbox 1977 3679 2125 3718; x_wconf 88' lang='lat' dir='ltr'><strong>mum</strong></span> <span class='ocrx_word' id='word_1_627' title='bbox 2157 3674 2211 3717; x_wconf 87' lang='lat' dir='ltr'><strong>et</strong></span> <span class='ocrx_word' id='word_1_628' title='bbox 2240 3662 2696 3733; x_wconf 84' lang='lat' dir='ltr'><strong>jucnudissitnum</strong></span> <span class='ocrx_word' id='word_1_629' title='bbox 2736 3667 2838 3721; x_wconf 87' lang='lat' dir='ltr'><strong>est,</strong></span> <span class='ocrx_word' id='word_1_630' title='bbox 2875 3659 3086 3728; x_wconf 84' lang='lat' dir='ltr'><strong>objicit,</strong></span> <span class='ocrx_word' id='word_1_631' title='bbox 3138 3666 3303 3726; x_wconf 85' lang='lat' dir='ltr'><strong>atque</strong></span> <span class='ocrx_word' id='word_1_632' title='bbox 3356 3655 3550 3708; x_wconf 86' lang='lat' dir='ltr'><strong>horum</strong></span> 
     </span>
    </p>
   </div>
   <div class='ocr_carea' id='block_1_88' title="bbox 1976 3746 3551 3830">
    <p class='ocr_par' dir='ltr' id='par_1_88' title="bbox 1976 3746 3551 3830">
     <span class='ocr_line' id='line_1_90' title="bbox 1976 3746 3551 3830; baseline -0.01 -18"><span class='ocrx_word' id='word_1_633' title='bbox 1976 3757 2292 3827; x_wconf 88' lang='lat' dir='ltr'><strong>adjumento</strong></span> <span class='ocrx_word' id='word_1_634' title='bbox 2317 3756 2707 3811; x_wconf 88' lang='lat' dir='ltr'><strong>corroboratur</strong></span> <span class='ocrx_word' id='word_1_635' title='bbox 2735 3793 2751 3816; x_wconf 93' lang='lat'><strong>,</strong></span> <span class='ocrx_word' id='word_1_636' title='bbox 2805 3761 2860 3806; x_wconf 90' lang='lat' dir='ltr'><strong>et</strong></span> <span class='ocrx_word' id='word_1_637' title='bbox 2905 3752 3170 3830; x_wconf 38' lang='lat' dir='ltr'><strong>superior.</strong></span> <span class='ocrx_word' id='word_1_638' title='bbox 3190 3747 3398 3808; x_wconf 86' lang='lat' dir='ltr'><strong>evadit,</strong></span> <span class='ocrx_word' id='word_1_639' title='bbox 3451 3746 3551 3799; x_wconf 76' lang='lat' dir='ltr'><strong>nisi</strong></span> 
     </span>
    </p>
   </div>
   <div class='ocr_carea' id='block_1_89' title="bbox 1979 3838 3554 3914">
    <p class='ocr_par' dir='ltr' id='par_1_89' title="bbox 1979 3838 3554 3914">
     <span class='ocr_line' id='line_1_91' title="bbox 1979 3838 3554 3914; baseline -0.008 -11"><span class='ocrx_word' id='word_1_640' title='bbox 1979 3863 2069 3903; x_wconf 89' lang='lat' dir='ltr'><strong>res</strong></span> <span class='ocrx_word' id='word_1_641' title='bbox 2106 3849 2239 3903; x_wconf 84' lang='lat' dir='ltr'><strong>istas</strong></span> <span class='ocrx_word' id='word_1_642' title='bbox 2291 3847 2524 3901; x_wconf 87' lang='lat' dir='ltr'><strong>seusiles</strong></span> <span class='ocrx_word' id='word_1_643' title='bbox 2556 3848 2659 3900; x_wconf 89' lang='lat' dir='ltr'><strong>rite</strong></span> <span class='ocrx_word' id='word_1_644' title='bbox 2689 3843 3015 3914; x_wconf 85' lang='lat' dir='ltr'><strong>percipiant,</strong></span> <span class='ocrx_word' id='word_1_645' title='bbox 3057 3838 3554 3910; x_wconf 83' lang='lat' dir='ltr'><strong>etjucundissimis</strong></span> 
     </span>
    </p>
   </div>
   <div class='ocr_carea' id='block_1_90' title="bbox 1977 3934 3554 4002">
    <p class='ocr_par' dir='ltr' id='par_1_90' title="bbox 1977 3934 3554 4002">
     <span class='ocr_line' id='line_1_92' title="bbox 1977 3934 3554 4002; baseline -0.005 -10"><span class='ocrx_word' id='word_1_646' title='bbox 1977 3953 2100 3992; x_wconf 89' lang='lat' dir='ltr'><strong>cum</strong></span> <span class='ocrx_word' id='word_1_647' title='bbox 2135 3940 2348 3992; x_wconf 88' lang='lat' dir='ltr'><strong>ratione</strong></span> <span class='ocrx_word' id='word_1_648' title='bbox 2381 3948 2555 3993; x_wconf 89' lang='lat' dir='ltr'><strong>semet</strong></span> <span class='ocrx_word' id='word_1_649' title='bbox 2576 3937 2874 3993; x_wconf 90' lang='lat' dir='ltr'><strong>oblectent.</strong></span> <span class='ocrx_word' id='word_1_650' title='bbox 2909 3934 3027 4002; x_wconf 84' lang='lat' dir='ltr'><strong>Quo</strong></span> <span class='ocrx_word' id='word_1_651' title='bbox 3084 3935 3142 3988; x_wconf 85' lang='lat' dir='ltr'><strong>tit</strong></span> <span class='ocrx_word' id='word_1_652' title='bbox 3192 3942 3252 3987; x_wconf 92' lang='lat' dir='ltr'><strong>ut</strong></span> <span class='ocrx_word' id='word_1_653' title='bbox 3304 3942 3414 3986; x_wconf 90' lang='lat' dir='ltr'><strong>tota</strong></span> <span class='ocrx_word' id='word_1_654' title='bbox 3467 3944 3554 3984; x_wconf 87' lang='lat' dir='ltr'><strong>res</strong></span> 
     </span>
    </p>
   </div>
   <div class='ocr_carea' id='block_1_91' title="bbox 1979 4023 3552 4098">
    <p class='ocr_par' dir='ltr' id='par_1_91' title="bbox 1979 4023 3552 4098">
     <span class='ocr_line' id='line_1_93' title="bbox 1979 4023 3552 4098; baseline -0.008 -14"><span class='ocrx_word' id='word_1_655' title='bbox 1979 4030 2036 4084; x_wconf 88' lang='lat' dir='ltr'><strong>in</strong></span> <span class='ocrx_word' id='word_1_656' title='bbox 2081 4023 2246 4083; x_wconf 85' lang='lat' dir='ltr'><strong>nimio</strong></span> <span class='ocrx_word' id='word_1_657' title='bbox 2304 4030 2479 4098; x_wconf 86' lang='lat' dir='ltr'><strong>posita</strong></span> <span class='ocrx_word' id='word_1_658' title='bbox 2530 4027 2624 4092; x_wconf 85' lang='lat' dir='ltr'><strong>sit,</strong></span> <span class='ocrx_word' id='word_1_659' title='bbox 2666 4039 2720 4082; x_wconf 90' lang='lat' dir='ltr'><strong>et</strong></span> <span class='ocrx_word' id='word_1_660' title='bbox 2761 4027 2914 4095; x_wconf 87' lang='lat' dir='ltr'><strong>copia</strong></span> <span class='ocrx_word' id='word_1_661' title='bbox 2979 4025 3232 4092; x_wconf 89' lang='lat' dir='ltr'><strong>modique</strong></span> <span class='ocrx_word' id='word_1_662' title='bbox 3281 4023 3552 4090; x_wconf 78' lang='lat' dir='ltr'><strong>neglectu,</strong></span> 
     </span>
    </p>
   </div>
   <div class='ocr_carea' id='block_1_92' title="bbox 1978 4121 3556 4195">
    <p class='ocr_par' dir='ltr' id='par_1_92' title="bbox 1978 4121 3556 4195">
     <span class='ocr_line' id='line_1_94' title="bbox 1978 4121 3556 4195; baseline -0.004 -20"><span class='ocrx_word' id='word_1_663' title='bbox 1978 4138 2098 4195; x_wconf 65' lang='lat' dir='ltr'><strong>quae</strong></span> <span class='ocrx_word' id='word_1_664' title='bbox 2128 4138 2264 4178; x_wconf 83' lang='lat' dir='ltr'><strong>sane</strong></span> <span class='ocrx_word' id='word_1_665' title='bbox 2288 4132 2539 4178; x_wconf 80' lang='lat' dir='ltr'><strong>nostrum</strong></span> <span class='ocrx_word' id='word_1_666' title='bbox 2587 4129 2715 4176; x_wconf 88' lang='lat' dir='ltr'><strong>sunt</strong></span> <span class='ocrx_word' id='word_1_667' title='bbox 2741 4122 2972 4185; x_wconf 89' lang='lat' dir='ltr'><strong>crimen,</strong></span> <span class='ocrx_word' id='word_1_668' title='bbox 3005 4121 3083 4172; x_wconf 88' lang='lat' dir='ltr'><strong>uti</strong></span> <span class='ocrx_word' id='word_1_669' title='bbox 3115 4133 3278 4187; x_wconf 88' lang='lat' dir='ltr'><strong>supra</strong></span> <span class='ocrx_word' id='word_1_670' title='bbox 3337 4130 3556 4184; x_wconf 84' lang='lat' dir='ltr'><strong>quoque</strong></span> 
     </span>
    </p>
   </div>
   <div class='ocr_carea' id='block_1_93' title="bbox 1979 4209 3551 4280">
    <p class='ocr_par' dir='ltr' id='par_1_93' title="bbox 1979 4209 3551 4280">
     <span class='ocr_line' id='line_1_95' title="bbox 1979 4209 3551 4280; baseline -0.008 -9"><span class='ocrx_word' id='word_1_671' title='bbox 1979 4219 2182 4272; x_wconf 89' lang='lat' dir='ltr'><strong>dictum</strong></span> <span class='ocrx_word' id='word_1_672' title='bbox 2221 4226 2331 4280; x_wconf 90' lang='lat' dir='ltr'><strong>est,</strong></span> <span class='ocrx_word' id='word_1_673' title='bbox 2357 4229 2465 4269; x_wconf 90' lang='lat' dir='ltr'><strong>non</strong></span> <span class='ocrx_word' id='word_1_674' title='bbox 2498 4214 2575 4269; x_wconf 89' lang='lat' dir='ltr'><strong>uti</strong></span> <span class='ocrx_word' id='word_1_675' title='bbox 2607 4213 2699 4268; x_wconf 88' lang='lat' dir='ltr'><strong>tibi</strong></span> <span class='ocrx_word' id='word_1_676' title='bbox 2734 4213 2973 4267; x_wconf 88' lang='lat' dir='ltr'><strong>videtur.</strong></span> <span class='ocrx_word' id='word_1_677' title='bbox 3021 4209 3155 4264; x_wconf 75' lang='lat' dir='ltr'><strong>Nam</strong></span> <span class='ocrx_word' id='word_1_678' title='bbox 3200 4219 3255 4263; x_wconf 90' lang='lat' dir='ltr'><strong>tu</strong></span> <span class='ocrx_word' id='word_1_679' title='bbox 3309 4209 3551 4278; x_wconf 84' lang='lat' dir='ltr'><strong>quidem.</strong></span> 
     </span>
    </p>
   </div>
   <div class='ocr_carea' id='block_1_94' title="bbox 1977 4299 3558 4376">
    <p class='ocr_par' dir='ltr' id='par_1_94' title="bbox 1977 4299 3558 4376">
     <span class='ocr_line' id='line_1_96' title="bbox 1977 4299 3558 4376; baseline -0.009 -12"><span class='ocrx_word' id='word_1_680' title='bbox 1977 4325 2010 4364; x_wconf 93' lang='grc' dir='ltr'>ο</span> <span class='ocrx_word' id='word_1_681' title='bbox 2043 4308 2183 4364; x_wconf 87' lang='lat' dir='ltr'><strong>bone</strong></span> <span class='ocrx_word' id='word_1_682' title='bbox 2216 4308 2320 4369; x_wconf 90' lang='lat' dir='ltr'><strong>vir,</strong></span> <span class='ocrx_word' id='word_1_683' title='bbox 2355 4309 2585 4376; x_wconf 89' lang='lat' dir='ltr'><strong>teipsum</strong></span> <span class='ocrx_word' id='word_1_684' title='bbox 2611 4305 2768 4375; x_wconf 89' lang='lat' dir='ltr'><strong>culpa</strong></span> <span class='ocrx_word' id='word_1_685' title='bbox 2813 4303 3050 4358; x_wconf 81' lang='lat' dir='ltr'><strong>liberare</strong></span> <span class='ocrx_word' id='word_1_686' title='bbox 3099 4302 3323 4365; x_wconf 88' lang='lat' dir='ltr'><strong>videris,</strong></span> <span class='ocrx_word' id='word_1_687' title='bbox 3359 4308 3415 4354; x_wconf 88' lang='lat' dir='ltr'><strong>et</strong></span> <span class='ocrx_word' id='word_1_688' title='bbox 3471 4299 3558 4350; x_wconf 84' lang='lat' dir='ltr'><strong>in-</strong></span> 
     </span>
    </p>
   </div>
   <div class='ocr_carea' id='block_1_95' title="bbox 1980 4395 3556 4470">
    <p class='ocr_par' dir='ltr' id='par_1_95' title="bbox 1980 4395 3556 4470">
     <span class='ocr_line' id='line_1_97' title="bbox 1980 4395 3556 4470; baseline -0.01 -12"><span class='ocrx_word' id='word_1_689' title='bbox 1980 4401 2397 4470; x_wconf 87' lang='lat' dir='ltr'><strong>temperautiam</strong></span> <span class='ocrx_word' id='word_1_690' title='bbox 2425 4410 2712 4461; x_wconf 82' lang='lat' dir='ltr'><strong>extenuas,</strong></span> <span class='ocrx_word' id='word_1_691' title='bbox 2741 4412 2803 4451; x_wconf 90' lang='lat' dir='ltr'><strong>ac</strong></span> <span class='ocrx_word' id='word_1_692' title='bbox 2835 4407 3037 4450; x_wconf 89' lang='lat' dir='ltr'><strong>motum</strong></span> <span class='ocrx_word' id='word_1_693' title='bbox 3066 4395 3428 4450; x_wconf 86' lang='lat' dir='ltr'><strong>voluntarium</strong></span> <span class='ocrx_word' id='word_1_694' title='bbox 3457 4407 3556 4460; x_wconf 88' lang='lat' dir='ltr'><strong>pro</strong></span> 
     </span>
    </p>
   </div>
   <div class='ocr_carea' id='block_1_96' title="bbox 1978 4583 3554 4656">
    <p class='ocr_par' dir='ltr' id='par_1_96' title="bbox 1978 4583 3554 4656">
     <span class='ocr_line' id='line_1_98' title="bbox 1978 4583 3554 4656; baseline -0.009 -11"><span class='ocrx_word' id='word_1_695' title='bbox 1978 4605 2098 4645; x_wconf 87' lang='lat' dir='ltr'><strong>sum</strong></span> <span class='ocrx_word' id='word_1_696' title='bbox 2118 4589 2394 4652; x_wconf 60' lang='lat' dir='ltr'><strong>volutans,</strong></span> <span class='ocrx_word' id='word_1_697' title='bbox 2416 4587 2740 4656; x_wconf 86' lang='lat' dir='ltr'><strong>simpliciter</strong></span> <span class='ocrx_word' id='word_1_698' title='bbox 2755 4586 2822 4638; x_wconf 81' lang='lat' dir='ltr'><strong>ad</strong></span> <span class='ocrx_word' id='word_1_699' title='bbox 2849 4601 2968 4638; x_wconf 85' lang='lat' dir='ltr'><strong>eam</strong></span> <span class='ocrx_word' id='word_1_700' title='bbox 2995 4583 3187 4646; x_wconf 82' lang='lat' dir='ltr'><strong>refers,</strong></span> <span class='ocrx_word' id='word_1_701' title='bbox 3209 4595 3554 4652; x_wconf 63' lang='lat' dir='ltr'><strong>quaecunque</strong></span> 
     </span>
    </p>
   </div>
   <div class='ocr_carea' id='block_1_97' title="bbox 1978 4674 3566 4746">
    <p class='ocr_par' dir='ltr' id='par_1_97' title="bbox 1978 4674 3566 4746">
     <span class='ocr_line' id='line_1_99' title="bbox 1978 4674 3566 4746; baseline -0.006 -10"><span class='ocrx_word' id='word_1_702' title='bbox 1978 4681 2338 4736; x_wconf 63' lang='lat' dir='ltr'><strong>contumaciae</strong></span> <span class='ocrx_word' id='word_1_703' title='bbox 2355 4694 2420 4733; x_wconf 90' lang='lat' dir='ltr'><strong>ac</strong></span> <span class='ocrx_word' id='word_1_704' title='bbox 2447 4679 2688 4733; x_wconf 85' lang='lat' dir='ltr'><strong>libidinis</strong></span> <span class='ocrx_word' id='word_1_705' title='bbox 2707 4677 2990 4746; x_wconf 73' lang='lat' dir='ltr'><strong>explenda:</strong></span> <span class='ocrx_word' id='word_1_706' title='bbox 3010 4691 3171 4730; x_wconf 90' lang='lat' dir='ltr'><strong>causa</strong></span> <span class='ocrx_word' id='word_1_707' title='bbox 3194 4689 3428 4742; x_wconf 89' lang='lat' dir='ltr'><strong>unquam</strong></span> <span class='ocrx_word' id='word_1_708' title='bbox 3459 4674 3566 4726; x_wconf 74' lang='lat' dir='ltr'><strong>abs</strong></span> 
     </span>
    </p>
   </div>
   <div class='ocr_carea' id='block_1_98' title="bbox 1977 4766 3562 4846">
    <p class='ocr_par' dir='ltr' id='par_1_98' title="bbox 1977 4766 3562 4846">
     <span class='ocr_line' id='line_1_100' title="bbox 1977 4766 3562 4846; baseline -0.009 -15"><span class='ocrx_word' id='word_1_709' title='bbox 1977 4784 2030 4830; x_wconf 89' lang='lat' dir='ltr'><strong>te</strong></span> <span class='ocrx_word' id='word_1_710' title='bbox 2060 4786 2209 4846; x_wconf 78' lang='lat' dir='ltr'><strong>gesta</strong></span> <span class='ocrx_word' id='word_1_711' title='bbox 2230 4782 2378 4828; x_wconf 87' lang='lat' dir='ltr'><strong>sunt.</strong></span> <span class='ocrx_word' id='word_1_712' title='bbox 2405 4772 2615 4838; x_wconf 79' lang='lat' dir='ltr'><strong>Quibus</strong></span> <span class='ocrx_word' id='word_1_713' title='bbox 2641 4787 2668 4824; x_wconf 90' lang='lat' dir='ltr'><strong>a</strong></span> <span class='ocrx_word' id='word_1_714' title='bbox 2691 4770 2920 4839; x_wconf 87' lang='lat' dir='ltr'><strong>judiciis</strong></span> <span class='ocrx_word' id='word_1_715' title='bbox 2952 4781 3009 4822; x_wconf 87' lang='lat' dir='ltr'><strong>nt</strong></span> <span class='ocrx_word' id='word_1_716' title='bbox 3029 4769 3330 4830; x_wconf 82' lang='lat' dir='ltr'><strong>abstineas,</strong></span> <span class='ocrx_word' id='word_1_717' title='bbox 3369 4766 3562 4833; x_wconf 78' lang='lat' dir='ltr'><strong>longe-</strong></span> 
     </span>
    </p>
   </div>
   <div class='ocr_carea' id='block_1_99' title="bbox 1979 4848 3559 4938">
    <p class='ocr_par' dir='ltr' id='par_1_99' title="bbox 1979 4848 3559 4938">
     <span class='ocr_line' id='line_1_101' title="bbox 1979 4848 3559 4938; baseline -0.006 -19"><span class='ocrx_word' id='word_1_718' title='bbox 1979 4884 2085 4938; x_wconf 84' lang='lat' dir='ltr'><strong>que</strong></span> <span class='ocrx_word' id='word_1_719' title='bbox 2103 4868 2462 4937; x_wconf 76' lang='lat' dir='ltr'><strong>cogitationes</strong></span> <span class='ocrx_word' id='word_1_720' title='bbox 2488 4860 3075 4933; x_wconf 81' lang='lat' dir='ltr'><strong>hujusmodirepellas,</strong></span> <span class='ocrx_word' id='word_1_721' title='bbox 3099 4848 3314 4916; x_wconf 71' lang='lat' dir='ltr'><strong>moneo.</strong></span> <span class='ocrx_word' id='word_1_722' title='bbox 3338 4861 3559 4925; x_wconf 65' lang='lat' dir='ltr'><strong>quando</strong></span> 
     </span>
    </p>
   </div>
   <div class='ocr_carea' id='block_1_100' title="bbox 1978 4947 3560 5028">
    <p class='ocr_par' dir='ltr' id='par_1_100' title="bbox 1978 4947 3560 5028">
     <span class='ocr_line' id='line_1_102' title="bbox 1978 4947 3560 5028; baseline -0.009 -14"><span class='ocrx_word' id='word_1_723' title='bbox 1978 4971 2034 5014; x_wconf 87' lang='lat' dir='ltr'><strong>et</strong></span> <span class='ocrx_word' id='word_1_724' title='bbox 2059 4962 2188 5028; x_wconf 77' lang='lat' dir='ltr'><strong>ipsa:</strong></span> <span class='ocrx_word' id='word_1_725' title='bbox 2222 4960 2384 5028; x_wconf 83' lang='lat' dir='ltr'><strong>longe</strong></span> <span class='ocrx_word' id='word_1_726' title='bbox 2412 4957 2690 5010; x_wconf 85' lang='lat' dir='ltr'><strong>averitate</strong></span> <span class='ocrx_word' id='word_1_727' title='bbox 2727 4955 2947 5006; x_wconf 78' lang='lat' dir='ltr'><strong>absunt.</strong></span> <span class='ocrx_word' id='word_1_728' title='bbox 2995 4948 3125 5003; x_wconf 81' lang='lat' dir='ltr'><strong>Nam</strong></span> <span class='ocrx_word' id='word_1_729' title='bbox 3160 4950 3387 5017; x_wconf 79' lang='lat' dir='ltr'><strong>perinde</strong></span> <span class='ocrx_word' id='word_1_730' title='bbox 3428 4947 3560 5000; x_wconf 80' lang='lat' dir='ltr'><strong>facis</strong></span> 
     </span>
    </p>
   </div>
   <div class='ocr_carea' id='block_1_101' title="bbox 314 5042 1872 5113">
    <p class='ocr_par' dir='ltr' id='par_1_101' title="bbox 314 5042 1872 5113">
     <span class='ocr_line' id='line_1_103' title="bbox 314 5042 1872 5113; baseline 0.003 -18"><span class='ocrx_word' id='word_1_731' title='bbox 314 5061 462 5113; x_wconf 85' lang='grc' dir='ltr'>μενος</span> <span class='ocrx_word' id='word_1_732' title='bbox 498 5042 570 5110; x_wconf 82' lang='grc' dir='ltr'>τῷ</span> <span class='ocrx_word' id='word_1_733' title='bbox 613 5043 915 5112; x_wconf 78' lang='grc' dir='ltr'>φαρμάκῳ,</span> <span class='ocrx_word' id='word_1_734' title='bbox 964 5042 1100 5112; x_wconf 79' lang='grc' dir='ltr'>πρὸς</span> <span class='ocrx_word' id='word_1_735' title='bbox 1130 5043 1444 5097; x_wconf 83' lang='grc' dir='ltr'>τούναντίον</span> <span class='ocrx_word' id='word_1_736' title='bbox 1487 5045 1753 5110; x_wconf 77' lang='grc' dir='ltr'>ἐκϐάντος</span> <span class='ocrx_word' id='word_1_737' title='bbox 1788 5064 1872 5100; x_wconf 93' lang='grc' dir='ltr'>σοι</span> 
     </span>
    </p>
   </div>
   <div class='ocr_carea' id='block_1_102' title="bbox 311 5135 1875 5206">
    <p class='ocr_par' dir='ltr' id='par_1_102' title="bbox 311 5135 1875 5206">
     <span class='ocr_line' id='line_1_104' title="bbox 311 5135 1875 5206; baseline 0.003 -18"><span class='ocrx_word' id='word_1_738' title='bbox 311 5138 392 5189; x_wconf 75' lang='grc' dir='ltr'><strong>τοῦ</strong></span> <span class='ocrx_word' id='word_1_739' title='bbox 435 5136 796 5205; x_wconf 71' lang='grc' dir='ltr'>βουλήματος,</span> <span class='ocrx_word' id='word_1_740' title='bbox 832 5135 995 5202; x_wconf 76' lang='grc' dir='ltr'>ἀφεὶς</span> <span class='ocrx_word' id='word_1_741' title='bbox 1030 5135 1229 5188; x_wconf 76' lang='grc' dir='ltr'>σαυτὸν</span> <span class='ocrx_word' id='word_1_742' title='bbox 1278 5135 1661 5206; x_wconf 68' lang='grc' dir='ltr'>ἐπιπλήττειν,</span> <span class='ocrx_word' id='word_1_743' title='bbox 1706 5140 1772 5192; x_wconf 73' lang='grc' dir='ltr'>σὺ</span> <span class='ocrx_word' id='word_1_744' title='bbox 1819 5140 1875 5194; x_wconf 78' lang='grc' dir='ltr'><strong>δὲ</strong></span> 
     </span>
    </p>
   </div>
   <div class='ocr_carea' id='block_1_103' title="bbox 311 5229 1881 5302">
    <p class='ocr_par' dir='ltr' id='par_1_103' title="bbox 311 5229 1881 5302">
     <span class='ocr_line' id='line_1_105' title="bbox 311 5229 1881 5302; baseline 0.004 -20"><span class='ocrx_word' id='word_1_745' title='bbox 311 5230 608 5294; x_wconf 77' lang='grc' dir='ltr'>διαϐάλλεις</span> <span class='ocrx_word' id='word_1_746' title='bbox 643 5229 703 5282; x_wconf 77' lang='grc' dir='ltr'>τὸ</span> <span class='ocrx_word' id='word_1_747' title='bbox 731 5230 1042 5300; x_wconf 83' lang='grc' dir='ltr'>φάρμακον,</span> <span class='ocrx_word' id='word_1_748' title='bbox 1073 5231 1170 5282; x_wconf 74' lang='grc' dir='ltr'>καὶ</span> <span class='ocrx_word' id='word_1_749' title='bbox 1206 5231 1333 5294; x_wconf 73' lang='grc' dir='ltr'>τοὺς</span> <span class='ocrx_word' id='word_1_750' title='bbox 1364 5233 1543 5286; x_wconf 69' lang='grc' dir='ltr'>ἐκεῖνο</span> <span class='ocrx_word' id='word_1_751' title='bbox 1571 5235 1753 5302; x_wconf 71' lang='grc' dir='ltr'>σοφῶς</span> <span class='ocrx_word' id='word_1_752' title='bbox 1787 5253 1881 5288; x_wconf 84' lang='grc' dir='ltr'>κε-</span> 
     </span>
    </p>
   </div>
   <div class='ocr_carea' id='block_1_104' title="bbox 318 5322 1881 5398">
    <p class='ocr_par' dir='ltr' id='par_1_104' title="bbox 318 5322 1881 5398">
     <span class='ocr_line' id='line_1_106' title="bbox 318 5322 1881 5398; baseline 0.005 -21"><span class='ocrx_word' id='word_1_753' title='bbox 318 5327 592 5395; x_wconf 81' lang='grc' dir='ltr'>ράσαντας.</span> <span class='ocrx_word' id='word_1_754' title='bbox 629 5324 705 5376; x_wconf 78' lang='grc' dir='ltr'><strong>Οὐ</strong></span> <span class='ocrx_word' id='word_1_755' title='bbox 755 5325 912 5394; x_wconf 86' lang='grc' dir='ltr'>μόνον</span> <span class='ocrx_word' id='word_1_756' title='bbox 956 5322 1014 5376; x_wconf 78' lang='grc' dir='ltr'><strong>δὲ</strong></span> <span class='ocrx_word' id='word_1_757' title='bbox 1046 5324 1112 5378; x_wconf 83' lang='grc' dir='ltr'>τὰ</span> <span class='ocrx_word' id='word_1_758' title='bbox 1147 5326 1296 5396; x_wconf 75' lang='grc' dir='ltr'>παρὰ</span> <span class='ocrx_word' id='word_1_759' title='bbox 1340 5327 1448 5380; x_wconf 87' lang='grc' dir='ltr'><strong>τῶν</strong></span> <span class='ocrx_word' id='word_1_760' title='bbox 1483 5327 1708 5398; x_wconf 84' lang='grc' dir='ltr'>ίατρῶν,</span> <span class='ocrx_word' id='word_1_761' title='bbox 1741 5331 1881 5385; x_wconf 76' lang='grc' dir='ltr'>ἀλλὰ</span> 
     </span>
    </p>
   </div>
   <div class='ocr_carea' id='block_1_105' title="bbox 315 5413 1879 5489">
    <p class='ocr_par' dir='ltr' id='par_1_105' title="bbox 315 5413 1879 5489">
     <span class='ocr_line' id='line_1_107' title="bbox 315 5413 1879 5489; baseline 0.004 -19"><span class='ocrx_word' id='word_1_762' title='bbox 315 5418 396 5471; x_wconf 72' lang='grc' dir='ltr'>καὶ</span> <span class='ocrx_word' id='word_1_763' title='bbox 422 5417 580 5472; x_wconf 79' lang='grc' dir='ltr'>πάνθ’</span> <span class='ocrx_word' id='word_1_764' title='bbox 610 5413 692 5481; x_wconf 72' lang='grc' dir='ltr'>οἷς</span> <span class='ocrx_word' id='word_1_765' title='bbox 719 5417 1001 5489; x_wconf 84' lang='grc' dir='ltr'>χρώμεθα,</span> <span class='ocrx_word' id='word_1_766' title='bbox 1023 5419 1070 5470; x_wconf 84' lang='grc' dir='ltr'><strong>εί</strong></span> <span class='ocrx_word' id='word_1_767' title='bbox 1096 5417 1278 5487; x_wconf 82' lang='grc' dir='ltr'>χρῷτό</span> <span class='ocrx_word' id='word_1_768' title='bbox 1314 5435 1402 5481; x_wconf 88' lang='grc' dir='ltr'><strong>τις</strong></span> <span class='ocrx_word' id='word_1_769' title='bbox 1424 5421 1482 5472; x_wconf 85' lang='grc' dir='ltr'><strong>οὐ</strong></span> <span class='ocrx_word' id='word_1_770' title='bbox 1525 5422 1730 5486; x_wconf 84' lang='grc' dir='ltr'>καλῶς,</span> <span class='ocrx_word' id='word_1_771' title='bbox 1757 5424 1879 5476; x_wconf 79' lang='grc' dir='ltr'><strong>οὐδὲ</strong></span> 
     </span>
    </p>
   </div>
   <div class='ocr_carea' id='block_1_106' title="bbox 321 5509 1880 5583">
    <p class='ocr_par' dir='ltr' id='par_1_106' title="bbox 321 5509 1880 5583">
     <span class='ocr_line' id='line_1_108' title="bbox 321 5509 1880 5583; baseline 0.004 -22"><span class='ocrx_word' id='word_1_772' title='bbox 321 5509 444 5576; x_wconf 81' lang='grc' dir='ltr'>μετὰ</span> <span class='ocrx_word' id='word_1_773' title='bbox 471 5509 568 5562; x_wconf 91' lang='grc' dir='ltr'><strong>τοῦ</strong></span> <span class='ocrx_word' id='word_1_774' title='bbox 602 5510 978 5578; x_wconf 78' lang='grc' dir='ltr'>προσήκοντος</span> <span class='ocrx_word' id='word_1_775' title='bbox 1012 5510 1238 5578; x_wconf 90' lang='grc' dir='ltr'>μέτρου,</span> <span class='ocrx_word' id='word_1_776' title='bbox 1287 5509 1529 5583; x_wconf 67' lang='grc' dir='ltr'>βλαϐερὰ</span> <span class='ocrx_word' id='word_1_777' title='bbox 1569 5513 1634 5565; x_wconf 84' lang='grc' dir='ltr'>ἂν</span> <span class='ocrx_word' id='word_1_778' title='bbox 1667 5515 1880 5579; x_wconf 86' lang='grc' dir='ltr'>γένοιτο</span> 
     </span>
    </p>
   </div>
   <div class='ocr_carea' id='block_1_107' title="bbox 318 5601 1878 5673">
    <p class='ocr_par' dir='ltr' id='par_1_107' title="bbox 318 5601 1878 5673">
     <span class='ocr_line' id='line_1_109' title="bbox 318 5601 1878 5673; baseline 0.004 -21"><span class='ocrx_word' id='word_1_779' title='bbox 318 5603 478 5655; x_wconf 76' lang='grc' dir='ltr'>πάντα</span> <span class='ocrx_word' id='word_1_780' title='bbox 530 5601 792 5672; x_wconf 82' lang='grc' dir='ltr'>τρόπονῆ</span> <span class='ocrx_word' id='word_1_781' title='bbox 853 5601 1072 5667; x_wconf 67' lang='grc' dir='ltr'>αὐτίκα,</span> <span class='ocrx_word' id='word_1_782' title='bbox 1113 5602 1147 5672; x_wconf 79' lang='grc' dir='ltr'>ἦ</span> <span class='ocrx_word' id='word_1_783' title='bbox 1202 5605 1522 5672; x_wconf 78' lang='grc' dir='ltr'>μετέπειτα,</span> <span class='ocrx_word' id='word_1_784' title='bbox 1559 5605 1590 5673; x_wconf 81' lang='grc' dir='ltr'>ἢ</span> <span class='ocrx_word' id='word_1_785' title='bbox 1645 5606 1739 5659; x_wconf 74' lang='grc' dir='ltr'><strong>καὶ</strong></span> <span class='ocrx_word' id='word_1_786' title='bbox 1779 5607 1878 5660; x_wconf 84' lang='grc' dir='ltr'><strong>ἀπ’</strong></span> 
     </span>
    </p>
   </div>
   <div class='ocr_carea' id='block_1_108' title="bbox 319 5695 1876 5766">
    <p class='ocr_par' dir='ltr' id='par_1_108' title="bbox 319 5695 1876 5766">
     <span class='ocr_line' id='line_1_110' title="bbox 319 5695 1876 5766; baseline 0.004 -22"><span class='ocrx_word' id='word_1_787' title='bbox 319 5695 472 5764; x_wconf 74' lang='grc' dir='ltr'>ἀρχῆς</span> <span class='ocrx_word' id='word_1_788' title='bbox 501 5696 632 5764; x_wconf 79' lang='grc' dir='ltr'>ἄχρι</span> <span class='ocrx_word' id='word_1_789' title='bbox 663 5695 874 5756; x_wconf 77' lang='grc' dir='ltr'>τέλους.</span> <span class='ocrx_word' id='word_1_790' title='bbox 908 5695 1078 5748; x_wconf 90' lang='grc' dir='ltr'>Τοῦτο</span> <span class='ocrx_word' id='word_1_791' title='bbox 1105 5695 1162 5748; x_wconf 73' lang='grc' dir='ltr'>δὲ.</span> <span class='ocrx_word' id='word_1_792' title='bbox 1201 5697 1300 5748; x_wconf 74' lang='grc' dir='ltr'><strong>οὐκ</strong></span> <span class='ocrx_word' id='word_1_793' title='bbox 1334 5697 1502 5761; x_wconf 71' lang='grc' dir='ltr'>ἔστιν,</span> <span class='ocrx_word' id='word_1_794' title='bbox 1535 5697 1621 5766; x_wconf 78' lang='grc' dir='ltr'><strong>ἐφ’</strong></span> <span class='ocrx_word' id='word_1_795' title='bbox 1645 5699 1749 5765; x_wconf 79' lang='grc' dir='ltr'><strong>ὅτῳ</strong></span> <span class='ocrx_word' id='word_1_796' title='bbox 1775 5701 1876 5751; x_wconf 66' lang='grc' dir='ltr'>οὐκ</span> 
     </span>
    </p>
   </div>
   <div class='ocr_carea' id='block_1_109' title="bbox 322 5787 1876 5862">
    <p class='ocr_par' dir='ltr' id='par_1_109' title="bbox 322 5787 1876 5862">
     <span class='ocr_line' id='line_1_111' title="bbox 322 5787 1876 5862; baseline 0.003 -24"><span class='ocrx_word' id='word_1_797' title='bbox 322 5789 468 5842; x_wconf 81' lang='grc' dir='ltr'>ἔστιν.</span> <span class='ocrx_word' id='word_1_798' title='bbox 499 5789 615 5840; x_wconf 79' lang='grc' dir='ltr'>Οὐκ</span> <span class='ocrx_word' id='word_1_799' title='bbox 640 5788 726 5858; x_wconf 72' lang='grc' dir='ltr'><strong>ἄρ’</strong></span> <span class='ocrx_word' id='word_1_800' title='bbox 752 5790 784 5859; x_wconf 80' lang='grc' dir='ltr'>ἡ</span> <span class='ocrx_word' id='word_1_801' title='bbox 809 5788 973 5859; x_wconf 77' lang='grc' dir='ltr'>ἡδονὴ</span> <span class='ocrx_word' id='word_1_802' title='bbox 1000 5787 1061 5842; x_wconf 80' lang='grc' dir='ltr'>τὸ</span> <span class='ocrx_word' id='word_1_803' title='bbox 1087 5792 1279 5850; x_wconf 68' lang='grc' dir='ltr'>κακὶν.</span> <span class='ocrx_word' id='word_1_804' title='bbox 1315 5790 1430 5844; x_wconf 78' lang='grc' dir='ltr'>ἀλλ’</span> <span class='ocrx_word' id='word_1_805' title='bbox 1457 5793 1488 5860; x_wconf 82' lang='grc' dir='ltr'>ὴ</span> <span class='ocrx_word' id='word_1_806' title='bbox 1522 5793 1876 5862; x_wconf 71' lang='grc' dir='ltr'>παράχρησις</span> 
     </span>
    </p>
   </div>
   <div class='ocr_carea' id='block_1_110' title="bbox 322 5881 1874 5955">
    <p class='ocr_par' dir='ltr' id='par_1_110' title="bbox 322 5881 1874 5955">
     <span class='ocr_line' id='line_1_112' title="bbox 322 5881 1874 5955; baseline 0.003 -22"><span class='ocrx_word' id='word_1_807' title='bbox 322 5881 396 5934; x_wconf 67' lang='grc' dir='ltr'><strong>ἐπὶ</strong></span> <span class='ocrx_word' id='word_1_808' title='bbox 423 5882 527 5934; x_wconf 89' lang='grc' dir='ltr'><strong>τῶν</strong></span> <span class='ocrx_word' id='word_1_809' title='bbox 575 5882 852 5941; x_wconf 74' lang='grc' dir='ltr'>ἁπάντων.</span> <span class='ocrx_word' id='word_1_810' title='bbox 897 5883 1050 5936; x_wconf 70' lang='grc' dir='ltr'>Ἐπεὶ</span> <span class='ocrx_word' id='word_1_811' title='bbox 1103 5884 1192 5954; x_wconf 60' lang='grc' dir='ltr'><strong>καὶ</strong></span> <span class='ocrx_word' id='word_1_812' title='bbox 1243 5883 1352 5953; x_wconf 78' lang='grc' dir='ltr'><strong>πῦρ</strong></span> <span class='ocrx_word' id='word_1_813' title='bbox 1408 5886 1472 5955; x_wconf 76' lang='grc' dir='ltr'>τῇ</span> <span class='ocrx_word' id='word_1_814' title='bbox 1524 5886 1874 5955; x_wconf 52' lang='grc' dir='ltr'>παραχρήσῃ</span> 
     </span>
    </p>
   </div>
   <div class='ocr_carea' id='block_1_111' title="bbox 1980 5041 3571 5117">
    <p class='ocr_par' dir='ltr' id='par_1_111' title="bbox 1980 5041 3571 5117">
     <span class='ocr_line' id='line_1_113' title="bbox 1980 5041 3571 5117; baseline -0.013 -11"><span class='ocrx_word' id='word_1_815' title='bbox 1980 5067 2044 5106; x_wconf 87' lang='lat' dir='ltr'><strong>ac</strong></span> <span class='ocrx_word' id='word_1_816' title='bbox 2075 5053 2141 5117; x_wconf 85' lang='lat' dir='ltr'><strong>si,</strong></span> <span class='ocrx_word' id='word_1_817' title='bbox 2169 5065 2291 5104; x_wconf 86' lang='lat' dir='ltr'><strong>cum</strong></span> <span class='ocrx_word' id='word_1_818' title='bbox 2326 5045 2681 5102; x_wconf 87' lang='lat' dir='ltr'><strong>hauriendum</strong></span> <span class='ocrx_word' id='word_1_819' title='bbox 2715 5043 2808 5096; x_wconf 91' lang='lat' dir='ltr'><strong>tibi</strong></span> <span class='ocrx_word' id='word_1_820' title='bbox 2842 5043 3190 5110; x_wconf 87' lang='lat' dir='ltr'><strong>pharmacmn</strong></span> <span class='ocrx_word' id='word_1_821' title='bbox 3223 5041 3389 5103; x_wconf 88' lang='lat' dir='ltr'><strong>esset,</strong></span> <span class='ocrx_word' id='word_1_822' title='bbox 3421 5041 3571 5108; x_wconf 67' lang='lat' dir='ltr'><strong>opt?-</strong></span> 
     </span>
    </p>
   </div>
   <div class='ocr_carea' id='block_1_112' title="bbox 1983 5134 3563 5206">
    <p class='ocr_par' dir='ltr' id='par_1_112' title="bbox 1983 5134 3563 5206">
     <span class='ocr_line' id='line_1_114' title="bbox 1983 5134 3563 5206; baseline -0.009 -10"><span class='ocrx_word' id='word_1_823' title='bbox 1983 5144 2087 5196; x_wconf 85' lang='lat' dir='ltr'><strong>mis</strong></span> <span class='ocrx_word' id='word_1_824' title='bbox 2121 5158 2148 5194; x_wconf 91' lang='lat' dir='ltr'><strong>a</strong></span> <span class='ocrx_word' id='word_1_825' title='bbox 2183 5140 2412 5194; x_wconf 82' lang='lat' dir='ltr'><strong>medicis</strong></span> <span class='ocrx_word' id='word_1_826' title='bbox 2444 5144 2722 5206; x_wconf 86' lang='lat' dir='ltr'><strong>paratum,</strong></span> <span class='ocrx_word' id='word_1_827' title='bbox 2761 5144 2816 5187; x_wconf 89' lang='lat' dir='ltr'><strong>tu</strong></span> <span class='ocrx_word' id='word_1_828' title='bbox 2854 5134 3236 5202; x_wconf 81' lang='lat' dir='ltr'><strong>intempestive</strong></span> <span class='ocrx_word' id='word_1_829' title='bbox 3268 5135 3563 5202; x_wconf 76' lang='lat' dir='ltr'><strong>pharmam</strong></span> 
     </span>
    </p>
   </div>
   <div class='ocr_carea' id='block_1_113' title="bbox 1983 5228 3561 5312">
    <p class='ocr_par' dir='ltr' id='par_1_113' title="bbox 1983 5228 3561 5312">
     <span class='ocr_line' id='line_1_115' title="bbox 1983 5228 3561 5312; baseline -0.008 -22"><span class='ocrx_word' id='word_1_830' title='bbox 1983 5251 2146 5312; x_wconf 82' lang='lat' dir='ltr'><strong>usus,</strong></span> <span class='ocrx_word' id='word_1_831' title='bbox 2180 5244 2373 5288; x_wconf 85' lang='lat' dir='ltr'><strong>eventu</strong></span> <span class='ocrx_word' id='word_1_832' title='bbox 2407 5230 2672 5286; x_wconf 81' lang='lat' dir='ltr'><strong>voluntati</strong></span> <span class='ocrx_word' id='word_1_833' title='bbox 2710 5237 2814 5282; x_wconf 74' lang='lat' dir='ltr'><strong>tuze</strong></span> <span class='ocrx_word' id='word_1_834' title='bbox 2845 5229 3122 5283; x_wconf 84' lang='lat' dir='ltr'><strong>contrario</strong></span> <span class='ocrx_word' id='word_1_835' title='bbox 3154 5228 3525 5296; x_wconf 74' lang='lat' dir='ltr'><strong>subsequente</strong></span> <span class='ocrx_word' id='word_1_836' title='bbox 3547 5267 3561 5291; x_wconf 97' lang='lat'><strong>,</strong></span> 
     </span>
    </p>
   </div>
   <div class='ocr_carea' id='block_1_114' title="bbox 1979 5321 3564 5397">
    <p class='ocr_par' dir='ltr' id='par_1_114' title="bbox 1979 5321 3564 5397">
     <span class='ocr_line' id='line_1_116' title="bbox 1979 5321 3564 5397; baseline -0.007 -15"><span class='ocrx_word' id='word_1_837' title='bbox 1979 5328 2357 5397; x_wconf 82' lang='lat' dir='ltr'><strong>objurgatione</strong></span> <span class='ocrx_word' id='word_1_838' title='bbox 2394 5327 2592 5378; x_wconf 90' lang='lat' dir='ltr'><strong>tuimet</strong></span> <span class='ocrx_word' id='word_1_839' title='bbox 2625 5324 2794 5392; x_wconf 87' lang='lat' dir='ltr'><strong>ipsius</strong></span> <span class='ocrx_word' id='word_1_840' title='bbox 2827 5322 3052 5384; x_wconf 72' lang='lat' dir='ltr'><strong>oanissa,</strong></span> <span class='ocrx_word' id='word_1_841' title='bbox 3086 5321 3438 5390; x_wconf 76' lang='lat' dir='ltr'><strong>pbarmaeum</strong></span> <span class='ocrx_word' id='word_1_842' title='bbox 3474 5335 3564 5372; x_wconf 83' lang='lat' dir='ltr'><strong>ac-</strong></span> 
     </span>
    </p>
   </div>
   <div class='ocr_carea' id='block_1_115' title="bbox 1980 5413 3576 5486">
    <p class='ocr_par' dir='ltr' id='par_1_115' title="bbox 1980 5413 3576 5486">
     <span class='ocr_line' id='line_1_117' title="bbox 1980 5413 3576 5486; baseline -0.008 -11"><span class='ocrx_word' id='word_1_843' title='bbox 1980 5435 2142 5475; x_wconf 83' lang='lat' dir='ltr'><strong>cuses</strong></span> <span class='ocrx_word' id='word_1_844' title='bbox 2184 5427 2237 5472; x_wconf 93' lang='lat' dir='ltr'><strong>et</strong></span> <span class='ocrx_word' id='word_1_845' title='bbox 2274 5432 2370 5472; x_wconf 88' lang='lat' dir='ltr'><strong>eos</strong></span> <span class='ocrx_word' id='word_1_846' title='bbox 2405 5417 2496 5486; x_wconf 90' lang='lat' dir='ltr'><strong>qui</strong></span> <span class='ocrx_word' id='word_1_847' title='bbox 2534 5415 2697 5469; x_wconf 85' lang='lat' dir='ltr'><strong>docte</strong></span> <span class='ocrx_word' id='word_1_848' title='bbox 2733 5416 2784 5468; x_wconf 91' lang='lat' dir='ltr'><strong>id</strong></span> <span class='ocrx_word' id='word_1_849' title='bbox 2823 5415 3178 5469; x_wconf 84' lang='lat' dir='ltr'><strong>miscuerant.</strong></span> <span class='ocrx_word' id='word_1_850' title='bbox 3217 5413 3402 5483; x_wconf 65' lang='lat' dir='ltr'><strong>Neque</strong></span> <span class='ocrx_word' id='word_1_851' title='bbox 3447 5422 3576 5466; x_wconf 53' lang='lat' dir='ltr'><strong>tunc</strong></span> 
     </span>
    </p>
   </div>
   <div class='ocr_carea' id='block_1_116' title="bbox 1978 5505 3576 5580">
    <p class='ocr_par' dir='ltr' id='par_1_116' title="bbox 1978 5505 3576 5580">
     <span class='ocr_line' id='line_1_118' title="bbox 1978 5505 3576 5580; baseline -0.007 -15"><span class='ocrx_word' id='word_1_852' title='bbox 1978 5523 2090 5565; x_wconf 89' lang='lat' dir='ltr'><strong>tum</strong></span> <span class='ocrx_word' id='word_1_853' title='bbox 2125 5511 2420 5580; x_wconf 72' lang='lat' dir='ltr'><strong>pharmace</strong></span> <span class='ocrx_word' id='word_1_854' title='bbox 2455 5509 2814 5572; x_wconf 87' lang='lat' dir='ltr'><strong>medicorum,</strong></span> <span class='ocrx_word' id='word_1_855' title='bbox 2840 5508 2935 5561; x_wconf 87' lang='lat' dir='ltr'><strong>sed</strong></span> <span class='ocrx_word' id='word_1_856' title='bbox 2965 5508 3127 5562; x_wconf 87' lang='lat' dir='ltr'><strong>ctiam</strong></span> <span class='ocrx_word' id='word_1_857' title='bbox 3155 5506 3334 5558; x_wconf 65' lang='lat' dir='ltr'><strong>munia</strong></span> <span class='ocrx_word' id='word_1_858' title='bbox 3369 5505 3576 5572; x_wconf 77' lang='lat' dir='ltr'><strong>quibus-</strong></span> 
     </span>
    </p>
   </div>
   <div class='ocr_carea' id='block_1_117' title="bbox 1984 5601 3576 5672">
    <p class='ocr_par' dir='ltr' id='par_1_117' title="bbox 1984 5601 3576 5672">
     <span class='ocr_line' id='line_1_119' title="bbox 1984 5601 3576 5672; baseline -0.008 -14"><span class='ocrx_word' id='word_1_859' title='bbox 1984 5604 2209 5665; x_wconf 86' lang='lat' dir='ltr'><strong>utimur,</strong></span> <span class='ocrx_word' id='word_1_860' title='bbox 2269 5604 2312 5655; x_wconf 85' lang='lat' dir='ltr'><strong>si</strong></span> <span class='ocrx_word' id='word_1_861' title='bbox 2365 5602 2491 5672; x_wconf 86' lang='lat' dir='ltr'><strong>quis</strong></span> <span class='ocrx_word' id='word_1_862' title='bbox 2546 5601 2689 5655; x_wconf 86' lang='lat' dir='ltr'><strong>haud</strong></span> <span class='ocrx_word' id='word_1_863' title='bbox 2747 5610 2898 5655; x_wconf 83' lang='lat' dir='ltr'><strong>recte</strong></span> <span class='ocrx_word' id='word_1_864' title='bbox 2951 5609 3156 5665; x_wconf 64' lang='lat' dir='ltr'><strong>usatur,</strong></span> <span class='ocrx_word' id='word_1_865' title='bbox 3214 5613 3386 5665; x_wconf 86' lang='lat' dir='ltr'><strong>neque</strong></span> <span class='ocrx_word' id='word_1_866' title='bbox 3439 5608 3576 5647; x_wconf 82' lang='lat' dir='ltr'><strong>cum-</strong></span> 
     </span>
    </p>
   </div>
   <div class='ocr_carea' id='block_1_118' title="bbox 1987 5689 3570 5764">
    <p class='ocr_par' dir='ltr' id='par_1_118' title="bbox 1987 5689 3570 5764">
     <span class='ocr_line' id='line_1_120' title="bbox 1987 5689 3570 5764; baseline -0.007 -15"><span class='ocrx_word' id='word_1_867' title='bbox 1987 5696 2147 5750; x_wconf 87' lang='lat' dir='ltr'><strong>modo</strong></span> <span class='ocrx_word' id='word_1_868' title='bbox 2175 5695 2561 5760; x_wconf 82' lang='lat' dir='ltr'><strong>conveniente,</strong></span> <span class='ocrx_word' id='word_1_869' title='bbox 2593 5695 2726 5764; x_wconf 86' lang='lat' dir='ltr'><strong>quin</strong></span> <span class='ocrx_word' id='word_1_870' title='bbox 2764 5695 2922 5749; x_wconf 76' lang='lat' dir='ltr'><strong>noxia</strong></span> <span class='ocrx_word' id='word_1_871' title='bbox 2955 5692 3132 5747; x_wconf 73' lang='lat' dir='ltr'><strong>futura</strong></span> <span class='ocrx_word' id='word_1_872' title='bbox 3166 5693 3311 5757; x_wconf 85' lang='lat' dir='ltr'><strong>sint,</strong></span> <span class='ocrx_word' id='word_1_873' title='bbox 3343 5689 3424 5742; x_wconf 87' lang='lat' dir='ltr'><strong>vel</strong></span> <span class='ocrx_word' id='word_1_874' title='bbox 3456 5697 3570 5740; x_wconf 59' lang='lat' dir='ltr'><strong>sta-</strong></span> 
     </span>
    </p>
   </div>
   <div class='ocr_carea' id='block_1_119' title="bbox 1986 5784 3589 5858">
    <p class='ocr_par' dir='ltr' id='par_1_119' title="bbox 1986 5784 3589 5858">
     <span class='ocr_line' id='line_1_121' title="bbox 1986 5784 3589 5858; baseline -0.006 -15"><span class='ocrx_word' id='word_1_875' title='bbox 1986 5791 2112 5854; x_wconf 90' lang='lat' dir='ltr'><strong>tim,</strong></span> <span class='ocrx_word' id='word_1_876' title='bbox 2151 5789 2235 5844; x_wconf 83' lang='lat' dir='ltr'><strong>vel</strong></span> <span class='ocrx_word' id='word_1_877' title='bbox 2273 5789 2326 5842; x_wconf 89' lang='lat' dir='ltr'><strong>in</strong></span> <span class='ocrx_word' id='word_1_878' title='bbox 2364 5801 2671 5858; x_wconf 89' lang='lat' dir='ltr'><strong>posterum,</strong></span> <span class='ocrx_word' id='word_1_879' title='bbox 2709 5789 2792 5844; x_wconf 84' lang='lat' dir='ltr'><strong>vel</strong></span> <span class='ocrx_word' id='word_1_880' title='bbox 2825 5789 2988 5842; x_wconf 79' lang='lat' dir='ltr'><strong>etiam</strong></span> <span class='ocrx_word' id='word_1_881' title='bbox 3026 5804 3052 5840; x_wconf 89' lang='lat' dir='ltr'><strong>a</strong></span> <span class='ocrx_word' id='word_1_882' title='bbox 3093 5784 3358 5854; x_wconf 74' lang='lat' dir='ltr'><strong>principio</strong></span> <span class='ocrx_word' id='word_1_883' title='bbox 3394 5794 3589 5851; x_wconf 74' lang='lat' dir='ltr'><strong>usque.‘</strong></span> 
     </span>
    </p>
   </div>
   <div class='ocr_carea' id='block_1_120' title="bbox 1985 5876 3582 5949">
    <p class='ocr_par' dir='ltr' id='par_1_120' title="bbox 1985 5876 3582 5949">
     <span class='ocr_line' id='line_1_122' title="bbox 1985 5876 3582 5949; baseline -0.006 -11"><span class='ocrx_word' id='word_1_884' title='bbox 1985 5885 2050 5939; x_wconf 88' lang='lat' dir='ltr'><strong>ad</strong></span> <span class='ocrx_word' id='word_1_885' title='bbox 2080 5880 2405 5948; x_wconf 49' lang='lat' dir='ltr'><strong>[iueturlieri</strong></span> <span class='ocrx_word' id='word_1_886' title='bbox 2437 5883 2580 5938; x_wconf 85' lang='lat' dir='ltr'><strong>nulla</strong></span> <span class='ocrx_word' id='word_1_887' title='bbox 2610 5882 2818 5936; x_wconf 75' lang='lat' dir='ltr'><strong>ratione</strong></span> <span class='ocrx_word' id='word_1_888' title='bbox 2847 5888 3044 5949; x_wconf 56' lang='lat' dir='ltr'><strong>potest.</strong></span> <span class='ocrx_word' id='word_1_889' title='bbox 3075 5876 3179 5932; x_wconf 67' lang='lat' dir='ltr'><strong>Nec</strong></span> <span class='ocrx_word' id='word_1_890' title='bbox 3211 5876 3311 5929; x_wconf 64' lang='lat' dir='ltr'><strong>ulla</strong></span> <span class='ocrx_word' id='word_1_891' title='bbox 3345 5883 3422 5929; x_wconf 54' lang='grc' dir='ltr'><strong>εει</strong></span> <span class='ocrx_word' id='word_1_892' title='bbox 3452 5890 3582 5935; x_wconf 61' lang='lat' dir='ltr'><strong>res...</strong></span> 
     </span>
    </p>
   </div>
   <div class='ocr_carea' id='block_1_121' title="bbox 1834 6557 3007 6588">
    <p class='ocr_par' dir='ltr' id='par_1_121' title="bbox 1834 6557 3007 6588">
     <span class='ocr_line' id='line_1_123' title="bbox 1834 6557 3007 6588; baseline 0.003 -18"><span class='ocrx_word' id='word_1_893' title='bbox 1834 6557 2134 6573; x_wconf 53' lang='lat' dir='ltr'><strong>“Mm</strong></span> <span class='ocrx_word' id='word_1_894' title='bbox 2149 6558 2468 6576; x_wconf 31' lang='lat' dir='ltr'><strong>magna...”</strong></span> <span class='ocrx_word' id='word_1_895' title='bbox 2425 6557 2450 6566; x_wconf 78' lang='grc'><strong>”“</strong></span> <span class='ocrx_word' id='word_1_896' title='bbox 2467 6559 2542 6578; x_wconf 57' lang='grc' dir='ltr'><strong>τε..</strong></span> <span class='ocrx_word' id='word_1_897' title='bbox 2553 6561 2646 6580; x_wconf 44' lang='grc' dir='ltr'><strong>κ;.·,</strong></span> <span class='ocrx_word' id='word_1_898' title='bbox 2677 6563 2688 6580; x_wconf 72' lang='grc' dir='ltr'><strong>ιι,</strong></span> <span class='ocrx_word' id='word_1_899' title='bbox 2703 6561 2910 6585; x_wconf 37' lang='grc' dir='ltr'><strong>ςὸτὸ-ἂ--μ</strong></span> <span class='ocrx_word' id='word_1_900' title='bbox 2933 6564 2944 6572; x_wconf 88' lang='lat'><strong>-.</strong></span> <span class='ocrx_word' id='word_1_901' title='bbox 2961 6565 3007 6588; x_wconf 46' lang='grc' dir='ltr'><strong>κδ</strong></span> 
     </span>
    </p>
   </div>
  </div>
