3978 6640
419 447 706 512 475”

1615 448 2019 511 MANUELIS
2057 442 2504 510 PAUEOLOGI

3649 431 3760 496 476

414 563 468 619 in
499 577 604 631 qua
639 576 742 617 non
775 561 916 618 idem
944 563 1048 619 hoc
1077 577 1174 618 usu
1204 564 1407 620 veniat.
1437 563 1552 620 Non
1583 578 1711 636 ergo
1743 564 1987 632 voluptas

2106 559 2282 624 ιιικδν,
2311 556 2408 609 καὶ
2447 554 2596 609 ἅπαν
2622 552 2831 624 χρῆμα.
2865 552 3016 608 Αύτά
3040 552 3162 623 γὰρ
3216 548 3432 608 ταῦτα
3463 550 3542 604 τὰ
3574 551 3758 619 ἀναγ-

415 655 617 708 malum
666 654 796 724 quid
843 665 947 720 est,
992 657 1084 711 sed
1134 658 1336 730 abusus
1385 657 1438 712 in
1487 659 1650 714 rebus
1695 656 1986 724 universis,

415 745 853 813 qunuquuidem
893 755 948 800 et
985 747 1123 817 ignis
1158 747 1326 802 abusu
1368 747 1540 803 malus
1572 751 1684 814 es’t,
1722 757 1778 802 et
1814 761 1986 817 aqua,

415 841 470 886 et
504 848 591 888 res
626 834 844 888 omnino
879 835 1153 904 quaalibet.
1191 837 1318 892 Haec
1353 837 1500 892 enim
1539 839 1653 905 ipsa
1691 837 1985 905 caeteroqui

419 925 758 989 necessaria,
790 936 846 980 et
878 928 1085 996 absque
1114 929 1313 998 quibus
1345 945 1502 984 nemo
1534 930 1718 985 salvus
1749 940 1800 986 et
1835 932 1988 985 inco-

416 1016 582 1071 lumis
617 1015 813 1082 fuerit,
851 1021 1071 1088 perinde
1106 1035 1170 1076 ac
1206 1022 1380 1076 noxia:
1416 1030 1605 1076 natura
1642 1037 1761 1086 res,
1797 1023 1988 1076 interi-

422 1117 572 1164 munt
600 1111 643 1163 si
674 1109 813 1164 ultra
840 1126 999 1180 quam
1028 1127 1126 1181 par
1152 1113 1222 1167 sit
1247 1110 1413 1166 fluant
1441 1127 1636 1184 magna
1661 1127 1785 1167 eum
1815 1115 1987 1165 abun-

419 1203 624 1256 dantia.
669 1203 784 1266 Dic,
831 1205 1085 1268 obsecro,
1132 1205 1285 1272 mihi,
1328 1206 1454 1275 quid
1501 1207 1644 1268 luce.
1685 1206 1818 1277 quid
1863 1220 1990 1261 aere

419 1295 650 1349 melius?
681 1295 736 1350 Si
774 1307 951 1352 tamen
987 1306 1040 1352 et
1077 1299 1162 1354 his
1195 1299 1500 1363 abutamur,
1534 1314 1787 1368 maguum
1817 1299 1990 1368 quod-

422 1387 542 1439 dam
575 1385 634 1441 fit
663 1387 862 1440 malum
885 1428 900 1452 ,
934 1388 1172 1456 itemque
1203 1388 1372 1443 nobis
1392 1388 1596 1443 accidit
1623 1389 1766 1458 quod
1801 1389 1866 1444 iis
1899 1390 1989 1458 qui

422 1479 618 1533 horum
653 1479 877 1534 minime
906 1481 1198 1548 participes
1226 1489 1384 1548 sunt;
1416 1497 1537 1536 nam
1568 1482 1813 1550 utrisque
1845 1485 1992 1538 cala-

425 1572 588 1626 mitas
624 1572 960 1627 intoleranda
1000 1573 1288 1641 contingit,
1329 1583 1436 1628 tam
1471 1575 1628 1629 nobis
1660 1589 1824 1644 quam
1859 1575 1987 1631 illis.

426 1663 495 1717 Et
526 1679 761 1734 quonam
800 1664 853 1718 id
890 1674 1080 1732 pacto,
1117 1665 1314 1720 dicam.
1348 1663 1587 1728 Radius.
1624 1679 1713 1719 res
1747 1666 1988 1720 omnium

419 1757 844 1827 iucundissima,
890 1757 1090 1826 praebet
1138 1756 1309 1810 oculis
1353 1767 1411 1810 ut
1455 1768 1578 1812 actu
1622 1759 1838 1813 videndi
1881 1757 1986 1812 vim

425 1851 689 1912 habeant,
721 1859 775 1902 et
805 1851 966 1904 rebus
994 1850 1415 1918 aspectabilibus
1445 1851 1648 1918 praebet
1682 1861 1739 1904 ut
1769 1853 1991 1920 conspi-

426 1943 644 1997 cinntur
691 1941 743 1995 id
785 1954 908 1996 esse
955 1942 1093 2009 quod
1137 1950 1282 1994 sunt.
1325 1941 1458 1995 Nam
1506 1951 1560 1996 et
1607 1957 1725 2010 qua:
1770 1943 1991 2009 pulchra

425 2044 580 2098 sunt,
617 2043 672 2089 et
710 2033 826 2103 ipse
862 2032 1088 2097 oculus,
1123 2042 1391 2101 potestate
1425 2036 1684 2089 duntaxat
1722 2034 1772 2089 id
1808 2043 1993 2090 essent

425 2128 568 2194 quod
603 2135 794 2180 natura
829 2134 994 2191 sunt,
1027 2126 1247 2195 pulchra
1283 2126 1536 2181 nimirum
1560 2166 1574 2190 ,
1608 2138 1662 2182 et
1692 2128 1879 2183 oculus
1900 2168 1915 2194 ,
1946 2128 1992 2183 si

427 2217 754 2274 beneficium
785 2233 943 2273 suum
977 2205 1158 2274 radius
1189 2219 1306 2288 ipse
1336 2235 1440 2273 non
1472 2228 1787 2288 praestaret;
1820 2221 1915 2276 sed
1945 2221 1992 2276 si

425 2311 547 2377 quis
575 2311 718 2364 hunc
749 2319 918 2364 totum
949 2311 1123 2365 oculis
1156 2310 1463 2365 immediate
1491 2312 1765 2380 exceperit
1785 2351 1801 2374 .
1835 2312 1994 2369 facile

424 2399 642 2456 vivendi
677 2399 986 2456 facultatem
1024 2403 1255 2458 amittet.
1292 2402 1452 2473 Atqui
1485 2403 1528 2458 si
1560 2404 1719 2475 longo
1754 2414 1996 2475 tempore

427 2491 612 2546 radius
639 2491 814 2546 oculis
847 2491 1030 2546 nullus
1059 2491 1293 2547 illuxerit
1313 2533 1329 2558 ,
1362 2492 1500 2548 nihil
1532 2493 1655 2550 inde
1685 2494 1994 2552 detrimenti

426 2584 508 2640 eis
539 2583 834 2649 acciderit;
866 2599 1052 2640 verum
1082 2585 1126 2639 si
1160 2600 1320 2654 supra
1355 2587 1570 2640 modum
1604 2587 1656 2641 in
1693 2601 1785 2643 eos
1815 2590 1995 2644 irrue-

424 2677 520 2740 rit,
552 2691 675 2729 mox
708 2676 1043 2746 inopinatum
1071 2677 1324 2745 quiddam
1353 2679 1577 2745 accidit,
1607 2682 1824 2750 quando
1849 2683 1994 2752 quod

422 2766 880 2835 iucundissimum
913 2770 1069 2824 nobis
1098 2779 1202 2833 est,
1230 2771 1282 2824 in
1314 2771 1548 2827 dolorem
1580 2774 1795 2842 desinit,
1824 2783 1873 2829 et
1902 2789 1998 2846 per

428 2873 590 2927 quem
623 2859 806 2914 videre
839 2875 1155 2929 possumus,
1185 2877 1282 2932 per
1309 2865 1557 2919 eumdem
1593 2864 1807 2920 videndi
1841 2882 1994 2922 usum

429 2951 746 3006 amittimus.
771 2949 890 3005 Jam
919 2954 1125 3024 absque
1150 2955 1290 3023 aeris
1315 2970 1413 3008 usu
1437 2970 1504 3010 ne
1529 2956 1852 3013 brevissimo
1877 2959 1999 3029 qui-

429 3041 550 3096 dem
587 3051 833 3114 tempore
863 3043 1056 3098 durare
1084 3059 1397 3113 possumus,
1430 3055 1490 3101 ut
1521 3047 1738 3103 interim
1769 3064 1876 3104 non
1909 3050 1997 3106 di-

429 3147 585 3197 cam,
625 3149 750 3187 mox
786 3133 1072 3190 interitura
1111 3136 1388 3205 universa,
1419 3139 1474 3192 ni
1510 3138 1872 3197 circumfusus
1906 3157 2001 3197 aer

2021 1901 2068 1961 B

2093 652 2246 714 καῖα,
2278 649 2373 702 καὶ
2393 641 2467 702 ὧν
2485 648 2658 717 χωρὶς
2678 646 2786 699 οὐδ’
2812 646 2876 700 ἂν
2903 646 3075 710 οὐδεὶς
3099 643 3519 708 διασώζοιτο,
3554 643 3717 697 ὥσπε
3726 662 3759 716 ρ

2090 741 2160 795 τὰ
2190 741 2349 809 φύσει
2403 739 2714 809 βλάπτοντα
2759 740 3090 809 διαφθείρει,
3154 739 3237 808 ἢν
3289 737 3458 809 ὑπὲρ
3509 737 3579 790 τὸ
3633 739 3756 790 δέον

2093 833 2502 905 συνεπιρῤεύσῃ
2536 831 2674 901 μετά
2705 830 2909 900 πολλῆς
2935 832 3034 899 τῆς
3073 829 3473 899 ὑπερϐολῆς.
3515 827 3590 880 Τί
3629 829 3751 896 μὲν,

2091 924 2213 979 είπέ
2243 942 2354 994 μοι,
2405 923 2614 993 φωτὸς,
2655 923 2708 974 τί
2742 923 2787 976 δ’
2811 923 2971 992 ἀέρος
3015 922 3294 993 βέλτιον;
3337 921 3499 974 ἀλλὰ
3552 920 3624 974 ἂν
3656 926 3752 975 καὶ

2091 1016 2267 1069 τοῖσδε
2325 1014 2840 1085 παραχρησὼμεθα,
2882 1015 3026 1084 μέγα
3069 1032 3129 1068 τι
3186 1017 3489 1082 γίγνεται
3547 1013 3746 1078 κακὸν,

2091 1108 2186 1161 καὶ
2237 1107 2430 1159 ταυτὸν
2479 1108 2590 1169 τοῖς
2643 1107 2704 1158 ού
2763 1107 3052 1176 μετέχουσι
3103 1106 3362 1158 τούτων
3415 1105 3744 1174 πάσχομεν.

2103 1199 2406 1268 Ἀφλρητον
2434 1198 2544 1267 γὰρ
2577 1199 2780 1266 ἀμφοῖν
2817 1198 2878 1251 τὸ
2905 1198 3080 1251 δεινδν
3106 1199 3272 1266 ἡμῖν
3312 1214 3384 1250 τε
3422 1197 3746 1260 κάκείνοις.

2093 1291 2202 1343 Καὶ
2253 1290 2405 1355 1:53;;
2459 1291 2571 1357 ἐγὼ
2616 1291 2787 1358 λέγω.
2831 1292 3034 1358 ’Δκτὶς,
3081 1291 3109 1344 ὃ
3171 1291 3434 1344 πάντων
3489 1291 3738 1358 ⁴ἥδιστον,

2095 1383 2330 1452 παρέχει
2365 1383 2466 1451 μὲν
2487 1385 2604 1446 τοῖς
2633 1383 2936 1454 ὀφθαλμοῖς
2962 1385 3240 1454 ἐνεργείᾳ
3285 1385 3360 1436 τὸ
3390 1385 3543 1453 ὁρᾷν
3571 1383 3739 1453 ἔχειν,

2093 1478 2325 1546 παρέχει
2356 1475 2413 1528 δὲ
2441 1477 2554 1535 τοῖς
2581 1477 2798 1545 ὁρατοῖς
2826 1476 2957 1529 αὐτὸ
2987 1477 3140 1530 τοῦτ’
3177 1472 3351 1531 εἶναι
3401 1477 3506 1530 καὶ
3548 1478 3737 1546 φαίνε-

2096 1569 2244 1623 σθαι.
2305 1569 2460 1639 Μόνη
2514 1567 2624 1637 γὰρ
2674 1568 2740 1622 ἂν
2778 1564 2845 1638 ἦν
2902 1569 3134 1638 δυνάμει
3183 1568 3266 1623 τὰ
3343 1567 3506 1623 καλά
3565 1571 3661 1623 καὶ
3707 1570 3734 1621 ὁ

2095 1660 2397 1731 ὀφθαλμὸς,
2427 1660 2560 1714 αὐτὸ
2592 1659 2741 1714 τοῦθ’
2771 1661 2799 1714 ὃ
2829 1661 3130 1730 πεφύκασι,
3182 1662 3355 1716 καλὰ
3399 1663 3501 1715 καὶ
3532 1661 3728 1731 ὀφθαλ-

2099 1751 2219 1820 μὸς,
2254 1751 2522 1821 μηδαμῶς
2562 1767 2666 1803 που
2696 1752 2796 1821 τῆς
2827 1753 3048 1815 ἀκτῖνος
3073 1751 3134 1804 τὸ
3173 1751 3422 1822 ἑαυτῆς
3453 1752 3727 1821 χορηγούο

2098 1859 2225 1913 σης.
2264 1842 2408 1897 Ἀλλ’
2448 1843 2503 1895 εί
2526 1860 2611 1906 τις
2649 1843 2858 1914 ταύτην
2887 1845 3115 1910 ἀμέσως
3148 1845 3309 1913 ὅλην
3368 1846 3496 1908 τοῖς
3523 1844 3718 1912 ὀφθαλ-

2099 1937 2222 2003 μοῖς
2275 1934 2528 1999 δέξαιτο,
2586 1935 2786 2006 ῥᾳδίως
2837 1936 2904 1990 ἂν
2956 1937 3057 2008 τὴν
3115 1938 3396 2006 ὀπτικὴν
3464 1939 3712 1992 ἀπολέσει

2095 2026 2352 2096 δύναμιν.
2387 2029 2582 2081 Καίτοι
2618 2030 2813 2100 συχνόν
2839 2047 2960 2083 τινα
2989 2029 3196 2100 χρόνοι
3233 2033 3372 2095 τοῖς
3419 2031 3715 2100 ὀφθαλμοῖς

2100 2119 2175 2188 μὴ
2212 2119 2501 2189 φανείσης,
2537 2119 2690 2190 οίύδέν
2722 2122 2789 2174 ἂν
2821 2120 3035 2185 τούτοις
3072 2122 3352 2190 βλάπτον
3409 2124 3713 2190 ἐπεγένετο.

2107 2210 2280 2282 Ὕπέρ
2320 2212 2375 2266 δὲ
2420 2213 2480 2265 τὸ
2536 2213 2735 2282 μέτρον
2769 2216 3201 2284 συγγεγονυίας,
3240 2216 3467 2269 αὐτίκα
3517 2216 3606 2268 καί
3641 2215 3714 2281 γί-

2097 2320 2286 2371 γνεται
2318 2303 2640 2375 παράδοξον,
2677 2307 2724 2357 εί
2771 2306 2831 2358 τὸ
2868 2307 3084 2376 ἥδιστον
3114 2308 3270 2376 ἡμῖν
3319 2308 3712 2376 τελευτήσειεν

2097 2395 2179 2457 είς
2210 2395 2412 2464 λύπην,
2448 2396 2542 2448 καὶ
2575 2394 2643 2448 δι’
2679 2397 2746 2468 ἢν
2774 2398 2907 2468 ὁρᾷν
2958 2398 3095 2464 ἔστι,
3147 2398 3232 2452 δι’
3283 2393 3503 2466 αύτὴν⁷
3518 2398 3609 2451 καὶ
3657 2397 3708 2450 τὸ

2095 2487 2229 2556 ὁρᾷν
2257 2486 2654 2556 ἀπολέσαιμεν.
2707 2489 2898 2559 ’Δέρος
2933 2489 3116 2559 μέντοι
3161 2491 3360 2560 χώρῖς
3413 2491 3545 2543 ούδέ
3587 2489 3706 2556 γοῦν

2098 2577 2440 2647 βραχύτατον
2469 2579 2663 2649 χρόνον
2685 2579 2899 2634 ἔνεστιν
2935 2583 3088 2650 ἡμᾶς
3107 2582 3436 2651 διαρκέσαι
3465 2595 3484 2610 ⁶
3510 2581 3584 2634 ἐῶ
3605 2579 3701 2648 γὰρ

2097 2669 2236 2734 τέως
2266 2673 2464 2738 εἰπεῖν,
2496 2671 2574 2735 ὡς
2605 2673 2698 2726 καὶ
2729 2675 2909 2726 πάντα
2937 2674 3001 2727 ἂν
3048 2674 3277 2732 εὐθέως
3312 2672 3597 2734 ἀπόλωλε,
3632 2670 3700 2740 μὴ

2101 2763 2492 2831 περιχυθέντος
2519 2764 2752 2818 ἐκείνου.
2798 2765 2942 2817 Ἀλλ’
2973 2763 3040 2817 ἂν
3086 2765 3184 2819 καὶ
3222 2757 3397 2826 οὗτος
3431 2761 3697 2835 φορτικώο

2097 2855 2411 2924 τερονήμῖν
2451 2855 2776 2928 ἐπιπνεύσῃ,
2814 2860 2910 2912 καὶ
2939 2857 3078 2927 μετᾶ
3118 2858 3324 2929 ῥύμης
3363 2858 3452 2911 ὅτι
3505 2855 3695 2923 πολλῆς

2099 2945 2468 3018 ἐπιδιαδράμῃ
2507 2949 2700 3004 τᾶνδον
2735 2950 2823 3004 διὰ
2849 2951 2955 3005 τῶν
2979 2950 3156 3013 ὤτων,
3203 2951 3307 3003 διὰ
3346 2952 3464 3004 τῶν
3491 2948 3692 3020 μυκτή-

2102 3057 2232 3110 ρων,
2263 3040 2350 3094 διά
2379 3041 2473 3094 τοῦ
2503 3043 2792 3112 στόματος.
2827 3042 2903 3104 ὥς
2933 3044 3008 3114 μὴ
3049 3045 3378 3116 δυνηθῆναι
3414 3042 3691 3098 τοσύνολον

2100 3131 2382 3202 ἐκπέμψαι
2413 3133 2515 3203 μὲν
2565 3134 2751 3200 αὑτὸν,
2789 3135 3170 3204 ύπερζέσαντα
3211 3139 3284 3208 τῇ
3350 3137 3562 3205 φυσικῇ
3595 3133 3692 3188 τῶν

429 3232 597 3280 esset.
629 3223 830 3279 Verum
864 3225 910 3280 si
942 3233 997 3279 et
1028 3226 1116 3282 ille
1145 3230 1367 3296 gravius
1394 3245 1497 3286 nos
1524 3231 1805 3296 aﬂlaverit,
1835 3243 1890 3289 et
1921 3236 1999 3288 in-

2106 3226 2431 3297 σπλάγχνων
2453 3227 2776 3297 Θερμότητι,
2803 3230 3014 3284 σπᾶσαι
3039 3229 3096 3282 δὶ
3127 3232 3234 3286 καὶ
3268 3228 3687 3296 ἀντεισαγαγςῑν

419 3325 592 3384 gente
625 3331 749 3370 cum
786 3317 988 3388 impetu
1024 3319 1109 3374 sic
1135 3319 1349 3374 interna
1385 3323 1751 3390 penetraverit
1783 3317 2004 3394 per/aus

435 3424 542 3474 res,
571 3423 664 3477 per
691 3425 868 3476 nares,
895 3426 995 3481 per
1018 3427 1100 3476 os,
1124 3420 1186 3466 aut
1213 3428 1334 3469 eum
1361 3415 1580 3470 omnino
1605 3430 1706 3472 nec
1729 3417 1998 3484 emittere,

433 3499 668 3554 naturali
716 3500 981 3556 viscerum
1020 3501 1201 3558 calore
1240 3501 1622 3571 fervefactum,
1667 3521 1768 3562 nec
1815 3523 2003 3564 recen-

436 3597 581 3652 tem,
614 3592 704 3659 qui
739 3592 973 3648 calorem
1011 3595 1232 3650 insitum
1270 3596 1582 3664 refrigeret,
1615 3600 1886 3655 attrahere
1923 3612 2004 3656 at-

436 3696 544 3750 que
568 3683 927 3741 intromittere
952 3687 1244 3756 possimus,
1270 3689 1426 3744 facile
1449 3705 1638 3745 omnes
1662 3693 2001 3760 perieriums.
2029 3726 2032 3732 ι

438 3775 533 3829 Sic
561 3777 740 3830 omnia
773 3780 909 3830 bona
939 3788 1062 3833 sunt
1087 3794 1207 3848 qua:
1235 3779 1336 3834 rite
1362 3780 1514 3846 liunt,
1541 3797 1644 3836 nec
1667 3783 1872 3852 absque
1900 3784 2004 3839 hoc

437 3868 753 3937 quidquam.
789 3868 922 3923 Nam
965 3881 1019 3925 et
1060 3870 1302 3926 membra
1349 3874 1614 3944 corporis,
1651 3883 1707 3930 et
1746 3891 2005 3947 quaecun-

437 3973 544 4028 que
574 3960 757 4015 usibus
788 3961 979 4026 hor_um
1012 3962 1289 4030 serviunt,
1319 3979 1417 4034 per
1445 3980 1502 4020 se
1533 3967 1670 4021 bona
1703 3978 1829 4023 sunt
1857 3979 1910 4024 et
1938 3970 2003 4024 ad

440 4052 637 4106 bonum
669 4051 832 4106 facta.
863 4052 1000 4119 Quin
1033 4055 1196 4108 etiam
1229 4056 1594 4114 conditionem
1625 4074 1779 4115 suam
1817 4042 2000 4117 mode-

438 4146 646 4200 ratione
671 4155 888 4199 servant
911 4161 1064 4211 ;nam
1087 4145 1204 4201 solo
1225 4161 1471 4217 excessu,
1497 4151 1578 4205 vel
1600 4151 1812 4207 defectu
1839 4153 2002 4219 illius,

437 4239 579 4306 quod
618 4237 731 4292 fieri
770 4255 866 4307 par
897 4248 1046 4304 erat.
1082 4251 1189 4296 tam
1228 4244 1342 4312 ipsa
1378 4244 1618 4299 membra
1653 4261 1775 4314 qua:
1809 4257 2002 4315 agunt,

437 4345 600 4397 quam
640 4345 760 4400 qua:
793 4347 889 4400 per
921 4348 985 4386 ea
1022 4333 1348 4400 efficiuntur,
1382 4351 1504 4392 esse
1542 4338 1680 4393 mala
1713 4346 2002 4408 putantur,

437 4436 564 4475 cum
613 4438 954 4492 nequaquam
1001 4426 1130 4480 sint.
1179 4427 1388 4483 Etenim
1437 4420 1584 4498 quod
1629 4432 1856 4486 nimium
1901 4442 2004 4500 est,

437 4513 694 4582 quodque
727 4531 938 4585 parum,
966 4518 1162 4588 ubique
1195 4529 1376 4587 uocet,
1403 4525 1476 4577 uti
1505 4523 1616 4592 jam
1647 4535 1776 4580 ante
1801 4527 2004 4582 dictum

437 4615 542 4664 est.
561 4609 630 4663 At
652 4607 740 4662 illa
767 4623 863 4679 per
885 4609 1037 4664 istaec
1061 4613 1419 4668 instrumenta
1439 4629 1824 4686 nonnunquam
1846 4619 2001 4686 fiunt,

439 4717 828 4771 nonnunquam
873 4705 1082 4759 ratione
1123 4707 1398 4772 materia),
1433 4723 1554 4777 qua:
1593 4709 2002 4778 instrumentis,

441 4795 542 4848 hoc.
573 4805 655 4849 est
686 4795 978 4859 membris,
1012 4797 1203 4864 agendi
1238 4798 1343 4851 vim
1375 4801 1718 4870 suppeditat;
1753 4817 2007 4858 nonnun-

439 4874 598 4952 quam
644 4900 712 4940 ex
760 4887 931 4955 ipsius
973 4888 1139 4940 animi
1189 4889 1481 4944 sententia.
1523 4890 1639 4946 Non
1688 4900 1868 4948 tamen
1915 4895 2006 4950 illa

439 4977 563 5041 quis
607 4976 726 5047 jure
769 4979 1194 5049 vituperaverit,
1239 4982 1454 5050 opinor,
1500 4982 1552 5036 in
1597 4983 1700 5037 ulla
1745 4999 1804 5038 re
1850 5003 1864 5040 :
1913 5001 2014 5042 nec

437 5067 582 5119 enim
616 5068 889 5131 materies,
921 5085 1039 5139 quae
1067 5083 1260 5148 expers
1288 5081 1372 5125 est
1400 5072 1588 5139 animi,
1621 5075 1887 5144 culpanda
1918 5092 2012 5132 vc-

441 5156 540 5218 nit,
571 5172 668 5210 nec
702 5161 965 5223 membra,
993 5160 1088 5215 sed
1119 5157 1337 5232 movens
1363 5162 1512 5218 istaec
1536 5165 1770 5229 animus,
1799 5167 1887 5234 qui
1923 5181 2012 5221 aro

443 5247 644 5300 hitratu
675 5263 772 5302 suo
802 5243 1066 5312 movetur.
1099 5252 1165 5306 ad
1200 5255 1419 5308 meliora
1451 5256 1668 5323 quidem
1703 5271 1826 5310 cum
1859 5271 1887 5310 a
1926 5271 2013 5312 ra-

442 5339 589 5392 tione
619 5341 972 5407 gubernatur,
1005 5344 1070 5398 ad
1102 5345 1374 5398 deteriora
1403 5361 1530 5401 vero
1561 5362 1685 5401 cum
1721 5347 1912 5402 brutas
1943 5347 2013 5402 ad

443 5442 625 5499 partes
659 5433 830 5502 magis
861 5437 1175 5503 prnpcndet.
1207 5436 1569 5502 Quamobrem
1599 5441 1664 5494 de
1697 5438 1909 5494 duobus
1939 5438 2015 5492 al-

363 5589 368 5592 _
445 5534 618 5578 terum
654 5537 932 5594 sequetur,
963 5528 1046 5581 vel
1081 5536 1138 5580 ut
1174 5530 1394 5584 minime
1426 5533 1496 5585 sit
1526 5531 1833 5585 accusanda
1869 5530 2017 5585 volu-

444 5631 588 5686 ptas,
624 5620 836 5686 quotics
874 5621 1066 5674 modus
1101 5634 1130 5672 a
1168 5621 1320 5675 nobis
1354 5622 1670 5692 negligitur.
1707 5623 2016 5693 progressis

445 5710 674 5764 ulterius
703 5726 862 5780 quam
891 5727 986 5782 par
1016 5711 1188 5767 fuerat
1221 5731 1234 5766 :
1267 5713 1350 5766 vel
1381 5724 1437 5768 ut
1471 5715 1607 5768 idem
1637 5717 1824 5770 eodem
1859 5717 2018 5768 modo

445 5803 515 5858 de
545 5804 741 5859 creatis
775 5807 1042 5861 universis
1074 5807 1201 5870 fiat;
1237 5806 1343 5860 imo
1375 5807 1591 5876 potius,
1625 5809 1823 5862 creatis
1853 5807 2018 5861 omis-

445 5897 560 5967 sis,
591 5895 904 5956 Cr-~atorcm
943 5902 1116 5982 ipsum
1153 5899 1486 5958 cavillcmur.
1527 5898 1656 5953 Nam
1693 5901 1784 5970 qui
1823 5899 2015 5953 noxio-

2101 3318 2466 3389 νεαρώτερον,
2497 3318 2738 3387 ψύξοντα
2765 3319 2864 3390 τὴν
2893 3319 3136 3389 ἔμφυτον
3166 3321 3427 3393 θέρμην,
3462 3317 3687 3389 εύχεριῖς

2100 3411 2168 3465 ἂν
2205 3411 2448 3475 ἅπαντες
2470 3411 2858 3483 ἀπολώλαμεν.
2893 3413 3048 3466 Οὕτω
3079 3414 3270 3468 πάντα
3311 3414 3520 3483 ἀγαϐἀ,
3557 3409 3684 3480 μετά

2101 3506 2298 3574 καιροῦ
2337 3509 2727 3576 πεπραγμένα,
2763 3507 2861 3560 καὶ
2916 3508 3068 3561 οὐδὲν
3105 3509 3246 3562 ἄνευ
3312 3510 3535 3562 τούτου.
3584 3505 3683 3557 Καὶ

2105 3597 2241 3666 μέλη
2274 3597 2382 3668 γὰρ
2431 3598 2528 3650 τοῦ
2583 3599 2860 3668 σώματος,
2900 3600 2997 3654 καὶ
3050 3601 3198 3664 ὅσοις
3255 3602 3464 3671 χρῆται
3513 3599 3679 3660 ταυτὶ,

2103 3689 2284 3757 ἀγαθά
2337 3691 2399 3743 τὸ
2447 3691 2574 3744 καθ’
2607 3692 2770 3757 αὐτὰ,
2808 3693 2904 3746 καὶ
2939 3693 3028 3744 ἐπ’
3074 3693 3277 3762 ἀγαθῷ
3319 3694 3538 3760 γέγονε.
3585 3687 3681 3741 Καὶ

2107 3780 2292 3850 μέντοι
2317 3797 2380 3848 γε
2419 3782 2516 3834 καὶ
2545 3781 2711 3846 σώζει
2736 3781 2836 3851 τὴν
2865 3781 3022 3848 τάξιν
3048 3785 3114 3850 τῇ
3159 3783 3511 3852 συμμετρίᾳ.
3541 3780 3676 3846 Mem

2103 3875 2212 3944 γὰρ
2241 3874 2528 3945 πλεονεξίᾳ
2554 3875 2587 3946 ἢ
2630 3875 2811 3946 ἐνδείᾳ
2836 3875 2932 3929 τοῦ
2963 3877 3314 3944 καθήκοντος
3356 3877 3427 3929 τά
3454 3893 3510 3928 τε
3541 3874 3678 3934 ἐνερ-

2104 3951 2306 4031 γοῦντα
2335 3963 2494 4034 μέλη,
2539 3966 2637 4018 καὶ
2666 3963 2735 4018 τὰ
2765 3965 2837 4017 δι’
2865 3965 3048 4025 αὐτῶν
3079 3966 3486 4035 ἐνεργούμενα,
3531 3958 3672 4026 νομί-

2106 4053 2262 4118 ζεται
2313 4057 2464 4111 κακὰ
2489 4052 2653 4124 εῖναι,
2693 4056 2918 4128 μηδαμῆ
2973 4058 3248 4127 μηδαμῶς
3281 4058 3438 4111 ὄντα.
3476 4055 3546 4105 Τὸ
3573 4050 3670 4118 γὰρ

2106 4146 2428 4212 πλεονάζον,
2462 4148 2560 4203 καὶ
2605 4149 2666 4202 τὸ
2695 4149 2966 4214 ἐλλεῖπον,
2991 4148 3144 4202 τοῦτ’
3188 4149 3315 4202 ἐστι
3356 4150 3418 4201 τὸ
3453 4146 3669 4214 βλάπτον

2107 4238 2452 4309 ἁπανταχοῦ,
2482 4239 2557 4302 ὡς
2583 4238 2722 4309 ἔφθη
2756 4254 2821 4306 γε
2847 4237 3004 4291 τοῦτο
3033 4237 3226 4308 ῥηθέν.
3275 4237 3460 4292 Ταῦτα
3487 4236 3531 4288 δ’
3567 4233 3671 4286 ἔστι

2112 4331 2210 4400 μὲν
2241 4331 2330 4384 διὰ
2356 4330 2466 4383 τῶν
2499 4330 2748 4402 ὀργάνων
2777 4329 2987 4383 τούτων
3017 4330 3543 4400 ἐνίοτε¹γιγνόμενα,
3565 4326 3667 4376 ἐστι

2106 4422 2164 4476 δέ
2194 4423 2283 4476 διὰ
2313 4421 2412 4492 τὴν
2446 4421 2602 4493 ὕλην,
2632 4422 2666 4492 ἥ
2701 4423 2931 4491 παρέχει
2966 4425 3080 4486 τοῖς
3111 4422 3395 4492 ὀργάνοις,
3438 4416 3665 4473 τουτέστι
3716 4458 3719 4459 ν

2107 4517 2222 4578 τοῖς
2256 4513 2500 4584 μέλεσιν,
2538 4516 2784 4584 ἐνεργεῖν
2810 4531 2824 4544 θ
2855 4513 2972 4567 ἐστι
2998 4514 3056 4568 δέ
3100 4515 3191 4568 διὰ
3223 4515 3327 4584 τὴν
3360 4515 3417 4565 ἐν
3447 4511 3511 4580 τῇ
3531 4506 3660 4578 ψυχῇ

2114 4608 2360 4680 γνώμην.
2399 4609 2475 4662 Οὐ
2521 4609 2629 4678 μὴν
2661 4610 2890 4670 ἐκείνοις
2940 4608 3208 4685 μέμψαιτ’
3243 4613 3311 4666 ἀν
3357 4625 3458 4670 τις,
3507 4600 3661 4670 οἶμαί.

2111 4700 2337 4765 δικαίως
2366 4701 2452 4754 ἐπ’
2479 4701 2655 4755 οὐδενὶ
2680 4701 2790 4754 τῶν
2818 4703 3099 4756 ἁπάντων.
3126 4701 3264 4756 Οὔτε
3291 4703 3398 4770 γὰρ
3424 4697 3519 4765 τὴν
3545 4693 3659 4758 ὕλην

2112 4793 2317 4863 ἄψυχον
2369 4789 2554 4858 οὖσαν,
2593 4793 2717 4846 οὔτε
2766 4793 2835 4846 τά
2885 4795 3045 4864 μέλη,
3087 4794 3224 4847 ἀλλὰ
3283 4793 3382 4862 τὴν
3428 4787 3660 4842 κινοῦσαν

2113 4887 2286 4941 ταῦτα
2315 4887 2497 4958 ψυχήν
2522 4904 2534 4916 ’
2571 4888 2604 4957 ἢ
2633 4888 2868 4940 κινεῖται
2905 4888 3223 4958 προαιρέσει
3264 4887 3356 4939 ἐπὶ
3390 4883 3454 4936 τά
3487 4873 3656 4947 βελτίω

2122 4979 2244 5049 μὲν,
2291 4979 2434 5049 λόγῳ
2467 4979 2881 5050 κυϐερνωμένη,
2915 4981 3007 5032 ἐπὶ
3049 4981 3115 5032 τὰ
3153 4981 3323 5049 χείρω
3350 4977 3424 5040 δέ,
3456 4969 3582 5038 πρὸς
3606 4961 3660 5013 τδ

2117 5071 2458 5140 ἀλογώτερον
2499 5071 2601 5141 τὴν
2633 5070 2810 5142 ὁρμὴν
2856 5070 3076 5141 ἔχουσα.
3106 5073 3270 5125 Ὥστε
3320 5070 3464 5123 δυοῖν
3513 5059 3654 5142 θάτεε

2121 5181 2214 5234 ρον
2249 5163 2320 5234 ’ἢ
2373 5162 2510 5235 μηδέ
2540 5139 2641 5232 τὴν
2669 5139 2884 5233 Ἵήὸονὴν
2908 5139 2915 5141 ﬁ
2937 5162 3255 5230 διαὸλητέον
3286 5160 3352 5214 ἂν
3389 5156 3492 5242 εἴη,
3541 5139 3654 5242 MP:

2116 5255 2274 5325 ήμῶν
2321 5253 2720 5324 ἀτιμασθέντος
2751 5253 2844 5306 τοῦ
2876 5253 3101 5321 μέτρου,
3135 5252 3210 5317 ὡς
3253 5241 3548 5319 περαιτέρω
3570 5249 3649 5334 τξυ

2115 5347 2447 5416 γιγνομένου
2496 5344 3008 5415 προϐεϐηκότων,ἢ
3056 5345 3149 5396 καὶ
3199 5345 3373 5396 πᾶσαν
3419 5334 3536 5400 ἑξῆς
3569 5336 3653 5392 την

2118 5441 2301 5492 κτίσιν
2334 5438 2426 5491 τὸν
2463 5438 2580 5492 ἴσον
2615 5438 2840 5508 τρόπον.
2871 5437 3090 5490 Μᾶλλον
3123 5436 3177 5488 δὲ
3204 5433 3402 5499 ταύτην
3428 5423 3644 5491 ἀφέντεὶν

2118 5534 2208 5585 τἰν
2242 5532 2478 5602 ποιητὴν
2528 5531 2907 5599 διασύρωμεν.
2956 5531 3016 5582 '0
3046 5530 3152 5597 γὰρ
3192 5529 3299 5580 τῶν
3346 5514 3647 5592 βλαπτόντων

2122 5619 2459 5689 δημιουργὸς
2489 5619 2661 5681 αἴτιος
2692 5621 2953 5689 ἄντικρυς
2978 5617 3085 5671 τῶν
3115 5617 3318 5677 κακῶν,
3351 5603 3646 5698 ἄπερΑάγαῒῖ

2123 5713 2294 5774 καίως
2336 5713 2402 5765 ἂν
2437 5715 2571 5782 παρ’
2621 5712 2850 5766 ἐκείνων
2881 5711 3145 5779 γένοιντο.
3195 5707 3380 5760 Καίτοι
3421 5701 3464 5751 εί
3492 5693 3567 5746 διὰ
3587 5693 3644 5738 τά

2129 5807 2436 5877 βλάπτοντα
2489 5807 2652 5858 αὐτὴν
2697 5803 3087 5874 αἰτιασόμεθα,
3126 5797 3331 5854 δίκαιόν
3373 5795 3476 5845 ἐστι
3524 5794 3644 5878 παίξσ

2135 5871 2332 5969 ιτλτιθὲς
2366 5899 2461 5951 καὶ
2494 5897 2560 5952 δι’
2605 5899 2747 5952 αὑτά
2780 5897 2846 5950 τὰ
2881 5895 3235 5966 βλαπτόμενοι
3267 5885 3455 5944 ἐκεῖνον
3494 5871 3551 5930 αὖ
3575 5879 3641 5922 αι’
