3978 6622
136 400 230 467 δτι
1546 457 1550 462 .
1633 416 1773 478 οῐιΑ

1876 417 1915 480 o
1955 419 2020 482 ν.
2961 377 2990 408 ⁸
3351 421 3458 487 478

138 518 409 587 τιᾶσθαι,
473 529 723 581 τοιαῦτα
760 530 894 601 παρ’
941 527 1442 602 αύτούνγεγονὸτα,
1483 535 1562 599 ὡς
1612 535 1686 606 μὴ
1719 537 1773 589 τδ

1885 552 2002 592 rum
2036 536 2288 593 conditor
2317 546 2427 605 est,
2458 538 2607 594 haud
2633 537 2796 595 dubie
2828 537 3094 593 malorum
3126 547 3206 592 est
3238 547 3452 604 auctor,

136 609 404 678 βλάπτον
438 629 517 667 τι
565 618 663 670 καὶ
685 618 853 672 κακὸν
882 616 972 675 οἷά
997 639 1058 676 τε
1089 619 1228 678 εἶναι
1256 626 1688 697 ὲκκρούσασθαι.
1716 627 1773 680 ΕΙ

1880 644 2003 700 qua:
2035 629 2343 685 necessario
2374 631 2584 685 scilicet
2616 630 2684 684 ab
2721 630 2827 686 illis
2866 630 3020 685 nunt.
3055 629 3218 697 Atqui
3251 631 3294 683 si
3328 645 3456 684 eum

135 702 192 754 δὲ
220 704 404 758 τοῦτο
448 707 682 764 ἄτοπόν
707 728 788 766 σοι
820 713 992 779 δοκεῖ,
1021 718 1115 769 καὶ
1144 718 1244 771 οὐκ
1273 718 1341 772 ἂν
1383 719 1564 783 δέξαιο
1597 719 1773 787 λέγειν

1881 729 2106 792 propter
2140 721 2297 776 noxia
2333 723 2708 792 culpabimus,
2746 705 3062 790 plenissime
3090 721 3299 791 justum
3335 731 3455 786 est,

137 795 311 861 (καλὰ
338 798 474 868 γὰρ
531 801 756 856 ᾶπαντα
789 807 984 874 φήσεις
1016 808 1085 860 τὰ
1131 810 1193 862 ἐκ
1222 808 1405 878 Θεοῦ),
1449 811 1653 864 ἄτοπον
1684 809 1773 865 καὶ

1879 815 2128 869 eumdem
2156 821 2211 870 et
2239 815 2486 869 laesorum
2514 817 2732 870 nomine
2757 817 2988 886 culpari,
3042 816 3136 884 qui
3170 815 3294 868 talia
3325 830 3460 868 con-

134 888 195 969 τὺ
225 887 341 952 τὴν
384 891 619 959 ἡδονὴν
665 895 972 966 διασύρειν,
1003 899 1146 970 ὑπὲρ
1177 901 1385 969 ἀγαθοῦ
1434 904 1616 972 σοφῶς
1643 906 1773 974 ἡμῖν

1880 907 2102 971 diderit,
2139 917 2198 962 ut
2240 907 2500 978 quidquid
2549 910 2768 962 noxium
2816 919 2980 978 alque
3015 909 3213 961 malum
3250 917 3332 961 est
3366 922 3460 961 re-

136 979 697 1054 EzooptévanOMtv
725 990 831 1058 γάρ
864 992 1068 1057 ταύτης
1094 994 1342 1060 ἀπούσης
1366 991 1514 1066 εῖχεν
1546 997 1612 1049 ἂν
1645 1014 1773 1049 συν-

1880 998 2082 1068 pellere
2120 977 2409 1069 nequeant.
2446 977 2541 1054 Sin
2579 999 2721 1054 istud
2755 1000 3050 1053 absurdum
3087 998 3183 1051 tibi
3221 994 3456 1064 videtur,

139 1074 420 1129 ίστασθαι
474 1079 606 1132 τῶν
637 1081 696 1133 ἐν
726 1082 980 1151 αἰσθήσει
1015 1102 1074 1138 τε
1136 1088 1233 1140 καὶ
1284 1086 1421 1158 ζωῇ.
1450 1089 1636 1142 Πάντα
1665 1090 1773 1159 γάρ

1879 1092 1969 1161 qui
2014 1091 2121 1147 tale
2162 1093 2290 1162 quid
2337 1093 2581 1164 proferre
2624 1109 2732 1149 non
2774 1093 3048 1148 sustineas
3089 1095 3236 1160 (nam
3277 1093 3459 1147 omnia

144 1167 422 1229 ἐπίπονα,
461 1169 551 1221 τὰ
580 1174 645 1240 τῇ
680 1171 790 1241 ζωῇ
826 1172 1131 1242 βοηθοῦντα
1155 1192 1170 1207 ·
1201 1178 1307 1232 κᾶν
1333 1179 1540 1252 ἀφέλῃς
1564 1181 1624 1233 τὸ
1647 1181 1772 1252 ἡδὺ.

1879 1183 2020 1240 facta
2060 1184 2322 1240 divinitus
2359 1188 2498 1241 bona
2535 1201 2656 1241 esse
2719 1185 3026 1255 fateberis),
3064 1186 3225 1240 etiam
3265 1186 3462 1240 absur-

136 1257 295 1311 οὖδέν
333 1260 612 1317 ἐκείνων
658 1266 929 1334 ἐφάψεται
962 1268 1298 1334 οὑτινοσοῦν,
1329 1272 1491 1326 πόνον
1534 1272 1770 1342 ἔχοντος.

1877 1275 2003 1330 dum
2053 1287 2138 1331 est
2179 1278 2510 1346 voluptatem
2560 1278 2876 1341 criminari,
2921 1282 3081 1347 plane
3126 1277 3251 1332 boni
3297 1291 3462 1332 causa

138 1351 473 1422 Συνίστησι
503 1356 570 1408 δέ
603 1373 704 1424 μου
731 1358 822 1411 τὸν
849 1359 1010 1427 λόγον
1035 1363 1104 1415 τά
1132 1363 1256 1416 καθ’
1277 1365 1428 1434 ἡμᾶς
1450 1365 1773 1435 πράγματα.

1877 1368 2034 1425 nobis
2067 1357 2405 1426 concessam.
2438 1368 2651 1424 Etenim
2686 1373 2894 1440 absque
2925 1373 3058 1434 hac,
3091 1369 3222 1424 nihil
3255 1385 3459 1434 sensu,

145 1444 358 1512 Ἡμεῖς
389 1447 530 1515 γὰρ
559 1447 674 1502 οὔτ’
702 1451 981 1520 ἐσθίομεν,
1011 1454 1139 1508 οὔτε
1175 1455 1426 1525 πίνομεν,
1456 1456 1558 1525 τῆς
1581 1458 1773 1528 ἡδονῆς

1876 1462 2009 1515 nihil
2036 1465 2144 1517 vita
2174 1463 2458 1531 przeditum
2487 1473 2738 1517 constare
2769 1474 2969 1532 posset.
3002 1462 3141 1518 Sunt
3168 1462 3313 1515 enim
3345 1477 3462 1514 om-

140 1536 214 1606 μὴ
251 1541 796 1613 προτρεπομένης.
826 1543 937 1599 Καὶ
957 1545 1018 1598 τὸ
1050 1546 1334 1615 θαυμάσαι
1357 1548 1591 1614 δίκαιον,
1627 1551 1773 1603 ἐπει-

1877 1553 1964 1608 nia
2032 1553 2299 1609 laboriosa
2335 1567 2456 1623 quae
2496 1553 2621 1608 vita:
2657 1553 3013 1623 opitulantur,
3051 1539 3116 1607 ac
3153 1554 3198 1606 si
3239 1551 3458 1621 quidem

136 1627 235 1683 δάν
281 1630 668 1704 ύπερκορείς
694 1636 804 1690 τῶν
834 1639 1056 1708 τροφῶν
1095 1641 1408 1710 γενώμεθα,
1445 1644 1542 1696 καὶ
1563 1644 1629 1697 τὰ
1663 1643 1773 1713 ἥδι-

1876 1645 2206 1714 voluptatem
2240 1645 2554 1708 abstuleris,
2589 1646 2922 1700 laboriosum
2953 1645 3178 1700 omnino
3208 1644 3343 1697 nihil
3376 1653 3460 1697 at-

138 1739 242 1775 στα
278 1724 502 1779 πάντα
547 1729 1038 1799 ἀποστρεφόμεθα,
1069 1732 1167 1786 καὶ
1200 1733 1403 1803 μᾶλλον
1425 1736 1490 1790 ἂν
1519 1735 1773 1805 ἑλοίμεθα

1879 1735 2110 1804 tingent.
2137 1736 2312 1803 Atque
2338 1737 2476 1790 hanc
2500 1736 2803 1790 orationem
2834 1751 3006 1789 meam
3039 1751 3124 1789 res
3152 1735 3286 1805 ipsa:
3316 1750 3462 1787 mor-

139 1816 382 1885 πληγὰς
410 1819 509 1888 τῷ
550 1821 764 1889 σώματι
795 1821 1056 1904 δέξασθαι
1092 1826 1124 1896 ἢ
1166 1826 1244 1897 τῷ
1275 1829 1506 1896 στόματι
1540 1828 1768 1899 τροφήν.

1881 1827 2066 1882 talium
2095 1827 2442 1881 conﬁrmant.
2473 1826 2581 1882 Nos
2605 1829 2748 1882 enim
2777 1842 2956 1898 neque
2983 1828 3342 1891 comedimus,
3371 1842 3466 1881 ne-

141 1908 204 1962 Εἰ
243 1909 308 1963 δὲ
354 1913 472 1965 καὶ
506 1913 576 1966 τὸ
609 1914 742 1984 παρ’
778 1916 912 1985 ἡμῖν
959 1896 1249 1987 ὀρεκτικόν
1291 1937 1348 1974 τε
1381 1920 1477 1974 καὶ
1521 1896 1773 1973 ἑλκτικὸν

1881 1935 1986 1988 quc
2014 1919 2272 1985 bibimus,
2303 1920 2403 1974 nisi
2434 1919 2686 1990 voluptas
2718 1896 2925 1974 incitet.
2958 1919 3024 1973 Et
3049 1919 3190 1988 quod
3223 1920 3467 1974 admira-

142 2001 241 2055 τοῦ
278 2005 634 2073 πεφυκότος
661 2010 1212 2080 παρεκτραπὴσεται,
1242 2011 1654 2081 παραινούντων
1679 2011 1773 2077 μὲν

1880 2011 2082 2066 tionem
2115 2019 2378 2075 meretur,
2411 2026 2532 2066 cum
2564 2013 2810 2067 ciborum
2843 2027 2943 2068 nos
2970 2012 3176 2081 ceperit
3207 2015 3463 2075 satietas,

147 2095 398 2165 ἰατρῶν,
437 2099 924 2166 παρακαλούντων
948 2102 1004 2154 δέ
1042 2103 1238 2172 φίλων,
1268 2103 1447 2158 πάντα
1477 2105 1773 2156 ποιούντων

1879 2105 2041 2160 etiam
2065 2102 2460 2171 iucundissima
2488 2105 2746 2174 quaelibet
2771 2119 3118 2169 aversantur,
3147 2119 3209 2158 ac
3235 2103 3465 2158 verbera

150 2189 256 2242 τῶν
302 2192 648 2259 συγγενῶν,
703 2194 937 2264 οὐδεμία
987 2195 1204 2265 μηχανὴ
1247 2194 1453 2262 γένοιτ’
1484 2194 1550 2249 ἂν
1593 2195 1773 2264 ἱκανὴ,

1879 2212 2109 2267 corpore
2137 2197 2420 2252 mallemus
2445 2198 2701 2267 excipere
2724 2213 2886 2266 quam
2914 2212 3008 2252 ore
3037 2197 3463 2252 nutrimentum.

111 2348 116 2350 _
157 2281 270 2333 οὖδέ
305 2283 532 2350 φάεος,
565 2283 641 2348 ὡς
675 2286 973 2339 ἀναπεῖσαι
1019 2286 1321 2354 δυνηθῆναι
1371 2288 1494 2348 ταῖς
1527 2287 1638 2338 τῶν
1673 2303 1773 2356 κη-

1876 2288 2029 2356 Quod
2063 2289 2107 2344 si
2141 2290 2305 2343 etiam
2339 2290 2420 2344 vis
2454 2290 2506 2344 in
2542 2290 2702 2345 nobis
2732 2302 2997 2360 appetens
3029 2298 3084 2345 ct
3116 2291 3399 2344 attrzthcns
3432 2303 3466 2343 a

155 2370 416 2440 δομένων
479 2376 885 2444 παραινέσεσιν
931 2373 1094 2442 εἶξαι.
1139 2376 1282 2431 Ἀλλ’
1323 2377 1528 2441 εἰδότες
1565 2376 1642 2440 ῶς
1676 2393 1770 2430 τε-

1876 2383 2064 2437 nativo
2105 2391 2249 2437 statu
2294 2381 2596 2454 deﬂexerit,
2645 2382 2994 2438 monentibus
3040 2382 3288 2449 medicis,
3339 2380 3470 2433 hor-

159 2460 520 2534 θνηξόμεθα,
568 2466 619 2518 εί
658 2465 736 2537 μὴ
765 2465 1028 2537 λάϐοιμεν
1061 2467 1295 2540 τροφὴν,
1331 2469 1494 2536 ἡμεῖς
1543 2466 1601 2521 δὲ
1635 2467 1769 2537 θνὴ-

1876 2475 2114 2530 tantibus
2146 2475 2371 2539 amicis,
2406 2474 2649 2543 cognatis
2677 2474 2856 2529 omnia
2889 2475 3248 2539 facientibus,
3283 2483 3465 2528 tamen

157 2567 251 2604 σκο
259 2569 374 2620 μεν
414 2556 502 2627 μὴ
529 2555 812 2620 λαϐόντες.
1381 2605 1402 2614 ρ

1876 2579 1973 2620 nec
2001 2581 2090 2620 ars
2118 2564 2392 2620 suffecerit
2419 2565 2560 2629 ulla,
2593 2578 2692 2620 nec
2723 2573 2940 2630 metus,
2971 2574 3032 2618 ut
3058 2579 3202 2635 {egro
3233 2576 3467 2633 persna-

159 2649 270 2704 deri
317 2653 556 2721 possit,
593 2653 990 2710 monitionibus
1031 2655 1288 2720 illorum,
1321 2656 1415 2726 qui
1454 2669 1642 2711 curam
1680 2657 1796 2726 ejus
1825 2669 2051 2728 gerant,
2087 2658 2388 2712 cedendum
2433 2672 2576 2712 esse.
2615 2658 2731 2712 lmo
2773 2656 2986 2712 tametsi
3032 2656 3190 2712 nobis
3229 2655 3467 2710 morien-

159 2747 288 2800 dum
330 2754 606 2808 norimus
641 2752 745 2806 nisi
783 2752 965 2806 cibum
1003 2755 1437 2822 sumpserimus,
1478 2763 1657 2808 tamen
1697 2768 1765 2808 eo
1793 2754 2079 2824 repudiato
2110 2753 2292 2824 potius
2323 2764 2552 2810 mortem
2581 2752 2907 2823 oppetimus.

230 2838 425 2895 Ὅταν
456 2843 644 2896 τοίνυν
690 2841 864 2906 οὕτως
905 2843 1005 2915 ἔχῃ
1043 2845 1112 2897 τὰ
1140 2845 1250 2898 τῶν
1297 2845 1536 2914 λογικῶν
1583 2845 1768 2913 πράγ-

1949 2845 2084 2900 Cum
2114 2847 2280 2915 igitur
2304 2846 2513 2900 ratione
2541 2845 2891 2914 prmditorttm
2922 2857 3010 2898 res
3040 2841 3110 2897 ita
3140 2851 3468 2912 comparatae

168 2949 345 3002 ματα,
377 2935 410 2988 δ
438 2935 622 3006 ἰχθὺς,
654 2938 749 2990 καὶ⁸
787 2939 848 2991 τὸ
874 2938 1097 3008 πτηνὸν,
1145 2939 1240 2993 καὶ
1265 2941 1293 2993 ὁ
1341 2938 1508 3001 ἵππος
1557 2939 1672 3001 πῶς
1703 2939 1769 2993 ἀν

1877 2937 2006 3000 sint,
2031 2951 2265 3004 quonam
2289 2943 2446 3006 pacto
2473 2935 2665 3006 piscis,
2691 2942 2744 2988 et
2769 2933 2905 2997 avis,
2934 2944 2988 2988 et
3012 2947 3210 3003 equus,
3232 2933 3469 2987 laborio-

166 3039 218 3075 τι
244 3024 494 3097 δέδρακε
531 3029 810 3100 μοχθηρὸν
845 3029 879 3100 ἢ
910 3029 1171 3100 ἐργῶδες,
1209 3031 1285 3101 μὴ
1322 3031 1421 3100 τῆς
1463 3031 1656 3101 ἡδονῆς
1689 3031 1770 3094 εἰς

1876 3045 1995 3085 sum
2029 3029 2112 3084 vel
2141 3044 2430 3099 operosum
2464 3029 2666 3099 aliquid
2700 3029 2891 3082 fecerit
2912 3065 2928 3091 ,
2967 3042 3074 3081 non
3109 3025 3371 3082 incitante
3400 3025 3470 3081 ad

166 3114 333 3170 τοῦτο
388 3108 868 3192 παρακαλούσης;
905 3123 1106 3177 Ἐσθίει
1144 3123 1253 3196 γὰρ
1289 3123 1353 3177 τὸ
1404 3124 1602 3193 ἄλογον
1643 3123 1768 3193 οὐχὶ

1877 3123 1980 3178 hoc
2007 3119 2314 3188 voluptate?
2339 3121 2592 3183 Comedit
2628 3124 2798 3184 enim,
2828 3121 2972 3190 quod
3011 3120 3238 3197 rationis
3269 3134 3468 3190 expers

171 3208 265 3262 τοῦ
320 3210 656 3283 ζῇνένεκα
709 3215 937 3284 (πόθεν;
977 3217 1175 3271 πολλοῦ
1229 3233 1293 3285 γε
1332 3218 1424 3270 καί⁹
1476 3217 1600 3285 δεῖ),
1646 3215 1766 3270 ἀλλ’

175 3301 373 3377 ὅτιπερ
413 3309 753 3379 τρεφόμενον
782 3309 993 3378 ἥδεται,
1031 3311 1130 3382 ἡδὺ
1187 3310 1470 3375 ποιοῦντος
1506 3309 1602 3364 τοῦ
1648 3312 1766 3364 λαι-

1875 3225 1990 3279 est,
2024 3230 2128 3271 non
2163 3224 2222 3270 ιιι
2251 3216 2398 3271 vivat
2426 3216 2734 3281 (undenam
2769 3215 2958 3270 istuc?
2991 3214 3218 3269 minime
3249 3214 3468 3282 quidem

1871 3305 2091 3376 certe),
2125 3305 2219 3360 sed
2261 3306 2387 3373 quia
2430 3308 2495 3360 de
2535 3306 2869 3359 nutrimento
2906 3304 3250 3371 voluptatem
3292 3303 3472 3373 perci-

186 3395 285 3463 μού
315 3403 532 3471 φυσικῇ
565 3416 674 3454 τινι
699 3401 942 3456 διαθέσει
973 3379 1148 3455 τὸνδι⁹
1173 3402 1340 3456 αὐτοῦ
1376 3402 1515 3469 πρὸς
1543 3405 1643 3474 τὴν
1670 3420 1771 3471 γα-

1876 3395 1975 3465 pit,
1993 3396 2121 3450 dum
2141 3396 2263 3464 gula
2283 3397 2513 3450 naturali
2537 3397 2770 3466 quadam
2792 3396 3083 3452 aﬂ'ectione
3103 3410 3269 3451 suave
3291 3397 3469 3452 reddit

187 3492 349 3562 στέρα
384 3494 915 3564 καταπεμπόμενον.
954 3496 1380 3564 Ἑπισυμϐαίνει
1409 3497 1467 3550 δὲ
1497 3497 1679 3551 αὐτῶν
1711 3496 1772 3550 τὸ

194 3581 280 3655 ζῇν
307 3589 423 3643 ἀπὸ
470 3589 574 3658 τῆς
621 3590 856 3658 τροφῆς.
894 3589 1004 3645 Καὶ
1026 3590 1117 3642 τὴν
1145 3590 1259 3643 ἴσον
1303 3591 1466 3644 πάλιν
1511 3593 1770 3662 μίγνυται

201 3679 408 3744 τρόπον.
454 3683 528 3736 Οὐ
560 3684 670 3753 γὰρ
714 3681 802 3735 ἵνα
857 3681 932 3754 μὴ
967 3685 1028 3736 τδ
1061 3683 1219 3750 γένος
1253 3682 1501 3755 ἐκλείψῃ,
1547 3684 1665 3737 ἀλλ’
1696 3684 1773 3747 ὼς

201 3777 530 3848 κηλούμενον
563 3777 670 3832 ὑπὸ
702 3779 804 3850 τῆς
833 3779 1054 3849 ἡδονῆς,
1087 3777 1313 3836 ἐπειδὰν
1346 3779 1625 3849 ἡγήσηται
1673 3780 1772 3846 μὲν

196 3864 386 3938 ἔνδεια,
411 3873 471 3925 ού
503 3872 686 3943 φθάσῃ
719 3873 1118 3944 δὲ’πλησμονή.
1156 3875 1318 3928 Ὥστε
1345 3873 1560 3939 ἔξεστιν
1593 3873 1772 3924 εἰπεῖν

197 3953 329 4016 εἶναι
356 3965 456 4034 τὴν
487 3965 588 4034 τῆς
634 3965 831 4035 ἡδονῆς
864 3965 1124 4019 σύστασιν
1163 3969 1221 4020 ἐν
1248 3966 1327 4037 τῷ
1374 3967 1528 4036 μέσῳ
1563 3965 1773 4028 ἐνδείας

197 4056 287 4108 καὶ
313 4055 641 4128 πλησμονῆς
671 4059 850 4129 χρόνῳ
893 4059 985 4112 ἐπὶ
1013 4059 1215 4122 παντὸς
1264 4059 1468 4128 ἐφεξῆς
1503 4058 1772 4142 πράγμα-

197 4159 304 4206 τος,
336 4149 447 4202 Καὶ
481 4150 593 4219 μὴν
627 4150 689 4201 ού
732 4151 893 4218 μόνον
921 4151 1010 4204 διὰ
1041 4151 1141 4220 τὴν
1170 4153 1313 4220 ἐμὴν
1343 4150 1540 4221 ἡδονὴν
1561 4146 1622 4203 εὖ
1657 4148 1772 4219 ἔχει

198 4232 258 4286 τὸ
289 4238 444 4303 γένος
471 4241 632 4309 ἡμῖν,
659 4237 799 4292 ἀλλά
834 4241 930 4292 καὶ
957 4238 1044 4292 διὰ
1073 4240 1171 4309 τὴν
1205 4241 1630 4310 ἐνυπάρχουσαν
1660 4241 1774 4304 τοῖς

199 4325 425 4398 ἀλόγοις.
469 4332 629 4385 Ἐπεὶ
673 4332 782 4400 γὰρ
811 4330 987 4386 ταῦτα
1034 4329 1102 4385 δι’
1140 4333 1290 4402 ἡμᾶς
1325 4334 1542 4401 γέγονε,
1593 4332 1683 4386 διὰ
1715 4333 1774 4387 δὲ

201 4419 296 4490 τὴν
323 4423 514 4493 ἡδονὴν
556 4422 698 4478 αύτά
744 4423 1102 4489 διασώζεται,
1151 4424 1402 4493 φαίνεται
1437 4424 1628 4494 σαφῶς
1678 4426 1776 4480 καὶ

204 4509 364 4578 ἡτῶν
394 4514 610 4583 ἀλόγων
652 4515 733 4576 είς
769 4513 976 4582 ἀγαθὸν
1014 4513 1362 4583 ἐκϐεϐηκυῖα
1405 4515 1481 4585 τῷ
1511 4516 1774 4587 ἡμετέρῳ

1873 3489 1927 3543 id
1958 3491 2098 3558 quod
2130 3503 2226 3558 per
2255 3503 2374 3542 eam
2408 3489 2462 3542 in
2499 3489 2677 3542 alvum
2712 3490 3041 3544 demittitur.
3073 3488 3246 3542 Simul
3278 3503 3343 3543 ex
3376 3504 3470 3544 eo-

1874 3583 1994 3637 dem
2019 3581 2121 3636 hoc
2143 3581 2481 3636 nutrimento
2505 3581 2554 3634 id
2578 3595 2793 3651 quoque
2815 3583 3198 3650 consequitur,
3223 3592 3279 3636 ut
3297 3582 3466 3636 vivat.

1874 3673 2151 3729 Consimili
2189 3675 2348 3729 modo
2379 3684 2432 3728 et
2465 3674 2674 3728 Venere
2710 3675 2904 3727 utitur.
2939 3673 3058 3728 Non
3092 3673 3238 3727 enim
3274 3673 3374 3727 hoc
3405 3688 3471 3726 eo

1874 3765 2001 3820 facit
2033 3780 2098 3819 ne
2123 3780 2294 3835 genus
2320 3766 2494 3835 ipsum
2525 3765 2762 3830 deticiat,
2790 3765 2885 3819 sed
2916 3767 3044 3834 quia
3071 3766 3347 3832 voluptate
3371 3765 3470 3819 de-

1875 3859 2163 3921 mulcetur,
2211 3857 2426 3926 quoties
2475 3857 2655 3925 inopia
2705 3857 2925 3926 quidem
2979 3857 3348 3926 princessetit,
3400 3857 3468 3910 ad

1875 3955 2183 4006 satietatem
2219 3964 2350 4004 vero
2392 3949 2623 4003 n'ecdum
2667 3958 2990 4018 perventum
3040 3947 3226 4001 fuerit.
3264 3947 3469 4014 Quam-

1875 4043 2064 4098 obrem
2093 4043 2274 4098 dicere
2303 4042 2462 4108 licet,
2492 4043 2545 4095 in
2579 4041 2834 4096 omnibus
2858 4039 3083 4094 omnino
3115 4040 3307 4106 rebus,
3339 4054 3470 4094 con-

1875 4136 2070 4191 sistere
2091 4134 2418 4204 voluptatem
2446 4134 2496 4186 in
2524 4148 2590 4188 eo
2619 4143 2861 4202 tempore
2885 4133 3028 4201 quod
3055 4132 3202 4185 inter
3223 4131 3466 4201 inopiam

1877 4236 1932 4283 et
1964 4226 2269 4281 satietatem
2299 4225 2450 4279 velut
2479 4224 2866 4279 intermedium
2899 4231 3002 4278 est.
3039 4222 3225 4293 Neque
3256 4231 3467 4278 tantum

1875 4319 2168 4388 voluptatis
2207 4327 2412 4373 nostrae
2455 4331 2620 4374 causa
2674 4324 2821 4370 recte
2865 4315 3128 4372 aﬂ‘ectum
3167 4325 3251 4371 est
3297 4305 3470 4385 genus

1877 4411 2174 4467 humanum
2194 4448 2214 4478 ,
2240 4425 2427 4465 verum
2458 4411 2623 4466 etiam
2657 4409 2805 4465 illius
2833 4424 2999 4464 causa
3028 4408 3321 4478 voluptatis
3350 4423 3470 4478 qua:

1877 4505 2055 4560 brutis
2096 4504 2466 4560 animantibus
2509 4503 2666 4558 inest.
2708 4503 2978 4570 Quoniam
3020 4503 3164 4558 enim
3206 4502 3295 4557 illa
3339 4500 3503 4571 pro-'

207 4597 319 4672 βίῳ.
352 4604 430 4658 Τὰ
457 4600 803 4676 γὰρ’ἐξωθεν
831 4605 966 4674 ἡμῖν
993 4603 1368 4674 συνεργοῦντα
1400 4605 1614 4658 ἐκεῖθεν
1646 4605 1769 4676 βέλ-

1879 4607 1998 4666 pter
2029 4607 2131 4650 nos
2164 4593 2302 4649 facta
2335 4602 2494 4658 sunt,
2527 4603 2584 4648 et
2619 4602 2841 4662 propter
2870 4594 3206 4664 voluptatem
3241 4607 3471 4648 conser-

99 4757 102 4760 ,
203 4707 350 4748 τιστα
404 4697 538 4767 ἔχει.
591 4697 689 4762 Τίς
735 4696 802 4751 ἂν
862 4697 1009 4750 εἴποι
1046 4697 1145 4760 τάς
1186 4698 1318 4766 παρ’
1370 4697 1595 4751 ἐκείνων
1640 4699 1774 4768 ἡμῖν

205 4788 430 4856 τροφάς,
470 4790 569 4853 τὰς
609 4783 942 4859 περιϐολάςς
971 4790 1122 4845 τᾶλλ’
1152 4790 1235 4843 ὄσ’
1263 4791 1489 4859 ἁμέσως
1539 4792 1775 4854 ἐκείνοις

206 4880 478 4948 χρώμεθα,
512 4883 862 4953 στελλόμενοί
893 4900 952 4936 τε
993 4883 1216 4953 μακράς
1252 4882 1429 4946 ὁδοὺς,
1461 4882 1559 4935 καὶ
1597 4884 1775 4953 ἐμπο-

213 4971 502 5040 ρευόμενοι,
539 4973 928 5043 πολεμοῦντες,
955 4977 1050 5029 καὶ
1081 4974 1431 5045 θηρεύοντες,
1460 4975 1557 5029 καὶ
1595 4992 1776 5045 γεωρ-

209 5063 458 5132 γοῦντεςς
513 5068 608 5120 καὶ
639 5068 708 5120 τὰ
738 5069 802 5120 ἐκ
833 5067 937 5136 τῆς
975 5068 1250 5136 γεωργίας
1290 5067 1671 5136 συλλέγοντες,
1705 5070 1775 5122 τά

211 5170 264 5207 τε
295 5157 446 5225 ἀλλα,
476 5162 570 5213 καὶ
603 5155 677 5215 ὧν
711 5161 880 5231 χωρὶς
911 5161 1009 5214 οὐκ
1039 5161 1156 5214 ἔστι
1191 5161 1376 5224 καλῶς
1417 5164 1563 5234 ἡμᾶς
1596 5163 1775 5232 πράτ-

214 5264 351 5318 τειν;
380 5254 555 5317 οἰκίας
607 5254 771 5322 λέγω,
827 5253 989 5319 νεὼς,
1047 5254 1299 5324 λιμένας,
1341 5255 1528 5318 πόλεις
1575 5256 1771 5319 αὑτάς.

215 5335 366 5394 Ὥστε
392 5343 572 5406 καλῶς
603 5345 738 5413 ἡμῖν
769 5344 989 5415 εἴρηται
1019 5348 1116 5399 καὶ
1160 5348 1221 5399 τὸ
1257 5348 1385 5419 περὶ
1429 5348 1532 5416 τῆς
1576 5348 1776 5417 ἡδονῆς

218 5429 304 5498 τῆς
333 5434 389 5487 ἐν
421 5440 534 5500 τοῖς
569 5437 811 5503 ἀλόγοις.
863 5436 1086 5508 Ἐπειδὴ
1117 5440 1226 5506 γὰρ
1255 5439 1355 5507 τὴν
1385 5439 1638 5508 αὐτάρκη
1681 5439 1776 5491 καὶ

217 5520 482 5595 ἀπέριττον
513 5527 661 5597 ζωὴν
690 5527 1081 5598 ἀπωλέσαμεν,
1121 5531 1215 5584 καὶ
1239 5531 1330 5585 διὰ
1371 5529 1533 5585 τοῦτο
1559 5531 1775 5585 πολλῶν

219 5611 453 5686 δεόμεθα,
489 5622 699 5676 τούτων
727 5622 785 5676 δὲ
815 5622 877 5675 τὸ
928 5623 1182 5676 πλεῖστον
1214 5625 1383 5695 μέρος
1416 5625 1686 5696 ὑπηρετεῖ
1714 5615 1777 5677 τέ

221 5707 301 5760 καὶ
341 5709 552 5768 δίδωσιν
610 5716 745 5784 ἡμῖν
803 5715 937 5785 παρ’
979 5715 1192 5768 ἑαυτῶν
1235 5717 1307 5768 τὰ
1359 5714 1498 5780 ζῶα,
1535 5715 1672 5769 αὐτὰ
1718 5716 1776 5769 δὲ

220 5801 371 5857 ταῦτα
414 5808 477 5874 τῇ
509 5807 670 5876 ἡδονῇ
709 5803 1061 5872 διασώζεται,
1099 5808 1298 5878 κομιδῇ
1337 5806 1505 5875 σαφὲς
1541 5807 1774 5875 γίνεται,

220 5888 282 5957 ὧς
305 5897 393 5952 καὶ
419 5900 490 5969 τῆ
512 5896 719 5951 τούτων
751 5897 916 5970 ἡδονῇ
941 5900 970 5953 ό
1007 5898 1122 5970 βίος
1149 5901 1284 5971 ἡμῖν
1333 5902 1654 5954 συνίσταται
1682 5901 1776 5953 καὶ

1877 4701 2103 4757 vantur,
2135 4699 2361 4759 apparet
2395 4685 2709 4756 manifesto,
2746 4688 3029 4742 brutorum
3063 4697 3283 4754 quoque
3315 4681 3469 4735 volu-

1876 4793 2084 4854 ptatem
2103 4785 2225 4837 vitae
2247 4792 2451 4837 nostra:
2473 4781 2620 4836 bono
2641 4797 2784 4837 esse.
2811 4781 2946 4835 Nam
2969 4795 3093 4849 quae
3120 4778 3468 4832 extrinsecus

1877 4878 2029 4933 nobis
2055 4891 2211 4946 opem
2239 4876 2421 4930 ferunt
2445 4885 2500 4928 et
2526 4873 2870 4936 conducunt,
2896 4887 2961 4925 ex
2994 4870 3272 4935 voluptate
3299 4881 3464 4934 quam

1877 4969 2084 5039 optime
2114 4977 2241 5023 sunt
2272 4966 2488 5022 adet-ta.
2522 4964 2656 5030 Quis
2687 4964 2966 5033 explicare
2994 4959 3228 5016 dicendo
3261 4957 3460 5028 possit.

1877 5076 1998 5132 quze
2023 5061 2092 5116 ab
2119 5060 2223 5115 illis
2249 5059 2526 5121 alimenta,
2554 5072 2689 5126 quos
2717 5056 2949 5110 amictus
2981 5053 3303 5113 habeamus,
3330 5049 3467 5101 alia-

1877 5173 1986 5227 que
2027 5155 2082 5210 in
2124 5154 2324 5223 quibus
2358 5153 2440 5208 eis
2477 5149 2792 5204 immediate
2829 5147 3056 5204 utimur,
3095 5143 3223 5196 dum
3269 5142 3463 5196 itinera
3533 5204 3544 5212 .

1879 5250 2037 5319 longa
2078 5246 2340 5310 facimus,
2373 5253 2429 5299 et
2465 5252 2806 5296 mercaturas
2841 5251 3198 5300 exercemus,
3237 5246 3288 5290 et
3323 5235 3464 5290 bella

1877 5342 2117 5413 gerimus
2141 5379 2154 5404 ,
2185 5346 2239 5394 et
2268 5350 2552 5400 venamur,
2587 5343 2642 5388 et
2675 5346 2836 5401 agros
2868 5329 3098 5385 colimus
3123 5368 3138 5392 ,
3170 5339 3226 5384 ct
3254 5327 3468 5383 fructus

1877 5433 2224 5506 agricultura:
2254 5429 2579 5499 colligimus,
2609 5441 2732 5482 cum
2765 5425 2998 5491 caeteris,
3034 5423 3242 5493 absque
3272 5423 3469 5492 quibus

1877 5527 2016 5582 bene
2054 5526 2212 5582 nobis
2245 5541 2368 5581 esse
2402 5525 2622 5596 nequit,
2658 5527 2850 5581 domos
2885 5525 3037 5588 dico,
3074 5525 3308 5592 templa,
3345 5537 3472 5592 por-

1877 5628 1984 5683 tus,
2019 5618 2132 5688 ipsa
2163 5619 2395 5687 oppida?
2425 5619 2791 5684 Quamobrem
2814 5619 2933 5672 ‘boc
2963 5632 3181 5687 quoque
3212 5616 3280 5672 de
3312 5617 3466 5670 volu-

1877 5720 2023 5779 ptate
2041 5725 2159 5779 qua:
2178 5709 2351 5765 brutis
2367 5710 2530 5776 inest,
2550 5719 2696 5766 recte
2712 5727 2740 5764 a
2755 5711 2914 5765 nobis
2931 5717 3017 5764 est
3034 5709 3464 5777 pronuntiatum.

1880 5803 2012 5856 Nam
2043 5803 2169 5872 quia
2199 5803 2362 5858 vitam
2397 5804 2543 5860 illam
2575 5805 2792 5874 copiose
2823 5803 2927 5860 sibi
2962 5802 3066 5873 ipsi
3100 5800 3465 5857 suﬂicientem

1878 5904 1930 5952 ct
1955 5895 2257 5968 simplicem
2284 5897 2592 5968 amisimus,
2622 5898 2850 5970 ideoque
2877 5895 3125 5968 pluribus
3151 5890 3467 5963 indigemus
