3978 6644
412 449 521 514 475
592 468 597 473 "
1610 451 2012 513 MANUELIS
2052 445 2499 512 PALEOLOGI
3682 434 3791 497 476

408 566 462 621 in
494 579 598 633 qua
633 578 736 619 non
769 564 910 620 idem
939 565 1042 621 hoc
1071 580 1168 620 usu
1199 567 1401 621 veniat.
1430 565 1546 622 Non
1578 581 1705 638 ergo
1737 567 1979 634 voluptas

2218 578 2275 626 iV,
2305 558 2401 611 καὶ
2441 557 2590 611 ἅπαν
2617 555 2825 627 χρῆμα.
2861 555 3009 611 asta:
3044 553 3188 625 γὰρ
3244 550 3462 608 ταῦτα
3495 552 3575 605 τά
3607 553 3789 622 ἀναγ-

410 658 611 711 malmn
660 656 791 726 quid
837 668 941 722 est,
986 659 1078 712 sed
1128 660 1330 731 abusus
1380 660 1432 715 in
1482 661 1644 716 rebus
1690 659 1979 725 universis,

2224 692 2239 716 ,
2272 652 2366 705 καὶ
2387 644 2461 703 ὧν
2479 651 2651 719 χωρὶς
2673 649 2780 701 οὐδ’
2806 649 2870 702 ἂν
2898 649 3092 712 οὐδεὶς
3124 644 3550 709 διασώζοιτο,
3588 645 3790 717 ὥσπερ

409 747 848 815 quandoquidem
888 757 942 802 et
979 749 1118 819 ignis
1152 750 1321 804 abusu
1362 751 1535 805 malus
1567 753 1678 817 est,
1716 759 1771 804 et
1808 764 1979 819 aqua,

2227 744 2343 796 ύσει
2397 742 2708 811 βλάπτοντα
2754 742 3111 812 διαφθείρει,
3180 740 3264 809 ἢν
3317 739 3489 811 ὑπὲρ
3540 739 3611 791 τὸ
3666 741 3787 792 δέον

410 843 464 887 et
498 851 585 889 res
620 836 839 889 omnino
873 837 1147 905 quaelibet.
1186 839 1312 894 Haec
1347 840 1493 894 enim
1534 842 1647 907 ipsa
1686 839 1979 907 czeteroqui

2219 836 2496 907 πιρῤεύσῃ
2530 833 2668 903 μετὰ
2700 833 2903 903 πολλῆς
2930 835 3031 901 τῆς
3087 831 3502 900 ὑπερϐολῆς.
3547 829 3622 882 Τί
3660 832 3781 898 μὲν,

413 928 752 990 necessaria,
785 938 840 982 et
873 929 1079 998 absque
1109 931 1308 1000 quibus
1340 947 1496 987 nemo
1528 933 1712 987 salvus
1743 942 1794 988 et
1829 934 1982 987 ineo-

2237 945 2347 997 μοι,
2399 926 2609 995 φωτὸς,
2649 927 2702 977 τί
2737 926 2781 979 δ’
2805 925 2966 995 ἀέρος
3009 925 3319 995 βέλτιονς
3363 923 3528 976 ἀλλὰ
3583 924 3656 977 ἂν
3688 929 3783 977 καὶ

411 1018 576 1073 lumis
612 1017 807 1084 fuerit,
844 1022 1066 1089 perinde
1100 1037 1163 1077 ac
1201 1024 1375 1078 noxia:
1410 1032 1599 1077 natura
1637 1040 1755 1087 res,
1792 1025 1982 1078 interi-

2206 1019 2260 1071 δε
2320 1016 2835 1087 παραχρησώμεθα,
2877 1018 3019 1086 μέγα
3076 1034 3148 1071 τι
3208 1020 3518 1084 γίγνεται
3577 1016 3776 1080 κακὸν,

416 1120 567 1165 munt
595 1113 637 1165 si
669 1112 807 1165 ultra
834 1128 994 1182 quam
1023 1130 1121 1183 par
1147 1115 1218 1169 sit
1242 1112 1408 1168 ﬂuant
1435 1129 1630 1185 magna
1655 1129 1779 1169 cum
1809 1118 1981 1167 aliun-

2232 1110 2424 1161 ταυτὸν
2473 1111 2584 1172 τοῖς
2637 1109 2697 1161 οὐ
2757 1110 3051 1178 μετέχουσι
3121 1108 3385 1161 τούτων
3441 1108 3775 1176 πάσχομεν.

413 1205 618 1258 dantia.
664 1205 779 1268 Die,
826 1207 1080 1269 obsecro,
1127 1208 1279 1275 mihi,
1322 1208 1449 1277 quid
1496 1210 1638 1271 luce,
1679 1209 1812 1278 quid
1857 1222 1984 1263 aere

2207 1202 2399 1270 ’p'qzov
2429 1200 2538 1270 γὰρ
2572 1201 2774 1269 ἀμφοῖν
2812 1201 2872 1254 τὸ
2899 1201 3085 1254 δεινὸν
3121 1203 3293 1268 ἡμῖν
3335 1217 3408 1252 τε
3448 1199 3773 1261 κάκείνοις.

415 1298 644 1351 melius?
675 1298 730 1353 Si
769 1309 945 1354 tamen
982 1308 1035 1354 et
1071 1300 1155 1355 his
1189 1301 1494 1365 abutamur,
1528 1316 1781 1370 magnum
1811 1302 1984 1369 quod—

2247 1293 2399 1357 πιτιςς
2453 1294 2565 1360 ἐγὼ
2611 1294 2781 1360 λέγω.
2825 1295 3028 1360 Ἀκτὶς,
3086 1294 3123 1346 δ
3189 1294 3458 1347 πάντων
3515 1294 3767 1361 ἥδιστον,

416 1389 536 1440 dam
570 1388 628 1443 fit
657 1390 894 1453 malum,
929 1390 1167 1458 itemque
1198 1390 1366 1445 nobis
1386 1390 1589 1445 accidit
1617 1391 1759 1461 quod
1795 1392 1859 1446 iis
1893 1393 1982 1460 qui

2195 1386 2323 1455 ιέχει
2359 1385 2459 1454 μὲν
2481 1386 2598 1449 τοῖς
2628 1386 2930 1456 ὀφθαλμοῖς
2957 1388 3259 1457 ἐνεργείᾳ
3306 1388 3381 1439 τδ
3412 1389 3569 1456 ὁρᾷν
3598 1386 3766 1456 ἔχειν,

416 1481 612 1535 horum
647 1482 871 1535 minime
902 1483 1192 1550 participes
1220 1492 1377 1550 sunt;
1409 1499 1530 1537 nam
1562 1484 1807 1552 utrisque
1839 1487 1985 1539 cala-

2193 1480 2319 1547 ιέχει
2350 1477 2406 1531 δὲ
2436 1480 2548 1538 τοῖς
2576 1479 2792 1548 ὁρατοῖς
2821 1479 2951 1532 αὐτὸ
2982 1480 3155 1533 τοῦτ’
3193 1475 3370 1534 εῖναι
3423 1481 3530 1533 καὶ
3572 1482 3764 1549 φαίνε-

418 1575 582 1628 mitas
618 1574 954 1629 intoleranda
994 1576 1281 1643 contingit,
1322 1585 1429 1630 tam
1464 1577 1622 1632 nobis
1654 1592 1817 1647 quam
1853 1577 1981 1633 illis.

2190 1588 2237 1625 ι.
2299 1571 2454 1641 Μὸνῃ
2508 1571 2617 1640 γὰρ
2668 1572 2734 1624 ἂν
2772 1567 2839 1641 ἦν
2896 1572 3147 1641 δυνάμει
3199 1571 3284 1626 τὰ
3362 1570 3529 1625 καλὰ
3589 1574 3687 1626 καὶ
3736 1573 3761 1623 ὁ

421 1666 489 1719 Ει
520 1682 755 1736 quonam
794 1666 847 1719 id
884 1676 1074 1734 pacto,
1110 1667 1307 1722 dicam.
1343 1666 1581 1730 Radius,
1618 1682 1706 1722 res
1740 1669 1982 1722 omnium

2183 1663 2390 1733 κάμὸς,
2422 1663 2554 1717 αὐτὸ
2586 1662 2735 1717 τοῦθ’
2765 1664 2793 1717 ὃ
2824 1665 3142 1732 πεφύκασι,
3197 1665 3373 1719 καλὰ
3419 1667 3523 1719 καὶ
3554 1665 3754 1734 ὀφθαλ-

414 1759 839 1829 jucundissima,
884 1760 1085 1827 praebet
1132 1758 1303 1812 oculis
1347 1770 1405 1812 ut
1449 1770 1573 1814 actu
1616 1760 1832 1815 videndi
1876 1760 1981 1814 vim

2182 1770 2213 1817 ἴ,
2248 1753 2516 1823 μηδαμῶς
2556 1771 2660 1806 που
2690 1755 2790 1823 τῆς
2821 1757 3042 1818 ἀκτῖνος
3067 1754 3145 1807 τὸ
3184 1755 3441 1824 ἑαυτῆς
3474 1755 3753 1825 χορηγοῦ.

419 1854 683 1915 habeant,
715 1862 769 1904 et
799 1852 960 1905 rebus
988 1852 1409 1920 aspectabilibus
1440 1853 1641 1920 praebet
1676 1863 1733 1905 ut
1764 1856 1985 1921 conspi-

2172 1862 2219 1906 ς.
2259 1845 2401 1899 Ἀλλ’
2442 1845 2498 1897 εί
2521 1863 2605 1908 τις
2643 1845 2852 1917 ταύτην
2882 1848 3119 1913 ἀμέσως
3159 1848 3325 1917 ὃλην
3384 1849 3515 1911 τοῖς
3543 1848 3743 1915 ὀφθαλ-

421 1945 638 1999 ciantur
686 1943 738 1997 id
780 1956 902 1998 esse
950 1944 1087 2009 quod
1132 1952 1276 1996 sunt.
1320 1943 1452 1996 Nam
1500 1953 1553 1998 et
1602 1959 1719 2012 quae
1764 1945 1985 2011 pulchra

2165 1903 2215 2000 ίς
2270 1937 2521 2001 δέξαιτο,
2580 1903 3051 2011 ρᾳδίωςυᾶν-τὴν
3091 1903 3413 2009 ’ὀπτικὴν
3482 1903 3736 1995 άπολέσει

420 2046 574 2100 sunt,
612 2046 666 2090 et
704 2036 821 2105 ipse
857 2034 1082 2099 oculus,
1118 2044 1385 2103 potestate
1420 2038 1679 2090 duntaxat
1716 2036 1766 2091 id
1803 2045 1987 2092 essent

2164 2046 2345 2099 ναμιν.
2381 2032 2576 2084 Καίτοι
2612 2033 2806 2102 συχνόν
2833 2050 2954 2086 τινα
2983 2033 3204 2103 χρόνοι
3243 2036 3384 2098 τοῖς
3432 2035 3735 2103 ὀφθαλμοῖς

420 2130 562 2196 quod
597 2137 789 2182 natura
824 2136 989 2192 sunt,
1021 2128 1241 2196 pulchra
1278 2128 1568 2193 nimirum,
1602 2140 1656 2183 et
1687 2130 1873 2185 oculus
1894 2171 1909 2196 ,
1941 2130 1986 2185 si

2164 2142 2169 2190 ι
2206 2122 2495 2192 φανείσης,
2532 2122 2684 2176 οὐδὲν
2717 2124 2783 2177 ἂν
2816 2124 3029 2187 τούτοις
3067 2125 3362 2193 βλάπτον
3422 2127 3735 2193 ἐπεγένετο.

421 2220 747 2275 beneficium
780 2235 937 2275 suum
972 2207 1153 2275 radius
1184 2220 1300 2289 ipse
1330 2237 1435 2275 non
1466 2229 1781 2291 prmstaret;
1814 2223 1909 2278 sed
1940 2224 1985 2278 si

2161 2215 2274 2283 ’πὲρ
2315 2214 2369 2268 δὲ
2414 2215 2474 2268 τὸ
2531 2216 2728 2284 μέτρον
2764 2219 3206 2286 συγγεγονυίας,
3246 2219 3479 2272 αὐτίκα
3531 2220 3623 2271 καὶ
3658 2218 3732 2284 γί-

419 2312 541 2379 quis
570 2312 713 2366 hunc
744 2322 912 2366 totum
944 2313 1117 2367 oculis
1151 2312 1457 2367 immediate
1486 2315 1759 2382 exceperit
1779 2353 1794 2375 .
1829 2314 1988 2371 facile

2161 2323 2280 2358 εται
2312 2306 2633 2377 παράδοξον,
2671 2310 2718 2360 εί
2765 2308 2825 2360 τὸ
2863 2310 3079 2378 ἥδιστον
3114 2312 3277 2379 ἡμῖν
3326 2312 3732 2379 τελευτήσειεν

418 2402 636 2457 vivendi
671 2401 981 2457 facultatem
1019 2406 1249 2460 amittet.
1287 2404 1446 2475 Atqui
1479 2406 1522 2459 si
1554 2407 1713 2477 longo
1748 2416 1989 2478 tempore

2154 2414 2173 2459 ;
2204 2398 2407 2466 λύπην,
2442 2400 2536 2451 καὶ
2569 2398 2637 2451 δι’
2673 2400 2740 2470 ἢν
2768 2402 2901 2471 ὀρᾷν
2952 2401 3091 2466 ἔστι,
3153 2402 3237 2455 δι’
3289 2396 3624 2469 at'athv'mt
3673 2401 3725 2454 τὸ

420 2493 606 2548 radius
634 2492 808 2548 oculis
841 2494 1024 2548 nullus
1053 2493 1288 2549 illuxerit
1308 2535 1323 2560 ,
1356 2494 1493 2550 nihil
1526 2496 1649 2552 inde
1679 2497 1987 2554 detrimenti

2158 2490 2222 2558 ᾅν
2251 2489 2647 2559 άπολέσαιμεν.
2701 2491 2892 2561 ’Δέρος
2927 2492 3113 2561 μέντοι
3163 2494 3366 2564 χὼρὶς
3423 2494 3558 2547 οὐδὲ
3602 2492 3725 2559 γοῦν

421 2585 502 2641 eis
534 2585 827 2651 acciderit;
861 2602 1046 2642 verum
1076 2588 1121 2641 si
1154 2602 1314 2655 supra
1349 2589 1563 2643 modum
1598 2589 1650 2644 in
1687 2603 1779 2645 eos
1809 2592 1989 2646 irrue—

2146 2580 2435 2650 ιαχὺτατον
2463 2582 2657 2652 χρόνον
2680 2583 2893 2637 ἔνεστιν
2929 2586 3082 2653 ἡμᾶς
3103 2585 3443 2654 διαρκέσαι
3475 2599 3494 2614 ”
3520 2584 3596 2637 ἐῶ
3619 2583 3717 2651 γὰρ

420 2679 514 2742 rit,
546 2693 669 2731 mox
702 2678 1037 2749 inopinatum
1066 2680 1318 2747 quiddam
1347 2682 1571 2748 accidit,
1601 2684 1817 2753 quando
1844 2686 1988 2754 quod

2146 2673 2230 2736 ἱως
2260 2676 2459 2741 εἰπεῖν,
2491 2675 2567 2738 ώς
2600 2676 2692 2729 καὶ
2724 2678 2902 2729 πάντα
2931 2677 2995 2730 ἂν
3041 2678 3279 2734 εὐθέως
3316 2676 3611 2738 ἀπόλωλε,
3648 2674 3717 2744 μὴ

417 2768 874 2837 iucundissimum
908 2772 1064 2825 nobis
1092 2782 1195 2835 est,
1224 2774 1276 2826 in
1308 2773 1542 2829 dolorem
1574 2777 1789 2843 desinit,
1818 2786 1867 2831 et
1896 2792 1988 2847 per

2140 2765 2486 2833 εριχυθέντος
2513 2767 2745 2821 ἐκείνου.
2791 2768 2935 2820 Ἀλλ’
2968 2767 3033 2820 ἂν
3080 2768 3183 2822 xui.
3222 2761 3404 2830 οὗτος
3439 2764 3711 2837 φορτικώ-

423 2875 584 2928 quem
618 2861 799 2916 videre
834 2876 1148 2931 possumus,
1179 2879 1275 2933 per
1304 2867 1551 2921 eumdem
1587 2860 1801 2922 videndi
1836 2885 1987 2924 usum

2140 2872 2248 2925 ερον
2272 2858 2405 2926 ἡμῖν
2445 2859 2770 2930 ἐπιπνεύσῃ,
2808 2863 2903 2914 καὶ
2933 2860 3071 2930 μετᾶ
3114 2861 3326 2932 ῥύμης
3367 2862 3459 2914 ὅτι
3515 2859 3711 2926 πολλῆς

423 2952 740 3008 amittimus.
765 2952 883 3007 Jam
913 2957 1119 3026 absque
1144 2957 1284 3025 aeris
1309 2972 1407 3011 usu
1431 2972 1496 3012 ne
1523 2958 1846 3015 brevissimo
1871 2962 1993 3031 qui.

2135 2948 2461 3021 πιδιαδράμῃ
2502 2952 2693 3007 τᾶνδον
2728 2953 2816 3006 διὰ
2842 2954 2949 3007 τῶν
2973 2953 3157 3017 ὢτων,
3202 2954 3309 3007 διὰ
3349 2956 3470 3007 τῶν
3498 2952 3706 3023 μυκτή·

423 3043 544 3098 dem
581 3052 827 3115 tempore
856 3045 1050 3100 durare
1079 3061 1391 3113 possumus.
1424 3057 1484 3103 ut
1514 3049 1732 3105 interim
1763 3067 1870 3106 non
1904 3053 1991 3108 di-

2134 3060 2227 3107 ων,
2257 3043 2344 3097 διὰ
2373 3043 2467 3096 τοῦ
2498 3046 2786 3115 στόματος.
2821 3045 2896 3107 ὡς
2926 3046 3002 3116 μὴ
3043 3048 3380 3119 δυνηθῆναι
3418 3046 3705 3102 τοσὺνολον

423 3148 579 3199 eam,
620 3151 743 3189 mox
780 3136 1067 3191 interitura
1105 3139 1382 3207 universa,
1414 3140 1468 3194 ni
1504 3141 1866 3199 circumfusus
1900 3160 1994 3200 aer

2133 3135 2376 3205 κπέμψαι
2407 3136 2509 3206 μὲν
2559 3137 2745 3203 αὐτὸν,
2783 3138 3171 3207 ὑπερζέσαντα
3208 3143 3284 3210 τῇ
3352 3141 3571 3209 φυσικῇ
3606 3137 3704 3191 τῶν

424 3234 591 3281 esset.
623 3225 824 3281 Verum
859 3227 904 3281 si
936 3235 991 3281 et
1023 3228 1110 3284 ille
1140 3232 1361 3297 gravius
1388 3247 1491 3288 nos
1518 3234 1799 3298 afﬂaverit,
1829 3245 1884 3291 et
1915 3238 1994 3290 in-

2135 3228 2425 3299 πλάγχνων
2447 3230 2770 3299 θερμότητι,
2797 3233 3007 3286 σπᾶσαι
3033 3233 3090 3284 δὲ
3123 3236 3231 3288 καὶ
3266 3231 3700 3300 ἀντεισαγαγεῖν

414 3328 587 3386 ,ειτηιο
621 3333 743 3372 eum
781 3319 982 3389 impetu
1018 3321 1104 3375 sie
1130 3321 1343 3376 interna
1379 3326 1745 3392 penetraverit
1777 3320 1985 3396 perJau:

2128 3320 2460 3392 εαρώτερον,
2491 3321 2731 3390 ψύξοντα
2759 3322 2858 3393 τὴν
2886 3322 3132 3391 ἔμφυτον
3165 3325 3430 3396 Θέρμην,
3466 3321 3698 3393 εὐχεριῖς

428 3426 537 3475 res,
566 3425 658 3479 per
685 3427 863 3477 nares,
891 3428 989 3483 per
1012 3429 1093 3478 os,
1118 3423 1180 3468 ut
1207 3430 1329 3471 eum
1356 3418 1575 3472 omnino
1600 3433 1701 3474 nec
1724 3420 1993 3486 emittere,

2125 3434 2161 3466 ιν
2200 3413 2441 3476 ἅπαντες
2464 3414 2852 3485 ἀπολώλαμεν.
2886 3415 3042 3469 Οὕτω
3073 3417 3267 3470 πάντα
3310 3418 3525 3487 ἀγαθὰ,
3564 3414 3696 3483 μετὰ

428 3502 662 3555 naturali
710 3503 975 3558 viscerum
1014 3504 1195 3560 calore
1234 3504 1615 3573 fervefactum,
1660 3524 1762 3565 nec
1809 3526 1997 3566 recen-

2122 3508 2292 3577 εαιροῦ
2331 3511 2721 3579 πεπραγμένα,
2758 3510 2854 3563 καὶ
2910 3510 3062 3563 οὐδὲν
3099 3512 3243 3566 ἄνευ
3310 3513 3539 3566 τούτου.
3591 3509 3693 3561 Καὶ

431 3598 575 3653 tem,
608 3594 698 3661 qui
732 3594 966 3650 calorem
1005 3597 1226 3651 insitum
1264 3599 1576 3666 refrigeret,
1609 3602 1881 3657 attrahere
1917 3615 1998 3658 at-

2117 3599 2234 3669 ιὲλη
2268 3600 2376 3670 γὰρ
2425 3600 2522 3653 τοῦ
2577 3602 2853 3671 σώματος,
2893 3603 2991 3657 καὶ
3044 3604 3194 3668 ὅσοις
3251 3605 3467 3674 χρῆται
3518 3602 3688 3663 ταυτί,

430 3698 537 3752 que
562 3685 921 3742 intromittere
947 3689 1237 3758 possimus,
1264 3691 1420 3746 facile
1444 3707 1633 3748 omnes
1656 3695 1995 3763 periei-imus.

2119 3692 2278 3759 ιγαθὰ
2331 3694 2393 3745 τὸ
2441 3694 2567 3746 καθ’
2601 3694 2764 3760 αὐτὰ,
2803 3695 2898 3749 καὶ
2934 3696 3021 3747 ἐπ’
3067 3695 3273 3765 ἀγαθῷ
3317 3698 3541 3763 γέγονε.
3592 3692 3690 3745 Καὶ

433 3776 527 3830 Sic
554 3779 734 3832 omnia
767 3782 903 3832 bona
933 3790 1057 3835 sunt
1082 3796 1201 3850 qua:
1229 3781 1329 3836 rite
1355 3782 1509 3849 fiunt,
1535 3799 1638 3839 nec
1661 3785 1866 3854 absque
1894 3787 1998 3841 hoc

2114 3783 2286 3835 ιέντοι
2311 3799 2374 3850 γε
2414 3784 2509 3836 καὶ
2539 3784 2705 3849 σώζει
2730 3784 2829 3854 τὴν
2859 3783 3015 3850 τάξιν
3042 3787 3107 3853 τῇ
3155 3786 3514 3854 συμμετρίᾳ.
3545 3784 3685 3850 Mem

431 3870 746 3939 quidquam.
783 3870 916 3925 Nam
959 3883 1013 3926 et
1054 3872 1296 3928 membra
1342 3876 1607 3947 corporis,
1644 3886 1700 3932 et
1739 3893 1999 3949 quaecun-

2114 3878 2205 3947 γὰρ
2235 3876 2522 3947 πλεονεξίᾳ
2548 3878 2580 3949 ἢ
2624 3878 2805 3948 ἐνδείᾳ
2830 3878 2925 3931 τοῦ
2956 3880 3310 3947 καθήκοντος
3354 3880 3427 3932 τά
3455 3896 3513 3932 τε
3545 3878 3685 3939 ὲνερ-

431 3975 537 4028 qne
568 3962 750 4016 usibus
782 3963 973 4027 borum
1006 3964 1282 4032 serviunt,
1312 3981 1410 4036 per
1439 3982 1496 4022 se
1527 3969 1663 4024 bona
1695 3980 1822 4025 sunt
1850 3982 1904 4026 et
1932 3972 1996 4026 ad

2109 3966 2300 4033 γοῦντα
2329 3966 2488 4035 μέλη,
2534 3968 2631 4019 καὶ
2660 3967 2728 4020 τὰ
2759 3968 2831 4020 δι’
2859 3968 3041 4027 αὐτῶν
3072 3969 3488 4038 ἐνεργούμενα,
3534 3962 3680 4030 νομέ-

433 4053 630 4107 bonnm
663 4052 826 4109 facta.
857 4053 994 4121 Quin
1026 4056 1190 4110 etiam
1223 4058 1587 4115 conditionem
1619 4077 1772 4117 suam
1810 4045 1993 4119 mode-

2106 4056 2255 4121 ζεται
2307 4060 2457 4113 κακὰ
2484 4054 2647 4125 εἶναι,
2686 4059 2912 4130 μηδαμῆ
2967 4061 3242 4130 μηδαμῶς
3277 4062 3437 4114 ὄντα.
3478 4059 3549 4109 Τὸ
3578 4054 3677 4121 γὰρ

432 4148 640 4201 ratione
665 4156 882 4201 servant
905 4164 1057 4213 ;nam
1080 4147 1197 4202 solo
1217 4162 1464 4218 excessu,
1491 4153 1571 4207 vel
1594 4154 1805 4209 defectu
1832 4155 1995 4221 illius,

2104 4149 2421 4214 πλεονάζον,
2456 4150 2554 4205 καὶ
2599 4152 2660 4204 τὸ
2689 4151 2960 4217 ἐλλεῖπον,
2985 4151 3138 4204 τοῦτ’
3184 4153 3311 4205 ἐστι
3353 4154 3416 4205 τι,
3452 4150 3675 4218 βλάπτον

431 4240 572 4306 quod
612 4239 725 4294 fieri
763 4257 859 4309 par
890 4250 1039 4304 erat,
1076 4253 1182 4297 tam
1221 4246 1335 4313 ipsa
1372 4246 1611 4301 membra
1646 4264 1768 4315 quae
1802 4259 1995 4317 agunt,

2106 4240 2445 4311 ἁπανταχοῦ,
2475 4242 2550 4304 ὡς
2577 4241 2716 4311 ἔφθη
2750 4257 2815 4309 γε
2840 4240 2998 4294 τοῦτο
3027 4241 3221 4311 ῥηθέν.
3269 4242 3460 4296 Ταῦτα
3488 4240 3533 4292 δ’
3570 4238 3677 4289 ἔστι

431 4346 594 4399 quam
634 4347 754 4401 quae
786 4348 882 4401 per
914 4349 977 4387 ea
1015 4335 1341 4402 efﬁciuntur,
1376 4353 1497 4394 esse
1535 4340 1674 4395 mala
1707 4349 1995 4410 putantur,

2105 4333 2202 4403 μὲν
2234 4334 2323 4387 διὰ
2350 4333 2460 4385 τῶν
2493 4332 2742 4404 ὀργάνων
2770 4332 2981 4386 τούτων
3011 4333 3545 4404 ὲνίοτε¹γιγνόμενα,
3567 4330 3672 4381 ἐστι

432 4437 557 4476 cum
607 4439 947 4494 nequaquam
994 4428 1123 4481 sint.
1172 4428 1381 4484 Etenim
1430 4422 1578 4501 quod
1622 4434 1849 4489 nimium
1894 4445 1997 4502 est,

2100 4424 2158 4478 δὲ
2188 4425 2275 4478 διὰ
2306 4424 2406 4495 τὴν
2440 4424 2595 4495 ὓλην,
2626 4425 2659 4495 ἥ
2695 4425 2924 4493 παρέχει
2960 4428 3073 4489 τοῖς
3105 4425 3391 4495 ὀργάνοις,
3436 4421 3671 4477 τουτέστι

430 4514 687 4583 quodque
720 4532 930 4586 parum,
959 4519 1155 4589 ubique
1188 4531 1369 4588 nocet,
1396 4527 1469 4579 uti
1498 4525 1610 4594 jam
1640 4538 1769 4581 ante
1795 4529 1998 4585 dictum

2101 4520 2215 4580 τοῖς
2250 4516 2493 4587 μέλεσιν,
2532 4519 2778 4586 ἐνεργεῖν
2804 4533 2818 4547 ο
2849 4515 2965 4569 ἔστι
2992 4517 3050 4571 δὲ
3093 4518 3184 4571 διὰ
3218 4519 3321 4587 τὴν
3356 4519 3414 4569 ἐν
3446 4516 3511 4585 τῇ
3530 4510 3665 4582 ψυχῇ

431 4617 535 4665 est.
555 4611 623 4663 At
646 4609 733 4663 illa
760 4625 856 4681 per
878 4611 1030 4666 istaec
1055 4615 1412 4669 instrumenta
1432 4631 1817 4688 nonnunquam
1839 4622 1994 4690 fiunt,

2107 4611 2353 4682 γνώμην.
2392 4612 2468 4665 Οὐ
2515 4611 2622 4680 μὴν
2654 4612 2884 4673 ἐκείνοις
2934 4611 3203 4687 μέμψαιτ’
3237 4616 3305 4668 ἄν
3354 4630 3456 4674 τις,
3507 4604 3666 4675 οἷν-,ατο

432 4718 821 4772 nonnunquam
867 4707 1074 4761 ratione
1117 4709 1391 4774 materiae,
1427 4725 1548 4779 qua:
1587 4711 1995 4781 instrumentis,

2104 4704 2329 4767 δικαίως
2359 4704 2445 4757 ἐπ’
2472 4704 2648 4757 οὐδενὶ
2674 4704 2783 4757 τῶν
2812 4706 3092 4759 ἁπάντων.
3120 4704 3258 4759 Οὔτε
3286 4707 3394 4773 γάρ
3421 4702 3519 4770 τὴν
3545 4697 3662 4764 ὕλην

432 4796 535 4849 hoc.
567 4807 648 4850 est
680 4797 971 4861 membris,
1006 4798 1196 4866 agendi
1231 4800 1336 4853 vim
1369 4802 1711 4871 suppeditat;
1746 4819 2000 4860 nonnun-

2105 4796 2310 4865 ἄψυχον
2363 4792 2546 4860 οὖσαν,
2586 4796 2710 4849 οὔτε
2760 4796 2828 4849 τὰ
2879 4797 3038 4866 μέλη,
3080 4798 3217 4850 ἀλλὰ
3278 4796 3378 4866 τὴν
3425 4791 3663 4846 κινοῦσαν

433 4900 591 4953 quam
638 4902 705 4941 ex
754 4889 924 4956 ipsius
967 4890 1132 4942 animi
1182 4892 1474 4945 sententia.
1517 4891 1633 4947 Non
1682 4903 1861 4949 tamen
1908 4898 1999 4951 illa

2106 4890 2279 4943 ταῦτα
2308 4890 2490 4960 ψυχήν
2515 4906 2527 4919 ⁸
2564 4891 2597 4960 ἡ
2626 4891 2861 4943 κινεῖται
2899 4891 3217 4960 προαιρέσει
3258 4890 3351 4942 ἐπὶ
3386 4887 3451 4940 τά
3484 4878 3658 4952 βελτίω

433 4978 556 5043 quis
601 4978 720 5048 jure
763 4981 1187 5050 vituperaverit,
1232 4984 1447 5052 Opinor,
1493 4984 1545 5037 in
1592 4985 1693 5038 ulla
1738 5001 1797 5040 re
1844 5004 1857 5041 :
1907 5003 2004 5043 nec

2114 4981 2237 5050 μὲν,
2284 4982 2428 5052 λόγῳ
2460 4982 2874 5053 κυϐερνωμένη,
2909 4984 3000 5035 ἐπὶ
3043 4984 3108 5035 τά
3146 4984 3317 5052 χείρω
3346 4981 3420 5043 δὲ,
3454 4974 3582 5043 πρὸς
3607 4966 3662 5018 τδ

431 5069 575 5120 enim
609 5070 882 5133 materies,
914 5086 1033 5141 quae
1061 5086 1254 5149 expers
1282 5083 1365 5127 est
1394 5074 1582 5141 animi,
1614 5077 1879 5146 culpanda
1911 5094 2002 5133 ve-

2110 5073 2452 5143 ἀλογώτερον
2492 5074 2594 5143 τὴν
2626 5073 2803 5145 ὁρμὴν
2849 5074 3069 5144 ἔχουσα.
3099 5075 3264 5128 Ὥστε
3315 5073 3460 5126 δυοῖν
3510 5064 3654 5149 θάτες

434 5158 533 5220 nit,
565 5174 662 5212 nec
695 5162 958 5225 membra,
986 5162 1081 5217 sed
1112 5145 1329 5233 movens
1356 5164 1505 5220 istac
1529 5166 1764 5230 animus,
1792 5168 1880 5236 qui
1916 5183 2005 5223 ar-

2114 5184 2207 5237 ρον
2242 5181 2256 5197 ⁸
2279 5167 2313 5237 ἣ
2366 5166 2504 5238 μηδὲ
2534 5165 2633 5235 τὴν
2683 5165 2876 5235 ἡδονὴν
2931 5165 3248 5233 διαϐλητὲον
3279 5163 3347 5217 ἂν
3384 5160 3488 5223 εἴη,
3539 5145 3654 5238 MP:

436 5249 637 5302 Iiitratu
669 5264 765 5303 suo
795 5244 1060 5311 movetur.
1092 5254 1158 5308 ad
1194 5258 1412 5310 meliora
1444 5258 1662 5325 quidem
1697 5274 1818 5313 eum
1852 5274 1879 5312 a
1919 5274 2006 5313 ra-

2110 5258 2266 5327 ἡμῶν
2304 5236 2713 5327 νάτιμασθέντος
2744 5256 2837 5308 τοῦ
2869 5257 3093 5324 μέτρου,
3128 5255 3203 5319 ὡς
3246 5246 3544 5323 περαιτέρω
3567 5236 3650 5292 τοῦ

436 5341 582 5393 tione
612 5343 965 5409 gubernatur,
999 5346 1062 5399 ad
1095 5348 1366 5401 deteriora
1397 5364 1524 5402 vero
1554 5364 1678 5403 cum
1715 5349 1905 5403 brutas
1937 5350 2005 5404 ad

2109 5350 2440 5418 γιγνομένου
2489 5348 2937 5418 προϐεϐηκότων,
2968 5347 3001 5415 ἢ
3049 5348 3141 5399 καὶ
3191 5348 3367 5399 πᾶσαν
3413 5339 3532 5405 ἑξῆς
3567 5328 3651 5397 τὴν

436 5444 618 5500 partes
652 5435 823 5504 magis
854 5438 1167 5504 prnpendet.
1200 5439 1562 5505 Quamobrem
1593 5442 1659 5495 de
1690 5441 1901 5495 duobus
1931 5440 2007 5494 al-

2112 5443 2294 5495 κτίσιν
2327 5440 2419 5493 τὸν
2456 5441 2572 5495 ἴσον
2608 5441 2834 5510 τρόπον.
2863 5440 3082 5493 Μᾶλλον
3115 5439 3170 5490 δὲ
3197 5437 3395 5503 ταύτην
3422 5429 3640 5495 ἀφέντας

357 5589 361 5595 η
438 5536 610 5579 terum
646 5540 924 5595 sequetur,
956 5530 1039 5583 vel
1075 5538 1131 5581 ut
1167 5532 1387 5586 minime
1420 5534 1489 5587 sit
1520 5533 1825 5587 accusanda
1861 5550 1925 5587 v0

2111 5536 2201 5587 τ”ιν
2236 5535 2471 5603 ποιητὴν
2521 5534 2899 5601 διασύρωμεν.
2949 5533 3009 5585 Ὀ
3038 5532 3145 5599 γὰρ
3185 5531 3291 5583 τῶν
3339 5519 3643 5595 βλαπτόντων

437 5632 580 5688 ptas,
617 5622 829 5687 quoties
868 5622 1058 5676 modus
1095 5637 1123 5674 a
1160 5624 1313 5677 nobis
1348 5624 1662 5694 negligitur.
1700 5626 2007 5695 progressis

2115 5621 2452 5691 δημιουργὸς
2482 5622 2654 5683 αἴτιος
2685 5624 2945 5690 ἄντικρυς
2971 5620 3078 5673 τῶν
3107 5620 3312 5679 κακῶν,
3344 5617 3477 5679 ἆπερ
3501 5609 3640 5695 ἀνατί

438 5712 666 5766 ulterius
696 5728 854 5781 quam
885 5728 978 5783 par
1009 5714 1181 5768 fuerat
1214 5732 1226 5768 :
1260 5715 1344 5769 vel
1374 5689 1443 5770 uti
1463 5689 1599 5770 idem
1630 5719 1817 5772 eodem
1851 5720 2009 5771 modo

2116 5715 2287 5777 καίως
2329 5715 2394 5768 ἂν
2430 5717 2564 5783 παρ’
2614 5715 2842 5768 ἐκείνων
2874 5713 3138 5781 γένοιντο.
3188 5710 3373 5762 Καίτοι
3415 5706 3457 5756 εί
3485 5698 3561 5751 διὰ
3583 5689 3638 5744 τά

438 5805 507 5861 de
538 5807 733 5861 creatis
768 5809 1034 5863 universis
1066 5809 1193 5873 fiat;
1230 5808 1336 5862 imo
1368 5809 1583 5878 potius,
1618 5811 1815 5864 creatis
1846 5810 2009 5864 omis-

2121 5810 2429 5880 βλάπτοντα
2482 5808 2645 5860 αὐτον
2690 5805 3080 5876 αἰτιασόμεθα,
3119 5801 3324 5857 δίκαιόν
3366 5799 3469 5849 ἐστι
3518 5801 3638 5880 παρ

438 5900 552 5969 sis,
584 5898 896 5958 Crratormn
936 5904 1109 5984 ipsum
1146 5901 1479 5960 cavillcmur.
1520 5900 1648 5955 Nam
1686 5903 1777 5972 qui
1817 5902 2007 5956 noxio-

2128 5901 2324 5972 :‘ixr‘O‘a;
2359 5902 2453 5953 καὶ
2486 5900 2552 5954 δι’
2598 5901 2739 5954 αὐτὰ
2773 5899 2839 5953 τὰ
2873 5898 3229 5968 βλαπτόμενα
3260 5890 3448 5947 ἐκεῖνον
3487 5877 3544 5935 αὖ
3568 5888 3634 5928 ω’
