3978 6592
80 383 229 456 ᾹἼἾ

1548 437 1552 440 -
1635 396 1918 459 ORATIO
1959 399 2024 462 V.

3354 402 3461 468 £78

97 501 446 569 uacum,
497 508 727 560 τοιαῦτα
763 509 898 580 παρ’
944 506 1112 566 αὑτοῦ
1160 513 1444 581 γεγονότα,
1485 515 1565 578 ὡς
1615 514 1688 585 μὴ
1721 517 1773 568 τέ

1888 531 2005 571 rum
2038 516 2291 573 conditor
2319 526 2430 586 est,
2462 518 2609 574 haud
2636 518 2798 576 dubie
2831 518 3097 574 malorum
3129 528 3208 574 est
3240 528 3455 585 auctor,

109 593 442 665 βλάπτον
469 611 532 647 τε
566 597 664 650 καὶ
687 598 856 651 κακὸν
884 596 974 654 οἷά
1001 619 1060 654 τε
1092 599 1230 657 εἶναι
1259 605 1691 675 ὲκκρούσασθαι.
1719 606 1781 659 Ei

123 687 191 741 δὲ
219 686 442 740 τοῦτο
477 687 684 742 ἄτοπόν
709 707 791 745 σοι
823 693 994 758 δοκεῖ,
1023 697 1118 748 καὶ
1147 698 1246 750 οὐκ
1276 697 1344 751 ἂν
1385 699 1566 762 δέξαιο
1599 699 1782 766 λέγειν

135 779 350 848 (καλὰ
385 779 498 849 γὰρ
541 781 759 835 ἅπαντα
792 787 986 852 φήσεις
1019 787 1087 839 τὰ
1133 789 1196 841 ἐκ
1224 788 1408 857 Θεοῦ),
1451 790 1655 844 ἄτοπον
1686 789 1782 845 καὶ

146 872 208 952 τὸ
241 870 392 936 τὴν
427 872 620 940 ἡδονὴν
667 873 975 945 διασύρειν,
1005 878 1149 948 ὑπὲρ
1180 881 1388 948 ἀγαθοῦ
1436 883 1618 951 σοφῶς
1645 885 1779 953 ἡμῖν

150 962 699 1034 δεδομένην.1ούδὲν
727 969 834 1036 γὰρ
867 971 1070 1036 ταύτης
1096 973 1344 1040 ἀπούσης
1368 970 1516 1045 εἶχεν
1548 977 1614 1028 ἂν
1647 993 1777 1029 συν-

161 1057 454 1110 ιστασθαι
495 1059 606 1111 τῶν
639 1060 698 1112 ἐν
728 1061 982 1130 αἰσθήσει
1017 1081 1076 1117 τε
1138 1067 1236 1120 καὶ
1286 1065 1423 1137 ζωῇ.
1452 1068 1638 1122 Πάντα
1667 1069 1776 1139 γὰρ

163 1149 454 1210 Exin-ova,
485 1148 554 1200 τὰ
581 1153 646 1220 τῇ
681 1149 793 1220 ζωῇ
828 1151 1133 1222 βοηθοῦντα
1157 1171 1173 1186 ⁶
1202 1157 1309 1212 κᾶν
1335 1159 1542 1230 ἀφέλῃς
1566 1161 1625 1213 τὸ
1649 1161 1774 1231 ἡδὺ,

156 1240 340 1292 οὐδὲν
379 1241 612 1296 ἐκείνων
660 1244 931 1312 ἐφάψεται
964 1247 1300 1314 οὑτινοσοῦν,
1331 1251 1494 1306 πόνον
1536 1252 1772 1321 ἔχοντος.

156 1333 492 1403 Συνίστησι
515 1335 571 1387 δέ
604 1353 705 1403 μου
733 1337 825 1390 τὸν
851 1338 1011 1406 λόγον
1038 1343 1106 1394 τὰ
1134 1343 1258 1396 καθ’
1280 1345 1429 1413 ἡμᾶς
1452 1344 1776 1415 πράγματα.

166 1426 395 1493 Ἡμεῖς
422 1427 536 1494 γὰρ
561 1425 676 1481 οὔτ’
703 1430 984 1500 ἐσθίομεν,
1013 1433 1141 1487 οὔτε
1177 1435 1428 1504 πίνομεν,
1458 1436 1560 1505 τῆς
1582 1438 1778 1507 ἡδονῆς

159 1517 248 1587 μὴ
287 1519 797 1592 προτρεπομένης.
827 1523 940 1578 Καὶ
959 1524 1020 1576 τὸ
1052 1525 1336 1594 θαυμάσαι
1359 1527 1594 1593 δίκαιον,
1629 1531 1778 1583 ἒπει-

155 1609 269 1664 δὰν
320 1612 669 1683 ὕπερκορεῖς
695 1615 806 1669 τῶν
836 1618 1058 1687 τροφῶν
1096 1620 1410 1690 γενώμεθα,
1447 1624 1544 1676 καὶ
1564 1624 1631 1677 τὰ
1665 1623 1778 1694 ἧδι-

162 1720 276 1756 στα
315 1704 511 1759 πάντα
551 1708 1039 1778 ἀποστρεφόμεθα,
1071 1712 1169 1765 καὶ
1202 1713 1405 1782 μᾶλλον
1428 1715 1492 1769 ἂν
1521 1715 1776 1785 ἑλοίμεθα

159 1797 410 1864 πληγὰς
437 1798 517 1866 τῷ
553 1799 766 1868 σώματι
796 1801 1057 1866 δέξασθαι
1094 1805 1126 1875 ἢ
1168 1805 1246 1876 τῷ
1277 1808 1508 1876 στόματι
1541 1808 1770 1879 τροφήν.

1883 624 2005 679 quae
2038 610 2346 666 necessario
2377 612 2586 666 scilicet
2619 611 2688 666 ab
2723 611 2830 668 illis
2869 611 3022 666 bunt.
3058 611 3220 679 Atqui
3253 613 3297 663 si
3331 626 3458 666 eum

1883 709 2109 772 propter
2143 701 2299 756 noxia
2336 703 2711 772 culpabimus,
2748 686 3064 772 plenissime
3093 702 3302 772 justum
3338 713 3458 767 est,

1881 795 2130 848 eumdem
2159 801 2214 849 et
2241 795 2489 849 laesorum
2517 797 2735 852 nomine
2759 797 2990 866 culpari,
3045 797 3139 866 qui
3173 796 3296 849 talia
3327 811 3463 850 con-

1882 887 2105 951 diderit,
2140 897 2201 942 ut
2243 887 2503 970 quidquid
2551 891 2771 944 noxium
2819 900 2982 958 alque
3017 890 3216 942 malum
3252 899 3334 943 est
3369 904 3462 942 re-

1882 978 2085 1048 pellere
2123 990 2412 1049 nequeant.
2449 979 2544 1034 Sin
2582 981 2724 1034 istud
2758 981 3054 1035 absurdum
3089 979 3186 1033 tibi
3223 981 3459 1046 videtur,

1881 1072 1971 1141 qui
2016 1072 2123 1127 tale
2165 1074 2293 1143 quid
2340 1073 2584 1144 proferre
2626 1090 2734 1130 non
2777 1075 3050 1129 sustineas
3091 1077 3238 1142 (nam
3279 1075 3461 1128 omnia

1881 1163 2022 1220 facta
2062 1165 2325 1221 divinitus
2361 1169 2501 1222 bona
2537 1182 2659 1222 esse
2722 1167 3028 1237 fateberis),
3066 1167 3227 1222 etiam
3267 1168 3464 1221 absur-

1879 1256 2006 1310 dum
2055 1267 2140 1312 est
2182 1259 2514 1327 voluptatem
2563 1259 2878 1322 criminari,
2923 1263 3083 1328 plane
3129 1258 3254 1313 boni
3299 1273 3464 1314 causa

1880 1349 2037 1405 nobis
2069 1337 2408 1406 concessam.
2441 1349 2654 1405 Etenim
2688 1353 2896 1422 absque
2926 1354 3059 1415 bac,
3093 1350 3225 1405 nihil
3257 1367 3461 1416 sensu,

1878 1442 2011 1495 nihil
2038 1445 2146 1497 vita
2177 1443 2461 1511 praeditum
2489 1454 2740 1498 constare
2772 1454 2972 1512 posset.
3004 1444 3142 1498 Sunt
3170 1443 3315 1496 enim
3347 1459 3464 1496 om-

1879 1533 1966 1588 nia
2034 1533 2302 1590 laboriosa
2337 1548 2458 1604 quae
2498 1533 2623 1588 vita
2659 1533 3014 1604 opitulantur,
3053 1521 3118 1589 ac
3154 1535 3200 1587 si
3241 1533 3460 1602 quidem

1876 1625 2208 1694 voluptatem
2242 1625 2557 1688 abstuleris,
2593 1627 2924 1680 laboriosum
2955 1627 3180 1680 omnino
3211 1625 3345 1678 nihil
3378 1635 3462 1679 at.

1881 1715 2111 1784 tingent.
2139 1716 2314 1783 Atque
2341 1717 2478 1770 bane
2502 1717 2805 1770 orationem
2835 1731 3008 1770 meam
3040 1732 3125 1770 res
3153 1716 3288 1785 ipsa:
3317 1731 3464 1768 mor-

1882 1807 2067 1862 talium
2097 1807 2444 1862 conlirmant.
2475 1807 2583 1862 Nos
2607 1809 2750 1863 enim
2779 1823 2958 1878 neque
2985 1809 3344 1873 comedimus,
3373 1823 3468 1862 ne.

161 1888 231 1942 Ei
272 1889 340 1943 δὲ
382 1891 576 1944 καὶτὸ
610 1893 743 1963 παρ’
779 1895 914 1964 ἡμῖν
959 1897 1250 1966 ὀρεκτικόν
1292 1916 1350 1953 τε
1382 1900 1479 1953 καὶ
1523 1876 1773 1953 ἑλκτικὸν

1883 1915 1987 1968 quc
2015 1899 2274 1965 bibimus,
2304 1901 2405 1954 nisi
2436 1901 2688 1971 voluptas
2720 1876 2927 1955 incitet.
2959 1899 3026 1954 Et
3049 1900 3192 1969 quod
3224 1901 3469 1954 admira.

161 1981 268 2034 τοῦ
308 1984 634 2052 πεφυκότος
662 1989 1214 2059 παρεκτραπήσεται,
1243 1991 1656 2061 παραινούντων
1681 1991 1782 2057 μὲν

168 2075 423 2146 ἰατρῶν,
456 2077 926 2145 παρακαλούντων
949 2081 1005 2134 δὲ
1043 2082 1239 2151 φίλων,
1270 2083 1449 2138 πάντα
1479 2085 1780 2137 ποιούντων

170 2169 286 2223 τῶν
332 2171 649 2238 συγγενῶν,
704 2173 938 2243 οὐδεμία
987 2174 1206 2245 μηχανὴ
1247 2175 1454 2242 γένοιτ’
1485 2175 1551 2229 ἂν
1593 2175 1776 2244 ἱκανὴ,

126 2327 132 2330 .
177 2261 303 2313 οὒδέ
336 2261 534 2330 φόϐος,
565 2262 642 2327 ὡς
676 2265 975 2319 ἀναπεισαι
1020 2265 1323 2334 δυνηθῆναι
1372 2268 1495 2328 ταῖς
1529 2267 1639 2319 τῶν
1674 2283 1777 2336 κη-

183 2351 436 2421 δομένων
487 2355 886 2424 παραινέσεσιν
931 2352 1096 2421 εἶξαι.
1140 2356 1283 2410 Ἀλλ’
1324 2358 1529 2421 εἰδότες
1567 2356 1643 2420 ὡς
1677 2374 1771 2410 τεο

195 2440 523 2513 θνηξόμεθα,
569 2447 620 2498 ει
659 2444 736 2516 μὴ
766 2445 1029 2517 λάὄοιμεν
1063 2447 1296 2520 τροφὴν,
1331 2449 1494 2516 ἡμεῖς
1543 2447 1601 2501 δὲ
1637 2447 1770 2518 θνή-

201 2548 398 2600 σκομεν
431 2535 506 2606 μὴ
529 2535 814 2600 λαϐόντες.

1882 1991 2083 2046 tionem
2115 1999 2379 2056 meretur,
2412 2007 2533 2046 cum
2566 1993 2812 2048 ciborum
2845 2008 2944 2048 nos
2971 1993 3177 2062 ceperit
3209 1996 3464 2057 satietas,

1880 2085 2042 2140 etiam
2065 2082 2462 2151 iucundissima
2489 2086 2748 2154 quaelibet
2773 2099 3119 2150 aversantur,
3148 2100 3211 2138 ae
3236 2084 3466 2139 verbera

1880 2192 2110 2247 corpore
2138 2177 2421 2232 mallemus
2446 2179 2702 2248 excipere
2725 2193 2888 2247 quam
2915 2193 3009 2232 ore
3038 2177 3464 2232 nutrimentum.

1876 2268 2030 2336 Quod
2063 2269 2108 2324 si
2143 2270 2307 2324 etiam
2340 2271 2422 2324 vis
2454 2270 2508 2324 in
2543 2271 2702 2325 nobis
2733 2283 2998 2340 appetens
3029 2279 3084 2325 et
3117 2271 3400 2325 attrahens
3434 2284 3466 2324 a

1877 2362 2065 2417 nativo
2107 2370 2250 2418 statu
2295 2361 2596 2434 deﬂexerit,
2645 2362 2996 2418 monentibus
3040 2363 3289 2429 medicis,
3340 2361 3471 2414 hor-

1876 2455 2116 2510 tantibus
2147 2455 2372 2519 amicis,
2407 2454 2650 2523 cognatis
2678 2455 2856 2509 omnia
2891 2456 3249 2520 facientibus,
3283 2464 3466 2508 tamen

1875 2560 1974 2600 nec
2002 2561 2091 2600 ars
2119 2544 2394 2600 sun‘eeerit
2420 2545 2560 2609 ulla,
2594 2559 2693 2600 nec
2724 2554 2941 2610 metus,
2972 2554 3032 2598 ut
3059 2559 3204 2616 πετο
3234 2557 3468 2613 persua-

203 2630 304 2684 deri
345 2632 556 2701 possit,
594 2633 990 2690 monitionibus
1032 2635 1249 2690 illorum
1273 2673 1289 2699 ,
1323 2637 1416 2705 qui
1455 2649 1643 2692 curam
1680 2637 1796 2706 ejus
1826 2649 2052 2708 gerant,
2088 2639 2389 2692 cedendum
2433 2651 2577 2693 esse.
2617 2638 2731 2693 lmo
2773 2637 2986 2693 tametsi
3033 2636 3190 2692 nobis
3230 2635 3468 2691 morien-

206 2727 320 2780 dum
357 2733 607 2787 norimus
641 2731 746 2786 nisi
783 2731 965 2786 cibum
1003 2735 1437 2802 sumpserimus,
1478 2743 1658 2788 tamen
1697 2749 1765 2789 eo
1794 2735 2079 2804 repudiato
2111 2733 2293 2804 potius
2324 2744 2552 2789 mortem
2581 2732 2907 2803 oppetimus.

267 2817 434 2874 Ὅταν
463 2823 644 2876 τοίνυν
689 2821 864 2886 οὕτως
905 2823 1005 2894 ἔχῃ
1043 2825 1113 2877 τὰ
1141 2825 1251 2878 τῶν
1298 2825 1537 2894 λογικῶν
1583 2826 1769 2893 πράγ-

215 2929 367 2983 ματα,
394 2914 420 2967 6
446 2915 622 2986 ἰχθὺς,
654 2918 749 2970 καὶ
787 2919 848 2971 τὸ
874 2918 1097 2987 πτηνόν,
1145 2918 1240 2973 καὶ
1266 2921 1294 2973 6
1342 2919 1508 2981 ἵππος
1557 2919 1672 2981 πῶς
1704 2919 1769 2972 ἄν

213 3018 258 3055 τι
280 3003 495 3075 δέδρακε
532 3008 810 3079 μοχθηρὸν
845 3009 879 3080 ἢ
910 3009 1171 3080 ἐργῶδες,
1209 3010 1285 3081 μὴ
1323 3010 1422 3080 τῆς
1463 3011 1656 3080 ἡδονῆς
1689 3011 1770 3074 εἰς

217 3093 357 3150 τοῦτο
402 3087 868 3172 παρακαλούσηςς
905 3102 1106 3156 Ἐσθίει
1143 3103 1253 3175 γὰρ
1290 3102 1353 3156 τὸ
1404 3103 1603 3172 ἄλογον
1643 3103 1768 3172 οὐχὶ

219 3187 299 3242 τοῦ
345 3189 440 3262 ζῇν
469 3193 656 3250 ,ἕνεκα
708 3194 937 3263 (πόθενς
977 3196 1175 3250 πολλοῦ
1229 3213 1292 3264 γε
1332 3198 1425 3250 καὶ
1476 3197 1600 3265 δεῖ),
1646 3195 1766 3249 ἀλλ’

224 3281 389 3355 ὅτιπερ
414 3287 752 3358 τρεφόμενον
781 3289 993 3358 ἥδεται,
1031 3291 1130 3362 ἡδὺ
1187 3290 1470 3355 ποιοῦντος
1506 3290 1602 3344 τοῦ
1647 3292 1765 3345 λαι-

1948 2825 2085 2880 Cum
2115 2827 2280 2894 igitur
2305 2826 2513 2880 ratione
2541 2825 2892 2894 pneditorum
2922 2837 3011 2878 res
3040 2822 3110 2877 ita
3140 2832 3469 2892 comparata

1877 2917 2006 2980 sint,
2031 2931 2266 2984 quonam
2289 2923 2446 2986 pacto
2473 2915 2665 2986 piscis,
2691 2923 2744 2969 et
2769 2913 2905 2977 avis,
2935 2924 2989 2968 et
3012 2927 3211 2984 equus,
3232 2913 3469 2967 laborio-

1876 3025 1996 3065 sum
2030 3009 2112 3064 vel
2141 3025 2430 3080 operosum
2465 3009 2666 3080 aliquid
2701 3009 2928 3072 fecerit,
2968 3023 3074 3062 non
3108 3006 3371 3063 incitante
3400 3005 3470 3062 ad

1877 3103 1980 3158 hoc
2010 3100 2314 3168 Voluptate?
2339 3102 2592 3158 Comedit
2628 3104 2798 3166 enim,
2828 3101 2972 3171 quod
3011 3101 3238 3177 rationis
3269 3115 3468 3171 expers

1874 3205 1991 3259 est,
2024 3211 2129 3250 non
2163 3204 2221 3251 ut
2251 3197 2398 3252 vivat
2426 3196 2735 3261 (ttudenam
2769 3196 2958 3251 istuc?
2991 3196 3218 3250 minime
3249 3195 3468 3263 quidem

1871 3285 2091 3357 certe),
2126 3285 2220 3340 sed
2261 3286 2386 3354 quia
2429 3288 2495 3340 de
2535 3286 2868 3340 nutrimento
2906 3285 3249 3352 voluptatem
3291 3283 3472 3354 perci-

232 3374 314 3443 μοῦ
339 3381 532 3450 φυσικῇ
565 3396 673 3433 τινι
698 3380 942 3436 διαθέσει
973 3382 1032 3434 τὸ
1053 3359 1061 3362 ⁷
1079 3380 1148 3435 δι’
1173 3382 1340 3436 αὐτοῦ
1376 3383 1514 3449 πρὸς
1541 3385 1643 3454 τὴν
1669 3399 1771 3451 γα-

1878 3376 1974 3446 pit,
1993 3376 2121 3430 dum
2141 3377 2263 3444 gula
2282 3378 2512 3431 naturali
2536 3377 2770 3446 quadam
2791 3376 3082 3432 aﬂ‘ectione
3102 3391 3268 3431 suave
3291 3378 3469 3432 reddit

233 3471 365 3541 στέρα
390 3474 915 3544 καταπεμπόμενον.
953 3475 1380 3544 Ἐπισυμδαίνει
1409 3477 1467 3530 δὲ
1497 3476 1678 3531 αὐτῶν
1710 3476 1771 3530 τδ

235 3560 425 3634 ζῇνάπδ
471 3568 574 3637 τῆς
621 3569 855 3638 τροφῆς.
894 3569 1003 3624 Καὶ
1026 3571 1117 3622 τὸν
1145 3571 1259 3623 ἴσον
1304 3571 1466 3624 πάλιν
1510 3573 1770 3641 μίγνυται

240 3658 410 3723 τρόπον,
455 3662 528 3715 Ού
560 3663 670 3733 γὰρ
713 3661 802 3714 ἵνα
857 3661 932 3734 μὴ
967 3665 1028 3715 τὸ
1061 3663 1219 3730 γένος
1253 3662 1500 3735 ὲκλείψῃ,
1547 3664 1664 3718 ἀλλ’
1695 3665 1772 3726 ὡς

238 3754 529 3826 κηλούμενον
563 3756 670 3811 ὑπὸ
702 3759 804 3828 τῆς
832 3759 1054 3829 ἡδονῆς,
1087 3757 1312 3815 ἐπειδὰν
1346 3759 1624 3829 ἡγήσηται
1672 3760 1772 3826 μὲν

234 3844 389 3916 ἔνδεια,
413 3851 472 3904 οὐ
503 3851 686 3922 φθάσῃ
719 3852 1118 3923 δὲπλησμονὴ.
1155 3854 1317 3908 Ὥστε
1345 3853 1559 3919 ἔξεστιν
1592 3853 1772 3905 εἰπεῖν

231 3933 456 4013 εἶναιτὴν
487 3943 588 4014 τῆς
633 3945 830 4015 ἡδονῆς
863 3944 1125 3999 σύστασιν
1162 3948 1220 4000 ὲν
1247 3947 1326 4016 τῷ
1373 3947 1527 4016 μέσῳ
1562 3945 1772 4009 ἐνδείας

230 4035 304 4086 καὶ
326 4033 640 4107 πλησμονῆς
671 4039 849 4108 χρόνῳ
892 4039 984 4092 ἐπὶ
1011 4039 1215 4101 παντὸς
1264 4038 1467 4108 ἑφεξῆς
1502 4037 1771 4122 πράγμα-

227 4139 316 4185 τος.
345 4127 446 4181 Καὶ
481 4129 594 4198 μὴν
627 4129 688 4180 οὗ
731 4131 892 4197 μόνον
920 4131 1009 4183 διὰ
1040 4130 1141 4199 τὴν
1170 4132 1312 4200 ἐμὴν
1342 4130 1538 4201 ἡδονὴν
1560 4125 1620 4183 εὖ
1657 4129 1772 4199 ἔχει

228 4212 278 4266 τὸ
304 4216 443 4282 γένος
471 4219 630 4286 ἡμῖν,
658 4216 798 4272 ἀλλὰ
833 4220 929 4272 καὶ
956 4218 1044 4272 διὰ
1071 4220 1170 4289 τὴν
1204 4220 1629 4290 ἐνυπάρχουσαν
1659 4221 1773 4284 τοῖς

226 4305 425 4377 ἀλόγοις.
469 4310 628 4363 Ἐπεὶ
672 4311 782 4380 γὰρ
809 4310 986 4365 ταῦτα
1033 4309 1100 4364 δι’
1139 4313 1289 4381 ἡμᾶς
1324 4315 1541 4380 γέγονε,
1592 4312 1682 4367 διὰ
1714 4313 1772 4367 δὲ

217 4401 304 4471 τὴν
329 4401 514 4472 ἡδονὴν
556 4400 697 4457 αὐτὰ
743 4402 1101 4468 διασώζεται,
1150 4404 1401 4473 φαίνεται
1436 4404 1626 4473 σαφῶς
1677 4407 1774 4460 καὶ

218 4492 368 4562 ἡτῶν
396 4492 610 4561 ἀλόγων
650 4494 732 4555 εις
768 4493 976 4560 ἀγαθὶν
1012 4493 1361 4562 ἐκϐεϐηκυῖα
1404 4495 1480 4565 τῷ
1510 4497 1772 4567 ἡμετέρῳ

1873 3469 1926 3523 id
1957 3470 2099 3538 quod
2130 3483 2226 3538 per
2254 3483 2374 3523 eam
2409 3469 2460 3522 in
2499 3469 2677 3523 alvum
2712 3470 3040 3524 demittitur.
3073 3468 3245 3523 Simul
3277 3483 3342 3523 ex
3376 3484 3470 3524 eo-

1873 3563 1994 3618 dem
2019 3561 2121 3616 hoc
2143 3563 2480 3616 nutrimento
2505 3561 2552 3614 id
2577 3575 2792 3632 quoque
2815 3563 3197 3631 consequitur,
3223 3573 3278 3616 ut
3295 3562 3466 3616 vivat.

1873 3653 2151 3709 Consimili
2188 3656 2348 3710 modo
2377 3665 2432 3709 et
2464 3654 2674 3708 Venere
2709 3655 2902 3708 utitur.
2939 3653 3056 3709 Non
3091 3654 3236 3707 enim
3273 3654 3374 3708 hoc
3405 3669 3471 3707 eo

1874 3745 2001 3800 facit
2033 3761 2098 3800 ne
2123 3761 2293 3815 genus
2319 3747 2494 3815 ipsum
2523 3745 2762 3810 deliciat,
2789 3746 2884 3800 sed
2915 3747 3043 3815 quia
3070 3746 3347 3813 voluptate
3371 3745 3470 3800 dc-

1875 3839 2162 3902 mulcetur,
2210 3838 2425 3907 quoties
2473 3838 2654 3906 inopia
2703 3837 2924 3906 quidem
2979 3839 3348 3907 praecessetit,
3399 3839 3468 3892 ad

1875 3937 2182 3987 satietatem
2219 3945 2349 3984 vero
2391 3929 2622 3983 n’ecdum
2665 3938 2990 3998 perventum
3040 3928 3226 3982 fuerit.
3263 3928 3468 3995 Quam-

1874 4024 2063 4079 obrem
2092 4023 2274 4078 dicere
2303 4022 2460 4088 licet,
2492 4023 2544 4076 in
2577 4021 2832 4076 omnibus
2857 4021 3082 4076 omnino
3114 4021 3306 4086 rebus,
3338 4037 3470 4076 eon-

1875 4117 2069 4171 sistere
2090 4114 2417 4184 voluptatem
2445 4114 2496 4167 in
2523 4128 2588 4168 eo
2617 4123 2860 4184 tempore
2884 4114 3027 4183 quod
3054 4114 3200 4167 inter
3223 4113 3466 4183 inopiam

1876 4217 1930 4262 et
1962 4207 2268 4261 satietatem
2297 4206 2449 4260 velut
2478 4205 2866 4260 intermedium
2899 4213 3002 4260 est.
3037 4204 3224 4275 Neque
3255 4213 3466 4260 tantum

1873 4299 2167 4368 voluptatis
2207 4307 2412 4353 nostra:
2454 4312 2619 4354 causa
2673 4306 2820 4352 recte
2864 4297 3126 4354 affectum
3165 4307 3250 4353 est
3297 4310 3470 4367 genus

1877 4391 2173 4447 humanum
2193 4428 2212 4458 ,
2239 4406 2426 4445 verum
2457 4392 2622 4446 etiam
2657 4389 2804 4445 illius
2832 4405 2998 4446 causa
3027 4390 3320 4460 voluptatis
3349 4405 3469 4459 qua:

1875 4485 2054 4541 brutis
2094 4484 2466 4540 animantibus
2507 4484 2666 4539 inest.
2707 4485 2977 4552 Quoniam
3019 4485 3163 4540 enim
3205 4483 3294 4538 illa
3338 4497 3469 4552 pro-

214 4583 324 4654 βίῳ.
356 4583 430 4636 Τὰ
457 4579 802 4654 γὰρ’ἐξωθεν
830 4585 964 4654 ἡμῖν
991 4583 1366 4654 συνεργοῦντα
1399 4585 1612 4638 ἐκεῖθεν
1645 4585 1768 4656 βέλ-

1878 4587 1997 4646 pter
2028 4589 2130 4630 nos
2163 4574 2300 4630 facta
2334 4583 2493 4640 sunt,
2526 4583 2583 4629 et
2618 4582 2840 4642 propter
2869 4575 3204 4646 vnluptatem
3239 4589 3470 4629 conser-

209 4693 354 4729 τιστα
403 4675 539 4745 ἔχει.
591 4676 688 4740 Τίς
734 4675 802 4730 ἂν
861 4676 1008 4728 εἴποι
1045 4677 1144 4739 τὰς
1185 4678 1317 4746 παρ’
1369 4677 1594 4730 ἐκείνων
1639 4680 1772 4749 ἡμῖν

99 4757 101 4760 ⁴
207 4767 429 4839 τροφάς,
470 4769 569 4832 τὰς
609 4769 941 4838 περιϐολὰςς
971 4769 1121 4824 τᾶλλ’
1151 4769 1234 4823 ὄσ’
1261 4771 1488 4838 ἁμέσως
1537 4772 1774 4836 ἐκείνοις

210 4862 476 4932 χρώμεθα,
511 4861 860 4932 στελλόμενοί
892 4879 951 4915 τε
992 4863 1215 4932 μακρὰς
1251 4862 1427 4927 ὁδοὺς,
1460 4863 1557 4916 καὶ
1595 4864 1773 4932 ἐμπο-

216 4953 500 5022 ρευόμενοι,
537 4952 926 5022 πολεμοῦντες,
953 4956 1048 5008 καὶ
1080 4954 1429 5024 θηρεύοντες,
1459 4955 1556 5009 καὶ
1593 4972 1774 5025 γεωρ-

214 5046 456 5112 γοῦντεςς
511 5047 606 5099 καὶ
639 5047 707 5099 τὰ
737 5048 801 5100 ὲκ
831 5047 936 5116 τῆς
975 5047 1248 5116 γεωργίας
1289 5047 1670 5116 συλλέγοντες,
1703 5049 1773 5103 τά

215 5157 271 5192 τε
301 5138 444 5204 ἄλλα,
474 5141 569 5192 καὶ
601 5134 676 5194 ὧν
710 5141 878 5210 χωρὶς
909 5141 1008 5193 οὐκ
1038 5141 1155 5193 ἔστι
1190 5141 1374 5204 καλῶς
1416 5144 1563 5214 ἡμᾶς
1595 5143 1773 5212 πράτ-

220 5232 554 5300 τεινςοὶκίας
606 5233 770 5301 λέγω,
825 5233 987 5299 νεὼς,
1045 5233 1298 5304 λιμένας,
1339 5235 1526 5298 πόλεις
1573 5235 1770 5298 αὑτάς.

220 5322 368 5376 Ὥστε
393 5322 570 5386 καλῶς
603 5324 738 5392 ἡμῖν
767 5324 987 5394 εἴρηται
1017 5327 1115 5379 καὶ⁹
1159 5327 1220 5378 τὸ
1255 5327 1384 5397 περὶ
1428 5327 1530 5395 τῆς
1575 5328 1774 5396 ἡδονῆς

225 5414 315 5482 τῆς
339 5415 391 5467 ὲν
421 5419 532 5479 τοῖς
567 5416 809 5483 ἀλόγοις.
861 5416 1083 5487 Ἐπειδὴ
1115 5419 1224 5486 γὰρ
1253 5419 1354 5487 τὴν
1383 5417 1636 5488 αὐτάρκη
1679 5419 1774 5471 καὶ

223 5508 481 5576 ἀπέριττον
512 5506 660 5576 ζωὴν
689 5507 1079 5578 ἀπωλέσαμεν,
1119 5511 1214 5563 καὶ
1237 5509 1328 5564 διὰ
1369 5508 1531 5564 τοῦτο
1557 5510 1772 5564 πολλῶν

225 5598 451 5668 δεόμεθα,
488 5600 698 5654 τούτων
726 5601 783 5654 δὲ
814 5602 875 5654 τὸ
925 5603 1180 5656 πλεῖστον
1211 5603 1382 5674 μέρος
1414 5604 1684 5674 ὑπηρετεῖ
1711 5595 1774 5656 τέ

229 5690 317 5745 καὶ
351 5689 552 5746 δίδωσιν
609 5694 744 5762 ἡμῖν
802 5695 934 5764 παρ’
977 5694 1190 5748 ἑαυτῶν
1233 5696 1304 5747 τὰ
1356 5693 1495 5760 ζῶα,
1533 5695 1670 5748 αὐτὰ
1716 5696 1773 5748 δὲ

230 5783 379 5836 ταῦτα
415 5787 475 5854 τῇ
508 5785 668 5854 ἡδονῇ
708 5782 1058 5852 διασώζεται,
1096 5787 1295 5857 κομιδῇ
1335 5785 1503 5854 σαφὲς
1539 5787 1772 5854 γίνεται,

233 5876 304 5939 ὡς
323 5877 397 5931 καὶ
420 5879 488 5948 τῇ
510 5875 718 5930 τούτων
750 5875 916 5949 ἡδονῇ
939 5878 969 5930 ό
1005 5877 1120 5948 βίος
1146 5880 1281 5950 ἡμῖν
1331 5882 1651 5933 συνίσταται
1679 5881 1774 5932 καὶ

1874 4682 2102 4737 vantur,
2133 4678 2359 4739 apparet
2394 4667 2708 4736 manifesto,
2745 4668 3028 4722 brnturum
3062 4678 3282 4735 quoque
3313 4663 3468 4716 voln-

1874 4773 2082 4835 ptatem
2102 4765 2224 4818 vitae
2246 4772 2450 4818 nostra:
2471 4763 2618 4818 bono
2641 4778 2783 4817 esse.
2809 4762 2945 4816 Nam
2969 4776 3092 4830 qua:
3119 4759 3466 4812 extrinsecus

1875 4859 2027 4914 nobis
2055 4872 2210 4927 opem
2237 4856 2420 4911 ferunt
2444 4866 2498 4910 et
2525 4853 2868 4917 conducunt,
2895 4868 2960 4906 ex
2993 4851 3270 4916 voluptate
3297 4863 3462 4916 quant

1875 4949 2083 5020 optime
2112 4957 2240 5004 sunt
2271 4947 2486 5003 attenta.
2520 4945 2655 5012 Quis
2685 4945 2964 5014 explicare
2993 4939 3227 4996 dicendo
3260 4939 3458 5008 possit,

1875 5057 1997 5112 quae
2022 5041 2090 5096 ab
2117 5041 2222 5095 illis
2247 5040 2524 5101 alimenta,
2552 5053 2687 5107 quos
2715 5036 2947 5090 amictus
2979 5033 3301 5094 habeamus,
3329 5030 3466 5082 alia-

1875 5153 1984 5208 que
2026 5136 2080 5190 in
2123 5134 2324 5203 quibus
2357 5133 2438 5187 eis
2475 5129 2790 5184 immediate
2827 5128 3055 5186 utimur,
3093 5124 3221 5178 dum
3268 5123 3462 5177 itinera
3531 5186 3541 5194 α

1877 5230 2036 5299 longa
2077 5227 2338 5290 facimus,
2371 5233 2427 5278 et
2464 5232 2804 5276 mercaturas
2839 5233 3196 5281 exercemus,
3235 5227 3287 5271 et
3321 5217 3462 5271 bella

1875 5322 2115 5392 gerimus
2138 5359 2153 5384 ,
2183 5326 2238 5373 et
2266 5330 2551 5380 venamur,
2585 5323 2640 5368 et
2672 5327 2834 5381 agros
2866 5310 3096 5365 colimus
3121 5350 3136 5373 ,
3168 5319 3223 5365 et
3251 5308 3465 5364 fructus

1875 5413 2223 5486 agricultura:
2252 5409 2578 5479 colligimus,
2607 5421 2729 5461 eum
2762 5406 2995 5472 caeteris,
3032 5404 3239 5474 abSque
3270 5403 3466 5473 quibus

1875 5507 2015 5562 bene
2052 5506 2210 5562 nobis
2243 5520 2366 5561 esse
2400 5505 2620 5576 nequit,
2656 5507 2848 5562 domos
2882 5506 3034 5570 dico,
3071 5506 3306 5574 templa,
3343 5518 3469 5574 por-

1875 5607 1982 5663 tus,
2017 5597 2131 5668 ipsa
2162 5598 2393 5668 Oppida?
2422 5599 2790 5664 Quamobrem
2817 5600 2931 5653 'boe
2961 5614 3178 5669 quoque
3209 5598 3276 5652 de
3308 5597 3464 5651 volu-

1875 5699 2021 5759 ptate
2039 5704 2158 5760 qua:
2176 5689 2349 5745 brutis
2365 5690 2528 5757 inest,
2548 5699 2694 5746 recte
2710 5707 2738 5744 a
2754 5691 2912 5746 nobis
2928 5699 3014 5745 est
3031 5689 3460 5758 pronuntiatum.

1878 5783 2010 5837 Nam
2041 5783 2167 5852 quia
2198 5784 2360 5838 vitam
2394 5784 2541 5840 illam
2573 5785 2790 5855 copiose
2821 5783 2924 5840 sibi
2959 5783 3063 5852 ipsi
3097 5781 3463 5836 suﬂieientem

1876 5884 1928 5932 et
1953 5875 2256 5948 simplicem
2281 5877 2589 5948 amisimus,
2620 5879 2847 5948 ideoque
2874 5875 3122 5947 pluribus
3147 5871 3464 5944 indigemus
