3978 6642
218 423 374 492 431
1721 420 2008 482 ORATIO
2051 421 2119 483 V.
3432 418 3535 483 482

221 544 526 618 ηιοῦσης
570 540 902 606 ἀνθρώποις,
935 540 1070 604 ζῶσί
1104 559 1163 594 τε
1198 539 1531 611 προσήκοντι
1591 543 1824 612 σχήματι

1962 555 2080 594 rum
2130 555 2295 608 Opera
2339 538 2498 595 nobis
2547 537 2809 602 ostendit,
2856 535 3055 605 quibus
3108 535 3317 604 pictura
3376 541 3531 605 quasi

222 640 361 693 καὶ
397 634 654 704 λογισμῷ
694 634 763 687 τὰ
794 633 913 686 κατ’
968 633 1171 696 αὐτοὺς
1219 632 1458 685 ίούνουσι
1518 634 1821 704 πραγματα

1956 636 2191 703 quadarn
2247 635 2677 704 cxprimebatur.
2731 632 2807 685 Ex
2863 632 3062 700 quibus
3099 632 3352 686 omnibus
3396 647 3530 686 sane

225 729 491 796 ἀγαθήν
535 745 594 781 τε
632 721 774 778 εἶναι
811 726 933 778 καθ’
980 725 1171 795 αὐτὴν,
1203 724 1302 779 καὶ
1350 725 1540 787 αὐτοῖς
1589 724 1824 794 πρόξενο·

1956 727 2255 793 colligitur.
2305 728 2478 796 ipsam
2515 726 2873 794 voluptatem,
2921 723 3078 792 cuius
3117 724 3298 792 imago
3330 740 3530 791 περι-ω·
3578 755 3604 793 ,ί

226 821 502 891 ἀγαθῶν
537 819 834 887 μεγίστων,
865 819 957 872 τὸν
983 819 1106 888 τῇδε
1143 816 1261 887 βίον
1291 817 1580 887 ἀμείψασι,
1618 820 1822 887 προσέτ

1954 823 2292 884 sentabatur,
2320 821 2608 876 manifesto
2628 823 2906 876 victricem
2932 834 3052 875 esse
3078 830 3363 888 propterea
3385 821 3530 888 quod

231 916 311 969 δὲ
366 913 473 966 καὶ
512 912 711 981 ἡδονῆς
761 911 1141 978 ἀληθεστάτης
1185 924 1245 962 τε
1291 913 1385 962 καὶ
1429 911 1658 979 μονίμου
1708 913 1848 979 μετὰ

231 1006 431 1069 δόξης
461 1002 791 1072 γιγνομένης
824 1000 902 1070 τῷ
932 1001 1053 1053 τότε
1092 1000 1214 1071 βίῳ.
1255 1001 1344 1063 Ὧς
1387 1001 1456 1053 τά
1487 1017 1549 1066 γε
1603 1001 1848 1068 παρόντα

239 1095 476 1163 ἀγαθὰ,
515 1094 605 1146 καὶ
649 1092 978 1162 λαμπρότης
1028 1091 1241 1154 ἅπασα,
1272 1092 1426 1160 καὶὴ
1473 1093 1657 1161 ἡδονὴ,
1687 1093 1780 1145 καὶ
1815 1095 1848 1161 ἡ

235 1186 422 1251 δόξα,
454 1184 790 1253 ψευδώνυμά
842 1186 964 1238 τινα
1007 1183 1253 1236 ἐστικαὶ
1308 1183 1503 1253 μικρὰ,
1540 1184 1636 1236 καὶ
1690 1185 1852 1253 μόγις

231 1298 377 1333 areu
429 1283 499 1350 τῇ
554 1278 717 1349 χρείᾳ
770 1281 1301 1349 συμπαραμένοντα.
1371 1280 1481 1332 Καὶ
1554 1279 1738 1331 πάντα
1793 1276 1851 1330 δὲ

237 1369 481 1429 ἐκεῖνα,
513 1369 613 1420 ὅσα
647 1368 888 1438 ζητητέα
912 1371 1045 1438 ἡμῖν
1067 1371 1240 1432 ἐστιν,
1275 1369 1335 1422 οὐ
1361 1370 1560 1438 μᾶλλόν
1589 1386 1650 1437 γε
1671 1368 1853 1421 αὐτῶν

237 1465 433 1516 ἕνεκα
473 1462 504 1532 ἢ
542 1463 747 1532 ἑτέρων
783 1462 993 1516 τοιαῦτ’
1019 1465 1085 1517 ἂν
1143 1465 1256 1533 εἴη.
1303 1459 1397 1527 Οἷς
1437 1481 1501 1530 γε
1563 1464 1846 1534 σύστοιχόν

239 1557 387 1607 ἔστι
422 1555 520 1606 xal
552 1554 611 1606 τδ
639 1555 741 1616 τῆς
769 1555 964 1624 ἡδονῆς
990 1557 1202 1627 χρῆμα.
1234 1556 1549 1625 Νομίζομεν
1575 1557 1631 1610 δὲ
1679 1556 1844 1609 καλὸν

255 1642 442 1713 εἶναι,
478 1647 712 1700 ἐνταῦθα
740 1648 830 1700 τὸν
858 1647 1017 1716 λόγον
1047 1647 1756 1718 κεφα>.αιὼσαντας,ὥσπερ
1787 1649 1846 1701 ιν

257 1741 703 1809 συμπεράσματι
737 1738 1054 1794 ἀποδοῦναι.

1955 927 2079 966 cum
2111 914 2430 969 adversario
2465 925 2724 983 superatu
2754 913 2899 966 facili
2937 921 2990 965 et
3026 912 3222 979 ignavo
3261 911 3313 964 in
3350 920 3530 962 certa-

1956 1018 2081 1056 men
2115 1006 2408 1059 descendat
2441 1019 2457 1057 :
2492 1021 2614 1059 cum
2652 1005 2796 1067 aliis,
2832 1005 2922 1073 qni
2951 1018 3092 1056 verte
3124 1004 3268 1065 vitm,
3302 1015 3530 1070 qumque

1951 1097 2267 1151 hominibus
2301 1099 2414 1152 sola
2449 1099 2733 1168 competit,
2764 1099 3034 1152 rationein
3065 1097 3290 1160 habent,
3315 1105 3369 1149 et
3398 1110 3528 1148 con-

1949 1190 2192 1244 venienti
2226 1207 2349 1246 cum
2380 1192 2646 1260 dignitate
2681 1193 2888 1255 vivunt,
2927 1206 3121 1260 resque
3162 1206 3288 1245 suas
3319 1190 3530 1243 ratione

1953 1283 2327 1347 moderantur,
2358 1284 2499 1338 b0ua
2535 1299 2629 1352 per
2660 1300 2718 1340 se
2748 1286 2838 1348 sit,
2875 1294 2928 1338 et
2963 1284 3198 1337 maxima
3231 1283 3370 1336 bona
3400 1297 3530 1335 con-

1951 1372 2126 1437 ciliet,
2161 1375 2250 1429 ubi
2280 1376 2345 1430 de
2386 1375 2488 1429 hac
2518 1376 2627 1429 vita
2667 1377 2990 1446 migrarunt,
3028 1383 3398 1442 prmtereaque
3429 1389 3529 1425 vo-

1952 1468 2214 1536 luptatem
2246 1470 2590 1522 verissimam
2625 1483 2687 1522 ac
2715 1469 3040 1531 durabilem,
3068 1479 3190 1519 cum
3233 1467 3402 1534 gloria
3440 1465 3520 1518 vi-

1955 1565 2022 1610 tae
2084 1569 2354 1612 secutura:
2405 1559 2774 1623 convenienti,
2816 1560 3009 1627 pariat.
3065 1557 3330 1610 Nimirum
3387 1570 3527 1623 pra!-

1953 1648 2131 1703 sentia
2165 1649 2328 1713 bona,
2374 1651 2630 1720 Splendor
2659 1652 2970 1712 universus.
3017 1650 3286 1718 voluptas,
3332 1649 3528 1717 gloria,

1951 1755 2091 1796 vana
2124 1742 2373 1808 quaedam
2435 1745 2655 1798 nomina
2711 1755 2836 1800 sunt
2867 1755 2921 1797 et
2956 1760 3043 1799 res
3075 1743 3266 1807 exiles,
3299 1757 3530 1812 qumque

257 1833 355 1886 vix
411 1835 478 1885 ad
517 1849 674 1888 usum
722 1833 1212 1899 necessitatemque
1261 1832 1491 1896 durant,
1539 1831 1834 1901 omniaque
1876 1833 2031 1898 adeo,
2089 1850 2430 1905 quiscunque
2490 1838 2649 1891 nobis
2696 1839 2988 1907 quaerenda
3059 1847 3207 1899 sunt,
3261 1853 3365 1889 non
3417 1843 3527 1889 tam

261 1947 363 1986 sua
395 1945 556 1985 causa
588 1945 751 2000 quam
790 1930 1043 1995 aliorum,
1087 1929 1212 1998 talia
1243 1940 1388 1998 sunt,
1425 1945 1654 1999 quorum
1689 1931 1831 1985 serie
1871 1931 2118 2001 voluptas
2147 1949 2365 2002 quoque
2403 1934 2732 1990 continetur.
2767 1936 2930 1990 Recte
3003 1950 3136 1990 vero
3186 1949 3284 1989 nos
3354 1932 3530 1997 factu.-

261 2043 354 2083 ros
381 2027 644 2092 arbitror,
681 2025 728 2082 si
757 2025 1027 2096 capitibus
1056 2025 1322 2081 orationis
1351 2026 1418 2080 ad
1443 2041 1711 2081 summam
1739 2025 1841 2080 hoc
1881 2026 2003 2080 loco
2043 2028 2335 2096 revocatis,
2385 2029 2529 2084 velut
2567 2031 2620 2084 in
2671 2030 3029 2084 conclusione
3091 2044 3208 2084 rem
3281 2028 3528 2098 explice-

263 2138 405 2177 mus.

330 2213 487 2270 Εῐναι
517 2217 620 2284 μὲν
651 2215 747 2269 οὖν
777 2231 921 2284 φημι
959 2211 1055 2283 τὴν
1078 2211 1281 2284 ψυχὴν,
1313 2214 1408 2267 καὶ
1431 2213 1612 2268 πάντα
1640 2213 1707 2268 τὰ
1739 2217 1824 2268 αὖ·

2015 2213 2116 2268 Αἰο
2161 2214 2330 2283 igitur
2366 2222 2421 2267 et
2450 2214 2690 2267 animum
2724 2222 2779 2268 et
2819 2229 3013 2269 omnes
3060 2209 3176 2283 ejus
3205 2225 3409 2282 partes,
3443 2215 3522 2270 uti

259 2311 360 2378 τῆς
392 2309 560 2380 μέλη,
589 2309 666 2372 ὡς
699 2308 766 2362 ἄν
797 2325 879 2370 τις
915 2309 1082 2372 εἴποι,
1111 2309 1206 2360 καὶ
1240 2309 1341 2368 τὰς
1364 2307 1647 2377 δυνάμεις,
1681 2309 1830 2378 παρὰ

263 2401 418 2453 Θεοῦ.
439 2419 444 2424 ·
466 2399 590 2462 Πῶς
619 2399 729 2467 γὰρ
761 2396 824 2451 οὗ
855 2414 870 2462 ;
904 2393 1047 2451 εἶναι
1088 2398 1144 2449 δὲ
1193 2397 1333 2450 καλὰ
1376 2399 1474 2450 καὶ
1515 2399 1720 2466 ἀγαθὰ,
1751 2398 1827 2458 ὡς

261 2493 367 2544 ἀπδ
414 2490 576 2546 Θεοῦ.
619 2489 790 2543 Τοῦτο
827 2491 938 2558 γὰρ
970 2489 1173 2551 πάσαις
1223 2490 1516 2558 ἀνάγκαις.
1564 2490 1674 2543 Καὶ
1727 2489 1827 2559 τήν

263 2584 559 2654 ἐπιθυμίαν
605 2583 672 2637 αὖ
709 2584 895 2649 πάλιν,
924 2582 1018 2637 ἆτε
1047 2583 1147 2653 τὴν
1190 2584 1371 2653 ψυχὴν
1399 2582 1718 2637 τελειοῦσαν
1747 2584 1825 2652 τῷ

263 2679 388 2746 παρ’
415 2679 616 2748 ἑαυτῆς
662 2675 841 2747 μέρει,
867 2677 962 2728 καὶ
991 2676 1134 2729 κατὰ
1161 2677 1320 2729 τοῦτο
1350 2677 1567 2746 ἀγαθήν
1589 2693 1603 2709 ο
1631 2677 1694 2730 τὸ
1719 2678 1828 2747 γὰρ

265 2770 466 2836 ἀτελὲς,
494 2771 556 2822 οὐ
586 2769 772 2823 καλόν.
809 2770 897 2832 Ὦς
929 2769 986 2822 δὲ
1016 2770 1111 2822 καὶ
1145 2770 1244 2838 τὴν
1271 2770 1469 2838 ἡδονὴν
1510 2770 1674 2841 ἔχειν,
1705 2771 1739 2842 ἡ
1768 2788 1828 2823 τε

264 2862 350 2914 τὸν
377 2860 489 2930 βίον
525 2863 660 2930 ἡμῖν
699 2861 1006 2931 συνίστησι,
1039 2860 1133 2913 καὶ
1181 2859 1248 2912 δι’
1278 2861 1345 2929 ἡν
1392 2860 1453 2912 τὸ
1495 2862 1826 2931 ἐπιθυμητι-

266 2955 356 3008 κδν
388 2956 612 3025 ἐνεργόν
655 2957 807 3009 ἐστιν
840 2957 897 3009 ὲν
935 2957 1094 3025 ἡμῖν,
1126 2955 1223 3009 καὶ
1261 2955 1359 3024 οὐχ
1392 2955 1466 3017 ὡς
1517 2957 1712 3026 νεκρὸν
1739 2959 1828 3012 οὑ-

263 3049 390 3101 τωσὶ
435 3051 710 3118 κείμενον,
741 3049 973 3118 δυνάμει
1013 3049 1174 3118 μόνον
1212 3049 1271 3101 τὸ
1304 3048 1500 3103 ἑαυτοῦ
1546 3050 1824 3120 κεκτημέ-

260 3159 367 3197 νον.
397 3144 508 3197 Καὶ
554 3143 858 3212 ἐπειδήπερ
891 3141 1045 3195 ταῦτ’
1083 3142 1258 3204 οὕτως
1311 3143 1446 3212 ἔχει,
1479 3144 1570 3196 καὶ
1617 3143 1686 3196 τὰ
1725 3141 1826 3212 τῆς

261 3234 539 3303 ζητήσεως
586 3220 738 3297 έεέλος
789 3226 954 3302 ἴσχει,
992 3234 1086 3286 καὶ
1118 3233 1326 3302 ἀγαθὸν
1372 3235 1434 3287 τὸ
1479 3237 1581 3305 τῆς
1627 3235 1824 3305 ἡδονῆς

258 3328 388 3397 ἡμῖν
417 3327 792 3379 ἀποδέδεικται
825 3325 1018 3396 χρῆμα
1051 3327 1162 3378 τῶν
1195 3343 1255 3378 τε
1288 3326 1464 3380 ἄλλων
1511 3328 1696 3390 ἕνεκα,
1729 3327 1826 3380 καὶ

257 3417 328 3479 ὡς
365 3417 473 3470 ἀπὸ
497 3417 636 3471 θεοῦ
669 3417 953 3487 δεδομένον
984 3419 1049 3488 τῇ
1077 3435 1138 3469 τε
1180 3417 1372 3488 λογικῇ
1406 3419 1499 3471 καὶ
1527 3419 1821 3491 αἰσθητικῇ

257 3507 452 3574 φύσειο
478 3507 534 3560 τί
571 3508 637 3579 δὴ
677 3508 782 3578 φῂς
817 3509 844 3558 ὁ
881 3507 981 3576 τὴν
1018 3508 1209 3578 ἡδονὴν
1254 3509 1440 3572 ἁπλῶς
1482 3509 1826 3575 διαϐάλλωνς

1948 2308 2070 2379 quis
2097 2323 2189 2362 eas
2237 2308 2613 2376 appellaverit,
2663 2323 2964 2376 omnesque
2995 2307 3302 2373 facultates,
3350 2324 3378 2362 a
3413 2309 3522 2363 Deo

1945 2416 2086 2456 esse.
2123 2399 2231 2454 Cur
2260 2400 2402 2454 enim
2451 2415 2558 2452 non
2593 2400 2748 2452 sint?
2787 2398 2977 2452 Itidem
3009 2415 3129 2454 cum
3171 2415 3198 2454 a
3241 2401 3353 2454 Deo
3387 2402 3520 2468 sint,

1945 2507 2073 2550 esse
2099 2508 2187 2548 res
2209 2493 2456 2563 egregias
2489 2502 2544 2546 et
2566 2491 2740 2546 bonas
2763 2509 2776 2548 :
2802 2507 2926 2545 nam
2961 2493 3064 2546 hoc
3091 2493 3312 2546 omnino
3337 2508 3524 2547 neces-

1947 2583 2150 2637 sarium
2184 2590 2286 2636 est.
2333 2581 2543 2636 Rursus
2580 2580 2878 2649 appetitum
2936 2594 3151 2649 quoque
3201 2595 3326 2634 cum
3369 2581 3518 2650 adic-

1945 2674 2129 2729 ctione
2169 2673 2339 2742 partis
2381 2687 2492 2728 suae
2543 2673 2847 2742 perfectum
2900 2673 3200 2726 constituat
3249 2672 3516 2738 animum,

1945 2772 2048 2826 hac
2083 2771 2198 2841 ipsa
2245 2771 2312 2826 de
2339 2786 2499 2825 causa
2541 2772 2740 2825 bonum
2781 2755 2924 2836 esse;
2976 2787 3100 2824 nam
3133 2756 3277 2839 quod
3318 2774 3519 2842 imper-

1945 2862 2171 2928 fectum,
2196 2863 2397 2918 bonum
2417 2878 2537 2918 esse
2561 2864 2768 2933 nequit.
2790 2855 3059 2918 ‘Eamdcm
3093 2880 3214 2919 esse
3243 2866 3511 2921 rationem

1947 2956 2262 3026 voluptatis,
2297 2971 2418 3025 quae
2447 2956 2614 3010 vitam
2651 2965 2893 3010 nostram
2925 2956 3102 3021 fulcit,
3133 2968 3189 3012 et
3229 2974 3324 3026 per
3354 2976 3517 3030 quam

1941 3049 2023 3102 vis
2052 3057 2312 3116 appetens
2344 3049 2397 3102 in
2431 3047 2588 3103 nobis
2622 3058 2703 3103 est
2732 3048 2944 3112 eliicax,
2974 3065 3074 3104 nec
3103 3053 3257 3119 quasi
3295 3052 3340 3107 si
3372 3069 3518 3106 mor-

1943 3153 2034 3196 tua
2075 3141 2308 3211 jacerct,
2355 3150 2622 3211 potestate
2662 3140 2928 3196 duntaxat
2957 3143 3066 3196 vim
3100 3159 3253 3198 suam
3283 3146 3513 3203 obtinet.

1941 3233 2071 3299 Qua:
2104 3247 2224 3286 cum
2256 3232 2329 3286 ita
2356 3233 2488 3297 sint,
2531 3242 2586 3286 et
2626 3233 2691 3286 ad
2726 3232 2886 3287 linem
2919 3234 3178 3302 perducta
3213 3238 3516 3304 quaestione

1936 3326 2043 3394 jam
2071 3325 2139 3379 sit
2163 3325 2624 3389 demonstratum,
2649 3325 2979 3393 voluptatem
3000 3341 3119 3381 esse
3151 3343 3262 3381 rem
3288 3329 3518 3395 bonam,

1937 3431 2062 3470 cum
2099 3417 2234 3472 alias
2268 3418 2339 3472 ob
2373 3432 2590 3479 causas,
2623 3427 2734 3471 tum
2766 3417 2909 3486 quod
2941 3433 2968 3470 a
3006 3418 3113 3472 Dco
3147 3429 3258 3474 tam
3286 3422 3516 3475 rationis

1939 3524 2099 3578 quam
2136 3524 2333 3564 sensus
2387 3509 2638 3579 participi
2675 3519 2882 3563 natura:
2937 3511 3007 3565 sit
3046 3525 3332 3578 concessa,
3384 3514 3513 3581 quid

260 3601 316 3652 Εἰ
345 3600 454 3670 γὰρ
483 3603 714 3671 σιωπᾷς,
749 3601 909 3663 αὐτὸς
944 3601 1050 3671 ἐρῶ
1077 3618 1158 3654 σοι
1187 3601 1500 3678 τελευταῖον
1525 3603 1656 3669 ἐγὼ,
1691 3605 1824 3674 ὅπερ

1938 3610 1992 3654 ιιι
2029 3603 2242 3656 tandem
2269 3603 2374 3666 ais,
2403 3603 2495 3671 qui
2532 3602 2864 3670 voluptatem
2898 3601 3224 3671 simpliciter
3253 3606 3514 3658 crimina-

263 3694 320 3744 ἂν
348 3693 520 3762 ἡδέως
571 3691 853 3758 ἀκούσαις,
899 3688 1077 3761 οἶμαι.
1123 3693 1265 3761 Ἐγώ
1325 3713 1418 3747 σου
1474 3697 1602 3759 τοὺς
1631 3696 1827 3764 λόγους

261 3779 626 3854 ἐπικυρώσας,
661 3786 729 3838 δι’
775 3778 850 3840 ὧν
900 3786 964 3838 σὺ
999 3787 1099 3857 τὴν
1145 3788 1330 3840 εἰκόνα
1375 3791 1475 3852 τῆς
1507 3789 1702 3859 ἡδονῆς
1736 3808 1826 3858 μισ

263 3877 389 3945 κροῦ
447 3877 733 3946 συντόμως
787 3879 1280 3949 ἀνεζωγράφησας,
1331 3881 1390 3933 ἓν
1439 3881 1502 3948 γέ
1557 3899 1610 3934 τι
1661 3882 1826 3951 μόνον

260 3970 536 4039 ἀποκυρῶ,
570 3971 632 4023 τὸ
664 3971 808 4024 κατὰ
838 3971 1057 4025 πάντων
1085 3972 1342 4025 τοσοῦτον
1375 3975 1624 4042 νομίζειν
1651 3973 1824 4045 αὐτὴν

260 4062 530 4127 δύνασθαι,
583 4063 658 4126 ὡς
690 4063 888 4134 μικροῦ
925 4065 1158 4133 μάταιον
1203 4059 1346 4118 εἶναι
1381 4068 1561 4120 πᾶσαν
1615 4066 1824 4136 ἀνθρω-

263 4155 412 4225 πίνην
435 4157 695 4225 σπουδὴν,
724 4157 1017 4210 ἐθελόντων
1039 4159 1176 4226 πρὸς
1200 4159 1414 4229 ἐκείνην
1431 4159 1820 4229 ἀγωνίζεσθαι.

263 4245 321 4299 El
350 4245 476 4312 γοῦν
501 4249 597 4300 καὶ
624 4247 772 4316 αὑτῷ
809 4264 893 4299 σοι
921 4247 1100 4300 ταῦτα
1146 4249 1315 4316 δοκεῖ,
1356 4250 1452 4304 καὶ
1495 4252 1595 4320 τὴν
1624 4251 1822 4322 ἡδονὴν

263 4339 493 4407 νομίζεις
527 4340 628 4408 τὴν
660 4340 802 4410 ὑπὲρ
836 4341 1049 4410 χρείαν.
1082 4339 1178 4412 τὴν
1206 4342 1470 4413 ἄκοσμον,
1509 4343 1610 4415 τὴν
1641 4345 1820 4398 πάντα

263 4432 537 4502 ἐπιϐλασῆ.
567 4432 801 4504 δυνατὴν
849 4434 949 4502 μὲν
987 4433 1274 4488 ἀσθενοῦσι
1323 4437 1422 4504 τὴν
1463 4437 1814 4508 προαίρεσιν,

263 4523 446 4593 ἀσθενῆ
473 4523 530 4576 δὲ
574 4523 899 4593 δυναμένοις
942 4523 1080 4595 ὀρθὰ
1114 4525 1451 4593 λογίζεσθαι,
1493 4527 1587 4580 καὶ
1640 4529 1817 4581 ποιεῖν

264 4616 539 4680 ἐθέλουσιν,
572 4615 964 4684 ἃλογίζονταιο
995 4617 1307 4687 εΰγνωμον,
1341 4615 1814 4688 οἷμοιι,ποιὴσεις,

265 4703 394 4782 ῐν“ᾖς
411 4709 472 4760 ἐκ
494 4709 693 4778 μέρους
709 4707 982 4776 ἑπιεικὴς,
1005 4709 1104 4779 ἐμὲ
1119 4709 1255 4779 πρὸς
1271 4709 1430 4764 τοῦτο
1451 4713 1816 4782 μιμούμενος,

263 4799 371 4853 οὔτε
403 4800 579 4853 πάντα
612 4817 696 4854 σοι
736 4802 830 4855 τὸν
865 4800 1024 4869 λόγον
1057 4801 1411 4865 ἐπαινοῦντα,
1443 4805 1540 4857 καὶ
1583 4806 1644 4856 οὐ
1680 4806 1816 4878 πρὸς

1937 3693 2056 3747 ris?
2089 3693 2224 3746 Nam
2256 3695 2302 3747 si
2345 3694 2565 3762 quidem
2613 3694 2726 3762 ipse
2749 3694 2899 3758 siles,
2942 3697 3115 3749 dicam
3154 3713 3258 3766 ego
3291 3698 3386 3751 tibi
3417 3713 3516 3766 po-

1935 3793 2196 3838 stremum
2235 3785 2377 3854 quod
2434 3785 2685 3838 lubenter
2724 3785 2941 3838 audies.
2969 3785 3323 3842 Conﬁrmatis
3355 3789 3514 3856 equi-

1929 3878 2051 3958 dem
2083 3876 2342 3946 suffragio
2365 3891 2486 3930 meo
2514 3877 2818 3932 rationibus
2843 3872 2969 3940 tuis,
2994 3879 3190 3947 quibus
3216 3877 3508 3947 imaginem

1934 3970 2230 4039 voluptatis
2265 3969 2505 4024 breviter
2531 3969 2870 4040 expressisti,
2903 3985 3070 4023 unum
3105 3972 3205 4024 hoc
3243 3971 3512 4024 duntaxat.

1932 4064 2136 4133 abrogo
2165 4063 2311 4133 quod
2335 4063 2596 4118 adversus
2626 4077 2820 4117 omnes
2844 4077 2964 4116 eam
3003 4069 3210 4116 tantum
3232 4078 3394 4134 posse
3422 4077 3508 4116 ar-

1930 4157 2468 4221 bitraris,utvauum
2505 4169 2674 4226 prope
2709 4156 2781 4210 sit
2812 4171 2974 4211 omne
3019 4157 3262 4210 studium
3306 4167 3509 4212 morta-

1930 4249 2063 4304 lium
2087 4250 2177 4320 qui
2218 4259 2496 4304 ccrtamcn
2545 4249 2809 4302 adversus
2838 4264 2957 4304 eam
3006 4250 3283 4318 suspicere
3313 4251 3506 4306 velint.

1931 4341 2134 4397 Saltem
2168 4343 2214 4396 si
2249 4343 2362 4397 haec
2407 4342 2499 4396 tibi
2542 4356 2758 4410 quoque
2783 4341 3056 4406 videntur,
3083 4344 3196 4396 etsi
3234 4352 3392 4412 putas
3410 4359 3507 4398 ro-

1926 4435 2189 4504 luptatem
2229 4434 2580 4502 superﬂuam,
2607 4434 2980 4498 inhonestam,
3007 4435 3234 4489 omnino
3260 4437 3504 4503 noxiam,

1927 4528 2198 4580 valentem
2230 4526 2446 4595 quidem
2475 4541 2599 4580 esse
2625 4527 2679 4580 in
2714 4528 2780 4581 iis
2806 4541 3035 4596 quorum
3063 4529 3114 4580 in
3149 4527 3398 4596 eligendo
3425 4528 3504 4580 vis

1925 4619 2089 4672 animi
2125 4618 2315 4673 debilis
2345 4627 2452 4683 est,
2485 4627 2539 4673 at
2577 4619 2872 4674 invalidam
2900 4620 2952 4673 in
2982 4619 3092 4672 illis
3123 4621 3213 4688 qui
3243 4631 3391 4673 recte
3417 4633 3504 4672 res

1923 4711 2198 4764 aestimare
2232 4719 2481 4777 possunt,
2523 4719 2577 4763 et
2605 4725 2723 4779 qua:
2757 4711 2962 4764 ducunt
2997 4726 3119 4765 esse
3149 4703 3285 4764 bd‘ﬁa
3321 4712 3503 4765 facere

1926 4802 2133 4865 volunt,
2163 4815 2381 4870 aequum
2415 4813 2465 4855 te
2499 4816 2680 4871 geres,
2712 4801 2932 4870 opinor,
2969 4810 3026 4854 ut
3059 4817 3122 4855 ex
3162 4813 3316 4868 parte
3353 4802 3501 4854 scili-

263 4891 423 4946 πάντα
481 4893 856 4963 μεμφόμενον.
913 4895 1022 4947 Καὶ
1056 4894 1184 4964 μὴν,
1220 4896 1269 4948 εἰ
1316 4896 1494 4964 ἔγωγε
1552 4899 1668 4960 τοῖς
1704 4900 1815 4960 σοῖς

1935 4903 2009 4949 cet
2045 4894 2360 4950 moderatus
2406 4895 2503 4960 sis,
2543 4894 2856 4963 exemplum
2892 4908 3070 4946 meum
3099 4894 3369 4956 imitatus,
3401 4894 3496 4961 qui

265 4983 521 5054 συμφαίην
571 4985 631 5051 ἐξ
677 4985 963 5056 ἡμισείας,
1005 4988 1099 5040 καὶ
1133 4988 1198 5041 σὺ
1249 4988 1413 5040 ταυτό
1456 5004 1520 5056 γε
1577 4989 1816 5058 πράξαις

262 5077 384 5145 πρὸς
421 5076 612 5146 ’τάμὰ,
677 5077 998 5148 συνᾴδοντες
1053 5077 1304 5148 ἀλλήλοις
1361 5078 1811 5150 εὐρεθησόμεθα’

262 5169 532 5239 καλλίστην
587 5169 708 5239 μὲν,
765 5170 859 5222 καὶ
913 5170 1147 5240 ἀγαθὴν,
1201 5172 1297 5224 καὶ
1356 5171 1659 5241 ὠφέλιμον,
1712 5171 1813 5244 τὴν

263 5264 539 5330 ἀναγκαίαν
579 5263 672 5315 καὶ
722 5261 962 5332 κοσμίαν
999 5264 1196 5334 ἡδονὴν
1244 5265 1719 5335 avsum-nom;
1749 5283 1810 5318 τε

261 5358 348 5411 ml
367 5357 786 5425 ἀποφαίνοντες·
821 5356 922 5424 τὴν
951 5356 1006 5410 δὲ
1041 5356 1446 5421 πλεονάζουσάν
1475 5376 1534 5410 τε
1568 5361 1661 5411 καὶ
1681 5359 1812 5413 ἄκο-

266 5468 384 5519 σμον
407 5449 718 5504 τούναντίον
745 5449 806 5503 οὐ
842 5447 1036 5519 καλὴν,
1062 5451 1184 5503 οὐδὲ
1206 5450 1442 5520 ἀγαθὴν,
1468 5451 1580 5504 οὐδ’
1609 5451 1807 5520 ὠφέλι-

265 5559 380 5613 μον*
407 5544 497 5596 καὶ
535 5543 662 5606 τοὺς
699 5542 837 5611 αὐτῇ
885 5557 950 5609 γε
985 5543 1311 5612 χρωμένους
1343 5543 1444 5596 οὐκ
1494 5545 1553 5597 ἐν
1606 5542 1803 5614 καιρῷ,

264 5635 357 5688 οὐδ’
391 5635 440 5687 ιν
475 5636 686 5704 μέτρῳ,
738 5634 814 5705 μὴ
866 5637 1000 5705 παρ’
1030 5635 1227 5704 αὐτῆς,
1281 5634 1397 5686 ἀλλ’
1443 5633 1658 5687 οἴκοθεν
1705 5637 1807 5703 τὴν

268 5726 435 5799 βιάσην
478 5727 825 5798 δεχομένους,
859 5727 933 5792 ὡς
986 5729 1128 5797 σφᾶς
1182 5727 1380 5791 αὐτοὺς
1433 5728 1804 5790 ἐκδεδωκότας

265 5823 366 5884 ταῖς
407 5822 842 5892 παραχρὴσεσιν.
889 5821 1042 5874 Ἐπεὶ
1089 5823 1182 5874 καὶ
1229 5820 1404 5873 πάντα
1435 5818 1530 5872 τοῦ
1585 5819 1702 5890 βίου
1739 5821 1804 5876 τὰ

275 5914 417 5983 ἀγαθὰ
447 5915 521 5980 είς
549 5914 717 5970 κακον
744 5914 831 5980 ἂν,
863 5915 940 5978 ὡς
966 5915 1164 5982 είπεῖν,
1195 5912 1512 5987 μεταϐάλοι,
1542 5913 1596 5966 εί
1627 5929 1710 5977 τις
1738 5930 1800 5982 γε

1919 5003 2022 5044 nec
2056 5002 2273 5043 onmem
2304 4988 2608 5042 orationem
2639 4997 2787 5039 tuam
2817 4986 3002 5047 laudo,
3033 4999 3129 5037 nec
3166 4984 3217 5036 in
3245 4986 3496 5040 omnibus

1917 5081 2282 5152 reprehendo.
2308 5079 2468 5147 Atqui
2497 5079 2542 5131 si
2580 5077 2805 5146 tuisego
2838 5077 3112 5130 assentiar
3143 5093 3207 5129 cx
3239 5078 3490 5144 seruisse,

1921 5183 2090 5242 tuque
2121 5171 2365 5225 vicissim
2402 5171 2456 5224 in
2497 5169 2632 5223 meis
2666 5168 2808 5221 idem
2863 5167 3082 5231 feceris,
3141 5168 3279 5221 alter
3333 5167 3488 5222 alteri

1919 5263 2236 5318 consentire
2286 5259 2778 5330 deprchendemur,
2812 5260 2902 5331 qui
2941 5260 3397 5328 pulcherrimam,
3437 5271 3492 5315 et

1917 5355 2138 5417 bonam,
2170 5362 2222 5406 et
2244 5353 2429 5407 utilem
2460 5351 2813 5420 praediccmus
2845 5368 2907 5406 ac
2931 5354 3346 5421 pronuntiemus
3369 5368 3489 5407 eam

1912 5447 2242 5516 voluptatem
2270 5461 2391 5516 quze
2423 5445 2756 5508 necessaria,
2790 5461 2909 5515 qua:
2934 5445 3138 5500 decens
3167 5460 3231 5501 ac
3264 5446 3492 5500 honesta

1913 5541 1984 5594 sit
2012 5557 2026 5604 ;
2062 5539 2288 5609 viceque
2327 5554 2482 5593 versa
2521 5554 2630 5593 non
2663 5539 2972 5605 honestam,
3009 5555 3108 5594 nec
3139 5540 3358 5602 bonam,
3392 5555 3492 5593 nec

1915 5630 2128 5696 utilem,
2161 5645 2283 5698 qua:
2312 5629 2531 5684 modum
2566 5631 2794 5684 excedat
2829 5641 2882 5684 et
2928 5645 3123 5700 expers
3158 5631 3229 5686 sit
3259 5631 3441 5683 decori
3472 5647 3486 5682 :

1913 5725 2005 5794 qui
2033 5724 2268 5792 denique
2299 5724 2577 5792 voluptate
2605 5738 2709 5776 non
2740 5733 3043 5792 opportune
3072 5737 3172 5776 nec
3208 5724 3515 5774 moderate,

1912 5825 2158 5880 utantur,
2196 5830 2289 5870 cos
2312 5831 2418 5870 non
2451 5832 2478 5868 a
2515 5815 2806 5885 voluptate,
2844 5817 2938 5869 sed
2969 5813 3169 5882 seipsis
3200 5813 3488 5867 detrimen-

1917 5920 2024 5966 tum
2060 5910 2328 5980 accipere,
2367 5924 2490 5964 cum
2537 5910 2744 5979 seipsos
2774 5909 3031 5963 abusibus
3065 5908 3285 5972 dedant,
3315 5920 3481 5974 quau-
