3990 6622
487 407 598 476 483

1651 407 2048 470 MANUELIS
2089 411 2534 474 PALEOLOGI

3834 410 3926 482 484

488 528 784 600 doquidem
813 527 997 584 omnia
1023 543 1239 598 quoque
1262 529 1388 586 vitae
1418 528 1560 586 bona
1584 529 1638 584 in
1665 531 1893 595 malum,
1920 540 1982 586 ut
2001 530 2076 585 ita

2186 531 2335 597 παρά
2367 530 2468 600 τὴν
2509 530 2702 601 χρείαν
2742 531 2927 598 αὐτοῖς
2995 529 3273 604 χρῷτο.
3345 528 3517 598 Ἄγε
3573 523 3705 594 οὖν,
3748 532 3807 585 εί
3852 552 3921 587 σοι

487 621 746 683 dixerim,
787 630 995 674 mutata
1025 629 1339 685 transeunt,
1377 621 1421 676 si
1457 622 1581 688 quis
1615 621 1724 676 illis
1755 612 1952 689 praeter
1980 637 2079 676 ne-

488 713 808 766 cessitatem
842 722 1048 766 utatur.
1089 712 1202 784 Age
1230 713 1418 782 igitur,
1450 713 1719 782 siquidem
1753 715 1824 768 ita
1865 713 1963 768 tibi
1993 713 2075 767 vi-

489 804 674 870 detur,
706 805 890 860 verbis
919 804 1138 859 tandem
1167 805 1218 860 in
1247 821 1415 862 unum
1439 821 1715 873 coeamus,
1744 805 1964 877 quando
1989 820 2078 860 ra--

2176 621 2347 690 δοκεῖ,
2397 623 2701 692 συμῦῶμεν
2744 625 2862 695 ἅμα
2911 629 3057 688 τοῖς
3102 625 3370 693 λόγοις.
3412 623 3584 686 Τοὺς
3617 624 3740 694 γὰρ
3785 625 3916 694 λογι-

2179 715 2354 784 σμοὺς
2383 715 2516 783 ἡμῖν
2555 715 2636 779 είς
2664 717 2862 771 ταυτὸν
2889 715 3063 772 εῖναι
3105 716 3411 786 νομίζω.
3457 715 3537 769 Ἀ
3569 718 3695 786 γὰρ
3728 718 3796 771 σὺ
3821 720 3913 788 φῂς

2176 811 2278 876 τῆς
2307 809 2498 880 ἡδονῆς
2522 804 2683 873 εἶναι,
2711 810 2809 880 τὴν
2833 811 3210 881 ὑπερϐολὴν
3240 810 3364 864 καὶ
3395 810 3520 878 τὴν
3557 809 3908 878 πλεονεξίαν,

487 899 675 954 tiones
708 909 927 954 nostras
973 899 1166 954 eodem
1214 900 1439 954 tendere
1489 899 1748 954 arbitror.
1785 897 1919 953 Nam
1958 911 2077 967 qua:

2186 903 2277 955 ἐπὶ
2306 901 2415 954 τῶν
2451 900 2819 955 ἀπολαυστῶν
2849 902 3141 963 πάντων,
3185 899 3391 954 ταῦτ’
3425 898 3561 968 ἐγώ
3596 917 3756 970 φημι
3786 903 3905 971 ἠμέ-

489 990 750 1056 voluptati
786 1001 839 1042 tu
882 989 1098 1053 tribuis,
1133 989 1577 1058 exsuperantiam
1633 989 1844 1045 scilicet
1881 1003 2073 1045 exces-

488 1096 724 1151 sumque
751 1081 912 1136 rebus
937 1081 992 1136 in
1023 1082 1278 1135 omnibus
1298 1095 1530 1150 quorum
1556 1079 1742 1136 fruitio
1772 1081 2070 1150 expetitur,

486 1186 554 1226 ea
587 1171 829 1226 vicissim
851 1186 952 1240 ego
981 1180 1167 1227 nostra
1193 1186 1317 1226 esse
1351 1172 1457 1226 aio.
1477 1169 1844 1238 Quamobrem
1870 1171 2072 1237 verbis,

425 1277 428 1280 '
483 1275 598 1316 non
657 1261 944 1316 sententiis
992 1261 1348 1315 dissidemus.
1399 1258 1520 1315 Tibi
1555 1261 1777 1330 quidem
1824 1258 1871 1316 si
1926 1259 2074 1328 quod

485 1351 691 1412 bonum
713 1363 821 1418 εει,
847 1352 1126 1422 appellare
1151 1352 1487 1422 voluptatem
1515 1351 1715 1422 placet,
1741 1359 1793 1406 et
1823 1351 2070 1406 eamdem

2178 1011 2316 1062 τερα
2352 989 2514 1049 εἶναι.
2545 994 2699 1048 Ὠστ’
2733 998 2790 1050 ἐν
2820 996 3012 1063 λόγοις
3055 995 3234 1064 ἡμῖν
3275 996 3315 1064 ἡ
3358 994 3668 1062 διαφορὰ,
3709 995 3773 1046 οὐ
3804 997 3904 1056 τοῖς

2181 1081 2489 1152 λογισμοῖς.
2532 1083 2675 1137 Ἀλλ’
2703 1087 2756 1140 εί
2792 1087 2849 1138 τί
2881 1104 2962 1139 σοι
2999 1086 3222 1140 καλὸν
3277 1085 3466 1138 δοκεῖ
3502 1085 3680 1139 τοῦτο
3717 1086 3890 1140 καλεῖν

2182 1171 2400 1240 ἡδονὴν,
2457 1174 2557 1243 τὴν
2618 1174 2664 1228 δ’
2713 1175 2886 1245 αὐτὴν
2929 1178 3407 1248 παράχρησιν,
3485 1177 3557 1228 οὗ
3597 1177 3885 1246 διοίσομαι.

2181 1262 2360 1316 Μόνον
2387 1265 2473 1328 δός
2504 1284 2596 1337 μοι
2621 1268 2904 1332 καιαὺτδς
2925 1270 3180 1340 ἀγαθὸν
3221 1268 3351 1341 τὴν
3381 1267 3742 1339 σύμμετρον
3771 1270 3877 1340 ﬁdo-

2181 1353 2276 1423 νὴν
2309 1354 2520 1424 λέγειν.
3241 1347 3246 1350 ’

486 1443 718 1501 abusum
765 1445 970 1510 dicere,
1024 1461 1130 1500 non
1180 1445 1544 1512 dissentiam;
1608 1445 1800 1502 saltem
1847 1460 1906 1502 et
1945 1444 2060 1516 ipse
2097 1446 2568 1524 mibiconcedito,
2597 1455 2937 1513 moderatam
2961 1463 3024 1513 ut
3094 1456 3512 1528 voluptatem
3578 1469 3708 1513 esse
3763 1470 3860 1513 rem

485 1536 685 1591 bonam
724 1535 859 1606 proli
869 1547 950 1591 tea
960 1551 1005 1590 r.

1073 1651 1336 1709 ORATIO
1384 1651 1471 1708 Vl.

489 1745 778 1800 Peccatum
814 1761 927 1798 esse
973 1744 1232 1810 quiddam
1259 1744 1410 1810 longe
1444 1743 1749 1810 pessimum.
1783 1742 2065 1796 Neminem

560 1833 680 1872 vero
710 1815 991 1881 desperare
1020 1814 1202 1866 debere
1222 1830 1315 1866 nec
1347 1814 1407 1865 de
1436 1814 1630 1882 seipse,
1658 1829 1748 1866 nec
1777 1813 1840 1869 de
1872 1813 2066 1880 altera,

2785 1659 3006 1713 ΛΟΓΟΣ
3050 1657 3198 1728 εῖν.-

2176 1747 2306 1822 Ὀτι
2347 1751 2386 1820 ἠ
2423 1751 2542 1822 μὲν
2574 1752 2832 1822 ἁμαρτία
2870 1755 2939 1807 τὸ
2986 1755 3296 1808 πάντων
3350 1753 3734 1821 χείριστον·
3763 1738 3848 1806 δεῖ

2245 1821 2317 1893 δὲ
2338 1821 2576 1890 μηδένα
2614 1821 3104 1893 ἀπογινώσκειν,
3141 1824 3340 1892 μήτε
3403 1824 3660 1893 ἑαυτὸν.
3693 1823 3831 1890 μήτε

557 1887 648 1961 sed
697 1872 1249 1961 judicareuseipsu'n,
1299 1891 1355 1961 et
1402 1872 1817 1961 non'alterum;
1851 1900 1944 1936 nec
1983 1872 2068 1938 εοξ

2242 1872 2485 1959 ἕὲεὲδιὲξ
2499 1872 2767 1961 {uti};
2789 1872 2883 1946 οἱ
2895 1872 3196 1958 ’έᾶἷὲὁνῗ
3209 1872 3365 1947 Ἲσὲἇῑ
3405 1872 3558 1961 ’ἑοὶ
3576 1872 3592 1875 ⁷
3609 1872 3821 1958 sese:

559 1950 733 2010 odisse
759 1955 848 2022 qui
875 1950 1355 2024 deliquerunt,gsed
1389 1953 1637 2024 miserari
1661 1969 1679 2015 ,'
1711 1952 1875 2024 deque
1901 1955 2068 2022 pruni-

561 2028 748 2088 tentia,
775 2033 823 2078 et
854 2023 1188 2090 providentia
1231 2023 1348 2088 Dei,
1379 2031 1427 2077 et
1459 2022 1764 2086 dilectione,
1788 2022 1837 2078 et
1884 2025 1939 2077 in
1973 2025 2068 2078 lto-

558 2100 724 2152 mines
751 2096 1056 2148 clementia.

561 2188 836 2244 Hactenus
873 2189 939 2241 de
989 2183 1270 2252 voluptate
1317 2183 1702 2250 disseruimus,
1757 2195 1812 2240 ut
1849 2186 2065 2255 quidem

487 2283 668 2345 licuit,
702 2280 1122 2347 institutamque
1153 2278 1219 2332 de
1243 2276 1344 2330 hac
1370 2279 1676 2332 orationem
1693 2278 2063 2334 exhibuimus.

491 2377 571 2430 Ac
599 2375 675 2430 sit
708 2386 988 2437 sane,non
1017 2384 1241 2439 prorsus
1273 2377 1330 2423 ut
1365 2386 1395 2424 a
1427 2371 1608 2425 decori
1642 2375 1853 2426 ratione
1883 2386 2070 2426 reccso

487 2468 748 2533 serimus,
780 2466 876 2521 sed
913 2463 1011 2519 visi
1050 2462 1242 2518 saltem
1276 2462 1450 2530 simus
1486 2463 1828 2518 auditoribus
1868 2465 2070 2518 nostris

489 2560 844 2617 mediocriter
894 2570 1162 2628 prospere
1215 2555 1619 2622 navigationem
1655 2566 1922 2626 susceptae
1959 2565 2071 2610 tra-

491 2654 749 2710 ctatlonis
789 2649 1113 2706 absolvisse.
1152 2647 1422 2703 Caeterum
1445 2646 1646 2702 debere
1676 2662 1775 2702 nos
1807 2648 2068 2713 arbitror,

485 2748 705 2802 ratione
737 2745 898 2815 hujus
923 2743 1075 2798 omni
1102 2740 1398 2812 ertplicata,
1424 2738 1698 2810 siquidem
1725 2738 1964 2794 omcittm
1991 2739 2071 2792 ia-

487 2854 615 2894 cere
675 2837 945 2898 velimus,
999 2835 1166 2888 etiam
1225 2835 1294 2888 de
1339 2828 1724 2904 desperatione
1773 2832 2104 2887 disserere.‘

490 2933 624 2987 Nam
660 2947 726 2987 ex
772 2927 1189 2996 intemperantia
1239 2926 1611 2997 voluptatibus
1652 2926 1913 2980 abutente
1944 2939 2070 2995 pec-

481 3037 608 3081 cata
643 3022 919 3078 uostrisin
951 3021 1151 3076 animis
1181 3027 1470 3088 emergunt
1498 3035 1514 3085 ;
1549 3017 1616 3073 de
1645 3015 1914 3085 frequenti
1944 3030 2070 3083 pec-

488 3126 612 3172 cat'o
654 3113 964 3183 desperatio
998 3112 1239 3177 exsistit,
1283 3126 1449 3180 quam
1500 3109 1700 3164 deinde
1755 3106 1927 3175 major
1959 3105 2063 3160 alia

487 3209 826 3271 comitatur;
875 3215 1036 3275 atque
1063 3203 1136 3256 ita
1171 3204 1298 3258 dum
1331 3203 1534 3256 malum
1578 3201 1755 3269 ipsum
1791 3199 2072 3268 progredi-
2096 3235 2139 3292 Ο

491 3313 602 3365 tur,
652 3311 875 3354 necesse
911 3296 1126 3350 tandem
1159 3304 1244 3350 est
1285 3295 1336 3348 in
1388 3293 1663 3348 inﬁnitum
1706 3293 1939 3363 porrigi,
1973 3307 2070 3346 ex-

491 3402 842 3460 tremumque
876 3389 1073 3444 vulnus
1109 3387 1307 3441 animis
1329 3385 1522 3454 iulligi,
1555 3385 1682 3439 dum
1706 3385 1823 3440 lues
1853 3398 2071 3454 semper

490 3487 544 3542 in
573 3485 817 3540 deterius
846 3482 1042 3548 tendit,
1077 3482 1256 3535 minus
1291 3489 1346 3534 ut
1381 3494 1444 3534 ea
1476 3478 1697 3533 liberari
1729 3477 1910 3533 liceat.
1934 3475 2070 3529 Mul-

492 3591 578 3636 tos
623 3577 917 3633 admodum
952 3575 1201 3643 voluptas
1237 3581 1543 3642 prostratos
1579 3569 1816 3641 subegit,
1870 3568 2071 3624 multos

461 3673 654 3728 etiam
690 3669 1012 3726 vulneribus
1047 3665 1250 3722 allecit.
1287 3664 1363 3719 Ac
1395 3662 1661 3726 nonnulli,
1695 3660 1836 3731 quod
1873 3660 1926 3714 in
1955 3660 2074 3713 ani-

490 3781 638 3820 mutu
685 3779 846 3818 suum
899 3760 1129 3815 viriliter
1179 3766 1394 3811 certare
1435 3771 1544 3809 non
1599 3753 1969 3816 induxissent,
2003 3764 2071 3804 ne

492 3859 728 3930 primam
763 3854 982 3925 quidem
1018 3851 1138 3920 ejus
1173 3849 1582 3919 aggressionem
1613 3846 1947 3906 sustinuere,
1977 3841 2071 3896 sed

492 3950 694 4019 captivi
728 3947 886 4016 plane
913 3945 1062 4011 lacti,
1089 3951 1459 4015 spectatorum
1490 3939 1667 3994 sibilis
1697 3937 1900 4006 explosi
1925 3944 2072 3991 sunt.

498 4045 701 4099 Deinde
749 4057 873 4096 cum
933 4039 1253 4102 voluissent,
1296 4051 1400 4088 non
1436 4034 1598 4088 modo
1642 4032 1813 4087 cladis
1841 4040 2078 4099 accepta:

491 4135 674 4190 labem
704 4133 1014 4192 abolevere.
1051 4145 1238 4183 verum
1268 4127 1432 4182 etiam
1471 4123 1670 4179 debitis
1707 4122 1950 4176 victoria:
1991 4135 2080 4173 co-

495 4230 646 4283 ronis
699 4225 934 4281 redimiti
975 4222 1215 4277 (uerunt.
1249 4219 1321 4273 At
1355 4234 1482 4274 vero
1513 4223 1782 4287 quotquot
1822 4227 1952 4268 ense
1985 4212 2080 4266 de-

497 4302 833 4390 Speratioais
871 4317 986 4371 laesi
1013 4324 1161 4378 sunt,
1193 4327 1383 4368 eorum
1430 4325 1590 4364 nemo
1641 4308 1822 4360 curari
1861 4313 2076 4373 potest:

497 4413 676 4469 letalis
701 4411 846 4465 enim
880 4410 982 4463 ista
1032 4406 1189 4475 plaga
1215 4413 1303 4460 est
1342 4418 1445 4458 nec
1475 4401 1582 4455 ulla
1624 4399 1834 4453 ratione
1861 4397 2080 4452 sanabi.

499 4507 587 4561 lis.
623 4500 990 4567 Quamobrem
1041 4498 1160 4566 ipsa
1209 4495 1383 4564 poscit
1419 4492 1745 4554 necessitas,
1781 4491 1928 4560 quod
1965 4489 2081 4542 aie-

2245 1965 2344 2016 καὶ
2383 1961 2528 2028 τοὺς
2565 1963 2984 2031 ἡμαρτηκότας
3010 1967 3091 2018 οὐ
3132 1964 3409 2028 μισεῖν,
3443 1963 3602 2017 ἀλλ’
3634 1961 3812 2015 ἐλεεῖν

2241 2033 2340 2086 καὶ
2393 2035 2526 2101 περὶ
2577 2034 2926 2100 μετανοίας,
2958 2035 3058 2088 καὶ
3112 2033 3250 2102 τῆς
3313 2034 3441 2088 τοῦ
3491 2033 3650 2088 Θεοῦ
3688 2047 3798 2099 προσ

2223 2104 2438 2168 ονοίας,
2478 2104 2577 2156 καί
2613 2103 2858 2173 ἀγάπης
2895 2105 2994 2157 καὶ
3026 2104 3592 2173 φιλανθρωπίας.

2243 2196 2380 2265 Περὶ
2425 2195 2621 2266 ἡδονῆς
2665 2196 3209 2267 πρώιαλεχθὲντες,
3244 2197 3336 2262 ὡς
3398 2190 3520 2250 οἷοί
3567 2194 3621 2248 τ’
3663 2189 3794 2264 ἦμεν.

2171 2286 2602 2356 ἀποδεδώκαμεν
2642 2288 2736 2343 τὸν
2782 2291 2912 2358 περὶ
2945 2292 3211 2361 ταυτησὶ
3239 2291 3430 2358 λόγον
3453 2305 3469 2321 ⁸
3511 2291 3610 2342 καὶ
3644 2287 3719 2354 ειη
3744 2301 3796 2350 γε

2174 2377 2250 2448 μὴ
2281 2377 2562 2441 παντελῶς
2591 2377 2687 2433 τοῦ
2734 2379 3043 2448 πρέποντος
3105 2377 3650 2440 ἀποπεπτωκὼαι,
3679 2374 3794 2428 ἀλλά

2175 2467 2415 2540 μετρίως
2461 2459 2604 2537 ἱγοῦν
2660 2469 2845 2534 καλῶς
2902 2469 2994 2524 τὸν
3041 2473 3192 2540 περὶ
3261 2471 3379 2540 τῆς
3441 2467 3791 2538 ἐγχειρήσεως

2173 2561 2343 2616 πλοῦν
2378 2562 2527 2628 δόξαι
2550 2564 2662 2627 τοῖς
2695 2563 2998 2618 ἀκούσασιν
3029 2564 3354 2634 ὴνυκέναι.
3396 2564 3530 2616 Δεῖν
3565 2561 3621 2614 δὲ
3661 2558 3786 2629 ἡμᾶς

2171 2650 2348 2723 οἶμαι,
2389 2657 2518 2724 περὶ
2555 2655 2774 2726 ἐκείνης
2824 2656 3156 2722 διεξιόντας,
3220 2657 3330 2712 καὶ
3373 2657 3515 2726 περὶ
3553 2649 3781 2719 ἀπογνώ-

2174 2763 2311 2808 σεως
2362 2747 2735 2812 διαλέξασθαι,
2767 2749 2814 2801 εἰ
2853 2749 3165 2819 μέλλοιμεν
3237 2750 3435 2802 ποιεῖν
3488 2747 3551 2802 τὸ
3595 2741 3776 2813 προσῆ-

2173 2855 2291 2892 κον.
2343 2838 2476 2891 Ἀπὸ
2510 2840 2609 2910 μὲν
2658 2840 2768 2910 γὰρ
2819 2843 2920 2911 τῆς
2963 2841 3072 2894 τῶν
3131 2841 3366 2914 ἡδονῶν
3417 2838 3684 2913 ἀκρασίας
3710 2835 3768 2888 τὲ

2174 2930 2548 3002 ἁμαρτήματα
2577 2934 2659 2993 εις
2685 2932 2784 2994 τὰς
2814 2933 3090 3002 ἡμετέρας
3128 2935 3334 3005 ψυχὰς
3367 2931 3766 2998 κατασκήπτειο

2173 3023 2239 3076 ὲκ
2280 3023 2336 3076 δὲ
2375 3023 2574 3093 συχνῆς
2607 3023 2886 3093 ἁμαρτίας
2918 3024 3295 3092 ἀπόγνωσις·
3341 3022 3443 3076 καὶ
3481 3021 3541 3088 ἐξ
3569 3018 3758 3086 ἐκείνης

2173 3115 2340 3186 ἑτέρα
2391 3115 2596 3183 μείζων
2622 3132 2637 3148 ·
2669 3115 2765 3168 καὶ
2809 3114 2954 3169 οὕτω
3007 3133 3072 3184 γε
3125 3117 3455 3188 προϐαῖνον
3488 3112 3548 3166 τὸ
3585 3109 3752 3170 κακὸν,

2173 3209 2473 3274 ἀναγκαῖον
2520 3210 2600 3270 εἰς
2646 3207 2876 3280 ἄπειρον
2919 3207 3251 3276 ἐκταθῆναι,
3299 3209 3404 3263 καὶ
3451 3206 3550 3276 τὴν
3593 3201 3755 3254 τελευ-

2172 3298 2334 3352 ταίαν
2388 3299 2603 3369 πληγὴν
2652 3300 2751 3363 τὰς
2791 3299 2974 3368 ψυχὰς
3022 3298 3325 3368 δέξασθαι,
3383 3297 3661 3370 χωρούσης
3700 3306 3753 3359 τε

2173 3387 2260 3442 ἀεὶ
2311 3386 2410 3455 τῆς
2464 3388 2642 3457 λύμης
2687 3391 2742 3451 ἐς
2794 3390 3212 3463 τὸνδεινὸτερόν
3259 3411 3323 3447 τε
3370 3393 3466 3445 καὶ
3492 3384 3744 3444 δυσαπαλ-

2172 3477 2523 3550 λακτότερον.
2561 3479 2624 3534 'H
2651 3479 2814 3552 ἡδονὴ
2845 3481 3073 3545 πολλοὺς
3107 3484 3215 3551 μὲν
3242 3485 3394 3539 πάνυ
3433 3482 3740 3549 κατήνεγκεν

2175 3573 2406 3637 πολλοὺς
2451 3575 2496 3627 δ’
2528 3571 2594 3629 αὖ
2626 3575 2926 3646 εἰργάσατο
2955 3578 3338 3647 τραυματίας.
3379 3577 3488 3628 Καὶ
3513 3564 3737 3634 ἔνιοι,τῷ

2179 3665 2255 3736 μὴ
2291 3669 2411 3718 κατ’
2438 3667 2638 3734 ἄνδρας
2685 3667 3058 3735 ἀγωνίζεσθαι
3087 3667 3476 3741 προῃρῆσθαι,
3517 3661 3632 3718 οὐδὲ
3657 3657 3739 3724 τὴν

2177 3758 2406 3830 πρώτην
2453 3760 2706 3831 εἰσϐολὴν
2759 3760 2978 3830 ἐκείνης
3023 3761 3367 3832 ὑπέστησαν,
3395 3759 3513 3813 ἀλλ’
3554 3750 3730 3823 αίχμά·

2177 3853 2341 3906 λωτοι
2374 3854 2633 3919 καθάπαξ
2665 3855 2976 3922 γεγονότες,
3006 3853 3159 3924 παρὰ
3207 3856 3322 3908 τῶν
3358 3850 3602 3921 ὁρώντων
3629 3846 3732 3896 ἔσθ·-

2181 3947 2445 4018 ρίττοντο.
2481 3949 2714 4001 Ἔπειτα
2747 3948 3079 4017 θελήσαντες
3111 3950 3172 4001 οὐ
3207 3949 3373 4018 μόνον
3399 3945 3493 4016 τὴν
3527 3939 3625 3997 ἀπὸ
3649 3936 3726 4002 τῆς

2177 4036 2346 4107 ἥττης
2395 4038 2661 4107 αίσχύνην
2710 4037 3106 4108 ἀπετρίψαντο,
3136 4038 3282 4092 ἀλλὰ
3337 4036 3430 4090 καὶ
3483 4023 3727 4095 τοὺίάπδ

2179 4129 2279 4196 τῆς
2319 4129 2476 4198 νίκης
2524 4129 2828 4198 στεφάνους
2869 4130 3227 4198 ἀνεδήσαντο.
3262 4127 3386 4184 Τῶν
3409 4128 3460 4180 δὲ
3492 4116 3721 4196 βεϐλημίε

2180 4236 2287 4271 νων
2325 4218 2402 4288 τῷ
2451 4219 2594 4286 ξίφει
2645 4219 2745 4288 τῆς
2798 4219 3169 4289 ἀπογνώσεως
3227 4221 3526 4274 οὐκέστιν
3565 4211 3722 4266 οὐδένα

2183 4309 2618 4379 θεραπευθῆναι.
2667 4311 2876 4379 Καιρία
2931 4311 3042 4380 γὰρ
3073 4312 3104 4380 ὴ
3141 4311 3332 4384 πληγὴ
3381 4309 3469 4364 καὶ
3505 4296 3719 4376 οᾷδαμῶς

2187 4401 2426 4470 ἰάσιμος.
2460 4402 2617 4455 ’Ὠσθ’
2651 4404 2786 4471 ὅπερ
2836 4399 3014 4468 εἶπον,
3047 4403 3347 4472 ἀναγκαῖον
3375 4401 3491 4472 ἐμοὶ
3523 4396 3714 4465 γίνεται.

2186 4493 2318 4564 περὶ
2351 4493 2544 4564 ἡδονῆς
2577 4494 3049 4564 προδιαλεχθέντι,
3082 4496 3179 4548 καὶ
3227 4495 3360 4565 περὶ
3398 4486 3713 4557 ἀπογνώσεως

501 4600 625 4653 batn
651 4594 834 4657 modo,
867 4601 926 4646 ut
953 4606 1076 4647 cum
1112 4591 1377 4643 hactenus
1406 4587 1472 4640 de
1512 4585 1787 4654 voluptate
1811 4584 2077 4637 disserue-

2187 4583 2285 4636 νῦν
2322 4586 2537 4636 εἰπεῖν·
2581 4587 2678 4641 καὶ
2724 4584 3014 4656 βοηθῆσαι,
3061 4587 3234 4659 ὁπόση
3286 4586 3524 4655 δύναμις,
3554 4580 3710 4632 ιικινο

503 4691 628 4754 rim,
668 4700 814 4741 nunc
857 4683 925 4739 de
966 4679 1349 4750 desperatione
1388 4676 1550 4731 verba
1605 4675 1802 4729 faciam
1827 4715 1841 4739 ,
1875 4686 2083 4743 proque

503 4780 714 4836 viribus
739 4791 897 4844 opem
930 4775 1045 4835 illis
1081 4771 1253 4826 ieram
1301 4769 1393 4838 qui
1419 4765 1820 4833 desperatiOuis
1853 4767 1904 4818 in
1940 4764 2084 4832 peri-

503 4875 626 4930 culo
663 4880 973 4928 versantur.
1023 4865 1238 4936 Quippe
1285 4864 1331 4918 si
1364 4863 1434 4918 de
1468 4861 1746 4928 voluptate
1795 4873 1899 4912 non
1933 4867 2084 4912 recte

503 4968 830 5027 sentientes,
851 4938 1277 5029 haudquaquam
1301 4954 1520 5009 silentio
1557 4951 1872 5008 transeundi
1901 4959 2083 5016 erant,

506 5058 586 5113 ιιιὶ
621 5073 720 5113 nec
771 5071 799 5109 a
851 5054 1008 5108 nobis
1030 5063 1116 5107 est
1151 5048 1378 5113 factum,
1407 5047 1580 5100 multo
1634 5046 1812 5099 minus
1842 5042 2086 5098 arbitror

507 5152 948 5207 existimaturum
985 5147 1248 5214 aliquem,
1295 5157 1401 5196 non
1440 5139 1546 5194 illis
1583 5153 1740 5208 epetn
1776 5136 2084 5198 ferendam,

507 5245 602 5314 qui
633 5258 697 5296 eo
721 5251 844 5296 sunt
870 5238 1111 5308 periculo
1135 5235 1444 5300 constituti,
1477 5233 1717 5287 deterius
1746 5241 1802 5284 ut
1827 5230 2084 5300 quiddam

509 5337 644 5404 ipsis
676 5333 909 5386 accidat.
938 5329 1072 5383 Nam
1111 5343 1175 5382 ex
1207 5326 1314 5379 alio
1343 5325 1576 5392 quodam
1615 5337 1803 5376 errore
1828 5322 2086 5376 diuturno

509 5428 715 5497 plures,
737 5438 802 5477 ex
835 5422 1050 5475 assidua
1083 5416 1462 5487 desperatione
1487 5423 1770 5469 revocatus
1794 5422 1879 5468 est
1903 5429 2082 5468 nemo.

509 5521 622 5576 Nec
645 5531 846 5572 vanum
869 5511 1075 5580 aliquid
1103 5511 1280 5565 moliri
1307 5525 1405 5564 nos
1429 5508 1630 5564 arbitra
1642 5523 1780 5573 mur,
1799 5522 1896 5562 uec
1916 5507 1966 5560 iu
1985 5508 2089 5562 hoc

511 5619 708 5667 conatu
740 5615 934 5661 nostro
965 5601 1264 5672 quidquam
1314 5615 1434 5654 esse
1469 5586 1554 5653 vel
1604 5597 1842 5652 tumoris
1873 5597 1954 5651 vel
1995 5611 2091 5650 au-

510 5705 701 5758 daciae.
730 5698 864 5754 Nam
895 5709 1110 5764 aequum
1151 5705 1273 5747 esse
1304 5679 1616 5754 censemus,
1669 5698 1730 5744 ut
1762 5688 1984 5742 minime
2015 5689 2091 5743 si-

511 5796 680 5853 lentio
706 5791 954 5848 morbum
980 5786 1129 5841 illum
1155 5792 1567 5854 praetereamus,
1588 5781 1678 5849 qui
1705 5780 1892 5850 procul
1925 5779 2089 5835 dubio

515 5886 809 5962 perniciem
842 5883 947 5941 illis
973 5881 1151 5947 allert,
1179 5875 1376 5950 quibus
1402 5875 1468 5930 ad
1501 5874 1720 5946 aliquod
1751 5882 1962 5944 tempus
1991 5873 2088 5929 ad-

2187 4674 2468 4729 δυνεύουσί
2500 4692 2646 4740 τινες
2695 4676 3038 4744 ἀπογνῶναι.
3075 4678 3136 4730 Et
3188 4681 3300 4750 γὰρ
3337 4677 3458 4739 τοὺς
3500 4663 3708 4738 περὶτῆς

2186 4768 2382 4839 ἡδονῆς
2419 4768 2482 4822 οὐ
2532 4768 2632 4840 τὴν
2676 4770 3011 4840 γιγνομένην
3045 4769 3268 4841 ἔχοντες
3313 4771 3483 4835 δόξαν.
3505 4763 3591 4817 οὐκ
3621 4756 3703 4841 έδξι

2186 4858 2594 4928 παραδραμεῖν,
2627 4857 2824 4911 οὔκουν
2845 4839 2986 4910 οὐδὲ
3027 4839 3244 4928 γέγονε,
3281 4859 3435 4931 σχολῇ
3465 4853 3511 4922 γ’
3545 4849 3615 4910 ἂν.
3641 4839 3703 4896 οἶ·

2191 4966 2310 5020 μαι,
2345 4954 2460 5013 τοῖς
2515 4949 2894 5004 κινδυνεύουσί
2947 4966 3000 5003 τι
3055 4954 3240 5025 χεῖρον
3292 4949 3472 5004 παθεῖν
3516 4943 3567 4996 οὐ
3603 4932 3700 4990 cul-

2187 5044 2424 5115 ληπτέον
2484 5044 2550 5098 ἂν
2591 5043 2760 5109 δόξαι.
2809 5044 3005 5098 Πολλοὶ
3065 5045 3165 5115 μὲν
3217 5047 3326 5118 γὰρ
3376 5043 3478 5097 ἀπὸ
3521 5029 3698 5107 μακρᾶς

2189 5153 2333 5199 τινος
2374 5135 2541 5202 ἄλλης
2569 5135 2800 5206 πλάνης,
2828 5136 3005 5199 οὐδεὶς
3039 5135 3084 5189 δ’
3120 5137 3228 5190 ἀπὸ
3264 5135 3451 5204 συχνῆς
3493 5121 3694 5192 ἀπογνώ·

2192 5243 2328 5289 σεως
2359 5226 2626 5295 ἐπανῆκε.
2656 5225 2940 5289 Δοκοῦμεν
2985 5226 3043 5279 δὲ
3077 5227 3250 5298 μηδὲν
3298 5225 3413 5293 εικῆ
3441 5214 3690 5292 βούλεσθαι,

2193 5316 2327 5386 μηδὲ
2372 5316 2622 5385 μετέχειν
2669 5317 2901 5387 ταυτηνὶ
2927 5316 3027 5387 τὴν
3068 5317 3383 5387 ἐγχείρησιν
3413 5314 3551 5380 ὄγκου
3579 5299 3688 5358 τινὸς
3782 5312 3785 5315 ’

2189 5409 2223 5478 ἢ
2247 5408 2622 5478 θρασύτητος·
2665 5402 2808 5462 εἶναι
2849 5408 2960 5479 γὰρ
2991 5411 3340 5480 γιγνόμενον,
3382 5405 3446 5476 μὴ
3483 5400 3586 5467 σιγῇ
3611 5407 3690 5446 πα-

2195 5502 2492 5573 ραδραμεῖν
2527 5502 2743 5571 ἐκείνην
2772 5502 2871 5572 τὴν
2903 5502 3225 5573 νόσον,ἧτις
3257 5498 3337 5565 οἷς
3366 5485 3616 5565 συγγένοιτ⁹
3635 5482 3684 5573 ἄν

2190 5571 2312 5650 τινα
2363 5595 2580 5665 χρόνον,
2632 5571 2858 5658 τούτους
2906 5571 3148 5666 ἀτεχνῶς
3210 5594 3510 5666 διαφθείρει.
3545 5580 3618 5636 Δεῖ
3652 5571 3684 5626 δ’

2191 5686 2463 5740 ἐπιθεῖναι
2501 5687 2579 5756 τῷ
2621 5685 2902 5755 θραύματι
2946 5688 3310 5757 κατάλληλον,
3339 5676 3678 5757 οἶμαιοφάρμα⁹

2194 5798 2308 5846 κον,
2335 5780 2383 5833 εί
2413 5780 2708 5851 μέλλοιμεν
2741 5780 2874 5835 αὐτὸ
2906 5781 3300 5837 καταστέλλειν
3331 5798 3386 5834 τε
3412 5775 3488 5830 καὶ
3517 5763 3676 5824 ἰᾶσθαι·

2192 5873 2332 5930 ἀλλὰ
2394 5874 2468 5946 μὴ
2526 5874 2978 5948 προσπαροξῦναι
3039 5877 3148 5940 τοῖς
3209 5872 3478 5935 ἐναντίοις,
3518 5852 3674 5915 οἴκοθεν
