3990 6610
239 375 422 439 485
1753 374 1904 436 O‘RA

2007 371 2044 434 Ο
2076 375 2172 438 Vl.
3323 413 3335 424 -
3458 375 3566 440 486

237 495 494 564 ὁργῶν
546 495 640 549 καὶ
680 493 1036 565 φλεγμαῖνον.
1087 493 1198 548 Καὶ
1233 491 1419 554 ἁπλῶς
1467 489 1524 544 δὲ
1559 490 1725 545 πᾶσιν
1754 488 1886 558 ἑξῆς

2007 484 2232 546 mserit.
2297 489 2691 560 Imponendum
2739 499 2919 545 autem
2967 488 3174 544 vulneri
3234 491 3567 544 conveniens

245 588 453 642 οὕτω
478 607 542 657 γε
573 587 870 660 βοηθητέον
905 589 1023 650 ταῖς
1054 585 1296 657 γνησίοις
1331 583 1628 655 βοηθείαις,
1662 585 1758 637 καὶ
1783 585 1884 638 οἰκ

2007 581 2452 637 medicamentum
2481 595 2654 651 puto,
2692 582 2967 652 siquidem
3016 581 3068 634 id
3111 581 3307 635 sedare
3336 581 3568 634 velimus

257 681 648 752 elinguandam;
694 682 788 734 τοῦ
826 680 1123 752 χρῄζοντος
1167 680 1266 749 τῆς
1311 677 1445 748 παρ’
1473 677 1629 748 ἡμῶν
1662 693 1886 746 συμμα-

265 775 460 842 χίας.
493 773 703 835 ΙἌλλως
735 772 844 843 γὰρ
894 771 959 826 ἂν
1002 773 1090 841 είη
1141 771 1276 842 μηδέ
1330 772 1603 841 ἐγχειρεῖν
1637 769 1883 839 ἄμεινον·

282 865 515 936 βλάψαι
545 866 657 936 γὰρ
703 865 791 929 ἂν,
836 865 940 918 οὐκ
987 864 1184 935 ὀνῆσαι
1211 864 1339 926 τοὺς
1388 861 1478 929 ὑφ’
1514 861 1670 932 ἡμῶν
1703 877 1765 928 γε
1797 859 1890 930 δῆ-

293 958 402 1010 θεν
453 957 874 1026 βοηθουμένους.
909 957 984 1010 Οὐ
1035 955 1274 1026 χαλεπὸν
1318 954 1375 1008 δὲ
1410 951 1565 1024 οἶμαι
1615 955 1795 1022 εὑρεῖν
1825 956 1888 1006 τὸ

293 1049 652 1116 κατάλληλον
692 1047 854 1100 τοῦτο
900 1047 1217 1116 φάρμακον.
1264 1046 1508 1114 Χορηγεί
1540 1044 1646 1114 γὰρ
1676 1043 1888 1095 οἴκοθεν

296 1139 498 1210 αὑτδὴ
531 1140 623 1194 τοῦ
672 1141 930 1209 Σωτῆρος
969 1138 1380 1210 φιλανθρωπία,
1415 1139 1449 1207 ὴ
1489 1135 1631 1206 μόνη
1664 1135 1888 1189 πάντων

301 1230 500 1301 ἰατρὸς
554 1231 661 1282 τῶν
713 1247 778 1298 γε
816 1228 1083 1283 τοιούτων
1137 1226 1633 1300 ἀρρωστημάτων·
1696 1219 1766 1296 ἦς
1815 1223 1887 1276 τά

305 1325 695 1395 ἁμαρτήματα
723 1325 834 1379 τῶν
876 1323 1184 1398 ἀνθρώπων
1214 1321 1470 1377 τοσοῦτον
1495 1320 1717 1372 ἔλαττον
1746 1317 1884 1387 ἔχει,

306 1418 444 1470 ὅσον
483 1417 591 1469 οὐδ’
634 1417 786 1470 ἔστιν
835 1414 1232 1485 ἐνθυμηθῆναι.
1268 1413 1423 1466 Ὦστ*
1469 1411 1577 1465 ἀπὸ
1617 1409 1887 1480 βαλϐῖδος,

311 1510 472 1576 φασὶ,
504 1509 560 1562 τὸ
599 1506 931 1578 ζητούμενον
965 1507 1101 1575 ἡμῖν
1135 1503 1387 1575 εὓρηται.

1993 685 2058 726 ac
2096 686 2310 736 sanare,
2351 688 2458 727 non
2508 688 2603 742 per
2641 689 2702 730 se
2745 686 2974 736 tumens
3019 681 3076 728 et
3105 681 3346 727 astuans
3398 673 3569 739 magis

1993 762 2158 817 etiam
2177 764 2472 820 contrariis
2488 767 2842 822 exacerbare.
2870 765 3205 835 Simpliciter
3233 773 3414 818 autem
3441 778 3572 816 cun-

1995 856 2100 911 clis
2125 855 2229 912 hoc
2257 857 2421 912 modo
2451 860 2882 914 succurrendum
2916 858 3119 913 nativis
3152 856 3432 917 remediis,
3457 865 3510 909 et
3539 870 3569 907 a

1995 951 2195 1020 quibus
2241 952 2330 1008 ille
2360 967 2468 1007 non
2499 952 2814 1018 abhorreat,
2859 953 3063 1008 auxilio
3093 953 3185 1020 qui
3215 948 3401 1006 nostro
3427 951 3571 1004 iudi-

1995 1055 2104 1116 εει.
2139 1043 2276 1100 Nam
2328 1047 2620 1116 ceteroqui
2664 1048 3002 1116 prrstiterit,
3045 1045 3181 1101 nihil
3218 1061 3318 1100 nos
3344 1042 3568 1098 omnino

1997 1137 2414 1208 moliri,quippe
2443 1139 2856 1203 detrimentum,
2879 1155 2982 1195 non
3013 1139 3438 1195 emolumentum
3473 1152 3568 1190 ac-

1994 1224 2258 1294 cipereut.
2289 1228 2488 1294 quibus
2519 1227 2780 1282 adhibere
2809 1227 3114 1283 remedium
3152 1228 3431 1282 vellemus.
3459 1226 3570 1281 Nec

1995 1316 2221 1372 inventu
2280 1316 2497 1373 diﬂicile
2550 1319 2882 1375 conveniens
2929 1319 3058 1375 illud
3112 1319 3564 1374 medicamentum

1994 1407 2254 1463 arbitror.
2286 1409 2498 1464 Etenim
2533 1409 2585 1464 id
2626 1424 2690 1464 ex
2722 1425 2844 1466 sese
2876 1411 3191 1480 suppeditat
3232 1411 3349 1479 ipsa
3383 1409 3572 1464 Salva-

1993 1499 2128 1554 toris
2159 1513 2288 1570 erga
2321 1515 2423 1556 nos
2455 1503 2768 1568 clementia,
2814 1518 2935 1573 qua:
2969 1503 3086 1559 sola
3119 1505 3332 1558 cunctis
3378 1502 3571 1572 hujus-

311 1605 463 1658 mudi
494 1603 697 1658 morbis
726 1603 994 1666 medetur,
1027 1609 1080 1654 et
1106 1615 1210 1670 qua
1246 1607 1398 1652 tanto
1433 1605 1560 1651 sunt
1588 1593 1848 1655 inferiora
1878 1593 2435 1662 mortaliumdelicta,
2473 1607 2736 1665 quantum
2768 1611 2834 1652 ne
2862 1596 3156 1665 cOgitando
3186 1595 3405 1666 quidem
3435 1609 3570 1650 con-

313 1699 426 1768 cipi
473 1707 662 1766 potest.
715 1695 1058 1766 Quapropter
1113 1696 1181 1749 ab
1237 1694 1353 1763 ipso
1407 1692 1617 1754 limine,
1679 1688 1825 1758 quod
1889 1688 2062 1755 aiunt,
2088 1689 2368 1745 inventum
2398 1691 2554 1746 nobis
2581 1691 3250 1762 estquodquaerebamus.

406 1793 543 1847 Ἀλλ’
577 1793 606 1846 ὁ
653 1792 803 1847 δεῖνά
849 1808 936 1859 γε,
983 1790 1172 1859 φησιν,
1214 1787 1384 1857 ὕψους
1441 1788 1762 1858 ἀπερῤἀγη,
1789 1785 1885 1840 καὶ

2063 1785 2134 1838 At
2161 1786 2307 1840 enim
2335 1785 2446 1850 ille,
2485 1786 2633 1841 dicet
2661 1786 2886 1856 aliquis,
2929 1785 3152 1841 avulsus
3193 1793 3276 1839 est
3309 1784 3376 1839 de
3399 1782 3574 1838 subli-

317 1887 647 1958 κατηνέχθη.
677 1887 774 1941 καὶ
819 1856 1011 1955 γέγονε
1042 1856 1093 1937 τι
1130 1883 1332 1954 πτῶμα
1371 1856 1746 1935 δεινὸν-ἅπασι
1775 1884 1890 1944 τοῖς

2007 1879 2088 1944 ni,
2154 1879 2521 1950 deorsumque
2570 1880 2794 1950 lapsus,
2847 1895 2911 1936 ac
2967 1879 3140 1934 ruinae
3199 1856 3572 1948 spectaculum

316 1979 510 2034 τοῦτον
555 1981 745 2052 ὁρῶσι.
783 1980 895 2033 Καὶ
941 1979 994 2032 τί
1037 1979 1194 2032 ταυτὶ
1245 1976 1386 2048 πρὸς
1430 1975 1493 2030 τὸ
1543 1975 1888 2042 ἀπογνῶναις

317 2073 660 2143 Βουληθῆναι
703 2073 785 2126 δεῖ
834 2071 1016 2142 μόνον,
1045 2071 1143 2124 καὶ
1192 2069 1327 2140 πρὸς
1383 2068 1462 2138 τῷ
1523 2067 1894 2137 ἀπονίψασθαι

313 2167 390 2220 τὰ
436 2166 579 2220 κακά
631 2165 727 2219 καὶ
774 2163 996 2234 πτηνῶν
1041 2163 1105 2217 ἂν
1130 2161 1320 2232 τάχιον
1346 2161 1432 2214 ἐπ’
1461 2160 1633 2231 αὐτὴν
1655 2160 1752 2228 τὴν
1785 2159 1894 2212 τῶν

314 2260 502 2314 καλῶν
533 2258 746 2312 ἀνέλθοι
782 2257 1051 2328 κορυφήν.
1083 2255 1243 2323 Λέγω
1291 2255 1348 2308 δὲ
1378 2253 1635 2324 βούλησιν
1668 2253 1762 2306 νῦν
1796 2250 1895 2321 τὴν

313 2354 407 2406 διὰ
451 2354 560 2407 τῶν
608 2351 788 2421 ἔργων
832 2348 1325 2420 μαρτυρουμένηνο
1358 2347 1418 2402 οὐ
1447 2348 1556 2416 γὰρ
1585 2345 1755 2406 ἔστιν,
1795 2344 1896 2397 οὐκ

313 2448 469 2499 ἔστιν
509 2447 581 2509 ὼς
614 2443 855 2514 ἀληθῶς,
890 2443 1252 2513 θελήσαντας,
1281 2442 1576 2510 ἀποτυχεῖν
1624 2437 1719 2492 τοῦ
1769 2454 1896 2491 σκο-

314 2539 446 2596 ποῦ.
489 2539 583 2592 Ἐκ
635 2537 746 2608 γὰρ
799 2535 896 2589 τοῦ
947 2536 1024 2606 μὴ
1077 2533 1365 2599 βούλεσθαι
1411 2532 1629 2603 ίαθῆναι
1680 2532 1748 2585 τὰ
1795 2529 1897 2600 τῆς

314 2631 499 2700 ψυχῆς
557 2628 863 2699 παθήματα
915 2627 1199 2698 ἐπιμένειν
1257 2625 1450 2681 εἴωθεν
1487 2627 1638 2696 ἡμῖν
1663 2641 1678 2658 ο
1719 2623 1794 2685 ὡς
1829 2622 1897 2678 ἂν

318 2721 668 2791 ἀντιστῶμεν
694 2721 978 2790 γενναίως,
1017 2719 1140 2774 οὐδὲ
1167 2719 1268 2790 τὴν
1311 2718 1487 2789 ἀρχὴν
1533 2715 1894 2787 είσκωμὰζει.

319 2814 397 2868 Τό
430 2831 489 2868 τε
519 2817 628 2884 γὰρ
654 2813 958 2882 γεγονέναι,
989 2811 1049 2864 τό
1075 2828 1134 2865 τε
1167 2809 1637 2880 διαμεμενηκέναι
1668 2809 1896 2872 κακοὺς,

320 2908 416 2961 καὶ
477 2904 542 2961 αὖ
594 2906 656 2958 τὸ
706 2904 944 2974 ἀγαθοὺς
988 2897 1151 2966 εἶναι,
1203 2903 1299 2956 καὶ
1348 2901 1654 2972 διαρκέσαι,
1683 2900 1899 2954 οἴκοθεν

323 3000 512 3068 σαφῶς
543 3001 659 3062 τοῖς
685 2996 1014 3068 ἀνθρώποις.
1042 2995 1120 3050 Οὐ
1148 2995 1258 3067 γάρ
1285 2995 1423 3058 ἔστι,
1455 2993 1656 3058 καλοὺς
1684 2991 1900 3046 ἐθέλον-

322 3109 424 3154 τας
474 3087 637 3157 εἶναι,
693 3091 800 3144 τιν)⁸
853 3089 964 3142 τῶν
1039 3087 1278 3158 θύραθεν
1337 3085 1632 3157 βιασθῆναι
1693 3085 1899 3149 κακοὺς

322 3182 578 3249 γενέσθαι
608 3199 623 3213 ⁸
671 3182 794 3236 οὐδὲ
843 3181 1080 3251 φαύλους
1123 3181 1419 3249 γεγονότας
1478 3179 1570 3233 διὰ
1628 3179 1898 3249 κακίστην

323 3242 667 3346 προαίρεσιν,
687 3273 804 3331 εἶτα
829 3242 904 3346 μὴ
935 3242 1323 3346 διορθωθῆναι,
1345 3242 1506 3329 τοῦτο
1541 3242 1896 3346 θελήσαντας.
1925 3242 1971 3306 C

326 3371 439 3424 Καὶ
478 3369 528 3421 εί
559 3367 716 3422 τοῦτό
747 3385 810 3437 γε
847 3367 1069 3437 ἀληθὲς,
1102 3365 1334 3438 εὕρηται
1366 3367 1426 3420 τδ
1455 3365 1772 3437 φάρμακον,
1806 3367 1903 3420 καὶ

327 3465 494 3532 ή-’τῆς
543 3459 911 3530 ἀπογνώσεως
946 3459 1272 3532 ὑπεχώρησε
1318 3459 1496 3522 νόσος.
1525 3459 1655 3526 Ναὶ,
1691 3461 1859 3529 φησίν
1884 3472 1900 3490 ⁸

326 3555 441 3608 ἀλλ’
465 3545 621 3615 οὗτός
651 3570 715 3622 γε
750 3556 778 3606 ὁ
811 3553 1054 3623 σχέτλιος
1077 3551 1426 3622 τραυματίας
1456 3553 1648 3622 γέγονε
1682 3554 1902 3607 πάντων

330 3648 456 3717 ἑξῆς
508 3646 621 3699 τῶν
669 3646 898 3699 παθῶν·
938 3646 1034 3699 καὶ
1086 3639 1351 3707 πολλάκις
1411 3645 1606 3706 ίαθεὶς,
1638 3644 1905 3706 πολλάκις

333 3743 503 3815 πάλιν,
525 3741 812 3810 τέτρωται.
852 3739 960 3792 Καὶ
985 3738 1104 3802 πῶς
1139 3737 1204 3792 ἂν
1237 3738 1350 3808 ἔχοι
1381 3736 1782 3806 διορθωθῆναι;
1813 3736 1904 3806 Μὴ

335 3834 665 3902 ἀπογνῶμεν
709 3832 799 3885 τδν
846 3831 1156 3901 ἄνθρωπον.
1213 3831 1314 3883 “Av
1355 3828 1464 3897 γὰρ
1508 3831 1540 3899 ἡ
1593 3830 1786 3899 καιρία
1831 3831 1906 3899 μὴ

336 3926 734 3998 παραγένηται,
763 3923 861 3994 τὴν
905 3925 1217 3992 ἀπόγνωσιν
1270 3921 1435 3989 λέγω,
1474 3921 1692 3991 ἰάσιμόν
1740 3937 1802 3990 γε
1847 3908 1921 3974 το

340 4018 510 4081 πάθος
549 4018 662 4079 τοῖς
689 4014 1035 4087 βουλομένοις
1067 4013 1164 4084 τὴν
1198 4012 1442 4083 ἰατρείαν
1475 4012 1726 4080 ἀσμένως
1752 4009 1909 4076 δέξα-

341 4109 484 4162 σθαι.
515 4106 576 4159 El
627 4106 734 4175 γὰρ
788 4103 863 4175 μὴ
911 4104 1102 4158 τοῦτον
1144 4105 1235 4158 τὸν
1279 4103 1483 4174 τρόπον
1524 4097 1639 4174 εἶχε
1688 4102 1756 4156 τὰ
1787 4103 1910 4158 καθ’

340 4201 506 4268 ἡμᾶς,
541 4197 650 4250 οὐδ’
695 4195 761 4250 ἂν
803 4193 884 4259 είς
937 4196 1160 4259 πάντως
1206 4195 1412 4268 ἐσώθη.
1456 4196 1545 4258 Ὧς
1582 4195 1691 4266 γὰρ
1736 4195 1910 4258 οὐδεὶς

342 4291 560 4358 ἀγαθὸς,
611 4289 753 4343 κατὰ
808 4289 899 4342 τὸν
954 4289 1098 4342 θεῖον
1153 4289 1425 4359 χρησμὸν,
1475 4288 1584 4342 οὐδ’
1633 4288 1910 4359 ἁμαρτίας

343 4385 503 4446 ὅντως
534 4381 839 4451 ἐλεύθερος,
863 4381 967 4434 κᾶν
995 4380 1314 4451 ὑπερϐάλλῃ
1346 4379 1526 4450 πολλῷ
1555 4381 1682 4443 τοὺς
1719 4381 1910 4444 ἄλλους
1944 4414 1946 4416 τ

345 4477 422 4537 εἰς
449 4475 666 4544 ἀρετήν.
701 4476 893 4544 Δεήσει
919 4473 1102 4526 τοίνυν
1139 4474 1313 4556 ἆπασι
1334 4473 1430 4525 τοῦ
1462 4473 1764 4543 φαρμάκου
1797 4491 1914 4526 του·

1996 1972 2152 2028 triste
2184 1972 2359 2029 factus
2377 1973 2665 2028 universis.
2693 1973 2832 2040 Quid
2857 1973 3001 2030 istaec
3023 1975 3088 2028 ad
3116 1968 3575 2040 desperationem?

2000 2066 2292 2123 Voluntate
2347 2068 2610 2123 duntaxat
2655 2082 2792 2138 opus
2843 2067 3134 2126 estauimi,
3191 2080 3299 2136 qua
3353 2064 3464 2130 liet,
3517 2070 3576 2116 ιιι

1997 2159 2218 2214 ablutus
2255 2177 2283 2214 a
2316 2161 2468 2216 vitiis
2501 2161 2670 2216 etiam
2706 2177 2872 2231 supra
2905 2162 3198 2216 volucrum
3231 2158 3572 2214 celeritatem

1998 2253 2065 2307 ad
2109 2253 2286 2322 ipsum
2349 2252 2617 2308 bonorum
2648 2255 2864 2310 culmen
2915 2254 3198 2310 ascendat.
3231 2253 3573 2307 Voluntatem

1995 2360 2128 2400 vero
2186 2360 2330 2400 nunc
2361 2361 2480 2401 eam
2519 2347 2640 2400 dico
2663 2363 2786 2417 quae
2822 2345 3135 2402 teStimouia
3169 2345 3440 2399 factorum
3471 2343 3574 2396 hac

1998 2439 2130 2503 bet;
2185 2439 2388 2509 quippe
2448 2439 2564 2494 ﬁeri
2619 2439 2828 2509 nequit,
2859 2439 3046 2508 nequit
3082 2437 3307 2492 omnino
3337 2435 3474 2498 fieri,
3511 2443 3574 2488 ut

1999 2532 2089 2601 qui
2127 2533 2666 2602 voluerint,scopum
2705 2547 2810 2587 non
2842 2533 3130 2601 attingant.
3166 2529 3300 2582 Nam
3328 2527 3452 2597 quia
3481 2541 3576 2581 sa-

2000 2632 2118 2682 nari
2154 2627 2426 2693 nolumus,
2471 2627 2672 2681 idcirco
2708 2628 2759 2680 in
2803 2625 2960 2681 nobis
2991 2623 3165 2679 animi
3195 2623 3322 2677 vitia
3375 2622 3577 2676 durare

1999 2731 2434 2776 consueverunt:
2469 2720 2670 2792 quippe
2713 2719 2757 2774 si
2798 2717 3119 2772 resistamus
3155 2714 3392 2779 fortiter,
3424 2728 3580 2782 pror-

2000 2827 2093 2867 sus
2120 2813 2172 2867 in
2207 2814 2420 2869 animos
2436 2828 2498 2869 ea
2530 2828 2634 2868 non
2658 2811 2979 2882 pervadunt.
3008 2811 3216 2865 Etenim
3249 2817 3311 2863 ut
3360 2807 3491 2861 ﬁant
3523 2814 3580 2861 et

2000 2917 2256 2962 maneant
2277 2907 2426 2974 mali,
2454 2906 2749 2975 itidemque
2781 2915 2838 2958 ut
2859 2903 2982 2960 boni
3007 2902 3116 2958 sint
3143 2916 3205 2954 ac
3228 2907 3582 2970 perseverent

2002 3001 2056 3056 in
2087 3001 2252 3066 bono,
2277 2999 2439 3056 dubio
2464 2998 2652 3069 procul
2676 3014 2742 3054 ex
2773 3012 2894 3053 sese
2920 2995 3178 3052 mortales
3196 2994 3420 3049 habent.
3441 2990 3582 3046 Nam

2003 3091 2119 3147 fieri
2152 3092 2342 3161 nequit
2369 3101 2425 3145 ut
2456 3092 2545 3159 qui
2579 3091 2704 3146 boni
2745 3105 2868 3146 esse
2898 3089 3109 3151 volunt,
3139 3089 3204 3143 ab
3237 3096 3498 3141 extranea
3524 3097 3584 3139 re

2003 3186 2257 3256 quapiam
2277 3195 2540 3255 cogantur
2567 3185 2800 3240 evadere
2819 3183 2969 3249 mali,
2991 3198 3092 3238 nec
3111 3191 3168 3236 ut
3189 3167 3222 3234 ii
3249 3181 3339 3251 qui
3361 3179 3586 3235 electio-

2003 3295 2072 3336 ne
2105 3280 2267 3334 animi
2289 3279 2524 3348 pessima
2547 3278 2674 3333 mali
2697 3277 2825 3332 facti
2845 3287 2996 3341 sunt,
3018 3274 3216 3331 deinde
3249 3290 3354 3328 non
3402 3287 3588 3327 eruen-

2005 3373 2224 3438 dentur,
2245 3373 2290 3428 si
2322 3373 2539 3443 quidem
2569 3372 2620 3426 id
2650 3371 2942 3426 voluerint.
2958 3370 3134 3439 Atque
3155 3367 3259 3424 hoc
3277 3352 3410 3424 Sane
3430 3368 3477 3423 si
3497 3381 3593 3421 ve-

2007 3480 2127 3521 rum
2151 3475 2253 3530 est,
2277 3466 2556 3520 inventum
2576 3473 2664 3519 est
2696 3463 3172 3526 medicamentum,
3193 3461 3413 3531 jamque
3442 3474 3590 3514 mor-

2008 3559 2111 3616 bus
2143 3559 2232 3613 ille
2281 3557 2679 3628 desperationis
2717 3557 2892 3610 victus
2936 3554 3223 3610 abscessit.
3255 3553 3398 3608 Sane
3431 3569 3583 3613 vero,

2007 3651 2218 3721 inquiet
2276 3651 2511 3719 allquis:
2566 3658 2620 3702 at
2656 3650 2820 3704 miser
2860 3648 2961 3702 iste
3011 3647 3186 3701 factus
3217 3659 3298 3701 est
3333 3645 3590 3701 omnibus

2007 3744 2171 3814 plane
2203 3743 2347 3798 vitiis
2397 3743 2687 3814 obnoxius,
2740 3741 3047 3810 saepiusque
3075 3750 3322 3801 sanatus,
3391 3740 3592 3794 multu-

2011 3835 2111 3889 ties
2141 3835 2327 3888 eadem
2353 3842 2612 3902 expertus
2633 3833 2964 3886 est‘vulnera
2989 3845 3260 3899 ;quonam
3290 3827 3452 3900 igitur
3471 3830 3590 3886 neri

2009 3935 2172 3998 pacto
2206 3925 2378 3994 possit
2405 3924 2840 3979 utemendctur‘l
2873 3921 3229 3992 Nequaquam
3260 3923 3325 3976 de
3355 3923 3581 3977 homine

2013 4017 2394 4086 desperemus.
2455 4015 2669 4083 Quippe
2722 4014 2767 4070 si
2802 4015 2957 4070 letale
3000 4016 3196 4069 vulnus
3257 4015 3400 4070 haud
3441 4015 3590 4069 adsit

2019 4108 2474 4182 (desperationem
2515 4118 2694 4162 autem
2724 4106 3026 4178 intelligo).
3061 4107 3324 4164 sanabilis
3366 4107 3589 4162 morbus

2018 4211 2103 4258 est
2134 4203 2185 4256 in
2221 4201 2286 4256 iis
2309 4201 2403 4272 qui
2429 4200 2757 4256 medicinam
2789 4201 3037 4258 lubenter
3054 4203 3340 4257 admittere
3368 4202 3588 4270 volunt;

2019 4297 2218 4366 quippe
2269 4295 2315 4350 si
2350 4296 2540 4350 nonin
2571 4296 2722 4352 hunc
2753 4297 2972 4352 modum
3005 4304 3328 4364 comparatae
3362 4311 3448 4352 res
3489 4311 3590 4350 no-

2018 4399 2148 4444 stra
2178 4387 2376 4449 forent,
2429 4403 2530 4443 nec
2556 4403 2695 4443 unus
2725 4388 2948 4442 omnino
2982 4387 3165 4444 salvus
3199 4387 3487 4443 evasisset.
3523 4387 3592 4443 Ut

2019 4482 2165 4536 enim
2192 4495 2350 4535 nemo
2381 4481 2558 4536 bonus
2587 4489 2692 4543 est,
2721 4479 3014 4534 secundum
3032 4478 3168 4554 illud
3197 4478 3438 4534 dlvinum
3467 4495 3594 4534 ora-

347 4567 455 4620 τουῖ
473 4583 489 4600 ο
519 4565 612 4618 καὶ
641 4565 831 4618 τούτου
859 4565 1198 4634 καταλλήλου
1218 4565 1641 4634 τετυχηκόσι,τδ
1667 4565 1904 4619 εὖεκτεῖν

2018 4573 2220 4636 culum,
2259 4571 2331 4625 ita
2366 4586 2464 4626 nec
2485 4586 2681 4640 reapse
2706 4571 2830 4641 quis
2863 4571 3123 4626 immunis
3153 4585 3182 4625 a
3227 4583 3472 4640 peccato,
3506 4583 3594 4628 ta-

349 4657 498 4717 esca;
526 4655 727 4713 ἔπεισι.
762 4655 880 4710 Κάν
911 4673 995 4719 τις
1030 4655 1336 4725 ἀνθρώπων
1383 4657 1693 4728 ὑπερελάσῃ
1733 4657 1912 4726 πολλῷ

349 4747 423 4816 τῷ
458 4748 641 4818 μέτρῳ
665 4747 800 4816 ὁμοῦ
833 4749 958 4811 τοὺς
985 4748 1144 4811 ὂντας
1174 4749 1268 4801 καὶ
1301 4748 1596 4818 γεγονότας
1625 4751 1718 4802 ἐπὶ
1745 4751 1915 4821 κακίᾳ

353 4839 727 4912 βεϐιημένους,
786 4840 1000 4908 θρήνων
1061 4839 1162 4909 μὲν
1211 4843 1292 4894 ὅτι
1337 4840 1549 4894 πολλῶν
1599 4843 1627 4894 ὁ
1673 4842 1914 4900 τοιοῦτος

353 4933 488 4999 ἄξιος
513 4933 586 4996 ὡς
625 4933 837 5004 ἀληθῶς
863 4933 1108 5002 γέγονεν,
1145 4933 1223 4986 ὅτι
1256 4932 1424 4995 καλὸς
1446 4934 1544 4986 κα)⁸
1570 4933 1658 4988 ἐπ’
1687 4934 1914 5001 ἀγαθοῖς

357 5025 784 5096 δημιουργηθεις,
816 5028 844 5080 ὁ
889 5025 946 5078 δὲ
982 5025 1193 5080 πολλῶν
1242 5025 1385 5079 ἑκὼν
1420 5026 1608 5080 κακῶν
1639 5026 1737 5096 τὴν
1781 5027 1912 5080 ἑαυ-

358 5116 438 5170 τοῦ
489 5117 667 5189 ψυχὴν
710 5117 1026 5188 ἐνέπλησεν,
1058 5117 1134 5181 ὡς
1173 5119 1348 5184 οὐδεὶς
1398 5118 1608 5188 ἕτερος.
1640 5118 1788 5186 Πλὴν
1820 5118 1914 5171 καὶ

359 5204 496 5273 οὗτός
527 5228 588 5278 γε
627 5211 810 5277 αὐτὸς,
846 5211 912 5264 ἂν
955 5212 1187 5282 ἐραστὴς
1225 5211 1602 5280 μανικώτατος
1639 5211 1738 5282 τῆς
1775 5211 1914 5275 ἰδίας

361 5303 681 5372 διορθώσεως
709 5303 958 5374 γένηται,
995 5305 1044 5356 εί
1099 5304 1199 5373 μὲν
1232 5303 1480 5373 ἀπογνῷ,
1515 5303 1745 5375 εὐήθης,
1777 5292 1914 5374 μᾶλ-

362 5395 434 5449 λον
491 5395 547 5450 δὲ
592 5397 841 5467 ἀνόητος,
892 5396 990 5466 τὴν
1047 5394 1464 5466 φιλανθρωπίαν
1511 5397 1612 5466 τὴν
1659 5396 1911 5466 ἄπειρον,

368 5490 620 5560 ἁμαρτίας
648 5490 824 5560 πέρας
859 5489 1115 5560 ἐχούσης.
1145 5489 1293 5560 ἥττω
1320 5489 1576 5558 νομίσας.
1611 5489 1674 5543 El
1701 5489 1760 5543 δὲ
1791 5472 1912 5558 Θεῷ

369 5584 626 5656 θαρρήσας
657 5584 862 5650 οὑτοσὶ,
891 5585 1002 5637 τῶν
1042 5583 1144 5654 μὲν
1194 5583 1384 5638 κακῶν
1426 5582 1721 5652 ἀποσταίη,
1753 5582 1914 5636 ἀνθέ-

369 5673 498 5739 ξεται
547 5675 604 5728 δὲ
664 5676 772 5729 τῶν
826 5674 1008 5729 καλῶν
1057 5676 1156 5745 ὅση
1199 5673 1452 5743 δύναμις,
1485 5672 1636 5724 οὐδὲν
1679 5672 1914 5724 κωλύσει

365 5767 535 5820 τοῦτον
569 5768 880 5831 ἐπανιόντα,
911 5767 1009 5838 τὴν
1042 5768 1314 5836 προτέραν
1343 5766 1682 5820 κατάστασιν
1714 5767 1916 5819 ἐπανα-

368 5855 547 5920 λαϐεῖν,
579 5855 611 5925 ἦ
638 5858 729 5912 καὶ
762 5855 940 5928 πολλῷ
967 5856 1261 5927 παρελθεῖν
1286 5871 1300 5887 ·
1330 5858 1379 5910 εἰ
1413 5854 1476 5927 δὴ
1504 5857 1597 5908 καὶ
1630 5854 1910 5925 ὑπερϐολή

2016 4663 2178 4718 metsi
2224 4664 2379 4732 longe
2436 4664 2652 4718 caeteris
2704 4664 2910 4718 virtute
2968 4670 3212 4733 praestet.
3251 4662 3596 4733 Quapropter

2015 4755 2284 4810 universis
2331 4755 2432 4810 hoc
2480 4756 2898 4819 medicamento,
2957 4757 3276 4824 paenitentia
3333 4756 3592 4825 inquam,

2013 4861 2150 4916 Opus
2195 4849 2340 4902 erit:
2374 4849 2517 4916 quod
2565 4849 2612 4902 si
2659 4849 2752 4918 qui
2827 4849 2936 4903 tale
2987 4849 3132 4902 nacti
3187 4848 3390 4903 fuerint
3434 4854 3596 4920 quale

2014 4939 2174 4993 debet
2247 4954 2407 5004 esse,
2465 4955 2589 4993 mox
2663 4950 2808 4994 recta
2883 4940 3137 4994 valetudo
3211 4953 3591 5010 recuperatur.

2015 5030 2244 5084 Etiamsi
2270 5031 2394 5100 quis
2434 5031 2621 5084 multis
2654 5031 2830 5085 modis
2849 5043 2903 5085 et
2936 5048 3028 5086 eos
3060 5033 3150 5101 qui
3189 5048 3338 5086 nunc
3364 5045 3510 5102 sunt,
3543 5045 3598 5091 et

2013 5124 2106 5191 qui
2169 5123 2386 5175 fuerunt
2443 5123 2508 5175 ex
2551 5123 2851 5178 vitiositate
2905 5124 3168 5190 celebres,
3233 5129 3596 5196 superaverit,

2016 5213 2201 5268 multis
2237 5213 2325 5266 ille
2351 5211 2566 5280 quidem
2621 5213 2877 5283 lacrytnis
2932 5231 3119 5272 revera
3178 5218 3395 5287 dignus,
3452 5223 3597 5290 quod

2015 5322 2138 5361 cum
2177 5314 2233 5360 et
2263 5306 2434 5360 bonus
2458 5315 2514 5359 et
2551 5307 2616 5359 ad
2637 5305 2776 5360 bona
2811 5309 3081 5376 conditus,
3137 5322 3330 5380 sponte
3353 5329 3450 5367 sua
3481 5316 3601 5382 plu-

2017 5399 2167 5454 ribus
2189 5401 2426 5452 animum
2457 5396 2804 5467 vitiis,quam
2843 5401 2979 5458 alius
3007 5405 3317 5473 quisquam,
3342 5407 3603 5476 impleve-

2017 5493 2125 5544 rit:
2167 5493 2260 5545 sed
2291 5488 2644 5544 nihilominus
2690 5489 2856 5556 idem,
2919 5494 3082 5548 modo
3129 5497 3311 5550 studio
3366 5503 3597 5566 quodam

2017 5580 2210 5636 insano
2239 5580 2630 5634 correctionem
2659 5595 2812 5636 suam
2865 5584 3119 5653 sitiverit,
3152 5589 3198 5648 si
3243 5588 3458 5656 quidem
3509 5587 3602 5640 dc-

2017 5680 2218 5740 Speret,
2251 5671 2484 5724 stolidus
2513 5679 2618 5736 est,
2651 5673 2732 5726 vel
2765 5690 2952 5730 amens
3001 5680 3203 5746 potius,
3237 5678 3330 5743 qui
3362 5678 3599 5730 divinam

2018 5763 2162 5816 illam
2195 5761 2582 5830 benignitatem
2623 5764 2886 5819 inﬁnitam
2921 5779 3146 5836 pecrato
3177 5768 3333 5820 linem
3369 5768 3602 5822 habente

2020 5863 2169 5922 putet
2219 5854 2531 5912 interiorem
2583 5873 2598 5911 :
2649 5857 2729 5914 sin
2775 5859 3031 5913 collocata
3077 5859 3128 5912 in
3179 5856 3348 5914 Deum
3406 5857 3599 5914 ﬁducia
