3990 6556
535 376 637 439 491
1708 364 2106 427 ΜΑΝΗΕΙᾸΒ
2146 359 2591 424 ΡΑΙ..ἘΟΙ.Ο(.ἶΙ
3727 347 3829 411 492

520 486 751 556 impellit
779 524 793 547 ,
824 484 1030 550 absque
1052 480 1335 536 coactione
1366 490 1550 535 tamen
1577 490 1630 535 et
1653 480 1931 545 violentia,
1958 480 2102 548 quod

2210 473 2362 535 Θεός.
2409 472 2699 543 Συγχωρεῖ
2743 470 2798 522 δὲ
2848 467 3004 521 τοῦτο
3057 465 3325 534 γενέσθαι
3384 464 3453 516 οὐ
3510 462 3605 516 διὰ
3652 462 3714 515 τὸ
3762 464 3834 515 δὶ-

522 583 597 635 ita
633 594 743 633 rem
774 574 889 629 fieri
920 574 1139 628 minime
1185 573 1489 628 conveniat.
1515 572 1696 627 Animi
1751 587 1982 640 namque
2012 588 2097 627 sa-

2209 580 2357 617 καιον
2381 564 2561 632 μόνον,
2579 563 2695 616 ἀλλ’
2714 562 2793 614 ὅτι
2824 562 2915 613 καὶ
2941 559 3219 628 συμφέρον
3236 575 3297 609 τι
3324 556 3624 608 λανθᾶνον
3654 557 3812 622 μίγνυ

526 670 677 723 natio
710 667 917 721 medico
954 666 1172 735 quidem
1204 666 1403 735 indiget
1438 665 1553 720 solo
1584 663 1722 732 Deo;
1759 667 1849 721 sed
1882 666 2094 720 interim

2209 674 2292 709 ται
2321 658 2440 719 ταῖς
2471 656 2781 709 κολάσεσιν.
2830 654 2893 706 'il
2949 652 3060 720 γὰρ
3110 651 3175 719 δὴ
3216 667 3287 703 πε
3305 651 3369 718 pi.
3421 650 3590 716 ἡμᾶς
3626 648 3834 698 ἐκείνου

523 776 703 815 rerum
762 774 828 815 ex
867 774 1052 814 eartttn
1107 767 1191 813 est
1248 772 1472 811 numero
1512 772 1631 826 qum
1701 772 1728 810 a
1779 766 1964 812 nostra
2001 776 2099 814 vo-

2209 747 2517 817 χρηστότης
2549 744 2886 816 πανταχόθεν
2933 742 3234 813 ἀναγκάζει
3282 741 3473 794 ταυτὶ
3508 740 3829 792 πιστεῦειι.

518 858 725 909 Inttlale
753 853 1008 924 pendent.
1048 850 1429 919 Oportetenim
1465 850 1697 920 primum
1761 851 1963 907 habere
2010 869 2228 913 sensum
2281 860 2665 915 imbecillitatis
2716 874 2848 926 suae,
2900 858 3096 913 deinde
3151 870 3325 912 nosse
3412 853 3735 916 medicum,
3788 862 3838 910 et

519 953 726 1005 adeunt
760 961 982 1001 currere
1015 945 1172 1012 velle,
1206 946 1250 1000 si
1293 947 1386 1015 qui
1449 944 1816 1000 valetudinem
1863 948 2128 1020 integram
2206 956 2541 1010 desiderant.
2598 957 2943 1027 Quapropter
2993 955 3070 1009 illi
3130 955 3220 1024 qui
3284 953 3496 1021 pomis
3565 951 3832 1017 ajiiciendi

518 1044 866 1115 sunt(neque
907 1041 1130 1098 nuncde
1162 1041 1409 1097 ﬁdelibus
1453 1050 1659 1097 tantum
1694 1043 1933 1112 loquor),
1965 1045 2185 1115 ipsimet
2205 1052 2426 1105 omnino
2444 1053 2550 1107 sibi
2588 1068 2875 1123 poenarum
2938 1059 3191 1105 auctores
3236 1058 3409 1110 sunt,
3489 1061 3606 1099 non
3679 1044 3830 1102 lletts.

519 1141 606 1203 qui
638 1154 769 1193 sane
792 1136 1058 1207 permittit
1093 1136 1195 1189 hoc
1235 1134 1375 1195 ﬁeri.
1409 1150 1515 1189 non
1540 1136 1767 1205 justitize
1791 1151 1901 1192 suae
1931 1153 2092 1193 causa
2136 1149 2365 1206 tantum,
2389 1145 2483 1199 sed
2507 1146 2669 1199 etiam
2704 1146 2845 1215 quod
2907 1144 3108 1214 aliquid
3166 1144 3360 1196 tacitae
3415 1140 3690 1195 utilitatis
3742 1143 3830 1194 ad-

518 1239 742 1290 nti~tum
774 1236 847 1290 sit
890 1235 1023 1304 ipsis
1060 1235 1261 1302 poenis.
1318 1232 1452 1287 Nam
1499 1234 1605 1289 hoc
1659 1235 1735 1289 uti
1780 1235 2091 1301 credamus,
2134 1239 2354 1295 omnino
2396 1257 2492 1296 nos
2528 1244 2697 1311 ipsius
2743 1258 2872 1310 erga
2914 1257 3013 1297 nos
3053 1241 3269 1295 bonitas
3308 1237 3507 1306 cogit.

590 1332 775 1395 Quare
824 1329 869 1382 si
913 1327 1028 1381 haec
1050 1327 1124 1381 ita
1176 1341 1234 1381 se
1282 1325 1481 1380 habere
1540 1326 1797 1381 videntur
1829 1328 2107 1397 (videntur

2285 1334 2347 1387 Ei
2377 1333 2471 1387 οῦν
2495 1334 2559 1404 δὴ
2594 1333 2770 1387 ταῦτα
2800 1335 2946 1386 δοκεῖ
2976 1332 3167 1401 (δόξειε
3192 1333 3237 1385 δ’
3266 1332 3347 1386 ἂν
3392 1332 3687 1397 «ivveni,
3732 1322 3826 1384 ποῧ

522 1435 699 1478 autem
736 1420 1002 1487 omnino),
1046 1433 1279 1489 quonam
1312 1427 1470 1488 pacto
1501 1417 1582 1473 fas
1600 1418 1669 1473 sit
1701 1427 1758 1472 ut
1784 1418 1850 1474 de
1885 1419 2107 1474 homine

2212 1426 2408 1496 καιρὸν
2440 1426 2562 1495 ἕχον
2598 1427 2736 1492 ἐστὶ,
2770 1426 2861 1479 τὸν
2890 1425 3144 1479 ἐνταυθοῖ
3175 1425 3562 1493 φαυλότατον
3595 1425 3694 1477 καὶ
3721 1422 3825 1493 χείο

519 1516 602 1568 vel
637 1513 960 1579 pravissimo
992 1521 1155 1582 atque
1185 1512 1421 1582 pessimo
1469 1511 1522 1565 in
1559 1512 1660 1566 hac
1692 1512 1798 1566 vita
1852 1510 1974 1582 quis
2006 1512 2105 1567 de-

2216 1533 2398 1585 ριστον
2442 1517 2781 1585 ἀπογνῶναι,
2827 1518 2882 1568 ὲν
2912 1518 3094 1587 χεροῖν
3125 1516 3185 1567 τὸ
3238 1515 3575 1585 φάρμακον
3616 1514 3819 1583 ἔχοντα,

520 1617 863 1676 speret,cum
896 1605 1162 1660 medelam
1194 1605 1238 1657 is
1264 1605 1321 1673 in
1360 1605 1613 1659 manibus
1637 1604 1854 1667 habeat,
1900 1604 2103 1659 saluta-

2209 1608 2305 1675 τὴν
2341 1606 2623 1672 σώζουσαν
2663 1608 2979 1677 μετάνοιαν,
3015 1607 3089 1670 ὡς
3122 1607 3225 1660 κάν
3268 1608 3409 1667 τοῖς
3449 1605 3819 1675 προλαϐοῦσιν

520 1716 635 1753 rem
666 1699 813 1752 illam
840 1698 1238 1765 paenitentiam,
1273 1698 1410 1753 sicut
1444 1706 1497 1749 et
1521 1712 1683 1766 supra
1712 1696 1914 1752 dictum
1958 1713 1985 1749 a
2005 1714 2103 1750 no-

2209 1702 2337 1770 ἡμῖν
2368 1701 2618 1771 εῐρηται;
2676 1699 2826 1753 Ἐπεὶ
2856 1699 2911 1752 δὲ
2943 1699 3038 1752 καὶ
3076 1700 3101 1750 ὁ
3132 1698 3336 1768 Σωτὴρ
3355 1698 3510 1766 ἡμῖν
3550 1697 3814 1765 ὑπισχνεῖ-

523 1792 607 1845 bis
636 1800 719 1844 est
749 1790 771 1844 7
802 1792 862 1843 lit
884 1790 1098 1857 quando
1150 1788 1395 1842 Salvator
1430 1788 1543 1857 ipse
1591 1790 1749 1843 nobis
1809 1790 2097 1856 promittit,

2209 1808 2317 1854 ται,
2342 1791 2796 1860 ἐπικαλουμένοις
2823 1789 2985 1851 εὐθὺς
3012 1788 3400 1857 παρέσεσθαι,
3429 1786 3538 1839 καὶ
3567 1785 3814 1855 πάρεστιν

524 1896 583 1934 se
612 1882 733 1933 me:
753 1879 1124 1931 invocantibus
1156 1877 1491 1939 adfuturum,
1524 1878 1767 1946 adeoque
1801 1878 2105 1947 inaspecta-

2209 1881 2273 1933 ὲκ
2297 1851 2393 1932 τοῦ
2417 1851 2681 1947 ἀφανοῦς,
2710 1878 2808 1933 καὶ
2836 1876 3022 1948 βοηθεῖ
3049 1851 3309 1946 φανερῶς
3340 1876 3501 1945 πρὸς
3526 1876 3632 1943 τὴν
3654 1851 3808 1943 σωτή-

528 1973 706 2026 bilt’ter
733 1970 906 2035 adest,
938 1977 992 2023 et
1019 1967 1305 2022 manifesto
1329 1968 1394 2021 ad
1428 1968 1718 2021 salutarem
1746 1972 1887 2023 banc
1912 1969 2107 2022 volun-

529 2072 693 2117 tatem
727 2064 881 2132 juvat
932 2075 1119 2116 omnes
1144 2058 1235 2128 qui
1288 2060 1388 2112 hoc
1446 2058 1607 2113 abeo
1665 2059 1929 2128 ﬂagitant,
1987 2063 2107 2130 quis

528 2157 774 2218 obsecro,
808 2152 913 2207 ltisi
940 2157 1287 2207 vehementer
1341 2150 1597 2215 insaniat,
1629 2160 1773 2206 recte
1814 2152 1894 2206 vel
1929 2153 1997 2207 de
2021 2154 2103 2222 ja-

529 2246 774 2304 centibus
806 2248 860 2301 in
881 2247 996 2314 ipso
1044 2245 1307 2298 malorum
1364 2243 1576 2313 gurgite
1606 2244 1974 2313 desperaverit
2005 2260 2105 2298 nn-

529 2358 718 2413 quam,
738 2341 781 2397 si
800 2340 899 2395 soli
920 2336 1299 2392 misericordia
1321 2336 1680 2405 potestatique
1709 2337 1935 2392 ﬁdentes
1961 2338 2107 2393 illius

528 2434 619 2502 qui
652 2431 821 2501 gratis
845 2437 1043 2494 servat,
1092 2426 1451 2495 resipiscam?
1494 2422 1855 2491 Quamobrem
1900 2427 1964 2480 de
1988 2426 2106 2479 nul-

526 2527 596 2582 iis
632 2526 851 2579 omnino
892 2520 1311 2592 desperandum.
1346 2518 1445 2572 nisi
1492 2518 1580 2586 qui
1639 2532 1829 2587 magna
1875 2517 2105 2586 quadam

530 2619 741 2673 insania
776 2616 842 2670 de
863 2614 1061 2682 seipsis
1099 2614 1474 2682 desperarttnl.
1516 2608 1651 2663 Nam
1686 2619 1905 2678 propter
1957 2625 2107 2665 acer‘

530 2726 652 2763 vum
709 2705 1084 2775 multiplicium
1118 2712 1463 2772 peccatorum
1517 2701 1824 2770 desperare,
1882 2700 2104 2755 stultum

530 2800 750 2853 otnnioo
789 2796 973 2862 fuerit,
1016 2796 1184 2849 donec
1228 2794 1391 2847 vitam
1434 2792 1574 2849 hanc
1621 2801 1946 2861 pra‘sentem
1996 2808 2102 2845 non

532 2886 963 2957 deposuerimus.
998 2883 1130 2937 Nam
1164 2883 1300 2939 velle
1336 2884 1501 2936 Deum
1555 2881 1933 2937 misericordia
1992 2897 2107 2935 mos

534 2989 644 3033 tum
674 2976 748 3031 uti
776 2982 1044 3045 potestate
1074 2987 1168 3026 sua
1194 2987 1291 3040 pro
1323 2970 1387 3025 iis
1426 2969 1517 3039 qui
1551 2984 1675 3024 eutn
1707 2968 1987 3032 invocant,
2013 2982 2104 3021 sa-

533 3070 621 3132 tis,
646 3067 859 3135 opinor,
891 3071 1314 3119 consentaneum
1350 3068 1468 3114 est:
1507 3060 1645 3114 idem
1700 3060 1744 3114 si
1774 3060 1903 3129 quid
1929 3060 2106 3113 facere

2210 1987 2327 2040 ριον
2356 1969 2561 2039 ταύτην
2606 1968 2867 2039 βούλησιν
2924 1968 3060 2019 πᾶσι
3108 1967 3222 2027 τοῖς
3254 1962 3448 2017 αὐτὸν
3507 1960 3800 2030 έκζητοῦσι·

2208 2064 2313 2127 τίς,
2377 2064 2426 2116 εί
2460 2063 2535 2133 μὴ
2564 2062 2770 2132 σφόδρα
2803 2061 3049 2128 μαίνοιτο
3077 2058 3287 2121 δίκαιος
3323 2057 3399 2111 ἂν
3440 2055 3536 2125 εῖη
3579 2054 3791 2108 ποτὲηὶ

2209 2156 2335 2216 τους
2370 2156 2427 2208 έν
2472 2153 2619 2223 αὐτῷ
2658 2152 2735 2223 τῷ
2770 2150 2917 2222 βυθῷ
2948 2150 3057 2204 τῶν
3090 2148 3283 2201 κακῶν
3341 2147 3659 2218 κειμένους
3686 2146 3794 2197 ἀπο-

2208 2245 2521 2313 γινώσκειν,
2558 2244 2695 2314 ιλέῳ
2731 2243 2879 2314 μόνῳ
2917 2239 3283 2313 θαρροῦντας,
3331 2240 3442 2293 καὶ
3477 2240 3550 2309 τῇ
3587 2236 3797 2303 δυνάμει

2208 2339 2304 2394 τοῦ
2332 2342 2535 2410 προῖκα
2566 2338 2833 2403 σώζοντος
2852 2336 3345 2408 μεταμελομένους
3374 2351 3391 2399 ;
3419 2331 3801 2392 Ὠστόὒδένας

2209 2448 2272 2499 γε
2299 2431 2409 2487 τῶν
2434 2431 2654 2486 πάντων
2678 2428 3064 2498 ἀπογνωστέον
3092 2428 3223 2499 ἡμῖν
3250 2426 3321 2479 ἂν
3353 2426 3477 2494 εζη,
3506 2426 3556 2477 εξ
3587 2422 3663 2494 μὴ
3687 2420 3793 2481 τοὺς

2210 2525 2352 2594 σφᾶς
2383 2540 2446 2592 γε
2477 2523 2677 2585 αὐτοὺς
2706 2518 3101 2589 ἀπεγνωκότας
3132 2516 3306 2586 πολλῇ
3348 2516 3559 2587 μανίᾳ.
3584 2515 3682 2566 Διὰ
3703 2512 3796 2579 γὰρ

2211 2614 2386 2686 σωρὸν
2412 2614 2833 2684 ἁμαρτημάτων
2864 2606 3230 2664 ⁴τιταντοδιιπῶν
3266 2607 3484 2677 εὔηθες
3527 2604 3793 2659 παντάπα-

2210 2724 2295 2759 σιν
2330 2704 2672 2774 ἀπογνῶναι,
2698 2704 2803 2766 ἕως
2828 2702 2894 2758 ἂν
2931 2703 3006 2774 μὴ
3035 2702 3134 2773 τὴν
3164 2701 3476 2772 παροῦσαν
3504 2699 3649 2767 ζωὴν
3678 2700 3794 2749 ἁπο-

2209 2796 2452 2865 θὼμεθα.
2507 2794 2743 2865 Θελῆσαι
2799 2796 2900 2864 μὲν
2955 2796 3064 2864 γὰρ
3112 2792 3206 2845 τὸν
3261 2794 3412 2847 Θεὸν
3469 2792 3579 2845 ὑπὸ
3628 2789 3791 2850 ἐλέους

2208 2887 2534 2957 κινούμενον
2576 2891 2642 2958 τῇ
2678 2888 2906 2957 δυνάμει
2957 2886 3269 2957 χρήσασθαι
3301 2885 3457 2953 ὑπὲρ
3505 2883 3615 2935 τῶν
3646 2878 3790 2932 αὑτὸν

2209 2981 2655 3049 ἐπικαλουμένων
2682 2982 2939 3042 ἐπιεικῶς
2963 2981 3112 3042 εἰκός
3134 2981 3308 3045 ἑστιν,
3332 2977 3523 3048 οἶμαι·
3546 2972 3787 3039 άτοίἧσαι

2178 3058 2263 3122 ’δέ
2309 3086 2440 3122 ποτε
2503 3069 2809 3136 θελήσαντά
2862 3085 2917 3121 τι
2971 3068 3392 3139 διαπράξασθαι
3459 3065 3785 3120 παντάπασιν

536 3157 783 3221 voluerit,
804 3157 853 3208 in
880 3170 944 3209 eo
979 3151 1313 3221 perﬁciundo
1336 3150 1540 3205 viribus
1587 3160 1643 3202 ut
1673 3150 2017 3223 destituatur,
2046 3150 2101 3201 ii-

2211 3161 2494 3215 ἁδύνατον.
2542 3161 2862 3233 Οὐδὲν-ἄρα
2916 3161 3164 3213 λείπεται
3207 3162 3330 3223 τοῖς
3387 3161 3453 3212 ὲν
3503 3155 3783 3227 ἁμαρτῖαις

533 3250 611 3305 eri
646 3246 788 3302 nullo
816 3245 972 3299 modo
999 3250 1194 3312 potest.
1222 3239 1363 3294 Nihil
1390 3240 1549 3306 igitur
1584 3240 1651 3293 iis
1701 3242 1792 3305 qni
1825 3239 2029 3293 haarent
2054 3244 2106 3294 in

535 3339 798 3412 peccatis,
826 3337 889 3390 ad
927 3337 1028 3389 hoc
1059 3333 1232 3394 deest,
1262 3341 1319 3385 ut
1347 3328 1478 3386 salvi
1518 3330 1666 3395 ﬁant,
1698 3345 1859 3399 quam
1895 3340 1951 3385 nt
1984 3347 2108 3401 ger-

538 3446 755 3487 manam
774 3442 931 3499 agere
950 3424 1319 3497 pmnitentiam
1344 3424 1513 3478 velint
1539 3438 1553 3475 :
1581 3424 1782 3491 quippe
1801 3422 1889 3491 qui
1912 3421 2103 3477 Jonam

536 3541 565 3577 e
596 3530 785 3576 ventre
830 3516 1018 3571 bellum
1045 3524 1207 3582 atque
1243 3512 1349 3566 imo
1376 3510 1540 3564 maris
1568 3510 1785 3575 eripuit,
1839 3508 1978 3563 idem
2011 3508 2108 3561 hos

536 3628 750 3686 quoque
781 3611 849 3666 de
892 3616 1083 3664 ventre
1113 3605 1284 3661 hostis
1338 3614 1391 3658 et
1433 3603 1538 3657 imo
1592 3601 1903 3656 vitiositatis
1939 3600 2107 3654 fundo

534 3706 819 3761 extrahere
859 3708 1051 3771 potest.
1111 3694 1271 3765 Atqui
1329 3689 1476 3748 Jonas
1523 3692 1863 3747 conservatio
1928 3692 2110 3759 prodi-

540 3800 685 3869 gium
717 3795 988 3867 quoddam
1021 3797 1161 3854 erat,
1200 3802 1372 3859 neque
1398 3787 1710 3841 necessario
1732 3786 2107 3855 requirebatur

540 3904 596 3945 ut
638 3890 780 3943 Deus
835 3888 887 3940 id
928 3886 1168 3949 faceret;
1202 3896 1308 3935 non
1365 3881 1509 3935 enim
1558 3888 1708 3935 certe
1749 3878 2110 3946 ﬂagitabintus

538 3985 607 4038 ub
641 3997 726 4047 eo,
759 3992 1091 4050 quaecunque
1136 3982 1340 4045 potest,
1371 3972 1556 4027 eadem
1593 3982 1649 4026 ut
1702 3973 1884 4027 omnia
1925 3972 2108 4034 l'aciat,

538 4090 723 4130 verum
755 4073 829 4125 uti
855 4066 1144 4139 prostratis
1174 4080 1205 4119 a
1256 4075 1495 4135 peccato,
1527 4066 1618 4133 qui
1668 4064 1862 4117 deinde
1912 4062 2111 4131 corrigi

537 4165 722 4227 velint,
758 4176 972 4215 manum
1009 4161 1122 4228 ipse
1164 4157 1425 4226 porrigat,
1464 4157 1602 4210 haud
1655 4156 1815 4210 dubie
1864 4168 2121 4209 necessa-

538 4255 679 4307 rium
705 4261 806 4305 est.
834 4251 1197 4316 Quamobrem
1218 4248 1240 4298 ?
1262 4247 1523 4312 Quoniam
1554 4246 1817 4313 istucipse
1842 4246 2109 4298 facturum

537 4360 595 4398 se
639 4341 907 4408 promisit,
952 4341 1079 4390 dum
1116 4337 1180 4389 ad
1215 4336 1529 4402 petendum,
1566 4343 1618 4387 et
1651 4338 2023 4401 quaerendum,
2061 4343 2116 4388 et

540 4435 861 4504 pulsandum
896 4432 1141 4482 hortatur
1182 4427 1481 4480 universos.
1512 4424 1625 4478 Non
1644 4426 1782 4479 enim
1804 4436 1862 4479 ut
1895 4427 1981 4480 illa
2000 4429 2117 4496 qui-

2213 3254 2346 3324 πρὸς
2369 3253 2429 3306 τὸ
2457 3252 2720 3323 σωθῆναι,
2748 3252 2783 3321 ἢ
2814 3253 2872 3304 τὸ
2898 3251 3126 3321 θελῆσαι
3153 3252 3407 3320 γνησίως
3440 3247 3779 3319 μετανοῆσαι.

2225 3346 2285 3399 ὐ
2312 3346 2492 3398 τοίνυν
2519 3345 2614 3397 καὶ
2641 3345 2733 3397 τὸν
2765 3345 2953 3398 Ἵωνᾶν
2984 3344 3151 3415 θηρὸς
3175 3345 3429 3415 γαστρὸς
3455 3339 3779 3411 ἀναρπάσας.

2209 3440 2304 3491 καὶ
2336 3437 2630 3490 θαλαττίου
2681 3436 2871 3507 βυθοῦ,
2903 3436 3129 3489 δύναται
3171 3438 3267 3489 καὶ
3305 3435 3603 3489 τουτουσὶν
3645 3429 3781 3483 ἀνελ-

2210 3526 2376 3578 κύσαι
2400 3526 2501 3595 τῆς
2524 3543 2584 3577 τε
2608 3526 2847 3594 γαστρὸς
2870 3524 2964 3577 τοῦ
2994 3522 3212 3594 ἐχθροῦ,
3232 3525 3333 3576 καὶ
3353 3522 3455 3575 τοῦ
3478 3521 3580 3587 τῆς
3603 3516 3777 3573 κακίας

2212 3616 2398 3686 βυθοῦ.
2432 3616 2627 3669 Καίτοι
2679 3615 2738 3669 τὸ
2777 3613 2873 3667 τοῦ
2914 3615 3070 3667 Ἰωνᾶ
3115 3613 3307 3682 θαῦμα
3346 3610 3442 3685 ἦν,
3474 3612 3571 3666 καὶ
3605 3608 3695 3662 οὐκ
3718 3600 3775 3671 ἦν

2212 3709 2426 3777 ἀνάγκη
2454 3708 2614 3761 τοῦτο
2647 3707 2894 3777 ποιῆσαι.
2927 3707 3002 3759 Οὐ
3041 3706 3152 3777 γὰρ
3188 3708 3587 3776 ἀπαιτήσομεν
3613 3698 3772 3758 αὑτὸν.

2210 3802 2310 3854 ὃσα
2344 3800 2410 3870 δὴ
2453 3801 2547 3854 καὶ
2583 3799 2828 3863 δύναται,
2878 3799 3053 3852 ταῦτα
3098 3800 3277 3852 ποιεῖν
3324 3792 3571 3853 ἅπαντα.
3621 3792 3687 3845 Τὸ
3725 3788 3773 3841 δὲ

2210 3893 2323 3955 τοῖς
2352 3892 2776 3961 καταϐληθεῖσιν
2804 3890 2908 3943 ὑπὸ
2936 3890 3037 3958 τῆς
3068 3891 3380 3960 ἁμαρτίας,
3417 3890 3608 3943 ἔπειτα
3639 3881 3774 3949 θελή-

2214 4000 2372 4038 σασιν
2403 3983 2875 4053 ἐπανορθωθῆναι,
2902 3986 3061 4053 χεῖρα
3093 3983 3313 4052 ὀρέγειν
3344 3982 3529 4052 σαφὴς
3557 3978 3767 4041 ἀνάγκη.

2216 4074 2372 4140 Πῶς;
2403 4073 2530 4128 Ὀτι
2572 4073 2719 4126 τοῦτ’
2747 4073 2909 4136 αὐτὸς
2954 4074 3354 4143 ἐπηγγείλατο,
3402 4076 3464 4127 ὲν
3498 4069 3579 4134 οἷς
3621 4064 3769 4121 αἰτεῖν

2213 4168 2271 4217 τε
2300 4165 2393 4219 καὶ
2446 4165 2652 4235 ζητεῖν,
2679 4164 2772 4218 καὶ
2805 4163 3026 4235 κρούειν
3053 4166 3227 4218 ἅπασι
3258 4166 3543 4236 παραινεῖ.
3576 4160 3645 4213 Οὐ
3675 4155 3765 4221 γάρ

2212 4261 2277 4331 δὴ
2320 4260 2454 4331 πρὸς
2478 4260 2653 4315 ταῦτα
2686 4261 2784 4331 μὲν
2816 4260 3230 4329 παρακέκληκε,
3262 4261 3326 4313 τὸ
3347 4260 3406 4313 δὲ
3444 4258 3553 4312 ἀπὸ
3587 4250 3767 4305 τούτων

2214 4351 2586 4421 ἐκϐησόμενον
2638 4354 2957 4421 σεσίγηκεν,
2994 4353 3049 4403 ὲν
3088 4351 3284 4419 ἁδηλίᾳ
3320 4352 3451 4411 τοὺς
3494 4339 3764 4413 λογισμοὺς

2216 4441 2397 4508 ἀφείςσ
2434 4441 2568 4493 ἀλλὰ
2600 4442 2694 4493 καὶ
2725 4441 2883 4494 τοῦτο
2911 4443 3042 4510 ἡμῖν
3078 4441 3270 4507 ἔδειξε,
3296 4439 3562 4512 προσθεὶς
3594 4436 3654 4501 τῇ
3681 4429 3764 4499 μὲν

535 4527 655 4579 dent
708 4523 965 4575 faciamus
1018 4532 1117 4571 nos
1153 4517 1468 4570 adhortatus
1496 4524 1598 4579 est,
1629 4525 1684 4568 at
1715 4516 1840 4585 quid
1892 4517 2013 4571 inde
2042 4518 2107 4573 sit

2218 4532 2435 4601 αἰτήσει
2474 4531 2572 4600 τὴν
2604 4532 2772 4596 δόσιν,
2802 4535 2868 4603 τῇ
2900 4533 2957 4585 δὲ
3003 4532 3230 4603 ζητήσει
3280 4534 3383 4603 τὴν
3416 4531 3652 4599 εὕρεσιν,
3681 4517 3761 4570 καὶ

533 4624 848 4671 eventurum
886 4612 1070 4670 Iacuit,
1107 4607 1518 4675 cogitationibus
1546 4610 1743 4663 nostris
1779 4609 1829 4663 in
1864 4611 2115 4678 ambiguo

536 4691 759 4769 relictis,
792 4705 883 4759 sed
915 4702 1038 4757 illud
1064 4702 1237 4769 ipstnn
1272 4714 1484 4769 quoque
1517 4700 1671 4755 nobis
1700 4700 1958 4763 ostendit,
1989 4715 2112 4754 cum

535 4799 775 4871 petitioni
807 4796 991 4865 adjicit
1026 4794 1476 4862 impetrationem,
1512 4793 1811 4861 quaesitioni
1843 4793 2113 4847 inventio-

458 4906 463 4909 '
536 4907 679 4955 nem,
712 4889 961 4961 quodque
1014 4885 1159 4940 fores
1214 4884 1519 4953 aperiendae
1544 4892 1654 4937 smt
1688 4883 1756 4938 ad
1786 4883 1995 4937 illorum
2016 4884 2107 4952 qui

532 4984 747 5050 pulsant
777 4982 936 5035 ictus.
961 4981 1146 5048 itaque
1177 4976 1507 5046 promissum
1545 4976 1648 5030 hoc
1680 4977 1853 5044 gratia
1878 4985 1979 5039 est,
2014 4990 2111 5031 cu-

530 5075 620 5143 jns
649 5074 846 5127 certior
870 5071 1163 5140 persolutio
1198 5083 1359 5137 quam
1411 5069 1650 5123 omnium
1685 5069 1826 5121 inter
1866 5068 2108 5122 homines

484 5188 491 5236 ί
535 5166 863 5219 debitorum.
894 5163 1025 5216 Nam
1049 5177 1143 5216 nos
1171 5177 1301 5216 sane
1352 5163 1493 5231 quod
1518 5160 1731 5225 attinet,
1784 5160 1874 5230 qui
1927 5160 2109 5214 multis

535 5256 675 5310 δαὶχί
706 5270 890 5310 sumus
921 5255 1085 5317 vitiis,
1120 5269 1181 5308 ac
1221 5269 1324 5307 non
1389 5269 1510 5307 raro
1557 5253 1773 5321 quidem
1837 5252 2109 5321 resipisci-

536 5362 680 5412 mus,
730 5358 916 5398 verum
963 5344 1279 5413 plerumque
1316 5344 1515 5412 justam
1568 5345 1633 5397 ad
1688 5343 2104 5413 persolutionem

535 5438 699 5491 nimis
734 5436 1028 5491 imbecilles
1063 5450 1271 5497 sumus,
1317 5444 1742 5489 consentaneum
1801 5442 1905 5499 est,
1930 5446 2105 5502 neque

533 5528 788 5597 gratiam,
846 5540 1019 5595 neque
1068 5524 1309 5579 debitum
1362 5524 1587 5590 exsolvi,
1618 5525 1837 5596 quando
1904 5524 2100 5578 malum

534 5627 639 5675 hoc
698 5620 861 5674 etiam
924 5618 1152 5693 accedit.
1236 5616 1444 5687 Quippe
1518 5634 1642 5672 cum
1717 5633 2100 5687 nonnunquam

536 5712 589 5765 id
667 5720 928 5781 praestare
1006 5722 1290 5781 possemus
1341 5709 1483 5775 quod
1559 5709 1805 5777 decebat,
1886 5721 2105 5781 praesta-

536 5816 596 5858 re
626 5818 728 5857 non
758 5803 1025 5859 volumus.
1077 5801 1143 5856 At
1175 5800 1276 5855 ista
1310 5799 1486 5856 locum
1520 5799 1572 5856 in
1596 5799 1703 5857 Deo
1735 5816 1840 5857 non
1867 5804 2098 5858 habent:

2216 4618 2276 4670 τδ
2307 4618 2402 4681 τὰς
2435 4617 2607 4687 Θύρας
2632 4619 3021 4688 ἀνοιγήσεσθαι
3052 4618 3267 4688 μέλλειν
3285 4624 3401 4682 τοῖς
3422 4617 3533 4670 τῶν
3559 4610 3758 4665 κοπτόν-

2216 4727 2322 4761 των
2354 4708 2651 4778 κρούμασι.
2682 4710 2859 4777 Χάρις
2894 4710 2994 4778 μὲν
3025 4706 3120 4762 οὖν
3169 4709 3229 4763 τὸ
3256 4707 3602 4777 ἐπάγγελμα,
3638 4698 3753 4751 niv-

2214 4817 2323 4854 των
2349 4799 2403 4852 δὲ
2438 4801 2546 4853 τῶν
2579 4801 2639 4853 ὲν
2671 4800 2977 4871 ἀνθρώποις
3008 4801 3342 4870 ὀφλημάτων
3374 4789 3755 4867 amatam?“

2212 4890 2310 4959 τὴν
2344 4890 2603 4943 ἀπόδοσιν
2631 4891 2769 4960 ἔχει.
2811 4891 2925 4959 Ἐφ’
2958 4891 3113 4961 ἡμῶν
3150 4891 3246 4961 μὲν
3276 4892 3386 4961 γὰρ
3419 4888 3527 4941 τῶν
3570 4892 3750 4949 προση-

2212 4981 2471 5051 λωμένων
2504 4982 2718 5045 πολλοῖς
2756 4982 2977 5048 πάθεσι,
3018 4985 3114 5036 καὶ
3169 4978 3627 5053 μεταμελομένων
3670 4965 3752 5035 μὲν

2211 5073 2313 5124 οὐκ
2344 5072 2613 5139 ὀλιγάκις.
2644 5074 2783 5145 πρὸς
2812 5074 2867 5127 δὲ
2894 5075 3111 5128 δικαίαν
3138 5076 3343 5128 ἔκτισιν
3376 5064 3748 5127 ἀδυνατοὺντων

2212 5164 2494 5228 πολλάκις,
2522 5165 2669 5228 εἰκός
2696 5168 2808 5219 ἐστι
2836 5169 2931 5220 καὶ
2966 5168 3125 5237 χάριν
3156 5170 3250 5220 καὶ
3279 5166 3501 5235 ὄφλημα
3533 5156 3601 5226 μὴ
3631 5154 3748 5205 ἀπο⁶

2209 5255 2453 5324 δοθῆναι.
2501 5256 2655 5310 Ἐπεὶ
2684 5260 2779 5309 καὶ
2808 5258 2968 5312 τοῦτο
2999 5258 3252 5326 γίγνεται
3288 5260 3347 5311 τὸ
3374 5252 3564 5309 δεινόν.
3595 5237 3742 5297 Δυνά-

2212 5363 2365 5416 μενοι
2399 5348 2510 5418 γὰρ
2536 5348 2683 5402 ἐστιν
2715 5350 2803 5403 ὅτε
2832 5351 2890 5402 τὸ
2920 5353 3131 5421 πρέπον
3170 5349 3519 5421 ἐργάσασθαι,
3556 5338 3612 5393 οὗ
3641 5333 3745 5403 βοΨ

2207 5437 2437 5507 λόμεθα-
2475 5438 2596 5491 Ἐπὶ
2643 5438 2701 5491 δὲ
2741 5439 2877 5492 Θεοῦ
2912 5440 2979 5493 τὰ
3008 5440 3233 5496 τοιαῦτα
3276 5438 3457 5512 χώραν
3484 5430 3580 5485 οὐκ
3617 5422 3730 5489 ἔχει·

2180 5529 2383 5604 ,⁸οπου
2427 5529 2533 5600 γὰρ
2563 5530 2697 5595 Θεὸς
2733 5532 2761 5584 ὀ
2796 5532 3294 5601 ἐπαγγελλόμενος,
3333 5530 3432 5583 οὐκ
3469 5516 3585 5578 ἐσθ’
3608 5514 3733 5566 ὅπως

2204 5621 2306 5674 οὐκ
2339 5622 2634 5685 ὲκτελέσει,
2658 5623 2752 5677 καὶ
2781 5622 2858 5692 δῷ
2884 5626 3003 5686 ταῖς
3031 5624 3357 5694 ὑποσχέσεσι
3384 5615 3532 5674 τέλος
3559 5606 3726 5669 ἴσχαν’

2208 5712 2338 5767 ὥστ’
2394 5714 2570 5774 οὐδεὶς
2613 5715 2671 5768 ἐν
2703 5714 3037 5782 ἀπογνώσει,
3076 5718 3125 5769 εί
3173 5714 3249 5787 μὴ
3296 5715 3325 5767 ὁ
3365 5695 3732 5787 ἀπογινάέσκειν

2207 5804 2445 5877 νομίζων
2494 5805 2641 5870 ἄξιος
2690 5802 2852 5861 εἶναι.
2888 5806 3086 5879 Μηδεὶς
3134 5803 3227 5863 οῦν
3271 5807 3437 5861 ταῦτα
3478 5784 3730 5864 γινώσκων
