3990 6558
229 401 368 466 03

1667 377 1948 446 Ott-\TIO
1973 381 2076 448 Vt.

3394 364 3498 437 494

229 517 349 567 καὶ
405 505 721 578 σωφρονῶν,
770 503 894 575 ἐμοὶ
943 503 1284 588 πειθόμενος.
1336 497 1575 588 ἁπογνῷο
1633 498 1746 552 ἀλλ’
1785 499 1818 566 ἢ

1945 507 2044 544 tam
2071 491 2157 544 ubi
2195 490 2330 545 Deus
2353 499 2437 543 est
2465 486 2553 557 qui
2588 483 2876 556 promittit,
2906 483 3019 537 fieri
3042 498 3147 535 non
3166 491 3334 550 poteSl
3369 482 3498 548 quin

227 603 525 674 τρυφάτω
559 601 678 662 ταῖς
709 597 946 665 ἀγαθαῖς
991 581 1172 648 ἐλπίσι
1204 594 1334 659 ζῶν,
1364 594 1421 645 ὲν
1448 581 1696 660 ’ἀγαθαῖς
1740 591 1828 642 ἀεὶ

228 691 551 758 πράξεσιν,
585 689 616 758 ἦ
655 688 788 758 περὶ
824 686 923 756 τὴν
959 685 1260 753 ἑνδεκάτην
1291 683 1463 736 ἐλθὼν
1497 683 1574 758 είς
1603 681 1696 734 τὸν
1727 697 1828 732 κα-

211 755 350 836 ’λδν
407 755 740 851 ἀμπελῶνα,
789 755 1098 849 ὲκδεχέσθω
1161 777 1362 847 προῖκα
1427 755 1638 850 λαθεῖν,
1702 772 1828 847 ὅσον

230 874 482 935 δικαίως
513 873 723 925 δέδοται
750 873 860 933 τοῖς
910 869 1214 939 βαστάσασι
1245 865 1306 920 τδ
1338 865 1504 936 βάρος
1547 864 1650 947 τῆς
1696 859 1831 932 ἡμέ-

235 983 386 1036 ρας,
407 949 616 1018 καὶτὸν
642 963 908 1017 καύσονα.
929 947 1071 1028 Ἒγὼ
1106 947 1231 1022 τοὺς
1256 959 1467 1035 πάντας
1491 954 1831 1026 ὑπερελάσας

234 1059 355 1110 ἐπὶ
427 1053 644 1120 κακοῖς,
692 1055 795 1106 οὒκ
853 1040 1092 1120 ἐμαυτδν
1145 1045 1556 1118 ἀπογνώάομαι·
1605 1044 1702 1098 καὶ
1744 1043 1834 1096 διὰ

233 1149 439 1212 τοῦτο,
468 1148 578 1202 οὐδ’
605 1134 851 1198 ὁντινοῦν
875 1140 985 1196 τῶν
1011 1141 1288 1196 ἁπάντων
1315 1139 1390 1204 ὡς
1419 1133 1616 1210 ὄφελόν
1646 1153 1710 1205 γε
1737 1135 1834 1188 καὶ

171 1283 195 1300 κ
240 1241 313 1294 σὲ
351 1241 447 1292 τὸν
478 1238 801 1297 ἄπταιστον,
830 1237 918 1289 ἶνα
945 1236 1020 1305 μὴ
1052 1234 1254 1304 κρίνων
1276 1232 1402 1294 τοὺς
1430 1231 1644 1293 ἄλλους,
1676 1229 1834 1290 αὐτὸς

239 1332 484 1404 κριθῇς,
548 1331 646 1383 καλ⁵
703 1327 1083 1390 καταδικάζων
1143 1325 1524 1396 ἀπαραίτητα,
1580 1319 1712 1375 αὐτό
1769 1336 1833 1388 γε

153 1453 183 1494 -Λ
241 1412 420 1478 τοῦτο
451 1411 630 1494 πάθῃς
667 1409 770 1474 ὑπὸ
801 1409 960 1486 Θεοῦ,
998 1417 1141 1474 κατὰ
1177 1408 1270 1472 τὸν
1301 1416 1514 1472 ἐκείνου
1549 1404 1828 1492 χρησμόν.

245 1519 318 1571 Εἰ
358 1518 476 1587 γὰρ
504 1515 699 1568 ἑαυτὸν
742 1515 803 1567 οὐ
832 1505 1044 1566 δίκαιον
1077 1512 1415 1580 ἀπογνῶναι,
1447 1509 1713 1578 οὖμενουν
1743 1506 1835 1560 οὗ·

241 1609 384 1662 δένα
420 1609 532 1661 τῶν
581 1607 825 1671 πάντων,
874 1606 984 1659 οὐδ’
1028 1605 1095 1658 ἂν
1145 1605 1252 1658 {me
1303 1602 1526 1657 πάντων
1565 1601 1838 1668 ἁπογινὼά

243 1716 487 1768 σκηται·
527 1693 643 1760 πῶς
676 1695 743 1751 ἄν
774 1683 858 1758 τίς
892 1694 1116 1756 δικαίως
1147 1695 1275 1756 τοὺς
1322 1694 1536 1758 ἄλλους,
1584 1692 1724 1762 μήτε
1771 1691 1840 1743 τὰ

244 1791 490 1844 ἐκείνων
550 1781 1000 1859 πλημμελήματα
1083 1785 1332 1856 ἀκριϐῶς
1394 1783 1574 1848 είδὼς,
1638 1783 1714 1847 ὼς
1767 1785 1838 1838 τὰ

241 1886 441 1938 οἰκεῖα
472 1874 642 1941 κακὰ.
672 1881 811 1950 μήτε
835 1880 934 1947 τὴν
966 1869 1087 1933 τότε
1119 1866 1363 1932 διάθεσιν
1394 1877 1495 1946 τῆς
1527 1866 1585 1929 ιν
1613 1875 1831 1946 ἑκάστῳ

242 1978 466 2046 ψυχῆς,
504 1974 537 2043 ἢ
578 1974 788 2034 τᾶνδον,
828 1970 862 2042 ἢ
905 1972 971 2024 τὰ
1008 1963 1244 2043 θύραθεν
1275 1965 1459 2032 αὐτοῖς
1494 1967 1832 2038 ὲπισυμὸαί-

245 2084 424 2121 νοντα
475 2053 812 2134 πράγματας
861 2057 972 2118 Καὶ
1015 2061 1102 2115 διὰ
1151 2055 1326 2114 ταῦτα
1372 2049 1423 2113 δι
1471 2059 1578 2113 τῶν
1620 2059 1831 2129 ἀνδρῶν

244 2159 480 2227 ἄριστοι
512 2155 624 2208 οὔτ’
661 2146 1102 2222 ἂπογινὼσκούσι
1147 2153 1276 2214 τοὺς
1321 2153 1422 2206 οὐκ
1471 2151 1834 2221 ἀπογνόντας,

244 2249 369 2304 οὔτ’
409 2247 654 2318 εὐχερῶς
699 2243 1112 2316 κατακρίνουσιῇ
1166 2232 1338 2297 Τοῦτο
1375 2244 1484 2314 γὰρ
1512 2229 1838 2313 κεκρίκασιν

185 2351 192 2355 '
247 2342 494 2408 εῦλογον
525 2337 686 2401 εἶναι,
718 2339 856 2406 σφᾶς
888 2329 986 2408 μέν
1005 2328 1202 2399 αὐτοὺς
1215 2327 1586 2405 κατακρίνειν,
1615 2335 1840 2391 ἐπειδᾶιὸ

248 2452 363 2489 που
397 2431 498 2486 τοῦ
532 2412 900 2501 πρδσήκοντος
928 2425 1322 2497 παρεξέλθωσι,
1365 2427 1584 2500 μακρὰν
1615 2427 1837 2481 ὲλαυνου

253 2525 442 2594 μένης
476 2512 647 2575 ἅπασι
678 2505 898 2590 τρόποις
927 2515 1026 2581 τῆς
1058 2519 1182 2572 καθ’
1213 2521 1244 2589 ή
1256 2519 1370 2588 μῶν
1399 2519 1682 2590 λυττώσης
1708 2519 1840 2573 ἁπο-

247 2616 556 2684 γνὼσεως’
586 2611 710 2674 τοὺς
745 2612 800 2664 δὲ
832 2611 1052 2683 ἑτέρους
1084 2609 1294 2682 κρίνειν
1326 2610 1422 2682 ὲᾲν
1455 2611 1546 2664 τὸν
1563 2609 1839 2682 Δημιουρ-

251 2704 389 2771 γδν,
424 2697 470 2770 ᾧ
526 2703 694 2771 μηδὲν
729 2701 830 2771 τῆς
856 2703 1088 2765 κτίσεως
1135 2697 1362 2756 ἄϐατον.
1413 2703 1686 2770 Κρίτικὸς
1732 2705 1839 2774 γὰρ

251 2787 667 2865 ἐνθυμήσεων
719 2788 818 2848 καί
871 2785 1126 2848 ἐννοιῶν
1176 2785 1446 2863 καρδίας,
1494 2797 1522 2847 ό
1570 2796 1844 2867 μακάριος

253 2889 371 2958 ἔφη
425 2885 659 2948 Παῦλος.
688 2885 783 2954 Μὴ
820 2886 1072 2952 κρίνετε,
1105 2887 1270 2956 φησιν
1316 2887 1344 2938 ό
1388 2886 1602 2955 Σωτὴρ,
1634 2887 1732 2941 καὶ
1767 2878 1839 2942 οὔ

253 2980 349 3049 μὴ
390 2971 654 3047 κριθῆτε.
682 2977 778 3045 Μὴ
811 2970 1244 3044 καταδικάζετε,
1274 2978 1375 3032 καί
1423 2981 1496 3033 οὐ
1519 2978 1606 3048 μὴ
1651 2995 1844 3034 κατα·
1891 3017 1902 3024 -

260 3066 629 3139 δικωθῆτέ.
676 3065 896 3123 Τούτων
942 3062 1123 3124 τοίνυν
1168 3071 1278 3123 τῶν
1309 3070 1503 3138 φωνῶν
1547 3072 1846 3136 διαπαντὸς

266 3180 340 3232 με
350 3180 461 3232 μνη
472 3162 642 3231 μένοι,
661 3161 768 3214 οὐδ’
785 3161 1024 3214 ὁντινοῦν
1043 3150 1492 3230 κατακρίνουσιν,
1511 3162 1631 3216 οὐδὲ
1658 3163 1851 3232 μισοῦ-

269 3264 386 3309 σιν.
417 3253 636 3320 ’Ᾱπαγε
667 3252 680 3306 l
717 3252 836 3305 οὐδὲ
888 3253 997 3323 γὰρ
1047 3251 1298 3305 τοσοῦτον
1336 3251 1502 3322 όμόσε
1531 3248 1842 3326 χωρήσουσι

271 3346 420 3400 κατὰ
455 3345 554 3414 τῆς
590 3344 778 3414 κοινῆς
805 3341 1046 3412 φύσεως,
1084 3343 1189 3397 κᾶν
1223 3343 1251 3398 ὅ
1278 3360 1332 3397 τι
1363 3344 1513 3415 πάθῃ
1540 3345 1629 3399 διὰ
1653 3345 1847 3418 προαί-

274 3453 454 3508 ρεσιν·
484 3436 621 3489 ἀλλά
649 3435 749 3504 τὴν
778 3437 876 3505 μὲν
911 3434 1216 3506 μοχθηρίαν
1240 3436 1606 3507 βδελύξονται,
1637 3440 1764 3503 τοὺς
1789 3440 1846 3494 δὲ

275 3527 700 3598 ἁμαρτάνοντας
763 3521 1149 3597 δακρύσουσιν·
1213 3527 1242 3580 ὃ
1309 3517 1487 3582 ποιεῖν
1539 3527 1844 3601 εἰώθαμεν,

279 3622 481 3692 μέλους
511 3622 643 3688 ἡμῖν
689 3616 1002 3688 σηπομένου
1030 3621 1252 3690 πονήρῳ
1285 3620 1457 3688 ἕλκει,
1568 3622 1731 3692 ἡνίκα
1762 3625 1849 3686 τις

279 3713 428 3766 νοσεῖ
453 3711 564 3764 τῶν
597 3711 835 3781 μάλιστα
869 3709 1116 3779 συνήθων
1159 3703 1256 3766 καὶ
1296 3712 1598 3780 συγγενῶν.
1633 3713 1847 3776 Είδότες

278 3799 331 3857 δὲ
359 3804 458 3857 καὶ
501 3803 595 3856 τὸν
633 3803 864 3874 Χριστὸν
888 3802 1026 3874 ὑπὲρ
1061 3804 1169 3856 τῶν
1221 3805 1658 3874 σταύρωσόωτων
1685 3807 1848 3870 εύξὰ-

282 3911 469 3964 μενον,
496 3895 589 3947 καὶ
613 3893 704 3947 διὰ
733 3893 951 3948 πάντων
980 3887 1246 3962 ἐνάγοντα
1280 3894 1416 3964 πρὸς
1446 3896 1735 3964 μετάνοιαν
1759 3898 1850 3951 τὸν

280 3986 486 4056 ὀλίγοις
528 3987 814 4060 ἀργυρίοις
861 3989 1024 4042 αὐτὸν
1063 3981 1410 4058 πεπρακότα,
1441 3981 1534 4043 τὸν
1582 3987 1853 4061 προδεδω-

279 4077 440 4142 κότα,
474 4077 567 4130 τὸν
629 4077 894 4147 φιλήματι
947 4077 1395 4149 παραδεδωκότα,
1429 4081 1540 4146 τὸν,
1582 4083 1684 4136 κᾶν
1730 4081 1758 4136 ὃ
1798 4097 1850 4137 τι

195 4211 197 4213 ,
278 4169 529 4237 γένηται,
561 4168 926 4236 διαμενοῦντα
960 4168 1152 4222 κακόνο
1205 4169 1378 4223 ταῦτα
1404 4170 1468 4242 δὴ
1525 4172 1620 4225 καὶ
1651 4171 1718 4226 τὰ
1744 4190 1851 4227 τοι·

278 4260 426 4314 αὔτα
479 4259 586 4327 πρὸ
641 4258 937 4328 ὀφθαλμῶν
988 4259 1227 4331 ἔχοντες,
1283 4261 1378 4316 καὶ
1430 4261 1683 4332 κήδονται
1741 4265 1850 4320 τῶν

277 4354 708 4425 ἡμαρτηκότων,
733 4357 832 4408 καὶ
855 4357 1157 4426 πειρῶνται
1182 4356 1510 4428 θεραπεύειν
1537 4358 1596 4412 τὸ
1623 4358 1849 4424 λυποῦν,

279 4448 378 4502 καὶ
407 4447 673 4515 γίνονται,
699 4447 796 4499 καὶ
839 4447 1174 4516 πράττουσιν
1207 4447 1421 4502 ἅπαντα
1458 4450 1592 4519 πρὸς
1625 4450 1722 4519 τὴν
1752 4449 1849 4503 τοῦ

279 4537 458 4594 κακοῦ
481 4537 658 4605 λύσιν,
692 4540 785 4592 καὶ
812 4540 1100 4610 χαίρουσιν
1143 4540 1419 4602 ἀνύοντες,
1453 4542 1562 4594 καὶ,
1593 4542 1852 4595 ἀνιῶνται

279 4631 456 4702 μηδὲν
485 4632 863 4701 περαίνοντες·
897 4618 1142 4694 εἰκότως.
1177 4633 1238 4686 Ei
1270 4635 1377 4703 γὰρ
1413 4633 1550 4702 μετὰ
1594 4635 1693 4704 τὴν
1726 4637 1854 4688 πολ-

276 4725 379 4793 λὴν
409 4723 759 4792 ἐπιμέλειαν,
786 4723 878 4776 καί
901 4723 1253 4794 τάλεξιτήρια
1281 4721 1573 4797 φάρμακά,
1597 4727 1658 4778 τδ
1683 4727 1854 4781 διενοέ

277 4811 444 4883 χλοῦν
483 4815 674 4883 χωρεῖ,
699 4814 817 4876 δέος
845 4815 994 4866 ἐστὶν
1023 4814 1080 4866 ού
1120 4813 1337 4884 μικρὸν,
1369 4813 1446 4884 μὴ
1477 4814 1853 4884 ύπερνικῆσαν

279 4906 361 4974 τῷ
383 4905 588 4976 χρόνῳ,
618 4905 698 4967 εἰς
725 4907 851 4968 τοὺς
881 4906 980 4972 τῆς
1010 4904 1372 4973 ἀπογνώσεως
1401 4905 1602 4975 βυθοὺς
1624 4909 1721 4972 τὰς
1747 4911 1856 4962 τῶν

283 4995 610 5050 ἑαλωκότων
653 4995 828 5066 ψυχὰς
857 4995 1226 5067 παραπέμψῃ,
1260 4997 1395 5067 πρὸς
1431 4996 1525 5062 οὓς
1561 4999 1733 5064 οὐδείς
1767 5003 1855 5054 πω

284 5087 563 5143 κατελθὼν
586 5089 884 5155 ἐπανῆκεν.
909 5085 1098 5148 Οὕτως
1132 5088 1182 5139 oi
1209 5087 1504 5157 ἀκίϐδηλον
1531 5089 1629 5158 τὴν
1652 5089 1854 5160 ἀρετὴν

284 5175 641 5245 κεκτημένοι.
685 5173 830 5227 Ἀλλ’
860 5171 942 5236 οἷς
967 5190 1031 5241 γε
1057 5173 1262 5245 ταύτης
1295 5176 1519 5245 μέτεστι
1553 5176 1675 5246 μὲν,
1702 5194 1853 5230 νενο-

286 5266 564 5335 θευμὲνης
593 5263 641 5316 δ’
663 5260 756 5319 οῦν
788 5265 960 5332 ὅμως,
989 5263 1118 5326 τοὺς
1145 5265 1202 5316 ὲν
1227 5265 1528 5335 ἁμαρτίαις
1552 5267 1854 5336 κατειλημο

289 5359 490 5427 μένους
511 5356 608 5425 οὐχ
628 5355 704 5419 ὡς
729 5355 1012 5426 σχετλῐους
1035 5355 1386 5426 δακρύουσιν,
1409 5357 1518 5410 οὐδ’
1537 5357 1613 5419 ὠς
1637 5359 1855 5410 νοσοῦσι

284 5447 499 5507 τούτοις
523 5440 846 5512 ἀμύνουσιν,
867 5443 989 5497 οὐδὲ
1021 5443 1421 5513 παρερχόμενοι
1447 5443 1516 5496 τὰ
1543 5445 1856 5497 συνοίσοντα

287 5536 628 5599 διδάσκουσι,
680 5536 776 5588 καὶ
826 5534 1275 5607 περινοστοῦντες
1323 5533 1580 5603 ζητοῦσιν
1631 5535 1856 5588 ὁθενοῦν

295 5624 551 5698 βοήθειαν
597 5625 811 5688 τούτοις
859 5627 1198 5696 είσαγαγεῖνο
1248 5625 1366 5680 ἀλλ’
1407 5625 1482 5690 ὠς
1535 5625 1774 5697 ὲκραγέν
1801 5642 1853 5680 τι

371 5808 389 5840 ⁸
419 5805 616 5862 Matth.
648 5821 700 5872 ν,
731 5808 779 5862 Ι.

1938 583 2076 637 idem
2112 583 2352 651 perliciat
2370 583 2424 636 et
2447 581 2510 633 ad
2533 581 2692 634 linem
2715 578 2977 646 protuissa
3003 576 3290 641 perducat.
3311 575 3498 642 Itaque

1936 677 2002 730 de
2027 677 2240 730 nemine
2271 662 2689 745 desperandum,
2721 671 2827 727 nisi
2854 686 2912 726 se
2937 671 3157 740 dignum
3211 661 3503 723 arbitretur

1937 768 2001 821 de
2031 781 2138 835 quo
2171 761 2492 835 desperetur
2525 778 2735 834 ;eaque
2777 764 3015 816 decausa
3041 757 3331 828 nemo,qui
3354 759 3505 810 novit

1937 859 2051 913 hac
2062 859 2116 913 et
2136 860 2296 926 sapit,
2317 857 2444 911 mihi
2467 857 2509 911 si
2527 869 2716 926 parere
2739 851 2886 920 Velit,
2904 854 3176 920 desperet,
3195 848 3287 906 sed
3309 851 3389 904 vel
3409 850 3506 904 bo-

1939 960 2002 1003 na
2027 964 2120 1018 spe
2139 949 2315 1002 fretus
2341 947 2557 1017 gestiat,
2576 947 2736 1001 bonis
2760 945 2814 999 in
2835 944 3092 1014 operibus
3106 939 3272 998 vitam
3295 956 3510 1010 semper

1937 1043 2182 1112 exigens,
2202 1041 2286 1094 vel
2309 1039 2651 1111 injegregiam
2668 1037 2814 1093 illam
2837 1035 3050 1092 vineam
3074 1035 3298 1090 veniens
3313 1035 3382 1088 ad
3405 1051 3509 1086 ιιιι-

1937 1127 2199 1189 decimam
2231 1135 2440 1198 horam,
2470 1131 2638 1201 gratis
2687 1137 2964 1200 exspectet
2979 1129 3228 1196 accipere
3249 1139 3508 1196 quantum

1933 1227 2056 1296 jure
2076 1227 2256 1279 datum
2278 1233 2360 1278 est
2383 1225 2453 1280 iis
2492 1224 2584 1293 qui
2609 1233 2662 1278 et
2678 1238 2815 1294 onus
2840 1230 2894 1278 et
2915 1229 3106 1277 aestum
3125 1221 3227 1274 diei
3253 1221 3510 1274 tulerunt.

1941 1317 2052 1386 Ego
2097 1319 2188 1386 qui
2225 1316 2372 1371 vitiis
2422 1328 2612 1370 omnes
2647 1325 2994 1381 antegressus
3025 1316 3171 1376 sum,
3207 1315 3272 1368 de
3297 1312 3512 1381 meipse

1941 1393 2050 1460 non
2071 1393 2376 1476 desperabo
2408 1416 2424 1472 ς
2457 1415 2510 1460 et
2537 1401 2786 1461 eamdem
2807 1404 2875 1458 ob
2897 1419 3140 1470 causam,
3166 1420 3264 1460 nec
3283 1406 3344 1459 de
3373 1422 3511 1474 quo-

1941 1491 2102 1566 qtiam
2135 1498 2400 1553 omnium.
2432 1492 2588 1564 Quod
2615 1499 2818 1552 utinam
2847 1509 2900 1551 tu
2930 1496 3182 1566 "quoque,
3207 1498 3297 1568 qui
3330 1499 3515 1567 lapsus

1941 1607 2003 1646 es
2029 1606 2248 1660 expers,
2281 1589 2470 1656 facias,
2501 1589 2568 1645 ite
2591 1586 2845 1659 judicans
2867 1589 3024 1657 alios,
3067 1592 3183 1660 ipse
3217 1591 3509 1660 iudiceris,

1941 1691 1998 1738 et
2023 1681 2438 1736 inexorabiliter
2479 1683 2764 1746 damnans,
2830 1680 2975 1751 quod
3030 1691 3115 1737 est
3164 1683 3218 1738 in
3267 1685 3506 1749 oraculo,

1949 1774 2132 1829 itidem
2161 1791 2190 1830 a
2212 1775 2322 1828 Deo
2347 1776 2644 1832 damneris.
2675 1769 2811 1830 Nam
2831 1781 2874 1831 si
2899 1774 2966 1831 de
2983 1774 3168 1846 seipt'm
3189 1790 3514 1850 quemquam

1949 1860 2236 1938 desperare
2268 1867 2406 1924 haud
2436 1863 2650 1939 par-est,
2681 1885 2780 1926 nec
2813 1866 2977 1926 etiam
3000 1870 3068 1926 de
3097 1877 3368 1940 quaquam
3401 1887 3519 1928 om-

1945 1961 2097 2024 uiuo,
2131 1977 2234 2015 non
2260 1961 2303 2015 si
2325 1954 2558 2016 maxime
2578 1962 2648 2017 de
2681 1977 2746 2017 eo
2772 1953 3062 2032 desperent
3093 1965 3355 2029 universi,
3377 1982 3516 2037 quo-

1947 2067 2070 2106 nam
2094 2047 2250 2120 pacto
2267 2054 2332 2106 de
2345 2051 2596 2120 aliisjure
2613 2045 2736 2122 quis
2763 2042 3394 2126 desperaverit,quorum
3417 2073 3520 2113 nec

1945 2151 2196 2212 accurate
2214 2142 2406 2198 delicta
2424 2145 2503 2198 sic
2526 2141 2699 2212 novit,
2725 2158 2782 2201 ιιι
2813 2138 2956 2200 mala
2988 2137 3230 2219 propria,
3265 2165 3365 2205 nec
3399 2149 3517 2220 ejus

1947 2237 2208 2304 temporis
2243 2221 2409 2291 animi
2448 2236 2786 2293 affectionem
2816 2231 2868 2294 in
2893 2240 3160 2310 quolibet,
3187 2252 3281 2297 aut
3311 2259 3400 2301 res
3429 2242 3517 2300 vel

1948 2323 2567 2385 intusvelextritisecus
2600 2330 2680 2385 eis
2703 2319 3010 2388 accidentes
3057 2333 3082 2387 2
3138 2335 3368 2405 ideoque
3415 2329 3520 2395 viri

1951 2417 2383 2486 praeStantissimi
2410 2433 2508 2474 nec
2540 2421 2830 2490 desperant
2863 2420 2929 2478 de
2957 2414 3027 2478 iis
3058 2424 3147 2492 qui
3181 2440 3284 2480 non
3327 2427 3518 2497 despc-

1947 2519 2159 2572 rarunt,
2190 2524 2288 2565 nec
2317 2506 2475 2565 facile
2531 2511 2901 2568 condemnant
2942 2498 2960 2568 ἐ
2995 2529 3117 2569 nam
3155 2515 3257 2571 ho‘c
3318 2508 3517 2574 rationi

1949 2609 2376 2656 consentaneum
2415 2593 2537 2658 esSe
2585 2602 2860 2673 judicant,
2916 2597 3127 2677 seipsos
3165 2596 3385 2678 quidem
3442 2614 3520 2669 uti

1951 2681 2232 2759 damnent,
2290 2694 2463 2749 sicubi
2517 2703 2714 2764 praeter
2765 2693 2999 2754 oﬂicium
3060 2695 3311 2768 fecerint,
3366 2678 3523 2776 longe

1953 2788 2167 2844 interim
2195 2798 2400 2845 remota
2430 2791 2604 2847 modis
2637 2780 2889 2850 omnibus
2922 2793 3135 2854 furente
3185 2793 3376 2859 contra
3418 2817 3522 2859 nos

1955 2881 2358 2951 desperatione,
2401 2891 2458 2937 at
2491 2895 2618 2938 vero
2673 2879 2937 2950 judicium
2965 2881 3031 2942 de
3060 2873 3181 2944 aliis
3233 2901 3290 2947 ut
3339 2894 3519 2964 opiﬁci

1867 1812 1915 1898 ἑ

1955 3063 2316 3135 incognitum,
2352 3064 2549 3138 quippe
2579 3056 2892 3124 facultatem
2948 3064 3226 3140 judicandi
3259 3075 3326 3131 de
3376 3079 3524 3147 cogi-

1876 3156 1920 3230 c
1955 3155 2252 3238 tationibus
2283 3167 2340 3212 et
2377 3158 2656 3228 cunceptis
2687 3162 2871 3217 cordis
2893 3154 3083 3238 habet,
3123 3174 3182 3220 ut
3209 3167 3398 3223 beatus
3429 3170 3523 3226 ille

1949 3236 2150 3301 Paulus
2177 3247 2370 3316 inquit.
2395 3243 2518 3302 Non
2550 3238 2810 3318 iudicate,
2866 3255 2944 3309 ait
2993 3236 3266 3322 Salvator,
3317 3270 3367 3314 et
3422 3238 3540 3316 non.

1937 3329 2312 3406 judicabimini
2340 3338 2378 3392 ⁸.
2399 3335 2750 3411 Quaprdpler
2779 3334 2970 3399 horum
3009 3331 3274 3403 dictorum
3307 3364 3526 3422 semper

1949 3435 2237 3494 memores,
2266 3429 2534 3484 neminem
2579 3431 2963 3500 condemnant,
3001 3435 3100 3492 nec
3151 3427 3278 3496 odio
3333 3459 3525 3512 prose-

1947 3529 2209 3589 quuntur.
2246 3520 2401 3576 Absit
2422 3531 2481 3576 ut
2506 3520 2608 3578 hoc
2639 3523 2860 3579 faciant.
2897 3525 3012 3582 Non
3038 3529 3181 3584 enim
3243 3541 3525 3603 tant0pere

1949 3615 2135 3662 contra
2164 3617 2412 3662 naturam
2435 3603 2782 3666 communem
2810 3609 2963 3682 quaSi
2993 3615 3128 3683 pede
3178 3617 3377 3674 collato
3429 3637 3527 3687 pu-

1949 3703 2209 3769 gnabunt,
2260 3701 2385 3756 licet
2409 3703 2458 3756 ei
2516 3697 2735 3772 quidvis
2772 3706 2975 3760 accidit
3007 3721 3070 3762 ex
3127 3709 3298 3778 ipsius
3357 3713 3522 3766 animi

1952 3791 2246 3858 proposito,
2272 3794 2367 3847 sed
2387 3792 2578 3847 vitium
2598 3793 2814 3861 quidem
2839 3797 3016 3866 ipsum
3040 3797 3522 3871 abominabuntur,

1950 3885 2238 3952 peceantes
2272 3898 2402 3939 vero
2445 3882 2763 3941 deflebunt:
2819 3889 2977 3956 quale
3036 3889 3292 3961 quiddam
3342 3890 3526 3953 facere

1950 3975 2358 4040 consuevimus,
2393 3991 2513 4032 cum
2548 3978 2733 4034 ulcere
2772 3980 2913 4035 malo
2950 3985 3250 4039 membrum
3300 3985 3519 4060 aliquod

1909 4110 1918 4116 .
1950 4077 2197 4120 nosuum
2227 4069 2512 4136 putrescit,
2542 4067 2625 4124 vel
2654 4073 2777 4138 quis
2810 4072 3046 4128 maxime
3092 4073 3375 4132 familiaris
3433 4085 3527 4139 aut

1951 4159 2283 4229 propinquus
2311 4169 2558 4231 aegrotat.
2600 4159 2762 4215 Iidem
2786 4177 2916 4217 cum
2941 4165 3123 4218 norint
3153 4159 3433 4230 Christum
3465 4188 3494 4224 e
3514 4200 3528 4214 ς

1955 4251 2082 4303 tiam
2103 4264 2202 4320 pro
2219 4250 2282 4305 iis
2301 4253 2672 4318 deprecatum,
2694 4254 2782 4317 qui
2810 4253 2935 4309 eum
2956 4253 3010 4308 in
3035 4271 3252 4315 crucem
3273 4272 3527 4329 egerunt,

1950 4347 2004 4394 et
2041 4341 2292 4395 omnibus
2322 4335 2472 4395 illurn
2523 4341 2700 4398 modis
2732 4341 2800 4396 ad
2831 4344 3264 4414 resipiscendum
3292 4351 3530 4407 imitans

1955 4443 2085 4498 tem,
2115 4433 2203 4501 qui
2226 4432 2412 4500 paucis
2435 4431 2612 4502 ipsum
2638 4435 2873 4491 nummis
2894 4439 3166 4507 argenteis
3187 4439 3527 4512 vendiderat,

1884 4517 1928 4575 ι)
1957 4522 2050 4592 qui
2091 4524 2426 4592 prodiderat,
2485 4525 2576 4593 qui
2628 4525 2816 4580 osculo
2858 4529 3177 4596 tradiderat,
3235 4535 3325 4603 qui
3368 4530 3527 4590 deni-

1952 4628 2078 4684 que,
2097 4615 2358 4689 quidquid
2380 4616 2596 4670 tandem
2619 4615 2790 4683 fieret,
2815 4620 2988 4673 malus
3013 4627 3190 4674 tamen
3211 4637 3531 4690 permansu-

1956 4721 2047 4762 rus
2077 4715 2195 4759 erat
2229 4722 2242 4758 :
2277 4705 2390 4760 hme
2424 4705 2609 4773 igitur,
2632 4706 3012 4776 etltujusntodi
3035 4717 3162 4767 cum
3193 4719 3319 4769 ante
3348 4716 3531 4770 oculos

1955 4801 2208 4864 habeant,
2244 4809 2297 4853 et
2329 4793 2546 4852 solliciti
2593 4804 2722 4853 sunt
2749 4797 2814 4852 de
2845 4798 2910 4855 iis
2941 4801 3032 4872 qui
3081 4801 3441 4872 deliquerunt,
3477 4815 3531 4861 et

1955 4890 2324 4960 aegritudinem
2372 4891 2565 4945 sanare
2616 4889 2905 4957 Conantur,
2958 4891 3247 4962 omniaque
3298 4895 3433 4950 fiunt
3475 4909 3531 4954 et

1958 4978 2269 5050 aguntmali
2321 4977 2529 5032 levandi
2560 4991 2748 5044 causa,
2796 4984 2957 5046 atque
2980 4979 3056 5038 uti
3099 4991 3157 5033 re
3203 4983 3530 5044 succedente

1958 5072 2213 5140 gaudent,
2237 5070 2308 5125 ita
2335 5069 2379 5123 si
2400 5066 2531 5123 nihil
2555 5068 2857 5137 perficiant,
2876 5067 3078 5123 dolent.
3099 5069 3172 5123 Ac
3198 5071 3388 5126 merito
3413 5077 3532 5143 qui-

1958 5163 2116 5218 dem:
2145 5176 2266 5216 nam
2287 5160 2329 5215 si
2361 5169 2482 5231 post
2507 5160 2801 5214 adhibitam
2834 5173 3017 5213 curam
3053 5161 3361 5216 diuturnam
3378 5164 3527 5218 salu-

1959 5255 2184 5324 briaque
2210 5253 2467 5319 remedia,
2502 5252 2700 5306 malum
2731 5251 2958 5306 ulterius
2979 5261 3184 5321 serpat,
3210 5267 3316 5308 non
3337 5269 3526 5323 parum

1962 5349 2248 5402 verendum
2265 5355 2370 5410 est,
2390 5358 2457 5398 ne
2475 5357 2596 5398 cum
2622 5345 2874 5412 paulatim
2893 5343 3254 5413 praevaluerit,
3271 5345 3322 5399 in
3342 5346 3530 5414 despe-

1963 5439 2191 5496 rationis
2222 5437 2455 5491 vortices
2481 5445 2860 5505 correptorum
2897 5437 3107 5491 animos
3150 5437 3423 5503 deturbet,
3468 5437 3527 5493 in

1960 5545 2097 5600 quos
2127 5527 2493 5599 praecipitatus
2531 5540 2690 5580 nemo
2743 5535 2981 5595 unquam
3036 5528 3282 5584 emersit.
3338 5526 3412 5583 Ita
3463 5543 3524 5584 se

1960 5629 2154 5694 gerunt
2193 5618 2270 5675 illi
2297 5618 2388 5688 qui
2418 5633 2732 5692 germanam
2766 5621 3095 5690 minimeque
3121 5622 3362 5677 vitiatam
3416 5619 3530 5676 viro

1953 2987 2133 3030 rerum
2181 2977 2518 3045 permittant,
2569 2974 2658 3031 cui
2695 2969 2828 3038 nihil
2865 2968 2916 3038 in
2976 2968 3137 3036 rebus
3191 2987 3391 3041 creatis
3439 2995 3524 3041 est
3605 3010 3615 3019 -
