3990 6554
537 423 648 483 495

1697 431 1850 488 ΜΛΝ
1867 431 1912 489 U
1927 430 2091 488 ΕΗΒ
2137 429 2554 490 ΡΑΙ..ῈΟΙ.ΟΕ

3695 444 3784 505 4οἠ

537 541 710 586 tutem
747 534 1029 600 possident
1085 555 1099 591 :
1132 547 1188 591 at
1225 552 1315 607 qui
1359 537 1652 606 participes
1682 541 1900 610 quidem
1963 541 2077 594 illiu

2216 541 2375 607 μέλος
2429 541 2523 592 τοῦ
2579 543 2702 595 ὅλου
2747 543 3021 614 σώματος,
3077 551 3171 601 καὶ
3224 553 3448 620 νεκρὸν,
3490 554 3589 606 καὶ
3633 557 3784 610 ἕωλοι

534 632 684 688 sunt,
731 624 828 679 sed
877 626 1194 682 adulterata:
1223 639 1616 700 corruptaeque,
1659 631 2022 700 deprehensos
2058 633 2112 685 in

534 712 774 780 peccatis
804 727 908 766 non
945 716 1246 770 utiniseros
1291 717 1509 780 deﬂent,
1569 733 1666 772 nec
1703 729 1758 771 ut
1788 720 1944 788 aegris
1974 721 2104 774 sub—

534 804 779 869 veniunt,
837 820 936 860 nec
970 799 1360 873 praetereuntes
1410 809 1692 877 profutura
1750 811 1964 873 docent,
2016 821 2107 863 aut

2218 634 2606 702 γεγενημένον,
2645 637 3052 707 ἀπαγορεύουσί
3106 657 3164 695 τε
3217 644 3312 696 καὶ
3352 646 3784 715 ἀπορρίπτουσι,

2213 728 2518 794 σπάραγμα
2552 730 2678 780 κυσί
2699 745 2757 781 τε
2792 732 2886 783 καὶ
2919 732 3164 802 κόραξΝ
3203 736 3236 806 ἧ
3267 738 3328 789 τό
3356 755 3424 805 γε
3455 740 3784 811 οἰκειότερον

2209 816 2400 884 φάναι,
2434 817 2634 890 βρῶμα
2670 822 2945 893 δαίμοσινο

532 895 862 968 obvagantes
885 913 1039 968 opem
1077 901 1433 972 undecunque
1455 903 1803 971 conquirunt,
1838 920 1998 974 quam
2021 906 2102 961 eis
2155 905 2355 977 ferant,
2417 914 2511 967 sed
2575 915 2743 970 veluti
2777 917 3086 973 membrum
3173 921 3449 991 quoddam
3483 938 3516 977 a
3575 938 3788 992 corpore

533 1002 651 1047 toto
720 997 986 1061 avulsum,
1043 1008 1096 1051 et
1153 1006 1460 1052 emortuum
1525 1001 1935 1068 marcidnmque
1990 1001 2102 1070 jam
2124 1000 2346 1068 factum,
2389 1007 2645 1064 abdicant
2714 1020 2877 1080 atque
2931 1010 3205 1082 rejiciunt,
3248 1014 3487 1072 canibus
3541 1027 3600 1072 et
3621 1020 3788 1072 corvis

532 1086 960 1154 dilacerandum,
991 1090 1074 1142 vel
1112 1089 1185 1141 uti
1224 1091 1394 1160 magis
1426 1091 1643 1160 proprie
1701 1090 1914 1160 loquar,
1947 1093 2107 1147 malis
2137 1097 2310 1163 geniis
2349 1099 2740 1156 devorandum.
2768 1102 2930 1161 Poeta
2961 1106 3178 1175 quidem
3205 1107 3434 1172 diceret,

756 1243 770 1256 .
832 1202 1220 1277 Ipsos_autem
1273 1208 1595 1275 canibusque
1644 1209 1957 1277 avibusque.

742 1275 940 1327 cunctis
968 1275 1154 1326 obtulit
1187 1279 1238 1327 in
1268 1278 1529 1343 prmdam.

2310 1231 2334 1276 ἀ
2380 1256 2392 1269 .
2424 1254 2455 1292 _.
2512 1217 2742 1292 Αῄτοὺς
2772 1219 2845 1292 δέ
2876 1220 3094 1290 ἑλώρια
3131 1222 3309 1292 τεῦχε
3346 1223 3686 1289 κύνεσσιν,

2384 1287 2651 1342 οἰωνοῖσι
2676 1305 2740 1342 τε
2767 1287 3038 1347 πᾶσινξ.
3085 1331 3101 1346 .
3143 1333 3159 1349 .
3202 1332 3219 1348 .

606 1366 677 1416 At
734 1379 871 1431 quos
909 1364 1180 1428 homines,
1231 1367 1508 1421 obsecro?
1549 1383 1777 1435 quorum
1815 1369 1895 1422 vel
1937 1369 2075 1423 hosti

2207 1372 2362 1428 εἶπεν
2411 1377 2476 1431 ἂν
2529 1379 2558 1430 ό
2607 1382 2857 1450 ποιητής.
2911 1383 3024 1436 Καὶ
3066 1383 3260 1448 ταῦτα⁹
3309 1385 3502 1453 τίνας;
3556 1383 3654 1450 οῦς
3697 1386 3785 1440 κᾶν

535 1457 787 1508 misertus
819 1454 1002 1518 luerit,
1060 1455 1317 1524 humique
1361 1455 1668 1523 jacentibus
1698 1473 1916 1511 manum
1974 1474 2102 1528 por-

532 1544 761 1598 rexerit.
822 1545 938 1599 lmo
995 1557 1239 1601 mortuos
1290 1547 1450 1600 etiam
1505 1547 1753 1604 humiues
1798 1551 2100 1603 honoribus

526 1632 746 1687 afﬁcere
772 1635 1178 1699 consuevimus,
1213 1645 1266 1688 et
1307 1637 1475 1688 multa
1510 1637 1754 1705 eisjusta
1789 1639 2097 1692 necessario

525 1725 888 1796 persolvimus
917 1743 932 1779 :
969 1727 1035 1779 ab
1069 1727 1271 1780 eisdem
1304 1728 1611 1781 membrum
1665 1744 1878 1798 quoque
1922 1731 2102 1784 abeis-

524 1834 667 1882 sum,
693 1834 754 1871 ac
792 1833 1118 1888 quocunque
1157 1819 1315 1872 modo
1350 1831 1642 1884 mortuum,
1706 1835 2079 1889 nonnunquam

2201 1805 2391 1906 δήτινα
2439 1805 2663 1910 τρόπον,
2707 1805 2807 1895 καῖι
2845 1805 3059 1910 sitatis,

524 1913 593 1967 ab
625 1913 731 1968 illis
755 1913 889 1982 ipsis
921 1912 1010 1981 qui
1049 1921 1425 1977 resecuerunt,
1459 1921 1513 1965 et
1534 1912 2089 1980 commiseratiouem,

522 2015 578 2060 et
633 2006 971 2075 sepulturam
1032 2005 1420 2074 consequitur:
1487 2017 1714 2072 quarum
1755 2021 1886 2060 sane
1919 2006 2091 2074 legum

526 2097 835 2151 meminisse
860 2095 1028 2150 multo
1060 2097 1230 2166 magis
1259 2095 1545 2165 oportebat
1576 2099 1627 2150 in
1664 2096 1727 2151 iis
1759 2099 1847 2166 qui
1879 2108 1932 2152 et
1987 2099 2091 2152 viti

522 2199 644 2242 sunt
672 2198 728 2243 et
756 2191 905 2258 aegri,
947 2205 1105 2257 quam
1162 2190 1216 2242 in
1271 2187 1375 2241 illis
1407 2188 1496 2256 qui
1548 2189 1725 2243 omnis
1776 2192 1894 2258 opis
1934 2204 2092 2244 sensu

522 2289 732 2334 carent.
790 2282 859 2334 At
887 2281 975 2334 isti
1033 2281 1413 2350 pra'clararum
1474 2282 1526 2334 in
1563 2284 1661 2335 hac
1701 2291 1857 2351 parte
1914 2283 2090 2352 legum

519 2373 933 2438 obliviscuntur,
962 2375 1051 2429 ubi
1080 2377 1248 2429 multo
1274 2378 1508 2433 maxime
1536 2379 1748 2432 illarum
1777 2375 2092 2432 meminisse

519 2464 807 2530 debebant,
841 2465 1052 2520 etiamsi
1085 2476 1400 2521 czeterarum
1435 2469 1674 2523 omnium
1709 2468 2093 2522 oblivisceren-

519 2563 607 2608 tur
639 2571 653 2618 ;
693 2571 797 2609 non
833 2572 899 2610 eu
930 2555 1192 2610 duntaxat
1253 2560 1392 2627 quod
1430 2561 1499 2613 ita
1543 2561 1805 2614 rationem
1855 2558 2087 2611 habituri

518 2647 764 2700 vivorum
793 2660 974 2702 essent
1034 2664 1096 2703 ac
1135 2648 1452 2721 plerumque
1490 2651 1841 2716 sanabilium,
1903 2663 2086 2703 verum

517 2737 678 2791 etiam
715 2747 998 2807 propterea
1042 2742 1184 2808 quod
1217 2740 1268 2793 bi
1307 2741 1493 2796 morbo
1555 2742 1800 2796 laborent
1847 2740 2090 2794 minante

517 2845 621 2885 non
652 2830 865 2898 corpori
895 2842 1146 2894 mortem,
1177 2847 1338 2902 quam
1380 2833 1531 2887 obire
1573 2835 1882 2889 necessario
1931 2834 2085 2902 engi-

515 2939 657 2987 tnur,
691 2923 1034 2977 accedentem
1065 2933 1256 2990 sponte
1297 2939 1415 2990 sua,
1477 2941 1676 2994 perque
1735 2929 2089 2982 resurrectio-

513 3032 636 3071 nem
693 3015 1033 3082 abolendam,
1076 3018 1168 3071 sed
1215 3019 1418 3082 animo,
1478 3020 1631 3083 ettjns
1681 3027 1883 3072 aeterna
1943 3035 2088 3073 mors

2207 1469 2399 1536 ἐχθρὸς
2432 1471 2662 1541 ἠλέησεν
2706 1473 3016 1544 ἄνθρωπος,
3059 1479 3154 1530 καὶ
3192 1479 3354 1548 χεῖρά
3404 1492 3472 1545 γε
3514 1481 3782 1549 κειμένοις

2206 1557 2407 1629 ὤρεξεν
2430 1561 2513 1616 ἄν.
2537 1563 2732 1616 Καίτοι
2757 1565 2849 1616 καὶ
2872 1568 3100 1636 νεκροὺς
3120 1568 3427 1637 ἀνθρώπων
3452 1570 3584 1631 ἔθος
3604 1573 3777 1639 τιμᾷν,

2206 1654 2300 1704 καὶ
2329 1653 2500 1707 πολλὰ
2526 1656 2595 1708 τὰ
2625 1657 2959 1726 νομιζόμενα
2983 1659 3073 1711 ἐπ’
3098 1660 3296 1725 αὐτοὺς
3328 1662 3565 1730 ἀνάγκη
3596 1661 3776 1714 τελεῖν·

2207 1746 2300 1798 καὶ
2333 1747 2494 1815 μέλος
2521 1748 2579 1801 δὲ
2603 1750 2787 1814 αὐτοῖς
2809 1752 3038 1821 τμηθὲν,
3069 1754 3163 1808 καὶ
3189 1753 3470 1808 ἀποθανὺν
3500 1755 3633 1808 καθ’
3654 1756 3774 1808 οἱον-

3111 1846 3206 1899 καὶ
3245 1849 3445 1916 ταφῆς,
3509 1848 3609 1901 καὶ
3659 1847 3768 1916 παρ’

2196 1931 2421 1984 ἐκείνων
2468 1932 2650 1985 αὐτῶν
2711 1934 2862 1988 ἔστιν
2907 1937 2998 1990 ὅτε
3043 1939 3152 1990 τῶν
3201 1939 3609 2008 ἀποτεμόντων
3660 1941 3758 1992 αὐτὸ

2194 2022 2474 2088 τυγχάνει.
2497 2023 2606 2077 Καὶ
2636 2023 2744 2078 ἔδει
2770 2043 2834 2094 γε
2869 2028 3179 2097 μεμνῆσθαι
3204 2029 3314 2082 τῶν
3341 2030 3536 2100 νόμων
3569 2030 3754 2082 τούτων

2197 2113 2376 2184 πολλῷ
2410 2132 2473 2184 γε
2516 2117 2722 2187 μᾶλλον
2768 2120 2861 2172 ἐπὶ
2907 2121 3015 2173 τῶν
3054 2122 3274 2185 ζώντων
3306 2139 3365 2176 τε
3417 2125 3524 2176 καὶ
3559 2122 3757 2178 νοσοῦν.

2193 2223 2322 2270 των,
2348 2208 2380 2278 ἦ
2408 2208 2512 2260 τῶν
2541 2209 2805 2279 μηδαμῶς
2828 2211 3240 2282 αἰσθανομένων
3264 2215 3596 2283 ἡστινοσοῦν
3654 2213 3762 2283 βοη-

2195 2299 2364 2362 θείας.
2402 2301 2465 2354 Οί
2507 2301 2565 2353 δὲ
2621 2303 2856 2356 ἐνταῦθα
2912 2305 3022 2358 τῶν
3076 2307 3258 2360 καλῶν
3313 2308 3760 2362 ἐπιλανθάνονται

2196 2391 2395 2460 νόμων,
2426 2391 2556 2446 ἔνθα
2587 2393 2804 2450 πάντων
2826 2394 3040 2462 μάλιστ’
3071 2397 3238 2466 ἐχρῆν
3272 2400 3623 2468 μεμνῆσθαι,
3673 2398 3764 2452 κᾶν

2194 2483 2242 2534 εἰ
2271 2483 2488 2536 πάντων
2508 2483 2644 2553 ὁμοῦ
2669 2483 2782 2536 τῶν
2813 2485 2990 2539 ἄλλων
3020 2487 3490 2542 ἐπιλανθάνοιντω
3518 2491 3580 2543 οὐ
3614 2489 3762 2558 μόνον

2195 2575 2277 2626 ὅτι
2325 2573 2549 2638 ζώντων
2574 2576 3002 2648 ἐπιμελήσονται
3023 2580 3117 2632 καὶ
3144 2578 3377 2649 ίασίμων
3401 2581 3477 2642 ὡς
3504 2578 3759 2641 sustolli,

2190 2665 2307 2720 ἀλλ’
2338 2667 2532 2738 ὅτιπερ
2570 2669 2665 2721 καὶ
2713 2669 2868 2722 νόσον
2915 2662 3060 2724 οῦτοι
3109 2670 3381 2737 νοσοῦσιν,
3430 2671 3760 2726 ἀπειλοῦσιν

2189 2759 2247 2812 οὑ
2273 2759 2352 2829 τῷ
2383 2759 2596 2831 σώματι
2629 2761 2886 2826 θάνατον,
2920 2762 2978 2825 ὃς
3010 2765 3101 2816 καὶ
3129 2765 3428 2831 ἀναγκαῖος
3459 2767 3600 2836 ἡμῖν
3627 2767 3756 2827 ἐστι,

2189 2851 2281 2902 καὶ
2316 2851 2529 2905 ἔπεισιν
2557 2852 2882 2922 αὐτόματος,
2915 2855 3012 2908 καί
3046 2871 3180 2908 ποτε
3207 2855 3509 2925 λυθήσεται
3537 2859 3604 2930 τῇ
3631 2858 3757 2910 ἀνα·

2190 2944 2401 2997 στάσει·
2431 2945 2567 2998 ἀλλὰ
2598 2948 2660 3016 τῇ
2686 2947 2855 3017 ψυχῇ,
2881 2942 2948 3019 ἧς
2975 2947 3244 3010 ἀθάνατος
3266 2949 3294 3002 ό
3321 2948 3555 3012 θάνατός
3588 2953 3752 3003 ἐστιν’

2189 3035 2406 3098 αἰώνιος
2431 3035 2560 3105 γάρ.
2591 3036 2786 3107 Ψυχῆς
2821 3039 2930 3108 γὰρ
2962 3038 3192 3093 θάνατον
3219 3039 3301 3093 δεῖ
3321 3043 3464 3094 νοεῖν
3493 3042 3553 3093 τὸ
3591 3057 3753 3109 κεχω-

513 3119 621 3174 est,
662 3125 782 3163 cum
813 3119 868 3163 et
899 3109 1011 3177 ipse
1040 3108 1110 3161 sit
1149 3119 1384 3162 asternus
1416 3125 1430 3172 ;
1477 3110 1639 3162 animi
1679 3125 1908 3178 namque
1939 3126 2079 3164 mor-

2187 3128 2368 3198 ρίσθαι
2400 3128 2558 3182 Θεοῦ.
2603 3130 2734 3196 Καὶ,
2768 3131 2816 3182 εί
2842 3133 2870 3184 ὁ
2915 3129 3049 3194 Θεός
3092 3131 3242 3184 ἐστιν
3274 3133 3307 3200 ὴ
3340 3131 3573 3202 ἀληθινὴ
3624 3108 3749 3198 ζωὴ,

514 3213 618 3258 tem
668 3200 966 3269 intelligere
1019 3199 1279 3254 debemus
1322 3215 1444 3254 esse
1504 3201 1828 3269 diremptum
1866 3218 1895 3255 a
1943 3201 2075 3257 Dco.

511 3294 664 3361 Quod
700 3293 743 3348 si
776 3293 912 3348 Deus
949 3307 1074 3347 vera
1113 3292 1220 3344 vita
1253 3302 1354 3354 est,
1389 3291 1479 3360 qui
1531 3307 1754 3360 prorsus
1789 3293 1898 3347 Deo
1955 3308 2079 3363 spot-

512 3387 620 3442 Iiati
647 3394 772 3442 sunt
804 3385 993 3450 animi,
1029 3383 1218 3437 veram
1244 3385 1408 3438 vitam
1444 3385 1763 3450 amiserunt,
1811 3387 1876 3440 ad
1912 3402 2072 3455 quam

509 3479 715 3534 reditus
745 3478 968 3531 omnino
999 3476 1175 3531 nullus
1204 3491 1323 3531 esse
1357 3484 1553 3546 potest.
1586 3475 1883 3546 theroqui
1945 3494 2074 3532 vero

506 3587 704 3642 corpus
735 3571 822 3626 ubi
853 3579 1124 3625 mortuum
1172 3568 1369 3635 fuerit,
1405 3577 1465 3624 ut
1525 3585 1645 3624 cum
1702 3584 1766 3625 eo
1807 3569 2073 3624 moriatur

505 3666 718 3720 animus
753 3662 867 3718 ﬁeri
900 3677 1004 3716 non
1042 3669 1234 3731 potest.
1275 3661 1343 3714 At
1389 3661 1477 3715 ubi
1514 3661 1875 3716 tristissimam
1925 3663 2069 3716 illam

505 3765 736 3812 mortem
762 3754 1057 3825 Oppetierit
1081 3755 1319 3817 animus,
1347 3753 1510 3807 etiam
1537 3767 1732 3822 corpus
1758 3754 1934 3823 ipsum
1952 3766 2074 3824 post

506 3848 959 3904 resurrectionem
991 3845 1146 3916 quasi
1180 3855 1454 3900 mortuum
1490 3855 1543 3901 et
1575 3846 1831 3901 miserum
1895 3848 2074 3902 modis

502 3941 754 3996 omnibus
782 3938 887 3995 erit
921 3955 934 3992 :
965 3953 1088 3992 nam
1122 3953 1226 4006 quo
1262 3949 1421 4006 pacto
1454 3953 1542 3994 res
1575 3939 1733 3994 aliter
1770 3940 1971 3996 habere
2001 3955 2059 3996 se

503 4032 694 4099 possit,
729 4043 850 4084 cum
888 4027 939 4083 id
969 4029 1114 4099 quod
1153 4028 1326 4098 ipsum
1357 4043 1554 4098 corpus
1583 4029 1852 4098 Mvilicat,
1888 4045 2066 4087 veram

500 4121 690 4190 vitam,
751 4136 868 4191 quae
903 4121 1039 4176 Deus
1079 4129 1182 4185 est,
1214 4121 1502 4177 amiserit?
1540 4121 1742 4177 Eadem
1769 4131 1923 4178 estet
1957 4124 2068 4180 dae-

501 4229 722 4268 monum
745 4215 917 4280 ratio;
955 4230 1075 4268 nam
1121 4232 1236 4282 eos,
1276 4215 1367 4282 qui
1419 4229 1598 4268 veram
1652 4218 1818 4267 vitam
1872 4215 2068 4271 amise-

506 4315 650 4368 runt,
682 4319 788 4358 non
811 4303 892 4357 las
925 4313 1007 4357 est
1037 4305 1257 4359 mutatis
1309 4305 1506 4359 animis
1549 4305 1614 4357 ad
1667 4318 1787 4357 eam
1843 4305 2065 4362 redire:

502 4395 642 4465 quod
670 4393 886 4463 quidem
923 4393 1029 4446 illis
1063 4394 1107 4446 si
1157 4404 1484 4461 superesset,
1543 4392 1898 4447 consimiliter
1942 4393 2058 4449 ﬁeri

501 4490 704 4555 posset,
733 4489 789 4534 ut
819 4480 1087 4535 emendati
1156 4482 1264 4535 vita
1321 4480 1408 4534 illa
1470 4496 1685 4553 quoque
1743 4484 2064 4552 potirentur.
2101 4498 2146 4553 ι)

570 4573 930 4644 Quamobrem
964 4587 1112 4627 mors
1149 4572 1314 4626 animi
1349 4587 1436 4628 res
1465 4582 1548 4628 est
1573 4575 1812 4629 omnium
1835 4577 2068 4633 maxime

2189 3223 2246 3274 at
2281 3223 2375 3277 τὸν
2420 3223 2555 3276 Θεὸν
2595 3223 2852 3287 καθάπαξ
2885 3223 3248 3293 ζημιωθεῖσαι
3278 3224 3451 3292 ψυχαὶ
3495 3227 3598 3295 τὴν
3630 3224 3752 3292 άλη-

2190 3315 2344 3385 θινὴν
2393 3314 2539 3383 ζωὴν
2573 3315 2864 3369 ἀπέϐαλον·
2901 3318 2982 3379 είς
3012 3317 3079 3386 ἦν
3127 3333 3190 3384 γε
3236 3317 3396 3370 πάλιν
3435 3317 3749 3370 ἐπανελθεῖν

2191 3406 2474 3475 ἀμήχανον
2509 3404 3035 3476 παντελῶς.·Χωρ“ις
3082 3406 3138 3460 δὲ
3180 3406 3383 3460 τούτων
3432 3408 3747 3462 ἀποθανόντι

2193 3495 2290 3564 μὲν
2321 3495 2400 3565 τῷ
2442 3495 2656 3564 σώματι
2685 3496 2784 3550 οὐκ
2826 3496 3001 3551 ἔνεστι
3037 3498 3433 3553 συναποθανεῖν
3477 3501 3630 3571 αὐτῷ
3657 3500 3745 3568 τὴν

2185 3585 2391 3656 ψυχήν*
2423 3586 2524 3654 τῆς
2547 3586 2605 3638 δὲ
2631 3585 2812 3656 ψυχῆς
2833 3585 3160 3656 τεθνηκυίας
3194 3588 3286 3641 τὸν
3313 3589 3581 3642 οίκτιστον
3608 3589 3742 3642 ἐκεϊο

2185 3695 2273 3732 νον
2303 3678 2552 3742 θάνατον,
2580 3678 2674 3731 καὶ
2706 3679 2768 3731 τὸ
2794 3677 2954 3746 σῶμα
2978 3679 3117 3747 μετὰ
3144 3678 3204 3734 τὸ
3225 3680 3745 3752 ἀναστῆναιώσπερ-

2187 3771 2235 3823 εὶ
2285 3769 2501 3833 τεθνεὺς
2533 3770 2628 3823 καὶ
2677 3770 2861 3824 ἄθλιον
2891 3773 3238 3827 παντάπασιν
3272 3772 3446 3829 ἔσται.
3488 3774 3612 3838 Πῶς
3644 3774 3741 3841 γὰρ

2181 3863 2282 3929 οῦ;
2313 3863 2408 3916 τοῦ
2445 3863 2842 3933 ζωογονοῦντος
2892 3865 3045 3932 αὐτὸ,
3079 3867 3141 3918 τὸ
3191 3865 3396 3936 κυρίως
3447 3867 3568 3937 ζῇν,
3605 3867 3740 3933 λέγω

2180 3954 2247 4025 δὴ
2278 3955 2368 4009 τὸν
2403 3955 2557 4018 Θεὸν,
2595 3956 3024 4020 ἀπολωλεκότος.
3061 3955 3217 4011 Οὕτω
3254 3959 3348 4011 καὶ
3381 3959 3429 4011 oi
3468 3958 3736 4027 δαὲμονες.

2182 4049 2296 4119 Τὴν
2337 4049 2445 4122 γὰρ
2491 4049 2754 4120 ἀληθινὴν
2781 4049 2928 4121 ζωὴν
2969 4050 3364 4116 ἀπολέσαντας,
3401 4051 3503 4104 οὐκ
3536 4050 3736 4103 ἔνεστιν

2179 4139 2498 4194 ἐπανελθεῖν
2529 4141 2608 4203 είς
2657 4139 2827 4210 αὐτὴν
2863 4141 3254 4210 μεταγνόντας.
3285 4141 3371 4203 Ὠς
3398 4143 3446 4194 εί
3472 4139 3736 4194 καὶτοῦτο

2181 4230 2398 4300 περιῆν,
2426 4225 2495 4302 ἦν
2539 4230 2606 4284 ἂν
2647 4232 2848 4300 ὁμοίως
2877 4232 3294 4302 διορθωθέντας,
3329 4233 3425 4287 καὶ
3458 4231 3554 4303 τῆς
3599 4230 3735 4301 ζωῆς

2176 4321 2395 4390 ἐκείνης
2425 4325 2802 4392 τετυχηκέναι.

2251 4591 2311 4644 '0
2335 4591 2432 4660 τῆς
2461 4591 2642 4660 ψυχῆς
2668 4591 2776 4660 ἄρα
2806 4593 3035 4657 θάνατος
3070 4593 3132 4646 τὸ
3177 4595 3556 4665 φοϐερώτατόν
3589 4599 3726 4650 ἐστιν

500 4664 877 4730 formidabilis,
932 4673 985 4720 et
1019 4664 1110 4734 qui
1192 4664 1379 4719 morbo
1444 4663 1689 4720 laborant
1742 4667 1809 4721 ad
1867 4669 2064 4723 malum

2184 4685 2447 4740 ὶπάντωνο
2467 4687 2560 4739 καὶ
2587 4687 2634 4738 oi
2664 4686 2819 4739 νόσον
2845 4703 2909 4754 γε
2935 4685 3220 4751 νοσοῦντες
3245 4690 3325 4751 είς
3357 4690 3515 4744 τοῦτο
3541 4694 3724 4760 φέρου-

499 4759 601 4813 boc
637 4757 917 4822 tendente,
965 4770 1069 4810 non
1128 4764 1308 4810 mente
1363 4756 1604 4825 praeditis
1660 4773 1780 4814 esse
1809 4759 1938 4815 odio
1971 4761 2068 4814 de-

2184 4795 2265 4832 παν
2291 4777 2353 4831 τὸ
2385 4778 2556 4832 δεινὸν
2588 4779 2648 4831 οὐ
2684 4782 2932 4849 μισητέοι
2963 4780 3090 4833 νοῦν
3131 4782 3367 4852 ἔχουσιν,
3405 4783 3520 4836 ἀλλ’
3549 4756 3723 4844 ἐλέους

497 4852 645 4917 bent,
690 4848 784 4904 sed
837 4847 1264 4903 misericordiam
1311 4849 1488 4918 potius
1551 4852 1768 4905 mereri.
1826 4852 1906 4908 Ac
1967 4868 2067 4920 par

2184 4868 2324 4933 ἱξιοι.
2355 4862 2464 4921 Ἦν
2494 4869 2595 4938 μὲν
2639 4865 2755 4933 οὖν,
2799 4865 2974 4939 οἶμαι,
3011 4873 3289 4944 προσῆκον
3319 4875 3576 4938 ἐπιεικῶς
3607 4877 3722 4936 τοὺς

495 4942 712 5009 quidem
780 4951 898 4994 erat
954 4939 1119 4994 dubio
1184 4941 1396 5009 procul,
1460 4941 1645 5010 utqui
1692 4950 1744 4996 et
1808 4942 2058 4997 virtutem

495 5042 546 5086 ct
623 5031 998 5097 vitiositatcm,
1065 5030 1328 5101 quasique
1405 5033 1565 5086 ambo
1629 5033 1776 5088 istarc
1860 5035 2062 5102 promi-

495 5137 626 5178 scue
672 5123 970 5193 possident,
1007 5125 1270 5178 adversus
1314 5130 1541 5179 caeteros
1575 5137 1696 5179 sese
1741 5141 1848 5180 non
1901 5127 2060 5182 etrur-

495 5223 616 5270 rent
649 5216 718 5270 ob
758 5231 920 5269 unam
953 5217 1095 5271 illam
1133 5227 1339 5287 partem
1378 5216 1679 5285 meliorem,
1719 5233 1819 5274 nec
1849 5219 2058 5275 vitiosi-

493 5307 619 5360 tatis
653 5321 811 5361 causa
846 5305 1045 5361 vultum
1073 5308 1124 5361 in
1154 5318 1350 5363 terram
1374 5309 1692 5380 deligerent.
1721 5312 1788 5365 At
1818 5312 1902 5366 isti
1931 5329 2079 5371 cou-.

492 5397 682 5460 trario,
716 5411 877 5465 quam
910 5411 1006 5466 par
1031 5408 1171 5462 erat,
1207 5401 1367 5455 modo
1391 5415 1448 5455 se
1482 5410 1696 5470 gerunt.
1732 5401 1864 5456 Nam
1898 5418 2057 5473 prop-

491 5499 572 5555 ter
609 5487 817 5542 virtutis
846 5486 1172 5556 portionem,
1227 5498 1434 5546 tantum
1488 5507 1593 5547 non
1642 5493 1816 5562 ipsum
1855 5495 2053 5549 coelum

488 5576 846 5650 somniantes,
885 5589 1080 5646 graves
1109 5592 1172 5632 ac
1219 5578 1588 5636 intolerabiles
1644 5593 1794 5648 sunt,
1824 5595 2054 5643 cmteros

490 5681 586 5734 pro
613 5666 782 5723 nibilo
804 5669 1081 5734 ducentes,
1102 5669 1272 5738 ipsam
1306 5685 1431 5727 vero
1449 5673 1819 5743 vitiositatem,
1844 5693 1965 5747 quae
1999 5667 2051 5736 iu

488 5759 571 5815 eis
605 5767 712 5828 est,
746 5773 847 5817 nec
878 5770 1024 5816 recte
1048 5771 1369 5830 agnoscunt,
1396 5777 1516 5818 cum
1548 5765 1616 5821 ab
1640 5782 1698 5822 ea
1724 5784 1876 5826 mens
1906 5772 2054 5842 ipso-

487 5865 608 5908 rum
639 5860 895 5918 corrupta
949 5853 1041 5925 sit,
1066 5865 1117 5912 ο·
1181 5854 1416 5926 agnitam
1455 5873 1552 5916 oro
1575 5874 1634 5915 rc
1688 5860 1789 5916 ιμ’
1824 5866 2052 5929 ducunt.

2168 4959 2539 5027 κεκτημένους
2577 4959 2677 5029 μὲν
2723 4961 2945 5031 ἀρετὴν,
2983 4963 3360 5032 κεκτημένους
3405 4963 3464 5036 δὲ
3509 4967 3718 5030 κακίαν,

2167 5047 2259 5100 καὶ
2279 5043 2390 5100 οἷον
2412 5047 2614 5116 ἀναμὶξ
2639 5048 2827 5116 ἄμφω,
2853 5051 2927 5119 μὴ
2957 5051 3066 5104 τῶν
3097 5052 3271 5108 ἄλλων
3296 5057 3722 5125 κατεπαίρεσθαι

2163 5141 2252 5193 διὰ
2277 5141 2335 5196 τὸ
2351 5141 2715 5213 χρηστότερον
2740 5143 2927 5212 μέροςο
2956 5145 3053 5215 τῆς
3079 5144 3133 5198 δὲ
3165 5145 3359 5210 κακίας
3389 5148 3555 5202 ἕνεκα
3583 5130 3748 5206 κάτω.

2163 5235 2413 5297 κύπτειν,
2439 5235 2487 5286 ol
2517 5233 2562 5285 δ’
2590 5233 2818 5298 ἐναλλὰξ
2849 5235 3180 5306 ἐργάζονται
3213 5238 3274 5290 τὸ
3305 5240 3607 5311 προσῆκον.
3632 5242 3722 5294 Διά

2157 5325 2266 5394 γὰρ
2296 5327 2356 5378 τὸ
2385 5326 2552 5402 μέρος
2581 5324 2681 5394 τῆς
2711 5326 2938 5396 ἀρετῆς,
2965 5329 3191 5397 μονονοὺ
3216 5329 3306 5383 τὸν
3334 5330 3565 5401 οὐρανὸν
3594 5333 3721 5385 ὀνει-

2159 5413 2540 5485 ροπολοῦντες,
2576 5415 2764 5487 βαρεῖς
2791 5418 2898 5470 είσι
2938 5420 3032 5472 καὶ
3070 5419 3361 5491 ἀφόρητοι,
3391 5422 3561 5493 μηδὲν
3598 5425 3717 5485 τοὺς

2153 5505 2350 5569 ἄλλους
2396 5501 2538 5560 εἶναι
2575 5506 2909 5577 νομίζοντεςο
2942 5509 3116 5581 αὐτὴν
3152 5510 3208 5563 δὲ
3256 5511 3356 5582 τὴν
3384 5515 3585 5568 κακίαν
3625 5513 3716 5580 τὴν

2156 5597 2214 5648 ὲν
2244 5595 2429 5657 αὐτοῖς
2457 5594 2582 5648 οὔτε
2633 5596 2808 5658 καλῶς
2847 5597 3232 5667 γινώσκουσιν,
3269 5601 3364 5655 ὑπ’
3404 5604 3620 5674 ἑκείνης
3653 5617 3709 5671 γε

2153 5686 2249 5749 τὰς
2281 5689 2483 5756 φρένας
2513 5688 2903 5758 βεόλαμμένοι,
2935 5693 3027 5744 καὶ
3057 5695 3210 5763 παρὰ
3253 5694 3460 5764 φαῦλον
3494 5697 3708 5765 ἄγουσιν

2151 5779 2524 5850 ἐγνωσμένην.
2546 5781 2655 5834 Καὶ
2676 5781 2796 5834 οὐδὲ
2821 5782 3170 5838 αἰσθάνονται
3192 5786 3366 5842 ταῦτα
3390 5791 3701 5860 πάσχοντες.

2154 5870 2256 5926 Ἢν
2287 5869 2341 5924 δὲ
2369 5873 2480 5930 τοῖς
2525 5873 2709 5933 αὐτοῖς
2738 5873 2968 5941 ἐκείνοις
3003 5876 3116 5949 ἁλῷ
3145 5895 3231 5943 τις
3275 5880 3463 5946 ἕτεοος
3490 5881 3702 5950 πάθεσι,

3883 108 3905 632 ἶ

3897 749 3919 1132 ἡ
