3990 6624
375 411 508 478 497
1805 408 2087 489 ὀιιΑτιο
2120 426 2220 493 VI.
3534 428 3641 494 493

370 535 499 593 ,καὶ
527 532 684 597 αὖθις
708 535 829 600 ταῖς
855 537 1050 603 aiat-ad;
1085 540 1307 613 ἀρεταῖς
1338 548 1477 617 φανῇ
1514 548 1873 618 κεχρημένος,
1904 547 1956 600 αξ

2068 544 2176 599 imo
2219 560 2283 599 ne
2312 544 2526 615 quidem
2561 546 2805 601 sentiunt
2827 547 2943 602 btec
2970 546 3071 601 sibi
3102 546 3368 601 accidere.
3415 544 3511 601 Sin
3546 546 3641 600 ali-

384 627 505 695 μὲν
531 628 724 697 ἀρεταὶ
749 629 810 683 ἐν
838 630 1002 704 λήθῖγ
1039 636 1221 705 ψῆφος
1261 638 1319 691 δέ
1347 655 1432 703 τις
1467 639 1589 695 κατ’
1617 639 1800 694 αὐτῶν
1829 642 1956 710 μετᾶ

2070 648 2135 689 us
2188 635 2454 704 quispiam
2506 637 2558 691 in
2592 636 2781 693 eadem
2814 637 3069 693 inciderit
3114 632 3263 704 vitia,
3316 646 3369 692 et
3400 637 3640 693 vicissim

378 720 752 790 σκωμμάτων
787 723 1159 797 ἐξενήνεκται.
1208 730 1317 784 Καί
1358 748 1460 799 τοι,
1509 732 1562 787 τί
1609 733 1781 789 πολλά
1822 753 1956 805 φημι

2070 722 2359 782 virtutibus
2416 728 2607 784 iisdem
2641 737 2812 786 semet
2845 725 3173 795 exercuerit,
3226 729 3355 797 ipsa:
3410 732 3641 786 virtutes

375 812 578 881 πάθης
611 814 680 867 ἂν
724 817 833 886 γὰρ
864 818 1097 891 ἐλεγχθῇ
1141 841 1225 886 τις
1268 825 1539 881 δουλεύων
1584 827 1665 882 ἑνὶ
1696 828 1774 898 τῷ
1801 829 1964 883 πάθει

373 902 486 954 καὶ
518 905 689 973 μόνῳ,
712 908 810 961 καὶ
848 910 1025 984 τούτῳ
1063 930 1126 980 γε
1171 913 1282 967 τῶν
1318 919 1668 988 κουφοτέρων
1705 915 1846 974 εἶναι
1879 920 1966 976 δο-

374 992 658 1061 κούντων,
692 997 858 1063 εὐθὺς
897 1001 1105 1070 ἀκήκοε
1134 1006 1267 1075 παρ’
1296 1007 1497 1076 αὐτῶν,
1528 1009 1590 1064 Ὃ
1629 1010 1895 1082 σχέτλιος,
1933 1014 1963 1065 ὸ

368 1082 581 1150 τάλας,
609 1086 780 1142 πολλὰ
806 1089 998 1163 ἕτερα.
1034 1096 1144 1149 Καὶ
1164 1089 1209 1150 ὦ
1242 1099 1328 1164 σὺ,
1359 1101 1541 1164 ποίαις
1572 1101 1860 1158 κολάσεσιν
1886 1104 1962 1158 ὥν

371 1176 714 1245 ὑπεύθυνος,
758 1182 820 1235 οὐ
870 1189 1290 1253 καταποντίζεις
1344 1194 1603 1261 σεαυτ6ν;
1656 1194 1734 1249 Οὐ
1780 1195 1961 1250 τοίνυν

364 1266 842 1359 απαλλάττονται,
874 1276 981 1347 πρὸ
996 1278 1090 1332 τοῦ
1112 1279 1206 1335 τὸν
1237 1281 1524 1353 ἄνθρωπον
1550 1286 1719 1352 δεῖξαι
1750 1287 1961 1359 μυρίων

362 1352 510 1412 ὂντα
534 1361 817 1418 κολάσεων
839 1366 1008 1434 ἄξιον,
1033 1373 1295 1445 ῥητορεία
1321 1375 1612 1449 θαυμαστῇ
1638 1352 1778 1449 πρὸς
1803 1352 1958 1434 τοῦτο

366 1450 684 1521 χρώμενοι.
712 1457 832 1511 Εἴτε
868 1461 976 1532 γὰρ
1006 1462 1203 1517 νωθεία
1235 1467 1323 1533 τίς
1361 1469 1478 1523 ἐστι
1506 1470 1568 1523 τὸ
1595 1471 1956 1543 διαϐαλλόμε-

362 1559 485 1633 νον,
518 1546 624 1599 εἶτ’
653 1548 916 1620 ὀλιγωρία
943 1554 1080 1623 πρὸς
1112 1556 1377 1626 τάγαθὸν,
1407 1560 1439 1629 ἡ
1475 1562 1503 1613 ὅ
1528 1563 1580 1616 τί
1608 1580 1716 1633 περ
1748 1562 1815 1618 ἂν
1849 1565 1957 1619 τῶν

366 1632 642 1690 ὁπωσοῦν
702 1641 761 1693 οὐ
803 1642 1006 1710 καλῶν,
1039 1649 1354 1717 ἐξαίρουσιν
1393 1653 1526 1707 αὐτὸ
1564 1632 1955 1725 μεθ’νῦπερδο-

362 1726 494 1795 λῆς·
531 1729 636 1792 τὰς
686 1732 734 1784 δ’
760 1734 1177 1807 ἐνυπαρχούσας
1224 1743 1375 1815 αὐτῷ
1422 1745 1645 1813 ἀρετὰς,
1699 1751 1805 1803 κᾶν
1846 1751 1956 1805 τῶν

367 1820 524 1888 ἄγαν
554 1823 960 1896 δυσπορίστων,
979 1834 1073 1884 καὶ
1096 1834 1562 1907 δυσκατορθώτων
1585 1834 1719 1897 ὦσιν
1747 1842 1955 1912 ἀνθρώ·
1988 1875 2029 1929 Β

364 1930 522 2005 ποις.
548 1921 953 2005 νενοθευμένας
988 1925 1099 1978 οἵδε
1126 1927 1354 1983 καλοῦσι
1383 1930 1471 1985 διὰ
1501 1933 1603 2003 τὴν
1628 1935 1727 2005 τῆς
1759 1936 1958 2000 κακίας

359 1999 682 2098 ἐπιμιξίαν.
710 2003 846 2061 Εἶτα
863 2011 976 2075 πῶς
995 2014 1204 2080 ἐκεῖνος
1219 2018 1318 2084 μὲν
1335 1999 1566 2085 κακὸς,δ
1578 1999 1957 2098 ἀμῷιρῤεπὴς.

362 2094 433 2190 sit
459 2094 738 2190 B’Aéxsi‘np
769 2103 944 2157 πάντα
982 2105 1058 2158 ὢν
1081 2110 1174 2161 καὶ
1208 2112 1309 2178 τὴν
1335 2113 1555 2183 ἀρετὴν,
1573 2118 1667 2170 καὶ
1793 2094 1957 2190 πονή-

360 2186 501 2281 ρίαν
520 2188 841 2263 ἐφάμιλλος,
858 2195 1128 2264 βέλτιστος
1150 2200 1215 2255 ἂν
1230 2203 1369 2273 εῐῆς,
1391 2207 1484 2259 καὶ
1500 2207 1700 2275 ἀγαθός
1719 2186 1744 2275 ;‘
1761 2210 1832 2267 Ἦ
1851 2186 1959 2281 γάρ

358 2279 636 2370 κάκεῖνος
660 2284 889 2352 ἀγαθὸς,
906 2288 1092 2358 ὅμοιός
1116 2309 1222 2346 σοι’
1245 2294 1279 2364 ἢ
1303 2297 1486 2350 καὶσὺ
1518 2300 1738 2365 πάντως
1762 2279 1954 2370 κακὸς,

362 2368 493 2463 rae;
512 2369 591 2425 ὢν
620 2374 814 2446 ἐκείνῳ
833 2377 911 2447 τῷ
939 2382 1091 2451 παρὰ
1123 2384 1207 2437 σοὶ
1240 2387 1541 2460 καταδίκῳ.
1560 2392 1668 2444 Καὶ
1694 2396 1822 2463 μὴν,
1854 2368 1959 2448 κᾶν

360 2462 557 2533 τούτῳ
589 2467 936 2536 πλεονεκτεῖς
964 2474 1046 2537 είς
1069 2478 1127 2528 τὸ
1156 2480 1415 2550 πονηρὸν,
1439 2482 1523 2535 ὅτι
1560 2486 1741 2551 μισεῖς
1760 2462 1826 2539 οὐ
1863 2505 1955 2555 μι-

360 2555 662 2648 σούμενος,
681 2561 775 2613 καὶ
796 2565 1144 2634 κατακρίνεις
1163 2569 1428 2637 ἐκείνους,
1448 2570 1629 2641 ὑφ’ὦν
1645 2576 1707 2629 οὐ
1730 2576 1955 2648 πάσχεις

360 2644 541 2708 αὐτὸς
564 2647 631 2700 τὰ
660 2649 774 2705 (se.
794 2650 950 2719 Ἀλλ’,
973 2655 1049 2719 ὠς
1082 2656 1280 2725 ἔοικεν,
1306 2662 1695 2733 εὐχερέστερον
1724 2644 1956 2737 πρὸςήτά

359 2737 523 2833 κακὰ
561 2741 887 2833 perspexi}
936 2747 1071 2816 πρὸς
1123 2749 1387 2833 τάναντία
1445 2755 1680 2820 τούτοις.
1726 2758 1807 2811 Τὰ
1851 2761 1955 2827 μὲν

361 2826 486 2898 γὰρ
518 2828 627 2921 τῶν
682 2831 859 2921 ἄλλων
900 2835 1067 2902 ὀξέως
1107 2826 1535 2921 δρῶμεν-προς
1561 2845 1619 2898 δὲ
1649 2847 1720 2900 τὰ
1776 2826 1957 2905 οἰκεῖα

362 2921 524 2974 κακὰ
558 2920 680 2974 οὔτε
710 2916 989 2997 ὀφθαλμὸν
1014 2930 1232 3000 ἔχομεν,
1266 2916 1534 2999 οὕτεόὖς,
1566 2937 1690 2991 οὔτε
1715 2940 1917 3006 γνῶσιν
1938 2957 1952 2972 '

364 3011 501 3106 οὔτε
538 3014 646 3084 μὴν
684 3016 941 3088 ἐθέλομεν
988 3022 1155 3093 ἔχειν.
1189 3020 1263 3079 Οὐ
1308 3028 1416 3099 μὴν
1445 3029 1580 3084 ἀλλὰ
1622 3033 1717 3085 καὶ
1764 3034 1953 3106 ἕτερον

369 3105 525 3159 ἔστιν
580 3106 709 3161 ἰδεῖν
736 3111 815 3183 ,ἐν
862 3113 996 3184 ἡμῖν
1044 3116 1350 3187 γινόμενον,
1398 3120 1551 3175 οὐδὲν
1604 3123 1831 3192 ἄμεινον
1858 3105 1952 3180 τοῦ

370 3198 673 3269 προτέρου.
708 3204 756 3256 εί
790 3204 865 3275 μὴ
900 3206 996 3259 καὶ
1026 3208 1205 3279 πολλῷ
1240 3205 1443 3282 χεῖρον.
1464 3213 1548 3266 Τὰ
1581 3216 1681 3281 μὲν
1708 3217 1818 3287 γὰρ
1844 3218 1953 3269 τῶν
1982 3198 2027 3260 (ἶ

371 3290 554 3345 ἄλλων
583 3293 1041 3369 πλεονεκτήματα
1068 3300 1143 3365 ὡς
1174 3304 1592 3359 ἑπιτοπλεῖστον
1626 3308 1749 3362 οὐδὲ
1786 3310 1955 3377 γινώ-

375 3388 606 3453 σκομεν.
651 3387 828 3441 Πολλὰ
877 3390 944 3458 δ’,
978 3383 1051 3446 ὧν
1092 3393 1513 3466 ἁφεστήκαμεν,
1540 3400 1649 3470 ὅσῳ
1699 3402 1793 3454 καὶ
1845 3402 1956 3455 τῶν

382 3470 730 3542 Ἡρακλείων
765 3480 977 3551 στηλῶν
1018 3483 1089 3535 τε
1124 3484 1458 3556 ὑπερδόρεια
1495 3490 1661 3558 μέρη,
1699 3472 1832 3560 ἡμῖν
1863 3493 1954 3545 αὐ·

374 3567 485 3629 τοῖς
516 3569 851 3639 ἀνατίθεμεν
874 3586 889 3601 ⁸
937 3575 1033 3626 καὶ
1082 3575 1178 3647 τὴν
1228 3578 1402 3649 ὀφρὺν
1431 3579 1508 3643 ὡς
1538 3581 1777 3648 μάλιστα
1818 3584 1951 3637 ἀνα-

374 3659 655 3725 σπῶντες,
723 3668 948 3734 κρατεῖν
1003 3667 1267 3737 δοκοῦμεν
1321 3672 1415 3724 καὶ
1472 3657 1591 3725 οὖδὲ
1646 3675 1784 3743 μετᾶ
1845 3675 1955 3728 τῶν

371 3754 684 3823 ἀνθρώπων
746 3753 887 3811 εῖναι
935 3745 1252 3831 νομίζομεν,
1294 3764 1414 3816 ἀλλ’
1444 3768 1500 3818 ὲν
1554 3765 1787 3836 οὐρανοῦ
1847 3785 1952 3822 τινι

370 3844 584 3916 μοίρίᾳ⁸
622 3848 714 3899 καὶ
757 3848 784 3900 ὃ
813 3850 878 3918 δὴ
909 3851 1187 3921 χείριστον
1234 3854 1479 3917 πάντων,
1521 3855 1706 3925 ἀὐτὴν
1753 3856 1817 3927 δὴ
1855 3856 1954 3928 τὴν

367 3938 599 4005 κακίαν,
615 3939 710 4008 τὴν
731 3940 787 3993 ἑν
817 3943 970 4010 ἡμῖν,
994 3942 1134 4012 ὑπὲρ
1156 3945 1254 4008 τὰς
1287 3944 1395 3998 τῶν
1425 3944 1602 4000 ἄλλων
1624 3947 1755 4009 ίσως
1779 3948 1956 4020 ὑπάρ-

312 4071 339 4083 -
363 4047 602 4100 χουσαν,
636 4030 839 4103 ἀρετὴν
870 4036 1385 4105 προσαγορεύομεν·
1428 4035 1523 4089 καί
1554 4052 1657 4089 που
1698 4039 1793 4094 καὶ
1837 4054 1955 4092 πει-

360 4118 605 4190 ρώμεθα
623 4120 829 4191 ταύτην
863 4122 1004 4193 ὑπὲρ
1035 4122 1130 4189 τὰς
1164 4126 1271 4179 τῶν
1304 4125 1519 4182 πάντων
1546 4127 1950 4185 ἀποδεικνύναι.

361 4213 445 4265 Οὐ
489 4214 599 4283 μήν
642 4229 706 4279 γε
745 4214 907 4285 μέχρι
941 4217 1136 4270 τούτου
1172 4218 1463 4288 ίστάμεθα,
1498 4220 1632 4277 ἀλλὰ
1679 4220 1775 4274 καὶ
1818 4221 1951 4292 φοο-

361 4301 580 4371 νοῦμεν
625 4303 738 4367 τοῖς
777 4305 1005 4372 ἀγαθοῖς
1032 4308 1282 4379 ἀνδράσι,
1314 4312 1407 4364 καὶ
1446 4311 1547 4375 τὰς
1572 4312 1796 4368 ἐκείνων
1820 4316 1954 4386 ἀρε-

362 4393 470 4454 τὰς
505 4393 703 4458 κακίας
732 4395 1144 4468 ἀποκαλοῦμεν.
1170 4402 1435 4471 Πρόσεστι
1466 4403 1522 4457 δέ
1558 4420 1609 4456 τι
1642 4406 1735 4457 καὶ
1765 4405 1948 4474 βδελυ-

363 4486 612 4561 κτὸν,τδ
676 4488 809 4557 μηδὲ
864 4490 1146 4560 ὲρυθριᾷν,
1195 4491 1329 4545 ἀλλᾶ
1385 4492 1478 4545 καὶ
1529 4493 1755 4564 ἀναίδην
1810 4493 1954 4548 οὕτω

365 4580 598 4647 χωρεῖν,
649 4579 733 4650 ἐφ’
762 4577 841 4642 οἷς
874 4582 1042 4652 ἐχρῆν
1090 4583 1553 4652 ἐγκαλύπτεσθαι,
1586 4584 1774 4656 ὥσπερ
1803 4584 1869 4639 ἂν
1902 4586 1956 4638 εί

367 4682 458 4728 τις
509 4666 649 4735 ἀνὴρ
705 4668 874 4722 ποιῶν
929 4670 1114 4725 ἐκεῖνα
1178 4673 1638 4744 παρῤησιάζοιτο,
1680 4674 1748 4728 δι’
1778 4669 1855 4730 ὧν
1887 4676 1954 4731 ἂν

372 4756 573 4827 ἔμελλε
595 4759 1117 4830 στεφανωθήσεσθαι
1136 4779 1151 4795 ο
1184 4768 1278 4820 καὶ
1300 4768 1561 4837 ἐοίκαμεν
1590 4771 1776 4837 σοφοῖς
1799 4773 1880 4835 είς
1895 4773 1954 4826 τὸ

371 4850 733 4917 κατακρίνειν
761 4851 888 4913 τοὺς
916 4851 1111 4918 ἄλλους
1137 4870 1150 4885 ·
1192 4857 1260 4909 τὰ
1314 4855 1371 4910 δὲ
1407 4858 1530 4912 καθ’
1564 4859 1725 4930 ἡμῶν
1774 4861 1955 4916 αὐτῶν
1990 4846 1993 4851 ἱ

375 4940 662 5011 ἐπιμελῶς
693 4944 1047 5014 πράττοντες,
1086 4947 1341 5020 οὐδαμῶς
1369 4950 1776 5023 αἰσθανόμεθα·
1812 4953 1872 5007 οὗ
1903 4956 1955 5008 τί

330 5026 333 5029 ’
376 5033 499 5084 ποτ’
529 5032 594 5086 ἂν
623 5037 805 5104 χεῖρον
839 5039 1036 5108 φανείη
1057 5039 1256 5104 ςὌπου
1276 5042 1382 5113 γὰρ
1418 5043 1739 5114 ἀσύμφορόν
1765 5061 1824 5098 τε
1860 5048 1955 5099 καὶ

378 5122 644 5193 βλαϐερὸν
667 5129 723 5179 ἐν
754 5130 854 5195 ῐσῳ
888 5132 958 5185 τὰ
983 5133 1143 5203 ήμῶν
1176 5136 1379 5198 αὐτῶν,
1418 5138 1515 5191 καὶ
1549 5138 1617 5191 τὰ
1646 5139 1754 5191 τῶν
1778 5139 1954 5194 ἄλλων

377 5212 756 5284 ἁμαρτήματα
791 5220 999 5291 κρίνειν
1018 5224 1214 5291 (οὐδεὶς
1231 5226 1338 5297 γὰρ
1362 5223 1472 5282 οἶδε
1495 5228 1564 5281 τὰ
1605 5228 1700 5282 τοῦ
1732 5229 1919 5300 ἑτέρου
1938 5249 1952 5266 ο

376 5307 493 5368 καὶ,
533 5304 796 5375 ἕκαστος
841 5311 903 5362 τὸ
954 5311 1109 5366 ῑδιον
1135 5319 1385 5384 φορτίον
1429 5318 1784 5389 βαστάσει),
1826 5322 1956 5375 ὅταν

376 5396 490 5459 τοῖς
511 5398 607 5465 μὲν
629 5398 807 5463 ἄλλοις
840 5400 1053 5473 βαρέως
1077 5406 1451 5478 ἔπικεώμεθα,
1475 5409 1574 5463 καὶ
1601 5404 1753 5480 ὦμεν
1776 5411 1956 5482 ἀτταρ-

377 5487 596 5557 αίτητοι
644 5490 904 5546 δικασταὶ
950 5496 1126 5566 μικρᾶ
1189 5498 1284 5552 τοῦ
1329 5502 1657 5570 γιγνομένου
1693 5502 1956 5569 παρεξελ-

381 5578 558 5646 θοῦσι,
590 5583 658 5636 τὰ
689 5585 733 5637 δ’
761 5585 1009 5656 ἡμέτερα
1040 5591 1205 5655 κακὰ,
1231 5590 1350 5644 οὐδὲ
1377 5593 1592 5663 φορητὰ
1612 5594 1773 5664 τυχὸν
1799 5596 1949 5662 ὄντα,

383 5677 935 5748 μετεγκεντρίζωμεν
988 5682 1069 5743 είς
1121 5682 1614 5755 πλεονεκτήματα,
1678 5685 1793 5750 πῶς
1857 5689 1953 5758 οὐχ

2068 817 2325 874 oblivioni
2352 820 2659 885 traduntur,
2682 830 2737 876 et
2780 822 3041 877 adversus
3066 835 3158 876 eos
3182 821 3455 876 sententia
3483 819 3640 888 plena

2065 906 2274 962 cavillis
2300 907 2595 977 profertur.
2625 909 2689 964 Et
2711 911 2838 977 quid
2861 925 2961 980 ego
2984 910 3136 977 plura
3161 910 3284 965 dico
3307 909 3468 964 vitia?
3499 908 3641 963 Nam

2066 996 2254 1068 siquis
2281 1001 2564 1058 convictus
2621 1000 2784 1055 fuerit
2836 1003 2929 1057 uni
3006 1006 3381 1059 tantummodo
3434 1004 3643 1060 servire

2065 1090 2223 1156 vitio,
2260 1092 2511 1162 quodque
2564 1092 2737 1148 leVius
2787 1092 2951 1157 etiam
2981 1107 3105 1149 esse
3150 1093 3421 1157 videatur,
3456 1095 3640 1148 statim

2064 1181 2132 1235 ab
2163 1182 2269 1239 illis
2293 1184 2464 1249 audit,
2492 1183 2654 1239 Miser
2687 1185 2798 1249 ille,
2835 1184 3021 1242 infelix
3076 1184 3186 1249 ille,
3220 1185 3443 1256 aliaque
3481 1184 3640 1257 plura

2062 1272 2223 1340 talia;
2257 1274 2407 1339 item,
2434 1273 2479 1331 Ο
2514 1285 2591 1343 ιιι,
2640 1275 2881 1345 qualium
2918 1291 3044 1333 reus
3078 1277 3473 1348 suppliciorum
3532 1293 3640 1332 non

2058 1365 2290 1435 teipsum
2326 1366 2635 1436 demergis?
2658 1367 2842 1439 itaque
2868 1384 2977 1424 non
3003 1369 3256 1426 desinunt
3290 1370 3441 1438 prius
3473 1384 3635 1438 quam

2061 1459 2425 1526 ostenderint,
2476 1461 2751 1517 hominem
2785 1471 3037 1518 sexcenta
3067 1463 3317 1518 meritum
3349 1462 3639 1532 supplicia.

2061 1548 2235 1615 Quam
2263 1556 2329 1607 ad
2361 1567 2474 1607 rem
2503 1553 2809 1609 admirabili
2842 1554 3099 1610 facundia
3123 1552 3358 1622 quadam
3387 1562 3635 1612 utuntur:

2060 1657 2183 1697 nam
2218 1644 2333 1699 slve
2364 1644 2579 1714 ignavia
2601 1655 2684 1701 est
2713 1662 2834 1716 qua:
2866 1646 3081 1702 crimini
3110 1645 3287 1710 datur,
3314 1645 3429 1701 sive
3454 1646 3638 1715 segni.

2060 1736 2161 1791 lies
2185 1737 2252 1791 ad
2281 1736 2508 1801 bonum,
2554 1739 2878 1808 vel,qnidvis
2927 1738 3070 1793 aliud
3114 1753 3438 1809 quocunque
3479 1740 3638 1794 modo

2059 1843 2169 1883 non
2198 1828 2420 1895 bonum,
2462 1830 2689 1886 nimium
2717 1840 2979 1901 quantum
3028 1846 3141 1886 rem
3175 1831 3321 1886 illam
3370 1831 3638 1886 extollunt

2061 1927 2116 1976 et
2135 1920 2503 1989 ampliﬁcant;
2547 1936 2667 1990 quas
2711 1936 2839 1977 vero
2862 1931 2988 1978 sunt
3010 1922 3064 1976 in
3090 1922 3170 1976 eis
3192 1920 3443 1985 virtutes,
3473 1937 3637 1992 quam

2064 2011 2145 2065 vis
2164 2010 2455 2067 admodum
2486 2012 2595 2067 sint
2630 2012 2898 2082 acquisita
2932 2012 3196 2077 difﬁciles,
3230 2012 3482 2082 quamvis
3541 2026 3635 2067 eas

2064 2103 2312 2159 homines
2340 2105 2553 2174 assequi
2584 2103 2668 2157 vix
2690 2108 2919 2173 possint,
2974 2113 3154 2160 tamen
3203 2103 3421 2159 vitiatas
3449 2104 3506 2158 hi
3539 2118 3637 2159 vo-

2060 2206 2201 2253 cant.
2237 2206 2459 2267 propter
2504 2195 2822 2251 vitiositatis
2852 2197 3251 2253 admistionem.
3276 2195 3343 2251 Et
3400 2210 3636 2266 quonam

2061 2287 2149 2343 ille
2179 2298 2334 2356 pacto
2385 2288 2563 2343 malus
2612 2298 2718 2354 est,
2768 2290 2825 2344 in
2872 2301 3165 2359 utramque
3219 2288 3375 2359 quasi
3427 2297 3635 2358 partem

2060 2379 2431 2448 propendens:
2468 2388 2547 2443 tu,
2575 2380 2667 2449 qui
2693 2380 2742 2434 ei
2773 2394 2871 2449 per
2901 2381 3080 2436 omnia
3113 2396 3210 2450 par
3235 2395 3316 2445 es,
3360 2380 3475 2435 sive
3523 2396 3638 2434 vrr-

2062 2479 2252 2540 tutem,
2282 2472 2397 2526 sive
2429 2471 2748 2541 pravitatem
2781 2482 3107 2539 spectemus,
3142 2474 3393 2542 egregius
3445 2472 3521 2527 sis
3554 2481 3637 2525 at-

2058 2578 2164 2635 que
2210 2563 2421 2620 bonus?
2466 2563 2574 2617 Aut
2606 2562 2749 2617 enim
2782 2571 2835 2617 et
2869 2563 2987 2633 ipse
3017 2563 3213 2627 bonus,
3256 2563 3346 2632 qui
3375 2563 3450 2618 tui
3483 2563 3636 2618 simi-

2058 2654 2147 2720 lis,
2194 2663 2289 2710 ant
2343 2664 2397 2708 tu
2448 2666 2662 2724 quoque
2708 2652 2883 2708 malus
2927 2653 3243 2709 omnimodo
3287 2654 3379 2723 qui
3437 2654 3534 2709 abs
3583 2664 3635 2708 te

2058 2747 2414 2802 condemnato
2440 2761 2537 2815 par
2559 2761 2641 2801 es.
2671 2745 2814 2811 Quin
2843 2746 3006 2801 etiam
3034 2747 3086 2799 in
3116 2748 3214 2800 hac
3238 2757 3389 2816 parte
3411 2761 3633 2817 supr-ras

2058 2839 2205 2894 illum
2229 2838 2456 2894 alterum
2477 2840 2764 2908 pravitate,
2789 2840 2931 2907 quod
2956 2839 3080 2894 odio
3103 2841 3476 2908 prosequaris,
3507 2856 3631 2893 cum

2060 2931 2175 3000 ipse
2211 2945 2315 2985 non
2368 2931 2443 2985 sis
2483 2930 2555 2985 illi
2592 2932 2741 2994 odio,
2767 2933 3021 3001 quodque
3044 2935 3265 2987 damnes
3320 2947 3412 2988 eos
3441 2934 3533 3002 qui
3565 2932 3634 2986 ti-

2062 3023 2117 3078 bi
2152 3037 2251 3091 par
2284 3035 2382 3091 pro
2416 3022 2534 3089 pari
2572 3036 2674 3076 non
2703 3021 2967 3076 referunt.
2990 3021 3123 3087 Sed,
3158 3022 3236 3076 uti
3270 3020 3503 3084 videtur,
3551 3020 3634 3074 fa-

2056 3114 2214 3170 cilius
2245 3114 2312 3168 ad
2376 3112 2516 3168 mala
2549 3127 2709 3182 quam
2740 3113 2880 3171 bona
2938 3112 3211 3184 proclives
3250 3127 3458 3168 sumus.
3495 3111 3634 3166 Nam

2059 3216 2217 3260 acute
2269 3204 2500 3260 aliorum
2533 3205 2662 3259 vitia
2717 3207 3018 3271 cernimus,
3048 3204 3103 3258 in
3137 3206 3345 3259 n05tris
3375 3219 3473 3258 nec
3502 3217 3635 3256 ocn-

2062 3294 2170 3350 lum
2202 3295 2483 3361 habemus,
2511 3309 2613 3349 nec
2644 3309 2851 3361 aurem,
2883 3309 2983 3349 nec
3011 3295 3171 3348 ullam
3197 3293 3631 3363 intelligentiam,

2059 3400 2122 3439 ac
2159 3400 2227 3439 ne
2264 3384 2482 3454 quidem
2514 3384 2713 3438 habere
2744 3385 3013 3439 volumus.
3077 3385 3189 3437 lino
3231 3384 3413 3437 videre
3452 3394 3535 3436 est
3582 3392 3637 3433 et

2058 3477 2201 3531 aliud
2251 3476 2505 3545 quiddam
2560 3474 2712 3529 nobis
2744 3475 3019 3535 accidere.
3080 3474 3254 3529 nihilo
3319 3474 3510 3527 melius
3544 3473 3634 3526 illo

2058 3571 2259 3638 priore,
2293 3571 2337 3622 si
2362 3584 2467 3622 non
2505 3568 2673 3622 multo
2697 3581 2911 3637 quoque
2936 3568 3175 3621 deterius
3198 3577 3300 3622 cst.
3332 3567 3467 3621 Nam
3513 3581 3635 3635 quze

2057 3661 2110 3715 in
2142 3660 2262 3713 aliis
2287 3660 2489 3714 eximia
2546 3669 2693 3723 sunt,
2735 3662 3054 3729 plerumque
3095 3675 3200 3713 non
3249 3660 3630 3729 agnoscimus:
3697 3666 3705 3674 '

2059 3760 2114 3805 at
2142 3749 2325 3814 multa,
2362 3750 2573 3820 longius
2606 3764 2635 3803 a
2687 3750 2885 3819 quibus
2924 3750 3181 3805 absumus
3209 3765 3370 3818 quam
3404 3764 3430 3802 a
3465 3752 3635 3818 parti-

2056 3845 2156 3898 bus
2182 3841 2553 3913 Hyperboreis
2586 3840 2861 3897 Herculeas
2885 3841 3171 3909 columnae,
3199 3842 3353 3897 nobis
3385 3842 3497 3911 ipsi
3519 3843 3637 3896 viu-

2058 3934 2325 3994 dicamus,
2354 3934 2606 4003 elatoque
2636 3933 2869 3988 maxime
2895 3933 3210 4001 supercilio,
3267 3948 3365 3988 nos
3389 3934 3513 3990 aliis
3544 3951 3635 3987 sus

2056 4026 2300 4097 periores
2329 4039 2449 4080 esse
2483 4035 2752 4094 putamus,
2790 4040 2853 4079 ac
2879 4039 2945 4078 ne
2974 4024 3189 4094 quidem
3211 4025 3350 4080 inter
3386 4026 3634 4083 homines

2057 4132 2176 4173 esse
2227 4132 2327 4172 nos
2376 4116 2739 4181 arbitramur,
2787 4116 2879 4171 sed
2944 4116 3176 4186 quadam
3203 4117 3259 4171 in
3308 4127 3463 4186 parte
3519 4133 3633 4176 cm-

2055 4210 2090 4264 li
2119 4228 2133 4263 :
2169 4215 2421 4280 quodque
2446 4213 2686 4265 omnium
2737 4207 3158 4278 pessimum'est,
3179 4212 3349 4278 ipsam
3374 4211 3639 4266 vitiosita-

2057 4319 2164 4359 tem
2195 4321 2313 4376 qua:
2339 4305 2394 4358 in
2418 4304 2588 4360 nobis
2622 4314 2724 4367 εει,
2752 4305 3061 4359 vincentem
3111 4304 3343 4358 aliorum
3402 4304 3641 4359 fortasse

2059 4399 2211 4463 vitia,
2262 4398 2516 4451 virtutem
2550 4396 2909 4465 appellamus,
2948 4409 3011 4450 ac
3062 4410 3452 4467 nonnunquam
3511 4411 3638 4466 pro-

2056 4492 2188 4545 bare
2214 4504 2475 4545 conamur
2502 4490 2641 4544 hanc
2677 4505 2840 4559 supra
2869 4490 3099 4544 virtutes
3128 4489 3374 4544 omnium
3403 4490 3636 4556 positam
3732 4536 3751 4543 κ

2060 4599 2200 4640 esse.
2234 4580 2313 4637 Ne
2346 4584 2433 4636 hic
2472 4581 2691 4650 quidem
2743 4584 3068 4647 insistimus,
3119 4582 3214 4637 sed
3265 4582 3421 4637 bonis
3472 4582 3635 4635 etiam

2060 4678 2190 4732 viris
2218 4677 2552 4753 invidemus,
2584 4691 2881 4744 eorumque
2908 4675 3199 4730 virtutibus
3240 4674 3453 4728 nomina
3479 4674 3638 4726 vitio-

2063 4786 2179 4825 rum
2213 4769 2466 4824 indinms.
2532 4767 2703 4822 Simul
2739 4767 3107 4821 abominabilc
3161 4765 3419 4834 quiddam
3463 4766 3637 4817 admi-

2060 4876 2199 4919 stunt
2224 4871 2326 4928 est,
2358 4860 2502 4930 quod
2536 4873 2607 4914 ne
2647 4858 2865 4926 quidem
2899 4858 3305 4919 erubescamus,
3336 4857 3429 4909 sed
3462 4856 3639 4930 impn-

2060 4955 2251 5009 denter
2302 4929 2438 5008 adeo
2485 4950 2897 5020 progrediamur
2950 4948 3003 5002 in
3043 4947 3110 5003 iis
3144 4961 3374 5014 quorum
3411 4929 3639 5014 nos'pu-

2063 5043 2193 5099 dere
2229 5042 2483 5107 debebat,
2517 5039 2671 5109 quasi
2710 5040 2754 5093 si
2790 5037 3060 5107 quispiam
3110 5050 3231 5091 sese
3271 5034 3522 5089 licentius
3540 5050 3640 5104 ge-

2063 5144 2168 5198 rat,
2191 5149 2253 5189 ea
2284 5133 2572 5201 designans
2592 5130 2663 5184 ob
2688 5142 2805 5198 quite
2828 5139 3083 5181 coronam
3114 5127 3186 5182 sit
3213 5126 3661 5195 promcriturus:_

2064 5226 2306 5294 adeoque
2335 5222 2544 5279 similes
2575 5219 2913 5290 sapientibus
2938 5232 3147 5283 sumus,
3190 5218 3248 5273 in
3270 5218 3640 5273 condemnau-

2064 5321 2145 5373 dis
2176 5318 2317 5381 aliis,
2348 5324 2401 5367 at
2434 5313 2647 5367 interim
2674 5325 2777 5364 non
2817 5310 3346 5379 persentiscimus',‘a
3396 5312 3551 5366 nobis
3572 5327 3636 5366 ea

2055 5409 2297 5465 studiose
2332 5406 2443 5460 ﬁeri
2476 5418 2594 5473 quae
2629 5411 2819 5457 contra
2876 5416 2976 5456 nos
3004 5404 3152 5470 ipsos
3184 5403 3315 5458 sint.
3355 5402 3473 5469 Quo
3503 5417 3638 5458 sane

2053 5502 2180 5571 quid
2210 5498 2377 5553 videri
2410 5495 2658 5549 deterius
2710 5493 2925 5561 possit?
2957 5494 3091 5548 Nam
3141 5510 3263 5549 cum
3313 5496 3510 5549 malum
3565 5498 3637 5550 sit

2057 5604 2220 5661 atque
2269 5589 2512 5650 noxium,
2552 5598 2739 5641 nostra
2771 5595 2826 5642 et
2854 5586 3086 5641 aliorum
3120 5596 3341 5655 peccata
3375 5588 3524 5655 paria
3555 5587 3635 5640 fat--

2053 5700 2175 5739 rere
2199 5684 2344 5752 (nam
2386 5680 2559 5735 aliena
2596 5692 2755 5733 nemo
2782 5678 2976 5745 novit;
3011 5678 3166 5743 item,
3203 5677 3352 5733 Onus
3407 5678 3626 5746 quisque

380 5762 571 5832 ὥσπερ
608 5765 918 5839 ἐξεπίτηδες
938 5770 1007 5826 τὰ
1044 5773 1164 5827 καθ’
1198 5774 1351 5847 ἡμῶν
1375 5777 1554 5830 αὐτῶν
1588 5779 1936 5849 πράττομεθ;

2059 5793 2199 5831 suum
2230 5774 2531 5844 portabit‘),
2556 5774 2770 5843 quoties
2797 5773 2916 5827 aliis
2947 5787 3137 5841 graves
3157 5782 3437 5834 rmnus,ct
3469 5769 3626 5823 inex-

438 5883 454 5913 ⁸
484 5881 657 5936 Galat.
685 5899 758 5949 Vl,
792 5886 847 5942 5.
