  <div class='ocr_page' id='page_1' title='image "/cluster/home/n/w/nwhite01/storage/ocr_20150623/156/hvd.32044019208438/324.png"; bbox 0 0 3990 6662; ppageno 0'>
   <div class='ocr_carea' id='block_1_1' title="bbox 195 441 1835 510">
    <p class='ocr_par' dir='ltr' id='par_1_1' title="bbox 195 443 1835 510">
     <span class='ocr_line' id='line_1_1' title="bbox 195 443 1835 510; baseline -0.005 0"><span class='ocrx_word' id='word_1_1' title='bbox 195 446 330 510; x_wconf 65' lang='grc'><strong>43</strong></span> <span class='ocrx_word' id='word_1_2' title='bbox 355 444 396 510; x_wconf 83' lang='grc'><strong>1</strong></span> <span class='ocrx_word' id='word_1_3' title='bbox 1738 443 1835 503; x_wconf 79' lang='lat' dir='ltr'><strong>0R</strong></span> 
     </span>
    </p>
   </div>
   <div class='ocr_carea' id='block_1_2' title="bbox 1946 441 3552 510">
    <p class='ocr_par' dir='ltr' id='par_1_2' title="bbox 1948 441 3552 506">
     <span class='ocr_line' id='line_1_2' title="bbox 1948 441 3552 506; baseline 0.002 -4"><span class='ocrx_word' id='word_1_4' title='bbox 1948 444 2024 505; x_wconf 89' lang='lat' dir='ltr'><strong>lO</strong></span> <span class='ocrx_word' id='word_1_5' title='bbox 2068 444 2136 506; x_wconf 87' lang='lat' dir='ltr'><strong>V.</strong></span> <span class='ocrx_word' id='word_1_6' title='bbox 3448 441 3552 506; x_wconf 69' lang='lat'><strong>482</strong></span> 
     </span>
    </p>
   </div>
   <div class='ocr_carea' id='block_1_3' title="bbox 199 559 1835 638">
    <p class='ocr_par' dir='ltr' id='par_1_3' title="bbox 199 562 1835 638">
     <span class='ocr_line' id='line_1_3' title="bbox 199 562 1835 638; baseline -0.006 -15"><span class='ocrx_word' id='word_1_7' title='bbox 199 567 542 638; x_wconf 66' lang='grc' dir='ltr'><strong>ηκούσης</strong></span> <span class='ocrx_word' id='word_1_8' title='bbox 588 563 918 630; x_wconf 76' lang='grc' dir='ltr'>ἀνθρώποις,</span> <span class='ocrx_word' id='word_1_9' title='bbox 951 562 1087 627; x_wconf 74' lang='grc' dir='ltr'>ζῶσί</span> <span class='ocrx_word' id='word_1_10' title='bbox 1121 581 1179 617; x_wconf 85' lang='grc' dir='ltr'><strong>τε</strong></span> <span class='ocrx_word' id='word_1_11' title='bbox 1214 562 1548 633; x_wconf 80' lang='grc' dir='ltr'>προσήκοντι</span> <span class='ocrx_word' id='word_1_12' title='bbox 1607 565 1835 634; x_wconf 76' lang='grc' dir='ltr'>σχήματι</span> 
     </span>
    </p>
   </div>
   <div class='ocr_carea' id='block_1_4' title="bbox 1946 559 3549 638">
    <p class='ocr_par' dir='ltr' id='par_1_4' title="bbox 1946 559 3549 630">
     <span class='ocr_line' id='line_1_4' title="bbox 1946 559 3549 630; baseline 0.001 -15"><span class='ocrx_word' id='word_1_13' title='bbox 1946 577 2096 628; x_wconf 51' lang='grc' dir='ltr'>,ταιιι</span> <span class='ocrx_word' id='word_1_14' title='bbox 2147 577 2311 630; x_wconf 85' lang='lat' dir='ltr'><strong>opera</strong></span> <span class='ocrx_word' id='word_1_15' title='bbox 2356 561 2514 618; x_wconf 89' lang='lat' dir='ltr'><strong>nobis</strong></span> <span class='ocrx_word' id='word_1_16' title='bbox 2563 559 2825 625; x_wconf 87' lang='lat' dir='ltr'><strong>ostendit,</strong></span> <span class='ocrx_word' id='word_1_17' title='bbox 2873 559 3071 628; x_wconf 83' lang='lat' dir='ltr'><strong>quibus</strong></span> <span class='ocrx_word' id='word_1_18' title='bbox 3125 559 3334 627; x_wconf 79' lang='lat' dir='ltr'><strong>pictura</strong></span> <span class='ocrx_word' id='word_1_19' title='bbox 3393 563 3549 627; x_wconf 80' lang='lat' dir='ltr'><strong>quasi</strong></span> 
     </span>
    </p>
   </div>
   <div class='ocr_carea' id='block_1_5' title="bbox 199 654 1835 726">
    <p class='ocr_par' dir='ltr' id='par_1_5' title="bbox 199 655 1835 726">
     <span class='ocr_line' id='line_1_5' title="bbox 199 655 1835 726; baseline -0.004 -13"><span class='ocrx_word' id='word_1_20' title='bbox 199 661 377 713; x_wconf 68' lang='grc' dir='ltr'>καὶ</span> <span class='ocrx_word' id='word_1_21' title='bbox 425 657 671 726; x_wconf 82' lang='grc' dir='ltr'>λογισμῷ</span> <span class='ocrx_word' id='word_1_22' title='bbox 710 657 779 710; x_wconf 71' lang='grc' dir='ltr'><strong>τέι</strong></span> <span class='ocrx_word' id='word_1_23' title='bbox 809 655 929 708; x_wconf 86' lang='grc' dir='ltr'>κατ’</span> <span class='ocrx_word' id='word_1_24' title='bbox 985 656 1188 718; x_wconf 81' lang='grc' dir='ltr'>αὐτοὺς</span> <span class='ocrx_word' id='word_1_25' title='bbox 1236 655 1474 708; x_wconf 80' lang='grc' dir='ltr'>ίούνουσι</span> <span class='ocrx_word' id='word_1_26' title='bbox 1535 656 1835 726; x_wconf 71' lang='grc' dir='ltr'>πράγματα</span> 
     </span>
    </p>
   </div>
   <div class='ocr_carea' id='block_1_6' title="bbox 1946 654 3548 726">
    <p class='ocr_par' dir='ltr' id='par_1_6' title="bbox 1973 654 3548 726">
     <span class='ocr_line' id='line_1_6' title="bbox 1973 654 3548 726; baseline 0 -18"><span class='ocrx_word' id='word_1_27' title='bbox 1973 659 2208 726; x_wconf 86' lang='lat' dir='ltr'><strong>quadam</strong></span> <span class='ocrx_word' id='word_1_28' title='bbox 2263 657 2694 726; x_wconf 75' lang='lat' dir='ltr'><strong>expritnebatur.</strong></span> <span class='ocrx_word' id='word_1_29' title='bbox 2748 654 2824 708; x_wconf 80' lang='lat' dir='ltr'><strong>Ex</strong></span> <span class='ocrx_word' id='word_1_30' title='bbox 2879 655 3079 723; x_wconf 83' lang='lat' dir='ltr'><strong>quibus</strong></span> <span class='ocrx_word' id='word_1_31' title='bbox 3116 656 3369 709; x_wconf 91' lang='lat' dir='ltr'><strong>omnibus</strong></span> <span class='ocrx_word' id='word_1_32' title='bbox 3413 670 3548 709; x_wconf 80' lang='lat' dir='ltr'><strong>sane</strong></span> 
     </span>
    </p>
   </div>
   <div class='ocr_carea' id='block_1_7' title="bbox 206 744 1835 819">
    <p class='ocr_par' dir='ltr' id='par_1_7' title="bbox 206 744 1834 819">
     <span class='ocr_line' id='line_1_7' title="bbox 206 744 1834 819; baseline -0.004 -13"><span class='ocrx_word' id='word_1_33' title='bbox 206 751 508 819; x_wconf 69' lang='grc' dir='ltr'>ἀγαθήν</span> <span class='ocrx_word' id='word_1_34' title='bbox 553 768 611 803; x_wconf 83' lang='grc' dir='ltr'><strong>τε</strong></span> <span class='ocrx_word' id='word_1_35' title='bbox 650 744 790 801; x_wconf 75' lang='grc' dir='ltr'>εἶναι</span> <span class='ocrx_word' id='word_1_36' title='bbox 827 748 948 801; x_wconf 76' lang='grc' dir='ltr'>καθ’</span> <span class='ocrx_word' id='word_1_37' title='bbox 996 747 1187 818; x_wconf 75' lang='grc' dir='ltr'>αὐτὴν,</span> <span class='ocrx_word' id='word_1_38' title='bbox 1220 747 1319 802; x_wconf 71' lang='grc' dir='ltr'><strong>καὶ</strong></span> <span class='ocrx_word' id='word_1_39' title='bbox 1367 747 1556 809; x_wconf 80' lang='grc' dir='ltr'>αὐτοῖς</span> <span class='ocrx_word' id='word_1_40' title='bbox 1607 746 1834 817; x_wconf 81' lang='grc' dir='ltr'>πρόξενο</span> 
     </span>
    </p>
   </div>
   <div class='ocr_carea' id='block_1_8' title="bbox 1946 744 3620 819">
    <p class='ocr_par' dir='ltr' id='par_1_8' title="bbox 1973 746 3620 819">
     <span class='ocr_line' id='line_1_8' title="bbox 1973 746 3620 819; baseline -0.002 -15"><span class='ocrx_word' id='word_1_41' title='bbox 1973 749 2272 816; x_wconf 71' lang='lat' dir='ltr'><strong>colligitur,</strong></span> <span class='ocrx_word' id='word_1_42' title='bbox 2321 750 2494 819; x_wconf 73' lang='lat' dir='ltr'><strong>ipsum</strong></span> <span class='ocrx_word' id='word_1_43' title='bbox 2531 748 2890 816; x_wconf 83' lang='lat' dir='ltr'><strong>voluptatem,</strong></span> <span class='ocrx_word' id='word_1_44' title='bbox 2937 746 3095 815; x_wconf 80' lang='lat' dir='ltr'><strong>cujus</strong></span> <span class='ocrx_word' id='word_1_45' title='bbox 3133 747 3315 816; x_wconf 78' lang='lat' dir='ltr'><strong>imago</strong></span> <span class='ocrx_word' id='word_1_46' title='bbox 3347 762 3546 814; x_wconf 66' lang='lat' dir='ltr'><strong>reprae-</strong></span> <span class='ocrx_word' id='word_1_47' title='bbox 3595 779 3620 815; x_wconf 55' lang='grc' dir='ltr'>,ι</span> 
     </span>
    </p>
   </div>
   <div class='ocr_carea' id='block_1_9' title="bbox 207 839 1835 912">
    <p class='ocr_par' dir='ltr' id='par_1_9' title="bbox 207 839 1835 912">
     <span class='ocr_line' id='line_1_9' title="bbox 207 839 1835 912; baseline -0.001 -17"><span class='ocrx_word' id='word_1_48' title='bbox 207 844 518 911; x_wconf 74' lang='grc' dir='ltr'>ἀγαθῶν</span> <span class='ocrx_word' id='word_1_49' title='bbox 555 842 850 910; x_wconf 85' lang='grc' dir='ltr'>μεγίστων,</span> <span class='ocrx_word' id='word_1_50' title='bbox 881 841 973 894; x_wconf 70' lang='grc' dir='ltr'>τὸν</span> <span class='ocrx_word' id='word_1_51' title='bbox 999 841 1123 912; x_wconf 80' lang='grc' dir='ltr'>τῇδε</span> <span class='ocrx_word' id='word_1_52' title='bbox 1160 839 1278 910; x_wconf 87' lang='grc' dir='ltr'>βίον</span> <span class='ocrx_word' id='word_1_53' title='bbox 1308 839 1597 909; x_wconf 79' lang='grc' dir='ltr'>ἀμείψασι,</span> <span class='ocrx_word' id='word_1_54' title='bbox 1634 842 1835 910; x_wconf 81' lang='grc' dir='ltr'>προσέτ</span> 
     </span>
    </p>
   </div>
   <div class='ocr_carea' id='block_1_10' title="bbox 1946 839 3547 912">
    <p class='ocr_par' dir='ltr' id='par_1_10' title="bbox 1971 843 3547 910">
     <span class='ocr_line' id='line_1_10' title="bbox 1971 843 3547 910; baseline -0.004 -11"><span class='ocrx_word' id='word_1_55' title='bbox 1971 845 2309 907; x_wconf 83' lang='lat' dir='ltr'><strong>sentabatur,</strong></span> <span class='ocrx_word' id='word_1_56' title='bbox 2337 844 2624 898; x_wconf 82' lang='lat' dir='ltr'><strong>manifesto</strong></span> <span class='ocrx_word' id='word_1_57' title='bbox 2645 845 2923 898; x_wconf 85' lang='lat' dir='ltr'><strong>victricem</strong></span> <span class='ocrx_word' id='word_1_58' title='bbox 2949 857 3069 898; x_wconf 84' lang='lat' dir='ltr'><strong>esse</strong></span> <span class='ocrx_word' id='word_1_59' title='bbox 3095 853 3379 910; x_wconf 73' lang='lat' dir='ltr'><strong>propterea</strong></span> <span class='ocrx_word' id='word_1_60' title='bbox 3403 843 3547 910; x_wconf 85' lang='lat' dir='ltr'><strong>quod</strong></span> 
     </span>
    </p>
   </div>
   <div class='ocr_carea' id='block_1_11' title="bbox 215 933 1835 1006">
    <p class='ocr_par' dir='ltr' id='par_1_11' title="bbox 215 933 1835 1004">
     <span class='ocr_line' id='line_1_11' title="bbox 215 933 1835 1004; baseline -0.004 -15"><span class='ocrx_word' id='word_1_61' title='bbox 215 936 310 989; x_wconf 63' lang='grc' dir='ltr'>δὲ</span> <span class='ocrx_word' id='word_1_62' title='bbox 385 936 492 988; x_wconf 77' lang='grc' dir='ltr'>καὶ</span> <span class='ocrx_word' id='word_1_63' title='bbox 529 935 728 1004; x_wconf 77' lang='grc' dir='ltr'>ἡδονῆς</span> <span class='ocrx_word' id='word_1_64' title='bbox 777 933 1157 1000; x_wconf 65' lang='grc' dir='ltr'>ἀληθεστάτης</span> <span class='ocrx_word' id='word_1_65' title='bbox 1202 947 1262 984; x_wconf 83' lang='grc' dir='ltr'><strong>τε</strong></span> <span class='ocrx_word' id='word_1_66' title='bbox 1308 935 1402 985; x_wconf 73' lang='grc' dir='ltr'>καὶ</span> <span class='ocrx_word' id='word_1_67' title='bbox 1445 933 1674 1002; x_wconf 81' lang='grc' dir='ltr'><strong>μονίμου</strong></span> <span class='ocrx_word' id='word_1_68' title='bbox 1725 950 1835 1001; x_wconf 61' lang='grc' dir='ltr'>μετέ</span> 
     </span>
    </p>
   </div>
   <div class='ocr_carea' id='block_1_12' title="bbox 1946 933 3547 1006">
    <p class='ocr_par' dir='ltr' id='par_1_12' title="bbox 1972 934 3547 1006">
     <span class='ocr_line' id='line_1_12' title="bbox 1972 934 3547 1006; baseline -0.003 -18"><span class='ocrx_word' id='word_1_69' title='bbox 1972 949 2095 988; x_wconf 90' lang='lat' dir='ltr'><strong>cum</strong></span> <span class='ocrx_word' id='word_1_70' title='bbox 2128 936 2446 990; x_wconf 82' lang='lat' dir='ltr'><strong>adversario</strong></span> <span class='ocrx_word' id='word_1_71' title='bbox 2481 948 2741 1006; x_wconf 80' lang='lat' dir='ltr'><strong>superam</strong></span> <span class='ocrx_word' id='word_1_72' title='bbox 2770 935 2916 989; x_wconf 79' lang='lat' dir='ltr'><strong>facili</strong></span> <span class='ocrx_word' id='word_1_73' title='bbox 2954 944 3007 988; x_wconf 90' lang='lat' dir='ltr'><strong>et</strong></span> <span class='ocrx_word' id='word_1_74' title='bbox 3043 935 3239 1003; x_wconf 76' lang='lat' dir='ltr'><strong>ignavo</strong></span> <span class='ocrx_word' id='word_1_75' title='bbox 3279 934 3330 985; x_wconf 91' lang='lat' dir='ltr'><strong>in</strong></span> <span class='ocrx_word' id='word_1_76' title='bbox 3366 942 3547 985; x_wconf 85' lang='lat' dir='ltr'><strong>certa-</strong></span> 
     </span>
    </p>
   </div>
   <div class='ocr_carea' id='block_1_13' title="bbox 214 1022 1835 1096">
    <p class='ocr_par' dir='ltr' id='par_1_13' title="bbox 214 1022 1835 1094">
     <span class='ocr_line' id='line_1_13' title="bbox 214 1022 1835 1094; baseline -0.004 -15"><span class='ocrx_word' id='word_1_77' title='bbox 214 1027 448 1091; x_wconf 75' lang='grc' dir='ltr'>δόξης</span> <span class='ocrx_word' id='word_1_78' title='bbox 479 1025 808 1094; x_wconf 78' lang='grc' dir='ltr'><strong>γιγνομένης</strong></span> <span class='ocrx_word' id='word_1_79' title='bbox 840 1022 918 1092; x_wconf 75' lang='grc' dir='ltr'>τῷ</span> <span class='ocrx_word' id='word_1_80' title='bbox 948 1024 1069 1075; x_wconf 86' lang='grc' dir='ltr'>τότε</span> <span class='ocrx_word' id='word_1_81' title='bbox 1108 1022 1230 1093; x_wconf 85' lang='grc' dir='ltr'><strong>βίῳ.</strong></span> <span class='ocrx_word' id='word_1_82' title='bbox 1271 1023 1361 1085; x_wconf 80' lang='grc' dir='ltr'>Ὠς</span> <span class='ocrx_word' id='word_1_83' title='bbox 1404 1023 1472 1075; x_wconf 74' lang='grc' dir='ltr'>τά</span> <span class='ocrx_word' id='word_1_84' title='bbox 1503 1039 1564 1089; x_wconf 82' lang='grc' dir='ltr'>γε</span> <span class='ocrx_word' id='word_1_85' title='bbox 1619 1023 1835 1091; x_wconf 74' lang='grc' dir='ltr'>παρόντι</span> 
     </span>
    </p>
   </div>
   <div class='ocr_carea' id='block_1_14' title="bbox 1946 1022 3547 1096">
    <p class='ocr_par' dir='ltr' id='par_1_14' title="bbox 1973 1027 3547 1096">
     <span class='ocr_line' id='line_1_14' title="bbox 1973 1027 3547 1096; baseline -0.001 -17"><span class='ocrx_word' id='word_1_86' title='bbox 1973 1040 2097 1079; x_wconf 86' lang='lat' dir='ltr'><strong>men</strong></span> <span class='ocrx_word' id='word_1_87' title='bbox 2131 1029 2425 1081; x_wconf 90' lang='lat' dir='ltr'><strong>descendat</strong></span> <span class='ocrx_word' id='word_1_88' title='bbox 2458 1042 2474 1079; x_wconf 92' lang='lat'><strong>:</strong></span> <span class='ocrx_word' id='word_1_89' title='bbox 2508 1044 2631 1082; x_wconf 91' lang='lat' dir='ltr'><strong>cum</strong></span> <span class='ocrx_word' id='word_1_90' title='bbox 2669 1028 2813 1090; x_wconf 83' lang='lat' dir='ltr'><strong>aliis,</strong></span> <span class='ocrx_word' id='word_1_91' title='bbox 2849 1028 2938 1096; x_wconf 79' lang='lat' dir='ltr'><strong>qui</strong></span> <span class='ocrx_word' id='word_1_92' title='bbox 2968 1041 3108 1079; x_wconf 69' lang='lat' dir='ltr'><strong>verte</strong></span> <span class='ocrx_word' id='word_1_93' title='bbox 3140 1027 3284 1087; x_wconf 54' lang='lat' dir='ltr'><strong>vitat,</strong></span> <span class='ocrx_word' id='word_1_94' title='bbox 3319 1039 3547 1093; x_wconf 76' lang='lat' dir='ltr'><strong>quaeque</strong></span> 
     </span>
    </p>
   </div>
   <div class='ocr_carea' id='block_1_15' title="bbox 225 1113 1835 1190">
    <p class='ocr_par' dir='ltr' id='par_1_15' title="bbox 225 1113 1835 1184">
     <span class='ocr_line' id='line_1_15' title="bbox 225 1113 1835 1184; baseline -0.004 -13"><span class='ocrx_word' id='word_1_95' title='bbox 225 1117 494 1184; x_wconf 72' lang='grc' dir='ltr'>ἀγαθὰ,</span> <span class='ocrx_word' id='word_1_96' title='bbox 531 1117 622 1169; x_wconf 79' lang='grc' dir='ltr'>καὶ</span> <span class='ocrx_word' id='word_1_97' title='bbox 665 1115 994 1184; x_wconf 80' lang='grc' dir='ltr'><strong>λαμπρότης</strong></span> <span class='ocrx_word' id='word_1_98' title='bbox 1044 1113 1258 1180; x_wconf 74' lang='grc' dir='ltr'>ᾶπασα,</span> <span class='ocrx_word' id='word_1_99' title='bbox 1289 1114 1443 1182; x_wconf 77' lang='grc' dir='ltr'>καὶὴ</span> <span class='ocrx_word' id='word_1_100' title='bbox 1489 1115 1673 1183; x_wconf 74' lang='grc' dir='ltr'>ἡδονὴ,</span> <span class='ocrx_word' id='word_1_101' title='bbox 1704 1115 1797 1168; x_wconf 74' lang='grc' dir='ltr'>καὶ</span> <span class='ocrx_word' id='word_1_102' title='bbox 1831 1132 1835 1142; x_wconf 69' lang='grc' dir='ltr'><strong>ε</strong></span> 
     </span>
    </p>
   </div>
   <div class='ocr_carea' id='block_1_16' title="bbox 1946 1113 3544 1190">
    <p class='ocr_par' dir='ltr' id='par_1_16' title="bbox 1967 1119 3544 1190">
     <span class='ocr_line' id='line_1_16' title="bbox 1967 1119 3544 1190; baseline -0.002 -17"><span class='ocrx_word' id='word_1_103' title='bbox 1967 1119 2283 1174; x_wconf 86' lang='lat' dir='ltr'><strong>hominibus</strong></span> <span class='ocrx_word' id='word_1_104' title='bbox 2318 1121 2431 1175; x_wconf 85' lang='lat' dir='ltr'><strong>sola</strong></span> <span class='ocrx_word' id='word_1_105' title='bbox 2465 1122 2749 1190; x_wconf 84' lang='lat' dir='ltr'><strong>competit,</strong></span> <span class='ocrx_word' id='word_1_106' title='bbox 2781 1122 3050 1174; x_wconf 85' lang='lat' dir='ltr'><strong>rationem</strong></span> <span class='ocrx_word' id='word_1_107' title='bbox 3081 1119 3306 1184; x_wconf 92' lang='lat' dir='ltr'><strong>habent,</strong></span> <span class='ocrx_word' id='word_1_108' title='bbox 3331 1128 3386 1171; x_wconf 89' lang='lat' dir='ltr'><strong>et</strong></span> <span class='ocrx_word' id='word_1_109' title='bbox 3415 1132 3544 1172; x_wconf 87' lang='lat' dir='ltr'><strong>con-</strong></span> 
     </span>
    </p>
   </div>
   <div class='ocr_carea' id='block_1_17' title="bbox 225 1205 1835 1283">
    <p class='ocr_par' dir='ltr' id='par_1_17' title="bbox 225 1205 1834 1276">
     <span class='ocr_line' id='line_1_17' title="bbox 225 1205 1834 1276; baseline -0.002 -17"><span class='ocrx_word' id='word_1_110' title='bbox 225 1207 437 1273; x_wconf 78' lang='grc' dir='ltr'>δόξα,</span> <span class='ocrx_word' id='word_1_111' title='bbox 471 1206 807 1276; x_wconf 78' lang='grc' dir='ltr'>ψευδώνυμὰ</span> <span class='ocrx_word' id='word_1_112' title='bbox 858 1208 981 1260; x_wconf 78' lang='grc' dir='ltr'>τινά</span> <span class='ocrx_word' id='word_1_113' title='bbox 1023 1205 1270 1258; x_wconf 77' lang='grc' dir='ltr'>ἐστικαὶ</span> <span class='ocrx_word' id='word_1_114' title='bbox 1325 1205 1520 1275; x_wconf 71' lang='grc' dir='ltr'>μικρὰ,</span> <span class='ocrx_word' id='word_1_115' title='bbox 1556 1207 1652 1258; x_wconf 71' lang='grc' dir='ltr'>καὶ</span> <span class='ocrx_word' id='word_1_116' title='bbox 1707 1207 1834 1276; x_wconf 77' lang='grc' dir='ltr'><strong>μὸγι</strong></span> 
     </span>
    </p>
   </div>
   <div class='ocr_carea' id='block_1_18' title="bbox 1946 1205 3546 1283">
    <p class='ocr_par' dir='ltr' id='par_1_18' title="bbox 1966 1213 3546 1283">
     <span class='ocr_line' id='line_1_18' title="bbox 1966 1213 3546 1283; baseline 0.001 -19"><span class='ocrx_word' id='word_1_117' title='bbox 1966 1213 2208 1266; x_wconf 85' lang='lat' dir='ltr'><strong>venienti</strong></span> <span class='ocrx_word' id='word_1_118' title='bbox 2243 1230 2365 1268; x_wconf 91' lang='lat' dir='ltr'><strong>cum</strong></span> <span class='ocrx_word' id='word_1_119' title='bbox 2397 1214 2662 1282; x_wconf 73' lang='lat' dir='ltr'><strong>dignitate</strong></span> <span class='ocrx_word' id='word_1_120' title='bbox 2697 1216 2904 1279; x_wconf 87' lang='lat' dir='ltr'><strong>vivunt,</strong></span> <span class='ocrx_word' id='word_1_121' title='bbox 2943 1229 3138 1283; x_wconf 87' lang='lat' dir='ltr'><strong>resque</strong></span> <span class='ocrx_word' id='word_1_122' title='bbox 3179 1228 3304 1268; x_wconf 89' lang='lat' dir='ltr'><strong>suas</strong></span> <span class='ocrx_word' id='word_1_123' title='bbox 3335 1213 3546 1266; x_wconf 78' lang='lat' dir='ltr'><strong>ratione</strong></span> 
     </span>
    </p>
   </div>
   <div class='ocr_carea' id='block_1_19' title="bbox 227 1299 1835 1375">
    <p class='ocr_par' dir='ltr' id='par_1_19' title="bbox 227 1299 1835 1372">
     <span class='ocr_line' id='line_1_19' title="bbox 227 1299 1835 1372; baseline -0.001 -18"><span class='ocrx_word' id='word_1_124' title='bbox 227 1318 392 1354; x_wconf 70' lang='grc' dir='ltr'>που</span> <span class='ocrx_word' id='word_1_125' title='bbox 445 1306 514 1372; x_wconf 82' lang='grc' dir='ltr'>τῇ</span> <span class='ocrx_word' id='word_1_126' title='bbox 571 1301 734 1372; x_wconf 78' lang='grc' dir='ltr'>χρείᾳ</span> <span class='ocrx_word' id='word_1_127' title='bbox 786 1303 1317 1371; x_wconf 81' lang='grc' dir='ltr'>συμπαραμένοντα.</span> <span class='ocrx_word' id='word_1_128' title='bbox 1387 1302 1497 1355; x_wconf 74' lang='grc' dir='ltr'>Καὶ</span> <span class='ocrx_word' id='word_1_129' title='bbox 1571 1301 1754 1353; x_wconf 74' lang='grc' dir='ltr'>πάντα</span> <span class='ocrx_word' id='word_1_130' title='bbox 1809 1299 1835 1352; x_wconf 85' lang='grc' dir='ltr'><strong>δ</strong></span> 
     </span>
    </p>
   </div>
   <div class='ocr_carea' id='block_1_20' title="bbox 1946 1299 3546 1375">
    <p class='ocr_par' dir='ltr' id='par_1_20' title="bbox 1971 1305 3546 1375">
     <span class='ocr_line' id='line_1_20' title="bbox 1971 1305 3546 1375; baseline -0.001 -19"><span class='ocrx_word' id='word_1_131' title='bbox 1971 1305 2344 1369; x_wconf 84' lang='lat' dir='ltr'><strong>moderantur,</strong></span> <span class='ocrx_word' id='word_1_132' title='bbox 2375 1307 2514 1360; x_wconf 91' lang='lat' dir='ltr'><strong>bona</strong></span> <span class='ocrx_word' id='word_1_133' title='bbox 2552 1322 2645 1375; x_wconf 90' lang='lat' dir='ltr'><strong>per</strong></span> <span class='ocrx_word' id='word_1_134' title='bbox 2677 1323 2734 1362; x_wconf 89' lang='lat' dir='ltr'><strong>se</strong></span> <span class='ocrx_word' id='word_1_135' title='bbox 2764 1309 2854 1370; x_wconf 85' lang='lat' dir='ltr'><strong>sit,</strong></span> <span class='ocrx_word' id='word_1_136' title='bbox 2891 1317 2945 1361; x_wconf 93' lang='lat' dir='ltr'><strong>et</strong></span> <span class='ocrx_word' id='word_1_137' title='bbox 2979 1307 3214 1360; x_wconf 80' lang='lat' dir='ltr'><strong>maxima</strong></span> <span class='ocrx_word' id='word_1_138' title='bbox 3247 1306 3385 1358; x_wconf 87' lang='lat' dir='ltr'><strong>bona</strong></span> <span class='ocrx_word' id='word_1_139' title='bbox 3417 1320 3546 1358; x_wconf 86' lang='lat' dir='ltr'><strong>con-</strong></span> 
     </span>
    </p>
   </div>
   <div class='ocr_carea' id='block_1_21' title="bbox 232 1390 1835 1469">
    <p class='ocr_par' dir='ltr' id='par_1_21' title="bbox 232 1390 1835 1460">
     <span class='ocr_line' id='line_1_21' title="bbox 232 1390 1835 1460; baseline 0.001 -20"><span class='ocrx_word' id='word_1_140' title='bbox 232 1390 496 1451; x_wconf 78' lang='grc' dir='ltr'>ὲκεῖνα,</span> <span class='ocrx_word' id='word_1_141' title='bbox 529 1391 630 1443; x_wconf 84' lang='grc' dir='ltr'><strong>ὅσα</strong></span> <span class='ocrx_word' id='word_1_142' title='bbox 664 1391 904 1460; x_wconf 82' lang='grc' dir='ltr'><strong>ζητητέα</strong></span> <span class='ocrx_word' id='word_1_143' title='bbox 928 1393 1061 1459; x_wconf 73' lang='grc' dir='ltr'>ἡμῖν</span> <span class='ocrx_word' id='word_1_144' title='bbox 1084 1393 1256 1455; x_wconf 77' lang='grc' dir='ltr'>ἐστιν,</span> <span class='ocrx_word' id='word_1_145' title='bbox 1291 1391 1351 1444; x_wconf 81' lang='grc' dir='ltr'><strong>οὐ</strong></span> <span class='ocrx_word' id='word_1_146' title='bbox 1377 1392 1576 1460; x_wconf 80' lang='grc' dir='ltr'>μᾶλλόν</span> <span class='ocrx_word' id='word_1_147' title='bbox 1606 1409 1666 1459; x_wconf 83' lang='grc' dir='ltr'>γε</span> <span class='ocrx_word' id='word_1_148' title='bbox 1687 1391 1835 1443; x_wconf 83' lang='grc' dir='ltr'><strong>αὺτῶ</strong></span> 
     </span>
    </p>
   </div>
   <div class='ocr_carea' id='block_1_22' title="bbox 1946 1390 3545 1469">
    <p class='ocr_par' dir='ltr' id='par_1_22' title="bbox 1968 1394 3545 1469">
     <span class='ocr_line' id='line_1_22' title="bbox 1968 1394 3545 1469; baseline -0.001 -20"><span class='ocrx_word' id='word_1_149' title='bbox 1968 1394 2142 1460; x_wconf 88' lang='lat' dir='ltr'><strong>ciliet,</strong></span> <span class='ocrx_word' id='word_1_150' title='bbox 2178 1398 2266 1451; x_wconf 90' lang='lat' dir='ltr'><strong>ubi</strong></span> <span class='ocrx_word' id='word_1_151' title='bbox 2296 1399 2362 1452; x_wconf 89' lang='lat' dir='ltr'><strong>de</strong></span> <span class='ocrx_word' id='word_1_152' title='bbox 2403 1399 2504 1451; x_wconf 88' lang='lat' dir='ltr'><strong>hac</strong></span> <span class='ocrx_word' id='word_1_153' title='bbox 2536 1399 2643 1450; x_wconf 81' lang='lat' dir='ltr'><strong>vita</strong></span> <span class='ocrx_word' id='word_1_154' title='bbox 2684 1399 3006 1469; x_wconf 75' lang='lat' dir='ltr'><strong>migrat&#39;unt,</strong></span> <span class='ocrx_word' id='word_1_155' title='bbox 3044 1406 3414 1465; x_wconf 71' lang='lat' dir='ltr'><strong>prmtereaque</strong></span> <span class='ocrx_word' id='word_1_156' title='bbox 3445 1411 3545 1447; x_wconf 90' lang='lat' dir='ltr'><strong>vo-</strong></span> 
     </span>
    </p>
   </div>
   <div class='ocr_carea' id='block_1_23' title="bbox 228 1481 1835 1558">
    <p class='ocr_par' dir='ltr' id='par_1_23' title="bbox 228 1481 1835 1556">
     <span class='ocr_line' id='line_1_23' title="bbox 228 1481 1835 1556; baseline -0.001 -18"><span class='ocrx_word' id='word_1_157' title='bbox 228 1485 450 1538; x_wconf 75' lang='grc' dir='ltr'>ἒνεκα</span> <span class='ocrx_word' id='word_1_158' title='bbox 488 1485 520 1555; x_wconf 78' lang='grc' dir='ltr'>ἢ</span> <span class='ocrx_word' id='word_1_159' title='bbox 559 1485 763 1554; x_wconf 80' lang='grc' dir='ltr'>ἐτέρων</span> <span class='ocrx_word' id='word_1_160' title='bbox 799 1484 1009 1538; x_wconf 81' lang='grc' dir='ltr'>τοιαῦτ’</span> <span class='ocrx_word' id='word_1_161' title='bbox 1035 1487 1102 1539; x_wconf 85' lang='grc' dir='ltr'><strong>ἂν</strong></span> <span class='ocrx_word' id='word_1_162' title='bbox 1159 1487 1272 1556; x_wconf 76' lang='grc' dir='ltr'><strong>εἴη.</strong></span> <span class='ocrx_word' id='word_1_163' title='bbox 1319 1481 1414 1549; x_wconf 72' lang='grc' dir='ltr'><strong>Οἷς</strong></span> <span class='ocrx_word' id='word_1_164' title='bbox 1453 1503 1517 1552; x_wconf 78' lang='grc' dir='ltr'>γε</span> <span class='ocrx_word' id='word_1_165' title='bbox 1580 1485 1835 1556; x_wconf 52' lang='grc' dir='ltr'>σύστοιχόη</span> 
     </span>
    </p>
   </div>
   <div class='ocr_carea' id='block_1_24' title="bbox 1946 1481 3536 1558">
    <p class='ocr_par' dir='ltr' id='par_1_24' title="bbox 1969 1488 3536 1558">
     <span class='ocr_line' id='line_1_24' title="bbox 1969 1488 3536 1558; baseline -0.001 -18"><span class='ocrx_word' id='word_1_166' title='bbox 1969 1491 2230 1558; x_wconf 89' lang='lat' dir='ltr'><strong>luptatetn</strong></span> <span class='ocrx_word' id='word_1_167' title='bbox 2263 1492 2607 1545; x_wconf 81' lang='lat' dir='ltr'><strong>verissimam</strong></span> <span class='ocrx_word' id='word_1_168' title='bbox 2642 1506 2703 1544; x_wconf 90' lang='lat' dir='ltr'><strong>ac</strong></span> <span class='ocrx_word' id='word_1_169' title='bbox 2732 1491 3057 1554; x_wconf 76' lang='lat' dir='ltr'><strong>durabilem,</strong></span> <span class='ocrx_word' id='word_1_170' title='bbox 3085 1501 3206 1543; x_wconf 86' lang='lat' dir='ltr'><strong>cum</strong></span> <span class='ocrx_word' id='word_1_171' title='bbox 3250 1489 3418 1557; x_wconf 84' lang='lat' dir='ltr'><strong>gloria</strong></span> <span class='ocrx_word' id='word_1_172' title='bbox 3457 1488 3536 1540; x_wconf 89' lang='lat' dir='ltr'><strong>vi-</strong></span> 
     </span>
    </p>
   </div>
   <div class='ocr_carea' id='block_1_25' title="bbox 232 1576 1835 1649">
    <p class='ocr_par' dir='ltr' id='par_1_25' title="bbox 232 1576 1828 1648">
     <span class='ocr_line' id='line_1_25' title="bbox 232 1576 1828 1648; baseline 0.001 -20"><span class='ocrx_word' id='word_1_173' title='bbox 232 1577 399 1629; x_wconf 74' lang='grc' dir='ltr'>ἐστι</span> <span class='ocrx_word' id='word_1_174' title='bbox 436 1578 536 1629; x_wconf 75' lang='grc' dir='ltr'><strong>καὶ</strong></span> <span class='ocrx_word' id='word_1_175' title='bbox 569 1577 629 1629; x_wconf 78' lang='grc' dir='ltr'>τὸ</span> <span class='ocrx_word' id='word_1_176' title='bbox 655 1576 757 1639; x_wconf 74' lang='grc' dir='ltr'><strong>τῆς</strong></span> <span class='ocrx_word' id='word_1_177' title='bbox 785 1577 980 1648; x_wconf 79' lang='grc' dir='ltr'>ἡδονῆς</span> <span class='ocrx_word' id='word_1_178' title='bbox 1006 1579 1218 1648; x_wconf 80' lang='grc' dir='ltr'>χρῆμα.</span> <span class='ocrx_word' id='word_1_179' title='bbox 1251 1578 1566 1648; x_wconf 80' lang='grc' dir='ltr'>Νομίζομεν</span> <span class='ocrx_word' id='word_1_180' title='bbox 1592 1579 1648 1632; x_wconf 81' lang='grc' dir='ltr'>δὲ</span> <span class='ocrx_word' id='word_1_181' title='bbox 1695 1578 1828 1631; x_wconf 76' lang='grc' dir='ltr'>καλδ</span> 
     </span>
    </p>
   </div>
   <div class='ocr_carea' id='block_1_26' title="bbox 1946 1576 3543 1649">
    <p class='ocr_par' dir='ltr' id='par_1_26' title="bbox 1971 1579 3543 1649">
     <span class='ocr_line' id='line_1_26' title="bbox 1971 1579 3543 1649; baseline -0.001 -17"><span class='ocrx_word' id='word_1_182' title='bbox 1971 1587 2038 1632; x_wconf 69' lang='lat' dir='ltr'><strong>tu:</strong></span> <span class='ocrx_word' id='word_1_183' title='bbox 2101 1591 2371 1634; x_wconf 68' lang='lat' dir='ltr'><strong>secuturae</strong></span> <span class='ocrx_word' id='word_1_184' title='bbox 2422 1582 2791 1646; x_wconf 84' lang='lat' dir='ltr'><strong>convenienti,</strong></span> <span class='ocrx_word' id='word_1_185' title='bbox 2832 1582 3026 1649; x_wconf 78' lang='lat' dir='ltr'><strong>pariat.</strong></span> <span class='ocrx_word' id='word_1_186' title='bbox 3081 1579 3348 1633; x_wconf 84' lang='lat' dir='ltr'><strong>Nimirum</strong></span> <span class='ocrx_word' id='word_1_187' title='bbox 3403 1593 3543 1646; x_wconf 68' lang='lat' dir='ltr'><strong>pra!-</strong></span> 
     </span>
    </p>
   </div>
   <div class='ocr_carea' id='block_1_27' title="bbox 235 1664 1835 1742">
    <p class='ocr_par' dir='ltr' id='par_1_27' title="bbox 235 1664 1835 1741">
     <span class='ocr_line' id='line_1_27' title="bbox 235 1664 1835 1741; baseline 0.003 -22"><span class='ocrx_word' id='word_1_188' title='bbox 235 1664 458 1735; x_wconf 74' lang='grc' dir='ltr'>εἷναι,</span> <span class='ocrx_word' id='word_1_189' title='bbox 491 1669 728 1722; x_wconf 73' lang='grc' dir='ltr'>ἐνταῦθα</span> <span class='ocrx_word' id='word_1_190' title='bbox 756 1670 846 1722; x_wconf 71' lang='grc' dir='ltr'>τὸν</span> <span class='ocrx_word' id='word_1_191' title='bbox 874 1669 1033 1738; x_wconf 86' lang='grc' dir='ltr'>λόγον</span> <span class='ocrx_word' id='word_1_192' title='bbox 1063 1669 1773 1741; x_wconf 82' lang='grc' dir='ltr'>κεφα).αιώσαντας,ὦσπερ</span> <span class='ocrx_word' id='word_1_193' title='bbox 1804 1670 1835 1724; x_wconf 45' lang='grc' dir='ltr'><strong>ιη</strong></span> 
     </span>
    </p>
   </div>
   <div class='ocr_carea' id='block_1_28' title="bbox 1946 1664 3544 1742">
    <p class='ocr_par' dir='ltr' id='par_1_28' title="bbox 1969 1671 3544 1742">
     <span class='ocr_line' id='line_1_28' title="bbox 1969 1671 3544 1742; baseline -0.001 -17"><span class='ocrx_word' id='word_1_194' title='bbox 1969 1671 2147 1725; x_wconf 89' lang='lat' dir='ltr'><strong>sentia</strong></span> <span class='ocrx_word' id='word_1_195' title='bbox 2182 1671 2344 1734; x_wconf 88' lang='lat' dir='ltr'><strong>bona,</strong></span> <span class='ocrx_word' id='word_1_196' title='bbox 2391 1673 2647 1742; x_wconf 77' lang='lat' dir='ltr'><strong>Splendor</strong></span> <span class='ocrx_word' id='word_1_197' title='bbox 2675 1674 2986 1734; x_wconf 85' lang='lat' dir='ltr'><strong>universus.</strong></span> <span class='ocrx_word' id='word_1_198' title='bbox 3033 1673 3302 1741; x_wconf 87' lang='lat' dir='ltr'><strong>voluptas,</strong></span> <span class='ocrx_word' id='word_1_199' title='bbox 3349 1672 3544 1740; x_wconf 79' lang='lat' dir='ltr'><strong>gloria,</strong></span> 
     </span>
    </p>
   </div>
   <div class='ocr_carea' id='block_1_29' title="bbox 195 1755 1835 1834">
    <p class='ocr_par' dir='ltr' id='par_1_29' title="bbox 195 1761 1070 1832">
     <span class='ocr_line' id='line_1_29' title="bbox 195 1761 1070 1832; baseline 0.002 -18"><span class='ocrx_word' id='word_1_200' title='bbox 195 1789 198 1791; x_wconf 55' lang='grc' dir='ltr'><strong>λ</strong></span> <span class='ocrx_word' id='word_1_201' title='bbox 237 1763 720 1832; x_wconf 77' lang='grc' dir='ltr'>συμπεράσματι</span> <span class='ocrx_word' id='word_1_202' title='bbox 753 1761 1070 1816; x_wconf 83' lang='grc' dir='ltr'>ἀποδοῦναι.</span> 
     </span>
    </p>
   </div>
   <div class='ocr_carea' id='block_1_30' title="bbox 1946 1755 3546 1834">
    <p class='ocr_par' dir='ltr' id='par_1_30' title="bbox 1967 1755 3546 1834">
     <span class='ocr_line' id='line_1_30' title="bbox 1967 1755 3546 1834; baseline 0.002 -19"><span class='ocrx_word' id='word_1_203' title='bbox 1967 1777 2107 1818; x_wconf 84' lang='lat' dir='ltr'><strong>vana</strong></span> <span class='ocrx_word' id='word_1_204' title='bbox 2141 1764 2389 1831; x_wconf 64' lang='lat' dir='ltr'><strong>quaedam</strong></span> <span class='ocrx_word' id='word_1_205' title='bbox 2450 1767 2671 1820; x_wconf 87' lang='lat' dir='ltr'><strong>nomina</strong></span> <span class='ocrx_word' id='word_1_206' title='bbox 2727 1778 2852 1822; x_wconf 87' lang='lat' dir='ltr'><strong>sunt</strong></span> <span class='ocrx_word' id='word_1_207' title='bbox 2883 1755 2937 1820; x_wconf 84' lang='lat' dir='ltr'><strong>ct</strong></span> <span class='ocrx_word' id='word_1_208' title='bbox 2973 1782 3059 1821; x_wconf 77' lang='lat' dir='ltr'><strong>res</strong></span> <span class='ocrx_word' id='word_1_209' title='bbox 3091 1766 3282 1830; x_wconf 75' lang='lat' dir='ltr'><strong>exiles,</strong></span> <span class='ocrx_word' id='word_1_210' title='bbox 3315 1779 3546 1834; x_wconf 68' lang='lat' dir='ltr'><strong>qumque</strong></span> 
     </span>
    </p>
   </div>
   <div class='ocr_carea' id='block_1_31' title="bbox 233 1853 3543 1930">
    <p class='ocr_par' dir='ltr' id='par_1_31' title="bbox 233 1853 3543 1930">
     <span class='ocr_line' id='line_1_31' title="bbox 233 1853 3543 1930; baseline 0.001 -22"><span class='ocrx_word' id='word_1_211' title='bbox 233 1855 365 1908; x_wconf 68' lang='lat' dir='ltr'><strong>vix</strong></span> <span class='ocrx_word' id='word_1_212' title='bbox 425 1857 493 1908; x_wconf 88' lang='lat' dir='ltr'><strong>ad</strong></span> <span class='ocrx_word' id='word_1_213' title='bbox 533 1871 690 1910; x_wconf 89' lang='lat' dir='ltr'><strong>usum</strong></span> <span class='ocrx_word' id='word_1_214' title='bbox 738 1855 1228 1921; x_wconf 79' lang='lat' dir='ltr'><strong>necessitatemque</strong></span> <span class='ocrx_word' id='word_1_215' title='bbox 1277 1854 1507 1918; x_wconf 84' lang='lat' dir='ltr'><strong>durant,</strong></span> <span class='ocrx_word' id='word_1_216' title='bbox 1556 1853 1851 1923; x_wconf 81' lang='lat' dir='ltr'><strong>omniaque</strong></span> <span class='ocrx_word' id='word_1_217' title='bbox 1892 1855 2048 1920; x_wconf 88' lang='lat' dir='ltr'><strong>adeo,</strong></span> <span class='ocrx_word' id='word_1_218' title='bbox 2105 1873 2446 1927; x_wconf 73' lang='lat' dir='ltr'><strong>qutecunque</strong></span> <span class='ocrx_word' id='word_1_219' title='bbox 2506 1859 2664 1913; x_wconf 87' lang='lat' dir='ltr'><strong>nobis</strong></span> <span class='ocrx_word' id='word_1_220' title='bbox 2712 1861 3004 1930; x_wconf 68' lang='lat' dir='ltr'><strong>quaerenda</strong></span> <span class='ocrx_word' id='word_1_221' title='bbox 3075 1869 3223 1921; x_wconf 83' lang='lat' dir='ltr'><strong>sunt,</strong></span> <span class='ocrx_word' id='word_1_222' title='bbox 3277 1876 3380 1912; x_wconf 92' lang='lat' dir='ltr'><strong>non</strong></span> <span class='ocrx_word' id='word_1_223' title='bbox 3433 1866 3543 1911; x_wconf 83' lang='lat' dir='ltr'><strong>tant</strong></span> 
     </span>
    </p>
   </div>
   <div class='ocr_carea' id='block_1_32' title="bbox 236 1951 3546 2023">
    <p class='ocr_par' dir='ltr' id='par_1_32' title="bbox 236 1951 3546 2023">
     <span class='ocr_line' id='line_1_32' title="bbox 236 1951 3546 2023; baseline 0 -15"><span class='ocrx_word' id='word_1_224' title='bbox 236 1969 372 2009; x_wconf 86' lang='lat' dir='ltr'><strong>sua</strong></span> <span class='ocrx_word' id='word_1_225' title='bbox 405 1968 574 2007; x_wconf 87' lang='lat' dir='ltr'><strong>causa</strong></span> <span class='ocrx_word' id='word_1_226' title='bbox 605 1967 767 2022; x_wconf 90' lang='lat' dir='ltr'><strong>quam</strong></span> <span class='ocrx_word' id='word_1_227' title='bbox 806 1952 1059 2018; x_wconf 88' lang='lat' dir='ltr'><strong>aliorum,</strong></span> <span class='ocrx_word' id='word_1_228' title='bbox 1103 1951 1228 2020; x_wconf 77' lang='lat' dir='ltr'><strong>talia</strong></span> <span class='ocrx_word' id='word_1_229' title='bbox 1259 1962 1404 2020; x_wconf 88' lang='lat' dir='ltr'><strong>sunt,</strong></span> <span class='ocrx_word' id='word_1_230' title='bbox 1441 1967 1670 2021; x_wconf 89' lang='lat' dir='ltr'><strong>quorum</strong></span> <span class='ocrx_word' id='word_1_231' title='bbox 1705 1952 1847 2006; x_wconf 86' lang='lat' dir='ltr'><strong>serie</strong></span> <span class='ocrx_word' id='word_1_232' title='bbox 1887 1953 2134 2023; x_wconf 83' lang='lat' dir='ltr'><strong>voluptas</strong></span> <span class='ocrx_word' id='word_1_233' title='bbox 2163 1971 2381 2023; x_wconf 90' lang='lat' dir='ltr'><strong>quoque</strong></span> <span class='ocrx_word' id='word_1_234' title='bbox 2419 1957 2747 2012; x_wconf 85' lang='lat' dir='ltr'><strong>continetur.</strong></span> <span class='ocrx_word' id='word_1_235' title='bbox 2783 1958 2946 2012; x_wconf 80' lang='lat' dir='ltr'><strong>ﬂecte</strong></span> <span class='ocrx_word' id='word_1_236' title='bbox 3020 1972 3150 2013; x_wconf 85' lang='lat' dir='ltr'><strong>vero</strong></span> <span class='ocrx_word' id='word_1_237' title='bbox 3202 1972 3301 2012; x_wconf 89' lang='lat' dir='ltr'><strong>nos</strong></span> <span class='ocrx_word' id='word_1_238' title='bbox 3371 1954 3546 2019; x_wconf 64' lang='lat' dir='ltr'><strong>factu-</strong></span> 
     </span>
    </p>
   </div>
   <div class='ocr_carea' id='block_1_33' title="bbox 232 2047 3544 2120">
    <p class='ocr_par' dir='ltr' id='par_1_33' title="bbox 232 2047 3544 2120">
     <span class='ocr_line' id='line_1_33' title="bbox 232 2047 3544 2120; baseline 0 -16"><span class='ocrx_word' id='word_1_239' title='bbox 232 2065 361 2106; x_wconf 76' lang='lat' dir='ltr'><strong>ros</strong></span> <span class='ocrx_word' id='word_1_240' title='bbox 393 2050 660 2113; x_wconf 87' lang='lat' dir='ltr'><strong>arbitror,</strong></span> <span class='ocrx_word' id='word_1_241' title='bbox 698 2048 743 2103; x_wconf 89' lang='lat' dir='ltr'><strong>si</strong></span> <span class='ocrx_word' id='word_1_242' title='bbox 772 2047 1043 2118; x_wconf 79' lang='lat' dir='ltr'><strong>capitibus</strong></span> <span class='ocrx_word' id='word_1_243' title='bbox 1072 2047 1338 2103; x_wconf 84' lang='lat' dir='ltr'><strong>orationis</strong></span> <span class='ocrx_word' id='word_1_244' title='bbox 1367 2048 1434 2102; x_wconf 88' lang='lat' dir='ltr'><strong>ad</strong></span> <span class='ocrx_word' id='word_1_245' title='bbox 1460 2063 1727 2102; x_wconf 85' lang='lat' dir='ltr'><strong>summam</strong></span> <span class='ocrx_word' id='word_1_246' title='bbox 1755 2047 1857 2102; x_wconf 91' lang='lat' dir='ltr'><strong>hoc</strong></span> <span class='ocrx_word' id='word_1_247' title='bbox 1897 2047 2019 2102; x_wconf 91' lang='lat' dir='ltr'><strong>loco</strong></span> <span class='ocrx_word' id='word_1_248' title='bbox 2058 2051 2350 2118; x_wconf 83' lang='lat' dir='ltr'><strong>revocatis,</strong></span> <span class='ocrx_word' id='word_1_249' title='bbox 2401 2052 2544 2106; x_wconf 89' lang='lat' dir='ltr'><strong>velut</strong></span> <span class='ocrx_word' id='word_1_250' title='bbox 2583 2053 2636 2106; x_wconf 88' lang='lat' dir='ltr'><strong>in</strong></span> <span class='ocrx_word' id='word_1_251' title='bbox 2687 2052 3045 2107; x_wconf 86' lang='lat' dir='ltr'><strong>conclusione</strong></span> <span class='ocrx_word' id='word_1_252' title='bbox 3107 2066 3222 2107; x_wconf 81' lang='lat' dir='ltr'><strong>rem</strong></span> <span class='ocrx_word' id='word_1_253' title='bbox 3297 2051 3544 2120; x_wconf 77' lang='lat' dir='ltr'><strong>explice-</strong></span> 
     </span>
    </p>
   </div>
   <div class='ocr_carea' id='block_1_34' title="bbox 238 2161 417 2200">
    <p class='ocr_par' dir='ltr' id='par_1_34' title="bbox 238 2161 417 2200">
     <span class='ocr_line' id='line_1_34' title="bbox 238 2161 417 2200; baseline -0.011 0"><span class='ocrx_word' id='word_1_254' title='bbox 238 2161 417 2200; x_wconf 71' lang='lat' dir='ltr'><strong>IDUS.</strong></span> 
     </span>
    </p>
   </div>
   <div class='ocr_carea' id='block_1_35' title="bbox 334 2231 1835 2307">
    <p class='ocr_par' dir='ltr' id='par_1_35' title="bbox 334 2233 1835 2307">
     <span class='ocr_line' id='line_1_35' title="bbox 334 2233 1835 2307; baseline -0.003 -14"><span class='ocrx_word' id='word_1_255' title='bbox 334 2236 503 2293; x_wconf 70' lang='grc' dir='ltr'>Εἶναι</span> <span class='ocrx_word' id='word_1_256' title='bbox 534 2239 636 2307; x_wconf 68' lang='grc' dir='ltr'>μὲν</span> <span class='ocrx_word' id='word_1_257' title='bbox 667 2237 764 2292; x_wconf 82' lang='grc' dir='ltr'><strong>οῦν</strong></span> <span class='ocrx_word' id='word_1_258' title='bbox 794 2253 937 2306; x_wconf 84' lang='grc' dir='ltr'>φημι</span> <span class='ocrx_word' id='word_1_259' title='bbox 975 2234 1072 2305; x_wconf 83' lang='grc' dir='ltr'><strong>τὴν</strong></span> <span class='ocrx_word' id='word_1_260' title='bbox 1094 2233 1297 2306; x_wconf 81' lang='grc' dir='ltr'>ψυχὴν,</span> <span class='ocrx_word' id='word_1_261' title='bbox 1329 2236 1424 2289; x_wconf 72' lang='grc' dir='ltr'><strong>καὶ</strong></span> <span class='ocrx_word' id='word_1_262' title='bbox 1447 2235 1628 2290; x_wconf 76' lang='grc' dir='ltr'>πάντα</span> <span class='ocrx_word' id='word_1_263' title='bbox 1656 2235 1723 2290; x_wconf 79' lang='grc' dir='ltr'>τὰ</span> <span class='ocrx_word' id='word_1_264' title='bbox 1755 2238 1835 2290; x_wconf 73' lang='grc' dir='ltr'>αὑ-</span> 
     </span>
    </p>
   </div>
   <div class='ocr_carea' id='block_1_36' title="bbox 1946 2231 3538 2307">
    <p class='ocr_par' dir='ltr' id='par_1_36' title="bbox 2031 2231 3538 2305">
     <span class='ocr_line' id='line_1_36' title="bbox 2031 2231 3538 2305; baseline 0.001 -15"><span class='ocrx_word' id='word_1_265' title='bbox 2031 2235 2132 2290; x_wconf 84' lang='grc' dir='ltr'><strong>Αῑο</strong></span> <span class='ocrx_word' id='word_1_266' title='bbox 2177 2235 2346 2305; x_wconf 84' lang='lat' dir='ltr'><strong>igitur</strong></span> <span class='ocrx_word' id='word_1_267' title='bbox 2382 2245 2437 2288; x_wconf 87' lang='lat' dir='ltr'><strong>et</strong></span> <span class='ocrx_word' id='word_1_268' title='bbox 2465 2236 2706 2289; x_wconf 90' lang='lat' dir='ltr'><strong>animum</strong></span> <span class='ocrx_word' id='word_1_269' title='bbox 2740 2245 2794 2290; x_wconf 85' lang='lat' dir='ltr'><strong>et</strong></span> <span class='ocrx_word' id='word_1_270' title='bbox 2834 2251 3029 2292; x_wconf 85' lang='lat' dir='ltr'><strong>omnes</strong></span> <span class='ocrx_word' id='word_1_271' title='bbox 3076 2231 3191 2305; x_wconf 80' lang='lat' dir='ltr'><strong>ejus</strong></span> <span class='ocrx_word' id='word_1_272' title='bbox 3221 2247 3425 2304; x_wconf 87' lang='lat' dir='ltr'><strong>partes,</strong></span> <span class='ocrx_word' id='word_1_273' title='bbox 3458 2237 3538 2292; x_wconf 88' lang='lat' dir='ltr'><strong>uti</strong></span> 
     </span>
    </p>
   </div>
   <div class='ocr_carea' id='block_1_37' title="bbox 188 2329 1846 2402">
    <p class='ocr_par' dir='ltr' id='par_1_37' title="bbox 188 2329 1846 2402">
     <span class='ocr_line' id='line_1_37' title="bbox 188 2329 1846 2402; baseline -0.002 -16"><span class='ocrx_word' id='word_1_274' title='bbox 188 2371 194 2374; x_wconf 85' lang='lat'><strong><em>-</em></strong></span> <span class='ocrx_word' id='word_1_275' title='bbox 233 2334 366 2402; x_wconf 76' lang='grc' dir='ltr'><strong>τῆς</strong></span> <span class='ocrx_word' id='word_1_276' title='bbox 403 2332 576 2402; x_wconf 75' lang='grc' dir='ltr'>μέλη.</span> <span class='ocrx_word' id='word_1_277' title='bbox 606 2332 682 2394; x_wconf 83' lang='grc' dir='ltr'>ὡς</span> <span class='ocrx_word' id='word_1_278' title='bbox 715 2331 781 2385; x_wconf 81' lang='grc' dir='ltr'>ἄν</span> <span class='ocrx_word' id='word_1_279' title='bbox 813 2348 896 2392; x_wconf 84' lang='grc' dir='ltr'><strong>τις</strong></span> <span class='ocrx_word' id='word_1_280' title='bbox 931 2331 1098 2395; x_wconf 79' lang='grc' dir='ltr'>είποι,</span> <span class='ocrx_word' id='word_1_281' title='bbox 1127 2332 1222 2382; x_wconf 74' lang='grc' dir='ltr'><strong>καὶ</strong></span> <span class='ocrx_word' id='word_1_282' title='bbox 1257 2331 1358 2390; x_wconf 67' lang='grc' dir='ltr'><strong>τὰς</strong></span> <span class='ocrx_word' id='word_1_283' title='bbox 1379 2329 1663 2398; x_wconf 78' lang='grc' dir='ltr'>δυνάμεις,</span> <span class='ocrx_word' id='word_1_284' title='bbox 1696 2331 1846 2400; x_wconf 79' lang='grc' dir='ltr'>παρὰ</span> 
     </span>
    </p>
   </div>
   <div class='ocr_carea' id='block_1_38' title="bbox 234 2415 1843 2490">
    <p class='ocr_par' dir='ltr' id='par_1_38' title="bbox 234 2415 1843 2490">
     <span class='ocr_line' id='line_1_38' title="bbox 234 2415 1843 2490; baseline -0.004 -13"><span class='ocrx_word' id='word_1_285' title='bbox 234 2424 457 2476; x_wconf 49' lang='grc' dir='ltr'>Θεοῦ(</span> <span class='ocrx_word' id='word_1_286' title='bbox 481 2422 608 2485; x_wconf 84' lang='grc' dir='ltr'>Πῶς</span> <span class='ocrx_word' id='word_1_287' title='bbox 635 2421 745 2490; x_wconf 78' lang='grc' dir='ltr'><strong>γὰρ</strong></span> <span class='ocrx_word' id='word_1_288' title='bbox 777 2418 840 2473; x_wconf 79' lang='grc' dir='ltr'><strong>οὖ</strong></span> <span class='ocrx_word' id='word_1_289' title='bbox 871 2437 886 2484; x_wconf 91' lang='grc'>;</span> <span class='ocrx_word' id='word_1_290' title='bbox 921 2415 1063 2472; x_wconf 75' lang='grc' dir='ltr'>εἶναι</span> <span class='ocrx_word' id='word_1_291' title='bbox 1104 2419 1160 2471; x_wconf 75' lang='grc' dir='ltr'>δὲ</span> <span class='ocrx_word' id='word_1_292' title='bbox 1209 2419 1349 2471; x_wconf 81' lang='grc' dir='ltr'>καλὰ</span> <span class='ocrx_word' id='word_1_293' title='bbox 1392 2422 1490 2472; x_wconf 75' lang='grc' dir='ltr'><strong>καὶ</strong></span> <span class='ocrx_word' id='word_1_294' title='bbox 1531 2420 1736 2488; x_wconf 78' lang='grc' dir='ltr'>ἀγαθὰ,</span> <span class='ocrx_word' id='word_1_295' title='bbox 1767 2420 1843 2480; x_wconf 85' lang='grc' dir='ltr'><strong>ὡς</strong></span> 
     </span>
    </p>
   </div>
   <div class='ocr_carea' id='block_1_39' title="bbox 233 2511 1843 2582">
    <p class='ocr_par' dir='ltr' id='par_1_39' title="bbox 233 2511 1843 2582">
     <span class='ocr_line' id='line_1_39' title="bbox 233 2511 1843 2582; baseline -0.004 -13"><span class='ocrx_word' id='word_1_296' title='bbox 233 2517 374 2568; x_wconf 69' lang='grc' dir='ltr'><strong>ἀπὸ</strong></span> <span class='ocrx_word' id='word_1_297' title='bbox 429 2513 593 2568; x_wconf 89' lang='grc' dir='ltr'>Θεοῦ.</span> <span class='ocrx_word' id='word_1_298' title='bbox 635 2512 806 2566; x_wconf 84' lang='grc' dir='ltr'>Τοῦτο</span> <span class='ocrx_word' id='word_1_299' title='bbox 844 2513 954 2580; x_wconf 79' lang='grc' dir='ltr'><strong>γὰρ</strong></span> <span class='ocrx_word' id='word_1_300' title='bbox 986 2512 1189 2573; x_wconf 66' lang='grc' dir='ltr'>πάσαις</span> <span class='ocrx_word' id='word_1_301' title='bbox 1239 2512 1531 2580; x_wconf 77' lang='grc' dir='ltr'><strong>ἀνάγκαις.</strong></span> <span class='ocrx_word' id='word_1_302' title='bbox 1580 2512 1690 2565; x_wconf 72' lang='grc' dir='ltr'><strong>Καὶ</strong></span> <span class='ocrx_word' id='word_1_303' title='bbox 1743 2511 1843 2582; x_wconf 78' lang='grc' dir='ltr'>τὴν</span> 
     </span>
    </p>
   </div>
   <div class='ocr_carea' id='block_1_40' title="bbox 237 2603 1841 2677">
    <p class='ocr_par' dir='ltr' id='par_1_40' title="bbox 237 2603 1841 2677">
     <span class='ocr_line' id='line_1_40' title="bbox 237 2603 1841 2677; baseline -0.002 -15"><span class='ocrx_word' id='word_1_304' title='bbox 237 2607 576 2677; x_wconf 69' lang='grc' dir='ltr'>ἐπιθυμίαν</span> <span class='ocrx_word' id='word_1_305' title='bbox 621 2605 688 2659; x_wconf 78' lang='grc' dir='ltr'><strong>αὖ</strong></span> <span class='ocrx_word' id='word_1_306' title='bbox 725 2607 911 2671; x_wconf 79' lang='grc' dir='ltr'>πάλιν,</span> <span class='ocrx_word' id='word_1_307' title='bbox 939 2604 1034 2659; x_wconf 67' lang='grc' dir='ltr'><strong>ἅτε</strong></span> <span class='ocrx_word' id='word_1_308' title='bbox 1063 2606 1163 2676; x_wconf 84' lang='grc' dir='ltr'>τὴν</span> <span class='ocrx_word' id='word_1_309' title='bbox 1206 2605 1387 2675; x_wconf 76' lang='grc' dir='ltr'>ψυχὴν</span> <span class='ocrx_word' id='word_1_310' title='bbox 1415 2603 1733 2659; x_wconf 86' lang='grc' dir='ltr'>τελειοῦσαν</span> <span class='ocrx_word' id='word_1_311' title='bbox 1763 2606 1841 2674; x_wconf 86' lang='grc' dir='ltr'>τῷ</span> 
     </span>
    </p>
   </div>
   <div class='ocr_carea' id='block_1_41' title="bbox 241 2698 1844 2770">
    <p class='ocr_par' dir='ltr' id='par_1_41' title="bbox 241 2698 1844 2770">
     <span class='ocr_line' id='line_1_41' title="bbox 241 2698 1844 2770; baseline 0 -18"><span class='ocrx_word' id='word_1_312' title='bbox 241 2701 400 2770; x_wconf 77' lang='grc' dir='ltr'>παρ’</span> <span class='ocrx_word' id='word_1_313' title='bbox 428 2701 632 2770; x_wconf 75' lang='grc' dir='ltr'>ἑαυτῆς</span> <span class='ocrx_word' id='word_1_314' title='bbox 678 2698 857 2770; x_wconf 80' lang='grc' dir='ltr'>μέρει,</span> <span class='ocrx_word' id='word_1_315' title='bbox 884 2700 978 2751; x_wconf 65' lang='grc' dir='ltr'>καὶ</span> <span class='ocrx_word' id='word_1_316' title='bbox 1008 2698 1150 2751; x_wconf 74' lang='grc' dir='ltr'>κατὰ</span> <span class='ocrx_word' id='word_1_317' title='bbox 1176 2699 1336 2751; x_wconf 88' lang='grc' dir='ltr'>τοῦτο</span> <span class='ocrx_word' id='word_1_318' title='bbox 1366 2699 1583 2768; x_wconf 76' lang='grc' dir='ltr'>ἀγαθήν</span> <span class='ocrx_word' id='word_1_319' title='bbox 1605 2715 1619 2731; x_wconf 79' lang='grc' dir='ltr'><strong>ο</strong></span> <span class='ocrx_word' id='word_1_320' title='bbox 1646 2699 1710 2752; x_wconf 72' lang='grc' dir='ltr'>τὸ</span> <span class='ocrx_word' id='word_1_321' title='bbox 1735 2700 1844 2769; x_wconf 82' lang='grc' dir='ltr'><strong>γὰρ</strong></span> 
     </span>
    </p>
   </div>
   <div class='ocr_carea' id='block_1_42' title="bbox 242 2791 1844 2864">
    <p class='ocr_par' dir='ltr' id='par_1_42' title="bbox 242 2791 1844 2864">
     <span class='ocr_line' id='line_1_42' title="bbox 242 2791 1844 2864; baseline -0.001 -18"><span class='ocrx_word' id='word_1_322' title='bbox 242 2795 482 2858; x_wconf 74' lang='grc' dir='ltr'>ἀτελὲς,</span> <span class='ocrx_word' id='word_1_323' title='bbox 510 2793 572 2845; x_wconf 75' lang='grc' dir='ltr'><strong>οὐ</strong></span> <span class='ocrx_word' id='word_1_324' title='bbox 602 2792 788 2845; x_wconf 86' lang='grc' dir='ltr'>καλόν.</span> <span class='ocrx_word' id='word_1_325' title='bbox 825 2793 913 2854; x_wconf 82' lang='grc' dir='ltr'>Ὠς</span> <span class='ocrx_word' id='word_1_326' title='bbox 945 2791 1001 2845; x_wconf 69' lang='grc' dir='ltr'>δέ</span> <span class='ocrx_word' id='word_1_327' title='bbox 1032 2792 1127 2844; x_wconf 73' lang='grc' dir='ltr'><strong>καὶ</strong></span> <span class='ocrx_word' id='word_1_328' title='bbox 1160 2792 1260 2860; x_wconf 78' lang='grc' dir='ltr'>τὴν</span> <span class='ocrx_word' id='word_1_329' title='bbox 1287 2791 1485 2860; x_wconf 75' lang='grc' dir='ltr'>ἡδονὴν</span> <span class='ocrx_word' id='word_1_330' title='bbox 1525 2792 1690 2862; x_wconf 76' lang='grc' dir='ltr'>ἔχειν,</span> <span class='ocrx_word' id='word_1_331' title='bbox 1721 2793 1755 2864; x_wconf 66' lang='lat' dir='ltr'><strong>ﬁ</strong></span> <span class='ocrx_word' id='word_1_332' title='bbox 1784 2810 1844 2845; x_wconf 87' lang='grc' dir='ltr'><strong>τε</strong></span> 
     </span>
    </p>
   </div>
   <div class='ocr_carea' id='block_1_43' title="bbox 242 2881 1842 2953">
    <p class='ocr_par' dir='ltr' id='par_1_43' title="bbox 242 2881 1842 2953">
     <span class='ocr_line' id='line_1_43' title="bbox 242 2881 1842 2953; baseline -0.001 -15"><span class='ocrx_word' id='word_1_333' title='bbox 242 2887 353 2938; x_wconf 78' lang='grc' dir='ltr'><strong>τὸν</strong></span> <span class='ocrx_word' id='word_1_334' title='bbox 387 2883 505 2953; x_wconf 83' lang='grc' dir='ltr'>βίον</span> <span class='ocrx_word' id='word_1_335' title='bbox 541 2885 676 2953; x_wconf 72' lang='grc' dir='ltr'>ἡμῖν</span> <span class='ocrx_word' id='word_1_336' title='bbox 715 2883 1022 2953; x_wconf 76' lang='grc' dir='ltr'><strong>συνίστησι,</strong></span> <span class='ocrx_word' id='word_1_337' title='bbox 1054 2883 1149 2936; x_wconf 70' lang='grc' dir='ltr'><strong>καὶ</strong></span> <span class='ocrx_word' id='word_1_338' title='bbox 1196 2881 1264 2934; x_wconf 77' lang='grc' dir='ltr'><strong>δι’</strong></span> <span class='ocrx_word' id='word_1_339' title='bbox 1294 2883 1360 2952; x_wconf 82' lang='grc' dir='ltr'>ἥν</span> <span class='ocrx_word' id='word_1_340' title='bbox 1408 2882 1468 2934; x_wconf 80' lang='grc' dir='ltr'>τὸ</span> <span class='ocrx_word' id='word_1_341' title='bbox 1511 2883 1842 2953; x_wconf 76' lang='grc' dir='ltr'>ἐπιθυμητι-</span> 
     </span>
    </p>
   </div>
   <div class='ocr_carea' id='block_1_44' title="bbox 244 2977 1844 3048">
    <p class='ocr_par' dir='ltr' id='par_1_44' title="bbox 244 2977 1844 3048">
     <span class='ocr_line' id='line_1_44' title="bbox 244 2977 1844 3048; baseline 0.001 -16"><span class='ocrx_word' id='word_1_342' title='bbox 244 2980 361 3032; x_wconf 77' lang='grc' dir='ltr'><strong>κδν</strong></span> <span class='ocrx_word' id='word_1_343' title='bbox 401 2978 627 3048; x_wconf 71' lang='grc' dir='ltr'>ἐνεργόν</span> <span class='ocrx_word' id='word_1_344' title='bbox 672 2980 822 3031; x_wconf 76' lang='grc' dir='ltr'>ἐστιν</span> <span class='ocrx_word' id='word_1_345' title='bbox 856 2979 913 3031; x_wconf 69' lang='grc' dir='ltr'>ιν</span> <span class='ocrx_word' id='word_1_346' title='bbox 951 2979 1110 3047; x_wconf 76' lang='grc' dir='ltr'>ἡμῖν,</span> <span class='ocrx_word' id='word_1_347' title='bbox 1143 2977 1239 3031; x_wconf 80' lang='grc' dir='ltr'>καὶ</span> <span class='ocrx_word' id='word_1_348' title='bbox 1276 2977 1374 3047; x_wconf 83' lang='grc' dir='ltr'>οὐχ</span> <span class='ocrx_word' id='word_1_349' title='bbox 1408 2977 1482 3039; x_wconf 84' lang='grc' dir='ltr'>ὡς</span> <span class='ocrx_word' id='word_1_350' title='bbox 1532 2979 1728 3048; x_wconf 71' lang='grc' dir='ltr'>νεκρὸν</span> <span class='ocrx_word' id='word_1_351' title='bbox 1755 2981 1844 3034; x_wconf 75' lang='grc' dir='ltr'>οὑ·-</span> 
     </span>
    </p>
   </div>
   <div class='ocr_carea' id='block_1_45' title="bbox 243 3070 1840 3142">
    <p class='ocr_par' dir='ltr' id='par_1_45' title="bbox 243 3070 1840 3142">
     <span class='ocr_line' id='line_1_45' title="bbox 243 3070 1840 3142; baseline -0.001 -17"><span class='ocrx_word' id='word_1_352' title='bbox 243 3072 404 3125; x_wconf 74' lang='grc' dir='ltr'>τωσὶ</span> <span class='ocrx_word' id='word_1_353' title='bbox 450 3073 726 3140; x_wconf 85' lang='grc' dir='ltr'>κείμενον,</span> <span class='ocrx_word' id='word_1_354' title='bbox 757 3071 990 3141; x_wconf 83' lang='grc' dir='ltr'>δυνάμει</span> <span class='ocrx_word' id='word_1_355' title='bbox 1030 3072 1190 3140; x_wconf 83' lang='grc' dir='ltr'>μόνον</span> <span class='ocrx_word' id='word_1_356' title='bbox 1227 3071 1287 3124; x_wconf 79' lang='grc' dir='ltr'><strong>τδ</strong></span> <span class='ocrx_word' id='word_1_357' title='bbox 1319 3070 1516 3125; x_wconf 81' lang='grc' dir='ltr'>ἑαυτοῦ</span> <span class='ocrx_word' id='word_1_358' title='bbox 1562 3072 1840 3142; x_wconf 73' lang='grc' dir='ltr'>κεκτημέ-</span> 
     </span>
    </p>
   </div>
   <div class='ocr_carea' id='block_1_46' title="bbox 243 3163 1841 3234">
    <p class='ocr_par' dir='ltr' id='par_1_46' title="bbox 243 3163 1841 3234">
     <span class='ocr_line' id='line_1_46' title="bbox 243 3163 1841 3234; baseline -0.001 -15"><span class='ocrx_word' id='word_1_359' title='bbox 243 3183 378 3220; x_wconf 86' lang='grc' dir='ltr'><strong>νον.</strong></span> <span class='ocrx_word' id='word_1_360' title='bbox 411 3166 523 3220; x_wconf 66' lang='lat' dir='ltr'><strong>Kal</strong></span> <span class='ocrx_word' id='word_1_361' title='bbox 571 3165 873 3234; x_wconf 76' lang='grc' dir='ltr'><strong>ἐπειδήπερ</strong></span> <span class='ocrx_word' id='word_1_362' title='bbox 907 3165 1061 3217; x_wconf 81' lang='grc' dir='ltr'>ταῦτ’</span> <span class='ocrx_word' id='word_1_363' title='bbox 1099 3163 1273 3226; x_wconf 80' lang='grc' dir='ltr'>οὕτως</span> <span class='ocrx_word' id='word_1_364' title='bbox 1327 3165 1462 3234; x_wconf 77' lang='grc' dir='ltr'>ἔχει,</span> <span class='ocrx_word' id='word_1_365' title='bbox 1495 3167 1586 3218; x_wconf 77' lang='grc' dir='ltr'>καὶ</span> <span class='ocrx_word' id='word_1_366' title='bbox 1633 3165 1702 3217; x_wconf 74' lang='grc' dir='ltr'>τὰ</span> <span class='ocrx_word' id='word_1_367' title='bbox 1741 3164 1841 3234; x_wconf 85' lang='grc' dir='ltr'><strong>τῆς</strong></span> 
     </span>
    </p>
   </div>
   <div class='ocr_carea' id='block_1_47' title="bbox 249 3248 1839 3328">
    <p class='ocr_par' dir='ltr' id='par_1_47' title="bbox 249 3248 1839 3328">
     <span class='ocr_line' id='line_1_47' title="bbox 249 3248 1839 3328; baseline 0.001 -19"><span class='ocrx_word' id='word_1_368' title='bbox 249 3258 555 3328; x_wconf 81' lang='grc' dir='ltr'>ζητήσεως</span> <span class='ocrx_word' id='word_1_369' title='bbox 602 3257 754 3319; x_wconf 82' lang='grc' dir='ltr'><strong>τέλος</strong></span> <span class='ocrx_word' id='word_1_370' title='bbox 805 3248 970 3325; x_wconf 73' lang='grc' dir='ltr'>ἴσχει,</span> <span class='ocrx_word' id='word_1_371' title='bbox 1008 3257 1102 3308; x_wconf 76' lang='grc' dir='ltr'><strong>καὶ</strong></span> <span class='ocrx_word' id='word_1_372' title='bbox 1134 3255 1342 3324; x_wconf 79' lang='grc' dir='ltr'>ἀγαθὸν</span> <span class='ocrx_word' id='word_1_373' title='bbox 1389 3257 1450 3309; x_wconf 84' lang='grc' dir='ltr'>τὸ</span> <span class='ocrx_word' id='word_1_374' title='bbox 1495 3259 1597 3327; x_wconf 84' lang='grc' dir='ltr'><strong>τῆς</strong></span> <span class='ocrx_word' id='word_1_375' title='bbox 1643 3257 1839 3327; x_wconf 70' lang='grc' dir='ltr'>ἡδονῆς</span> 
     </span>
    </p>
   </div>
   <div class='ocr_carea' id='block_1_48' title="bbox 248 3347 1842 3422">
    <p class='ocr_par' dir='ltr' id='par_1_48' title="bbox 248 3347 1842 3422">
     <span class='ocr_line' id='line_1_48' title="bbox 248 3347 1842 3422; baseline 0.001 -20"><span class='ocrx_word' id='word_1_376' title='bbox 248 3352 401 3422; x_wconf 72' lang='grc' dir='ltr'>ἡμῖν</span> <span class='ocrx_word' id='word_1_377' title='bbox 431 3349 808 3402; x_wconf 80' lang='grc' dir='ltr'>ἀποδέδεικται</span> <span class='ocrx_word' id='word_1_378' title='bbox 840 3348 1034 3418; x_wconf 85' lang='grc' dir='ltr'>χρῆμα</span> <span class='ocrx_word' id='word_1_379' title='bbox 1067 3349 1178 3400; x_wconf 85' lang='grc' dir='ltr'><strong>τῶν</strong></span> <span class='ocrx_word' id='word_1_380' title='bbox 1211 3365 1271 3400; x_wconf 85' lang='grc' dir='ltr'><strong>τε</strong></span> <span class='ocrx_word' id='word_1_381' title='bbox 1304 3347 1480 3402; x_wconf 77' lang='grc' dir='ltr'>ἄλλων</span> <span class='ocrx_word' id='word_1_382' title='bbox 1527 3350 1712 3412; x_wconf 68' lang='grc' dir='ltr'>ἕνεκα,</span> <span class='ocrx_word' id='word_1_383' title='bbox 1745 3350 1842 3403; x_wconf 78' lang='grc' dir='ltr'>καὶ</span> 
     </span>
    </p>
   </div>
   <div class='ocr_carea' id='block_1_49' title="bbox 249 3439 1837 3513">
    <p class='ocr_par' dir='ltr' id='par_1_49' title="bbox 249 3439 1837 3513">
     <span class='ocr_line' id='line_1_49' title="bbox 249 3439 1837 3513; baseline 0 -19"><span class='ocrx_word' id='word_1_384' title='bbox 249 3441 335 3503; x_wconf 80' lang='grc' dir='ltr'>ὡς</span> <span class='ocrx_word' id='word_1_385' title='bbox 380 3441 488 3492; x_wconf 72' lang='grc' dir='ltr'><strong>ἀπὸ</strong></span> <span class='ocrx_word' id='word_1_386' title='bbox 512 3439 652 3493; x_wconf 76' lang='grc' dir='ltr'>θεοῦ</span> <span class='ocrx_word' id='word_1_387' title='bbox 685 3439 969 3509; x_wconf 68' lang='grc' dir='ltr'>δεδομένον</span> <span class='ocrx_word' id='word_1_388' title='bbox 1000 3442 1065 3509; x_wconf 80' lang='grc' dir='ltr'>τῇ</span> <span class='ocrx_word' id='word_1_389' title='bbox 1093 3457 1154 3492; x_wconf 89' lang='grc' dir='ltr'><strong>τε</strong></span> <span class='ocrx_word' id='word_1_390' title='bbox 1196 3440 1388 3511; x_wconf 79' lang='grc' dir='ltr'>λογικῇ</span> <span class='ocrx_word' id='word_1_391' title='bbox 1422 3441 1515 3493; x_wconf 68' lang='grc' dir='ltr'><strong>καὶ</strong></span> <span class='ocrx_word' id='word_1_392' title='bbox 1543 3442 1837 3513; x_wconf 79' lang='grc' dir='ltr'>αίσθητικῇ</span> 
     </span>
    </p>
   </div>
   <div class='ocr_carea' id='block_1_50' title="bbox 249 3529 1841 3601">
    <p class='ocr_par' dir='ltr' id='par_1_50' title="bbox 249 3529 1841 3601">
     <span class='ocr_line' id='line_1_50' title="bbox 249 3529 1841 3601; baseline 0.002 -18"><span class='ocrx_word' id='word_1_393' title='bbox 249 3531 428 3598; x_wconf 71' lang='grc' dir='ltr'>φύσει</span> <span class='ocrx_word' id='word_1_394' title='bbox 451 3547 467 3563; x_wconf 78' lang='grc' dir='ltr'><strong>ο</strong></span> <span class='ocrx_word' id='word_1_395' title='bbox 493 3530 549 3583; x_wconf 82' lang='grc' dir='ltr'><strong>τί</strong></span> <span class='ocrx_word' id='word_1_396' title='bbox 587 3530 652 3601; x_wconf 80' lang='grc' dir='ltr'>δὴ</span> <span class='ocrx_word' id='word_1_397' title='bbox 692 3531 798 3601; x_wconf 76' lang='grc' dir='ltr'>φῂς</span> <span class='ocrx_word' id='word_1_398' title='bbox 832 3530 860 3581; x_wconf 83' lang='grc' dir='ltr'>ὁ</span> <span class='ocrx_word' id='word_1_399' title='bbox 896 3529 998 3599; x_wconf 79' lang='grc' dir='ltr'>τὴν</span> <span class='ocrx_word' id='word_1_400' title='bbox 1034 3531 1225 3600; x_wconf 73' lang='grc' dir='ltr'>ἡδονὴν</span> <span class='ocrx_word' id='word_1_401' title='bbox 1270 3531 1456 3594; x_wconf 72' lang='grc' dir='ltr'>ἁπλῶς</span> <span class='ocrx_word' id='word_1_402' title='bbox 1498 3532 1841 3598; x_wconf 80' lang='grc' dir='ltr'>διαϐάλλων;</span> 
     </span>
    </p>
   </div>
   <div class='ocr_carea' id='block_1_51' title="bbox 252 3623 1842 3696">
    <p class='ocr_par' dir='ltr' id='par_1_51' title="bbox 252 3623 1842 3696">
     <span class='ocr_line' id='line_1_51' title="bbox 252 3623 1842 3696; baseline 0.001 -20"><span class='ocrx_word' id='word_1_403' title='bbox 252 3625 321 3676; x_wconf 69' lang='lat' dir='ltr'><strong>Ei</strong></span> <span class='ocrx_word' id='word_1_404' title='bbox 357 3623 470 3692; x_wconf 75' lang='grc' dir='ltr'>γὰρ</span> <span class='ocrx_word' id='word_1_405' title='bbox 498 3625 731 3693; x_wconf 77' lang='grc' dir='ltr'><strong>σιωπᾷς,</strong></span> <span class='ocrx_word' id='word_1_406' title='bbox 764 3623 925 3685; x_wconf 81' lang='grc' dir='ltr'>αὐτὸς</span> <span class='ocrx_word' id='word_1_407' title='bbox 960 3623 1067 3693; x_wconf 83' lang='grc' dir='ltr'><strong>ὲρῶ</strong></span> <span class='ocrx_word' id='word_1_408' title='bbox 1094 3641 1174 3676; x_wconf 87' lang='grc' dir='ltr'>σοι</span> <span class='ocrx_word' id='word_1_409' title='bbox 1203 3623 1516 3679; x_wconf 83' lang='grc' dir='ltr'>τελευταῖον</span> <span class='ocrx_word' id='word_1_410' title='bbox 1541 3624 1672 3692; x_wconf 75' lang='grc' dir='ltr'><strong>ἐγὼ.</strong></span> <span class='ocrx_word' id='word_1_411' title='bbox 1706 3627 1842 3696; x_wconf 83' lang='grc' dir='ltr'>ὅπερ</span> 
     </span>
    </p>
   </div>
   <div class='ocr_carea' id='block_1_52' title="bbox 253 3710 1843 3786">
    <p class='ocr_par' dir='ltr' id='par_1_52' title="bbox 253 3710 1843 3786">
     <span class='ocr_line' id='line_1_52' title="bbox 253 3710 1843 3786; baseline 0.001 -18"><span class='ocrx_word' id='word_1_412' title='bbox 253 3718 326 3768; x_wconf 82' lang='grc' dir='ltr'><strong>διν</strong></span> <span class='ocrx_word' id='word_1_413' title='bbox 360 3716 536 3786; x_wconf 78' lang='grc' dir='ltr'>ἡδέως</span> <span class='ocrx_word' id='word_1_414' title='bbox 587 3714 869 3781; x_wconf 75' lang='grc' dir='ltr'>ἀκούσαις,</span> <span class='ocrx_word' id='word_1_415' title='bbox 915 3710 1093 3784; x_wconf 76' lang='grc' dir='ltr'>οἶμαι.</span> <span class='ocrx_word' id='word_1_416' title='bbox 1138 3716 1281 3784; x_wconf 81' lang='grc' dir='ltr'><strong>Ἐγώ</strong></span> <span class='ocrx_word' id='word_1_417' title='bbox 1341 3734 1434 3770; x_wconf 81' lang='grc' dir='ltr'><strong>σου</strong></span> <span class='ocrx_word' id='word_1_418' title='bbox 1490 3719 1618 3781; x_wconf 81' lang='grc' dir='ltr'>τοὺς</span> <span class='ocrx_word' id='word_1_419' title='bbox 1647 3719 1843 3786; x_wconf 81' lang='grc' dir='ltr'>λόγους</span> 
     </span>
    </p>
   </div>
   <div class='ocr_carea' id='block_1_53' title="bbox 253 3801 1842 3882">
    <p class='ocr_par' dir='ltr' id='par_1_53' title="bbox 253 3801 1842 3882">
     <span class='ocr_line' id='line_1_53' title="bbox 253 3801 1842 3882; baseline 0.003 -21"><span class='ocrx_word' id='word_1_420' title='bbox 253 3802 641 3876; x_wconf 74' lang='grc' dir='ltr'>ἐπικυρώσας,</span> <span class='ocrx_word' id='word_1_421' title='bbox 676 3809 744 3860; x_wconf 86' lang='grc' dir='ltr'><strong>δι’</strong></span> <span class='ocrx_word' id='word_1_422' title='bbox 791 3801 866 3862; x_wconf 83' lang='grc' dir='ltr'>ὧν</span> <span class='ocrx_word' id='word_1_423' title='bbox 916 3809 980 3861; x_wconf 79' lang='grc' dir='ltr'>σὺ</span> <span class='ocrx_word' id='word_1_424' title='bbox 1015 3809 1114 3880; x_wconf 84' lang='grc' dir='ltr'><strong>τὴν</strong></span> <span class='ocrx_word' id='word_1_425' title='bbox 1161 3811 1346 3863; x_wconf 78' lang='grc' dir='ltr'><strong>εἰκόνα</strong></span> <span class='ocrx_word' id='word_1_426' title='bbox 1391 3813 1492 3875; x_wconf 77' lang='grc' dir='ltr'><strong>τῆς</strong></span> <span class='ocrx_word' id='word_1_427' title='bbox 1523 3812 1717 3882; x_wconf 76' lang='grc' dir='ltr'>ἡδονῆς</span> <span class='ocrx_word' id='word_1_428' title='bbox 1752 3829 1842 3881; x_wconf 85' lang='grc' dir='ltr'><strong>μι-</strong></span> 
     </span>
    </p>
   </div>
   <div class='ocr_carea' id='block_1_54' title="bbox 255 3899 1842 3973">
    <p class='ocr_par' dir='ltr' id='par_1_54' title="bbox 255 3899 1842 3973">
     <span class='ocr_line' id='line_1_54' title="bbox 255 3899 1842 3973; baseline 0.001 -18"><span class='ocrx_word' id='word_1_429' title='bbox 255 3899 401 3968; x_wconf 87' lang='grc' dir='ltr'>κροῦ</span> <span class='ocrx_word' id='word_1_430' title='bbox 463 3900 749 3969; x_wconf 77' lang='grc' dir='ltr'><strong>συντόμως</strong></span> <span class='ocrx_word' id='word_1_431' title='bbox 802 3901 1297 3971; x_wconf 81' lang='grc' dir='ltr'>ἀνεξωγράφησας,</span> <span class='ocrx_word' id='word_1_432' title='bbox 1347 3903 1405 3955; x_wconf 79' lang='grc' dir='ltr'>ἓν</span> <span class='ocrx_word' id='word_1_433' title='bbox 1455 3903 1518 3970; x_wconf 79' lang='grc' dir='ltr'><strong>γέ</strong></span> <span class='ocrx_word' id='word_1_434' title='bbox 1573 3921 1626 3956; x_wconf 91' lang='grc' dir='ltr'><strong>τι</strong></span> <span class='ocrx_word' id='word_1_435' title='bbox 1677 3904 1842 3973; x_wconf 77' lang='grc' dir='ltr'>μόνον</span> 
     </span>
    </p>
   </div>
   <div class='ocr_carea' id='block_1_55' title="bbox 250 3993 1840 4068">
    <p class='ocr_par' dir='ltr' id='par_1_55' title="bbox 250 3993 1840 4068">
     <span class='ocr_line' id='line_1_55' title="bbox 250 3993 1840 4068; baseline 0.001 -20"><span class='ocrx_word' id='word_1_436' title='bbox 250 3993 550 4062; x_wconf 61' lang='grc' dir='ltr'>ἀωκυρῶ,</span> <span class='ocrx_word' id='word_1_437' title='bbox 585 3993 648 4046; x_wconf 83' lang='grc' dir='ltr'>τὸ</span> <span class='ocrx_word' id='word_1_438' title='bbox 679 3993 824 4046; x_wconf 81' lang='grc' dir='ltr'>κατὰ</span> <span class='ocrx_word' id='word_1_439' title='bbox 853 3994 1073 4047; x_wconf 81' lang='grc' dir='ltr'>πάντων</span> <span class='ocrx_word' id='word_1_440' title='bbox 1101 3994 1358 4047; x_wconf 86' lang='grc' dir='ltr'>τοσοῦτον</span> <span class='ocrx_word' id='word_1_441' title='bbox 1391 3997 1640 4065; x_wconf 73' lang='grc' dir='ltr'>νομίζειν</span> <span class='ocrx_word' id='word_1_442' title='bbox 1666 3996 1840 4068; x_wconf 82' lang='grc' dir='ltr'>αὐτὴν</span> 
     </span>
    </p>
   </div>
   <div class='ocr_carea' id='block_1_56' title="bbox 251 4082 1840 4158">
    <p class='ocr_par' dir='ltr' id='par_1_56' title="bbox 251 4082 1840 4158">
     <span class='ocr_line' id='line_1_56' title="bbox 251 4082 1840 4158; baseline 0 -16"><span class='ocrx_word' id='word_1_443' title='bbox 251 4085 545 4150; x_wconf 75' lang='grc' dir='ltr'>δύνασθαι,</span> <span class='ocrx_word' id='word_1_444' title='bbox 599 4087 674 4149; x_wconf 85' lang='grc' dir='ltr'>ὡς</span> <span class='ocrx_word' id='word_1_445' title='bbox 705 4086 904 4156; x_wconf 81' lang='grc' dir='ltr'><strong>μικροῦ</strong></span> <span class='ocrx_word' id='word_1_446' title='bbox 940 4087 1173 4155; x_wconf 75' lang='grc' dir='ltr'>μάταιον</span> <span class='ocrx_word' id='word_1_447' title='bbox 1218 4082 1362 4141; x_wconf 78' lang='grc' dir='ltr'>εἶναι</span> <span class='ocrx_word' id='word_1_448' title='bbox 1398 4091 1577 4142; x_wconf 82' lang='grc' dir='ltr'>πᾶσαν</span> <span class='ocrx_word' id='word_1_449' title='bbox 1631 4088 1840 4158; x_wconf 79' lang='grc' dir='ltr'>ἀνθρω-</span> 
     </span>
    </p>
   </div>
   <div class='ocr_carea' id='block_1_57' title="bbox 253 4178 1836 4251">
    <p class='ocr_par' dir='ltr' id='par_1_57' title="bbox 253 4178 1836 4251">
     <span class='ocr_line' id='line_1_57' title="bbox 253 4178 1836 4251; baseline 0.004 -20"><span class='ocrx_word' id='word_1_450' title='bbox 253 4178 426 4248; x_wconf 79' lang='grc' dir='ltr'>πίνην</span> <span class='ocrx_word' id='word_1_451' title='bbox 450 4180 710 4248; x_wconf 78' lang='grc' dir='ltr'>σπουδὴν,</span> <span class='ocrx_word' id='word_1_452' title='bbox 740 4180 1032 4233; x_wconf 74' lang='grc' dir='ltr'>ἐθελόντων</span> <span class='ocrx_word' id='word_1_453' title='bbox 1055 4181 1191 4249; x_wconf 76' lang='grc' dir='ltr'>πρὸς</span> <span class='ocrx_word' id='word_1_454' title='bbox 1217 4181 1430 4251; x_wconf 75' lang='grc' dir='ltr'>ἐκείνην</span> <span class='ocrx_word' id='word_1_455' title='bbox 1447 4181 1836 4251; x_wconf 78' lang='grc' dir='ltr'>ἀγωνίζεσθαι.</span> 
     </span>
    </p>
   </div>
   <div class='ocr_carea' id='block_1_58' title="bbox 252 4267 1837 4344">
    <p class='ocr_par' dir='ltr' id='par_1_58' title="bbox 252 4267 1837 4344">
     <span class='ocr_line' id='line_1_58' title="bbox 252 4267 1837 4344; baseline 0.003 -22"><span class='ocrx_word' id='word_1_456' title='bbox 252 4270 322 4323; x_wconf 81' lang='lat' dir='ltr'><strong>El.</strong></span> <span class='ocrx_word' id='word_1_457' title='bbox 356 4267 490 4335; x_wconf 86' lang='grc' dir='ltr'>γοῦν</span> <span class='ocrx_word' id='word_1_458' title='bbox 517 4272 613 4323; x_wconf 69' lang='grc' dir='ltr'><strong>καὶ</strong></span> <span class='ocrx_word' id='word_1_459' title='bbox 639 4270 788 4339; x_wconf 84' lang='grc' dir='ltr'>αὐτῷ</span> <span class='ocrx_word' id='word_1_460' title='bbox 824 4287 908 4322; x_wconf 92' lang='grc' dir='ltr'>σοι</span> <span class='ocrx_word' id='word_1_461' title='bbox 937 4270 1116 4324; x_wconf 86' lang='grc' dir='ltr'>ταῦτα</span> <span class='ocrx_word' id='word_1_462' title='bbox 1162 4272 1331 4338; x_wconf 85' lang='grc' dir='ltr'>δοκεῖ,</span> <span class='ocrx_word' id='word_1_463' title='bbox 1371 4272 1468 4326; x_wconf 75' lang='grc' dir='ltr'>καὶ</span> <span class='ocrx_word' id='word_1_464' title='bbox 1510 4274 1611 4342; x_wconf 79' lang='grc' dir='ltr'>τὴν</span> <span class='ocrx_word' id='word_1_465' title='bbox 1640 4273 1837 4344; x_wconf 78' lang='grc' dir='ltr'>ἡδονὴν</span> 
     </span>
    </p>
   </div>
   <div class='ocr_carea' id='block_1_59' title="bbox 253 4361 1836 4436">
    <p class='ocr_par' dir='ltr' id='par_1_59' title="bbox 253 4361 1836 4436">
     <span class='ocr_line' id='line_1_59' title="bbox 253 4361 1836 4436; baseline 0.004 -23"><span class='ocrx_word' id='word_1_466' title='bbox 253 4361 508 4430; x_wconf 79' lang='grc' dir='ltr'>νομίζεις</span> <span class='ocrx_word' id='word_1_467' title='bbox 542 4363 643 4431; x_wconf 81' lang='grc' dir='ltr'>τήν</span> <span class='ocrx_word' id='word_1_468' title='bbox 675 4363 818 4432; x_wconf 73' lang='grc' dir='ltr'><strong>ὑπὲρ</strong></span> <span class='ocrx_word' id='word_1_469' title='bbox 852 4363 1065 4432; x_wconf 78' lang='grc' dir='ltr'>χρείαν.</span> <span class='ocrx_word' id='word_1_470' title='bbox 1097 4363 1194 4434; x_wconf 82' lang='grc' dir='ltr'><strong>τὴν</strong></span> <span class='ocrx_word' id='word_1_471' title='bbox 1222 4365 1486 4435; x_wconf 75' lang='grc' dir='ltr'>ἄκοσμον,</span> <span class='ocrx_word' id='word_1_472' title='bbox 1525 4366 1626 4436; x_wconf 80' lang='grc' dir='ltr'>τὴν</span> <span class='ocrx_word' id='word_1_473' title='bbox 1657 4367 1836 4420; x_wconf 82' lang='grc' dir='ltr'>πάντα</span> 
     </span>
    </p>
   </div>
   <div class='ocr_carea' id='block_1_60' title="bbox 251 4455 1830 4529">
    <p class='ocr_par' dir='ltr' id='par_1_60' title="bbox 251 4455 1830 4529">
     <span class='ocr_line' id='line_1_60' title="bbox 251 4455 1830 4529; baseline 0.003 -21"><span class='ocrx_word' id='word_1_474' title='bbox 251 4455 552 4524; x_wconf 71' lang='grc' dir='ltr'><strong>ἑπιϐλαὸἦ,</strong></span> <span class='ocrx_word' id='word_1_475' title='bbox 583 4455 817 4527; x_wconf 78' lang='grc' dir='ltr'>δυνατὴν</span> <span class='ocrx_word' id='word_1_476' title='bbox 864 4457 964 4524; x_wconf 77' lang='grc' dir='ltr'>μὲν</span> <span class='ocrx_word' id='word_1_477' title='bbox 1002 4456 1290 4510; x_wconf 78' lang='grc' dir='ltr'>ἀσθενοῦσι</span> <span class='ocrx_word' id='word_1_478' title='bbox 1339 4459 1438 4526; x_wconf 79' lang='grc' dir='ltr'>τὴν</span> <span class='ocrx_word' id='word_1_479' title='bbox 1479 4459 1830 4529; x_wconf 81' lang='grc' dir='ltr'>προαίρεσιν,</span> 
     </span>
    </p>
   </div>
   <div class='ocr_carea' id='block_1_61' title="bbox 250 4545 1833 4618">
    <p class='ocr_par' dir='ltr' id='par_1_61' title="bbox 250 4545 1833 4618">
     <span class='ocr_line' id='line_1_61' title="bbox 250 4545 1833 4618; baseline 0.003 -18"><span class='ocrx_word' id='word_1_480' title='bbox 250 4546 459 4616; x_wconf 82' lang='grc' dir='ltr'>ἀσθενῆ</span> <span class='ocrx_word' id='word_1_481' title='bbox 488 4546 546 4598; x_wconf 84' lang='grc' dir='ltr'>δὲ</span> <span class='ocrx_word' id='word_1_482' title='bbox 590 4545 915 4616; x_wconf 82' lang='grc' dir='ltr'>δυναμένοις</span> <span class='ocrx_word' id='word_1_483' title='bbox 958 4546 1095 4618; x_wconf 75' lang='grc' dir='ltr'>ὀρθὰ</span> <span class='ocrx_word' id='word_1_484' title='bbox 1130 4547 1466 4616; x_wconf 75' lang='grc' dir='ltr'>λογίζεσθαι,</span> <span class='ocrx_word' id='word_1_485' title='bbox 1509 4550 1604 4602; x_wconf 66' lang='grc' dir='ltr'><strong>καὶ</strong></span> <span class='ocrx_word' id='word_1_486' title='bbox 1655 4551 1833 4604; x_wconf 81' lang='grc' dir='ltr'>ποιεῖν</span> 
     </span>
    </p>
   </div>
   <div class='ocr_carea' id='block_1_62' title="bbox 252 4637 1830 4710">
    <p class='ocr_par' dir='ltr' id='par_1_62' title="bbox 252 4637 1830 4710">
     <span class='ocr_line' id='line_1_62' title="bbox 252 4637 1830 4710; baseline -0.001 -17"><span class='ocrx_word' id='word_1_487' title='bbox 252 4639 555 4703; x_wconf 76' lang='grc' dir='ltr'>ἐθέλουσιν,</span> <span class='ocrx_word' id='word_1_488' title='bbox 588 4639 979 4706; x_wconf 68' lang='grc' dir='ltr'>ἀλογίζονται·</span> <span class='ocrx_word' id='word_1_489' title='bbox 1011 4639 1323 4709; x_wconf 68' lang='grc' dir='ltr'>εὔγνωμον,</span> <span class='ocrx_word' id='word_1_490' title='bbox 1357 4637 1536 4710; x_wconf 79' lang='grc' dir='ltr'>οἶμαι,</span> <span class='ocrx_word' id='word_1_491' title='bbox 1556 4640 1830 4710; x_wconf 82' lang='grc' dir='ltr'>ποιήσεις,</span> 
     </span>
    </p>
   </div>
   <div class='ocr_carea' id='block_1_63' title="bbox 254 4727 1832 4805">
    <p class='ocr_par' dir='ltr' id='par_1_63' title="bbox 254 4727 1832 4805">
     <span class='ocr_line' id='line_1_63' title="bbox 254 4727 1832 4805; baseline 0.001 -21"><span class='ocrx_word' id='word_1_492' title='bbox 254 4727 402 4804; x_wconf 77' lang='grc' dir='ltr'>ῐν⁹ᾗς</span> <span class='ocrx_word' id='word_1_493' title='bbox 421 4733 488 4782; x_wconf 79' lang='grc' dir='ltr'>ἐκ</span> <span class='ocrx_word' id='word_1_494' title='bbox 510 4731 709 4800; x_wconf 86' lang='grc' dir='ltr'>μέρους</span> <span class='ocrx_word' id='word_1_495' title='bbox 724 4730 997 4798; x_wconf 66' lang='grc' dir='ltr'>ἐπιεικὴς,</span> <span class='ocrx_word' id='word_1_496' title='bbox 1021 4731 1119 4802; x_wconf 76' lang='grc' dir='ltr'><strong>ἐμὲ</strong></span> <span class='ocrx_word' id='word_1_497' title='bbox 1135 4732 1270 4802; x_wconf 66' lang='grc' dir='ltr'>πρὸς</span> <span class='ocrx_word' id='word_1_498' title='bbox 1286 4732 1445 4786; x_wconf 86' lang='grc' dir='ltr'>τοῦτο</span> <span class='ocrx_word' id='word_1_499' title='bbox 1467 4735 1636 4805; x_wconf 79' lang='grc' dir='ltr'>μιμοῦ</span> <span class='ocrx_word' id='word_1_500' title='bbox 1647 4748 1832 4800; x_wconf 84' lang='grc' dir='ltr'>μενος,</span> 
     </span>
    </p>
   </div>
   <div class='ocr_carea' id='block_1_64' title="bbox 251 4821 1832 4900">
    <p class='ocr_par' dir='ltr' id='par_1_64' title="bbox 251 4821 1832 4900">
     <span class='ocr_line' id='line_1_64' title="bbox 251 4821 1832 4900; baseline 0.003 -25"><span class='ocrx_word' id='word_1_501' title='bbox 251 4821 374 4876; x_wconf 74' lang='grc' dir='ltr'>οὔτε</span> <span class='ocrx_word' id='word_1_502' title='bbox 413 4821 595 4876; x_wconf 69' lang='grc' dir='ltr'>πάντα</span> <span class='ocrx_word' id='word_1_503' title='bbox 628 4840 712 4876; x_wconf 89' lang='grc' dir='ltr'>σοι</span> <span class='ocrx_word' id='word_1_504' title='bbox 753 4824 845 4878; x_wconf 74' lang='grc' dir='ltr'><strong>τὸν</strong></span> <span class='ocrx_word' id='word_1_505' title='bbox 881 4823 1040 4891; x_wconf 81' lang='grc' dir='ltr'>λόγον</span> <span class='ocrx_word' id='word_1_506' title='bbox 1073 4824 1427 4887; x_wconf 74' lang='grc' dir='ltr'>ἐπαινοῦντα,</span> <span class='ocrx_word' id='word_1_507' title='bbox 1459 4827 1556 4879; x_wconf 83' lang='grc' dir='ltr'>καὶ</span> <span class='ocrx_word' id='word_1_508' title='bbox 1599 4829 1660 4879; x_wconf 80' lang='grc' dir='ltr'>οὺ</span> <span class='ocrx_word' id='word_1_509' title='bbox 1696 4829 1832 4900; x_wconf 81' lang='grc' dir='ltr'>πρὸς</span> 
     </span>
    </p>
   </div>
   <div class='ocr_carea' id='block_1_65' title="bbox 1964 2329 3538 2401">
    <p class='ocr_par' dir='ltr' id='par_1_65' title="bbox 1964 2329 3538 2401">
     <span class='ocr_line' id='line_1_65' title="bbox 1964 2329 3538 2401; baseline 0.001 -18"><span class='ocrx_word' id='word_1_510' title='bbox 1964 2330 2085 2401; x_wconf 87' lang='lat' dir='ltr'><strong>quis</strong></span> <span class='ocrx_word' id='word_1_511' title='bbox 2113 2345 2205 2384; x_wconf 87' lang='lat' dir='ltr'><strong>eas</strong></span> <span class='ocrx_word' id='word_1_512' title='bbox 2253 2329 2629 2399; x_wconf 78' lang='lat' dir='ltr'><strong>appellaverit,</strong></span> <span class='ocrx_word' id='word_1_513' title='bbox 2679 2345 2979 2398; x_wconf 83' lang='lat' dir='ltr'><strong>omnesque</strong></span> <span class='ocrx_word' id='word_1_514' title='bbox 3011 2329 3318 2395; x_wconf 80' lang='lat' dir='ltr'><strong>facultates,</strong></span> <span class='ocrx_word' id='word_1_515' title='bbox 3365 2346 3394 2384; x_wconf 94' lang='lat' dir='ltr'><strong>a</strong></span> <span class='ocrx_word' id='word_1_516' title='bbox 3429 2331 3538 2385; x_wconf 81' lang='lat' dir='ltr'><strong>Deo</strong></span> 
     </span>
    </p>
   </div>
   <div class='ocr_carea' id='block_1_66' title="bbox 1961 2420 3535 2490">
    <p class='ocr_par' dir='ltr' id='par_1_66' title="bbox 1961 2420 3535 2490">
     <span class='ocr_line' id='line_1_66' title="bbox 1961 2420 3535 2490; baseline -0.003 -12"><span class='ocrx_word' id='word_1_517' title='bbox 1961 2438 2102 2478; x_wconf 78' lang='lat' dir='ltr'><strong>esse.</strong></span> <span class='ocrx_word' id='word_1_518' title='bbox 2139 2421 2247 2476; x_wconf 89' lang='lat' dir='ltr'><strong>Cur</strong></span> <span class='ocrx_word' id='word_1_519' title='bbox 2276 2422 2418 2476; x_wconf 89' lang='lat' dir='ltr'><strong>enim</strong></span> <span class='ocrx_word' id='word_1_520' title='bbox 2467 2437 2573 2475; x_wconf 88' lang='lat' dir='ltr'><strong>non</strong></span> <span class='ocrx_word' id='word_1_521' title='bbox 2608 2421 2764 2474; x_wconf 77' lang='lat' dir='ltr'><strong>sint?</strong></span> <span class='ocrx_word' id='word_1_522' title='bbox 2802 2420 2992 2474; x_wconf 83' lang='lat' dir='ltr'><strong>itidem</strong></span> <span class='ocrx_word' id='word_1_523' title='bbox 3024 2438 3145 2476; x_wconf 91' lang='lat' dir='ltr'><strong>cum</strong></span> <span class='ocrx_word' id='word_1_524' title='bbox 3187 2438 3214 2476; x_wconf 90' lang='lat' dir='ltr'><strong>a</strong></span> <span class='ocrx_word' id='word_1_525' title='bbox 3257 2423 3370 2476; x_wconf 83' lang='lat' dir='ltr'><strong>Deo</strong></span> <span class='ocrx_word' id='word_1_526' title='bbox 3402 2424 3535 2490; x_wconf 86' lang='lat' dir='ltr'><strong>sint,</strong></span> 
     </span>
    </p>
   </div>
   <div class='ocr_carea' id='block_1_67' title="bbox 1961 2513 3540 2586">
    <p class='ocr_par' dir='ltr' id='par_1_67' title="bbox 1961 2513 3540 2586">
     <span class='ocr_line' id='line_1_67' title="bbox 1961 2513 3540 2586; baseline -0.001 -15"><span class='ocrx_word' id='word_1_527' title='bbox 1961 2529 2088 2571; x_wconf 86' lang='lat' dir='ltr'><strong>esse</strong></span> <span class='ocrx_word' id='word_1_528' title='bbox 2115 2530 2203 2571; x_wconf 91' lang='lat' dir='ltr'><strong>res</strong></span> <span class='ocrx_word' id='word_1_529' title='bbox 2225 2515 2472 2586; x_wconf 78' lang='lat' dir='ltr'><strong>egregias</strong></span> <span class='ocrx_word' id='word_1_530' title='bbox 2505 2524 2560 2567; x_wconf 92' lang='lat' dir='ltr'><strong>et</strong></span> <span class='ocrx_word' id='word_1_531' title='bbox 2582 2513 2792 2571; x_wconf 85' lang='lat' dir='ltr'><strong>bonas:</strong></span> <span class='ocrx_word' id='word_1_532' title='bbox 2819 2529 2942 2567; x_wconf 87' lang='lat' dir='ltr'><strong>nam</strong></span> <span class='ocrx_word' id='word_1_533' title='bbox 2978 2515 3080 2568; x_wconf 88' lang='lat' dir='ltr'><strong>hoc</strong></span> <span class='ocrx_word' id='word_1_534' title='bbox 3107 2516 3327 2569; x_wconf 88' lang='lat' dir='ltr'><strong>omnino</strong></span> <span class='ocrx_word' id='word_1_535' title='bbox 3353 2530 3540 2569; x_wconf 77' lang='lat' dir='ltr'><strong>neces-</strong></span> 
     </span>
    </p>
   </div>
   <div class='ocr_carea' id='block_1_68' title="bbox 1963 2602 3534 2673">
    <p class='ocr_par' dir='ltr' id='par_1_68' title="bbox 1963 2602 3534 2673">
     <span class='ocr_line' id='line_1_68' title="bbox 1963 2602 3534 2673; baseline -0.004 -14"><span class='ocrx_word' id='word_1_536' title='bbox 1963 2605 2165 2659; x_wconf 85' lang='lat' dir='ltr'><strong>sarium</strong></span> <span class='ocrx_word' id='word_1_537' title='bbox 2200 2612 2302 2657; x_wconf 89' lang='lat' dir='ltr'><strong>est.</strong></span> <span class='ocrx_word' id='word_1_538' title='bbox 2348 2603 2558 2658; x_wconf 78' lang='lat' dir='ltr'><strong>Rursus</strong></span> <span class='ocrx_word' id='word_1_539' title='bbox 2596 2602 2894 2670; x_wconf 89' lang='lat' dir='ltr'><strong>appetitum</strong></span> <span class='ocrx_word' id='word_1_540' title='bbox 2952 2616 3167 2671; x_wconf 90' lang='lat' dir='ltr'><strong>quoque</strong></span> <span class='ocrx_word' id='word_1_541' title='bbox 3217 2618 3342 2656; x_wconf 90' lang='lat' dir='ltr'><strong>cum</strong></span> <span class='ocrx_word' id='word_1_542' title='bbox 3385 2603 3534 2673; x_wconf 81' lang='lat' dir='ltr'><strong>adje-</strong></span> 
     </span>
    </p>
   </div>
   <div class='ocr_carea' id='block_1_69' title="bbox 1961 2694 3532 2764">
    <p class='ocr_par' dir='ltr' id='par_1_69' title="bbox 1961 2694 3532 2764">
     <span class='ocr_line' id='line_1_69' title="bbox 1961 2694 3532 2764; baseline -0.002 -13"><span class='ocrx_word' id='word_1_543' title='bbox 1961 2695 2145 2751; x_wconf 90' lang='lat' dir='ltr'><strong>ctione</strong></span> <span class='ocrx_word' id='word_1_544' title='bbox 2185 2695 2354 2764; x_wconf 91' lang='lat' dir='ltr'><strong>partis</strong></span> <span class='ocrx_word' id='word_1_545' title='bbox 2397 2710 2508 2750; x_wconf 70' lang='lat' dir='ltr'><strong>sum</strong></span> <span class='ocrx_word' id='word_1_546' title='bbox 2559 2695 2862 2764; x_wconf 84' lang='lat' dir='ltr'><strong>perfectum</strong></span> <span class='ocrx_word' id='word_1_547' title='bbox 2917 2695 3217 2748; x_wconf 85' lang='lat' dir='ltr'><strong>constituat</strong></span> <span class='ocrx_word' id='word_1_548' title='bbox 3265 2694 3532 2760; x_wconf 88' lang='lat' dir='ltr'><strong>animum,</strong></span> 
     </span>
    </p>
   </div>
   <div class='ocr_carea' id='block_1_70' title="bbox 1960 2777 3535 2864">
    <p class='ocr_par' dir='ltr' id='par_1_70' title="bbox 1960 2777 3535 2864">
     <span class='ocr_line' id='line_1_70' title="bbox 1960 2777 3535 2864; baseline 0.001 -16"><span class='ocrx_word' id='word_1_549' title='bbox 1960 2794 2064 2848; x_wconf 85' lang='lat' dir='ltr'><strong>hac</strong></span> <span class='ocrx_word' id='word_1_550' title='bbox 2099 2793 2215 2863; x_wconf 85' lang='lat' dir='ltr'><strong>ipsa</strong></span> <span class='ocrx_word' id='word_1_551' title='bbox 2262 2793 2328 2847; x_wconf 92' lang='lat' dir='ltr'><strong>de</strong></span> <span class='ocrx_word' id='word_1_552' title='bbox 2354 2807 2515 2847; x_wconf 76' lang='lat' dir='ltr'><strong>causa</strong></span> <span class='ocrx_word' id='word_1_553' title='bbox 2557 2793 2756 2847; x_wconf 91' lang='lat' dir='ltr'><strong>bonum</strong></span> <span class='ocrx_word' id='word_1_554' title='bbox 2797 2777 2940 2858; x_wconf 79' lang='lat' dir='ltr'><strong>esse;</strong></span> <span class='ocrx_word' id='word_1_555' title='bbox 2993 2808 3116 2846; x_wconf 89' lang='lat' dir='ltr'><strong>nam</strong></span> <span class='ocrx_word' id='word_1_556' title='bbox 3149 2778 3293 2860; x_wconf 85' lang='lat' dir='ltr'><strong>quod</strong></span> <span class='ocrx_word' id='word_1_557' title='bbox 3334 2796 3535 2864; x_wconf 87' lang='lat' dir='ltr'><strong>imper-</strong></span> 
     </span>
    </p>
   </div>
   <div class='ocr_carea' id='block_1_71' title="bbox 1961 2879 3527 2955">
    <p class='ocr_par' dir='ltr' id='par_1_71' title="bbox 1961 2879 3527 2955">
     <span class='ocr_line' id='line_1_71' title="bbox 1961 2879 3527 2955; baseline 0.002 -16"><span class='ocrx_word' id='word_1_558' title='bbox 1961 2884 2187 2950; x_wconf 83' lang='lat' dir='ltr'><strong>fectum,</strong></span> <span class='ocrx_word' id='word_1_559' title='bbox 2211 2885 2413 2940; x_wconf 84' lang='lat' dir='ltr'><strong>bonum</strong></span> <span class='ocrx_word' id='word_1_560' title='bbox 2433 2900 2553 2940; x_wconf 89' lang='lat' dir='ltr'><strong>esse</strong></span> <span class='ocrx_word' id='word_1_561' title='bbox 2575 2886 2784 2955; x_wconf 85' lang='lat' dir='ltr'><strong>nequit.</strong></span> <span class='ocrx_word' id='word_1_562' title='bbox 2806 2879 3075 2940; x_wconf 76' lang='lat' dir='ltr'><strong>Eamdetn</strong></span> <span class='ocrx_word' id='word_1_563' title='bbox 3109 2902 3229 2941; x_wconf 88' lang='lat' dir='ltr'><strong>esse</strong></span> <span class='ocrx_word' id='word_1_564' title='bbox 3260 2889 3527 2943; x_wconf 88' lang='lat' dir='ltr'><strong>rationem</strong></span> 
     </span>
    </p>
   </div>
   <div class='ocr_carea' id='block_1_72' title="bbox 1963 2978 3533 3051">
    <p class='ocr_par' dir='ltr' id='par_1_72' title="bbox 1963 2978 3533 3051">
     <span class='ocr_line' id='line_1_72' title="bbox 1963 2978 3533 3051; baseline 0.004 -21"><span class='ocrx_word' id='word_1_565' title='bbox 1963 2978 2278 3048; x_wconf 87' lang='lat' dir='ltr'><strong>voluptatis,</strong></span> <span class='ocrx_word' id='word_1_566' title='bbox 2313 2992 2434 3047; x_wconf 71' lang='lat' dir='ltr'><strong>qua:</strong></span> <span class='ocrx_word' id='word_1_567' title='bbox 2463 2978 2631 3032; x_wconf 88' lang='lat' dir='ltr'><strong>vitam</strong></span> <span class='ocrx_word' id='word_1_568' title='bbox 2667 2987 2909 3032; x_wconf 86' lang='lat' dir='ltr'><strong>nostram</strong></span> <span class='ocrx_word' id='word_1_569' title='bbox 2941 2978 3118 3043; x_wconf 84' lang='lat' dir='ltr'><strong>fulcit,</strong></span> <span class='ocrx_word' id='word_1_570' title='bbox 3149 2990 3204 3034; x_wconf 88' lang='lat' dir='ltr'><strong>et</strong></span> <span class='ocrx_word' id='word_1_571' title='bbox 3245 2997 3340 3048; x_wconf 87' lang='lat' dir='ltr'><strong>per</strong></span> <span class='ocrx_word' id='word_1_572' title='bbox 3371 2998 3533 3051; x_wconf 88' lang='lat' dir='ltr'><strong>quam</strong></span> 
     </span>
    </p>
   </div>
   <div class='ocr_carea' id='block_1_73' title="bbox 1957 3069 3534 3142">
    <p class='ocr_par' dir='ltr' id='par_1_73' title="bbox 1957 3069 3534 3142">
     <span class='ocr_line' id='line_1_73' title="bbox 1957 3069 3534 3142; baseline 0.005 -22"><span class='ocrx_word' id='word_1_573' title='bbox 1957 3071 2039 3125; x_wconf 75' lang='lat' dir='ltr'><strong>vis</strong></span> <span class='ocrx_word' id='word_1_574' title='bbox 2068 3079 2327 3138; x_wconf 84' lang='lat' dir='ltr'><strong>appetens</strong></span> <span class='ocrx_word' id='word_1_575' title='bbox 2361 3071 2413 3124; x_wconf 91' lang='lat' dir='ltr'><strong>in</strong></span> <span class='ocrx_word' id='word_1_576' title='bbox 2447 3069 2603 3124; x_wconf 89' lang='lat' dir='ltr'><strong>nobis</strong></span> <span class='ocrx_word' id='word_1_577' title='bbox 2637 3080 2719 3125; x_wconf 88' lang='lat' dir='ltr'><strong>est</strong></span> <span class='ocrx_word' id='word_1_578' title='bbox 2749 3070 2960 3134; x_wconf 79' lang='lat' dir='ltr'><strong>elﬁcax,</strong></span> <span class='ocrx_word' id='word_1_579' title='bbox 2989 3087 3090 3126; x_wconf 86' lang='lat' dir='ltr'><strong>nec</strong></span> <span class='ocrx_word' id='word_1_580' title='bbox 3119 3075 3273 3142; x_wconf 88' lang='lat' dir='ltr'><strong>quasi</strong></span> <span class='ocrx_word' id='word_1_581' title='bbox 3310 3075 3355 3129; x_wconf 89' lang='lat' dir='ltr'><strong>si</strong></span> <span class='ocrx_word' id='word_1_582' title='bbox 3388 3091 3534 3128; x_wconf 90' lang='lat' dir='ltr'><strong>mor-</strong></span> 
     </span>
    </p>
   </div>
   <div class='ocr_carea' id='block_1_74' title="bbox 1959 3162 3528 3234">
    <p class='ocr_par' dir='ltr' id='par_1_74' title="bbox 1959 3162 3528 3234">
     <span class='ocr_line' id='line_1_74' title="bbox 1959 3162 3528 3234; baseline 0.004 -16"><span class='ocrx_word' id='word_1_583' title='bbox 1959 3175 2050 3218; x_wconf 90' lang='lat' dir='ltr'><strong>tua</strong></span> <span class='ocrx_word' id='word_1_584' title='bbox 2091 3163 2324 3234; x_wconf 86' lang='lat' dir='ltr'><strong>jaceret,</strong></span> <span class='ocrx_word' id='word_1_585' title='bbox 2371 3172 2637 3233; x_wconf 88' lang='lat' dir='ltr'><strong>potestate</strong></span> <span class='ocrx_word' id='word_1_586' title='bbox 2677 3162 2944 3219; x_wconf 80' lang='lat' dir='ltr'><strong>duntaxat</strong></span> <span class='ocrx_word' id='word_1_587' title='bbox 2975 3165 3082 3218; x_wconf 87' lang='lat' dir='ltr'><strong>vim</strong></span> <span class='ocrx_word' id='word_1_588' title='bbox 3116 3181 3269 3220; x_wconf 84' lang='lat' dir='ltr'><strong>suam</strong></span> <span class='ocrx_word' id='word_1_589' title='bbox 3299 3168 3528 3225; x_wconf 84' lang='lat' dir='ltr'><strong>obtinet.</strong></span> 
     </span>
    </p>
   </div>
   <div class='ocr_carea' id='block_1_75' title="bbox 1957 3254 3533 3326">
    <p class='ocr_par' dir='ltr' id='par_1_75' title="bbox 1957 3254 3533 3326">
     <span class='ocr_line' id='line_1_75' title="bbox 1957 3254 3533 3326; baseline 0.004 -19"><span class='ocrx_word' id='word_1_590' title='bbox 1957 3256 2086 3322; x_wconf 72' lang='lat' dir='ltr'><strong>Quae</strong></span> <span class='ocrx_word' id='word_1_591' title='bbox 2119 3270 2240 3308; x_wconf 87' lang='lat' dir='ltr'><strong>cum</strong></span> <span class='ocrx_word' id='word_1_592' title='bbox 2271 3255 2344 3308; x_wconf 89' lang='lat' dir='ltr'><strong>ita</strong></span> <span class='ocrx_word' id='word_1_593' title='bbox 2372 3255 2504 3319; x_wconf 89' lang='lat' dir='ltr'><strong>sint,</strong></span> <span class='ocrx_word' id='word_1_594' title='bbox 2547 3264 2602 3309; x_wconf 89' lang='lat' dir='ltr'><strong>et</strong></span> <span class='ocrx_word' id='word_1_595' title='bbox 2642 3256 2707 3308; x_wconf 88' lang='lat' dir='ltr'><strong>ad</strong></span> <span class='ocrx_word' id='word_1_596' title='bbox 2742 3254 2902 3309; x_wconf 86' lang='lat' dir='ltr'><strong>linem</strong></span> <span class='ocrx_word' id='word_1_597' title='bbox 2935 3256 3194 3325; x_wconf 84' lang='lat' dir='ltr'><strong>perducta</strong></span> <span class='ocrx_word' id='word_1_598' title='bbox 3229 3260 3533 3326; x_wconf 54' lang='lat' dir='ltr'><strong>quastione</strong></span> 
     </span>
    </p>
   </div>
   <div class='ocr_carea' id='block_1_76' title="bbox 1952 3347 3534 3418">
    <p class='ocr_par' dir='ltr' id='par_1_76' title="bbox 1952 3347 3534 3418">
     <span class='ocr_line' id='line_1_76' title="bbox 1952 3347 3534 3418; baseline 0.003 -20"><span class='ocrx_word' id='word_1_599' title='bbox 1952 3348 2060 3417; x_wconf 83' lang='lat' dir='ltr'><strong>jam</strong></span> <span class='ocrx_word' id='word_1_600' title='bbox 2087 3347 2155 3401; x_wconf 88' lang='lat' dir='ltr'><strong>sit</strong></span> <span class='ocrx_word' id='word_1_601' title='bbox 2179 3347 2640 3411; x_wconf 86' lang='lat' dir='ltr'><strong>demonstratum,</strong></span> <span class='ocrx_word' id='word_1_602' title='bbox 2665 3348 2994 3415; x_wconf 83' lang='lat' dir='ltr'><strong>voluptatem</strong></span> <span class='ocrx_word' id='word_1_603' title='bbox 3015 3363 3135 3403; x_wconf 88' lang='lat' dir='ltr'><strong>esse</strong></span> <span class='ocrx_word' id='word_1_604' title='bbox 3167 3365 3278 3404; x_wconf 88' lang='lat' dir='ltr'><strong>rem</strong></span> <span class='ocrx_word' id='word_1_605' title='bbox 3304 3351 3534 3418; x_wconf 82' lang='lat' dir='ltr'><strong>bonam,</strong></span> 
     </span>
    </p>
   </div>
   <div class='ocr_carea' id='block_1_77' title="bbox 1953 3439 3532 3509">
    <p class='ocr_par' dir='ltr' id='par_1_77' title="bbox 1953 3439 3532 3509">
     <span class='ocr_line' id='line_1_77' title="bbox 1953 3439 3532 3509; baseline 0.002 -17"><span class='ocrx_word' id='word_1_606' title='bbox 1953 3453 2078 3492; x_wconf 88' lang='lat' dir='ltr'><strong>cum</strong></span> <span class='ocrx_word' id='word_1_607' title='bbox 2115 3439 2250 3494; x_wconf 91' lang='lat' dir='ltr'><strong>alias</strong></span> <span class='ocrx_word' id='word_1_608' title='bbox 2284 3440 2354 3494; x_wconf 88' lang='lat' dir='ltr'><strong>ob</strong></span> <span class='ocrx_word' id='word_1_609' title='bbox 2389 3455 2606 3501; x_wconf 86' lang='lat' dir='ltr'><strong>causas,</strong></span> <span class='ocrx_word' id='word_1_610' title='bbox 2639 3449 2749 3493; x_wconf 91' lang='lat' dir='ltr'><strong>tum</strong></span> <span class='ocrx_word' id='word_1_611' title='bbox 2781 3439 2924 3509; x_wconf 89' lang='lat' dir='ltr'><strong>quod</strong></span> <span class='ocrx_word' id='word_1_612' title='bbox 2957 3456 2984 3492; x_wconf 91' lang='lat' dir='ltr'><strong>a</strong></span> <span class='ocrx_word' id='word_1_613' title='bbox 3021 3441 3129 3495; x_wconf 91' lang='lat' dir='ltr'><strong>Dco</strong></span> <span class='ocrx_word' id='word_1_614' title='bbox 3163 3451 3273 3496; x_wconf 90' lang='lat' dir='ltr'><strong>tam</strong></span> <span class='ocrx_word' id='word_1_615' title='bbox 3301 3444 3532 3498; x_wconf 85' lang='lat' dir='ltr'><strong>rationis</strong></span> 
     </span>
    </p>
   </div>
   <div class='ocr_carea' id='block_1_78' title="bbox 1955 3532 3530 3603">
    <p class='ocr_par' dir='ltr' id='par_1_78' title="bbox 1955 3532 3530 3603">
     <span class='ocr_line' id='line_1_78' title="bbox 1955 3532 3530 3603; baseline 0.006 -22"><span class='ocrx_word' id='word_1_616' title='bbox 1955 3546 2115 3600; x_wconf 89' lang='lat' dir='ltr'><strong>quam</strong></span> <span class='ocrx_word' id='word_1_617' title='bbox 2151 3547 2348 3586; x_wconf 84' lang='lat' dir='ltr'><strong>sensus</strong></span> <span class='ocrx_word' id='word_1_618' title='bbox 2403 3532 2652 3601; x_wconf 87' lang='lat' dir='ltr'><strong>participi</strong></span> <span class='ocrx_word' id='word_1_619' title='bbox 2691 3541 2898 3586; x_wconf 77' lang='lat' dir='ltr'><strong>natura:</strong></span> <span class='ocrx_word' id='word_1_620' title='bbox 2953 3533 3022 3587; x_wconf 86' lang='lat' dir='ltr'><strong>sit</strong></span> <span class='ocrx_word' id='word_1_621' title='bbox 3061 3548 3347 3600; x_wconf 81' lang='lat' dir='ltr'><strong>concessa,</strong></span> <span class='ocrx_word' id='word_1_622' title='bbox 3400 3536 3530 3603; x_wconf 90' lang='lat' dir='ltr'><strong>quid</strong></span> 
     </span>
    </p>
   </div>
   <div class='ocr_carea' id='block_1_79' title="bbox 1873 3615 3530 3693">
    <p class='ocr_par' dir='ltr' id='par_1_79' title="bbox 1873 3615 3530 3693">
     <span class='ocr_line' id='line_1_79' title="bbox 1873 3615 3530 3693; baseline 0.003 -17"><span class='ocrx_word' id='word_1_623' title='bbox 1873 3615 1914 3669; x_wconf 86' lang='lat' dir='ltr'><strong><em>C</em></strong></span> <span class='ocrx_word' id='word_1_624' title='bbox 1954 3633 2008 3676; x_wconf 85' lang='grc' dir='ltr'>ιιι</span> <span class='ocrx_word' id='word_1_625' title='bbox 2045 3625 2258 3678; x_wconf 88' lang='lat' dir='ltr'><strong>tandem</strong></span> <span class='ocrx_word' id='word_1_626' title='bbox 2284 3625 2389 3687; x_wconf 87' lang='lat' dir='ltr'><strong>ais,</strong></span> <span class='ocrx_word' id='word_1_627' title='bbox 2419 3626 2511 3693; x_wconf 86' lang='lat' dir='ltr'><strong>qui</strong></span> <span class='ocrx_word' id='word_1_628' title='bbox 2549 3625 2880 3693; x_wconf 82' lang='lat' dir='ltr'><strong>voluptatem</strong></span> <span class='ocrx_word' id='word_1_629' title='bbox 2914 3624 3240 3693; x_wconf 84' lang='lat' dir='ltr'><strong>simpliciter</strong></span> <span class='ocrx_word' id='word_1_630' title='bbox 3269 3629 3530 3681; x_wconf 88' lang='lat' dir='ltr'><strong>crimina-</strong></span> 
     </span>
    </p>
   </div>
   <div class='ocr_carea' id='block_1_80' title="bbox 1953 3714 3532 3790">
    <p class='ocr_par' dir='ltr' id='par_1_80' title="bbox 1953 3714 3532 3790">
     <span class='ocr_line' id='line_1_80' title="bbox 1953 3714 3532 3790; baseline 0.003 -23"><span class='ocrx_word' id='word_1_631' title='bbox 1953 3715 2072 3768; x_wconf 84' lang='lat' dir='ltr'><strong>ris?</strong></span> <span class='ocrx_word' id='word_1_632' title='bbox 2104 3714 2240 3768; x_wconf 79' lang='lat' dir='ltr'><strong>Nam</strong></span> <span class='ocrx_word' id='word_1_633' title='bbox 2272 3717 2317 3769; x_wconf 92' lang='lat' dir='ltr'><strong>si</strong></span> <span class='ocrx_word' id='word_1_634' title='bbox 2360 3716 2580 3784; x_wconf 87' lang='lat' dir='ltr'><strong>quidem</strong></span> <span class='ocrx_word' id='word_1_635' title='bbox 2628 3716 2742 3784; x_wconf 90' lang='lat' dir='ltr'><strong>ipse</strong></span> <span class='ocrx_word' id='word_1_636' title='bbox 2765 3717 2914 3781; x_wconf 88' lang='lat' dir='ltr'><strong>siles,</strong></span> <span class='ocrx_word' id='word_1_637' title='bbox 2957 3719 3131 3771; x_wconf 84' lang='lat' dir='ltr'><strong>dicam</strong></span> <span class='ocrx_word' id='word_1_638' title='bbox 3169 3736 3274 3788; x_wconf 79' lang='lat' dir='ltr'><strong>ego</strong></span> <span class='ocrx_word' id='word_1_639' title='bbox 3307 3721 3401 3774; x_wconf 88' lang='lat' dir='ltr'><strong>tibi</strong></span> <span class='ocrx_word' id='word_1_640' title='bbox 3433 3735 3532 3790; x_wconf 91' lang='lat' dir='ltr'><strong>po-</strong></span> 
     </span>
    </p>
   </div>
   <div class='ocr_carea' id='block_1_81' title="bbox 1951 3806 3530 3879">
    <p class='ocr_par' dir='ltr' id='par_1_81' title="bbox 1951 3806 3530 3879">
     <span class='ocr_line' id='line_1_81' title="bbox 1951 3806 3530 3879; baseline 0.003 -21"><span class='ocrx_word' id='word_1_641' title='bbox 1951 3814 2211 3860; x_wconf 85' lang='lat' dir='ltr'><strong>stremum</strong></span> <span class='ocrx_word' id='word_1_642' title='bbox 2250 3807 2392 3875; x_wconf 89' lang='lat' dir='ltr'><strong>quod</strong></span> <span class='ocrx_word' id='word_1_643' title='bbox 2450 3806 2701 3860; x_wconf 83' lang='lat' dir='ltr'><strong>lubenter</strong></span> <span class='ocrx_word' id='word_1_644' title='bbox 2741 3808 2957 3861; x_wconf 84' lang='lat' dir='ltr'><strong>audies.</strong></span> <span class='ocrx_word' id='word_1_645' title='bbox 2985 3808 3339 3865; x_wconf 81' lang='lat' dir='ltr'><strong>Conﬁrmatis</strong></span> <span class='ocrx_word' id='word_1_646' title='bbox 3371 3813 3530 3879; x_wconf 83' lang='lat' dir='ltr'><strong>equi-</strong></span> 
     </span>
    </p>
   </div>
   <div class='ocr_carea' id='block_1_82' title="bbox 1945 3895 3524 3980">
    <p class='ocr_par' dir='ltr' id='par_1_82' title="bbox 1945 3895 3524 3980">
     <span class='ocr_line' id='line_1_82' title="bbox 1945 3895 3524 3980; baseline 0.002 -28"><span class='ocrx_word' id='word_1_647' title='bbox 1945 3900 2066 3980; x_wconf 70' lang='lat' dir='ltr'><strong>dem</strong></span> <span class='ocrx_word' id='word_1_648' title='bbox 2099 3898 2358 3968; x_wconf 74' lang='lat' dir='ltr'><strong>suffragio</strong></span> <span class='ocrx_word' id='word_1_649' title='bbox 2382 3913 2502 3952; x_wconf 88' lang='lat' dir='ltr'><strong>meo</strong></span> <span class='ocrx_word' id='word_1_650' title='bbox 2529 3899 2834 3954; x_wconf 87' lang='lat' dir='ltr'><strong>rationibus</strong></span> <span class='ocrx_word' id='word_1_651' title='bbox 2859 3895 2985 3962; x_wconf 78' lang='lat' dir='ltr'><strong>tuis,</strong></span> <span class='ocrx_word' id='word_1_652' title='bbox 3010 3901 3206 3969; x_wconf 86' lang='lat' dir='ltr'><strong>quibus</strong></span> <span class='ocrx_word' id='word_1_653' title='bbox 3232 3901 3524 3970; x_wconf 78' lang='lat' dir='ltr'><strong>imaginem</strong></span> 
     </span>
    </p>
   </div>
   <div class='ocr_carea' id='block_1_83' title="bbox 1949 3991 3528 4062">
    <p class='ocr_par' dir='ltr' id='par_1_83' title="bbox 1949 3991 3528 4062">
     <span class='ocr_line' id='line_1_83' title="bbox 1949 3991 3528 4062; baseline 0.001 -17"><span class='ocrx_word' id='word_1_654' title='bbox 1949 3992 2246 4061; x_wconf 76' lang='lat' dir='ltr'><strong>voluptatis</strong></span> <span class='ocrx_word' id='word_1_655' title='bbox 2281 3991 2521 4046; x_wconf 86' lang='lat' dir='ltr'><strong>breviter</strong></span> <span class='ocrx_word' id='word_1_656' title='bbox 2547 3992 2887 4062; x_wconf 82' lang='lat' dir='ltr'><strong>expressisti,</strong></span> <span class='ocrx_word' id='word_1_657' title='bbox 2919 4008 3086 4046; x_wconf 89' lang='lat' dir='ltr'><strong>unum</strong></span> <span class='ocrx_word' id='word_1_658' title='bbox 3120 3994 3222 4047; x_wconf 91' lang='lat' dir='ltr'><strong>hoc</strong></span> <span class='ocrx_word' id='word_1_659' title='bbox 3259 3994 3528 4048; x_wconf 78' lang='lat' dir='ltr'><strong>duntaxat</strong></span> 
     </span>
    </p>
   </div>
   <div class='ocr_carea' id='block_1_84' title="bbox 1948 4086 3524 4157">
    <p class='ocr_par' dir='ltr' id='par_1_84' title="bbox 1948 4086 3524 4157">
     <span class='ocr_line' id='line_1_84' title="bbox 1948 4086 3524 4157; baseline -0.001 -18"><span class='ocrx_word' id='word_1_660' title='bbox 1948 4087 2152 4156; x_wconf 81' lang='lat' dir='ltr'><strong>abrogo</strong></span> <span class='ocrx_word' id='word_1_661' title='bbox 2181 4086 2326 4156; x_wconf 91' lang='lat' dir='ltr'><strong>quod</strong></span> <span class='ocrx_word' id='word_1_662' title='bbox 2351 4086 2613 4140; x_wconf 80' lang='lat' dir='ltr'><strong>adversus</strong></span> <span class='ocrx_word' id='word_1_663' title='bbox 2642 4099 2836 4140; x_wconf 89' lang='lat' dir='ltr'><strong>omnes</strong></span> <span class='ocrx_word' id='word_1_664' title='bbox 2859 4100 2980 4139; x_wconf 87' lang='lat' dir='ltr'><strong>eam</strong></span> <span class='ocrx_word' id='word_1_665' title='bbox 3018 4092 3226 4139; x_wconf 85' lang='lat' dir='ltr'><strong>tantum</strong></span> <span class='ocrx_word' id='word_1_666' title='bbox 3248 4100 3410 4157; x_wconf 83' lang='lat' dir='ltr'><strong>posse</strong></span> <span class='ocrx_word' id='word_1_667' title='bbox 3438 4099 3524 4139; x_wconf 84' lang='lat' dir='ltr'><strong>ar-</strong></span> 
     </span>
    </p>
   </div>
   <div class='ocr_carea' id='block_1_85' title="bbox 1946 4179 3525 4248">
    <p class='ocr_par' dir='ltr' id='par_1_85' title="bbox 1946 4179 3525 4248">
     <span class='ocr_line' id='line_1_85' title="bbox 1946 4179 3525 4248; baseline -0.002 -12"><span class='ocrx_word' id='word_1_668' title='bbox 1946 4180 2484 4244; x_wconf 85' lang='lat' dir='ltr'><strong>bitraris,utvanum</strong></span> <span class='ocrx_word' id='word_1_669' title='bbox 2520 4191 2690 4248; x_wconf 89' lang='lat' dir='ltr'><strong>prope</strong></span> <span class='ocrx_word' id='word_1_670' title='bbox 2725 4179 2797 4233; x_wconf 86' lang='lat' dir='ltr'><strong>sit</strong></span> <span class='ocrx_word' id='word_1_671' title='bbox 2829 4195 2991 4234; x_wconf 88' lang='lat' dir='ltr'><strong>omne</strong></span> <span class='ocrx_word' id='word_1_672' title='bbox 3035 4180 3278 4233; x_wconf 87' lang='lat' dir='ltr'><strong>studium</strong></span> <span class='ocrx_word' id='word_1_673' title='bbox 3322 4190 3525 4235; x_wconf 80' lang='lat' dir='ltr'><strong>morta-</strong></span> 
     </span>
    </p>
   </div>
   <div class='ocr_carea' id='block_1_86' title="bbox 1946 4271 3522 4342">
    <p class='ocr_par' dir='ltr' id='par_1_86' title="bbox 1946 4271 3522 4342">
     <span class='ocr_line' id='line_1_86' title="bbox 1946 4271 3522 4342; baseline 0.002 -17"><span class='ocrx_word' id='word_1_674' title='bbox 1946 4271 2078 4326; x_wconf 91' lang='lat' dir='ltr'><strong>lium</strong></span> <span class='ocrx_word' id='word_1_675' title='bbox 2103 4273 2193 4342; x_wconf 91' lang='lat' dir='ltr'><strong>qui</strong></span> <span class='ocrx_word' id='word_1_676' title='bbox 2234 4282 2512 4326; x_wconf 85' lang='lat' dir='ltr'><strong>certamen</strong></span> <span class='ocrx_word' id='word_1_677' title='bbox 2561 4271 2825 4326; x_wconf 83' lang='lat' dir='ltr'><strong>adversus</strong></span> <span class='ocrx_word' id='word_1_678' title='bbox 2854 4287 2973 4327; x_wconf 89' lang='lat' dir='ltr'><strong>eam</strong></span> <span class='ocrx_word' id='word_1_679' title='bbox 3022 4273 3300 4342; x_wconf 70' lang='lat' dir='ltr'><strong>suspicere</strong></span> <span class='ocrx_word' id='word_1_680' title='bbox 3330 4273 3522 4329; x_wconf 77' lang='lat' dir='ltr'><strong>velint.</strong></span> 
     </span>
    </p>
   </div>
   <div class='ocr_carea' id='block_1_87' title="bbox 1947 4364 3523 4435">
    <p class='ocr_par' dir='ltr' id='par_1_87' title="bbox 1947 4364 3523 4435">
     <span class='ocr_line' id='line_1_87' title="bbox 1947 4364 3523 4435; baseline 0.001 -16"><span class='ocrx_word' id='word_1_681' title='bbox 1947 4364 2150 4420; x_wconf 78' lang='lat' dir='ltr'><strong>Saltem</strong></span> <span class='ocrx_word' id='word_1_682' title='bbox 2184 4365 2230 4419; x_wconf 89' lang='lat' dir='ltr'><strong>si</strong></span> <span class='ocrx_word' id='word_1_683' title='bbox 2265 4366 2378 4420; x_wconf 74' lang='lat' dir='ltr'><strong>bzcc</strong></span> <span class='ocrx_word' id='word_1_684' title='bbox 2423 4365 2515 4418; x_wconf 90' lang='lat' dir='ltr'><strong>tibi</strong></span> <span class='ocrx_word' id='word_1_685' title='bbox 2558 4379 2775 4433; x_wconf 88' lang='lat' dir='ltr'><strong>quoque</strong></span> <span class='ocrx_word' id='word_1_686' title='bbox 2798 4365 3072 4429; x_wconf 83' lang='lat' dir='ltr'><strong>videntur,</strong></span> <span class='ocrx_word' id='word_1_687' title='bbox 3099 4367 3212 4418; x_wconf 77' lang='lat' dir='ltr'><strong>etsi</strong></span> <span class='ocrx_word' id='word_1_688' title='bbox 3251 4374 3409 4435; x_wconf 88' lang='lat' dir='ltr'><strong>putas</strong></span> <span class='ocrx_word' id='word_1_689' title='bbox 3425 4382 3523 4421; x_wconf 85' lang='lat' dir='ltr'><strong>vo-</strong></span> 
     </span>
    </p>
   </div>
   <div class='ocr_carea' id='block_1_88' title="bbox 1943 4457 3520 4526">
    <p class='ocr_par' dir='ltr' id='par_1_88' title="bbox 1943 4457 3520 4526">
     <span class='ocr_line' id='line_1_88' title="bbox 1943 4457 3520 4526; baseline -0.001 -15"><span class='ocrx_word' id='word_1_690' title='bbox 1943 4458 2204 4526; x_wconf 86' lang='lat' dir='ltr'><strong>luptatem</strong></span> <span class='ocrx_word' id='word_1_691' title='bbox 2245 4457 2597 4524; x_wconf 81' lang='lat' dir='ltr'><strong>superﬂuam,</strong></span> <span class='ocrx_word' id='word_1_692' title='bbox 2624 4457 2996 4522; x_wconf 80' lang='lat' dir='ltr'><strong>inhonestam,</strong></span> <span class='ocrx_word' id='word_1_693' title='bbox 3023 4457 3250 4512; x_wconf 89' lang='lat' dir='ltr'><strong>omnino</strong></span> <span class='ocrx_word' id='word_1_694' title='bbox 3275 4460 3520 4526; x_wconf 72' lang='lat' dir='ltr'><strong>noxiam,</strong></span> 
     </span>
    </p>
   </div>
   <div class='ocr_carea' id='block_1_89' title="bbox 1943 4548 3520 4619">
    <p class='ocr_par' dir='ltr' id='par_1_89' title="bbox 1943 4548 3520 4619">
     <span class='ocr_line' id='line_1_89' title="bbox 1943 4548 3520 4619; baseline 0.002 -19"><span class='ocrx_word' id='word_1_695' title='bbox 1943 4550 2216 4603; x_wconf 84' lang='lat' dir='ltr'><strong>valentem</strong></span> <span class='ocrx_word' id='word_1_696' title='bbox 2245 4548 2462 4617; x_wconf 84' lang='lat' dir='ltr'><strong>quidem</strong></span> <span class='ocrx_word' id='word_1_697' title='bbox 2491 4563 2616 4602; x_wconf 89' lang='lat' dir='ltr'><strong>esse</strong></span> <span class='ocrx_word' id='word_1_698' title='bbox 2642 4549 2695 4603; x_wconf 92' lang='lat' dir='ltr'><strong>in</strong></span> <span class='ocrx_word' id='word_1_699' title='bbox 2731 4551 2796 4604; x_wconf 88' lang='lat' dir='ltr'><strong>iis</strong></span> <span class='ocrx_word' id='word_1_700' title='bbox 2822 4565 3050 4617; x_wconf 84' lang='lat' dir='ltr'><strong>quorum</strong></span> <span class='ocrx_word' id='word_1_701' title='bbox 3079 4551 3129 4603; x_wconf 88' lang='lat' dir='ltr'><strong>itt</strong></span> <span class='ocrx_word' id='word_1_702' title='bbox 3165 4549 3414 4619; x_wconf 83' lang='lat' dir='ltr'><strong>eligendo</strong></span> <span class='ocrx_word' id='word_1_703' title='bbox 3441 4551 3520 4603; x_wconf 81' lang='lat' dir='ltr'><strong>vis</strong></span> 
     </span>
    </p>
   </div>
   <div class='ocr_carea' id='block_1_90' title="bbox 1941 4641 3520 4710">
    <p class='ocr_par' dir='ltr' id='par_1_90' title="bbox 1941 4641 3520 4710">
     <span class='ocr_line' id='line_1_90' title="bbox 1941 4641 3520 4710; baseline 0.001 -17"><span class='ocrx_word' id='word_1_704' title='bbox 1941 4641 2104 4695; x_wconf 88' lang='lat' dir='ltr'><strong>animi</strong></span> <span class='ocrx_word' id='word_1_705' title='bbox 2141 4641 2330 4695; x_wconf 85' lang='lat' dir='ltr'><strong>debilis</strong></span> <span class='ocrx_word' id='word_1_706' title='bbox 2361 4648 2468 4704; x_wconf 87' lang='lat' dir='ltr'><strong>est,</strong></span> <span class='ocrx_word' id='word_1_707' title='bbox 2501 4650 2554 4694; x_wconf 91' lang='lat' dir='ltr'><strong>at</strong></span> <span class='ocrx_word' id='word_1_708' title='bbox 2592 4641 2888 4695; x_wconf 79' lang='lat' dir='ltr'><strong>invalidam</strong></span> <span class='ocrx_word' id='word_1_709' title='bbox 2915 4641 2968 4694; x_wconf 89' lang='lat' dir='ltr'><strong>in</strong></span> <span class='ocrx_word' id='word_1_710' title='bbox 2998 4642 3107 4694; x_wconf 91' lang='lat' dir='ltr'><strong>illis</strong></span> <span class='ocrx_word' id='word_1_711' title='bbox 3139 4643 3228 4710; x_wconf 89' lang='lat' dir='ltr'><strong>qui</strong></span> <span class='ocrx_word' id='word_1_712' title='bbox 3259 4654 3406 4695; x_wconf 89' lang='lat' dir='ltr'><strong>recte</strong></span> <span class='ocrx_word' id='word_1_713' title='bbox 3433 4656 3520 4695; x_wconf 80' lang='lat' dir='ltr'><strong>res</strong></span> 
     </span>
    </p>
   </div>
   <div class='ocr_carea' id='block_1_91' title="bbox 1939 4727 3520 4800">
    <p class='ocr_par' dir='ltr' id='par_1_91' title="bbox 1939 4727 3520 4800">
     <span class='ocr_line' id='line_1_91' title="bbox 1939 4727 3520 4800; baseline 0.001 -14"><span class='ocrx_word' id='word_1_714' title='bbox 1939 4733 2214 4786; x_wconf 77' lang='lat' dir='ltr'><strong>:estimare</strong></span> <span class='ocrx_word' id='word_1_715' title='bbox 2248 4741 2496 4800; x_wconf 83' lang='lat' dir='ltr'><strong>possunt,</strong></span> <span class='ocrx_word' id='word_1_716' title='bbox 2538 4739 2592 4784; x_wconf 91' lang='lat' dir='ltr'><strong>et</strong></span> <span class='ocrx_word' id='word_1_717' title='bbox 2620 4746 2739 4800; x_wconf 57' lang='lat' dir='ltr'><strong>quae</strong></span> <span class='ocrx_word' id='word_1_718' title='bbox 2772 4732 2978 4784; x_wconf 88' lang='lat' dir='ltr'><strong>ducunt</strong></span> <span class='ocrx_word' id='word_1_719' title='bbox 3013 4747 3134 4786; x_wconf 88' lang='lat' dir='ltr'><strong>esse</strong></span> <span class='ocrx_word' id='word_1_720' title='bbox 3165 4727 3301 4786; x_wconf 71' lang='lat' dir='ltr'><strong>bdl’ia</strong></span> <span class='ocrx_word' id='word_1_721' title='bbox 3335 4734 3520 4787; x_wconf 86' lang='lat' dir='ltr'><strong>facere</strong></span> 
     </span>
    </p>
   </div>
   <div class='ocr_carea' id='block_1_92' title="bbox 1942 4822 3517 4892">
    <p class='ocr_par' dir='ltr' id='par_1_92' title="bbox 1942 4822 3517 4892">
     <span class='ocr_line' id='line_1_92' title="bbox 1942 4822 3517 4892; baseline 0 -17"><span class='ocrx_word' id='word_1_722' title='bbox 1942 4825 2149 4889; x_wconf 85' lang='lat' dir='ltr'><strong>volunt,</strong></span> <span class='ocrx_word' id='word_1_723' title='bbox 2179 4838 2396 4892; x_wconf 70' lang='lat' dir='ltr'><strong>mquum</strong></span> <span class='ocrx_word' id='word_1_724' title='bbox 2430 4834 2480 4876; x_wconf 90' lang='lat' dir='ltr'><strong>te</strong></span> <span class='ocrx_word' id='word_1_725' title='bbox 2515 4837 2696 4892; x_wconf 78' lang='lat' dir='ltr'><strong>geres,</strong></span> <span class='ocrx_word' id='word_1_726' title='bbox 2727 4822 2947 4889; x_wconf 85' lang='lat' dir='ltr'><strong>opinor,</strong></span> <span class='ocrx_word' id='word_1_727' title='bbox 2984 4831 3041 4876; x_wconf 91' lang='lat' dir='ltr'><strong>ut</strong></span> <span class='ocrx_word' id='word_1_728' title='bbox 3075 4839 3138 4877; x_wconf 82' lang='lat' dir='ltr'><strong>ex</strong></span> <span class='ocrx_word' id='word_1_729' title='bbox 3177 4835 3332 4890; x_wconf 80' lang='lat' dir='ltr'><strong>parte</strong></span> <span class='ocrx_word' id='word_1_730' title='bbox 3368 4825 3517 4877; x_wconf 82' lang='lat' dir='ltr'><strong>scili-</strong></span> 
     </span>
    </p>
   </div>
   <div class='ocr_carea' id='block_1_93' title="bbox 252 4914 1835 4994">
    <p class='ocr_par' dir='ltr' id='par_1_93' title="bbox 252 4915 1830 4986">
     <span class='ocr_line' id='line_1_93' title="bbox 252 4915 1830 4986; baseline 0.003 -18"><span class='ocrx_word' id='word_1_731' title='bbox 252 4915 434 4970; x_wconf 77' lang='grc' dir='ltr'>πάντα</span> <span class='ocrx_word' id='word_1_732' title='bbox 497 4915 873 4986; x_wconf 78' lang='grc' dir='ltr'>μεμφόμενον.</span> <span class='ocrx_word' id='word_1_733' title='bbox 929 4917 1038 4970; x_wconf 72' lang='grc' dir='ltr'>Καὶ</span> <span class='ocrx_word' id='word_1_734' title='bbox 1072 4917 1200 4986; x_wconf 74' lang='grc' dir='ltr'>μὴν,</span> <span class='ocrx_word' id='word_1_735' title='bbox 1236 4918 1284 4970; x_wconf 88' lang='grc' dir='ltr'><strong>εί</strong></span> <span class='ocrx_word' id='word_1_736' title='bbox 1332 4918 1510 4986; x_wconf 73' lang='grc' dir='ltr'>ἔγωγε</span> <span class='ocrx_word' id='word_1_737' title='bbox 1569 4921 1683 4982; x_wconf 79' lang='grc' dir='ltr'>τοῖς</span> <span class='ocrx_word' id='word_1_738' title='bbox 1719 4922 1830 4983; x_wconf 79' lang='grc' dir='ltr'>σοῖς</span> 
     </span>
    </p>
   </div>
   <div class='ocr_carea' id='block_1_94' title="bbox 1946 4914 3512 4994">
    <p class='ocr_par' dir='ltr' id='par_1_94' title="bbox 1946 4914 3512 4985">
     <span class='ocr_line' id='line_1_94' title="bbox 1946 4914 3512 4985; baseline -0.001 -13"><span class='ocrx_word' id='word_1_739' title='bbox 1946 4926 2025 4972; x_wconf 83' lang='lat' dir='ltr'><strong>cet</strong></span> <span class='ocrx_word' id='word_1_740' title='bbox 2061 4917 2376 4973; x_wconf 82' lang='lat' dir='ltr'><strong>moderatus</strong></span> <span class='ocrx_word' id='word_1_741' title='bbox 2422 4917 2519 4981; x_wconf 79' lang='lat' dir='ltr'><strong>sis,</strong></span> <span class='ocrx_word' id='word_1_742' title='bbox 2558 4914 2872 4984; x_wconf 78' lang='lat' dir='ltr'><strong>exemplum</strong></span> <span class='ocrx_word' id='word_1_743' title='bbox 2907 4929 3085 4968; x_wconf 86' lang='lat' dir='ltr'><strong>meum</strong></span> <span class='ocrx_word' id='word_1_744' title='bbox 3115 4916 3385 4981; x_wconf 88' lang='lat' dir='ltr'><strong>imitatus,</strong></span> <span class='ocrx_word' id='word_1_745' title='bbox 3417 4918 3512 4985; x_wconf 88' lang='lat' dir='ltr'><strong>qui</strong></span> 
     </span>
    </p>
   </div>
   <div class='ocr_carea' id='block_1_95' title="bbox 254 5006 1832 5080">
    <p class='ocr_par' dir='ltr' id='par_1_95' title="bbox 254 5006 1832 5080">
     <span class='ocr_line' id='line_1_95' title="bbox 254 5006 1832 5080; baseline 0.003 -20"><span class='ocrx_word' id='word_1_746' title='bbox 254 5006 537 5077; x_wconf 64' lang='grc' dir='ltr'>συμφαίην</span> <span class='ocrx_word' id='word_1_747' title='bbox 587 5007 647 5074; x_wconf 68' lang='grc' dir='ltr'><strong>ἐξ</strong></span> <span class='ocrx_word' id='word_1_748' title='bbox 693 5008 979 5079; x_wconf 71' lang='grc' dir='ltr'>ἡμισείας,</span> <span class='ocrx_word' id='word_1_749' title='bbox 1020 5010 1115 5062; x_wconf 68' lang='grc' dir='ltr'><strong>καὶ</strong></span> <span class='ocrx_word' id='word_1_750' title='bbox 1149 5010 1214 5063; x_wconf 78' lang='grc' dir='ltr'>σὺ</span> <span class='ocrx_word' id='word_1_751' title='bbox 1264 5009 1429 5063; x_wconf 83' lang='grc' dir='ltr'>ταυτό</span> <span class='ocrx_word' id='word_1_752' title='bbox 1472 5026 1536 5078; x_wconf 83' lang='grc' dir='ltr'>γε</span> <span class='ocrx_word' id='word_1_753' title='bbox 1592 5012 1832 5080; x_wconf 80' lang='grc' dir='ltr'>πράξαις</span> 
     </span>
    </p>
   </div>
   <div class='ocr_carea' id='block_1_96' title="bbox 252 5098 1827 5172">
    <p class='ocr_par' dir='ltr' id='par_1_96' title="bbox 252 5098 1827 5172">
     <span class='ocr_line' id='line_1_96' title="bbox 252 5098 1827 5172; baseline 0.004 -21"><span class='ocrx_word' id='word_1_754' title='bbox 252 5101 388 5169; x_wconf 77' lang='grc' dir='ltr'>πρὸς</span> <span class='ocrx_word' id='word_1_755' title='bbox 429 5098 628 5168; x_wconf 70' lang='grc' dir='ltr'>τάμὰ,</span> <span class='ocrx_word' id='word_1_756' title='bbox 692 5100 1013 5171; x_wconf 81' lang='grc' dir='ltr'>συνᾴδοντες</span> <span class='ocrx_word' id='word_1_757' title='bbox 1069 5099 1320 5170; x_wconf 80' lang='grc' dir='ltr'>ἀλλήλοις</span> <span class='ocrx_word' id='word_1_758' title='bbox 1377 5100 1827 5172; x_wconf 79' lang='grc' dir='ltr'>εὖρεθησόμεθα“</span> 
     </span>
    </p>
   </div>
   <div class='ocr_carea' id='block_1_97' title="bbox 253 5191 1830 5267">
    <p class='ocr_par' dir='ltr' id='par_1_97' title="bbox 253 5191 1830 5267">
     <span class='ocr_line' id='line_1_97' title="bbox 253 5191 1830 5267; baseline 0.002 -22"><span class='ocrx_word' id='word_1_759' title='bbox 253 5193 548 5262; x_wconf 81' lang='grc' dir='ltr'>καλλίστην</span> <span class='ocrx_word' id='word_1_760' title='bbox 603 5191 723 5262; x_wconf 77' lang='grc' dir='ltr'>μὲν,</span> <span class='ocrx_word' id='word_1_761' title='bbox 781 5193 874 5246; x_wconf 75' lang='grc' dir='ltr'>καὶ</span> <span class='ocrx_word' id='word_1_762' title='bbox 928 5192 1163 5262; x_wconf 78' lang='grc' dir='ltr'>ἀγαθὴν,</span> <span class='ocrx_word' id='word_1_763' title='bbox 1217 5194 1313 5246; x_wconf 72' lang='grc' dir='ltr'><strong>καὶ</strong></span> <span class='ocrx_word' id='word_1_764' title='bbox 1373 5193 1675 5264; x_wconf 79' lang='grc' dir='ltr'>ὠφέλιμον,</span> <span class='ocrx_word' id='word_1_765' title='bbox 1728 5194 1830 5267; x_wconf 78' lang='grc' dir='ltr'><strong>τὴν</strong></span> 
     </span>
    </p>
   </div>
   <div class='ocr_carea' id='block_1_98' title="bbox 254 5285 1826 5358">
    <p class='ocr_par' dir='ltr' id='par_1_98' title="bbox 254 5285 1826 5358">
     <span class='ocr_line' id='line_1_98' title="bbox 254 5285 1826 5358; baseline 0.001 -18"><span class='ocrx_word' id='word_1_766' title='bbox 254 5287 555 5354; x_wconf 78' lang='grc' dir='ltr'>ἀναγκαίαν</span> <span class='ocrx_word' id='word_1_767' title='bbox 595 5286 688 5338; x_wconf 74' lang='grc' dir='ltr'><strong>καὶ</strong></span> <span class='ocrx_word' id='word_1_768' title='bbox 737 5285 977 5354; x_wconf 83' lang='grc' dir='ltr'>κοσμίαν</span> <span class='ocrx_word' id='word_1_769' title='bbox 1015 5286 1212 5356; x_wconf 78' lang='grc' dir='ltr'>ἡδονὴν</span> <span class='ocrx_word' id='word_1_770' title='bbox 1260 5287 1734 5358; x_wconf 74' lang='grc' dir='ltr'>ἀνακηρύττοντές</span> <span class='ocrx_word' id='word_1_771' title='bbox 1765 5307 1826 5340; x_wconf 85' lang='grc' dir='ltr'><strong>τε</strong></span> 
     </span>
    </p>
   </div>
   <div class='ocr_carea' id='block_1_99' title="bbox 252 5379 1827 5448">
    <p class='ocr_par' dir='ltr' id='par_1_99' title="bbox 252 5379 1827 5448">
     <span class='ocr_line' id='line_1_99' title="bbox 252 5379 1827 5448; baseline 0 -14"><span class='ocrx_word' id='word_1_772' title='bbox 252 5381 343 5434; x_wconf 74' lang='grc' dir='ltr'>καὶ</span> <span class='ocrx_word' id='word_1_773' title='bbox 367 5380 802 5448; x_wconf 76' lang='grc' dir='ltr'>ἀποφαίνοντεςο</span> <span class='ocrx_word' id='word_1_774' title='bbox 836 5379 937 5447; x_wconf 84' lang='grc' dir='ltr'><strong>τὴν</strong></span> <span class='ocrx_word' id='word_1_775' title='bbox 966 5379 1022 5433; x_wconf 76' lang='grc' dir='ltr'>δὲ</span> <span class='ocrx_word' id='word_1_776' title='bbox 1057 5379 1462 5444; x_wconf 77' lang='grc' dir='ltr'>πλεονάζουσαν</span> <span class='ocrx_word' id='word_1_777' title='bbox 1491 5398 1549 5432; x_wconf 83' lang='grc' dir='ltr'><strong>τε</strong></span> <span class='ocrx_word' id='word_1_778' title='bbox 1583 5384 1676 5434; x_wconf 75' lang='grc' dir='ltr'><strong>καὶ</strong></span> <span class='ocrx_word' id='word_1_779' title='bbox 1697 5382 1827 5437; x_wconf 81' lang='grc' dir='ltr'>ἄκο-</span> 
     </span>
    </p>
   </div>
   <div class='ocr_carea' id='block_1_100' title="bbox 255 5471 1822 5543">
    <p class='ocr_par' dir='ltr' id='par_1_100' title="bbox 255 5471 1822 5543">
     <span class='ocr_line' id='line_1_100' title="bbox 255 5471 1822 5543; baseline 0 -17"><span class='ocrx_word' id='word_1_780' title='bbox 255 5490 386 5543; x_wconf 84' lang='grc' dir='ltr'>σμον</span> <span class='ocrx_word' id='word_1_781' title='bbox 415 5473 733 5526; x_wconf 74' lang='grc' dir='ltr'>τούναντίον</span> <span class='ocrx_word' id='word_1_782' title='bbox 760 5473 822 5526; x_wconf 81' lang='grc' dir='ltr'><strong>οὐ</strong></span> <span class='ocrx_word' id='word_1_783' title='bbox 857 5471 1052 5542; x_wconf 80' lang='grc' dir='ltr'>καλὴν,</span> <span class='ocrx_word' id='word_1_784' title='bbox 1078 5473 1200 5526; x_wconf 81' lang='grc' dir='ltr'>οὐδὲ</span> <span class='ocrx_word' id='word_1_785' title='bbox 1222 5472 1458 5542; x_wconf 76' lang='grc' dir='ltr'>ἀγαθὴν,</span> <span class='ocrx_word' id='word_1_786' title='bbox 1485 5474 1596 5527; x_wconf 71' lang='grc' dir='ltr'>οὐδ’</span> <span class='ocrx_word' id='word_1_787' title='bbox 1625 5474 1822 5543; x_wconf 72' lang='grc' dir='ltr'><strong>ὠφέλιο</strong></span> 
     </span>
    </p>
   </div>
   <div class='ocr_carea' id='block_1_101' title="bbox 254 5555 1818 5639">
    <p class='ocr_par' dir='ltr' id='par_1_101' title="bbox 254 5555 1818 5639">
     <span class='ocr_line' id='line_1_101' title="bbox 254 5555 1818 5639; baseline 0.001 -21"><span class='ocrx_word' id='word_1_788' title='bbox 254 5555 382 5635; x_wconf 78' lang='grc' dir='ltr'>μονο</span> <span class='ocrx_word' id='word_1_789' title='bbox 416 5567 513 5620; x_wconf 76' lang='grc' dir='ltr'>καὶ</span> <span class='ocrx_word' id='word_1_790' title='bbox 551 5565 678 5629; x_wconf 74' lang='grc' dir='ltr'>τοὺς</span> <span class='ocrx_word' id='word_1_791' title='bbox 714 5565 852 5634; x_wconf 77' lang='grc' dir='ltr'>αὐτῇ</span> <span class='ocrx_word' id='word_1_792' title='bbox 901 5580 965 5632; x_wconf 85' lang='grc' dir='ltr'><strong>γε</strong></span> <span class='ocrx_word' id='word_1_793' title='bbox 1001 5565 1328 5634; x_wconf 79' lang='grc' dir='ltr'>χρωμένους</span> <span class='ocrx_word' id='word_1_794' title='bbox 1358 5565 1460 5618; x_wconf 86' lang='grc' dir='ltr'><strong>οὐκ</strong></span> <span class='ocrx_word' id='word_1_795' title='bbox 1511 5567 1569 5619; x_wconf 75' lang='grc' dir='ltr'>ἐν</span> <span class='ocrx_word' id='word_1_796' title='bbox 1622 5567 1818 5639; x_wconf 81' lang='grc' dir='ltr'>καιρῷ,</span> 
     </span>
    </p>
   </div>
   <div class='ocr_carea' id='block_1_102' title="bbox 252 5656 1822 5728">
    <p class='ocr_par' dir='ltr' id='par_1_102' title="bbox 252 5656 1822 5728">
     <span class='ocr_line' id='line_1_102' title="bbox 252 5656 1822 5728; baseline -0.001 -19"><span class='ocrx_word' id='word_1_797' title='bbox 252 5658 352 5711; x_wconf 68' lang='grc' dir='ltr'>οὐδ’</span> <span class='ocrx_word' id='word_1_798' title='bbox 396 5659 456 5710; x_wconf 70' lang='grc' dir='ltr'>ιν</span> <span class='ocrx_word' id='word_1_799' title='bbox 491 5659 701 5727; x_wconf 82' lang='grc' dir='ltr'>μέτρῳ,</span> <span class='ocrx_word' id='word_1_800' title='bbox 753 5657 830 5728; x_wconf 80' lang='grc' dir='ltr'><strong>μὴ</strong></span> <span class='ocrx_word' id='word_1_801' title='bbox 882 5660 1015 5728; x_wconf 79' lang='grc' dir='ltr'>παρ’</span> <span class='ocrx_word' id='word_1_802' title='bbox 1046 5657 1243 5726; x_wconf 68' lang='grc' dir='ltr'>αὐτῆς,</span> <span class='ocrx_word' id='word_1_803' title='bbox 1297 5656 1413 5709; x_wconf 81' lang='grc' dir='ltr'>ἀλλ’</span> <span class='ocrx_word' id='word_1_804' title='bbox 1459 5656 1673 5711; x_wconf 70' lang='grc' dir='ltr'>οἴκοθεν</span> <span class='ocrx_word' id='word_1_805' title='bbox 1721 5661 1822 5727; x_wconf 77' lang='grc' dir='ltr'><strong>τὴν</strong></span> 
     </span>
    </p>
   </div>
   <div class='ocr_carea' id='block_1_103' title="bbox 253 5749 1820 5822">
    <p class='ocr_par' dir='ltr' id='par_1_103' title="bbox 253 5749 1820 5822">
     <span class='ocr_line' id='line_1_103' title="bbox 253 5749 1820 5822; baseline 0.001 -20"><span class='ocrx_word' id='word_1_806' title='bbox 253 5749 450 5822; x_wconf 68' lang='grc' dir='ltr'><strong>βλάϐην</strong></span> <span class='ocrx_word' id='word_1_807' title='bbox 493 5749 840 5820; x_wconf 80' lang='grc' dir='ltr'>δεχομένους,</span> <span class='ocrx_word' id='word_1_808' title='bbox 874 5751 949 5816; x_wconf 83' lang='grc' dir='ltr'><strong>ὡς</strong></span> <span class='ocrx_word' id='word_1_809' title='bbox 1002 5751 1144 5820; x_wconf 81' lang='grc' dir='ltr'>σφᾶς</span> <span class='ocrx_word' id='word_1_810' title='bbox 1197 5750 1396 5813; x_wconf 79' lang='grc' dir='ltr'>αὐτοὺς</span> <span class='ocrx_word' id='word_1_811' title='bbox 1449 5751 1820 5816; x_wconf 77' lang='grc' dir='ltr'>ἐκδεδωκότας</span> 
     </span>
    </p>
   </div>
   <div class='ocr_carea' id='block_1_104' title="bbox 250 5842 1820 5915">
    <p class='ocr_par' dir='ltr' id='par_1_104' title="bbox 250 5842 1820 5915">
     <span class='ocr_line' id='line_1_104' title="bbox 250 5842 1820 5915; baseline 0.002 -18"><span class='ocrx_word' id='word_1_812' title='bbox 250 5846 362 5908; x_wconf 80' lang='grc' dir='ltr'>ταῖς</span> <span class='ocrx_word' id='word_1_813' title='bbox 415 5845 858 5915; x_wconf 80' lang='grc' dir='ltr'>παραχρήσεσιν.</span> <span class='ocrx_word' id='word_1_814' title='bbox 903 5845 1058 5897; x_wconf 77' lang='grc' dir='ltr'>Ἐπεὶ</span> <span class='ocrx_word' id='word_1_815' title='bbox 1105 5847 1198 5897; x_wconf 68' lang='grc' dir='ltr'><strong>καὶ</strong></span> <span class='ocrx_word' id='word_1_816' title='bbox 1244 5842 1420 5896; x_wconf 78' lang='grc' dir='ltr'>πάντα</span> <span class='ocrx_word' id='word_1_817' title='bbox 1451 5842 1546 5895; x_wconf 89' lang='grc' dir='ltr'><strong>τοῦ</strong></span> <span class='ocrx_word' id='word_1_818' title='bbox 1601 5842 1717 5913; x_wconf 82' lang='grc' dir='ltr'>βίου</span> <span class='ocrx_word' id='word_1_819' title='bbox 1755 5845 1820 5900; x_wconf 77' lang='grc' dir='ltr'>τὰ</span> 
     </span>
    </p>
   </div>
   <div class='ocr_carea' id='block_1_105' title="bbox 255 5935 1841 6011">
    <p class='ocr_par' dir='ltr' id='par_1_105' title="bbox 255 5935 1841 6011">
     <span class='ocr_line' id='line_1_105' title="bbox 255 5935 1841 6011; baseline 0 -19"><span class='ocrx_word' id='word_1_820' title='bbox 255 5936 427 6005; x_wconf 63' lang='grc' dir='ltr'>ἀγαθὰ</span> <span class='ocrx_word' id='word_1_821' title='bbox 461 5937 538 6002; x_wconf 80' lang='grc' dir='ltr'><strong>είς</strong></span> <span class='ocrx_word' id='word_1_822' title='bbox 565 5937 733 5994; x_wconf 75' lang='grc' dir='ltr'>κακὸν</span> <span class='ocrx_word' id='word_1_823' title='bbox 760 5938 847 6003; x_wconf 83' lang='grc' dir='ltr'><strong>ἂν,</strong></span> <span class='ocrx_word' id='word_1_824' title='bbox 879 5937 956 6002; x_wconf 78' lang='grc' dir='ltr'><strong>ὡς</strong></span> <span class='ocrx_word' id='word_1_825' title='bbox 981 5938 1180 6004; x_wconf 73' lang='grc' dir='ltr'>εἰπεῖν,</span> <span class='ocrx_word' id='word_1_826' title='bbox 1211 5935 1528 6011; x_wconf 72' lang='grc' dir='ltr'>μεταϐάλοι,</span> <span class='ocrx_word' id='word_1_827' title='bbox 1558 5937 1612 5990; x_wconf 78' lang='grc' dir='ltr'>ετ</span> <span class='ocrx_word' id='word_1_828' title='bbox 1642 5953 1726 6001; x_wconf 81' lang='grc' dir='ltr'><strong>τις</strong></span> <span class='ocrx_word' id='word_1_829' title='bbox 1753 5955 1841 6008; x_wconf 79' lang='grc' dir='ltr'>γε</span> 
     </span>
    </p>
   </div>
   <div class='ocr_carea' id='block_1_106' title="bbox 1935 5007 3512 5069">
    <p class='ocr_par' dir='ltr' id='par_1_106' title="bbox 1935 5007 3512 5069">
     <span class='ocr_line' id='line_1_106' title="bbox 1935 5007 3512 5069; baseline -0.001 -3"><span class='ocrx_word' id='word_1_830' title='bbox 1935 5026 2038 5066; x_wconf 84' lang='lat' dir='ltr'><strong>nec</strong></span> <span class='ocrx_word' id='word_1_831' title='bbox 2071 5025 2288 5065; x_wconf 88' lang='lat' dir='ltr'><strong>omnem</strong></span> <span class='ocrx_word' id='word_1_832' title='bbox 2320 5009 2624 5064; x_wconf 84' lang='lat' dir='ltr'><strong>orationem</strong></span> <span class='ocrx_word' id='word_1_833' title='bbox 2654 5019 2802 5061; x_wconf 76' lang='lat' dir='ltr'><strong>tuam</strong></span> <span class='ocrx_word' id='word_1_834' title='bbox 2832 5007 3017 5069; x_wconf 85' lang='lat' dir='ltr'><strong>laudo,</strong></span> <span class='ocrx_word' id='word_1_835' title='bbox 3048 5021 3145 5060; x_wconf 87' lang='lat' dir='ltr'><strong>nec</strong></span> <span class='ocrx_word' id='word_1_836' title='bbox 3182 5007 3233 5060; x_wconf 87' lang='lat' dir='ltr'><strong>in</strong></span> <span class='ocrx_word' id='word_1_837' title='bbox 3261 5010 3512 5065; x_wconf 87' lang='lat' dir='ltr'><strong>omnibus</strong></span> 
     </span>
    </p>
   </div>
   <div class='ocr_carea' id='block_1_107' title="bbox 1933 5100 3506 5174">
    <p class='ocr_par' dir='ltr' id='par_1_107' title="bbox 1933 5100 3506 5174">
     <span class='ocr_line' id='line_1_107' title="bbox 1933 5100 3506 5174; baseline -0.001 -17"><span class='ocrx_word' id='word_1_838' title='bbox 1933 5104 2298 5174; x_wconf 85' lang='lat' dir='ltr'><strong>reprehendo.</strong></span> <span class='ocrx_word' id='word_1_839' title='bbox 2324 5102 2484 5170; x_wconf 85' lang='lat' dir='ltr'><strong>Atqui</strong></span> <span class='ocrx_word' id='word_1_840' title='bbox 2513 5101 2557 5155; x_wconf 80' lang='lat' dir='ltr'><strong>si</strong></span> <span class='ocrx_word' id='word_1_841' title='bbox 2596 5100 2704 5154; x_wconf 87' lang='lat' dir='ltr'><strong>tuis</strong></span> <span class='ocrx_word' id='word_1_842' title='bbox 2722 5115 2821 5170; x_wconf 75' lang='lat' dir='ltr'><strong>ego</strong></span> <span class='ocrx_word' id='word_1_843' title='bbox 2854 5101 3128 5154; x_wconf 89' lang='lat' dir='ltr'><strong>assentiar</strong></span> <span class='ocrx_word' id='word_1_844' title='bbox 3159 5117 3223 5153; x_wconf 84' lang='lat' dir='ltr'><strong>cx</strong></span> <span class='ocrx_word' id='word_1_845' title='bbox 3255 5103 3506 5168; x_wconf 84' lang='lat' dir='ltr'><strong>semisse,</strong></span> 
     </span>
    </p>
   </div>
   <div class='ocr_carea' id='block_1_108' title="bbox 1937 5191 3505 5265">
    <p class='ocr_par' dir='ltr' id='par_1_108' title="bbox 1937 5191 3505 5265">
     <span class='ocr_line' id='line_1_108' title="bbox 1937 5191 3505 5265; baseline -0.003 -15"><span class='ocrx_word' id='word_1_846' title='bbox 1937 5206 2106 5265; x_wconf 91' lang='lat' dir='ltr'><strong>tuque</strong></span> <span class='ocrx_word' id='word_1_847' title='bbox 2137 5194 2381 5249; x_wconf 91' lang='lat' dir='ltr'><strong>vicissim</strong></span> <span class='ocrx_word' id='word_1_848' title='bbox 2419 5195 2472 5248; x_wconf 88' lang='lat' dir='ltr'><strong>in</strong></span> <span class='ocrx_word' id='word_1_849' title='bbox 2513 5193 2649 5248; x_wconf 89' lang='lat' dir='ltr'><strong>meis</strong></span> <span class='ocrx_word' id='word_1_850' title='bbox 2683 5193 2824 5246; x_wconf 83' lang='lat' dir='ltr'><strong>idem</strong></span> <span class='ocrx_word' id='word_1_851' title='bbox 2880 5191 3097 5255; x_wconf 79' lang='lat' dir='ltr'><strong>feceris,</strong></span> <span class='ocrx_word' id='word_1_852' title='bbox 3157 5192 3295 5244; x_wconf 84' lang='lat' dir='ltr'><strong>alter</strong></span> <span class='ocrx_word' id='word_1_853' title='bbox 3349 5191 3505 5246; x_wconf 85' lang='lat' dir='ltr'><strong>alteri</strong></span> 
     </span>
    </p>
   </div>
   <div class='ocr_carea' id='block_1_109' title="bbox 1935 5284 3508 5356">
    <p class='ocr_par' dir='ltr' id='par_1_109' title="bbox 1935 5284 3508 5356">
     <span class='ocr_line' id='line_1_109' title="bbox 1935 5284 3508 5356; baseline -0.002 -15"><span class='ocrx_word' id='word_1_854' title='bbox 1935 5287 2252 5341; x_wconf 82' lang='lat' dir='ltr'><strong>consentire</strong></span> <span class='ocrx_word' id='word_1_855' title='bbox 2303 5285 2795 5355; x_wconf 82' lang='lat' dir='ltr'><strong>deprchendemur,</strong></span> <span class='ocrx_word' id='word_1_856' title='bbox 2828 5285 2918 5356; x_wconf 91' lang='lat' dir='ltr'><strong>qui</strong></span> <span class='ocrx_word' id='word_1_857' title='bbox 2957 5284 3413 5353; x_wconf 85' lang='lat' dir='ltr'><strong>pulcherrimam,</strong></span> <span class='ocrx_word' id='word_1_858' title='bbox 3454 5295 3508 5338; x_wconf 89' lang='lat' dir='ltr'><strong>et</strong></span> 
     </span>
    </p>
   </div>
   <div class='ocr_carea' id='block_1_110' title="bbox 1933 5377 3505 5446">
    <p class='ocr_par' dir='ltr' id='par_1_110' title="bbox 1933 5377 3505 5446">
     <span class='ocr_line' id='line_1_110' title="bbox 1933 5377 3505 5446; baseline -0.002 -14"><span class='ocrx_word' id='word_1_859' title='bbox 1933 5378 2154 5440; x_wconf 85' lang='lat' dir='ltr'><strong>bonam,</strong></span> <span class='ocrx_word' id='word_1_860' title='bbox 2186 5387 2239 5431; x_wconf 84' lang='lat' dir='ltr'><strong>et</strong></span> <span class='ocrx_word' id='word_1_861' title='bbox 2261 5379 2445 5432; x_wconf 88' lang='lat' dir='ltr'><strong>utilem</strong></span> <span class='ocrx_word' id='word_1_862' title='bbox 2476 5377 2830 5444; x_wconf 66' lang='lat' dir='ltr'><strong>praedicemus</strong></span> <span class='ocrx_word' id='word_1_863' title='bbox 2861 5392 2924 5431; x_wconf 93' lang='lat' dir='ltr'><strong>ac</strong></span> <span class='ocrx_word' id='word_1_864' title='bbox 2948 5379 3363 5446; x_wconf 85' lang='lat' dir='ltr'><strong>pronuntiemus</strong></span> <span class='ocrx_word' id='word_1_865' title='bbox 3386 5393 3505 5432; x_wconf 82' lang='lat' dir='ltr'><strong>eam</strong></span> 
     </span>
    </p>
   </div>
   <div class='ocr_carea' id='block_1_111' title="bbox 1928 5470 3508 5540">
    <p class='ocr_par' dir='ltr' id='par_1_111' title="bbox 1928 5470 3508 5540">
     <span class='ocr_line' id='line_1_111' title="bbox 1928 5470 3508 5540; baseline 0.003 -19"><span class='ocrx_word' id='word_1_866' title='bbox 1928 5471 2258 5540; x_wconf 83' lang='lat' dir='ltr'><strong>voluptatem</strong></span> <span class='ocrx_word' id='word_1_867' title='bbox 2286 5486 2407 5540; x_wconf 64' lang='lat' dir='ltr'><strong>qum</strong></span> <span class='ocrx_word' id='word_1_868' title='bbox 2439 5470 2772 5534; x_wconf 84' lang='lat' dir='ltr'><strong>necessaria,</strong></span> <span class='ocrx_word' id='word_1_869' title='bbox 2807 5486 2926 5539; x_wconf 68' lang='lat' dir='ltr'><strong>quae</strong></span> <span class='ocrx_word' id='word_1_870' title='bbox 2950 5470 3155 5526; x_wconf 87' lang='lat' dir='ltr'><strong>decens</strong></span> <span class='ocrx_word' id='word_1_871' title='bbox 3184 5485 3248 5525; x_wconf 83' lang='lat' dir='ltr'><strong>ac</strong></span> <span class='ocrx_word' id='word_1_872' title='bbox 3280 5471 3508 5525; x_wconf 82' lang='lat' dir='ltr'><strong>honesta</strong></span> 
     </span>
    </p>
   </div>
   <div class='ocr_carea' id='block_1_112' title="bbox 1929 5563 3509 5633">
    <p class='ocr_par' dir='ltr' id='par_1_112' title="bbox 1929 5563 3509 5633">
     <span class='ocr_line' id='line_1_112' title="bbox 1929 5563 3509 5633; baseline 0 -14"><span class='ocrx_word' id='word_1_873' title='bbox 1929 5565 2041 5628; x_wconf 87' lang='lat' dir='ltr'><strong>sit;</strong></span> <span class='ocrx_word' id='word_1_874' title='bbox 2077 5563 2304 5633; x_wconf 78' lang='lat' dir='ltr'><strong>viceque</strong></span> <span class='ocrx_word' id='word_1_875' title='bbox 2344 5579 2498 5618; x_wconf 82' lang='lat' dir='ltr'><strong>versa</strong></span> <span class='ocrx_word' id='word_1_876' title='bbox 2539 5579 2646 5618; x_wconf 90' lang='lat' dir='ltr'><strong>non</strong></span> <span class='ocrx_word' id='word_1_877' title='bbox 2679 5564 2989 5630; x_wconf 86' lang='lat' dir='ltr'><strong>honestam,</strong></span> <span class='ocrx_word' id='word_1_878' title='bbox 3026 5580 3125 5619; x_wconf 87' lang='lat' dir='ltr'><strong>nec</strong></span> <span class='ocrx_word' id='word_1_879' title='bbox 3156 5565 3374 5628; x_wconf 85' lang='lat' dir='ltr'><strong>bonam,</strong></span> <span class='ocrx_word' id='word_1_880' title='bbox 3409 5580 3509 5619; x_wconf 89' lang='lat' dir='ltr'><strong>nec</strong></span> 
     </span>
    </p>
   </div>
   <div class='ocr_carea' id='block_1_113' title="bbox 1931 5654 3503 5725">
    <p class='ocr_par' dir='ltr' id='par_1_113' title="bbox 1931 5654 3503 5725">
     <span class='ocr_line' id='line_1_113' title="bbox 1931 5654 3503 5725; baseline 0 -17"><span class='ocrx_word' id='word_1_881' title='bbox 1931 5654 2144 5720; x_wconf 86' lang='lat' dir='ltr'><strong>utilem,</strong></span> <span class='ocrx_word' id='word_1_882' title='bbox 2177 5669 2299 5722; x_wconf 84' lang='lat' dir='ltr'><strong>quac</strong></span> <span class='ocrx_word' id='word_1_883' title='bbox 2328 5654 2548 5708; x_wconf 89' lang='lat' dir='ltr'><strong>modum</strong></span> <span class='ocrx_word' id='word_1_884' title='bbox 2583 5656 2810 5708; x_wconf 81' lang='lat' dir='ltr'><strong>excedat</strong></span> <span class='ocrx_word' id='word_1_885' title='bbox 2845 5665 2898 5708; x_wconf 86' lang='lat' dir='ltr'><strong>et</strong></span> <span class='ocrx_word' id='word_1_886' title='bbox 2945 5671 3140 5725; x_wconf 78' lang='lat' dir='ltr'><strong>expers</strong></span> <span class='ocrx_word' id='word_1_887' title='bbox 3175 5657 3246 5711; x_wconf 89' lang='lat' dir='ltr'><strong>sit</strong></span> <span class='ocrx_word' id='word_1_888' title='bbox 3275 5656 3458 5708; x_wconf 83' lang='lat' dir='ltr'><strong>decori</strong></span> <span class='ocrx_word' id='word_1_889' title='bbox 3489 5672 3503 5708; x_wconf 90' lang='lat'><strong>:</strong></span> 
     </span>
    </p>
   </div>
   <div class='ocr_carea' id='block_1_114' title="bbox 1929 5748 3530 5819">
    <p class='ocr_par' dir='ltr' id='par_1_114' title="bbox 1929 5748 3530 5819">
     <span class='ocr_line' id='line_1_114' title="bbox 1929 5748 3530 5819; baseline -0.003 -17"><span class='ocrx_word' id='word_1_890' title='bbox 1929 5750 2021 5819; x_wconf 91' lang='lat' dir='ltr'><strong>qui</strong></span> <span class='ocrx_word' id='word_1_891' title='bbox 2047 5748 2284 5817; x_wconf 82' lang='lat' dir='ltr'><strong>denique</strong></span> <span class='ocrx_word' id='word_1_892' title='bbox 2315 5749 2593 5816; x_wconf 88' lang='lat' dir='ltr'><strong>voluptate</strong></span> <span class='ocrx_word' id='word_1_893' title='bbox 2622 5763 2726 5800; x_wconf 91' lang='lat' dir='ltr'><strong>non</strong></span> <span class='ocrx_word' id='word_1_894' title='bbox 2756 5757 3060 5816; x_wconf 84' lang='lat' dir='ltr'><strong>opportune</strong></span> <span class='ocrx_word' id='word_1_895' title='bbox 3089 5763 3189 5800; x_wconf 87' lang='lat' dir='ltr'><strong>nec</strong></span> <span class='ocrx_word' id='word_1_896' title='bbox 3225 5750 3530 5800; x_wconf 84' lang='lat' dir='ltr'><strong>moderate-</strong></span> 
     </span>
    </p>
   </div>
   <div class='ocr_carea' id='block_1_115' title="bbox 1928 5839 3505 5909">
    <p class='ocr_par' dir='ltr' id='par_1_115' title="bbox 1928 5839 3505 5909">
     <span class='ocr_line' id='line_1_115' title="bbox 1928 5839 3505 5909; baseline -0.004 -12"><span class='ocrx_word' id='word_1_897' title='bbox 1928 5851 2173 5904; x_wconf 84' lang='lat' dir='ltr'><strong>utantur,</strong></span> <span class='ocrx_word' id='word_1_898' title='bbox 2211 5855 2305 5895; x_wconf 86' lang='lat' dir='ltr'><strong>eos</strong></span> <span class='ocrx_word' id='word_1_899' title='bbox 2328 5856 2434 5895; x_wconf 88' lang='lat' dir='ltr'><strong>non</strong></span> <span class='ocrx_word' id='word_1_900' title='bbox 2467 5857 2495 5892; x_wconf 91' lang='lat' dir='ltr'><strong>a</strong></span> <span class='ocrx_word' id='word_1_901' title='bbox 2531 5839 2822 5909; x_wconf 81' lang='lat' dir='ltr'><strong>voluptate,</strong></span> <span class='ocrx_word' id='word_1_902' title='bbox 2861 5841 2954 5894; x_wconf 87' lang='lat' dir='ltr'><strong>scd</strong></span> <span class='ocrx_word' id='word_1_903' title='bbox 2985 5839 3186 5909; x_wconf 79' lang='lat' dir='ltr'><strong>seipsis</strong></span> <span class='ocrx_word' id='word_1_904' title='bbox 3217 5840 3505 5894; x_wconf 78' lang='lat' dir='ltr'><strong>detrimen-</strong></span> 
     </span>
    </p>
   </div>
   <div class='ocr_carea' id='block_1_116' title="bbox 1931 5934 3498 6005">
    <p class='ocr_par' dir='ltr' id='par_1_116' title="bbox 1931 5934 3498 6005">
     <span class='ocr_line' id='line_1_116' title="bbox 1931 5934 3498 6005; baseline -0.003 -14"><span class='ocrx_word' id='word_1_905' title='bbox 1931 5944 2040 5991; x_wconf 90' lang='lat' dir='ltr'><strong>tum</strong></span> <span class='ocrx_word' id='word_1_906' title='bbox 2075 5934 2344 6005; x_wconf 86' lang='lat' dir='ltr'><strong>accipere,</strong></span> <span class='ocrx_word' id='word_1_907' title='bbox 2383 5949 2506 5989; x_wconf 88' lang='lat' dir='ltr'><strong>cum</strong></span> <span class='ocrx_word' id='word_1_908' title='bbox 2553 5934 2761 6003; x_wconf 87' lang='lat' dir='ltr'><strong>seipsos</strong></span> <span class='ocrx_word' id='word_1_909' title='bbox 2790 5934 3048 5989; x_wconf 83' lang='lat' dir='ltr'><strong>abusibus</strong></span> <span class='ocrx_word' id='word_1_910' title='bbox 3082 5935 3302 6001; x_wconf 80' lang='lat' dir='ltr'><strong>dedant,</strong></span> <span class='ocrx_word' id='word_1_911' title='bbox 3333 5947 3498 6003; x_wconf 80' lang='lat' dir='ltr'><strong>quan-</strong></span> 
     </span>
    </p>
   </div>
  </div>
