3990 6606
481 395 591 463 483

1646 393 2044 456 ΜΛΝΠΕΙᾸΞ
2084 397 2530 459 ΡΑΙΑΞΟΕΟΘΙ

3716 396 3877 466 484

482 516 779 588 doqnidem
807 514 991 570 omnia
1017 530 1234 585 quoque
1257 516 1383 572 vita:
1413 515 1555 572 bona
1579 516 1633 570 in
1659 517 1888 581 malum,
1915 526 1978 572 ut
1997 516 2072 571 ita

2186 516 2330 582 παρὰ
2361 515 2462 584 τῆν
2504 515 2697 585 χρείαν
2737 517 2921 582 αὐτοῖς
2971 516 3175 589 χρῷτο.
3226 519 3366 586 ’Δγε
3411 512 3534 582 οὖν,
3587 518 3678 572 ετ
3747 537 3873 572 σοι

480 609 741 670 dixerim,
781 618 990 661 mutata
1019 616 1334 672 transeunt,
1372 608 1416 662 si
1452 609 1576 675 quis
1611 607 1720 662 illis
1749 599 1948 675 praeter
1975 622 2075 662 ne-

482 700 803 754 cessitatem
837 710 1043 753 utatur.
1084 699 1196 771 Age
1225 700 1414 769 igitur,
1445 699 1715 769 siquidem
1748 701 1820 753 ita
1861 699 1959 754 tibi
1988 699 2071 753 vi-

483 792 669 858 detur,
699 792 884 847 verbis
915 791 1134 846 tandem
1163 792 1214 846 itt
1242 808 1410 849 unum
1435 807 1711 859 coeamus,
1740 791 1959 863 quando
1985 806 2074 844 ra--

481 886 670 941 tiones
704 897 923 941 nostras
967 885 1161 941 eodem
1210 887 1435 940 tendere
1485 886 1744 940 arbitror.
1781 884 1915 939 Nam
1954 897 2075 952 qua:

484 977 745 1044 voluptati
781 989 835 1029 tu
877 977 1094 1040 tribuis,
1128 976 1573 1044 exsuperantiam
1629 976 1840 1030 scilicet
1877 988 2070 1030 exces-

484 1084 720 1138 sumque
747 1069 908 1124 rebus
933 1069 988 1122 in
1019 1069 1274 1122 omnibus
1294 1082 1526 1136 quorum
1553 1066 1739 1122 fruitio
1768 1067 2067 1136 expetitur,

481 1174 550 1214 ea
583 1159 825 1214 vicissim
847 1173 948 1227 ego
977 1167 1163 1214 nostra
1189 1173 1313 1212 esse
1347 1159 1454 1213 aio.
1475 1156 1841 1224 Quamobrem
1866 1156 2068 1222 verbis,

479 1263 593 1303 non
653 1249 941 1304 Sententiis
989 1247 1344 1302 dissidemus.
1395 1244 1517 1301 Tibi
1551 1247 1774 1316 quidem
1820 1244 1867 1302 si
1921 1244 2070 1314 quod

480 1339 688 1394 bonum
709 1351 818 1405 est,
841 1339 1123 1410 appellare
1147 1338 1484 1410 voluptatem
1512 1338 1712 1408 placet,
1737 1344 1789 1391 et
1819 1337 2066 1391 eamdem

2172 607 2342 675 δοκεῖ,
2391 609 2696 678 συμὸῶμεν
2739 610 2856 680 ἅμα
2905 614 3019 674 τοῖς
3050 611 3253 680 λόγοις.
3284 612 3422 675 Τοὺς
3450 613 3574 683 γὰρ
3646 612 3866 680 λογι-

2175 701 2350 768 σμοὺς
2377 700 2512 768 ἡμῖν
2550 700 2630 764 είς
2659 702 2856 755 ταυτὸν
2883 699 3026 757 εἶναι
3055 703 3289 772 νομίζω.
3322 704 3392 757 ’Δ
3415 707 3532 774 γὰρ
3565 704 3668 757 σὺ
3707 704 3866 773 φῂς

2172 797 2273 862 τῆς
2302 794 2493 864 ἡδονῆς
2517 789 2678 858 εἶναι,
2707 795 2804 864 τὴν
2827 797 3137 867 ὑπερϐολὴν
3158 798 3255 850 καὶ
3277 798 3378 866 τὴν
3408 797 3860 863 πλεονεξίαν,

2175 888 2272 940 ἐπὶ⁵
2302 886 2410 939 τῶν
2447 885 2815 940 ἀπολαυστῶν
2844 887 3088 948 πάντων.
3120 887 3276 941 ταῦτ’
3305 887 3417 954 ἐγώ
3445 905 3620 957 φημι
3661 888 3862 957 ἡμέ-

2174 996 2313 1048 τερα
2348 975 2510 1034 εἶναι.
2541 979 2694 1032 Ὧστ’
2729 983 2786 1034 ἐν
2816 981 2997 1048 λόγοις
3027 981 3161 1049 ἡμῖν
3191 983 3223 1051 ή
3255 981 3518 1050 διαφορὰ,
3557 982 3646 1033 οὗ
3689 982 3858 1040 τοίς

2177 1067 2485 1137 λογισμοῖς.
2527 1068 2670 1122 Ἀλλ’
2699 1072 2753 1124 εῐ
2787 1071 2845 1122 τί
2876 1089 2959 1123 σοι
2989 1072 3154 1124 καλὸν
3196 1072 3343 1125 δοκεῖ
3373 1072 3538 1126 τοῦτο
3574 1073 3847 1126 καλεῖν

2178 1156 2396 1225 ἡδονὴν,
2453 1159 2554 1228 τῆν
2614 1158 2660 1212 δ’
2709 1160 2882 1229 αὐτὴν
2925 1163 3302 1232 παρὰχρησιν,
3364 1164 3424 1216 οὐ
3458 1165 3840 1232 διοίσομαι.

2177 1247 2356 1301 Μόνον
2383 1250 2469 1313 δός
2500 1268 2593 1321 μοι
2617 1252 2712 1304 καὶ
2735 1253 2900 1316 αὐτὸς
2922 1255 3128 1324 ἀγαθὸν
3159 1254 3259 1327 τὴν
3283 1255 3625 1326 σύμμετρον
3667 1255 3836 1326 ἡδο-

2177 1338 2273 1408 νὴν
2305 1339 2516 1410 λέγειν.

482 1431 714 1488 abusum
761 1433 967 1496 dicere,
1020 1447 1126 1488 non
1177 1432 1540 1498 dissentiam;
1605 1431 1797 1488 saltem
1843 1446 1902 1488 et
1941 1429 2057 1501 ipse
2094 1431 2230 1488 milii
2258 1438 2565 1509 concedito,
2593 1439 2934 1498 moderatam
2958 1448 3017 1496 ut
3069 1441 3399 1514 voluptatem
3456 1439 3594 1499 esse
3672 1455 3822 1499 rem

481 1524 682 1579 bonam
720 1522 855 1593 proli
866 1534 1001 1578 tear.

1070 1638 1333 1695 ORATIO
1381 1638 1468 1694 Vl.

485 1733 775 1788 Peccatum
811 1747 924 1786 esse
969 1731 1229 1797 quiddam
1256 1731 1408 1796 longe
1441 1729 1747 1797 pessimum.
1781 1727 2062 1782 Neminem

557 1821 677 1859 vero
707 1803 988 1868 desperare
1017 1801 1200 1854 debere
1219 1817 1312 1853 nec
1344 1801 1404 1852 de
1433 1801 1627 1868 scipio,
1655 1815 1746 1852 nec
1774 1799 1837 1854 de
1869 1799 2063 1865 altera,

2781 1643 3002 1698 ΛΟΓΟΣ
3041 1641 3154 1713 ς’..

2173 1733 2304 1789 Ὅτι
2345 1737 2383 1805 ἠ
2419 1736 2538 1803 μὲν
2571 1737 2828 1806 ἁμαρτία
2867 1739 2936 1791 τὸ
2982 1739 3234 1792 πάντων
3277 1739 3600 1806 χείριστον
3631 1755 3650 1769 ο
3691 1725 3817 1793 δεῖ

2242 1807 2314 1859 δὲ
2335 1806 2573 1875 μηδένα
2623 1807 3086 1877 ἀπογινώσκειν,
3114 1808 3270 1876 μήτε
3321 1809 3567 1869 ἑαυτὸν,
3607 1810 3806 1876 μήτε

554 1857 646 1928 sed
694 1857 958 1946 judicare
993 1871 1246 1936 seipsuai,
1297 1878 1353 1946 et_
1400 1857 1814 1946 non'alt'erunt;
1848 1886 1941 1922 nec
1979 1857 2066 1946 eos

2239 1857 2481 1943 5.35;;
2496 1857 2764 1946 ’κὶίιὲἓὶὶί
2786 1857 2879 1930 οἱ
2892 1857 3295 1942 ’έάὗὲὸνῗὲἷιι
3323 1857 3489 1946 ’ἑοῖ
3509 1857 3792 1945 εὲεὲἓιῖῖ

557 1938 731 1998 odisse
755 1943 845 2009 qui
872 1938 1229 2008 deliquerunt,
1264 1941 1353 1992 sed
1386 1939 1635 2009 miserari
1659 1954 1676 2001 ;
1709 1939 1872 2009 deque
1899 1940 2066 2007 paeni-

558 2016 745 2074 tentia,
770 2008 820 2065 et
852 2010 1186 2076 providentia
1228 2010 1346 2074 Dei,
1377 2019 1424 2063 et
1457 2008 1761 2072 dilectione,
1786 2008 1835 2063 et
1882 2010 1937 2063 in
1971 2012 2065 2063 lio-

555 2088 721 2140 mines
749 2084 1054 2136 clementia.

557 2176 833 2231 llactcnus
871 2177 937 2228 de
988 2170 1267 2240 voluptate
1315 2170 1700 2236 disseruimus,
1755 2181 1810 2227 ut
1846 2172 2062 2241 quidem

485 2270 666 2334 licuit,
700 2267 1120 2334 institutamque
1151 2265 1217 2318 de
1240 2263 1342 2317 hac
1368 2265 1674 2318 orationem
1691 2264 2062 2320 exhibuimus.

489 2365 569 2418 Ac
597 2363 673 2418 sit
706 2373 986 2423 sane,non
1015 2371 1240 2426 prorsus
1271 2365 1328 2410 ut
1363 2372 1393 2410 a
1424 2357 1606 2412 decori
1640 2361 1850 2412 ratione
1880 2371 2068 2412 receso

486 2457 747 2520 serimus,
778 2453 874 2508 sed
912 2451 1012 2506 visi
1048 2449 1239 2505 saltetn
1273 2449 1449 2516 simus
1484 2449 1826 2504 auditoribus
1866 2450 2068 2503 nostris

487 2547 842 2604 mediocriter
892 2557 1160 2615 prospere
1213 2541 1618 2609 navigationem
1653 2551 1920 2612 susceptae
1957 2551 2069 2595 tra-

489 2641 748 2698 ctationis
787 2636 1111 2693 absolvisse.
1150 2633 1420 2690 Caeterum
1444 2632 1645 2688 debere
1674 2648 1773 2687 nos
1805 2633 2066 2698 arbitror,

484 2736 704 2790 ratione
737 2733 897 2802 hujus
922 2729 1074 2785 omni
1101 2727 1396 2798 explicata,
1423 2724 1696 2796 siquidem
1723 2724 1962 2780 ollicium
1990 2725 2070 2778 fa-

486 2842 614 2881 cere
673 2825 944 2885 velimus,
999 2822 1165 2876 etiam
1224 2822 1292 2875 de
1338 2818 1723 2890 desperatione
1771 2818 2066 2873 disserere.

489 2920 623 2975 Nam
659 2934 726 2974 ex
771 2915 1188 2984 intemperantia
1238 2912 1610 2983 voluptatibus
1651 2912 1912 2966 abuteute
1943 2925 2068 2980 pec-

481 3025 608 3068 cata
642 3009 844 3066 nostris
863 3010 918 3062 in
950 3008 1150 3062 animis
1180 3014 1469 3074 emergunt
1497 3021 1513 3071 ;
1548 3003 1615 3059 de
1645 3000 1914 3071 frequenti
1943 3015 2070 3069 pec-

488 3113 611 3159 cato
653 3101 964 3170 desperatio
997 3099 1238 3164 exsistit,
1282 3112 1448 3167 quam
1499 3095 1699 3149 deinde
1754 3092 1926 3160 major
1957 3091 2062 3145 alia

487 3197 824 3258 comitatur;
874 3202 1036 3262 atque
1061 3190 1136 3244 ita
1171 3190 1298 3244 dum
1330 3189 1533 3242 malum
1578 3187 1754 3255 ipsum
1790 3184 2070 3254 progredi-
2095 3220 2138 3278 c

491 3300 602 3352 tur,
652 3298 875 3341 necesse
911 3283 1126 3338 tandem
1159 3290 1243 3336 est
1285 3281 1335 3334 in
1387 3280 1663 3334 infinitum
1705 3278 1939 3348 porrigi,
1972 3293 2069 3332 ex-

490 3391 842 3448 tremumque
875 3376 1074 3431 vulnus
1109 3373 1307 3428 animis
1329 3371 1521 3440 inﬂigi,
1555 3371 1681 3425 dum
1706 3371 1822 3426 lues
1852 3384 2070 3439 semper

490 3476 544 3530 in
573 3472 816 3528 deterius
845 3469 1042 3535 tendit,
1077 3468 1256 3522 minus
1291 3476 1347 3520 ut
1381 3481 1444 3520 ea
1476 3463 1696 3519 liberari
1728 3462 1910 3518 liceat.
1934 3461 2070 3514 illul-

492 3579 578 3624 tos
623 3564 917 3620 admodum
952 3562 1201 3630 voluptas
1237 3567 1544 3629 prostratos
1580 3555 1816 3626 subegit,
1869 3553 2070 3609 multos

461 3661 654 3717 etiam
691 3656 1012 3713 vulneribus
1047 3652 1251 3708 all'ecit.
1287 3650 1363 3706 Ac
1395 3648 1661 3712 nonnulli,
1695 3646 1836 3717 quod
1873 3646 1926 3700 in
1955 3645 2073 3698 ani-

490 3768 639 3809 mum
685 3766 846 3806 suum
899 3747 1129 3802 viriliter
1180 3752 1394 3798 certare
1435 3756 1544 3795 non
1600 3739 1969 3802 induxissent,
2003 3750 2071 3790 ne

492 3846 728 3918 primaut
763 3841 983 3912 quidem
1018 3839 1139 3907 ejus
1173 3835 1582 3906 aggressionem
1613 3833 1948 3893 sustinuere,
1977 3827 2071 3881 sed

492 3938 694 4006 captivi
729 3934 886 4004 plane
913 3931 1062 3998 facti,
1089 3937 1460 4002 spectatorum
1490 3925 1668 3980 sibilis
1697 3922 1900 3991 explosi
1925 3929 2072 3976 sunt.

499 4033 701 4086 Deinde
750 4044 873 4083 cum
934 4025 1253 4088 voluissent,
1297 4037 1400 4075 non
1437 4020 1598 4074 modo
1643 4018 1813 4072 cladis
1842 4025 2078 4084 accepta:

493 4123 674 4178 labent
704 4121 1015 4178 abolevere,
1052 4131 1238 4168 verum
1269 4113 1434 4167 etiam
1473 4108 1671 4164 debitis
1708 4106 1952 4162 victoria:
1991 4119 2081 4158 co-

496 4217 646 4271 ronis
699 4212 935 4269 rediiuiti
975 4209 1216 4264 inerunt.
1250 4205 1322 4259 At
1355 4219 1484 4260 vero
1515 4208 1783 4272 quotquot
1823 4212 1953 4252 ense
1986 4197 2081 4250 de-

499 4307 834 4378 speratiOnis
873 4303 987 4358 lazsi
1014 4310 1162 4364 sunt,
1194 4312 1384 4353 eorum
1431 4309 1592 4348 nemo
1642 4293 1822 4346 curari
1863 4298 2077 4358 potest:

498 4400 678 4457 letalis
702 4398 847 4452 enim
882 4397 983 4450 ista
1032 4392 1190 4462 plaga
1217 4398 1305 4444 est
1344 4402 1447 4442 nec
1479 4385 1584 4439 ulla
1626 4385 1835 4438 ratione
1862 4382 2080 4438 sanabis

501 4493 588 4548 lis.
625 4485 992 4553 Quamobrem
1043 4483 1161 4552 ipsa
1210 4480 1385 4550 poscit
1422 4477 1746 4539 necessitas,
1783 4477 1929 4545 quod
1966 4475 2082 4528 aie-

2243 1950 2342 2001 καὶ
2381 1946 2526 2013 τοὺς
2563 1948 2981 2016 ἡμαρτηκότας
3007 1951 3078 2001 οὐ
3110 1949 3334 2012 μισεῖν,
3361 1949 3504 2002 ἀλλ’
3539 1949 3781 2002 ἐλεεῖν

2238 2019 2338 2071 καί
2390 2019 2523 2085 περὶ
2575 2019 2924 2085 μετανοίας.
2955 2019 3054 2072 καί
3095 2018 3204 2085 τῆς
3255 2019 3362 2072 τοῦ
3405 2020 3567 2074 Θεοῦ
3615 2035 3776 2087 ερο-

2221 2090 2435 2153 ονοίιις,
2475 2089 2574 2141 καί
2610 2087 2855 2158 ἀγάπης
2893 2089 2990 2141 καί
3022 2090 3503 2157 φιλανθρωπίας.

2240 2181 2378 2249 Περὶ
2422 2181 2619 2250 ἡδονῆς
2662 2181 3280 2251 πρώιαλεχθέντες,ιώς
3330 2175 3435 2235 οῐοί
3480 2181 3536 2234 τ’
3589 2176 3776 2252 ἦμεν,

2169 2271 2600 2341 ἀποδεδώκαμεν
2640 2273 2734 2327 τὸν
2779 2275 2910 2343 περὶ
2942 2275 3180 2344 ταυτησὶ
3203 2275 3397 2342 λόγον·
3436 2276 3535 2327 καὶ
3573 2275 3668 2342 εῐη
3704 2290 3777 2340 τε

2172 2362 2248 2432 μὴ
2279 2363 2561 2426 παντελῶς
2589 2361 2685 2417 τοῦ
2731 2364 3041 2432 πρέποντος
3095 2362 3588 2426 ἀποπεπτωκέναι,
3620 2363 3780 2417 ἀλλὰ

2174 2453 2413 2524 μετρίως
2459 2444 2602 2521 γοῦν
2658 2453 2843 2518 καλῶς
2900 2454 2992 2508 τὸν
3039 2455 3169 2524 περὶ
3226 2455 3327 2523 τῆς
3381 2454 3780 2523 ἐγχειρήσεως

2172 2545 2341 2601 πλοῦν
2376 2547 2525 2613 δόξαι
2548 2549 2660 2611 τοῖς
2693 2547 2996 2602 ἀκούσασιν
3027 2548 3307 2618 ηνυκέναι.
3343 2549 3464 2601 Δεῖν
3499 2547 3562 2601 δὲ
3606 2548 3775 2618 ἡμᾶς

2170 2635 2347 2708 οἶμαι,
2388 2641 2516 2709 περὶ
2554 2639 2774 2710 ἐκείνης
2822 2640 3142 2707 διεξιόντας,
3196 2641 3291 2695 καὶ
3329 2642 3458 2711 περὶ
3496 2639 3774 2708 ἀπογνώ-

2173 2749 2309 2793 σεως
2360 2731 2733 2796 διαλέξασθαι,
2765 2734 2813 2785 εἰ
2851 2733 3150 2803 μέλλοιμεν
3211 2734 3384 2786 ποιεῖν
3433 2732 3495 2787 τὸ
3540 2733 3770 2804 προσῆσ-

2172 2840 2290 2877 κον.
2342 2822 2474 2876 Ἀπὸ
2509 2825 2608 2894 μὲν
2657 2825 2767 2895 γὰρ
2818 2827 2919 2895 τῆς
2962 2826 3070 2878 τῶν
3123 2825 3328 2896 ἡδονῶν
3375 2825 3652 2898 ἀκρασίας
3688 2827 3766 2879 τὰ

2173 2915 2548 2987 ἁμαρτήματα
2577 2919 2657 2978 είς
2683 2916 2783 2978 τὰς
2813 2917 3089 2986 ἡμετέρας
3121 2917 3301 2988 ψυχὰς
3329 2918 3728 2987 κατασκήπτει
3748 2933 3764 2949 ·

2173 3009 2238 3061 ἐκ
2279 3009 2335 3061 δὲ
2374 3008 2573 3078 συχνῆς
2607 3007 2884 3077 ἁμαρτίας
2917 3008 3270 3076 ἀπόγνωσιςο
3312 3007 3406 3060 καὶ
3442 3007 3502 3075 ἐξ
3531 3008 3762 3079 ἐκείνης

2172 3100 2339 3171 ἑτέρα
2390 3100 2595 3168 μείζων
2621 3116 2636 3132 ο
2667 3100 2764 3152 καὶ
2808 3098 2954 3153 οὕτω
3007 3117 3071 3168 γε
3120 3100 3418 3170 προϐαῖνον
3450 3099 3511 3152 τὺ
3550 3100 3755 3164 κακὸν,

2172 3195 2472 3260 ἀναγκαῖον
2519 3194 2599 3255 είς
2646 3191 2875 3264 ἄπειρον
2917 3191 3235 3260 ἐκταθῆναι,
3278 3193 3377 3246 καὶ
3421 3192 3520 3262 τὴν
3567 3192 3765 3244 τελευ-

2171 3283 2334 3336 ταίαν
2387 3283 2602 3353 πληγὴν
2651 3285 2750 3347 τὰς
2791 3283 2973 3352 ψυχὰς
3021 3283 3303 3350 δέξασθαι,
3357 3284 3643 3356 χωρούσης
3693 3301 3762 3353 γε

2172 3371 2259 3427 ἀεὶ
2310 3371 2410 3440 τῆς
2463 3373 2640 3442 λύμης
2686 3375 2741 3436 ἐς
2793 3374 2855 3428 τὸ
2897 3375 3201 3446 δεινότερόν
3244 3393 3305 3430 τε
3348 3378 3442 3430 καὶ
3468 3378 3758 3432 δυσαπαλ-

2172 3463 2522 3536 λακτότερον.
2561 3464 2623 3518 'H
2651 3464 2813 3536 ἡδονὴ
2844 3465 3072 3529 πολλοὺς
3106 3467 3206 3535 μὲν
3231 3468 3372 3523 πάνυ
3410 3470 3754 3538 κατήνεγκε,

2175 3559 2406 3622 πολλοὺς
2451 3560 2496 3612 δ’
2528 3556 2594 3613 αὖ
2625 3559 2926 3630 εἰργάσατο
2954 3561 3322 3630 τραυματίας.
3359 3563 3472 3614 Καὶ
3496 3561 3651 3624 ἔνιοι,
3673 3561 3756 3631 τῷ

2179 3650 2256 3721 μὴ
2291 3653 2411 3704 κατ’
2438 3651 2638 3718 ἀνδρας
2685 3651 3058 3719 ἀγωνίζεσθαι
3087 3652 3460 3723 προῃρῆσθαι.
3501 3652 3623 3706 ούδέ
3651 3653 3754 3721 τὴν

2177 3743 2406 3815 πρώτην
2453 3745 2706 3815 εἰσϐολὴν
2759 3744 2977 3815 ἐκείνης
3023 3746 3356 3815 ὑπέστησαν,
3383 3745 3501 3798 ἀλλ’
3547 3745 3752 3815 αίχμὰ-

2177 3838 2341 3891 λωτοι
2374 3839 2633 3903 καθάπαξ
2665 3840 2976 3907 γεγονότες,
3005 3839 3158 3909 παρὰ
3202 3839 3313 3891 τῶν
3347 3837 3597 3905 ὁρώντων
3627 3839 3751 3890 ἐσυα-

2181 3931 2445 4003 ρίττοντο.
2481 3934 2714 3986 Ἔπειτα
2747 3932 3080 4001 θελήσαντες
3111 3933 3171 3985 ού
3203 3932 3363 4001 μόνον
3390 3931 3487 4002 τὴν
3525 3931 3628 3986 ἀπὸ
3654 3933 3752 4001 τῆς

2178 4020 2347 4092 ἥττης
2395 4023 2661 4092 αἰσχύνην
2710 4022 3106 4092 ἀπετρίψαντο,
3137 4021 3276 4074 ἀλλὰ
3329 4022 3423 4074 καὶ
3478 4023 3596 4083 τοὺς
3643 4022 3750 4075 ἀπὸ

2179 4113 2279 4180 τῆς
2320 4113 2476 4183 νίκης
2525 4113 2828 4182 στεφάνους
2869 4114 3224 4183 ἀνεδήσαντο.
3257 4111 3380 4168 Τῶν
3404 4114 3459 4167 δὲ
3493 4115 3751 4184 βεϐλημέν-

2181 4221 2288 4256 νων
2325 4203 2403 4273 τῷ
2452 4203 2595 4271 ξίφει
2645 4204 2745 4273 τῆς
2799 4203 3169 4273 ἀπογνώσεως
3225 4205 3528 4258 οὐκέστιν
3567 4206 3746 4260 οὐδένα

2184 4294 2619 4364 θεραπευθῆναι.
2669 4295 2876 4364 Καιρία
2932 4296 3043 4364 γὰρ
3073 4296 3105 4364 ὴ
3141 4295 3326 4368 πληγὴ
3375 4296 3470 4349 καὶ
3507 4295 3748 4368 ούδαμῶς

2188 4387 2427 4456 ἰάσιμος.
2461 4387 2618 4440 ’Ὢσθ’
2651 4388 2786 4456 ὅπερ
2837 4383 3014 4452 εἷπον,
3047 4388 3343 4456 ἀναγκαῖον
3372 4388 3495 4458 ἐμοὶ
3529 4388 3742 4457 γίνεται,

2187 4479 2318 4550 περὶ
2352 4479 2545 4550 ἡδονῆς
2578 4478 3050 4548 προδιαλεχθὲντι,
3083 4481 3181 4532 καὶ
3228 4479 3358 4549 περὶ
3397 4479 3744 4548 ἀπογνώσεως

503 4587 628 4640 bam
653 4581 836 4643 modo,
870 4587 928 4633 ut
955 4592 1078 4632 cum
1113 4577 1379 4629 hactenus
1408 4572 1474 4625 de
1515 4570 1788 4638 voluptate
1813 4570 2076 4623 disserue-

2188 4569 2286 4622 νῦν
2324 4571 2538 4622 εἰπεῖν’
2582 4571 2679 4624 καὶ
2725 4569 3016 4640 βοηθῆσαι,
3062 4571 3234 4643 ὁπόση
3284 4571 3537 4641 δύναμις,
3567 4575 3742 4625 sintv-

505 4679 630 4741 rim,
670 4686 816 4728 nunc
858 4669 926 4724 de
968 4665 1351 4736 desperatione
1389 4661 1552 4716 verba
1606 4661 1804 4715 faciam
1829 4700 1842 4724 ,
1877 4672 2084 4728 proque

506 4767 716 4823 viribus
741 4777 898 4832 opem
941 4761 1046 4816 illis
1083 4758 1255 4812 feram
1303 4755 1394 4824 qtti
1421 4751 1822 4819 desperatioais
1855 4753 1906 4804 iii
1941 4750 2086 4818 peri-

505 4862 628 4917 culo
666 4866 975 4915 versantur.
1025 4851 1240 4922 Quippe
1287 4850 1332 4904 si
1366 4848 1436 4903 de
1470 4847 1748 4914 voluptate
1797 4859 1901 4897 non
1935 4853 2086 4898 recte

506 4955 832 5014 sentientes,
853 4925 1278 5016 haudquaquam
1303 4940 1522 4995 silentio
1559 4937 1874 4994 transeundi
1903 4944 2085 5002 erant,

509 5045 589 5100 uti
623 5059 722 5100 nec
773 5058 800 5096 a
853 5040 1009 5095 nobis
1032 5050 1118 5094 est
1153 5035 1381 5098 factum,
1411 5033 1582 5086 multo
1636 5031 1814 5086 minus
1845 5029 2088 5085 arbitror

510 5139 950 5193 existimaturum
987 5133 1250 5201 aliquem,
1298 5142 1404 5182 non
1443 5125 1548 5180 illis
1584 5139 1742 5194 Opem
1778 5122 2087 5184 ferendam,

509 5232 603 5302 qui
634 5246 699 5284 eo
723 5238 846 5284 sunt
872 5225 1114 5295 periculo
1137 5221 1447 5286 constituti,
1481 5219 1720 5273 deterius
1748 5227 1804 5270 ut
1830 5217 2086 5287 quiddam

511 5324 646 5392 ipsis
678 5319 911 5373 accidat.
940 5315 1074 5369 Nam
1113 5329 1178 5367 ex
1209 5311 1316 5364 alio
1346 5309 1579 5378 quodam
1617 5324 1806 5362 errore
1830 5309 2088 5362 diuturno

511 5415 717 5484 plures,
739 5425 805 5464 ex
837 5409 1054 5462 assidua
1086 5402 1466 5472 desperatione
1490 5408 1772 5454 revocatus
1797 5407 1882 5454 est
1906 5414 2083 5454 nemo.

512 5508 625 5563 Nec
648 5518 848 5558 vanum
872 5497 1078 5567 aliquid
1105 5497 1282 5551 moliri
1309 5510 1408 5550 nos
1432 5493 1783 5558 arbitramur,
1801 5507 1898 5547 nec
1918 5493 1968 5546 iit
1987 5493 2091 5548 hoc

513 5606 710 5654 conatu
745 5601 936 5647 nostro
968 5588 1267 5659 quidquam
1317 5599 1437 5639 esse
1472 5583 1557 5638 vel
1607 5583 1845 5636 tumoris
1876 5583 1956 5636 vel
1997 5596 2094 5635 au-

513 5691 704 5745 dacia.
732 5685 867 5740 Nam
898 5696 1113 5751 aequum
1155 5691 1276 5734 esse
1307 5666 1620 5740 censemus,
1673 5684 1733 5729 ut
1765 5673 1986 5727 minime
2018 5675 2093 5728 si-

513 5783 682 5840 lentio
709 5778 958 5834 morbum
983 5772 1132 5827 illum
1158 5779 1570 5840 praetereamus,
1591 5766 1681 5836 qui
1708 5765 1895 5836 procul
1928 5763 2092 5820 dubio

518 5873 813 5949 perniciem
845 5870 950 5928 illis
977 5867 1155 5933 allen,
1181 5861 1379 5936 quibus
1405 5861 1472 5917 ad
1505 5859 1723 5932 aliquod
1753 5868 1966 5928 tempus
1995 5858 2092 5913 ad-

2188 4660 2470 4714 δυνεύουσί
2501 4677 2648 4724 τινες
2697 4660 3039 4727 ἀπογνῶναι.
3076 4663 3138 4714 Εί
3189 4663 3298 4732 γὰρ
3337 4663 3465 4726 τοὺς
3511 4664 3625 4732 περὶ
3650 4664 3743 4730 τῆς

2187 4753 2384 4824 ἡδονῆς
2421 4753 2484 4807 οὐ
2533 4754 2633 4825 τὴν
2678 4754 3013 4825 γιγνομένην
3046 4754 3270 4825 ἔχοντας
3313 4755 3497 4820 δόξαν,
3521 4757 3610 4808 οὐκ
3641 4756 3738 4808 ἔδει

2187 4843 2595 4913 παραδραμεῖν,
2629 4842 2826 4896 οὔκουν
2867 4842 2988 4895 οὐδὲ
3029 4845 3245 4912 γέγονε,
3281 4845 3445 4914 σχολῇ
3477 4844 3529 4912 γ’
3564 4843 3639 4909 ἂν,
3665 4841 3740 4897 οἴ-

2193 4951 2311 5006 μαι,
2347 4939 2461 4998 τοῖς
2517 4934 2896 4989 κινδυνεύουσί
2948 4951 3002 4987 τι
3057 4938 3241 5008 χεῖρον
3293 4935 3489 4989 παθεῖν
3539 4938 3591 4988 ού
3627 4935 3738 4989 συλ-

2189 5029 2425 5100 ληπτέον
2485 5029 2552 5082 ἂν
2593 5028 2762 5094 δόξαι.
2813 5029 3007 5082 Πολλοὶ
3066 5029 3167 5099 μὲν
3218 5029 3327 5101 γὰρ
3382 5031 3495 5084 ἀπὸ
3547 5034 3736 5102 μακρᾶς

2191 5139 2335 5184 τινος
2376 5120 2543 5186 ἄλλης
2570 5119 2803 5190 πλάνης,
2829 5120 3007 5184 οὐδεὶς
3040 5119 3086 5173 δ’
3122 5120 3229 5174 ἀπὸ
3265 5122 3469 5189 συχνῆς
3517 5124 3736 5191 ἀπογνώ-

2194 5229 2330 5274 σεως
2360 5211 2628 5280 ἐπανῆκε.
2659 5209 2942 5273 Δοκοῦμεν
2987 5210 3045 5263 δὲ
3079 5211 3251 5282 μηδὲν
3299 5211 3424 5280 εικῆ
3456 5212 3730 5282 βούλεσθαι,

2195 5301 2329 5371 μηδὲ
2374 5300 2624 5370 μετέχειν
2671 5301 2903 5372 ταυτηνὶ
2929 5300 3029 5371 τὴν
3070 5301 3391 5370 ἐγχείρησιν
3426 5303 3582 5370 ὄγκον
3610 5305 3742 5368 τινὸς.

2191 5380 2624 5463 ῆθρασύτητος·
2667 5386 2811 5446 εἶναι
2852 5393 2963 5463 γὰρ
2993 5395 3343 5463 γιγνόμενον,
3389 5393 3464 5463 μὴ
3507 5399 3615 5466 σιγῇ
3642 5414 3730 5448 πα-

2197 5487 2494 5559 ραδραμεῖν
2529 5487 2746 5556 ἐκείνην
2774 5487 2873 5556 τὴν
2906 5486 3227 5557 νόσον,ῆτις
3259 5481 3340 5548 οἷς
3371 5488 3652 5555 συγγένοιτ⁹
3674 5489 3732 5544 ἄν

2192 5597 2314 5634 τινα
2365 5579 2581 5650 χρόνον,
2633 5579 2859 5642 τούτους
2909 5578 3151 5650 ἀτεχνῶς
3212 5580 3539 5650 διαφθείρει.
3577 5583 3652 5634 Δεῖ
3688 5581 3726 5634 δ’

2194 5671 2466 5726 ἐπιθεῖναι
2503 5672 2581 5740 τῷ
2623 5671 2905 5739 θραύματι
2948 5671 3312 5741 κατάλληλον,
3342 5669 3515 5744 οἶμαι.
3541 5675 3724 5744 φάρμαο

2197 5783 2311 5830 κον,
2337 5765 2386 5818 εί
2416 5765 2711 5835 μέλλοιμεν
2743 5765 2876 5819 αὐτὸ
2909 5765 3303 5820 καταστέλλειν
3333 5785 3393 5820 τε
3424 5767 3515 5819 καὶ
3548 5766 3719 5820 ἰᾶσθαι·

2195 5857 2335 5914 ἀλλὰ
2397 5858 2470 5930 μὴ
2529 5858 2981 5932 προσπαροξῦναι
3041 5860 3151 5923 τοῖς
3213 5859 3506 5928 ἐναντίοις,
3552 5859 3722 5914 οἴκοθεν
