3990 6570
313 360 458 425 485

1781 357 2072 421 ORATIO
2105 360 2200 423 VI.

3485 361 3593 428 L86

306 479 524 549 ὀργῶν
576 478 669 532 καὶ
709 475 1064 548 φλεγμαῖνον.
1115 477 1226 532 Καὶ
1261 475 1446 539 ἁπλῶς
1495 473 1551 528 δὲ
1586 475 1752 530 πᾶσιν
1781 473 1914 543 ἑξῆς

2029 473 2260 532 laeserit.
2324 475 2718 546 imponendum
2767 486 2947 532 autem
2994 476 3202 532 vulneri
3261 478 3594 532 conveniens

306 573 482 626 οὕτω
508 590 570 640 γε
602 571 898 643 βοηθητέον
932 573 1050 634 ταῖς
1081 569 1322 640 γνησίοις
1358 568 1656 639 βοηθείαις,
1689 570 1785 621 καὶ
1810 570 1912 624 οἰκ

310 664 677 736 ἀπξδοόσαις
723 665 816 717 τοῦ
853 663 1151 736 χρῄζοντος
1194 664 1293 733 τῆς
1338 662 1471 733 παρ’
1500 662 1656 733 ἡμῶν
1688 679 1913 732 συμμα-

311 758 486 825 χίας.
520 757 731 818 Ἄλλως
763 755 871 826 γὰρ
921 754 986 809 ἂν
1029 756 1117 825 εἴη
1168 755 1303 826 μηδὲ
1357 756 1630 825 ἐγχειρεῖν
1663 753 1910 824 ἄμεινον·

312 847 544 918 βλάψαι
575 849 685 919 γὰρ
730 849 818 913 ἂν,
863 849 966 902 οὐκ
1013 848 1210 918 όνήσαι
1237 848 1366 910 τοὺς
1414 845 1505 914 ὑφ’
1540 845 1697 916 ἡμῶν
1729 862 1792 912 γε
1823 845 1917 914 δῆ·

314 941 430 992 θεν
479 940 901 1010 βοηθουμένους.
935 940 1010 994 Οὐ
1060 939 1300 1010 χαλεπὸν
1345 938 1401 992 δὲ
1437 935 1592 1008 οἶμαι
1641 939 1822 1007 εὑρεῖν
1851 941 1914 991 to

312 1031 680 1099 κατάλληλον
719 1030 881 1083 τοῦτο
926 1030 1243 1100 φάρμακον.
1290 1030 1534 1099 Χορηγεῖ
1566 1029 1674 1100 γὰρ
1702 1028 1914 1080 οἴκοθεν

311 1122 470 1176 αὐτὸ
491 1125 525 1194 ἠ
559 1123 652 1177 τοῦ
699 1125 955 1193 Σωτῆρος
995 1122 1406 1194 φιλανθρωπία,
1441 1123 1474 1192 ἡ
1515 1120 1657 1191 μόνη
1691 1120 1914 1174 πάντων

314 1213 526 1284 ἰατρὸς
581 1213 688 1265 τῶν
740 1230 804 1281 γε
845 1211 1108 1267 τοιούτων
1163 1210 1659 1284 ἀρρωστημάτων
1721 1204 1792 1282 ἧς
1841 1208 1913 1261 τά

315 1307 721 1378 ἁμαρτήματα
749 1309 859 1362 τῶν
901 1307 1209 1382 ἀνθρώπων
1239 1306 1496 1361 τοσοῦτον
1521 1305 1742 1357 ἔλαττον
1772 1303 1910 1372 ἔχει,

313 1401 464 1453 ὅσον
508 1400 619 1452 οὐδ’
662 1400 811 1453 ἐστιν
860 1398 1258 1469 ἐνθυμηθῆναι.
1293 1397 1448 1450 ”Ωστ’
1494 1395 1602 1450 ἀπὸ
1642 1393 1913 1465 βαλϐῖδος,

321 1493 495 1558 φασὶ,
527 1492 588 1544 τὸ
625 1489 956 1561 ζητούμενον
990 1491 1126 1559 ἡμῖν
1160 1488 1412 1559 εὓρηται.

2022 567 2478 623 medicamentum
2530 581 2681 637 puto,
2719 569 2994 639 siquidem
3044 569 3095 621 id
3138 568 3334 622 sedare
3363 568 3595 622 velimus

2021 670 2085 711 ac
2123 672 2338 722 sanare,
2378 644 2484 713 non
2535 675 2630 728 per
2667 675 2730 716 se
2782 673 3001 716 tumens
3046 668 3102 714 et
3133 668 3373 714 aestuans
3425 660 3596 727 magis

2019 748 2184 802 etiam
2205 751 2498 806 contrariis
2515 754 2870 808 exacerbare.
2896 751 3232 822 Simpliciter
3259 759 3441 805 autem
3467 766 3598 804 cun-

2021 841 2126 897 ctis
2152 841 2256 898 hoc
2283 843 2447 898 modo
2477 847 2909 901 succurrendum
2943 845 3146 900 nativis
3179 844 3458 904 remediis.
3483 853 3536 897 et
3565 858 3595 895 a

2021 937 2222 1006 quibus
2267 938 2356 994 ille
2386 953 2495 993 non
2525 938 2840 1006 abhorreat,
2885 941 3090 996 auxilio
3118 940 3210 1008 qui
3241 936 3427 994 nostro
3454 939 3597 992 iudi-

2021 1041 2130 1102 εει.
2166 1029 2303 1086 Nam
2354 1034 2647 1102 ceteroqui
2690 1035 3028 1102 praestiterit,
3070 1033 3208 1088 nihil
3244 1049 3344 1088 nos
3371 1031 3594 1086 omnino

2023 1123 2440 1193 moliri,quippe
2469 1125 2882 1190 detrimentum,
2905 1141 3008 1182 non
3039 1126 3464 1182 emolumentum
3499 1140 3594 1178 ac-

2020 1209 2284 1279 ciperent.
2315 1215 2515 1280 quibus
2545 1213 2806 1268 adbibere
2835 1215 3140 1270 remedium
3177 1216 3457 1270 vellemus.
3485 1213 3595 1268 Nec

2021 1302 2248 1357 inventu
2306 1303 2523 1359 diﬁicile
2575 1306 2908 1362 conveniens
2955 1307 3084 1362 illud
3138 1307 3590 1362 medicamentum

2020 1393 2280 1450 arbitror.
2312 1395 2524 1450 Etenim
2559 1395 2612 1450 id
2651 1410 2716 1451 ex
2748 1412 2870 1452 sese
2902 1399 3216 1467 suppeditat
3258 1399 3374 1467 ipsa
3407 1397 3597 1452 Salv..-

2019 1485 2154 1539 toris
2185 1499 2314 1556 erga
2346 1501 2449 1542 nos
2480 1488 2794 1554 clementia,
2841 1505 2960 1560 qum
2994 1491 3112 1546 sola
3145 1492 3358 1546 cunctis
3403 1490 3597 1560 hujus-

322 1588 485 1641 modi
516 1586 723 1641 morbis
752 1586 1019 1649 medetur,
1052 1593 1106 1638 et
1131 1599 1236 1653 qua
1270 1591 1422 1637 tanto
1458 1590 1585 1636 sunt
1613 1579 1874 1638 inferiora
1902 1578 2460 1648 mortaliumdelicta,
2498 1594 2761 1651 quantum
2794 1598 2859 1638 ne
2888 1583 3182 1652 cogitando
3211 1583 3430 1653 quidem
3460 1597 3595 1638 con-

323 1681 441 1753 cipi
495 1691 689 1749 potest.
741 1678 1082 1750 Quapropter
1137 1679 1206 1733 ab
1262 1678 1377 1747 ipso
1431 1677 1642 1739 limine,
1704 1673 1850 1742 quod
1914 1673 2393 1741 aiuul,inventum
2423 1677 2580 1732 nobis
2607 1677 3275 1749 estquodquaarebamus.

417 1776 568 1830 Ἀλλ’
603 1776 632 1828 ὁ
680 1775 828 1830 δεῖνά
874 1792 961 1843 γε,
1008 1774 1196 1843 φησὶν,
1239 1772 1409 1841 ὕψους
1465 1773 1786 1843 ἀπεῤῥάγη,
1814 1771 1910 1825 καὶ

2089 1771 2158 1823 At
2186 1771 2332 1825 enim
2360 1770 2470 1835 ille,
2509 1772 2658 1827 dicet
2685 1772 2910 1842 aliquis,
2953 1773 3176 1827 avulsus
3218 1781 3300 1826 est
3334 1772 3400 1826 de
3424 1770 3598 1825 subli-

324 1870 673 1941 κατηνέχθη.
702 1870 799 1924 καὶ
844 1869 1036 1939 γέγονέ
1067 1886 1118 1921 τι
1154 1867 1357 1938 πτῶμα
1395 1866 1568 1920 δεινὸν
1598 1867 1771 1920 ἅπασι
1800 1869 1915 1928 τοῖς

2029 1864 2113 1929 mi,
2179 1865 2546 1935 deorsumque
2595 1866 2818 1936 lapsus.
2871 1881 2936 1922 ac
2992 1866 3164 1920 ruime
3224 1843 3596 1935 spectaculum

325 1963 532 2018 τοῦτον
581 1964 770 2035 ὁρῶσι.
808 1963 919 2016 Καὶ
966 1963 1018 2016 τί
1062 1963 1218 2016 ταυτὶ
1269 1960 1410 2032 πρὸς
1455 1960 1518 2014 τὸ
1567 1960 1913 2027 ἀπογνῶναι;

325 2057 684 2126 Βουληθῆναι
728 2056 810 2110 δεῖ
858 2055 1040 2126 μόνον,
1069 2055 1167 2108 καὶ
1216 2053 1351 2125 πρὸς
1407 2053 1486 2123 τῷ
1547 2051 1918 2122 ἀπονίψασθαι

321 2151 403 2203 τὰ
456 2149 605 2203 κακά
656 2149 752 2202 καὶ
798 2147 1020 2217 πτηνῶν
1065 2147 1129 2201 ἂν
1154 2145 1344 2216 τάχιον
1369 2146 1456 2198 ἐπ’
1485 2145 1657 2215 αὐτὴν
1679 2145 1776 2212 τὴν
1809 2144 1918 2198 τῶν

321 2244 524 2298 καλῶν
559 2241 770 2295 ἀνέλθοι
806 2241 1075 2312 κορυφήν.
1108 2239 1266 2308 Λέγω
1314 2239 1372 2292 δὲ
1401 2237 1659 2308 βούλησιν
1692 2237 1787 2291 νῦν
1820 2236 1918 2306 τὴν

223 2363 230 2366 —
321 2338 426 2391 διὰ
474 2337 585 2390 τῶν
633 2334 812 2404 ἔργων
856 2333 1348 2404 μαρτυρουμένην·
1381 2331 1442 2385 οὐ
1470 2333 1580 2401 γὰρ
1609 2331 1780 2392 ἔστιν.
1819 2329 1920 2382 οὐκ

322 2432 492 2483 ἐστιν
533 2429 606 2492 ὼς
640 2426 879 2498 ἀληθῶς,
914 2426 1276 2497 θελήσαντας,
1304 2426 1600 2494 ἀποτυχεῖν
1647 2422 1742 2476 τοῦ
1793 2438 1920 2475 σκο-

325 2523 470 2579 ποῦ,
513 2522 608 2574 Ἐκ
659 2520 770 2591 γὰρ
823 2519 920 2572 τοῦ
971 2519 1046 2589 μὴ
1101 2517 1388 2583 βούλεσθαι
1435 2517 1652 2587 ἰαθῆναι
1703 2517 1772 2570 τὰ
1818 2513 1920 2585 τῆς

326 2613 522 2683 ψυχῆς
582 2611 886 2682 παθήματα
939 2610 1222 2681 ἐπιμένειν
1279 2609 1473 2665 εἴωθεν
1509 2611 1701 2680 ,ἡμῖν’
1742 2608 1818 2669 ὡς
1853 2607 1921 2663 ἂν

331 2704 692 2774 ἀντιστῶμεν
717 2703 1002 2773 γενναίως,
1039 2703 1163 2758 οὐδὲ
1190 2703 1291 2774 τὴν
1333 2702 1510 2774 ἀρχὴν
1555 2701 1917 2772 είσκωμάζει.

333 2798 418 2851 Τό
454 2815 513 2850 τε
544 2799 652 2866 γάρ
677 2797 981 2865 γεγονέναι,
1012 2794 1072 2848 τό
1099 2812 1157 2849 τε
1190 2794 1660 2864 διαμεμενηκέναι
1691 2793 1920 2858 κακοὺς,

335 2891 440 2944 καὶ
499 2886 567 2942 αὖ
619 2888 680 2940 τὸ
729 2887 967 2956 ἀγαθοὺς
1011 2881 1174 2950 εἶναι,
1225 2887 1322 2940 καὶ
1371 2885 1678 2957 διαρκέσαι,
1706 2885 1922 2939 οἴκοθεν

339 2982 536 3051 σαφῶς
567 2983 681 3045 τοῖς
708 2979 1037 3052 ἀνθρώποις.
1065 2979 1142 3034 Οὐ
1171 2980 1280 3050 γὰρ
1307 2980 1446 3043 ἔστι,
1477 2977 1679 3043 καλοὺς
1707 2977 1922 3031 ἐθέλον-

339 3092 446 3136 τας
496 3070 660 3141 εἶναι,
716 3074 823 3127 τινὶ
875 3073 986 3126 τῶν
1061 3071 1300 3142 θύραθεν
1359 3071 1654 3141 βιασθῆναι
1716 3071 1922 3142 κακοὺς

341 3165 602 3232 γενέσθαι
631 3181 646 3196 ’
694 3165 816 3219 οὐδὲ
866 3164 1102 3234 φαύλους
1145 3165 1441 3234 γεγονότας
1500 3163 1592 3218 διὰ
1650 3163 1921 3234 κακίστην

343 3227 690 3328 προαίρεσιν,
709 3257 827 3314 εἶτα
851 3227 926 3330 μὴ
958 3227 1345 3330 διορθωθῆνναι,
1367 3227 1528 3312 τοῦτο
1562 3227 1918 3329 θελήσαντας.
1947 3227 1994 3291 C

346 3353 462 3406 Καὶ
500 3351 550 3404 εί
581 3349 740 3404 τοῦτό
770 3368 833 3420 ys
869 3350 1090 3421 ἀληθὲς,
1123 3350 1355 3422 εὕρηται
1388 3351 1448 3404 to
1477 3350 1794 3421 φάρμακον,
1828 3351 1925 3405 καὶ

348 3447 517 3514 ήίτῆς
566 3442 933 3513 ἀπογνώσεως
968 3443 1293 3516 ὑπεχώρησε
1339 3443 1518 3506 νόσος.
1546 3443 1677 3510 Ναὶ,
1713 3445 1881 3514 φησίν
1906 3457 1923 3475 ⁸

347 3537 464 3590 ἀλλ’
489 3527 642 3598 οὗτός
673 3553 737 3605 γε
773 3539 800 3589 ό
833 3536 1076 3606 σχέτλιος
1099 3536 1448 3606 τραυματίας
1478 3537 1670 3605 γέγονε
1703 3538 1924 3592 πάντων

349 3630 479 3699 ἑξῆς
531 3629 642 3682 τῶν
690 3629 920 3683 παθῶν·
960 3630 1056 3682 καὶ
1107 3624 1373 3692 πολλάκις
1433 3629 1628 3690 ἰαθεὶς.
1660 3629 1926 3691 πολλάκις

352 3725 525 3797 πάλιν
547 3724 834 3793 τέτρωται.
874 3723 982 3776 Καὶ
1007 3722 1126 3786 πῶς
1159 3721 1226 3775 ἂν
1257 3722 1371 3792 ἔχοι
1402 3721 1765 3791 διορθωθῆναι
1789 3739 1804 3787 ;
1833 3722 1925 3792 Μὴ

353 3816 687 3885 ἀπογνῶμεν
730 3815 822 3868 τὶν
867 3813 1178 3885 ἄνθρωπον.
1234 3815 1334 3868 “AV
1375 3813 1484 3882 γὰρ
1529 3817 1562 3884 ἦ
1613 3815 1807 3884 καιρία
1853 3817 1942 3896 μὴ,

353 3909 756 3980 παραγένηται,
784 3907 882 3978 τὴν
926 3908 1238 3976 ἀπόγνωσιν
1290 3906 1456 3974 λέγω,
1495 3907 1714 3976 ἰάσιμόν
1761 3923 1824 3975 γε
1869 3906 1930 3959 to

357 3999 531 4063 πάθος
571 4000 683 4062 τοῖς
710 3997 1056 4069 βουλομένοις
1088 3996 1185 4068 τὴν
1220 3997 1463 4068 ἰατρείαν
1495 3997 1747 4066 ἀσμένως
1774 3995 1930 4061 δέξα-

358 4090 506 4144 σθαι.
536 4089 597 4142 El
647 4089 755 4158 γάρ
809 4087 884 4158 μὴ
932 4087 1124 4142 τοῦτον
1165 4089 1256 4141 τὸν
1300 4089 1504 4158 τρόπον
1545 4083 1660 4159 εἷχε
1709 4087 1777 4141 τά
1807 4089 1931 4144 καθ’

355 4183 527 4250 ἡμᾶς,
562 4180 671 4233 οὐδ’
715 4179 782 4233 ἂν
823 4176 905 4242 εἷς
958 4179 1181 4243 πάντως
1227 4180 1433 4252 ἐσώθη.
1477 4181 1566 4243 Ὠς
1603 4179 1713 4251 γὰρ
1757 4181 1932 4245 οὐδεὶς

356 4273 579 4340 ἀγαθὸς,
631 4272 774 4326 κατά
829 4271 920 4325 τὸν
974 4273 1119 4326 θεῖον
1173 4273 1446 4343 χρησμδν,
1496 4272 1606 4326 οὐδ’
1654 4273 1930 4344 ἁμαρτίας

355 4367 524 4428 ὅντως
554 4364 860 4434 ἐλεύθερος,
884 4364 988 4418 κάν
1015 4364 1334 4435 ὑπερϐάλλῃ
1367 4363 1547 4435 πολλῷ
1576 4365 1703 4428 τοὺς
1739 4365 1932 4428 ἄλλους

357 4458 437 4519 εἰς
467 4458 686 4526 ἀρετήν.
721 4458 913 4527 Δεήσει
939 4457 1123 4510 τοίνυν
1159 4457 1334 4538 artaret
1355 4457 1450 4509 τοῦ
1483 4457 1785 4528 φαρμάκου
1817 4476 1934 4512 του-

2021 1958 2176 2014 triste
2208 1957 2383 2015 factus
2401 1959 2690 2015 universis.
2717 1959 2856 2026 Quid
2880 1960 3026 2016 istzec
3047 1962 3112 2014 ad
3141 1956 3600 2028 desperationem?

2024 2051 2316 2108 Voluntate
2371 2053 2634 2109 duntaxat
2680 2068 2816 2124 Opus
2866 2053 3158 2114 estauimi.
3215 2068 3323 2124 qua
3377 2051 3487 2117 ﬂet,
3541 2058 3600 2103 ut

2021 2145 2243 2200 ablutus
2279 2162 2307 2199 a
2341 2146 2492 2202 vitiis
2525 2147 2694 2202 etiam
2730 2163 2896 2217 supra
2929 2148 3222 2202 volucrum
3255 2145 3596 2201 celeritatem

2022 2238 2089 2291 ad
2133 2238 2310 2307 ipsum
2372 2238 2641 2294 bonorum
2672 2241 2887 2296 culmen
2939 2241 3222 2297 ascendat.
3255 2239 3596 2294 Voluntatem

2020 2345 2153 2385 vero
2210 2345 2354 2386 nunc
2385 2346 2504 2387 eam
2543 2333 2664 2387 dico
2687 2349 2809 2404 qua:
2846 2333 3158 2388 testimonia
3193 2331 3463 2386 factorum
3495 2330 3598 2384 ha-

2022 2425 2154 2490 bet;
2209 2425 2411 2495 quippe
2471 2426 2588 2480 iieri
2643 2425 2852 2496 nequit,
2883 2426 3069 2495 nequit
3105 2425 3330 2480 omnino
3361 2423 3498 2486 neri,
3535 2431 3598 2476 ut

2023 2517 2113 2586 qui
2151 2519 2442 2585 voluerint,
2463 2533 2690 2588 scopum
2729 2534 2833 2574 non
2865 2519 3154 2589 attingant.
3190 2517 3324 2570 Nam
3351 2515 3476 2585 quia
3504 2529 3599 2570 sa-

2024 2617 2142 2668 nari
2177 2613 2449 2679 uolumus,
2495 2613 2696 2668 idcirco
2731 2615 2783 2667 in
2827 2613 2984 2668 nobis
3017 2611 3188 2666 animi
3219 2611 3346 2665 vitia
3397 2610 3600 2664 durare

2023 2716 2456 2761 consueverunt:
2492 2707 2692 2778 quippe
2736 2706 2780 2761 si
2821 2705 3142 2760 resistamus
3178 2701 3415 2766 fortiter,
3447 2716 3603 2770 pror-

2023 2812 2116 2852 sus
2144 2799 2196 2852 in
2230 2799 2444 2855 animos
2459 2814 2522 2855 ea
2553 2815 2657 2855 non
2681 2799 3003 2869 pervadunt.
3031 2798 3239 2852 Etenim
3273 2805 3334 2851 ut
3383 2795 3514 2849 ﬁant
3547 2802 3604 2849 et

2023 2903 2279 2948 maneant
2299 2893 2449 2960 mali,
2478 2893 2772 2962 itidemque
2804 2902 2861 2945 ut
2881 2890 3006 2947 boni
3031 2889 3139 2945 sint
3166 2903 3228 2942 ac
3251 2894 3604 2958 perseverent

2025 2987 2079 3042 in
2111 2987 2275 3051 bono,
2299 2985 2461 3042 dubio
2487 2985 2676 3056 procul
2699 3000 2765 3041 ex
2796 2999 2917 3040 sese
2943 2983 3200 3039 mortales
3219 2981 3442 3036 habent.
3464 2979 3604 3034 Nam

2026 3076 2142 3132 ﬂeri
2175 3078 2365 3148 nequit
2391 3087 2447 3131 ut
2479 3078 2568 3146 qui
2601 3077 2727 3132 boni
2768 3092 2890 3133 esse
2921 3076 3132 3138 volunt,
3162 3077 3227 3130 ab
3260 3083 3520 3128 extranea
3546 3086 3606 3127 re

2025 3171 2279 3242 quapiam
2300 3181 2562 3242 cogantur
2588 3171 2822 3226 evadere
2842 3169 2992 3236 mali,
3013 3185 3114 3225 nec
3134 3178 3190 3224 ut
3212 3155 3245 3222 ii
3271 3169 3362 3238 qui
3383 3167 3607 3223 electio-

2026 3280 2094 3321 ne
2127 3265 2289 3320 anitni
2311 3265 2546 3333 pessima
2570 3265 2696 3320 mali
2720 3264 3018 3328 factisunt,
3040 3261 3238 3318 deinde
3271 3278 3377 3316 non
3424 3275 3610 3316 emen-

2027 3359 2246 3424 dentur,
2267 3359 2311 3413 si
2343 3359 2561 3429 quidem
2591 3359 2642 3412 id
2672 3358 2964 3413 voluerint.
2979 3357 3155 3427 Atque
3176 3355 3281 3412 hoc
3300 3341 3432 3412 sane
3451 3356 3498 3411 si
3519 3369 3614 3409 ve-

2029 3466 2149 3506 rum
2173 3461 2275 3516 est,
2299 3451 2578 3506 inventum
2598 3459 2686 3506 est
2718 3451 3194 3514 medicamentum,
3215 3449 3435 3519 jamque
3464 3463 3612 3503 mor-

2030 3545 2132 3601 bus
2165 3545 2254 3599 ille
2303 3544 2700 3614 desperationis
2739 3545 2914 3597 victus
2957 3541 3245 3598 abscessit.
3276 3541 3420 3597 Sane
3452 3557 3604 3602 vero.

2028 3637 2239 3706 inquiet
2298 3637 2532 3705 aliquis:
2587 3646 2642 3689 at
2677 3637 2842 3691 miser
2882 3635 2982 3690 iste
3032 3635 3208 3689 factus
3237 3647 3319 3689 est
3355 3635 3612 3690 omnibus

2028 3729 2192 3799 plane
2224 3729 2369 3784 vitiis
2419 3729 2708 3801 obnoxius,
2761 3728 3068 3797 saepiusque
3096 3738 3343 3790 sanatus.
3412 3729 3613 3782 multo-

2033 3820 2133 3875 ties
2161 3821 2348 3874 eadem
2375 3829 2633 3889 expertus
2654 3820 2986 3873 est‘vulnera
3011 3833 3280 3887 ;qnonam
3311 3816 3472 3888 igitur
3492 3819 3611 3875 ﬂeri

2031 3921 2194 3984 pacto
2228 3912 2399 3980 possit
2427 3911 2860 3966 utemendetur?
2894 3909 3249 3979 Nequaquam
3281 3911 3345 3964 de
3377 3911 3602 3965 homine

2035 4002 2415 4072 desperemus.
2477 4001 2689 4070 Quippe
2743 4001 2788 4056 si
2821 4001 2978 4056 letale
3021 4002 3216 4056 vulnus
3277 4003 3422 4058 haud
3462 4005 3610 4058 adsit

2040 4095 2495 4168 (desperationem
2535 4105 2714 4149 autem
2744 4093 3046 4164 intelligo).
3082 4095 3344 4151 sanabilis
3386 4097 3610 4151 morbus

2039 4198 2124 4245 est
2155 4189 2207 4242 in
2242 4187 2307 4243 iis
2331 4188 2424 4258 qui
2450 4187 2776 4242 medicinam
2808 4187 3058 4244 lubenter
3074 4189 3361 4245 admittere
3389 4190 3608 4258 volunt;

2040 4284 2240 4352 quippe
2290 4282 2336 4337 si
2371 4297 2481 4337 non
2505 4283 2560 4336 in
2591 4282 2742 4338 hunc
2772 4283 2992 4338 modum
3025 4292 3348 4352 comparata
3382 4299 3468 4340 res
3509 4300 3610 4339 no-

2039 4384 2170 4430 strae
2199 4373 2396 4436 forent.
2450 4390 2550 4429 nec
2575 4390 2714 4430 unus
2745 4375 2968 4430 omnino
3002 4375 3186 4431 salvus
3220 4375 3507 4432 evasisset.
3543 4376 3612 4432 Ut

2039 4467 2186 4521 enim
2213 4480 2370 4520 nemo
2401 4466 2577 4522 bonus
2607 4476 2712 4530 est,
2740 4467 3188 4542 sccundumjllnd
3217 4467 3458 4522 divinum
3487 4484 3614 4523 ora-

357 4549 474 4602 τουῖ
494 4565 510 4583 ο
539 4548 632 4600 καὶ
661 4547 851 4601 τούτου
879 4548 1219 4618 καταλλήλου
1239 4549 1662 4618 τετυχηκόσι,τὺ
1688 4550 1925 4604 εὖεκαεῖν

2039 4557 2240 4621 culum,
2279 4556 2351 4610 ita
2386 4571 2484 4612 nec
2504 4572 2700 4626 reapse
2725 4558 2849 4628 quis
2883 4559 3143 4614 immunis
3173 4573 3202 4613 a
3247 4571 3491 4628 peccato,
3526 4572 3613 4616 ιιι-
3675 4615 3678 4619 .

357 4638 518 4699 eis-Ob;
546 4637 747 4695 ἔπεισι.
781 4638 900 4692 Κάν
931 4656 1015 4702 τις
1049 4638 1356 4709 ἀνθρώπων
1403 4642 1713 4713 ὑπερελάσῃ
1753 4642 1932 4712 πολλῷ

356 4729 436 4798 τῷ
476 4729 661 4801 μέτρῳ
685 4729 820 4799 ὁμοῦ
852 4731 977 4795 τοὺς
1005 4731 1164 4795 ὄντας
1194 4733 1288 4785 καὶ
1321 4733 1616 4802 γεγονότας
1645 4737 1737 4787 ἐπὶ
1764 4736 1935 4807 κακίᾳ

359 4821 746 4894 βεϐοημένονς,
806 4823 1020 4892 θρήνων
1081 4823 1182 4893 μὲν
1231 4828 1312 4879 ὃτι
1357 4825 1569 4878 πολλῶν
1618 4827 1646 4878 ό
1692 4827 1934 4886 τοιοῦτος

357 4917 507 4981 ἄξιος
532 4915 606 4978 ὡς
643 4916 856 4986 ἀληθῶς
882 4917 1128 4985 γέγονεν,
1164 4917 1242 4970 ὅτι
1275 4917 1444 4980 καλὸς
1465 4919 1563 4971 καὶ
1589 4917 1677 4973 ἐπ’
1706 4919 1934 4987 ἀγαθοῖς

359 5007 804 5079 δημιουργηθεὶς,
835 5012 863 5063 ὁ
909 5009 964 5062 δὲ
1002 5009 1212 5065 πολλῶν
1261 5010 1404 5064 ἑκὼν
1439 5011 1627 5064 κακῶν
1658 5011 1756 5082 τὴν
1801 5013 1931 5065 ἑαυ-

360 5099 455 5152 τοῦ
508 5099 686 5171 ψυχὴν
729 5100 1046 5171 ἐνέπλησεν,
1077 5101 1153 5165 ώς
1192 5103 1366 5168 οὐδεὶς
1417 5103 1627 5173 ἕτερος.
1658 5103 1807 5172 Πλὴν
1839 5105 1933 5158 καὶ

360 5186 514 5256 οὗτός
546 5211 607 5260 γε
646 5194 830 5261 αὐτὸς,
864 5195 930 5248 ἂν
973 5195 1206 5266 ἐραστὴς
1243 5197 1621 5265 μανικώτατος
1657 5196 1756 5267 τῆς
1793 5197 1933 5261 ἰδίας

361 5285 699 5354 διορθώσεως
727 5285 976 5357 γένηται,
1014 5289 1062 5340 εί
1117 5288 1217 5356 μὲν
1250 5288 1498 5358 ἀπογνῷ,
1533 5288 1763 5360 εὐήθης,
1796 5278 1933 5360 μᾶλ-

361 5377 451 5431 λον
508 5377 566 5431 δὲ
609 5379 859 5449 ἀνόητος,
911 5379 1009 5449 τὴν
1065 5379 1481 5450 φιλανθρωπίαν
1529 5382 1630 5452 τὴν
1677 5381 1930 5452 ἄπειρον,

370 5473 638 5543 ἁμαρτίας
666 5472 843 5542 πέρας
877 5471 1132 5543 ἐχούσης,
1162 5473 1311 5544 ἥττω
1337 5474 1594 5543 νομίσας.
1629 5474 1692 5528 Εἰ
1719 5474 1777 5528 δὲ
1810 5473 1930 5544 Θεῷ

371 5567 643 5639 θαρρήσας
674 5566 880 5632 οὑτοσὶ,
909 5567 1020 5620 τῶν
1060 5567 1162 5637 μὲν
1213 5567 1402 5622 κακῶν
1443 5566 1739 5638 ἀποσταίη,
1771 5567 1932 5621 ἀνθέ-

371 5656 514 5720 ξεται
563 5657 621 5711 δὲ
681 5659 789 5711 τῶν
843 5657 1026 5712 καλῶν
1074 5659 1173 5728 ὅση
1217 5657 1468 5727 δύναμις,
1502 5657 1654 5710 οὐδὲν
1697 5657 1931 5711 κωλύσει

369 5749 551 5802 τοῦτον
585 5751 896 5814 ἐπανιόντα,
927 5750 1026 5821 τὴν
1060 5751 1331 5818 προτέραν
1361 5751 1699 5804 κατάστασιν
1731 5752 1934 5805 ἐπανα-

370 5836 563 5902 λαϐεῖν,
595 5838 627 5908 ἢ
653 5841 745 5895 καὶ
778 5839 956 5910 πολλῷ
984 5839 1278 5911 παρελθεῖν
1303 5855 1317 5870 ·
1347 5842 1396 5895 εἰ
1429 5839 1494 5911 δὴ
1521 5841 1614 5893 καὶ
1648 5839 1928 5911 ὑπερϐολή

2036 4649 2197 4703 metsi
2244 4649 2400 4717 longe
2456 4651 2670 4704 caeteris
2723 4650 2930 4706 virtute
2988 4658 3232 4720 praestet.
3270 4650 3616 4721 Quapropter

2035 4740 2304 4795 universis
2351 4741 2452 4796 hoc
2499 4743 2916 4806 medicamento,
2977 4745 3295 4812 ptenitentla
3352 4744 3611 4812 inquam,

2031 4847 2170 4902 Opus
2214 4835 2360 4888 erit:
2394 4835 2536 4902 quod
2585 4836 2630 4889 si
2679 4836 2771 4905 qui
2836 4836 2955 4890 tale
3006 4836 3151 4890 nacti
3206 4835 3409 4890 fuerint
3453 4841 3615 4906 quale

2033 4925 2194 4979 debet
2265 4940 2426 4990 esse,
2484 4942 2608 4980 mox
2683 4937 2826 4981 recta
2903 4926 3155 4980 valetudo
3229 4940 3610 4996 recuperatur.

2034 5015 2262 5070 Etiamsi
2289 5017 2413 5087 quis
2453 5019 2640 5071 multis
2673 5018 2848 5072 modis
2867 5029 2922 5071 et
2955 5033 3046 5071 eos
3078 5018 3169 5086 qui
3208 5034 3356 5072 nunc
3383 5031 3528 5087 sunt,
3562 5031 3616 5076 et

2031 5110 2126 5177 qui
2187 5109 2404 5162 fuerunt
2461 5113 2526 5162 ex
2570 5110 2869 5163 vitiositate
2923 5109 3186 5175 celebres,
3251 5115 3613 5181 superaverit,

2036 5200 2219 5256 multis
2255 5200 2344 5254 ille
2368 5199 2584 5268 quidem
2639 5200 2895 5270 lacrymis
2950 5215 3137 5257 revera
3196 5203 3412 5272 dignus,
3471 5208 3614 5276 quod

2033 5309 2156 5348 cum
2195 5301 2251 5348 et
2281 5293 2453 5347 bonus
2476 5302 2532 5347 et
2568 5295 2634 5347 ad
2655 5293 2794 5347 bona
2829 5294 3099 5360 conditus,
3155 5307 3346 5365 sponte
3371 5314 3467 5352 sua
3499 5300 3618 5368 plu-

2035 5386 2185 5440 ribus
2207 5388 2445 5440 animum
2476 5385 2822 5455 vitiis,quam
2861 5387 2997 5442 alius
3025 5391 3334 5458 quisquam,
3359 5393 3620 5462 impleve-

2035 5480 2142 5532 rit:
2185 5480 2277 5532 sed
2309 5475 2662 5532 nihilominus
2708 5477 2873 5544 idem,
2937 5479 3100 5533 modo
3146 5483 3329 5536 studio
3383 5489 3614 5552 quodam

2034 5567 2228 5624 insano
2256 5568 2648 5623 correctionem
2677 5583 2830 5625 suam
2883 5570 3137 5639 sitiverit,
3170 5574 3216 5635 si
3261 5575 3476 5643 quidem
3527 5576 3619 5628 dc-

2035 5668 2236 5726 Speret,
2269 5659 2502 5712 stolidus
2531 5667 2636 5724 est,
2667 5661 2749 5715 vel
2782 5677 2970 5717 amens
3019 5666 3221 5733 potius,
3255 5665 3348 5732 qui
3379 5666 3615 5719 divinam

2035 5749 2180 5803 illam
2213 5749 2600 5818 benignitatem
2641 5752 2904 5808 inﬁnitum
2939 5767 3164 5824 peccato
3195 5756 3351 5810 linem
3387 5757 3618 5811 habente

2037 5850 2186 5909 putet
2237 5842 2548 5900 inleriorem
2601 5863 2615 5900 :
2667 5846 2748 5904 sin
2793 5848 3050 5906 collocata
3095 5849 3146 5904 in
3197 5847 3366 5904 Deum
3424 5847 3615 5904 ﬁducia
