3990 6554
415 343 422 348 ’
501 375 603 438 tat
1674 361 2072 424 annosus
2111 357 2556 422 mmemor
3636 343 3769 408 492

485 484 716 555 impellit
744 523 759 546 ,
789 482 996 549 absque
1017 477 1300 534 coactione
1331 487 1516 534 tamen
1542 487 1595 534 et
1617 477 1897 544 violentia,
1923 477 2068 546 quod

2175 471 2327 533 Θεός.
2374 469 2664 540 Συγχωρεῖ
2708 466 2763 520 δὲ
2812 465 2970 519 τοῦτο
3022 461 3278 532 γενέσθαι
3325 463 3384 514 οὐ
3433 459 3518 515 διὰ
3562 460 3621 513 τδ
3674 460 3777 512 δί-

487 581 562 633 ita
598 591 708 632 rem
739 573 854 627 ﬁeri
886 571 1105 627 minime
1150 571 1454 626 conveniat.
1480 569 1662 625 Animi
1717 585 1948 638 namque
1977 585 2062 624 sa-

2175 577 2322 615 καιον
2346 561 2526 630 μόνον,
2543 560 2661 614 ἀλλ’
2679 559 2758 612 ὅτι
2789 559 2880 610 καὶ
2906 556 3188 626 συμφέρον
3205 572 3255 607 τι
3277 554 3537 606 λανθάνον
3564 553 3743 620 μίγνυ

491 669 643 722 natio
675 665 882 720 medico
919 665 1138 734 quidem
1169 664 1369 733 indiget
1404 663 1518 718 solo
1548 661 1688 730 Deo;
1724 665 1814 718 sed
1847 663 2060 718 interim

2175 671 2258 706 ται
2286 655 2406 717 ταῖς
2436 653 2746 707 κολάσεσιν.
2795 652 2859 704 Ἥ
2915 649 3025 718 γάρ
3075 648 3142 717 δὴ
3185 648 3314 716 περὶ
3357 647 3504 714 ἡμᾶς
3537 645 3778 697 ἐκείνου

488 774 669 813 rerum
727 772 794 813 ex
833 772 1018 812 eorum
1072 765 1156 811 εει
1213 769 1438 810 numero
1478 770 1597 824 (ιυω
1666 770 1694 808 3
1744 764 1930 810 nostra
1965 773 2064 811 νο-

2175 744 2482 814 χρηστότης
2514 741 2852 814 πανταχόθεν
2899 739 3204 811 ἀναγκάζει
3243 738 3402 792 ταυτὶ
3432 736 3730 788 πιστεῦειν
3751 770 3772 787 .

484 855 692 908 luntate
719 851 974 923 pendent.
1014 847 1395 918 Oportetenim
1430 848 1663 918 primum
1727 849 1928 906 habere
1975 866 2194 911 sensum
2246 857 2630 913 imbecillitatis
2681 855 3061 923 anan-deinde
3116 867 3278 909 nosse
3350 851 3649 912 medicum.
3711 856 3787 905 et

485 951 550 1004 ad
571 964 692 1002 cum
726 959 947 1000 currere
980 943 1138 1010 velle,
1171 943 1216 998 si
1258 944 1351 1013 qui
1415 942 1782 999 valetudinem
1828 945 2094 1018 integram
2171 953 2507 1008 desiderant.
2563 953 2909 1024 Quapropter
2957 952 3036 1006 illi
3095 952 3187 1021 qui
3245 950 3422 1018 pinnis
3483 946 3778 1014 alliciendi

483 1053 610 1100 sunt
635 1042 832 1114 (neque
873 1039 1096 1096 nunede
1127 1039 1375 1095 ﬁdelibus
1419 1048 1624 1094 tantum
1659 1040 1899 1110 loquor),
1931 1042 2152 1112 ipsimet
2170 1048 2392 1102 omnino
2409 1049 2516 1104 sibi
2553 1065 2840 1120 poenarum
2903 1055 3157 1102 auctores
3203 1055 3347 1108 sunt,
3415 1058 3519 1098 non
3589 1041 3778 1098 Dens.

484 1139 572 1202 qui
605 1151 735 1191 sane
758 1134 1024 1205 permittit
1059 1134 1160 1187 hoc
1201 1132 1342 1193 ﬁeri.
1375 1147 1480 1187 non
1505 1133 1733 1203 juStitire
1757 1148 1867 1190 suae
1897 1150 2058 1191 causa
2101 1146 2330 1204 tantum,
2355 1142 2448 1197 sed
2473 1143 2635 1196 etiam
2669 1142 2810 1212 quod
2872 1140 3074 1211 aliquid
3131 1140 3308 1193 tacitae
3353 1136 3601 1192 utilitatis
3659 1137 3777 1190 ad-

484 1237 708 1288 mi~tnm
741 1235 814 1288 sit
855 1233 988 1302 ipsis
1025 1233 1227 1300 poenis.
1283 1230 1418 1285 Nam
1464 1232 1571 1287 hoc
1625 1233 1700 1287 uti
1746 1231 2056 1299 credamus,
2099 1236 2319 1292 omnino
2361 1253 2457 1294 nos
2493 1240 2663 1308 ipsius
2709 1255 2838 1307 erga
2880 1253 2979 1294 nos
3018 1237 3233 1292 bonitas
3264 1234 3432 1304 cogit.

557 1329 740 1394 Quare
790 1327 836 1380 si
879 1325 994 1380 haec
1016 1324 1090 1379 ita
1141 1339 1200 1378 se
1247 1323 1448 1378 habere
1506 1324 1762 1404 videntur
1794 1325 2072 1395 (videntur

2251 1331 2312 1384 Εί
2342 1330 2436 1384 οὖν
2460 1331 2525 1401 δὴ
2559 1329 2736 1384 ταῦτα
2765 1331 2912 1383 δοκεῖ
2941 1329 3134 1398 (δόξειε
3158 1329 3202 1382 δ’
3230 1328 3297 1382 ἂν
3333 1328 3599 1395 πάντωςὶ,
3648 1317 3775 1380 ποῦ

487 1432 666 1476 autem
701 1418 968 1485 omnino),
1012 1430 1246 1488 quonam
1278 1425 1435 1486 pacto
1467 1414 1548 1470 fas
1565 1416 1635 1470 sit
1667 1411 1724 1470 ut
1749 1415 1816 1472 de
1850 1416 2073 1471 homine

2177 1423 2374 1492 καιρὸν
2405 1423 2528 1492 ἕχον
2563 1423 2701 1488 ἐστὶ,
2735 1423 2827 1476 τὸν
2855 1421 3110 1476 ἐνταυθοῖ
3141 1422 3480 1490 φαυλότατον
3511 1421 3608 1473 καὶ
3636 1419 3774 1490 χεί-

486 1513 568 1566 vel
603 1511 926 1577 pravissimo
958 1518 1121 1580 atque
1151 1509 1387 1579 pessimo
1435 1509 1488 1563 in
1525 1509 1626 1564 hac
1658 1510 1764 1564 vita
1817 1506 1940 1580 quis
1971 1509 2071 1564 de-

486 1615 829 1674 speret,cum
862 1603 1128 1658 medelam
1160 1602 1204 1655 is
1225 1603 1288 1672 in
1325 1602 1579 1656 manibus
1603 1601 1820 1666 habeat,
1865 1601 2068 1656 saluta-

486 1714 601 1751 rem
632 1696 778 1750 illam
805 1695 1204 1764 paenitcntiam,
1239 1695 1376 1750 sicut
1410 1703 1463 1747 et
1487 1709 1650 1764 supra
1678 1694 1880 1750 dictum
1924 1709 1950 1746 a
1970 1710 2068 1747 no-

488 1790 572 1843 bis
601 1798 684 1843 est
715 1787 738 1842 τ
767 1787 1064 1856 thuando
1115 1786 1361 1840 Salvator
1396 1785 1509 1854 ipse
1557 1787 1714 1840 nobis
1774 1787 2062 1854 promittit,

2181 1530 2364 1583 ριστον
2407 1513 2747 1582 ἀπογνῶναι,
2791 1515 2848 1566 ἐν
2877 1515 3060 1584 χεροῖν
3091 1512 3152 1564 τὸ
3203 1511 3494 1581 φάρμακον
3532 1510 3766 1580 ἔχοντα,

2171 1605 2270 1672 τὴν
2307 1602 2589 1670 σώζουσαν
2628 1605 2944 1675 μετάνοιαν,
2981 1603 3055 1667 ώς
3088 1603 3191 1656 κάν
3233 1605 3348 1664 τοῖς
3383 1601 3768 1671 προλαϐοῦσιν

2169 1698 2302 1767 ἡμῖν
2333 1697 2584 1768 εῐρηται;
2642 1695 2792 1750 Ἐπεὶ
2821 1696 2876 1749 δὲ
2909 1696 3004 1748 καὶ
3041 1696 3068 1748 ὁ
3097 1693 3436 1764 Σωτὴρήμῖν
3472 1693 3764 1761 ὑπισχνεῖο

2170 1804 2282 1851 ται,
2307 1787 2762 1857 ἐπικαλουμένοις
2788 1785 2952 1848 εὐθὺς
2979 1785 3342 1854 παρέσεσθαι,
3366 1781 3460 1836 καὶ
3487 1781 3764 1852 πάρεστιν

489 1894 549 1933 se
577 1880 699 1932 metr
719 1876 1090 1930 invocantibus
1121 1875 1457 1936 adfuturum,
1489 1875 1732 1944 adeoque
1767 1875 2070 1944 inaspecta-

2175 1877 2238 1930 ἐκ
2263 1847 2358 1929 τοῦ
2383 1847 2647 1944 ἀφανοθς,
2675 1847 2774 1929 καὶ
2801 1873 2988 1945 βοηθεῖ
3015 1847 3267 1943 φανερῶς
3292 1847 3429 1942 πρὸς
3451 1872 3552 1939 τὴν
3573 1847 3760 1941 σωτή-

493 1971 672 2024 hiliter
699 1968 872 2033 adest,
904 1974 958 2022 et
985 1964 1272 2020 manifesto
1295 1965 1360 2018 ad
1394 1965 1684 2018 salutarem
1712 1970 1852 2021 hanc
1878 1967 2073 2020 volun-

494 2070 659 2116 tatem
693 2061 847 2130 juvat
897 2073 1084 2114 omnes
1109 2056 1201 2126 qui
1253 2057 1354 2110 hoc
1412 2056 1573 2111 abeo
1631 2056 1894 2126 ﬂagitant,
1952 2060 2072 2128 quis

493 2155 740 2216 obsecro,
775 2150 878 2205 nisi
905 2154 1253 2206 vehementer
1306 2148 1562 2214 insaniat,
1595 2157 1739 2204 recte
1779 2149 1860 2204 vel
1895 2150 1962 2205 de
1987 2151 2070 2219 ja-

495 2243 740 2302 centibus
772 2245 826 2300 in
847 2245 962 2312 ipso
1009 2243 1273 2296 malorum
1329 2241 1542 2310 gurgite
1571 2241 1940 2310 desperaverit
1970 2257 2071 2294 nn-

495 2355 684 2411 quam,
703 2339 747 2395 si
766 2337 866 2393 soli
885 2333 1264 2390 misericordial
1286 2334 1646 2403 potestatique
1674 2335 1902 2389 lidentes
1926 2334 2072 2390 illius

494 2431 584 2500 qui
617 2429 788 2499 gratis
810 2435 1009 2492 servat,
1057 2423 1417 2493 resipiscam?
1459 2421 1820 2489 Quamobrem
1865 2424 1930 2477 de
1953 2422 2072 2476 nul-

491 2525 563 2580 iis
597 2523 818 2577 omnino
858 2517 1276 2590 desperandum.
1312 2516 1410 2570 nisi
1457 2516 1546 2584 qui
1605 2529 1794 2585 magna
1841 2514 2070 2583 quadam

496 2617 708 2672 insania
742 2613 808 2668 de
829 2611 1026 2680 seipsis
1064 2612 1440 2680 desperarnnt.
1482 2605 1616 2660 Nam
1652 2616 1870 2676 propter
1923 2621 2074 2662 acer-

495 2724 618 2761 vum
675 2703 1050 2772 multiplicium
1083 2709 1429 2770 peccatornm
1482 2699 1790 2768 desperare,
1848 2697 2070 2752 stultum

495 2797 716 2851 ntnnino
755 2794 940 2860 fuerit,
981 2793 1151 2847 donec
1193 2791 1358 2844 vitam
1399 2790 1541 2848 banc
1587 2798 1912 2859 prasentem
1963 2805 2069 2842 non

498 2884 930 2956 deposuerimus.
965 2881 1096 2936 Nam
1131 2881 1267 2936 velle
1302 2881 1468 2934 Deum
1521 2877 1900 2935 misericordia
1959 2894 2074 2932 lilO‘

500 2987 610 3032 tum
639 2974 715 3028 uti
743 2979 1010 3042 potestate
1040 2984 1135 3024 sua
1161 2983 1258 3038 pro
1290 2968 1354 3022 iis
1392 2967 1484 3036 qui
1517 2981 1642 3021 eum
1673 2965 1954 3028 invocant,
1979 2977 2070 3018 sa-

499 3068 588 3130 tis,
611 3065 826 3133 opinor,
857 3068 1281 3116 consentaneum
1316 3065 1435 3112 est:
1473 3057 1612 3112 idem
1666 3057 1710 3111 si
1741 3056 1870 3126 quid
1896 3056 2073 3110 facere

2177 1983 2293 2037 ριον
2322 1965 2526 2036 ταύτην
2571 1965 2832 2036 βούλησιν
2890 1964 3027 2016 πᾶσι
3074 1963 3187 2024 τοῖς
3219 1959 3383 2014 αὐτὸν
3434 1957 3748 2026 ἐκζητοῦσιο

2173 2061 2279 2124 τίς,
2343 2061 2392 2113 εἰ
2426 2059 2500 2130 μὴ
2529 2058 2736 2129 σφόδρα
2769 2057 3016 2126 μαίνοιτο
3043 2053 3248 2117 δίκαιος
3278 2053 3344 2108 ἂν
3378 2051 3462 2121 εῐη
3503 2051 3743 2104 ποτέκαὶ

2174 2152 2301 2213 τοὺς
2336 2152 2392 2204 ἐν
2437 2149 2586 2219 αὐτῷ
2623 2148 2700 2220 τῷ
2735 2147 2883 2219 βυθῷ
2914 2147 3024 2201 τῶν
3056 2145 3245 2198 κακῶν
3293 2143 3584 2214 κειμένους
3611 2143 3744 2195 ἀπο-

2174 2241 2488 2310 γινώσκειν,
2523 2240 2661 2310 ἐλέῳ
2696 2239 2846 2310 μόνῳ
2883 2235 3245 2310 θαρροῦντας,
3286 2236 3381 2289 καὶ
3411 2237 3479 2305 τῇ
3513 2233 3756 2302 δυνάμει

2173 2335 2270 2391 τοῦ
2297 2337 2502 2406 προῖκα
2531 2335 2799 2400 σώζοντος
2819 2331 3298 2404 μεταμελομένους
3322 2347 3337 2395 ;
3361 2328 3758 2392 Ὦστόὒδένας

2175 2445 2238 2496 γε
2265 2427 2375 2483 τῶν
2400 2427 2620 2482 πάντων
2644 2423 3030 2495 άπογνωστέον
3058 2425 3189 2495 ἡμῖν
3213 2423 3279 2475 ἂν
3305 2422 3413 2490 εζη,
3439 2421 3488 2473 εί
3518 2419 3594 2491 μὴ
3621 2419 3753 2482 τοὺς

2175 2521 2318 2591 σφᾶς
2349 2536 2412 2588 γε
2443 2519 2644 2582 αὐτοὺς
2673 2515 3068 2585 ἀπεγνωκότας
3098 2513 3266 2582 πολλῇ
3301 2511 3490 2583 μανίᾳ.
3515 2512 3616 2564 Διά
3639 2511 3755 2578 γάρ

2177 2610 2353 2682 σωρὸν
2379 2609 2800 2680 ἁμαρτημάτων
2831 2603 3196 2660 παντοδαπῶν
3229 2603 3422 2672 εὔηθες
3461 2603 3756 2656 παντάπα-

2176 2720 2261 2756 σιν
2296 2700 2639 2771 ἀπογνῶναι,
2665 2699 2770 2762 ἓως
2794 2699 2861 2755 ἂν
2897 2698 2972 2770 μὴ
3001 2699 3100 2769 τὴν
3130 2696 3416 2767 παροῦσαν
3441 2695 3586 2764 ζωὴν
3616 2697 3754 2748 ἀπο-

2175 2791 2418 2862 θώμεθα.
2473 2790 2710 2862 Θελῆσαι
2766 2792 2866 2860 μὲν
2921 2791 3031 2861 γὰρ
3078 2787 3172 2842 τὸν
3224 2789 3358 2842 Θεὸν
3410 2789 3518 2841 ὑπο
3567 2786 3758 2849 ἐλέρυς»

2175 2884 2501 2954 κινούμενον
2543 2887 2609 2954 τῇ
2645 2885 2873 2954 δυνάμει
2924 2882 3232 2954 χρήσασθαι
3261 2880 3400 2949 ὑπὲρ
3444 2880 3555 2932 τῶν
3586 2878 3754 2931 αὑτὸν

2175 2976 2622 3046 ἐπικαλουμένων
2648 2977 2906 3038 ἐπιεικῶς
2929 2977 3078 3038 είκός
3101 2977 3268 3040 ἐστιν,
3287 2972 3464 3044 οἶμαι’
3487 2971 3754 3040 ἀτονῆσαι

2144 3053 2230 3118 ’δέ
2275 3082 2407 3118 ποτε
2469 3065 2776 3133 θελήσαντά
2829 3081 2884 3118 τι
2937 3064 3342 3136 διαπράξασθαι
3403 3063 3751 3116 παντάπασιν

501 3155 750 3219 voluerit,
771 3154 820 3206 in
846 3167 911 3207 eo
945 3149 1280 3218 perﬁciundo
1303 3147 1507 3202 viribus
1553 3156 1609 3199 ut
1639 3147 1984 3220 destituatur,
2012 3146 2068 3197 li-

2177 3157 2461 3211 ἁδύνατον.
2508 3158 2830 3228 Οὑδένιᾶρα
2882 3157 3131 3209 λείπεται
3173 3157 3287 3218 τοῖς
3338 3156 3398 3208 ἐν
3447 3155 3752 3226 ἁμαρτίαις

498 3248 578 3304 eri
611 3244 755 3300 nullo
783 3243 939 3298 modo
965 3247 1161 3310 potest.
1187 3236 1330 3292 Nihil
1356 3237 1516 3304 igitur
1551 3238 1617 3291 iis
1667 3237 1758 3302 qui
1791 3235 1996 3290 ha:rent
2021 3241 2073 3291 in

2179 3250 2313 3320 πρὸς
2336 3249 2396 3302 τὸ
2424 3248 2687 3319 σωθῆναι,
2715 3248 2750 3318 ἢ
2781 3249 2839 3300 τὺ
2865 3247 3093 3317 θελῆσαι
3120 3247 3358 3316 γνησίως
3387 3247 3748 3316 μετανοῆσαι.

502 3337 766 3411 peccatis,
792 3335 856 3388 ad
893 3335 995 3387 hoc
1025 3331 1199 3392 deest,
1228 3338 1285 3382 ut
1313 3323 1445 3383 s'alvi
1484 3327 1632 3392 fiant,
1663 3341 1825 3396 quam
1861 3337 1918 3381 ut
1951 3343 2075 3398 ger-

503 3443 722 3486 manam
739 3439 899 3496 agere
916 3421 1286 3494 pmnitentiam
1311 3421 1480 3476 velint
1505 3435 1520 3472 :
1547 3420 1748 3488 quippe
1767 3418 1856 3488 qui
1879 3417 2070 3474 Jonam

502 3539 531 3576 e
562 3528 752 3575 ventre
797 3514 984 3570 bellum
1011 3521 1174 3580 atque
1209 3509 1316 3563 imo
1342 3507 1507 3562 maris
1535 3507 1752 3573 eripuit,
1805 3505 1944 3560 idem
1977 3504 2075 3558 bos

502 3626 717 3684 quoque
748 3608 816 3664 de
860 3613 1050 3662 ventre
1080 3601 1251 3658 hostis
1305 3611 1359 3655 et
1399 3600 1505 3654 imo
1560 3597 1870 3653 vitiositatis
1906 3597 2073 3652 inludo

501 3703 786 3759 extrahere
826 3705 1019 3768 potest.
1078 3691 1238 3762 Atqui
1295 3686 1443 3746 Jonas
1490 3688 1830 3744 conservatio
1894 3688 2076 3756 prodi-

507 3798 653 3867 gium
684 3792 956 3864 quoddam
988 3793 1128 3851 erat,
1167 3799 1339 3856 neque
1364 3783 1676 3838 necessario
1699 3782 2074 3852 requirebatur

506 3902 564 3943 ut
605 3887 747 3942 Deus
803 3884 854 3937 id
896 3883 1136 3946 faceret;
1170 3892 1275 3932 non
1331 3877 1477 3932 enim
1525 3885 1675 3932 certe
1716 3874 2078 3942 ﬂagitabintns

505 3982 574 4035 nb
607 3995 693 4045 eo,
725 3988 1059 4047 quaecunque
1103 3979 1307 4042 potest.
1337 3969 1524 4024 eadem
1560 3978 1617 4023 ut
1669 3969 1852 4023 omnia
1892 3968 2075 4031 l‘aciat,

504 4087 690 4128 verum
721 4069 796 4122 uti
821 4062 1112 4136 prostratis
1141 4077 1172 4116 a
1222 4071 1462 4132 peccato,
1495 4062 1585 4130 qui
1635 4060 1829 4114 deinde
1879 4059 2078 4128 corrigi

502 4162 689 4225 velint,
725 4174 939 4213 manum
976 4158 1089 4225 ipse
1131 4153 1393 4223 porrigat,
1431 4153 1569 4208 haud
1623 4151 1782 4206 dubie
1831 4164 2088 4206 necessa-

505 4253 646 4305 rium
671 4258 774 4303 est.
801 4244 1207 4314 Quamobrem?
1228 4241 1490 4309 Quoniam
1520 4241 1784 4308 istnclpse
1809 4242 2076 4295 facturum

503 4359 562 4397 se
605 4338 874 4407 promisit,
919 4338 1045 4388 dntu
1082 4333 1147 4387 ad
1181 4333 1496 4399 petendum,
1533 4340 1585 4384 et
1618 4333 1990 4398 quaerendum,
2027 4339 2084 4384 et

506 4432 828 4503 pulsandum
863 4429 1108 4480 hortatur
1148 4424 1448 4477 universos.
1478 4420 1592 4475 Non
1611 4423 1749 4475 enim
1771 4432 1829 4476 ut
1861 4423 1948 4476 illa
1967 4424 2084 4492 qui-

2191 3342 2252 3395 ὐ
2279 3342 2459 3394 τοίνυν
2486 3341 2580 3394 καὶ
2607 3341 2700 3394 τὸν
2731 3341 2920 3394 Ἰωνᾶν
2951 3341 3118 3410 θηρὸς
3142 3339 3378 3410 γαστρὸς
3402 3339 3752 3409 ἀναρπάσας,

2176 3435 2271 3486 καὶ
2303 3433 2597 3487 θαλαττίου
2647 3432 2838 3504 βυθοῦ,
2870 3432 3096 3486 δύναται
3137 3433 3232 3485 καὶ
3265 3433 3551 3484 τουτουσὶν
3595 3432 3755 3484 ἀνελε-

2177 3521 2343 3575 κύσαι
2367 3522 2468 3591 τῆς
2491 3538 2550 3574 τε
2574 3521 2814 3590 γαστρὸς
2836 3520 2931 3573 τοῦ
2961 3519 3178 3590 ἐχθροῦ,
3199 3519 3292 3571 καὶ
3310 3517 3404 3572 τοῦ
3425 3518 3527 3586 τῆς
3551 3519 3752 3580 κακίας

2178 3612 2364 3683 βυθοῦ.
2399 3612 2592 3665 Καίτοι
2646 3610 2706 3664 τὸ
2744 3610 2840 3663 τοῦ
2880 3611 3038 3664 Ἰωνᾶ
3082 3609 3269 3678 θαῦμα
3304 3604 3394 3681 ἦν,
3424 3609 3520 3663 καὶ
3555 3609 3655 3663 οὐκ
3681 3605 3750 3676 ἧν

2179 3705 2392 3774 ἀνάγκη
2420 3703 2581 3757 τοῦτο
2613 3703 2860 3774 ποιῆσαι.
2893 3702 2968 3756 Οὐ
3008 3702 3118 3773 γάρ
3155 3703 3536 3772 άπαιτήσομεν
3566 3702 3748 3767 αὑτὸν,

2177 3797 2277 3851 ὅσα
2311 3795 2377 3866 δὴ
2419 3796 2514 3850 καὶ
2549 3795 2796 3860 δύναται,
2845 3794 3020 3848 ταῦτα
3065 3796 3242 3849 ποιεῖν
3285 3789 3522 3850 ἅπαντα.
3575 3795 3650 3848 Τὸ
3693 3795 3750 3847 δέ

2176 3889 2290 3952 τοῖς
2318 3887 2744 3958 καταϐληθεῖσιν
2771 3886 2875 3939 ὑπὸ
2903 3885 3005 3954 τῆς
3035 3887 3149 3955 ἁμα
3162 3887 3338 3957 ρτίας,
3373 3886 3563 3939 ἔπειτα
3595 3886 3753 3957 θελήο

2181 3997 2339 4034 σασιν
2370 3978 2843 4049 ἐπανορθωθῆναι,
2869 3981 3029 4050 χεῖρα
3060 3978 3276 4048 ὀρέγειν
3305 3979 3482 4049 σαφὴς
3510 3980 3746 4048 ἀνάγκη.

2183 4070 2339 4136 hac;
2370 4069 2497 4124 Ὀτι
2539 4068 2686 4123 τοῦτ’
2714 4070 2876 4132 αὐτὸς
2921 4070 3316 4139 ἐπηγγείλατο,
3360 4072 3419 4124 ἐν
3452 4067 3534 4134 οἷς
3580 4073 3750 4125 αἰτεῖν

2179 4173 2239 4214 τε
2267 4161 2360 4216 καὶ
2413 4161 2618 4231 ζητεῖν,
2645 4160 2739 4214 καὶ
2771 4159 2993 4232 κρούειν
3019 4162 3193 4214 άπασι
3225 4165 3500 4232 παραινεῖ.
3533 4163 3609 4216 Οὑ
3642 4163 3749 4232 γάρ

2179 4257 2244 4326 δὴ
2285 4256 2421 4327 πρὸς
2445 4256 2620 4311 ταῦτα
2653 4256 2751 4326 μέν
2783 4255 3197 4324 παρακέκληκε,
3229 4255 3290 4309 τὸ
3309 4256 3366 4308 δὲ
3401 4257 3509 4309 ἀπὸ
3545 4256 3749 4310 τούτων

2181 4345 2553 4416 ἐκϐησόμενον
2604 4349 2925 4417 σεσίγηκεν,
2961 4348 3016 4400 ἐν
3055 4347 3251 4415 άδηλίᾳ⁴
3284 4347 3410 4408 τοὺς
3452 4346 3751 4416 λογισμοὺς

2183 4436 2364 4504 ἀφείς·
2401 4436 2535 4488 άλλά
2567 4437 2661 4488 καὶ
2691 4437 2850 4490 τοῦτο
2877 4438 3009 4506 ἡμῖν
3045 4436 3238 4503 ἔδειξε,
3261 4437 3522 4508 προσθεὶς
3557 4441 3624 4509 τῇ
3654 4440 3749 4508 μὲν

501 4525 622 4577 dem
674 4521 932 4573 faciamus
985 4530 1083 4569 nos
1119 4514 1436 4567 adhortatus
1463 4521 1565 4576 est,
1596 4521 1651 4566 at
1681 4512 1807 4582 quid
1859 4513 1980 4567 inde
2009 4513 2073 4568 sil

2185 4527 2402 4596 αἰτήσει
2441 4527 2539 4596 τὴν
2571 4526 2740 4592 δόσιν,
2769 4531 2835 4600 τῇ
2867 4529 2924 4582 δὲ
2970 4528 3197 4599 ζητήσει
3246 4521 3350 4598 τὴν
3378 4529 3623 4598 εὕρεσιν⁹
3657 4531 3750 4582 καὶ

499 4622 815 4669 eventurum
852 4609 1037 4669 tat'ttil,
1073 4605 1486 4672 cogitationibus
1512 4605 1710 4659 nostris
1746 4605 1797 4660 in
1831 4605 2082 4674 ambiguo

503 4688 726 4768 relictis,
759 4703 850 4757 sed
882 4699 1005 4754 illud
1030 4699 1205 4768 ipsum
1238 4711 1452 4766 quoque
1483 4696 1638 4752 nobis
1667 4697 1925 4760 ostendit,
1956 4710 2079 4749 cum

502 4797 742 4869 petitioni
774 4793 958 4864 adjicit
993 4791 1444 4860 impetrationem,
1479 4789 1778 4858 qutesitioni
1809 4789 2080 4843 inventio-

425 4895 438 4908 "
503 4905 646 4952 nem,
679 4887 928 4959 quodque
981 4882 1126 4938 fores
1181 4881 1486 4951 aperienda:
1511 4889 1622 4934 smt
1655 4879 1722 4934 ad
1753 4879 1962 4934 illorum
1983 4879 2074 4948 qui

499 4982 714 5049 pulsant
744 4980 904 5034 ictus.
928 4979 1114 5046 Itaque
1144 4973 1476 5044 promissum
1513 4973 1615 5027 hoc
1647 4973 1820 5041 gratia
1844 4981 1946 5036 est,
1981 4987 2078 5028 cu-

497 5074 587 5142 jus
616 5072 814 5126 certior
837 5069 1130 5138 persolutio
1165 5081 1326 5135 quam
1378 5065 1617 5120 omnium
1653 5065 1793 5118 inter
1833 5065 2076 5118 homines

449 5186 459 5236 ξ
501 5165 830 5219 debitorum.
861 5161 992 5214 Nam
1015 5175 1111 5214 nos
1138 5174 1268 5213 sane
1319 5159 1460 5228 quod
1485 5157 1698 5221 attinet,
1751 5156 1840 5227 qui
1894 5156 2076 5210 multis

501 5255 642 5310 θαίκὶ
673 5268 857 5309 sumus
888 5253 1053 5314 vitiis.
1087 5267 1149 5306 ac
1188 5266 1292 5306 non
1356 5266 1478 5304 raro
1524 5249 1741 5318 quidem
1805 5248 2076 5317 resipisci-

503 5361 647 5411 mus,
696 5357 883 5398 verum
929 5341 1247 5410 plerumque
1283 5341 1482 5410 justam
1535 5341 1601 5394 ad
1655 5339 2072 5409 persolutionem

502 5437 665 5490 nimis
700 5434 995 5490 imbecilles
1029 5447 1238 5495 sumus,
1284 5441 1709 5486 consentaneum
1768 5438 1872 5496 est,
1897 5441 2073 5498 neque

499 5527 755 5596 gratiam,
813 5539 986 5595 neque
1034 5523 1276 5578 debitum
1328 5521 1555 5588 exsolvi,
1585 5521 1805 5594 quando
1871 5519 2067 5574 malum

501 5625 606 5674 hoc
664 5619 828 5673 etiam
891 5617 1118 5672 accedit.
1202 5615 1411 5686 Quippe
1485 5631 1610 5670 cum
1684 5629 2068 5684 nonnunquam

502 5711 556 5764 id
634 5718 894 5780 praestare
973 5722 1256 5780 possemus
1307 5707 1450 5774 qnod
1525 5706 1772 5774 decebat,
1853 5717 2073 5778 presta-

502 5814 564 5858 re
592 5816 696 5856 non
725 5801 992 5858 volumus.
1043 5801 1110 5854 At
1141 5799 1242 5854 ista
1277 5798 1453 5854 locum
1487 5797 1539 5855 in
1563 5797 1670 5855 Deo
1702 5813 1807 5854 non
1833 5800 2065 5855 habent:

2183 4613 2243 4665 τὸ
2274 4613 2370 4676 τάς
2402 4613 2574 4682 θύρας
2598 4615 2988 4684 άνοιγήσεσθαι
3019 4613 3234 4685 μέλλειν
3251 4619 3364 4678 τοῖς
3384 4616 3495 4668 τῶν
3521 4621 3747 4670 κοπτόν-

2183 4722 2289 4757 των
2321 4704 2618 4773 κροὺμασι.
2649 4705 2826 4773 Χάρις
2861 4705 2961 4774 μὲν
2992 4701 3087 4758 οὖν
3135 4705 3196 4758 τὸ
3223 4707 3572 4776 ἐπάγγελμα,
3611 4709 3743 4761 πάν-

2180 4813 2290 4850 των
2315 4794 2370 4848 δέ
2405 4797 2514 4849 τῶν
2547 4796 2606 4849 ἐν
2638 4795 2944 4866 ἀνθρώποις
2975 4797 3308 4866 ὀφλημάτων
3339 4799 3745 4867 ἀσφαλεστέραν

2179 4885 2277 4964 τὴν
2311 4885 2570 4939 ἀπόδοσιν
2597 4886 2735 4956 ἔχει.
2778 4887 2892 4955 Ἐφ’
2924 4887 3080 4957 ἡμῶν
3105 4886 3213 4957 ’μὲν
3243 4887 3352 4957 γάρ
3383 4889 3494 4941 τῶν
3539 4906 3743 4958 προση-

2178 4977 2438 5046 λωμένων
2471 4977 2686 5042 πολλοῖς
2723 4978 2944 5044 πάθεσι,
2985 4980 3081 5032 καὶ
3135 4979 3603 5048 μεταμελομένων
3651 4980 3745 5048 μὲν

2178 5069 2280 5120 οὐκ
2311 5067 2580 5135 ὀλιγάκις,
2611 5069 2751 5141 πρὸς
2779 5069 2835 5122 δὲ
2861 5071 3078 5124 δικαίαν
3105 5072 3310 5124 ἔκτισιν
3342 5072 3744 5126 άδυνατούντων

2179 5159 2462 5224 πολλάκις.
2489 5160 2636 5224 είκός
2663 5163 2775 5214 ἐστι
2803 5165 2898 5216 καὶ
2931 5151 3092 5233 χάριν
3123 5165 3217 5217 καὶ
3246 5163 3469 5233 ὄφλημα
3503 5163 3578 5235 μὴ
3612 5166 3744 5218 ἀπο-

2176 5250 2420 5320 δοθῆναι.
2467 5251 2622 5305 Ἐπεὶ
2652 5256 2745 5306 καὶ
2774 5254 2935 5308 τοῦτο
2966 5254 3218 5322 γίγνεται
3255 5256 3315 5308 τὸ
3342 5253 3540 5309 δεινόν.
3574 5255 3743 5310 Δυνά-

2179 5358 2332 5412 μενοι
2367 5344 2478 5414 γάρ
2503 5343 2651 5398 ἐστιν
2681 5345 2770 5399 ὅτε
2799 5346 2857 5399 τὸ
2887 5349 3098 5418 πρέπον
3136 5347 3492 5418 ἐργάσασθαι,
3531 5348 3594 5402 οὐ
3627 5347 3745 5418 βου-

2174 5431 2404 5503 λόμεθα.
2442 5434 2563 5487 Ἐπὶ
2609 5433 2668 5487 δέ
2708 5434 2844 5488 Θεοῦ
2879 5436 2947 5489 τά
2974 5435 3201 5492 τοιαῦτα
3243 5435 3428 5509 χώραν
3457 5437 3562 5490 οὐκ
3603 5436 3734 5506 ἔχει.

2147 5525 2351 5600 ,Ὅπου
2393 5525 2501 5596 γάρ
2529 5525 2664 5591 Θεὸς
2700 5528 2729 5580 ό
2763 5528 3262 5596 ἐπαγγελλόμενος,
3301 5528 3403 5582 οὐκ
3440 5527 3567 5582 ἐσθ’
3593 5528 3737 5588 ὅπως

2171 5617 2274 5670 οὐκ
2306 5617 2602 5681 ἐκτελέσει,
2624 5619 2720 5672 ναὶ
2748 5618 2825 5688 δῷ
2851 5621 2971 5682 ταῖς
2998 5620 3326 5691 ὑποσχέσεσι
3355 5617 3510 5682 τέλος
3541 5617 3729 5687 [σχεινο

2174 5709 2305 5764 ὥστ’
2361 5710 2538 5770 οὐδεὶς
2581 5711 2638 5764 ἐν
2669 5710 3005 5778 ἀπογνώσει,
3044 5714 3092 5765 εί
3139 5710 3216 5782 μὴ
3263 5711 3293 5764 ὀ
3335 5708 3739 5778 ἀπογινώσκειν

2174 5800 2412 5874 νομίζων
2461 5801 2608 5867 ἄξιος
2657 5798 2819 5857 εἶναι.
2855 5801 3054 5874 Μηδεὶς
3102 5799 3195 5859 οὖν
3238 5805 3411 5858 ταῦτα
3454 5799 3738 5872 γινώσκων
