3990 6602
228 474 251 479 ι
358 344 470 459 ιον

1766 387 2049 467 ORATIO
2081 405 2182 471 VI.

3495 406 3602 472 498

352 515 462 573 ,καὶ
489 512 647 577 αὖθις
671 516 792 579 ταῖς
817 516 1011 583 αὐταῖς
1046 519 1268 592 ἀρεταῖς
1300 528 1438 596 φανῇ
1474 527 1834 597 κεχρημένος,
1865 527 1921 579 αί

2029 523 2137 578 imo
2181 539 2245 578 ne
2274 522 2488 593 quidem
2523 524 2767 579 sentiunt
2788 524 2903 580 haec
2931 524 3033 579 sibi
3063 524 3329 579 accidere.
3377 522 3472 579 Sin
3506 525 3603 578 ali-

364 606 467 677 μὲν
494 608 687 677 ἀρεταὶ
712 609 772 663 ἐν
800 610 964 683 λήθῃο
1000 615 1182 684 ψῆφος
1223 618 1281 670 δέ
1308 635 1393 682 τις
1428 618 1550 674 κατ’
1579 618 1761 673 αὐτῶν
1791 620 1921 690 μετᾶ

2031 628 2096 667 us
2149 614 2416 683 quispiam
2467 616 2520 670 in
2553 616 2743 671 eadem
2775 616 3030 671 inciderit
3075 610 3224 682 vitia,
3277 624 3330 671 et
3361 615 3602 670 vicissim

357 700 715 769 σκωμμάτων
749 703 1120 776 ἐξενήνεκται.
1170 710 1278 764 Καί
1318 728 1421 777 τοι,
1470 711 1524 766 τί
1570 712 1743 768 πολλά
1783 732 1928 784 φημι

352 792 540 861 «alin;
575 793 643 847 ἂν
687 796 796 866 γὰρ
826 798 1058 871 ἐλεγχθῇ
1103 820 1187 865 τις
1229 804 1501 860 δουλεύων
1545 807 1627 861 évi.
1657 807 1736 877 τῷ
1763 808 1926 863 πάθει

351 882 448 935 καὶ
480 885 652 953 μόνῳ,
675 889 773 941 καὶ
811 889 986 963 τούτῳ
1025 909 1088 960 γε
1133 892 1244 947 τῶν
1280 898 1629 967 κουφοτέρων
1667 894 1808 953 εἶναι
1841 899 1927 955 δο-

352 971 621 1041 κούντων,
656 977 820 1043 εὐθὺς
858 981 1067 1050 ἀκήκοε
1096 985 1229 1055 παρ’
1257 986 1459 1055 αὐτῶν,
1489 988 1552 1043 '0
1590 989 1857 1061 σχέτλιος.
1895 993 1924 1044 ὸ

344 1063 544 1130 τάλας,
573 1067 742 1122 πολλὰ
769 1070 961 1143 ἔτερα.
995 1076 1106 1129 Καὶ
1126 1069 1171 1129 ὦ
1203 1079 1290 1144 σὺ,
1321 1080 1503 1144 ποίαις
1533 1080 1823 1138 κολάσεσιν
1848 1083 1923 1137 ὢν

343 1155 677 1224 ὑπεύθυνος,
720 1161 782 1215 οὐ
832 1169 1252 1232 καταποντίζεις
1306 1173 1565 1241 σεαυτόνς
1618 1174 1695 1229 Οὐ
1742 1174 1923 1229 τοίνυν

336 1246 805 1338 απαλλαττοπαι,
836 1256 943 1326 πρὸ
958 1258 1052 1312 τοῦ
1074 1260 1168 1314 τδν
1199 1261 1486 1331 ἄνθρωπον
1511 1266 1682 1331 δεῖξαι
1712 1267 1923 1338 μυρίων

335 1332 476 1392 ὄντα
498 1341 779 1398 κολάσεων
801 1346 970 1414 ἄξιον,
995 1353 1257 1424 ῥητορεία
1283 1354 1574 1429 θαυμαστῇ
1600 1332 1740 1427 πρὸς
1764 1332 1921 1413 τοῦτο

333 1429 647 1501 χρώμενοι.
675 1438 796 1491 Εἴτε
830 1441 938 1511 γὰρ
969 1442 1164 1497 νωθεία
1198 1446 1285 1511 τίς
1322 1449 1440 1501 ἐστι
1468 1449 1529 1502 τδ
1557 1450 1918 1523 διαδαλλόμε-

330 1538 451 1589 νον,
484 1526 588 1579 εἰτ’
616 1527 878 1600 ὀλιγωρία
905 1534 1042 1603 πρὸς
1074 1536 1339 1605 τάγαθὸν,
1369 1539 1402 1609 ἡ
1437 1542 1466 1593 δ
1490 1542 1542 1596 τί
1571 1559 1678 1612 περ
1710 1540 1777 1598 ἂν
1812 1544 1920 1597 τῶν

331 1611 605 1670 ὁπωσοῦν
665 1621 724 1672 οὐ
766 1622 968 1690 καλῶν,
1000 1628 1317 1697 ἐξαίρουσιν
1356 1632 1488 1687 αὐτὸ
1526 1611 1917 1705 μεθ’ίύπερϐο-

326 1706 463 1774 λῆςο
497 1708 600 1772 τὰς
648 1712 696 1764 δ’
723 1715 1139 1787 ἐνυπαρχούσας
1186 1722 1337 1794 αὐτῷ
1385 1725 1607 1793 ἀρετᾶς,
1661 1730 1767 1783 κᾶν
1809 1731 1918 1784 τῶν

332 1800 490 1868 ἄγαν
520 1803 922 1909 δυσπορίστων,
942 1813 1035 1863 καὶ
1057 1814 1524 1887 δυσκατορθὼτων
1547 1814 1681 1875 ὦσιν
1709 1821 1917 1892 ἀνθρώ·
1950 1854 1991 1909 Β

332 1910 488 1985 ποις.
514 1900 916 1985 νενοθευμένας
951 1906 1062 1958 οἶδε
1088 1906 1317 1963 καλοῦσι
1344 1910 1433 1965 διὰ
1463 1913 1565 1983 τὴν
1590 1914 1689 1985 τῆς
1722 1915 1921 1980 κακίας

330 1978 645 2077 ἐπιμιξίαν.
673 1983 809 2040 Εἶτα
826 1992 938 2055 πῶς
958 1993 1166 2060 ἐκεῖνος
1182 1998 1280 2065 μὲν
1298 1978 1529 2065 κακὸς,δ
1540 1978 1920 2077 ἀμεέιρρεπὴςι

335 2073 408 2169 σῖ»
432 2074 700 2169 δ’ἐκείνιρ
732 2083 907 2137 πάντα
945 2085 1021 2138 ὢν
1043 2090 1137 2141 καὶ
1171 2091 1272 2158 τὴν
1298 2093 1517 2162 ἀρετὴν,
1536 2098 1629 2150 καὶ
1756 2073 1919 2169 πονή-

337 2166 469 2261 ρίαν
488 2168 804 2243 ἐφάμιλλος,
821 2175 1091 2244 βέλτιστος
1113 2180 1178 2235 ἂν
1194 2182 1332 2253 εῖῆς,
1354 2186 1447 2239 καὶ
1463 2186 1664 2255 ἀγαθός
1682 2166 1707 2254 ;V
1724 2190 1795 2246 Ἦ
1814 2166 1922 2261 γάρ

224 2346 231 2351 η
337 2259 599 2351 κακεῖνος
623 2264 852 2333 ἀγαθὸς,
869 2268 1055 2338 ὅμοιός
1079 2289 1185 2326 σοι’
1208 2274 1242 2344 ἢ
1266 2277 1362 2330 καὶ
1385 2277 1449 2330 σὺ
1481 2279 1701 2344 πάντως
1725 2259 1917 2349 κακὸς,

340 2347 460 2412 ἴσος
477 2349 554 2405 ὢν
582 2354 777 2426 ἐκείνῳ
796 2357 874 2427 τῷ
901 2362 1054 2431 παρὰ
1086 2364 1170 2417 σοὶ
1203 2367 1504 2439 καταδίκῳ.
1523 2372 1631 2424 Καὶ
1656 2375 1785 2442 μὴν,
1817 2347 1922 2427 κάν

339 2441 522 2513 τούτῳ
551 2446 899 2516 πλεονεκτεῖς
928 2454 1009 2517 είς
1032 2458 1091 2508 τὸ
1118 2460 1378 2530 πονηρὸν,
1402 2462 1486 2515 ὅτι
1524 2465 1704 2530 μισεῖς
1724 2441 1789 2518 οὐ
1826 2484 1918 2533 μισ

340 2534 626 2627 σούμενος,
644 2541 738 2593 καὶ⁸
759 2546 1107 2614 κατακρίνεις
1126 2549 1390 2618 ἐκείνους,
1412 2549 1592 2621 ὐφ’ὧν
1608 2556 1670 2608 οὐ
1693 2556 1918 2627 πάσχεις

340 2624 505 2688 αὐτὸς
527 2628 593 2680 τὰ
623 2629 737 2685 ἴσα.
758 2630 914 2699 Ἀλλ’,
937 2635 1012 2698 ὡς
1045 2636 1243 2706 ἔοικεν,
1268 2642 1659 2712 εὐχερέστερον
1687 2624 1919 2716 mihi.

338 2717 487 2813 κακὰ
524 2721 851 2813 ρέπομεν,ἧ
899 2727 1035 2796 πρὸς
1086 2730 1350 2813 τὰναγτία
1408 2735 1644 2799 τούτοις.
1690 2738 1770 2791 Τὰ
1814 2739 1918 2806 μὲν

339 2806 450 2877 γὰρ
481 2808 591 2901 τῶν
646 2811 822 2901 ἄλλων
864 2815 1030 2882 ὀξέως
1070 2806 1497 2901 δρῶμεν’-πρδς
1524 2824 1582 2878 δὲ
1612 2826 1684 2879 τὰ
1739 2830 1920 2884 οἰκεῖα

339 2902 487 2954 κακὰ
521 2900 644 2954 οὔτε
675 2896 952 2977 ὀφθαλμὸν
977 2909 1195 2980 ἔχομεν,
1229 2913 1354 2967 οὔτε
1384 2896 1497 2980 οὖς.
1528 2917 1654 2971 οὔτε
1678 2920 1881 2986 γνῶσιν
1901 2936 1915 2951 ⁶

340 2990 465 3045 οὔτε
502 2995 610 3063 μὴν
647 2996 905 3067 ἐθέλομεν
952 3002 1117 3073 ἔχειν.
1152 3000 1226 3059 Οὐ
1271 3008 1379 3079 μὴν
1408 3009 1543 3064 ἀλλὰ
1586 3012 1680 3065 καὶ
1726 3012 1916 3086 ἕτερον

342 3085 489 3139 ἐστιν
542 3086 778 3163 ίδεῖννέν
826 3093 960 3163 ἡμῖν
1008 3096 1313 3167 γινόμενον,
1361 3100 1513 3155 οὐδὲν
1568 3102 1794 3172 ἄμεινον
1822 3106 1915 3160 τοῦ

343 3179 637 3250 προτέρου,
672 3184 719 3237 εί
754 3183 828 3255 μὴ
864 3185 960 3239 καὶ
990 3187 1169 3259 πολλῷ
1203 3192 1406 3262 χεῖρον,
1428 3192 1511 3246 Τὰ
1543 3195 1644 3261 μὲν
1671 3197 1781 3266 γὰρ
1808 3197 1916 3248 τῶν
1946 3177 1991 3238 (ἶ

341 3270 517 3325 ἄλλων
546 3274 1005 3349 πλεονεκτήματα
1032 3280 1107 3345 ὡς
1138 3283 1556 3338 ἐπιτοπλεῖστον
1589 3286 1712 3342 οὐδὲ
1749 3289 1919 3357 γινὼ-

344 3368 570 3433 σκὸμεν.
614 3368 792 3421 Πολλὰ
842 3370 908 3437 δ’,
942 3363 1015 3426 ὧν
1055 3374 1477 3446 ἀφεστήκαμεν,
1504 3379 1613 3450 ὅσῳ
1662 3382 1756 3434 καὶ
1808 3381 1920 3434 τῶν

350 3450 694 3522 Ἡρακλείων
729 3460 941 3531 στηλῶν
982 3463 1052 3515 τὰ
1088 3464 1421 3536 ὑπερδόρεια
1459 3469 1625 3538 μέρη,
1662 3452 1796 3540 ἡμῖν
1826 3472 1918 3524 αο-

341 3547 451 3608 τοῖς
481 3549 815 3619 ἁνατίϐεμεν
838 3565 853 3581 ⁸
901 3555 996 3607 καὶ
1045 3555 1142 3627 τὴν
1192 3558 1366 3629 ὀφρὺν
1394 3559 1471 3623 ὡς
1502 3560 1741 3627 μάλιστα
1782 3562 1915 3617 ἀνα-

344 3640 619 3705 σπῶντες,
687 3647 912 3714 κρατεῖν
967 3647 1232 3717 δοκοῦμεν
1285 3652 1380 3704 καὶ
1435 3637 1555 3705 οὖδὲ
1611 3655 1747 3722 μετὰ
1809 3653 1919 3708 τῶν

343 3733 648 3803 ἀνθρώπων
709 3733 851 3791 εἶναι
898 3726 1216 3811 νομίζομεν,
1258 3743 1378 3796 ἀλλ’
1408 3747 1464 3797 ἐν
1518 3745 1751 3815 οὐρανοῦ
1812 3763 1916 3800 τινι

347 3823 549 3896 μοίρίᾳ’
586 3827 679 3879 καὶ
721 3828 842 3898 ὃνδῆ
872 3832 1151 3901 χείριστον
1198 3834 1443 3897 πάντων,
1485 3835 1670 3904 ἀὐτὴν
1718 3836 1781 3907 δὴ
1819 3835 1919 3906 τὴν

343 3918 674 3989 κικίαν,τὴν
695 3920 751 3973 ἐν
782 3923 934 3990 ἡμῖν,
958 3923 1097 3993 ὑπὲρ
1120 3925 1218 3987 τὰς
1251 3924 1359 3978 τῶν
1389 3924 1566 3979 ίλλων
1588 3925 1719 3989 ἴσως
1744 3927 1920 4000 ὑπάρ-

294 4048 319 4060 -
342 4026 565 4077 χουσαν,
600 4010 804 4083 ἀρετὴν
835 4016 1349 4085 προσαγορεύομεν·
1392 4015 1487 4077 καί
1518 4032 1621 4069 που
1662 4018 1757 4073 καὶ
1801 4033 1920 4071 πει-

344 4097 569 4168 ρώμεθα
587 4100 792 4171 ταύτην
827 4102 969 4173 ὑπὲρ
999 4102 1094 4169 τὰς
1128 4106 1235 4158 τῶν
1268 4105 1483 4161 πάντων
1510 4107 1915 4164 ἀποδεικνύναι.

345 4190 417 4241 Οὐ
456 4194 563 4262 μήν
606 4210 670 4259 γε
709 4194 871 4265 μέχρι
906 4196 1100 4250 τούτου
1136 4197 1428 4267 ίστὰμεθα,
1462 4199 1596 4257 ἀλλὰ
1644 4199 1739 4254 καὶ
1782 4201 1916 4271 φοο-

344 4279 544 4350 νοῦμεν
589 4284 703 4346 τοῖς
742 4285 970 4352 ἀγαυοῖς
996 4288 1246 4358 ἀνδράσι,
1279 4291 1372 4343 καὶ
1411 4290 1511 4354 τὰς
1537 4291 1761 4347 ἐκείνων
1785 4295 1918 4365 ἁρε-

343 4370 439 4433 τὰς
471 4372 668 4437 κακίας
696 4375 1108 4448 ἀποκαλοῦμεν.
1133 4381 1400 4450 Πρόσεστι
1430 4382 1486 4436 δέ
1524 4399 1573 4435 τι
1607 4384 1700 4437 καὶ
1730 4384 1913 4453 βδελυ·

343 4464 577 4541 κτὸν,τδ
641 4467 774 4536 μηδέ
828 4469 1110 4540 ἐρυθριᾷν,
1160 4470 1294 4524 «illi
1350 4471 1443 4525 καὶ
1493 4471 1719 4543 ἀναίδην
1775 4471 1919 4526 οὕτω

343 4559 563 4627 χωρεῖν,
612 4559 697 4629 ἐφ’
726 4556 806 4621 οἷς
838 4562 1006 4632 ἐχρῆν
1055 4562 1518 4631 ἐγκαλύπτεσθαι,
1551 4563 1740 4635 ὥσπερ
1768 4563 1834 4618 ἂν
1867 4565 1921 4617 εί

343 4660 424 4707 τις
474 4645 613 4715 ἀνὴρ
670 4648 838 4702 ποιῶν
894 4650 1079 4704 ἐκεῖνα
1144 4652 1603 4725 παῤῥησιάζοιτο,
1646 4652 1712 4706 δι’
1743 4648 1819 4709 ὧν
1852 4655 1919 4709 ἂν

345 4735 537 4805 ἔμελλε
560 4740 1081 4810 στεφανωθήσεσοαι
1101 4759 1115 4775 ο
1149 4748 1242 4800 καὶ
1264 4747 1526 4816 ἐοίκαμεν
1555 4750 1741 4816 σοφοῖς
1764 4752 1845 4813 είς
1860 4751 1920 4805 τὸ

343 4830 697 4897 κατακρίνειν
725 4830 853 4893 τοὺς
881 4831 1075 4898 ἄλλους
1102 4850 1114 4864 ·
1156 4837 1225 4888 τὰ
1279 4835 1336 4889 δὲ
1372 4837 1495 4891 καθ’
1528 4837 1690 4909 ἡμῶν
1739 4840 1920 4894 αὐτῶν
1954 4824 1958 4829 ’

346 4920 626 4990 ἐπιμελῶς
657 4924 1012 4994 πράττοντες,
1050 4927 1306 4999 οὐδαμῶς
1334 4930 1742 5001 αίσθανόμεθαο
1777 4931 1838 4986 οὗ
1868 4935 1920 4987 τί

346 5012 464 5063 ποτ’
493 5012 560 5066 ἂν
588 5017 771 5084 χεῖρον
804 5019 1001 5087 φανείη
1022 5019 1221 5083 ;”Ὀπου
1241 5022 1348 5093 γὰρ
1382 5022 1705 5093 ἀσύμφορόν
1730 5041 1790 5076 τε
1826 5026 1920 5077 καὶ

346 5101 609 5173 βλαϐερὸν
632 5109 688 5159 ἐν
718 5110 819 5174 ίσῳ
854 5112 922 5165 τὰ
948 5112 1108 5183 ἡμῶν
1141 5115 1345 5177 αὐτῶν,
1384 5118 1481 5170 καὶ
1514 5117 1582 5170 τὰ
1610 5118 1719 5170 τῶν
1743 5118 1919 5172 ἄλλων

344 5192 721 5264 ἁμαρτήματα
756 5199 964 5270 κρίνειν
983 5204 1179 5269 (οὐδεὶς
1196 5206 1303 5277 γὰρ
1327 5203 1437 5263 οἶδε
1460 5207 1529 5260 τὰ
1570 5207 1665 5261 τοῦ
1697 5207 1885 5279 ἐτέρου
1903 5227 1917 5244 ’

343 5286 459 5348 καὶ,
499 5283 762 5354 ἕκαστος
806 5290 868 5342 τὸ
919 5290 1075 5345 ἴδιον
1100 5298 1350 5363 φορτίον
1394 5298 1749 5367 βαστάσει),
1792 5300 1921 5353 ὅταν

343 5375 456 5438 τοῖς
477 5377 572 5445 μὲν
594 5378 772 5442 ἄλλοις
804 5379 1018 5452 βαρέως
1042 5385 1416 5457 ἐπικεὼμεθα,
1440 5389 1539 5442 καὶ
1567 5383 1719 5458 ὦμεν
1742 5390 1922 5461 ἀτταρς

343 5466 561 5536 αίτητοι
609 5469 870 5526 δικασταὶ
916 5475 1091 5545 μικρὰ
1154 5477 1249 5531 τοῦ
1295 5480 1622 5549 γιγνομένου
1658 5480 1921 5548 παρεξελ-

347 5557 524 5624 θοῦσι,
556 5562 623 5615 τὰ
654 5564 699 5615 δ’
726 5564 975 5635 ἡμέτερα
1006 5570 1171 5634 κακὰ,
1195 5569 1315 5622 οὐδὲ
1342 5572 1557 5641 φορητὰ
1577 5573 1738 5643 τυχὸν
1765 5574 1914 5641 ὄντα,

348 5656 901 5727 μετεγκεντρίζωμεν
954 5661 1034 5721 είς
1087 5660 1580 5734 πλεονεκτήματα,
1643 5664 1759 5729 πῶς
1822 5667 1918 5737 οὐχ

2031 702 2321 761 virtutibus
2377 706 2569 762 iisdem
2603 716 2774 764 semet
2806 704 3135 772 exercuerit,
3188 707 3317 774 ipsae
3371 710 3603 764 virtutes

2029 795 2287 852 oblivioni
2313 798 2620 864 traduntur,
2644 809 2699 854 et
2742 800 3002 855 adversus
3028 813 3120 854 eos
3144 798 3416 854 sententia
3445 797 3602 866 plena

2027 885 2236 941 cavillis
2261 885 2558 956 profertur.
2588 887 2651 942 Et
2672 890 2799 955 quid
2823 903 2922 958 ego
2945 888 3098 956 plura
3123 888 3246 943 dico
3269 887 3429 942 vitia?
3461 886 3603 940 Nam

2028 974 2071 1032 si
2095 977 2216 1046 quis
2244 979 2527 1035 convictus
2584 979 2747 1033 fuerit
2799 980 2890 1035 uni
2968 984 3343 1037 tantummodo
3396 982 3605 1037 servire

2027 1069 2185 1133 vitio,
2222 1070 2473 1140 quodque
2527 1070 2699 1126 levius
2749 1070 2913 1136 etiam
2944 1085 3067 1128 esse
3113 1072 3383 1134 videatur.
3419 1072 3602 1126 statim

2026 1160 2094 1214 ab
2125 1161 2231 1217 illis
2255 1163 2426 1228 audit,
2454 1161 2616 1218 Miser
2649 1163 2759 1227 ille,
2797 1162 2984 1221 infelix
3038 1163 3148 1227 ille.
3182 1162 3405 1234 aliaque
3442 1162 3603 1234 plura

2024 1251 2186 1319 talia;
2219 1253 2369 1317 item.
2397 1251 2442 1309 0
2476 1264 2553 1320 tu,
2601 1253 2843 1323 qualium
2880 1270 3006 1310 reus
3039 1255 3435 1325 suppliciorum
3494 1271 3601 1310 non

2020 1344 2253 1414 teipsum
2288 1345 2597 1415 domergis?
2620 1345 2805 1417 itaque
2830 1362 2939 1402 non
2966 1348 3218 1404 desinunt
3252 1348 3404 1416 prius
3434 1362 3597 1416 quam

2023 1437 2387 1504 ostenderint,
2439 1440 2713 1495 hominem
2747 1448 3000 1497 sexcenta
3029 1441 3280 1495 meritum
3312 1440 3601 1509 supplicia.

2023 1527 2197 1593 Quam
2225 1535 2291 1586 ad
2323 1545 2436 1586 rem
2466 1531 2771 1587 admirabili
2805 1532 3062 1588 facundia
3085 1530 3321 1600 quadam
3349 1540 3598 1589 utuntur;

2023 1636 2145 1675 nam
2180 1624 2296 1678 sive
2327 1622 2541 1693 ignavia
2564 1634 2647 1679 est
2675 1640 2797 1694 qua:
2828 1624 3044 1680 crimini
3072 1623 3249 1688 datur,
3276 1622 3391 1678 sive
3417 1623 3600 1693 segni.

2022 1715 2123 1770 ties
2148 1716 2214 1769 ad
2244 1715 2471 1779 bonum,
2517 1718 2596 1772 vel
2625 1717 2840 1787 quidvis
2889 1717 3033 1772 aliud
3076 1730 3400 1788 quocunque
3441 1719 3600 1771 modo

2022 1822 2131 1862 non
2160 1806 2383 1874 bonum,
2424 1809 2651 1864 nimium
2680 1817 2941 1880 quantum
2990 1824 3103 1864 rem
3137 1809 3283 1863 illam
3332 1809 3601 1863 extollunt

2024 1907 2079 1955 et
2097 1899 2466 1968 ampliﬁcant;
2510 1915 2630 1969 quae
2673 1914 2802 1955 vero
2825 1910 2951 1956 sunt
2974 1901 3026 1955 in
3052 1900 3132 1953 eis
3155 1898 3405 1963 virtutes,
3435 1915 3599 1970 quam

2027 1990 2108 2043 vis
2127 1989 2418 2046 admodum
2448 1991 2558 2045 sint
2593 1991 2860 2061 acquisitn
2895 1990 3158 2055 difﬁciles,
3192 1990 3444 2061 quamvis
3504 2003 3598 2045 eas

2026 2082 2275 2138 homines
2302 2084 2516 2153 assequi
2547 2082 2630 2136 vix
2652 2086 2882 2151 possint,
2936 2091 3117 2138 tamen
3166 2081 3384 2138 vitiatas
3412 2081 3469 2136 hi
3502 2096 3599 2136 vo-

2023 2184 2163 2230 cant.
2200 2184 2421 2245 propter
2467 2174 2785 2230 vitiositatis
2814 2175 3213 2231 admistionem.
3238 2172 3306 2229 Et
3363 2187 3598 2244 quonam

2024 2267 2112 2322 ille
2142 2277 2297 2335 pacto
2349 2267 2526 2322 malus
2575 2277 2680 2333 est,
2731 2268 2787 2322 in
2834 2280 3129 2338 utramque
3182 2265 3337 2337 quasi
3390 2274 3598 2336 partem

2022 2358 2395 2427 propendens:
2430 2367 2509 2422 tu,
2538 2359 2631 2428 qui
2656 2359 2704 2413 ei
2736 2372 2834 2428 per
2864 2359 3043 2414 omnia
3075 2374 3172 2428 par
3198 2373 3278 2423 es,
3322 2357 3437 2413 sive
3486 2374 3601 2412 vir-

2024 2458 2215 2519 tutem,
2245 2450 2359 2505 sive
2392 2450 2711 2520 pravitatem
2744 2460 3070 2517 spectemus,
3105 2452 3356 2520 egregius
3408 2450 3484 2504 sis
3517 2458 3600 2503 at-

2021 2557 2128 2614 que
2173 2542 2385 2599 bonus?
2429 2542 2537 2596 Aut
2569 2541 2711 2595 enim
2745 2548 2798 2595 et
2832 2541 2950 2611 ipse
2981 2541 3176 2605 bonus,
3219 2541 3309 2610 qui
3338 2540 3413 2595 tui
3446 2541 3600 2595 simi-

2021 2634 2110 2699 lis,
2157 2643 2252 2689 aut
2306 2643 2360 2687 tu
2411 2645 2625 2703 quoque
2671 2631 2846 2687 maius
2890 2631 3207 2687 omnimodo
3249 2631 3343 2701 qui
3400 2632 3497 2687 abs
3545 2642 3598 2685 te

2021 2726 2378 2781 condemnato
2402 2739 2500 2793 par
2522 2740 2603 2780 es.
2634 2723 2777 2790 Quin
2806 2724 2969 2779 etiam
2998 2725 3049 2778 in
3079 2727 3177 2777 hac
3201 2735 3351 2794 parte
3374 2739 3596 2794 superas

2020 2819 2168 2873 illum
2193 2817 2419 2873 alterum
2440 2818 2727 2887 pravitate.
2752 2818 2894 2886 quod
2918 2817 3043 2872 odio
3066 2819 3439 2887 prosequaris,
3470 2833 3594 2871 eum

2023 2910 2138 2979 ipse
2173 2924 2278 2964 non
2331 2910 2407 2964 sis
2446 2909 2518 2964 illi
2556 2910 2703 2973 odio,
2730 2912 2983 2979 quodque
3006 2912 3229 2965 damnes
3283 2925 3375 2966 eos
3404 2911 3495 2981 qui
3529 2910 3597 2964 ti-

2025 3001 2081 3057 bi
2115 3016 2215 3071 par
2249 3013 2345 3070 pro
2380 3000 2637 3067 pari-non
2666 2999 2930 3054 referunt.
2954 2999 3086 3065 Sed,
3122 2999 3199 3054 uti
3234 2998 3467 3062 videtur,
3514 2998 3597 3051 fa-

2020 3093 2177 3149 cilius
2209 3092 2275 3147 ad
2339 3090 2479 3147 mala
2513 3106 2671 3161 quam
2704 3092 2844 3149 bona
2899 3090 3174 3162 proclives
3213 3105 3422 3146 sumus.
3458 3089 3597 3144 Nam

2023 3195 2181 3239 acute
2232 3182 2463 3239 aliorum
2496 3183 2625 3238 vitia
2680 3185 2982 3249 cernimus,
3011 3183 3066 3236 in
3101 3183 3308 3237 n03tris
3339 3197 3436 3236 nee
3466 3195 3599 3233 ocu-

2026 3273 2134 3329 lum
2166 3273 2447 3340 habemus,
2475 3287 2576 3328 nec
2608 3287 2814 3339 aurem,
2847 3287 2947 3327 nec
2974 3272 3135 3326 ullam
3160 3271 3593 3340 intelligentiam,

2024 3379 2086 3418 ac
2122 3379 2190 3418 ne
2228 3363 2445 3432 quidem
2479 3362 2677 3417 habere
2708 3363 2977 3416 volumus.
3041 3362 3153 3415 lino
3195 3362 3377 3414 videre
3416 3370 3499 3414 est
3545 3369 3601 3411 et

2021 3456 2165 3510 aliud
2215 3455 2468 3524 quiddam
2524 3452 2676 3508 nobis
2708 3452 2982 3513 accidere.
3044 3452 3218 3506 nihilo
3282 3452 3474 3504 melius
3508 3450 3599 3504 illo

2022 3550 2223 3618 priore,
2257 3549 2301 3601 si
2326 3562 2431 3601 non
2469 3546 2637 3601 multo
2660 3559 2875 3615 quoque
2900 3545 3139 3599 deterius
3161 3554 3265 3599 est.
3295 3544 3431 3599 Nam
3476 3558 3600 3613 quae

2021 3640 2074 3693 in
2107 3639 2225 3692 aliis
2250 3638 2452 3693 eximia
2509 3647 2657 3701 sunt,
2699 3640 3017 3707 plerumque
3059 3652 3163 3690 non
3213 3638 3593 3706 agnoscimus:
3662 3643 3669 3651 '

2023 3738 2079 3784 at
2106 3728 2289 3793 multa,
2326 3727 2537 3797 longius
2570 3742 2599 3781 a
2651 3727 2849 3797 quibus
2888 3728 3144 3783 absnnms
3172 3742 3334 3795 quam
3368 3741 3394 3779 a
3429 3729 3599 3796 parti—

2020 3824 2120 3877 bus
2146 3819 2517 3891 Hyperboreis
2550 3818 2825 3875 llercuieae
2849 3819 3135 3886 columnae,
3163 3819 3317 3875 nobis
3349 3820 3461 3889 ipsi
3484 3820 3601 3873 vin-

2022 3913 2289 3973 dicamus,
2318 3912 2570 3981 elatoque
2599 3911 2833 3965 maxime
2859 3910 3174 3979 supercilio,
3231 3925 3329 3965 nos
3353 3911 3478 3967 aliis
3508 3927 3598 3964 su.

2021 4004 2264 4075 periores
2293 4017 2414 4059 esse
2447 4013 2717 4072 putamus,
2755 4018 2817 4057 ac
2842 4017 2909 4056 ne
2938 4002 3152 4072 quidem
3174 4002 3314 4057 inter
3350 4003 3598 4060 homines

2021 4111 2140 4151 esse
2192 4111 2291 4151 nos
2339 4094 2704 4159 arbitramur,
2751 4095 2843 4150 sed
2908 4094 3140 4164 quadam
3167 4095 3223 4149 in
3272 4104 3427 4163 parte
3483 4110 3598 4154 cm—

2020 4189 2055 4242 li
2084 4206 2097 4241 :
2134 4194 2385 4258 quodque
2410 4191 2650 4243 omnium
2701 4184 3122 4256 pessimum'est,
3142 4190 3314 4256 ipsam
3338 4189 3604 4243 vitiosita-

2022 4297 2128 4338 tem
2159 4299 2278 4354 qua:
2304 4283 2358 4337 in
2396 4282 2552 4337 nobis
2586 4292 2688 4345 est,
2716 4284 3026 4337 vincentem
3076 4281 3306 4335 aliorum
3366 4281 3604 4336 fortasse

2022 4378 2176 4441 vitia,
2226 4376 2481 4429 virtuth
2515 4374 2873 4443 appellamus,
2912 4387 2976 4427 ac
3026 4387 3416 4444 nonnunquam
3475 4387 3602 4442 pro-

2022 4470 2152 4523 bare
2179 4483 2440 4524 conamur
2467 4468 2606 4522 hanc
2642 4482 2804 4537 supra
2833 4467 3064 4522 virtutes
3093 4466 3338 4520 onmium
3367 4467 3600 4533 positam
3696 4512 3713 4519 κ

2025 4577 2164 4618 esse.
2199 4558 2278 4615 Ne
2310 4562 2397 4614 hic
2439 4559 2655 4628 quidem
2707 4561 3033 4623 insistimus,
3084 4559 3177 4613 sed
3230 4559 3385 4613 bonis
3436 4558 3601 4612 etiam

2024 4657 2155 4710 viris
2183 4654 2517 4731 invidemus,
2548 4668 2846 4721 eorumque
2872 4652 3164 4707 virtutibus
3204 4651 3417 4705 nomina
3442 4650 3603 4704 vitio-

2027 4764 2145 4803 rum
2178 4747 2431 4802 in-dimns.
2497 4744 2667 4800 Simul
2704 4744 3071 4799 abominabile
3126 4742 3384 4812 quiddam
3428 4743 3602 4794 admi-

2024 4854 2164 4897 stum
2189 4849 2290 4906 est,
2322 4838 2467 4908 quod
2502 4851 2572 4891 ne
2611 4836 2830 4903 quidem
2864 4836 3270 4896 erubescamus,
3301 4834 3394 4887 sed
3427 4833 3604 4908 impn-

2025 4932 2216 4987 denter
2266 4906 2403 4986 adeo
2450 4928 2862 4999 progrediamur
2915 4926 2968 4980 in
3007 4924 3075 4980 iis
3109 4938 3339 4992 quorum
3375 4906 3604 4991 nos'pu-

2028 5021 2158 5077 dere
2195 5020 2448 5085 debebat,
2482 5016 2636 5087 quasi
2674 5017 2718 5070 si
2755 5014 3025 5085 quispiam
3075 5028 3197 5068 sese
3235 5012 3605 5081 licentiusge—

2028 5122 2133 5175 rat,
2156 5127 2219 5167 ea
2249 5111 2538 5179 designans
2558 5108 2629 5161 ob
2652 5121 2770 5176 qua:
2793 5117 3048 5158 coronam
3079 5104 3151 5159 sit
3178 5103 3599 5171 promet-iturus:
3622 5169 3626 5174 ,

2030 5204 2271 5272 adeoque
2300 5201 2509 5257 similes
2541 5197 2877 5268 sapientibus
2902 5210 3112 5260 sumus,
3155 5195 3213 5250 in
3235 5195 3605 5250 condemnan-

2029 5298 2110 5352 dis
2141 5296 2282 5359 aliis,
2313 5302 2367 5346 at
2400 5292 2612 5345 interim
2639 5302 2742 5342 non
2782 5286 3312 5355 persentiscimusia
3361 5289 3516 5344 nobis
3536 5304 3601 5343 ea

2020 5388 2263 5442 studiose
2298 5384 2408 5439 tieri
2442 5396 2560 5451 quae
2594 5388 2783 5434 contra
2841 5394 2941 5433 nos
2969 5380 3117 5447 ipsos
3149 5380 3279 5435 sint.
3320 5379 3437 5446 Quo
3468 5394 3603 5435 sane

2019 5480 2146 5549 quid
2175 5477 2343 5531 videri
2377 5473 2624 5528 deterius
2676 5471 2890 5540 possit?
2921 5471 3056 5526 Nam
3106 5486 3228 5527 cum
3277 5473 3475 5527 malum
3531 5475 3602 5528 sit

2022 5582 2185 5639 atque
2235 5567 2478 5627 noxium,
2517 5575 2703 5619 nostra
2736 5572 2791 5619 et
2820 5563 3050 5618 aliorum
3085 5574 3306 5633 peccata
3341 5566 3490 5633 paria
3520 5564 3600 5618 la»

2018 5678 2141 5717 cere
2165 5662 2310 5729 (nam
2351 5658 2525 5712 aliena
2561 5670 2720 5711 nemo
2749 5656 2896 5711 novit
2926 5672 2941 5721 ;
2977 5655 3132 5720 item,
3169 5655 3317 5711 Onus
3372 5655 3591 5724 quisque

345 5741 537 5811 ὥσπερ
573 5744 883 5818 ἐξεπίτηδες
904 5749 973 5804 τὰ
1009 5751 1130 5806 καθ’
1164 5754 1317 5825 ἡμῶν
1340 5756 1519 5809 αὐτῶν
1554 5758 1902 5828 πράττομεθς

2023 5770 2164 5809 suum
2196 5751 2496 5822 portabit‘),
2522 5752 2735 5820 quoties
2761 5751 2882 5804 aliis
2913 5765 3102 5818 graves
3123 5759 3403 5811 ειιιιιιιςι,ρι
3434 5747 3591 5801 inex-

404 5862 420 5892 ³
449 5860 621 5915 Galat.
650 5878 723 5928 t'l,
758 5865 813 5920 5.
