3990 6552
499 387 605 445 107

1667 405 1723 463 Μ
1739 402 2066 464 ᾹΝΗΕΙᾹΞ
2142 401 2593 463 PAL/EOLOGI

3678 395 3783 460 508

498 498 965 564 ndiumincurrat;
990 508 1125 564 Nam
1179 511 1233 567 in
1267 513 1643 569 universitatis
1681 515 1908 585 hujusce
1928 514 2060 581 Deo,

2183 512 2404 580 Ἐπειδὴ
2448 512 2559 582 γᾴρ
2601 514 2628 565 ό
2673 509 2807 574 Θεδς
2850 508 3041 583 ἀγάπη
3089 507 3242 574 ἐστὶ,
3287 506 3425 561 κατὰ
3466 505 3575 559 τὸν
3625 503 3784 572 φίλον

500 591 590 656 qui
625 608 848 660 prorsus
876 602 942 653 ah
985 605 1240 660 omnibus
1290 607 1551 661 immunis
1598 617 1683 662 est
1727 610 1893 663 animi
1926 624 2078 663 mor-

503 683 587 739 bis
614 700 663 739 et
700 690 1003 756 amictibus,
1037 711 1141 764 quo
1172 706 1331 765 pacto
1386 703 1506 769 quis
1553 702 1739 757 odium
1782 703 2076 766 invenerit,

505 780 649 845 quod
686 782 829 837 inter
862 785 1071 851 pejores
1124 791 1289 845 animi
1340 794 1560 848 morbos
1606 795 1864 850 excellit?
1902 798 2081 865 Atque

500 869 603 923 hoc
627 886 759 925 sane
789 878 1022 931 naturali
1048 880 1212 936 etiam
1269 887 1427 939 modo
1471 888 1708 955 quodam
1762 889 2078 945 considere-

502 978 640 1019 mus.
674 967 883 1034 Quippe
915 984 1035 1023 cum
1071 971 1212 1028 Deus
1247 975 1579 1040 sitdilcctio,
1617 981 1913 1035 secundum
1943 984 2078 1037 cha-

500 1067 618 1107 rum
650 1056 797 1111 illum
824 1062 1150 1127 apostolum,
1189 1066 1317 1133 quid
1344 1083 1463 1122 esse
1491 1068 1602 1123 Deo
1637 1086 1925 1127 commune
1951 1089 2074 1128 cum

498 1146 624 1201 odio
662 1151 881 1217 possit?
913 1153 1095 1221 Neque
1120 1172 1247 1211 vero
1281 1160 1411 1213 mihi
1467 1172 1659 1229 arguta
1712 1163 1874 1218 velim
1928 1164 2078 1220 istmc

498 1240 750 1309 obiicias,
784 1248 930 1313 quod
959 1248 1163 1302 scilicet
1189 1251 1256 1304 ab
1289 1251 1443 1305 initio
1474 1254 1643 1309 malos
1668 1254 1749 1309 vel
1800 1258 2076 1312 hominem

498 1333 743 1388 miserari
778 1348 1204 1394 consentaneum
1235 1343 1327 1407 sit,
1356 1354 1410 1396 at
1461 1359 1556 1398 eos
1588 1349 1677 1415 qui
1732 1348 1950 1402 virtutis
2010 1366 2076 1405 ex

497 1428 809 1498 praescripto
860 1432 1113 1499 vixerint,
1166 1436 1361 1490 deinde
1422 1453 1550 1493 vero
1604 1440 1668 1493 ad
1727 1441 1854 1495 vilia
1909 1457 2075 1497 cursu

495 1521 651 1587 quasi
688 1523 920 1590 quodam
952 1539 1013 1581 se
1076 1529 1431 1598 contulerint,
1493 1546 1563 1587 ne
1617 1535 1793 1603 ipsum
1854 1537 2081 1606 quidem

496 1616 688 1674 Deum.
724 1619 936 1675 Etenim
989 1638 1175 1678 verum
1208 1634 1290 1681 est
1330 1626 1428 1681 hos
1454 1626 1558 1680 illis
1582 1610 1891 1683 deteriores
1912 1644 2073 1695 esse;

496 1723 621 1762 nam
649 1710 723 1769 illi
754 1726 818 1766 ne
848 1722 1047 1768 norunt
1095 1717 1315 1785 quidem
1370 1728 1627 1773 accurate
1684 1720 1826 1774 viam
1873 1723 2078 1775 ducen-

497 1810 605 1861 tem
638 1803 702 1857 ad
736 1805 787 1863 id
826 1807 968 1876 quod
1020 1808 1307 1876 optimum,
1357 1824 1457 1864 nec
1515 1812 1786 1865 bonorum
1840 1812 2074 1882 aliquem

496 1906 713 1964 gustum
786 1909 1171 1981 perceperunt,
1226 1917 1334 1970 quo
1378 1903 1595 1958 adducti
1636 1920 1697 1960 ea
1751 1922 2082 1982 magnopere

494 1972 937 2058 appetant.‘Qu:e
964 2009 1094 2055 sane
1127 2009 1230 2049 non
1255 1998 1704 2051 contemnendam
1730 1999 1811 2053 eis
1853 2014 2078 2054 excusa-

498 2085 709 2147 tionem
756 2086 986 2156 pariunt.
1024 2088 1094 2153 At
1132 2087 1188 2143 hi
1230 2088 1386 2143 bonis
1423 2089 1475 2143 in
1521 2091 1772 2157 operibus
1800 2106 1831 2145 a
1889 2096 2077 2163 pueris

493 2180 714 2241 exerciti
762 2189 908 2244 sunt,
963 2190 1019 2234 et
1072 2181 1138 2245 ad
1194 2192 1469 2252 senectam
1525 2198 1696 2249 usque
1749 2186 1968 2241 virtutis
2018 2187 2069 2242 in

492 2270 769 2325 exercitiis
805 2272 964 2325 vitam
989 2283 1288 2344 exegerunt
1318 2289 1334 2331 :
1383 2274 1581 2330 deinde
1617 2278 1797 2341 bonis,
1851 2279 2076 2348 quibus-

490 2374 611 2415 cum
647 2361 911 2426 vixerant,
944 2377 1064 2431 qua:
1122 2378 1219 2433 pro
1270 2364 1478 2420 deliciis
1531 2366 1854 2432 habuerant,
1899 2370 2075 2426 instar

488 2454 720 2519 alicuius
754 2452 946 2522 piaculi
974 2456 1211 2523 reiectis,
1258 2458 1414 2513 nihili
1441 2460 1839 2528 turpitudinem
1868 2460 2073 2518 facien-

491 2556 595 2611 tt-s,
629 2544 781 2601 nihili
821 2547 1011 2600 vitium
1044 2548 1298 2617 quodque
1320 2551 1578 2605 damnum
1608 2567 1674 2606 ex
1705 2568 1771 2609 eo
1798 2556 2070 2623 provenit,

487 2637 808 2703 servitutem
847 2652 973 2707 erga
998 2639 1307 2711 voluptates
1333 2639 1513 2698 divina
1544 2659 1670 2699 cum
1709 2647 1884 2717 gratia
1906 2639 2071 2704 'com-

488 2738 788 2795 mutarunt,
824 2731 1051 2800 ideoque
1102 2732 1271 2793 multo
1302 2733 1522 2804 pejores
1575 2736 1682 2792 illis
1731 2738 1858 2793 facti
1918 2751 2070 2807 sunt,

486 2820 578 2890 qui
612 2821 679 2877 ab
710 2821 865 2879 initio
890 2822 1014 2877 boni
1043 2837 1148 2877 non
1177 2823 1420 2879 fuerunt.
1447 2823 1648 2881 Verum
1673 2843 1781 2884 non
1804 2828 1874 2885 ob
1903 2829 2070 2887 hasce

486 2929 683 2970 causas
712 2916 945 2985 benigno
976 2930 1195 2985 quoque
1228 2914 1339 2971 Deo
1366 2930 1494 2985 sunt
1522 2920 1574 2973 in
1605 2920 1751 2977 odio.
1811 2923 2066 2980 Sedenim

487 3006 803 3076 persuaderi
841 3008 976 3062 mihi
1002 3023 1109 3063 non
1151 3010 1354 3078 patior,
1424 3010 1641 3080 inquiet
1694 3013 2064 3083 adversarius,

487 3115 594 3153 non
628 3101 725 3154 hos
748 3098 1142 3161 abominabiles
1165 3115 1286 3156 esse
1312 3102 1442 3166 Deo,
1471 3103 1563 3171 qui
1594 3104 1734 3158 mala
1777 3106 1911 3170 odit,
1940 3121 2063 3162 cum

2197 604 2523 657 Ἀπόστολον
2547 646 2561 669 ,
2594 603 2648 657 τί
2680 603 2798 657 ποτ’
2825 602 2891 657 ἂν
2921 602 3134 671 γένοιτο
3164 600 3342 656 κοινὸν
3371 599 3445 669 τῷ
3471 596 3609 666 Θεῷ
3647 594 3788 665 πρδς

2167 698 2242 750 ,τὸ
2280 701 2469 766 μῖσοςς
2507 697 2618 751 Καὶ
2654 698 2727 768 μή
2764 715 2855 766 μοι
2888 698 2955 751 τὰ
2993 695 3134 765 σοφὰ
3164 694 3358 757 ταῦτα,
3390 694 3469 747 ὅτι
3503 691 3648 754 τοὺς
3688 688 3784 760 μὲν

2182 790 2421 861 ἔξαρχῆς
2461 791 2698 858 φαύλους
2739 792 2842 845 κᾶν
2875 809 2957 853 τις
2999 789 3240 860 ἐλεήσειε
3273 788 3383 840 τῶν
3417 786 3741 855 ἀνθρώπων
3768 800 3781 813 -

2182 881 2306 942 τοὺς
2349 880 2592 952 δ’ἀρετῇ
2646 875 3171 957 συζήσανταςηεῖτα
3212 880 3325 942 τοῖς
3365 880 3560 940 κακοῖς
3611 892 3785 944 προσ-

2182 970 2526 1040 δραμόντας,
2566 972 2676 1026 οὐδ’
2699 975 2727 1026 ό
2763 973 2919 1035 Θεός.
2948 972 3105 1024 Ἐστι
3145 972 3243 1041 μὲν
3276 969 3671 1038 γὰρηάληθὲς,
3707 967 3783 1029 ὡς

2181 1061 2328 1115 οῦτοι
2358 1064 2575 1134 χείρους
2602 1064 2846 1118 ἐκείνων.
2883 1065 3107 1117 Ἐκεῖνοι
3133 1063 3242 1133 γὰρ
3265 1063 3375 1116 οὐδ’
3403 1063 3593 1115 ἴσασιν
3622 1065 3784 1130 ἀκρι-

2182 1154 2293 1217 ϐῶς
2324 1156 2422 1227 τὴν
2454 1158 2546 1210 ἐπὶ
2577 1157 2638 1210 τὸ
2671 1156 2950 1228 βέλτιστον
2982 1156 3279 1228 φέρουσαν,
3310 1153 3435 1208 οὐδὲ
3468 1154 3782 1223 ἐγεύσαντο

2180 1247 2291 1300 τῶν
2342 1248 2549 1315 κακῶν,
2597 1249 2740 1303 ὥστε
2791 1250 2887 1303 καὶ
2935 1248 3305 1319 διαφερόντως
3355 1246 3570 1301 τούτων
3621 1248 3805 1335 sese.

2182 1342 2292 1395 Καὶ
2326 1342 2499 1397 ταῦτα
2533 1343 2745 1407 τούτοις
2786 1344 3001 1412 γίνεται
3041 1343 3102 1395 ού
3144 1341 3425 1404 παντελῶς
3457 1358 3545 1403 τις
3594 1342 3775 1410 φαύλη

2142 1424 2147 1427 δ
2182 1433 2536 1504 παραίτησις.
2571 1437 2634 1490 Oi
2664 1436 2710 1489 δ’
2734 1438 2798 1489 ὲκ
2833 1435 3041 1489 παίδων
3072 1434 3449 1504 ἐπειράθησαν
3479 1434 3602 1485 τῶν
3636 1434 3776 1501 ἀγα-

2180 1528 2290 1582 θῶν
2331 1528 2529 1598 ἔργων,
2572 1530 2669 1583 καὶ
2716 1517 2876 1599 μέχρι
2922 1530 3111 1599 γήρως
3157 1528 3253 1582 σὺν
3298 1529 3468 1600 ἀρετῇ
3514 1529 3617 1580 τὸν
3662 1528 3775 1597 βίον

2178 1619 2464 1690 διήνυσαν.
2497 1621 2728 1675 Ἔπειτα
2771 1622 2841 1674 τὰ
2884 1622 3095 1690 ἀγαθὰ,
3143 1616 3223 1684 οἷς
3272 1619 3771 1690 συμσεσιὼκεσαν,

2179 1706 2261 1775 οἷς
2305 1712 2574 1784 ἐτρύφων,
2616 1712 2807 1785 ὥσπερ
2848 1732 2901 1767 τι
2945 1715 3202 1786 ῥίψαντες
3249 1713 3404 1782 ἄγος,
3446 1716 3590 1782 παρ’
3620 1714 3773 1767 οὐδὲν

2183 1803 2282 1872 μὲν
2313 1803 2531 1872 θέμενοι
2563 1806 2660 1876 τὴν
2692 1806 2955 1877 αἰσχύνην
2977 1846 2992 1872 ,
3028 1808 3160 1878 παρ’
3187 1808 3338 1861 οὐδὲν
3369 1808 3426 1861 δὲ
3458 1808 3522 1860 τὸ
3557 1807 3768 1870 κακὸν,

2111 1875 2151 1928 Β
2181 1896 2274 1948 καὶ
2300 1895 2397 1967 τὴν
2427 1897 2534 1952 ἀπὸ
2558 1875 2708 1952 τοῦδε
2742 1875 2970 1969 βλάϐην,
3000 1898 3096 1969 τὴν
3114 1875 3260 1968 *πρὸς
3292 1902 3391 1964 τὰς
3423 1900 3629 1970 ἡδονὰς
3657 1900 3767 1952 500-

2178 1983 2333 2040 λείαν
2381 1988 2481 2058 τῆς
2532 1990 2627 2043 τοῦ
2677 1988 2815 2043 Θεοῦ
2867 1992 3090 2062 χάριτος
3137 1990 3458 2059 ἠλλάξαντο.
3516 1992 3639 2043 Καὶ
3685 1990 3766 2041 διὰ

2176 2080 2351 2133 ταῦτα
2393 2081 2530 2134 πολύ
2577 2099 2631 2134 τι
2672 2083 2891 2153 χείρους
2936 2082 3195 2151 γεγόνασι
3237 2082 3346 2134 τῶν
3388 2083 3489 2134 οὐκ
3540 2081 3762 2147 ἀγαθῶν

2177 2170 2415 2239 ἑξαρχῆς
2445 2172 2769 2239 γεγονότων.
2806 2172 2879 2224 Ού
2911 2175 3019 2241 μήν
3046 2190 3109 2241 γε
3139 2172 3345 2226 τούτων
3372 2173 3541 2225 ἕνεκα
3570 2174 3670 2226 καὶ
3695 2171 3764 2240 τῷ

2176 2262 2545 2333 φιλανθρώπῳ
2578 2263 2697 2334 Θεῷ
2733 2264 2950 2334 μισητοὶ
2980 2264 3333 2317 καθεστᾶσιν.
3370 2263 3523 2317 Ἀλλ’
3550 2264 3618 2317 ού
3652 2264 3763 2316 πεί-

2176 2351 2362 2421 θομαι,
2396 2354 2549 2423 φησὶ,
2585 2354 2660 2424 μὴ
2693 2351 2834 2407 εἶναι
2870 2354 3113 2418 τούτους.
3129 2354 3457 2425 βδελυκτοὺς
3486 2355 3574 2425 τῷ
3615 2371 3765 2425 μισο-

2175 2446 2399 2517 πονήρῳ
2425 2445 2567 2516 Θεῷ,
2594 2448 2653 2511 ἐξ
2680 2447 2900 2514 ἀγαθῶν
2926 2448 3006 2511 εἰς
3035 2448 3309 2518 πονηροὺς
3339 2447 3760 2518 μεταόεὺλημέ-

2173 2553 2299 2600 νους
2340 2538 2576 2611 κακίστη
2615 2539 2811 2609 γνώμῃ
2838 2555 2852 2570 ·
2887 2539 3088 2594 ὁπόταν
3120 2540 3227 2611 γὰρ
3268 2542 3316 2594 oi
3359 2540 3759 2610 κακοδαίμονες

2172 2622 2321 2681 οῦτοι
2353 2631 2577 2699 μισητοὶ
2604 2632 2698 2683 καὶ
2724 2628 3007 2699 βδελυκτοὶ
3034 2629 3290 2699 γίνωνται
3319 2630 3411 2685 καὶ
3440 2633 3754 2701 συγγενέσι,

2173 2721 2267 2774 καὶ
2299 2722 2498 2791 φίλοις,
2530 2717 2687 2793 οἶμαι
2720 2721 2766 2775 δ’
2795 2724 2878 2777 ὅτι
2911 2722 3005 2777 καὶ
3039 2723 3280 2792 γονεῦσι,
3316 2724 3412 2777 καὶ
3444 2725 3633 2788 παισὶ,
3667 2722 3756 2776 καὶ

2171 2814 2339 2866 πᾶσιν
2373 2812 2503 2881 ἑξῆς
2539 2814 2888 2885 ἀνθρώποις,
2925 2817 3014 2872 διὰ
3057 2817 3225 2886 μόνην
3287 2821 3389 2888 τὴν
3438 2817 3755 2887 φαυλότητα

2169 2904 2263 2957 καὶ
2292 2904 2390 2978 τὴν
2424 2907 2694 2978 πονηρίαν
2717 2924 2735 2942 σ
2766 2908 2946 2981 πολλῷ
2977 2925 3041 2977 γε
3073 2909 3399 2980 δικαιότεροι
3419 2947 3435 2973 ,
3470 2909 3752 2978 μισεῖσθαι

2167 2995 2246 3066 τῷ
2277 2997 2396 3069 Θεῷ
2431 2998 2651 3053 πάντων
2682 3000 2867 3055 ἕνεκα.
2905 3000 2996 3069 Τῷ
3031 3001 3140 3071 γὰρ
3176 2999 3424 3072 βορϐόρῳ
3460 3002 3748 3055 καλινδου-

2169 3088 2337 3161 μένῳ,
2369 3093 2453 3155 τίς
2483 3092 2550 3147 ἂν
2580 3094 2664 3163 εἴη
2703 3092 2907 3165 μετοχὴ
2934 3093 2967 3163 ἢ
3001 3093 3259 3148 κοινωνία
3293 3096 3428 3163 πρὸς
3458 3095 3631 3160 Θεόν;
3663 3092 3749 3163 Τῷ

484 3194 724 3259 pessimo
751 3190 982 3246 consilio
1035 3192 1103 3247 de
1139 3190 1299 3247 bonis
1355 3193 1407 3247 in
1446 3194 1617 3249 malos
1677 3197 1872 3252 mutati
1931 3202 2060 3256 sint.

2169 3185 2274 3254 γὰρ
2312 3185 2387 3254 μὴ
2425 3185 2685 3257 καθαρῷ,
2722 3187 2856 3258 φησί
2889 3204 2975 3251 τις
3013 3186 3159 3257 μάλα
3195 3186 3364 3257 ἀνὴρ,
3402 3188 3745 3257 ἐφάπτεσθαι

485 3281 932 3350 Quandoquidem
963 3281 1107 3335 enim
1139 3280 1197 3335 hi
1236 3281 1431 3347 miseri
1485 3299 1588 3339 non
1649 3286 1777 3343 odio
1834 3298 2065 3353 tantum,

483 3375 577 3429 sed
618 3374 1244 3453 abominationiquoque
1266 3387 1389 3429 sunt
1412 3384 1465 3430 et
1492 3379 1758 3447 cognatis,
1792 3389 1846 3434 et
1872 3382 2067 3437 amicis

484 3478 538 3524 et
569 3468 886 3537 parentibus
915 3466 1135 3539 (opinor
1163 3468 1324 3539 )ipsis
1358 3479 1414 3523 et
1462 3470 1673 3536 liberis,
1707 3480 1763 3527 ct
1823 3474 2065 3528 homini-

483 3564 586 3613 hus
614 3559 868 3627 deinceps
899 3560 1199 3626 universis,
1222 3569 1448 3632 propter
1495 3563 1845 3620 vitiositatem
1891 3567 2064 3621 solum

481 3664 537 3709 et
567 3653 920 3723 pravitatem,
953 3653 1124 3709 multo
1142 3670 1272 3709 sane
1304 3657 1477 3727 magis
1523 3668 1804 3714 merentur
1831 3660 2064 3715 utinvisi

484 3747 594 3801 Deo
622 3747 753 3809 sint,
775 3747 1021 3801 omnium
1055 3762 1221 3803 causa
1261 3766 1275 3804 :
1325 3765 1449 3804 nam
1479 3750 1527 3805 ei
1556 3752 1648 3822 qui
1677 3752 1729 3806 in
1795 3752 1907 3806 luto
1952 3752 2065 3806 vol-

482 3839 647 3901 vitur,
673 3839 946 3907 quodnam
973 3841 1310 3895 consortium
1341 3856 1531 3911 quaeve
1558 3845 1795 3899 societas
1811 3859 1933 3898 cum
1955 3844 2065 3899 Deo

481 3925 684 3981 fuerit?
710 3927 919 3981 Etenim
953 3942 1060 3983 non
1114 3944 1271 3998 puro,
1303 3945 1401 3984 ceu
1435 3931 1517 3985 vir
1543 3933 1765 4001 quidam
1826 3934 2065 3988 eximius

482 4019 789 4087 ait,purum
809 4019 1102 4088 attingere,
1132 4035 1471 4090 nequaquam
1503 4022 1583 4076 fas
1619 4022 1803 4078 fuerit.
1844 4024 1957 4078 imo
1976 4024 2063 4078 vel

484 4110 587 4163 hoc
621 4110 783 4167 etiam
809 4111 967 4164 modo
991 4111 1340 4180 perspicuum
1361 4120 1465 4177 est,
1495 4115 1637 4183 quod
1687 4116 1892 4170 dictum
1923 4119 2061 4173 fuit:

482 4215 605 4252 nam
625 4199 717 4269 qui
745 4199 1014 4253 hostiliter
1041 4199 1265 4255 affectus
1285 4210 1365 4254 est
1384 4202 1646 4256 adversus
1665 4204 1896 4271 aliquem
1918 4222 2066 4260 sum-

483 4304 701 4354 mopere
723 4290 999 4355 dilectum,
1028 4291 1219 4345 itidem
1243 4300 1298 4347 et
1320 4307 1447 4360 erga
1483 4293 1794 4363 diligentem
1833 4296 2061 4352 allectus

480 4383 604 4436 erit.
626 4381 779 4446 Quod
817 4383 991 4450 ipsum
1039 4398 1069 4437 e
1123 4384 1401 4437 Contrario
1453 4386 2064 4455 patet:quienimami-

480 4489 600 4527 cum
621 4484 768 4527 tuum
795 4484 962 4536 amat,
986 4474 1150 4529 etiam
1172 4475 1263 4529 tibi
1290 4477 1358 4531 sit
1375 4478 1581 4532 amicus
1605 4494 1829 4534 necesse
1851 4491 1949 4535 est.
1973 4481 2063 4537 Sic

481 4567 646 4636 igitur
675 4576 725 4621 ct
754 4564 849 4621 isti
880 4566 1135 4621 virtutem
1161 4566 1283 4622 odio
1320 4581 1738 4639 prosequentes,
1777 4582 2056 4641 acceptam
2089 4596 2136 4655 ο

480 4658 611 4725 Deo,
635 4668 936 4729 sponteque
964 4673 1059 4714 sua
1091 4674 1254 4715 cursu
1279 4660 1345 4715 ad
1386 4662 1587 4716 malum
1605 4663 1792 4731 delati,
1822 4682 1925 4721 non
1947 4666 2059 4736 jam

479 4751 711 4821 amplius
746 4752 883 4821 grati
914 4761 1042 4807 sunt
1076 4752 1210 4817 Deo,
1248 4752 1341 4808 sed
1408 4754 1573 4808 dubio
1628 4756 1812 4825 procul
1875 4759 2056 4817 invisi.

477 4841 593 4897 Non
622 4853 787 4909 recte,
814 4842 901 4896 vir
933 4842 1154 4912 optime,
1184 4843 1503 4899 conclusisti
1528 4860 1542 4910 ;
1568 4861 1687 4899 nam
1731 4849 2059 4917 propositio-

478 4950 577 4988 nes
614 4935 832 5003 quidem
871 4934 999 5002 ipsa:
1034 4950 1197 4999 verm,
1261 4936 1356 4989 sed
1412 4936 1694 4992 conclusio
1749 4940 1945 4996 divinis
2006 4945 2057 4997 in

477 5026 663 5090 rebus,
697 5027 761 5081 ad
800 5027 1198 5096 propositiones
1235 5026 1464 5084 minime
1530 5031 1803 5097 quadrare
1862 5033 2057 5100 deprco

478 5116 761 5169 bendetur.
800 5116 1014 5172 Nostris
1049 5118 1194 5173 enim
1226 5118 1294 5174 de
1326 5123 1489 5175 rebus
1522 5129 1668 5176 recte
1702 5123 1827 5177 talia
1863 5124 2057 5180 dicun-

479 5214 587 5261 tur.
619 5204 750 5272 Quae
784 5223 911 5263 vero
941 5208 1113 5265 Deum
1149 5219 1419 5280 spectant,
1476 5212 1543 5268 de
1590 5215 1657 5269 iis
1714 5230 1848 5272 sane
1899 5220 2055 5275 nobis

474 5306 531 5351 et
564 5296 892 5366 loquendum
922 5308 977 5353 et
1011 5301 1359 5370 cogitandum
1393 5317 1461 5359 ex
1534 5303 1707 5373 ipsius
1763 5307 2050 5376 dignitate.

477 5387 663 5443 Fuerit
688 5396 863 5442 autem
891 5404 957 5443 ex
990 5390 1082 5444 Dei
1122 5390 1409 5462 dignitate,
1465 5394 1670 5450 nullam
1703 5405 1761 5450 ut
1812 5412 2050 5466 unquam

476 5478 677 5543 oderit,
706 5493 864 5548 quem
897 5480 1013 5551 ipse
1039 5497 1194 5537 suam
1217 5485 1286 5538 ad
1320 5484 1608 5555 imaginem
1646 5488 1897 5544 manibus
1930 5506 2054 5561 pro-

480 5572 612 5642 priis
637 5570 910 5627 formarit.
957 5571 1077 5628 Non
1116 5576 1260 5630 enim
1316 5577 1562 5635 instituto
1605 5582 1771 5636 animi
1818 5593 2047 5651 mutato,

479 5675 724 5720 naturam
756 5680 972 5737 quoque
1001 5682 1153 5722 suam
1186 5674 1434 5738 mutavit,
1473 5677 1798 5731 uLmaxime
1858 5678 2045 5746 lapsus

473 5749 569 5813 'sit.
602 5758 739 5825 Quin
781 5771 833 5814 et
862 5760 939 5814 illi
974 5760 1223 5817 homines
1251 5765 1340 5833 qui
1406 5766 1734 5834 pravitatem
1793 5770 2047 5835 oderunt,

481 5850 667 5905 eodem
696 5851 853 5909 modo
881 5852 1013 5909 mihi
1038 5866 1096 5911 se
1125 5868 1316 5924 gerere
1351 5857 1624 5915 videntur.
1679 5862 1747 5915 At
1812 5876 2045 5929 quorum

2168 3277 2264 3330 τοῦ
2304 3278 2546 3348 καθαροῦ
2588 3278 2664 3349 μὴ
2700 3281 2760 3332 ού
2803 3279 3026 3350 θεμιτὸν
3064 3279 3174 3349 εῐη.
3216 3280 3290 3333 υύ
3335 3281 3442 3350 μὴν
3479 3281 3621 3335 ἀλλὰ
3657 3280 3748 3333 καὶ

2169 3370 2311 3423 κατὰ
2350 3371 2499 3424 τόνδε
2538 3371 2630 3424 τὸν
2670 3372 2873 3441 τρόπον
2907 3372 3071 3442 δῆλον
3104 3372 3170 3425 ἂν
3207 3372 3293 3442 εἴη
3332 3372 3394 3425 τδ
3433 3374 3742 3443 εἰρημένον.

2181 3459 2241 3514 '0
2284 3458 2416 3529 γοῦν
2462 3460 2672 3531 ἐχθρῶς
2717 3462 3064 3532 διακείμενος
3103 3461 3183 3533 τῷ
3227 3479 3334 3516 τινι
3378 3463 3745 3537 διαφερόντως

2169 3550 2481 3622 φιλουμένῳ
2509 3554 2605 3606 καὶ
2633 3552 2710 3624 τῷ
2742 3552 2987 3625 φιλοῦντι
3021 3554 3241 3629 πάντως
3269 3554 3337 3609 ἄν
3366 3557 3451 3626 εἴη
3478 3572 3494 3587 ·
3526 3558 3625 3609 καὶ
3653 3557 3743 3622 δῆ-

2167 3640 2258 3693 λον
2285 3642 2349 3696 ὲκ
2375 3642 2469 3695 τοῦ
2499 3644 2768 3700 ἐναντίου,
2804 3643 2868 3697 '0
2894 3644 3001 3715 γὰρ
3035 3644 3210 3715 φιλῶν
3239 3664 3323 3700 σοι
3347 3648 3440 3701 τὸν
3469 3648 3627 3715 φίλον
3657 3646 3743 3700 καὶ

2169 3734 2317 3805 αύτῷ
2349 3752 2431 3789 σοι
2462 3737 2614 3805 φίλος
2646 3737 2823 3808 σαφὴς
2853 3738 3024 3808 δήπου
3058 3738 3290 3806 γίνεται.
3322 3740 3431 3793 Καὶ
3460 3741 3741 3816 οὗτοιθτοί-

2168 3844 2263 3880 νυν
2297 3829 2582 3898 μισοῦντες
2606 3830 2705 3899 τὴν
2734 3830 2960 3900 ἀρετὴν,
2993 3832 3155 3902 φίλην
3181 3830 3348 3887 οὖσαν
3376 3833 3453 3903 τῷ
3482 3833 3621 3901 Θεῷ,
3651 3833 3741 3891 καὶ

2167 3920 2244 3989 τῷ
2284 3919 2439 3991 κακῷ
2480 3922 3027 3994 προσδεδραμηκότες
3070 3925 3325 3989 ἑκόντες,
3366 3925 3552 3997 ούκέτι
3597 3926 3737 3995 φίλοι

2166 4015 2244 4085 τῷ
2268 4014 2412 4085 Θεῷ,
2438 4015 2573 4069 ἀλλὰ
2603 4016 2787 4086 σαφῶς
2814 4016 3000 4088 ἐχθροί
3020 4034 3034 4049 ·
3062 4018 3161 4089 οὐχ
3190 4019 3379 4088 ὑγιῶς,
3404 4013 3449 4072 ὦ
3474 4020 3734 4089 βέλτιστε,

2169 4108 2564 4177 συνεπέρανας.
2593 4109 2657 4161 Ai
2689 4109 3121 4179 γὰρ’προτάσεις
3148 4111 3368 4185 ἀληθεῖς
3389 4126 3404 4142 ·
3434 4111 3495 4164 τδ
3520 4113 3577 4165 δὲ
3608 4130 3732 4181 συμο

2168 4198 2426 4268 πέρασμα
2450 4199 2568 4262 ταῖς
2598 4201 2929 4271 προτάσεσιν
2952 4201 3044 4255 ἐπὶ
3069 4201 3177 4254 τῶν
3201 4202 3292 4254 τοῦ
3321 4201 3457 4255 Θεοῦ
3485 4202 3735 4271 πραγμά·

2165 4308 2275 4345 των
2308 4292 2369 4345 ού
2412 4292 2638 4361 συνᾷδον
2672 4292 3051 4363 εὑρεθήσεται.
3092 4295 3185 4354 Et:
3234 4296 3332 4367 μὲν
3367 4294 3477 4365 γὰρ
3509 4298 3578 4348 τὰ
3617 4294 3733 4349 καθ’

2165 4381 2313 4449 ἡμᾶς
2347 4383 2648 4450 πράγματα
2682 4382 2859 4450 ὀρθῶς
2890 4382 2956 4436 ἂν
2986 4383 3098 4454 ἔχοι
3128 4385 3351 4438 τοιαῦτα
3387 4386 3566 4453 λέγειν
3592 4403 3607 4416 ν
3637 4388 3728 4438 ὅσα

2165 4471 2221 4525 δὲ
2253 4473 2331 4534 είς
2362 4474 2454 4526 τὸν
2484 4473 2618 4527 Θεὸν
2647 4474 2794 4544 ἥκει,
2832 4475 2997 4539 ἀξίως
3028 4476 3300 4544 δήπουθεν
3330 4477 3494 4530 αὐτοῦ
3526 4480 3620 4531 καὶ
3650 4480 3729 4531 ls-

2164 4562 2322 4615 κτέον
2353 4565 2483 4632 ἡμῖν
2513 4563 2577 4616 ἂν
2608 4562 2693 4633 εἴη
2717 4604 2730 4627 ,
2763 4564 2858 4617 καὶ
2889 4567 3135 4631 νοητέον,
3164 4565 3313 4630 ἄξιον
3340 4567 3385 4619 δ’
3410 4567 3475 4620 ἂν
3504 4571 3589 4637 εῖη
3620 4567 3727 4636 Θεῴ

2163 4653 2224 4705 τὸ
2252 4652 2527 4723 μηδέποτε
2557 4656 2756 4723 μισεῖν,
2781 4641 2842 4708 ὃν
2865 4658 2986 4708 κατ’
3006 4658 3191 4710 εἰκόνα
3217 4658 3406 4711 ἑαυτοῦ
3434 4663 3555 4722 ταῖς
3582 4660 3727 4720 ἰδίαις

2163 4746 2349 4815 χερσὶν
2378 4744 2634 4801 ἔπλασεν.
2666 4748 2740 4799 Ού
2773 4749 2881 4816 γὰρ
2909 4748 2972 4818 δὴ
3004 4748 3323 4817 μεταϐαλὼν
3351 4752 3449 4819 τὴν
3482 4754 3728 4821 προαὶρεος

2164 4838 2396 4901 σιν,.καλ.
2422 4838 2553 4892 αὐτὸ
2576 4839 2638 4892 τδ
2666 4834 2806 4892 εἶναι
2839 4841 3157 4909 μετέϐαλεν,
3188 4841 3261 4902 ὡς
3295 4842 3529 4911 μάλιστα
3560 4847 3724 4913 ἡμαρ-

2160 4931 2365 4999 τηκὼς.
2394 4932 2469 4985 Ού
2505 4930 2612 5002 μὴν
2638 4931 2772 4985 ἀλλὰ
2804 4932 2897 4985 καὶ
2927 4933 2977 4985 οἱ
3010 4934 3367 5003 μισοπόνηροι
3392 4935 3503 4987 τῶν
3527 4934 3722 5005 ἀνθρώ-

2160 5043 2281 5079 πων
2307 5024 2450 5079 οὕτω
2485 5041 2577 5095 μοι
2607 5023 2824 5078 δοκοῦσι
2861 5028 3055 5079 ποιεῖν.
3085 5026 3237 5078 Ὅσοι
3270 5026 3326 5079 δὲ
3356 5026 3453 5097 τὴν
3487 5028 3722 5081 ἐναντίαν

2159 5117 2347 5187 ἔχουσι
2384 5117 2645 5186 γνώμην,
2680 5116 2774 5168 καὶ
2803 5115 2902 5185 τὴν
2933 5114 3133 5168 κακίαν
3164 5116 3263 5182 μὲν
3293 5115 3577 5183 οὐδαμῶς,
3607 5116 3721 5177 τοὺς

2157 5210 2201 5263 δ’
2225 5210 2329 5263 ὑπὸ
2359 5208 2563 5279 ταύτης
2600 5208 3048 5277 κεκρατημένους
3083 5208 3287 5275 σφόδρα
3326 5208 3581 5276 μισοῦσι,
3615 5210 3720 5261 δέον
3814 5234 3827 5237 -

2155 5321 2221 5371 γε
2270 5304 2468 5367 αὐτοὺς
2516 5304 2686 5357 ἐλεεῖν
2738 5301 2879 5372 ὑπὲρ
2922 5302 3051 5362 τοὺς
3095 5299 3282 5363 ἄλλους
3336 5299 3604 5362 ἅπαντας,
3655 5298 3719 5368 μὴ

2160 5395 2359 5467 μᾶλλον
2392 5394 2665 5467 μισεῖσθαι
2698 5392 2927 5459 δίκαιοι,
2958 5393 2992 5463 ἦ
3024 5391 3117 5454 οῦς
3152 5390 3352 5452 ἀδίκως
3383 5392 3494 5443 οἵδε
3536 5392 3717 5460 μισοῖ-

2157 5507 2271 5556 σιν;
2301 5489 2447 5542 ’Δντὶ
2487 5486 2599 5556 γὰρ
2640 5485 2734 5540 τοῦ
2783 5485 2883 5553 τὴν
2926 5483 3101 5537 αἰτίαν
3146 5484 3323 5551 μισεῖν
3364 5484 3465 5552 τῆς
3506 5485 3717 5537 ἐκείνων

2154 5582 2459 5650 ἐκτροπῆς,
2490 5579 2585 5633 καὶ
2617 5576 2801 5646 ζητεῖν
2834 5572 3111 5644 ἐπιμελῶς
3132 5611 3147 5636 ,
3179 5571 3280 5642 τὴν
3318 5572 3419 5641 μὲν
3451 5574 3714 5643 πρόφασιν

2153 5674 2261 5727 τῶν
2302 5672 2488 5727 κακῶν
2532 5671 2764 5737 ἀνελεῖν,
2808 5668 2907 5739 τὴν
2951 5666 3008 5720 δὲ
3058 5666 3215 5736 ῥίζαν
3260 5668 3571 5735 ἀνασπᾶσαι
3614 5667 3711 5720 τῶν

2154 5765 2413 5819 τοιούτων
2442 5763 2814 5835 παθημάτων,
2849 5762 2943 5815 καὶ
2972 5757 3065 5813 τοῦ
3098 5757 3379 5821 νοσοῦντος
3411 5759 3709 5828 φείδεσθαι,

2154 5859 2511 5929 ὁπωσδήποτε
2547 5856 2839 5926 νενόσηκεν
2861 5896 2875 5923 ,
2906 5855 2952 5908 oi
2983 5852 3038 5907 δὲ
3072 5852 3209 5923 πρὸς
3240 5851 3496 5906 τάναντία
3523 5851 3593 5915 ὡς
3622 5867 3709 5901 τα-
