3990 6580
220 428 346 492 513

1648 415 1938 475 ORATIO
1971 417 2068 476 Vl.

3381 415 3488 479 ἐξά

217 541 328 591 τὸν
354 536 557 589 ἄσωτον
581 550 594 564 ο
631 533 727 588 ἐπὶ
751 533 807 586 δὲ
837 531 947 586 τῶν
985 529 1080 585 τοῦ
1102 527 1238 584 Θεοῦ
1269 527 1390 582 οὐδὲ
1425 527 1555 595 γοῦν
1590 528 1656 579 τα
1697 528 1789 579 ίσα
1817 573 1824 586 ι

1929 524 2109 578 acinus
2139 521 2358 590 aliquod
2378 523 2523 589 pittm
2554 534 2646 576 aut
2674 522 2872 576 bonuzn
2917 522 3144 577 faceres.
3189 522 3308 588 Quo
3336 526 3483 578 enim

221 631 413 691 δίδως,
445 623 582 678 ἀλλὰ
611 623 797 686 κακῶς
832 621 1178 691 διακείμενος
1209 620 1303 674 καὶ
1343 620 1412 673 τὰ
1445 619 1581 688 πρὸς
1611 615 1797 679 αὑτὸν,

227 721 334 772 καὶ
349 718 412 769 τὰ
437 715 573 787 πρὸς
594 715 692 769 ἀνθ
703 714 1075 784 ρὼπους,τίνα
1099 713 1328 778 ἂνέλοιο
1340 712 1523 780 ψῆφον
1544 709 1693 778 παρὰ
1709 709 1803 762 τοῦ

220 807 364 863 Θεοῦ
387 806 666 872 δέξασθαι,
684 805 718 874 ἢ
739 805 833 858 καὶ
854 804 1007 874 παρὰ
1028 804 1139 856 τῶν
1160 801 1467 872 ἀνθρώπων
1494 800 1673 853 αὐτῶν
1695 816 1710 864 ;
1729 797 1805 852 Ού

219 905 331 968 τὴν
349 895 613 966 συμπαθῆ
637 913 652 958 ς
676 897 736 948 ού
761 895 861 964 τὴν
879 896 1090 966 ἥμερον
1116 913 1131 961 ;
1154 894 1216 946 ού
1236 894 1337 963 τὴν
1357 891 1571 946 πολλῶν
1596 891 1806 960 οἰκτιρ-

228 977 352 1062 μῶν
402 989 726 1058 γέμουσανς
780 984 942 1040 Ἀλλὰ
993 989 1058 1040 σὺ
1110 987 1210 1056 μὲν
1273 986 1403 1048 ἴσως
1440 984 1536 1038 καὶ
1580 983 1806 1036 σεαυτὸν

229 1084 486 1152 μισήσεις
513 1093 528 1108 ⁸
563 1079 716 1149 παρὰ
747 1080 804 1132 δὲ
825 1079 922 1132 τοῦ
948 1076 1339 1148 φιλανθρώπου
1365 1076 1502 1130 Θεοῦ
1526 1076 1627 1129 οὐκ
1649 1074 1728 1128 ενι
1746 1089 1806 1126 σε

227 1167 630 1228 τούτοπαθεϊν·
663 1169 863 1225 ούκουν
893 1171 1015 1224 οὐδὲ
1044 1171 1196 1241 παρὰ
1223 1168 1332 1222 τῶν
1379 1166 1808 1235 ἐπιεικεστέρων

227 1265 552 1336 ἀνθρώπων.
577 1266 760 1318 Δεινὸν
781 1265 888 1335 γὰρ
909 1263 1304 1327 δντωςβεινδν,
1325 1265 1373 1314 εί
1395 1262 1431 1316 ἆ
1454 1278 1538 1314 σοι
1558 1259 1656 1313 νῦν
1675 1277 1810 1330 προσ

230 1360 492 1428 φέρουσιν
529 1356 733 1426 ἕτεροι,
759 1355 1014 1424 πανταχῆ
1042 1356 1104 1408 τὸ
1143 1355 1416 1422 αὐστηρὸν
1458 1353 1806 1418 ἐπαινοῦντι,

231 1450 370 1504 αὐτά
403 1466 467 1516 γε
497 1449 676 1503 ταῦτα
696 1448 926 1502 πάθοιεν
957 1446 1155 1500 ἐκεῖνοι
1181 1488 1196 1513 ,
1230 1447 1322 1500 ἐπὶ
1354 1445 1413 1499 τὸ
1442 1447 1526 1498 σοὶ
1565 1445 1810 1508 δικάζειν

234 1545 498 1607 ἐλθόντες.
517 1545 576 1598 '0
597 1543 775 1596 τοίνυν
796 1544 854 1594 ὲν
883 1540 1197 1612 ἀνθρώποις
1229 1540 1374 1612 ὁρῶν
1396 1539 1810 1609 φιλανθρωπίας

238 1635 381 1700 ῐχνος
441 1631 632 1686 καὶτὸ
670 1631 1011 1704 βραχύτατον
1057 1632 1118 1684 οὐ
1181 1632 1250 1685 τὰ
1303 1631 1492 1684 εἰκότα
1547 1630 1812 1702 φρονήσει

237 1725 366 1793 περὶ
392 1724 488 1792 τῆς
523 1722 954 1795 ἀνεξερευνήτου
986 1724 1426 1792 μεγαλειότητος,
1449 1724 1498 1776 εἰ
1533 1723 1608 1794 μὴ
1631 1740 1811 1794 παρα-

238 1816 383 1887 πλήξ
407 1833 488 1880 τις
518 1817 627 1884 εἵη,
648 1819 744 1872 καὶ
773 1818 887 1870 τῶν
942 1818 1040 1877 τὰς
1089 1818 1291 1886 φρένας
1349 1816 1816 1884 ἀπολωλεκότωνς

1904 618 2107 689 pacto?
2136 618 2362 674 multum
2396 619 2614 688 quidem
2647 619 2821 674 abest.
2849 615 2965 670 Non
2995 619 3136 670 enim
3181 620 3488 673 hominibus

1904 727 1966 767 ea
1989 727 2183 780 rapere
2218 712 2297 768 fas
2310 721 2414 776 est,
2434 728 2553 782 qum
2567 711 2658 765 Dei
2674 721 2822 773 sunt,
2839 710 3073 763 ullotum
3095 721 3355 776 praetexm
3377 711 3490 764 cle-

1907 805 2142 859 mentite.
2178 805 2549 860 Nihilominus
2618 805 2818 873 aliquid
2887 819 3014 873 erga
3069 804 3481 858 misericordem

1907 899 2058 954 illum
2088 905 2142 953 et
2192 899 2516 952 clementem
2574 897 2736 953 Deum
2797 897 3168 950 excusationis
3232 898 3489 962 haberes,

1909 989 2055 1044 velut
2087 1003 2148 1042 ea
2181 988 2387 1043 faciens
2452 987 2652 1057 quibus
2681 988 2798 1058 ipse
2851 987 3113 1042 delectari
3181 991 3486 1044 consuevit.

1907 1083 2065 1138 Nunc
2082 1097 2202 1136 cum
2225 1095 2324 1135 nec
2349 1095 2378 1134 a
2405 1079 2514 1134 Deo
2542 1081 2808 1150 judicium
2837 1082 3136 1149 acceperis,
3163 1090 3218 1136 et
3242 1081 3379 1134 alios
3398 1097 3494 1148 op-

1910 1191 2116 1246 pugnes
2147 1183 2508 1241 utrorumque
2563 1175 2797 1238 ratione,
2853 1175 3134 1228 contraria
3190 1185 3247 1228 te
3311 1174 3492 1229 facere

1911 1265 2176 1321 declaras.
2217 1263 2420 1318 Deinde
2450 1274 2503 1315 tu
2540 1263 2790 1331 quidem,
2851 1262 3080 1328 direptis
3139 1261 3492 1315 facultatibus

1912 1358 2044 1421 tuis,
2081 1367 2174 1409 aut
2216 1371 2403 1410 earum
2433 1355 2627 1421 exigua
2691 1363 2869 1423 parte,
2913 1365 3079 1422 atque
3124 1357 3261 1408 adeo
3286 1353 3370 1408 vel
3424 1353 3492 1406 ab

1912 1448 2269 1503 amicissimis
2293 1448 2388 1501 tibi
2419 1461 2761 1515 nequaquam
2793 1444 2847 1498 id
2909 1446 3120 1509 tuleris,
3153 1445 3248 1498 sed
3301 1444 3494 1500 canfe-

1911 1541 2037 1598 stim
2070 1541 2402 1611 parricidam
2431 1548 2485 1594 et
2510 1540 2780 1608 perditum
2817 1539 3089 1618 hominem
3134 1539 3342 1592 clamas
3371 1555 3384 1590 :
3437 1545 3494 1590 at

1941 1651 1973 1688 ιι
2000 1635 2090 1700 iis,
2121 1635 2188 1687 ad
2224 1633 2398 1686 Deum
2448 1647 2569 1700 qua:
2621 1632 2914 1698 pertinent,
2948 1645 3013 1685 ne
3057 1631 3207 1698 paria
3269 1629 3491 1698 quidem

1916 1727 2194 1791 concedis,
2229 1725 2326 1780 sed
2354 1726 2495 1779 male
2533 1736 2638 1777 tam
2669 1739 2800 1796 erga
2834 1724 3012 1791 ipsum
3042 1739 3209 1792 quam
3245 1724 3495 1775 homines

1918 1825 2082 1872 temet
2119 1833 2336 1887 gerens,
2372 1832 2664 1886 quamnam
2691 1817 2940 1876 obsecro,
2970 1816 3111 1868 ferre
3169 1815 3494 1868 sententiam

235 1924 272 1962 α
305 1910 406 1964 Deo
435 1909 518 1965 vel
552 1909 688 1982 ipsis
743 1909 1054 1966 hominibus
1101 1911 1280 1966 velis?
1318 1909 1436 1965 Non
1469 1911 1788 1976 humanam,
1823 1926 1930 1965 non
1963 1913 2172 1976 mitem,
2217 1927 2322 1964 non
2385 1910 2774 1964 miscricordize
2805 1910 3054 1979 plenam?
3085 1909 3239 1961 Enim
3279 1923 3402 1960 vero
3437 1917 3490 1960 tn

236 2001 454 2071 quidem
483 2001 734 2057 fortassis
763 2002 865 2074 ipsi
895 2003 990 2057 tibi
1027 2004 1136 2057 eris
1158 2003 1302 2069 odio,
1332 2017 1520 2058 verum
1552 2018 1580 2057 a
1612 2002 1850 2071 benigno
1879 2011 1933 2057 et
1961 2000 2211 2057 clementi
2247 2001 2356 2054 Deo
2404 1999 2592 2068 nequit
2623 1998 2724 2052 hoc
2773 1999 2868 2053 tibi
2926 1999 3268 2066 contingere,
3329 2007 3492 2065 atque.

235 2094 372 2146 adeo
406 2108 505 2148 nec
540 2093 607 2146 ab
633 2094 945 2147 hominibus
981 2094 1143 2162 paulo
1177 2093 1619 2148 modestioribus.
1652 2091 1937 2146 Nefarium
1972 2106 2226 2161 namque,
2265 2090 2533 2144 nefarium
2567 2104 2756 2157 reapse
2783 2088 2944 2152 foret,
2968 2091 3009 2142 si
3047 2103 3169 2156 quae
3221 2089 3320 2142 tibi
3351 2101 3494 2141 num

236 2185 500 2254 objiciunt
547 2185 663 2248 alii,
713 2186 1066 2240 severitatem
1144 2187 1196 2240 in
1230 2187 1482 2242 omnilus
1513 2185 1775 2248 laudanti,
1804 2200 1868 2239 ea
1901 2185 2140 2240 vicissim
2166 2195 2220 2237 ct
2265 2183 2399 2251 ipsis
2436 2182 2758 2237 acciderent
2816 2194 2993 2236 tecum
3051 2182 3496 2247 disceptantilms.

236 2276 340 2341 Qui
369 2291 494 2343 ergo
521 2276 602 2329 vel
635 2276 1054 2331 minutissimum
1107 2277 1414 2332 clementiae
1443 2276 1733 2345 vestigium
1767 2276 1820 2329 in
1855 2275 2172 2330 hominibus
2222 2275 2518 2344 perspicit,
2567 2289 2634 2326 an
2697 2289 2805 2328 non
2864 2286 3226 2329 consentanea
3285 2275 3500 2326 ratione

233 2359 306 2428 de
359 2372 446 2425 illa
509 2371 849 2425 inscrutabili
908 2372 1193 2440 majestate
1238 2372 1456 2435 sentiet,
1492 2372 1594 2425 nisi
1623 2385 1855 2426 vesanus
1887 2372 1980 2434 sit,
2004 2380 2057 2424 et
2084 2383 2271 2424 eorum
2303 2379 2591 2423 enumero
2618 2369 2710 2438 qui
2762 2380 2998 2422 mentem
3038 2370 3376 2424 amiserunt?

325 2465 463 2520 Ἀλλ’
498 2466 684 2535 ῄμεῖς,
712 2459 756 2517 ὦ
787 2465 1030 2533 φίλτατε,
1064 2466 1196 2518 πᾶσι
1244 2468 1358 2529 τοῖς
1387 2466 1648 2528 τοιούτοις
1683 2463 1809 2534 χαί-
1851 2471 1891 2525 Β

237 2575 357 2630 ρειν
393 2559 663 2620 εἰπόντες,
693 2556 784 2610 τὸν
811 2558 1173 2627 προκείμενον
1202 2559 1332 2628 ἡμῖν
1379 2555 1811 2626 ἐξεργαζὼμεοα

236 2651 417 2720 λόγον.
452 2649 642 2713 Οὐδεὶς
673 2649 978 2721 ἀπόϐλητος
1026 2650 1106 2718 τῷ
1136 2648 1458 2720 δημιουργῷ
1481 2667 1498 2682 ο
1545 2650 1723 2712 οὐδεὶς
1755 2650 1815 2700 ὲν

237 2743 378 2816 λήθῃ
407 2743 503 2796 τοῦ
539 2742 895 2814 προνοοῦντος
927 2745 1147 2798 πάντων
1173 2746 1302 2815 ἑξῆς
1324 2760 1336 2776 ⁸
1368 2745 1545 2807 οὐδεὶς
1576 2746 1634 2796 ὲν
1663 2746 1812 2813 μίσει

237 2837 331 2888 τοῦ
388 2833 657 2898 ἀπαθοῦς,
688 2835 789 2886 ούκ
843 2835 901 2886 ὲν
949 2835 1180 2905 ἀμελείᾳ
1225 2835 1356 2899 τινὶ,
1387 2836 1487 2887 οῦκ
1545 2836 1602 2886 ὲν
1639 2835 1816 2888 οὐδενὶ

235 2929 343 2980 τῶν
377 2926 662 2980 τοιούτων.
698 2928 812 2992 Πᾶς
843 2929 900 2980 ὲν
932 2927 1173 2998 φροντίδι
1209 2927 1305 2980 τοῦ
1331 2927 1632 2997 κηδεμόνος
1652 2943 1666 2958 ν
1705 2926 1816 2988 πᾶς

235 3016 285 3069 ἐν
320 3019 517 3088 ἀγάπῃ
543 3017 640 3072 τοῦ
669 3017 814 3071 τοῦτ’
840 3019 971 3072 αὑτὴ
999 3019 1339 3087 καλουμένου
1365 3035 1379 3051 ο
1413 3018 1818 3088 εὐπρόσδεκτος

234 3111 342 3171 πᾶς
375 3107 650 3172 ὁστισοῦν,
691 3110 1092 3180 μεταμεληθείς
1130 3127 1260 3163 ποτε
1298 3108 1407 3161 τῶν
1431 3108 1640 3161 κακῶν.
1673 3108 1732 3160 Ei
1762 3107 1818 3161 δὲ

230 3203 326 3256 καὶ
361 3202 496 3263 τοὺς
543 3201 753 3264 πάντας
785 3203 1106 3271 παρήνεγκε
1135 3219 1218 3265 τις
1251 3202 1342 3254 ἐπὶ
1375 3202 1589 3262 κακοῖς,
1621 3201 1716 3253 τὸν
1751 3201 1816 3271 δὴ

229 3295 488 3348 τοιοῦτον
541 3295 766 3358 εἰκότως
825 3294 1107 3364 χρησίμην
1143 3294 1274 3365 ῦλην
1321 3296 1467 3347 εῐποι
1516 3312 1600 3356 τις
1628 3293 1695 3346 ἂν
1722 3309 1820 3361 γε-

228 3387 516 3456 γενῆσθαι
543 3389 610 3458 τῇ
642 3385 736 3440 τοῦ
767 3387 904 3439 Θεοῦ
944 3389 1274 3456 χρηστότητι
1314 3389 1406 3440 καὶ
1440 3386 1822 3456 φιλανθρωπίᾳ

233 3479 380 3546 πρὸς
437 3479 636 3548 ἑαυτῆς
693 3478 977 3543 ἐπίδειξιν.
1025 3479 1180 3531 οῑτω
1226 3480 1320 3531 καὶ
1368 3479 1556 3541 παῖδες
1597 3478 1819 3546 ίατρῶν,

243 3571 339 3623 καὶ
390 3570 594 3628 πάντες
623 3567 704 3629 οἷς
736 3570 1036 3639 ἐπιστήμη,
1065 3571 1294 3638 δυνάμει
1334 3572 1433 3640 μὲν
1478 3570 1674 3638 ἀγαθοί
1705 3589 1718 3602 ·
1756 3571 1824 3640 ἢν

240 3663 295 3716 δὲ
329 3661 431 3714 καὶ
464 3660 498 3730 ἠ
525 3659 623 3730 ῦλη
666 3663 842 3731 παρῇ,
874 3662 997 3713 τότε
1051 3662 1239 3713 λοιπὸν
1293 3663 1387 3714 καὶ
1440 3660 1692 3731 ἐνεργείᾳ
1723 3660 1826 3730 τὴν

239 3753 568 3822 ἐπιστήμην
621 3753 966 3816 δεικνύντες,
1014 3751 1161 3806 τοῦθ’
1213 3753 1348 3822 ὅπερ
1395 3754 1556 3816 εἰσὶν,
1626 3752 1824 3820 ἁγαθοὶ

239 3845 384 3896 πᾶσι
410 3820 699 3910 φαίνονται
724 3855 741 3872 ’
773 3843 869 3895 καὶ
893 3842 927 3912 ὴ
957 3840 1236 3912 ὑπερϐολὴ
1269 3820 1360 3893 τοῦ
1394 3841 1673 3909 θαύματος
1696 3841 1824 3910 παρ’
1856 3820 1899 3880 c

245 3935 458 4000 αὐτοῖς,
498 3934 549 3987 οι
577 3932 920 4004 διορθοῦνται
948 3934 1009 3986 τὸ
1034 3933 1441 4003 χαλεπώτερον.
1473 3931 1634 3986 Τοῦτ’
1669 3931 1759 4002 ἄρ’
1794 3933 1828 4002 ἡ

255 4026 467 4096 μείζων
493 4024 753 4090 ἐπίδειξις
784 4025 887 4094 τῆς
914 4025 1237 4079 ἁνεικάστου
1286 4025 1734 4094 φιλανθρωπίας,
1767 4024 1830 4076 τὸ

252 4119 346 4171 τὸν
390 4115 586 4180 σκεῦος
631 4117 1049 4188 χρηματίσαντα
1096 4118 1196 4187 τῆς
1241 4116 1335 4171 τοῦ
1391 4116 1527 4170 Θεοῦ
1580 4118 1827 4188 χάριτος,

258 4209 376 4264 εἶτα
429 4199 620 4273 σκεῦος
666 4211 931 4279 γεγονότα
979 4211 1079 4281 τῆς
1128 4211 1413 4283 ἐνεργείας
1445 4209 1540 4263 τοῦ
1586 4208 1832 4282 πονηροῦ

259 4304 344 4358 διὰ
387 4303 655 4372 κακίστην
695 4302 1040 4372 προαίρεσιν,
1074 4304 1243 4370 ἄγγος
1298 4301 1506 4371 πλῆρες
1553 4301 1834 4364 ἀναδεῖξαι

261 4396 356 4460 τῆς
383 4393 798 4464 φιλανθρωπίας
824 4393 1065 4476 ὲκρίνης,
1090 4389 1158 4460 ἧς
1191 4394 1224 4462 ἡ
1259 4391 1394 4464 πρὸς
1420 4391 1635 4456 πάντας
1666 4391 1834 4462 ἔκχυ-

265 4502 368 4549 σις,
395 4485 497 4554 τὴν
551 4483 798 4538 ὠκεανοῦ
835 4485 1200 4554 παρατρέχει,
1256 4486 1382 4538 ὅσον
1430 4487 1529 4556 οὐχ
1575 4483 1671 4556 ἥδε
1722 4501 1837 4554 χει-

265 4577 530 4647 μάρρους.
558 4573 866 4646 Τολμήσειε
911 4575 955 4626 δ’
994 4575 1062 4628 ἄν
1101 4592 1206 4638 τις,
1229 4568 1406 4643 οἶμαι,
1435 4574 1626 4627 τοῦτον
1661 4568 1838 4627 εἰπεῖν

262 4672 352 4723 καὶ
382 4670 614 4740 ἐκλογῆς
645 4665 784 4723 εἶναι
814 4668 1028 4732 σκεῦος,
1065 4667 1247 4731 καλῶς
1275 4684 1336 4736 γε
1369 4667 1698 4726 διαστέλλων
1729 4665 1837 4722 ἀπὸ

264 4762 356 4817 τοῦ
407 4762 645 4816 Παύλου.
688 4761 930 4823 Ἐκεῖνος
982 4761 1081 4829 μὲν
1131 4759 1243 4828 γαρ
1299 4759 1458 4812 τοῦτο
1505 4757 1734 4829 ἐκλήθη.
1770 4757 1840 4812 δι’

263 4855 327 4925 ην
364 4855 579 4918 ἐδέξατο
605 4853 764 4926 χᾴριν
798 4853 938 4918 ὑπὲρ
973 4851 1070 4904 τοῦ
1115 4854 1214 4922 τῆς
1261 4850 1498 4912 πίστεως
1543 4851 1841 4923 κηρύγμα-

263 4962 396 5009 ’τος⁹
455 4945 567 4999 Τοῦ
620 4945 729 5013 γὰρ
775 4942 1110 5008 βαστάσαι,
1149 4944 1304 5012 φησὶ,
1343 4943 1410 4996 τὸ
1473 4943 1661 5012 ὄνομά
1715 4960 1837 5010 μου

265 5037 516 5091 ἐνώπιον
560 5034 770 5101 ἐθνῶν,
804 5035 900 5088 καὶ
922 5035 1258 5099 βασιλέων,
1287 5035 1432 5088 υἱῶν
1466 5050 1532 5087 τε
1575 5032 1841 5101 Ἰσραήλ·

2010 2463 2266 2519 Sedenim
2301 2479 2421 2525 nos,
2456 2479 2488 2516 ο
2523 2463 2872 2523 charissime,
2906 2464 3159 2516 omnibus
3193 2462 3497 2529 hujusmodi

1923 2557 2311 2626 valerejussis,
2347 2555 2649 2609 orationem
2677 2556 2978 2608 institutam
3005 2555 3370 2622 perficiamus.
3399 2555 3500 2608 Nc-

1924 2651 2123 2705 minem
2159 2664 2335 2702 rerum
2362 2648 2540 2717 upifcx
2579 2646 2668 2701 ille
2703 2648 2896 2716 rejicit,
2935 2647 3169 2700 neminis
3216 2647 3497 2701 oblivisci-

1927 2750 2014 2797 tur
2049 2742 2139 2809 qui
2175 2737 2428 2794 omnibus
2462 2739 2724 2809 prospicit
2754 2757 2766 2800 ;
2796 2753 2956 2793 nemo
2998 2725 3198 2793 exosus
3224 2749 3304 2792 est
3331 2742 3499 2811 animi

1924 2833 2399 2912 perturbationum
2437 2833 2674 2901 experti,
2709 2847 2809 2886 nec
2840 2833 2906 2884 ab
2937 2847 3002 2885 eo
3048 2833 3363 2902 negligitur,
3399 2813 3500 2888 nec

1925 2925 2069 2979 aliud
2105 2924 2230 2994 quid
2269 2922 2529 2994 ejusmodi
2555 2925 2869 2994 experitur:
2907 2940 3064 2979 nemo
3092 2942 3196 2978 non
3222 2926 3341 2994 ejus
3373 2940 3502 2979 cura

1927 3020 2256 3086 continetur,
2291 3019 2380 3087 qui
2410 3035 2594 3072 curam
2649 3021 2898 3074 omnium
2957 3019 3120 3088 getit,
3180 3035 3338 3075 nemo
3396 3037 3500 3074 non
3577 3057 3587 3068 .

1928 3113 2046 3183 ejus
2077 3109 2367 3166 dilectione
2399 3111 2732 3174 continetur,
2765 3113 2853 3180 qui
2907 3114 3008 3166 hoc
3063 3101 3238 3180 ipsum
3303 3125 3501 3167 nomen

1929 3204 2114 3259 habet.
2159 3202 2526 3272 Acceptabilis
2579 3201 2656 3255 illi
2710 3203 2911 3272 quivis,
2945 3218 2972 3256 a
3004 3203 3150 3257 vitiis
3208 3204 3505 3271 aliquando

1928 3297 2018 3366 qui
2052 3295 2365 3366 resipuerit.
2395 3293 2547 3359 Quod
2579 3295 2625 3347 si
2659 3295 2782 3362 quis
2816 3295 3008 3349 omnes
3039 3296 3200 3350 etiam
3235 3297 3382 3350 vitiis
3413 3312 3504 3350 su-

1928 3389 2156 3460 perarit,
2184 3402 2305 3443 eum
2335 3401 2440 3440 ιιοιι
2465 3388 2531 3439 ab
2565 3401 2622 3439 re
2647 3385 2860 3444 factum,
2880 3386 3003 3454 quis
3032 3387 3232 3442 dixerit
3257 3388 3504 3444 idoneam

1931 3480 2213 3536 materiam
2249 3478 2475 3532 bonitati
2514 3478 2927 3545 clementimque
2963 3479 3188 3538 divinat.
3217 3490 3273 3534 ut
3312 3483 3362 3535 in
3437 3497 3504 3534 co

1931 3587 2051 3626 sese
2087 3571 2345 3626 declaret.
2384 3569 2474 3623 Sic
2509 3570 2673 3622 etiam
2713 3571 2933 3635 medici,
2961 3580 3014 3624 et
3048 3585 3240 3626 omnes
3274 3573 3501 3628 scientia

1931 3661 2163 3733 praediti,
2197 3660 2323 3715 boni
2357 3661 2576 3731 quidem
2601 3675 2719 3715 esse
2738 3672 2988 3731 possunt,
3019 3677 3206 3716 verum
3239 3664 3283 3717 si
3316 3675 3369 3718 et
3396 3681 3510 3716 ma-

1935 3755 2100 3808 teries
2127 3753 2290 3819 adsit,
2325 3763 2447 3806 actu
2471 3766 2688 3821 quoque
2715 3753 3000 3826 scientiam
3061 3755 3379 3820 probantes,
3455 3755 3506 3806 id

1934 3843 2076 3914 quod
2107 3853 2252 3906 sunt,
2293 3844 2548 3897 omnibus
2580 3857 2704 3898 esse
2740 3843 2862 3898 boni
2888 3845 3164 3898 videntur.
3195 3845 3260 3898 Et
3322 3845 3508 3898 admi-

1937 3937 2204 3991 rationem
2239 3936 2313 3990 illi
2348 3935 2504 4004 longe
2535 3936 2832 3988 maximam
2867 3945 3172 4002 uterentur,
3238 3939 3328 4008 qui
3367 3937 3510 3992 dim~

1935 4029 2097 4085 cilius
2131 4027 2335 4097 aliquid
2369 4027 2585 4097 egregie
2611 4027 2922 4096 perficiunt.
2985 4030 3160 4098 Atque
3209 4031 3322 4086 hazc
3378 4047 3513 4086 sane
3601 4023 3604 4026 ’

1938 4119 2173 4176 maxima
2224 4117 2522 4172 declaratio
2579 4118 2979 4175 inaestimabilis
3034 4131 3121 4176 est
3170 4131 3226 4177 et
3285 4124 3514 4178 inﬁnite

1937 4209 2083 4264 illius
2107 4208 2432 4272 clementiae,
2465 4209 2606 4278 quod
2633 4224 2779 4277 eum,
2808 4213 2901 4281 qui
2940 4212 3137 4268 divina:
3169 4215 3507 4269 instrumen-

1940 4310 2050 4355 tum
2081 4315 2203 4356 esse
2238 4299 2470 4355 debebat
2497 4301 2707 4367 gnatite,
2750 4311 3046 4373 posteaque
3085 4305 3514 4362 instrumentum

1937 4395 2276 4451 eﬂicacitatis
2309 4395 2532 4465 maligni
2573 4395 2718 4451 illius
2755 4398 3007 4454 instituto
3031 4403 3273 4467 pessimo
3331 4399 3518 4459 factus

1939 4501 2042 4556 est,
2068 4504 2165 4544 vas
2192 4488 2406 4560 plenmn
2433 4489 2549 4559 ejus
2585 4490 2888 4546 clementia:
2928 4492 3190 4558 declarat,
3254 4495 3411 4565 cujus
3464 4499 3518 4550 in

1940 4594 2130 4634 omnes
2170 4577 2362 4632 eﬂ’usio
2391 4579 2594 4646 majore
2624 4581 2796 4636 vincit
2831 4583 2986 4652 copia
3061 4585 3261 4639 ﬂuxum
3317 4591 3534 4642 Ot'eutli‘

1941 4683 2104 4739 quam
2144 4667 2306 4734 l'ujus
2345 4668 2504 4724 unda:
2536 4678 2809 4727 torrentes
2857 4685 3139 4742 superant.
3203 4676 3267 4728 Et
3297 4679 3514 4745 quidem

1942 4759 2253 4830 hujusmodi
2278 4758 2550 4814 hominem
2579 4771 2727 4816 recte
2748 4764 2893 4832 quis,
2918 4765 3132 4833 opinor,
3166 4767 3311 4819 ausit
3339 4771 3522 4821 dicere

1945 4866 2039 4904 vas
2068 4851 2232 4904 etiam
2276 4851 2563 4907 electionis
2593 4869 2741 4917 esse,
2797 4857 2845 4910 si
2903 4871 3026 4910 eum
3063 4874 3092 4911 a
3147 4856 3318 4913 Paulo
3373 4871 3522 4916 recte

1943 4943 2271 5012 distinguat.
2308 4941 2508 4998 Paulus
2532 4944 2676 4999 enim
2728 4946 2830 5000 hoc
2895 4948 3114 5003 nomine
3162 4961 3384 5004 vocatus
3437 4965 3515 5008 est

1945 5037 2016 5092 ob
2048 5051 2164 5090 eam
2199 5036 2428 5102 gratiam
2451 5051 2612 5104 quam
2642 5038 2998 5106 praedicanda:
3025 5054 3187 5094 causa
3221 5043 3340 5096 tiliei
3362 5060 3522 5100 acce-

266 5120 422 5189 οὗτος
451 5126 507 5179 δὲ
541 5126 640 5196 τὴν
685 5126 881 5193 κλῆσιν
906 5124 1134 5194 κταύτην
1163 5125 1368 5188 δίκαιος
1405 5124 1473 5178 ἂν
1516 5123 1605 5193 εἴη
1638 5122 1824 5193 κληθῆ·

1948 5135 2120 5197 perat.
2153 5125 2218 5180 Ut
2253 5135 2444 5194 gestes,
2491 5127 2667 5195 inquit
2714 5127 2873 5192 Deus,
2922 5146 3107 5184 nomen
3139 5147 3310 5186 meum
3341 5151 3520 5192 eorum

268 5236 378 5280 ναι.
408 5219 488 5280 ὡς
543 5217 773 5286 μηδενὸς
818 5216 970 5280 ὄντος
1017 5217 1204 5286 ἐτέρου
1257 5216 1698 5286 ἀπιτηδειοτέρου
1750 5215 1842 5268 τὸν

268 5311 417 5362 ίλεον
445 5308 702 5375 δέξασθαι
732 5308 824 5361 τοῦ
849 5307 1007 5362 Θεοῦ.
1033 5309 1243 5361 Πολλὰ
1267 5308 1386 5378 μὲν
1410 5308 1520 5378 γὰρ
1545 5309 1614 5362 τὰ
1645 5307 1842 5374 σκεύη

267 5399 453 5468 ἐν’τῇ
485 5398 720 5469 μεγάλῃ
761 5401 940 5466 οἰκίᾳ,
979 5399 1113 5468 φησι
1141 5399 1200 5450 τὸ
1232 5398 1425 5462 σκεῦος
1457 5400 1554 5468 τῆς
1583 5398 1838 5469 ἐκλογῆς,

270 5495 343 5548 οὐ
389 5491 589 5546 πάντα
636 5491 705 5544 δὲ
758 5491 910 5559 πρὸς
961 5492 1076 5558 τὴν
1105 5488 1324 5556 αὐτὴν,
1374 5489 1514 5544 ἀλλ’
1559 5489 1732 5558 ἕτερά
1776 5507 1843 5559 γε

273 5588 424 5655 πρὸς
480 5587 675 5653 ἄλλας
730 5587 934 5655 χρείας
993 5585 1328 5655 ἡτοίμαστο
1381 5600 1446 5637 τε
1511 5584 1611 5637 καὶ
1663 5601 1840 5638 κατε-

272 5681 602 5733 σκεύαστο.
633 5679 742 5732 Καὶ
783 5681 918 5748 πρὸς
960 5675 1059 5748 μὲν
1093 5676 1266 5747 μύρου
1316 5674 1479 5747 δοχὴν
1523 5675 1844 5746 ἀλάϐαστρά

271 5781 330 5827 τε
357 5772 453 5825 καὶ
479 5773 548 5824 τὰ
591 5771 838 5836 τοιαῦτα,
870 5771 962 5823 καὶ
991 5771 1053 5824 ὲκ
1102 5770 1332 5822 τουτωνὶ
1379 5768 1488 5821 τῶν
1533 5769 1840 5839 περιμαχήο

348 5889 367 5922 ⁸
393 5888 439 5944 ιι
469 5886 610 5944 Tim.
646 5904 704 5958 ιι,
728 5889 819 5946 20.

1947 5219 2212 5288 gentibus,
2239 5227 2288 5270 et
2318 5219 2548 5286 regibus,
2579 5228 2626 5271 et
2653 5219 2781 5286 ﬁliis
2833 5219 3078 5277 Israetis.
3117 5223 3220 5279 llic
3289 5244 3408 5282 vero
3430 5247 3524 5298 ap-

1946 5309 2285 5378 pellationem
2306 5309 2441 5361 hanc
2469 5311 2652 5364 merito
2673 5314 3010 5381 consequitur
3033 5355 3048 5382 ,
3071 5333 3189 5370 cum
3246 5336 3396 5374 nemo
3457 5323 3524 5375 δίε

1952 5403 2090 5456 alius
2122 5402 2290 5470 magis
2327 5401 2541 5454 idoneus
2575 5401 2645 5456 ad
2671 5404 3034 5473 excipiendam
3091 5408 3188 5464 Dei
3221 5412 3526 5466 misericor-

1951 5496 2116 5549 diam.
2150 5498 2291 5547 tVam
2315 5510 2443 5546 vasa
2467 5494 2676 5562 quidem
2715 5497 2882 5550 multa
2917 5510 3038 5553 sunt
3059 5503 3112 5555 in
3141 5506 3320 5573 ampla
3345 5507 3522 5566 domo,

1953 5585 2129 5655 inquit
2147 5597 2240 5638 vas
2261 5581 2393 5637 illud
2410 5583 2717 5650 electionis,
2734 5604 2836 5642 non
2853 5593 3030 5646 omnia
3047 5609 3163 5648 vero
3183 5597 3252 5648 ad
3267 5595 3526 5660 eumdem,

1951 5680 2042 5734 sed
2071 5678 2139 5731 ad
2168 5675 2301 5730 alios
2333 5692 2460 5730 usus
2495 5678 2605 5733 alia
2661 5692 2854 5750 parata
2888 5695 3016 5739 sunt
3041 5695 3198 5756 atque
3235 5687 3524 5756 confecta'.

1951 5768 2220 5843 Unguenti
2253 5783 2352 5840 pro
2381 5774 2750 5845 receptaculo,
2787 5776 3091 5846 alabastra,
3127 5789 3182 5836 et
3209 5779 3372 5850 hujus
3425 5793 3519 5851 ge-
