  <div class='ocr_page' id='page_1' title='image "/cluster/home/n/w/nwhite01/storage/ocr_20150623/156/hvd.32044019208438/341.png"; bbox 0 0 3990 6558; ppageno 0'>
   <div class='ocr_carea' id='block_1_1' title="bbox 502 378 609 446">
    <p class='ocr_par' dir='ltr' id='par_1_1' title="bbox 502 378 609 446">
     <span class='ocr_line' id='line_1_1' title="bbox 502 378 609 446; baseline 0.037 -4"><span class='ocrx_word' id='word_1_1' title='bbox 502 378 609 446; x_wconf 75' lang='grc'><strong>515</strong></span> 
     </span>
    </p>
   </div>
   <div class='ocr_carea' id='block_1_2' title="bbox 1659 373 2544 438">
    <p class='ocr_par' dir='ltr' id='par_1_2' title="bbox 1659 373 2544 438">
     <span class='ocr_line' id='line_1_2' title="bbox 1659 373 2544 438; baseline -0.001 0"><span class='ocrx_word' id='word_1_2' title='bbox 1659 373 2001 438; x_wconf 74' lang='lat' dir='ltr'><strong>MANUELI</strong></span> <span class='ocrx_word' id='word_1_3' title='bbox 2018 377 2057 433; x_wconf 79' lang='lat' dir='ltr'>S</span> <span class='ocrx_word' id='word_1_4' title='bbox 2096 373 2544 437; x_wconf 61' lang='lat' dir='ltr'><strong>PALAEOLOGI</strong></span> 
     </span>
    </p>
   </div>
   <div class='ocr_carea' id='block_1_3' title="bbox 3673 379 3771 444">
    <p class='ocr_par' dir='ltr' id='par_1_3' title="bbox 3673 379 3771 444">
     <span class='ocr_line' id='line_1_3' title="bbox 3673 379 3771 444; baseline -0.02 0"><span class='ocrx_word' id='word_1_5' title='bbox 3673 379 3771 444; x_wconf 62' lang='lat' dir='ltr'><strong>Elii</strong></span> 
     </span>
    </p>
   </div>
   <div class='ocr_carea' id='block_1_4' title="bbox 502 492 2078 566">
    <p class='ocr_par' dir='ltr' id='par_1_4' title="bbox 502 492 2071 564">
     <span class='ocr_line' id='line_1_4' title="bbox 502 492 2071 564; baseline -0.006 -11"><span class='ocrx_word' id='word_1_6' title='bbox 502 500 646 553; x_wconf 89' lang='lat' dir='ltr'><strong>neris</strong></span> <span class='ocrx_word' id='word_1_7' title='bbox 668 499 794 564; x_wconf 85' lang='lat' dir='ltr'><strong>alia,</strong></span> <span class='ocrx_word' id='word_1_8' title='bbox 818 498 998 562; x_wconf 85' lang='lat' dir='ltr'><strong>deque</strong></span> <span class='ocrx_word' id='word_1_9' title='bbox 1029 495 1263 551; x_wconf 88' lang='lat' dir='ltr'><strong>metallis</strong></span> <span class='ocrx_word' id='word_1_10' title='bbox 1291 493 1514 549; x_wconf 77' lang='lat' dir='ltr'><strong>eximiis</strong></span> <span class='ocrx_word' id='word_1_11' title='bbox 1565 493 1671 547; x_wconf 91' lang='lat' dir='ltr'><strong>alia</strong></span> <span class='ocrx_word' id='word_1_12' title='bbox 1702 492 1844 546; x_wconf 88' lang='lat' dir='ltr'><strong>facta</strong></span> <span class='ocrx_word' id='word_1_13' title='bbox 1891 509 1906 546; x_wconf 89' lang='lat'><strong>:</strong></span> <span class='ocrx_word' id='word_1_14' title='bbox 1945 507 2071 545; x_wconf 69' lang='lat' dir='ltr'><strong>rur~</strong></span> 
     </span>
    </p>
   </div>
   <div class='ocr_carea' id='block_1_5' title="bbox 2182 492 3778 566">
    <p class='ocr_par' dir='ltr' id='par_1_5' title="bbox 2182 493 3778 566">
     <span class='ocr_line' id='line_1_5' title="bbox 2182 493 3778 566; baseline 0 -20"><span class='ocrx_word' id='word_1_15' title='bbox 2182 511 2284 546; x_wconf 84' lang='grc' dir='ltr'><strong>των</strong></span> <span class='ocrx_word' id='word_1_16' title='bbox 2319 493 2598 561; x_wconf 74' lang='grc' dir='ltr'><strong>μετάλλων</strong></span> <span class='ocrx_word' id='word_1_17' title='bbox 2623 493 2816 564; x_wconf 73' lang='grc' dir='ltr'><strong>ἔτερα’</strong></span> <span class='ocrx_word' id='word_1_18' title='bbox 2853 496 2987 566; x_wconf 78' lang='grc' dir='ltr'><strong>πρὸς</strong></span> <span class='ocrx_word' id='word_1_19' title='bbox 3031 497 3085 550; x_wconf 75' lang='grc' dir='ltr'><strong>(Σὲ</strong></span> <span class='ocrx_word' id='word_1_20' title='bbox 3135 498 3229 558; x_wconf 71' lang='grc' dir='ltr'><strong>τὰς</strong></span> <span class='ocrx_word' id='word_1_21' title='bbox 3268 493 3485 565; x_wconf 83' lang='grc' dir='ltr'><strong>χρείας</strong></span> <span class='ocrx_word' id='word_1_22' title='bbox 3537 497 3643 558; x_wconf 70' lang='grc' dir='ltr'><strong>τὰς</strong></span> <span class='ocrx_word' id='word_1_23' title='bbox 3687 515 3778 546; x_wconf 78' lang='grc' dir='ltr'><strong>καο</strong></span> 
     </span>
    </p>
   </div>
   <div class='ocr_carea' id='block_1_6' title="bbox 500 583 2065 655">
    <p class='ocr_par' dir='ltr' id='par_1_6' title="bbox 500 583 2065 655">
     <span class='ocr_line' id='line_1_6' title="bbox 500 583 2065 655; baseline -0.005 -9"><span class='ocrx_word' id='word_1_24' title='bbox 500 608 595 646; x_wconf 83' lang='lat' dir='ltr'><strong>sus</strong></span> <span class='ocrx_word' id='word_1_25' title='bbox 629 593 692 643; x_wconf 84' lang='lat' dir='ltr'><strong>ad</strong></span> <span class='ocrx_word' id='word_1_26' title='bbox 737 606 869 645; x_wconf 90' lang='lat' dir='ltr'><strong>usus</strong></span> <span class='ocrx_word' id='word_1_27' title='bbox 893 588 1206 653; x_wconf 86' lang='lat' dir='ltr'><strong>inferiores,</strong></span> <span class='ocrx_word' id='word_1_28' title='bbox 1232 602 1357 642; x_wconf 85' lang='lat' dir='ltr'><strong>vasa</strong></span> <span class='ocrx_word' id='word_1_29' title='bbox 1391 586 1498 641; x_wconf 84' lang='lat' dir='ltr'><strong>illis</strong></span> <span class='ocrx_word' id='word_1_30' title='bbox 1521 586 1655 655; x_wconf 82' lang='lat' dir='ltr'><strong>ipsis</strong></span> <span class='ocrx_word' id='word_1_31' title='bbox 1684 583 2065 654; x_wconf 74' lang='lat' dir='ltr'><strong>congruentia.</strong></span> 
     </span>
    </p>
   </div>
   <div class='ocr_carea' id='block_1_7' title="bbox 423 675 2071 750">
    <p class='ocr_par' dir='ltr' id='par_1_7' title="bbox 423 675 2071 750">
     <span class='ocr_line' id='line_1_7' title="bbox 423 675 2071 750; baseline -0.007 -12"><span class='ocrx_word' id='word_1_32' title='bbox 423 747 426 750; x_wconf 32' lang='grc'><strong>,</strong></span> <span class='ocrx_word' id='word_1_33' title='bbox 502 684 637 737; x_wconf 84' lang='lat' dir='ltr'><strong>Sunt</strong></span> <span class='ocrx_word' id='word_1_34' title='bbox 665 692 848 734; x_wconf 82' lang='lat' dir='ltr'><strong>autem</strong></span> <span class='ocrx_word' id='word_1_35' title='bbox 875 691 928 736; x_wconf 90' lang='lat' dir='ltr'><strong>et</strong></span> <span class='ocrx_word' id='word_1_36' title='bbox 963 680 1065 733; x_wconf 91' lang='lat' dir='ltr'><strong>alia</strong></span> <span class='ocrx_word' id='word_1_37' title='bbox 1109 695 1233 736; x_wconf 82' lang='lat' dir='ltr'><strong>vasa</strong></span> <span class='ocrx_word' id='word_1_38' title='bbox 1266 679 1514 750; x_wconf 66' lang='lat' dir='ltr'><strong>quaedam</strong></span> <span class='ocrx_word' id='word_1_39' title='bbox 1571 676 1637 730; x_wconf 93' lang='lat' dir='ltr'><strong>ad</strong></span> <span class='ocrx_word' id='word_1_40' title='bbox 1697 675 2071 743; x_wconf 77' lang='lat' dir='ltr'><strong>ignominiam,</strong></span> 
     </span>
    </p>
   </div>
   <div class='ocr_carea' id='block_1_8' title="bbox 502 767 2076 840">
    <p class='ocr_par' dir='ltr' id='par_1_8' title="bbox 502 767 2076 840">
     <span class='ocr_line' id='line_1_8' title="bbox 502 767 2076 840; baseline -0.006 -10"><span class='ocrx_word' id='word_1_41' title='bbox 502 776 672 830; x_wconf 81' lang='lat' dir='ltr'><strong>nihilo</strong></span> <span class='ocrx_word' id='word_1_42' title='bbox 701 774 930 827; x_wconf 85' lang='lat' dir='ltr'><strong>materie</strong></span> <span class='ocrx_word' id='word_1_43' title='bbox 987 771 1242 828; x_wconf 84' lang='lat' dir='ltr'><strong>inferiora</strong></span> <span class='ocrx_word' id='word_1_44' title='bbox 1303 769 1642 840; x_wconf 77' lang='lat' dir='ltr'><strong>dignioribus</strong></span> <span class='ocrx_word' id='word_1_45' title='bbox 1711 767 1843 822; x_wconf 87' lang='lat' dir='ltr'><strong>illis.</strong></span> <span class='ocrx_word' id='word_1_46' title='bbox 1902 768 2076 835; x_wconf 82' lang='lat' dir='ltr'><strong>Atque</strong></span> 
     </span>
    </p>
   </div>
   <div class='ocr_carea' id='block_1_9' title="bbox 502 862 2077 932">
    <p class='ocr_par' dir='ltr' id='par_1_9' title="bbox 502 862 2077 932">
     <span class='ocr_line' id='line_1_9' title="bbox 502 862 2077 932; baseline -0.004 -14"><span class='ocrx_word' id='word_1_47' title='bbox 502 866 617 919; x_wconf 67' lang='lat' dir='ltr'><strong>haec</strong></span> <span class='ocrx_word' id='word_1_48' title='bbox 647 865 830 919; x_wconf 83' lang='lat' dir='ltr'><strong>omnia</strong></span> <span class='ocrx_word' id='word_1_49' title='bbox 863 864 999 918; x_wconf 83' lang='lat' dir='ltr'><strong>fiunt</strong></span> <span class='ocrx_word' id='word_1_50' title='bbox 1032 863 1176 918; x_wconf 91' lang='lat' dir='ltr'><strong>illius</strong></span> <span class='ocrx_word' id='word_1_51' title='bbox 1206 863 1353 932; x_wconf 80' lang='lat' dir='ltr'><strong>justo</strong></span> <span class='ocrx_word' id='word_1_52' title='bbox 1387 862 1617 932; x_wconf 77' lang='lat' dir='ltr'><strong>judicio.</strong></span> <span class='ocrx_word' id='word_1_53' title='bbox 1669 862 1758 930; x_wconf 85' lang='lat' dir='ltr'><strong>qni</strong></span> <span class='ocrx_word' id='word_1_54' title='bbox 1798 874 1926 914; x_wconf 87' lang='lat' dir='ltr'><strong>vasa</strong></span> <span class='ocrx_word' id='word_1_55' title='bbox 1957 871 2077 926; x_wconf 84' lang='lat' dir='ltr'><strong>pos-</strong></span> 
     </span>
    </p>
   </div>
   <div class='ocr_carea' id='block_1_10' title="bbox 503 949 2072 1019">
    <p class='ocr_par' dir='ltr' id='par_1_10' title="bbox 503 949 2072 1019">
     <span class='ocr_line' id='line_1_10' title="bbox 503 949 2072 1019; baseline -0.003 -10"><span class='ocrx_word' id='word_1_56' title='bbox 503 956 662 1009; x_wconf 83' lang='lat' dir='ltr'><strong>sidet.</strong></span> <span class='ocrx_word' id='word_1_57' title='bbox 695 953 760 1008; x_wconf 78' lang='lat' dir='ltr'><strong>Et</strong></span> <span class='ocrx_word' id='word_1_58' title='bbox 789 955 860 1008; x_wconf 92' lang='lat' dir='ltr'><strong>sit</strong></span> <span class='ocrx_word' id='word_1_59' title='bbox 894 969 1027 1009; x_wconf 89' lang='lat' dir='ltr'><strong>sane</strong></span> <span class='ocrx_word' id='word_1_60' title='bbox 1057 954 1138 1005; x_wconf 91' lang='lat' dir='ltr'><strong>vir</strong></span> <span class='ocrx_word' id='word_1_61' title='bbox 1166 953 1361 1016; x_wconf 87' lang='lat' dir='ltr'><strong>bonus,</strong></span> <span class='ocrx_word' id='word_1_62' title='bbox 1415 953 1619 1006; x_wconf 84' lang='lat' dir='ltr'><strong>electus</strong></span> <span class='ocrx_word' id='word_1_63' title='bbox 1645 966 1673 1004; x_wconf 90' lang='lat' dir='ltr'><strong>a</strong></span> <span class='ocrx_word' id='word_1_64' title='bbox 1729 950 1858 1014; x_wconf 74' lang='lat' dir='ltr'><strong>Deo,</strong></span> <span class='ocrx_word' id='word_1_65' title='bbox 1918 949 2072 1019; x_wconf 86' lang='lat' dir='ltr'><strong>quasi</strong></span> 
     </span>
    </p>
   </div>
   <div class='ocr_carea' id='block_1_11' title="bbox 505 1043 2073 1116">
    <p class='ocr_par' dir='ltr' id='par_1_11' title="bbox 505 1043 2073 1116">
     <span class='ocr_line' id='line_1_11' title="bbox 505 1043 2073 1116; baseline -0.002 -16"><span class='ocrx_word' id='word_1_66' title='bbox 505 1049 804 1116; x_wconf 87' lang='lat' dir='ltr'><strong>pretiosum</strong></span> <span class='ocrx_word' id='word_1_67' title='bbox 833 1046 1104 1114; x_wconf 76' lang='lat' dir='ltr'><strong>quoddam</strong></span> <span class='ocrx_word' id='word_1_68' title='bbox 1148 1060 1268 1108; x_wconf 89' lang='lat' dir='ltr'><strong>vas,</strong></span> <span class='ocrx_word' id='word_1_69' title='bbox 1302 1045 1390 1116; x_wconf 87' lang='lat' dir='ltr'><strong>ad</strong></span> <span class='ocrx_word' id='word_1_70' title='bbox 1447 1043 1826 1112; x_wconf 83' lang='lat' dir='ltr'><strong>excipiendam</strong></span> <span class='ocrx_word' id='word_1_71' title='bbox 1899 1044 2073 1112; x_wconf 84' lang='lat' dir='ltr'><strong>ipsius</strong></span> 
     </span>
    </p>
   </div>
   <div class='ocr_carea' id='block_1_12' title="bbox 427 1135 2076 1210">
    <p class='ocr_par' dir='ltr' id='par_1_12' title="bbox 427 1135 2076 1210">
     <span class='ocr_line' id='line_1_12' title="bbox 427 1135 2076 1210; baseline -0.003 -17"><span class='ocrx_word' id='word_1_72' title='bbox 427 1137 444 1146; x_wconf 76' lang='grc'><em>”</em></span> <span class='ocrx_word' id='word_1_73' title='bbox 503 1141 760 1210; x_wconf 83' lang='lat' dir='ltr'><strong>gratiam.</strong></span> <span class='ocrx_word' id='word_1_74' title='bbox 794 1137 1055 1204; x_wconf 81' lang='lat' dir='ltr'><strong>Qui&#39;vero</strong></span> <span class='ocrx_word' id='word_1_75' title='bbox 1088 1137 1261 1190; x_wconf 87' lang='lat' dir='ltr'><strong>malus</strong></span> <span class='ocrx_word' id='word_1_76' title='bbox 1285 1136 1460 1190; x_wconf 88' lang='lat' dir='ltr'><strong>factus</strong></span> <span class='ocrx_word' id='word_1_77' title='bbox 1493 1142 1599 1209; x_wconf 85' lang='lat' dir='ltr'><strong>est,</strong></span> <span class='ocrx_word' id='word_1_78' title='bbox 1632 1150 1695 1190; x_wconf 91' lang='lat' dir='ltr'><strong>ac</strong></span> <span class='ocrx_word' id='word_1_79' title='bbox 1723 1135 1919 1189; x_wconf 87' lang='lat' dir='ltr'><strong>deinde</strong></span> <span class='ocrx_word' id='word_1_80' title='bbox 1980 1148 2076 1202; x_wconf 89' lang='lat' dir='ltr'><strong>per</strong></span> 
     </span>
    </p>
   </div>
   <div class='ocr_carea' id='block_1_13' title="bbox 504 1225 2074 1300">
    <p class='ocr_par' dir='ltr' id='par_1_13' title="bbox 504 1225 2074 1300">
     <span class='ocr_line' id='line_1_13' title="bbox 504 1225 2074 1300; baseline -0.006 -16"><span class='ocrx_word' id='word_1_81' title='bbox 504 1231 937 1300; x_wconf 89' lang='lat' dir='ltr'><strong>resipiscentiam</strong></span> <span class='ocrx_word' id='word_1_82' title='bbox 968 1245 1032 1283; x_wconf 90' lang='lat' dir='ltr'><strong>eo</strong></span> <span class='ocrx_word' id='word_1_83' title='bbox 1060 1243 1310 1284; x_wconf 81' lang='lat' dir='ltr'><strong>reversus</strong></span> <span class='ocrx_word' id='word_1_84' title='bbox 1344 1243 1451 1297; x_wconf 88' lang='lat' dir='ltr'><strong>quo</strong></span> <span class='ocrx_word' id='word_1_85' title='bbox 1485 1226 1751 1292; x_wconf 77' lang='lat' dir='ltr'><strong>debebat,</strong></span> <span class='ocrx_word' id='word_1_86' title='bbox 1789 1225 1911 1280; x_wconf 90' lang='lat' dir='ltr'><strong>aliis</strong></span> <span class='ocrx_word' id='word_1_87' title='bbox 1955 1240 2074 1276; x_wconf 89' lang='lat' dir='ltr'><strong>om-</strong></span> 
     </span>
    </p>
   </div>
   <div class='ocr_carea' id='block_1_14' title="bbox 503 1317 2076 1390">
    <p class='ocr_par' dir='ltr' id='par_1_14' title="bbox 503 1317 2076 1390">
     <span class='ocr_line' id='line_1_14' title="bbox 503 1317 2076 1390; baseline -0.004 -15"><span class='ocrx_word' id='word_1_88' title='bbox 503 1324 664 1375; x_wconf 81' lang='lat' dir='ltr'><strong>nibus</strong></span> <span class='ocrx_word' id='word_1_89' title='bbox 688 1332 770 1377; x_wconf 89' lang='lat' dir='ltr'><strong>est</strong></span> <span class='ocrx_word' id='word_1_90' title='bbox 793 1323 1050 1390; x_wconf 81' lang='lat' dir='ltr'><strong>capacior</strong></span> <span class='ocrx_word' id='word_1_91' title='bbox 1078 1321 1221 1374; x_wconf 90' lang='lat' dir='ltr'><strong>illius</strong></span> <span class='ocrx_word' id='word_1_92' title='bbox 1285 1319 1693 1384; x_wconf 69' lang='lat' dir='ltr'><strong>misericordiie,</strong></span> <span class='ocrx_word' id='word_1_93' title='bbox 1749 1332 1868 1387; x_wconf 61' lang='lat' dir='ltr'><strong>qua:</strong></span> <span class='ocrx_word' id='word_1_94' title='bbox 1899 1331 1926 1368; x_wconf 92' lang='lat' dir='ltr'><strong>a</strong></span> <span class='ocrx_word' id='word_1_95' title='bbox 1968 1317 2076 1368; x_wconf 86' lang='lat' dir='ltr'><strong>cle-</strong></span> 
     </span>
    </p>
   </div>
   <div class='ocr_carea' id='block_1_15' title="bbox 506 1408 2073 1482">
    <p class='ocr_par' dir='ltr' id='par_1_15' title="bbox 506 1408 2073 1482">
     <span class='ocr_line' id='line_1_15' title="bbox 506 1408 2073 1482; baseline -0.004 -15"><span class='ocrx_word' id='word_1_96' title='bbox 506 1414 704 1467; x_wconf 85' lang='lat' dir='ltr'><strong>mentia</strong></span> <span class='ocrx_word' id='word_1_97' title='bbox 733 1414 998 1482; x_wconf 89' lang='lat' dir='ltr'><strong>provenit.</strong></span> <span class='ocrx_word' id='word_1_98' title='bbox 1032 1411 1396 1482; x_wconf 88' lang='lat' dir='ltr'><strong>lgnomiuiosa</strong></span> <span class='ocrx_word' id='word_1_99' title='bbox 1429 1411 1660 1480; x_wconf 85' lang='lat' dir='ltr'><strong>denique</strong></span> <span class='ocrx_word' id='word_1_100' title='bbox 1689 1425 1816 1465; x_wconf 88' lang='lat' dir='ltr'><strong>vasa</strong></span> <span class='ocrx_word' id='word_1_101' title='bbox 1847 1408 2073 1473; x_wconf 80' lang='lat' dir='ltr'><strong>fuerint,</strong></span> 
     </span>
    </p>
   </div>
   <div class='ocr_carea' id='block_1_16' title="bbox 504 1488 2076 1575">
    <p class='ocr_par' dir='ltr' id='par_1_16' title="bbox 504 1488 2076 1575">
     <span class='ocr_line' id='line_1_16' title="bbox 504 1488 2076 1575; baseline -0.003 -16"><span class='ocrx_word' id='word_1_102' title='bbox 504 1488 718 1573; x_wconf 87' lang='lat' dir='ltr'><strong>opinor,</strong></span> <span class='ocrx_word' id='word_1_103' title='bbox 755 1506 832 1560; x_wconf 91' lang='lat' dir='ltr'><strong>illi</strong></span> <span class='ocrx_word' id='word_1_104' title='bbox 865 1505 956 1575; x_wconf 92' lang='lat' dir='ltr'><strong>qni</strong></span> <span class='ocrx_word' id='word_1_105' title='bbox 1010 1515 1066 1559; x_wconf 89' lang='lat' dir='ltr'><strong>et</strong></span> <span class='ocrx_word' id='word_1_106' title='bbox 1120 1504 1286 1559; x_wconf 88' lang='lat' dir='ltr'><strong>vitam</strong></span> <span class='ocrx_word' id='word_1_107' title='bbox 1319 1505 1373 1559; x_wconf 91' lang='lat' dir='ltr'><strong>in</strong></span> <span class='ocrx_word' id='word_1_108' title='bbox 1435 1503 1758 1558; x_wconf 82' lang='lat' dir='ltr'><strong>infidelitate</strong></span> <span class='ocrx_word' id='word_1_109' title='bbox 1810 1501 2076 1570; x_wconf 90' lang='lat' dir='ltr'><strong>malisque</strong></span> 
     </span>
    </p>
   </div>
   <div class='ocr_carea' id='block_1_17' title="bbox 504 1593 2078 1672">
    <p class='ocr_par' dir='ltr' id='par_1_17' title="bbox 504 1593 2078 1672">
     <span class='ocr_line' id='line_1_17' title="bbox 504 1593 2078 1672; baseline -0.004 -21"><span class='ocrx_word' id='word_1_110' title='bbox 504 1595 850 1672; x_wconf 74' lang='lat' dir='ltr'><strong>dogmatibus</strong></span> <span class='ocrx_word' id='word_1_111' title='bbox 872 1605 1188 1664; x_wconf 77' lang='lat' dir='ltr'><strong>exegerunt,</strong></span> <span class='ocrx_word' id='word_1_112' title='bbox 1221 1603 1275 1650; x_wconf 87' lang='lat' dir='ltr'><strong>et</strong></span> <span class='ocrx_word' id='word_1_113' title='bbox 1309 1593 1516 1664; x_wconf 85' lang='lat' dir='ltr'><strong>quibus</strong></span> <span class='ocrx_word' id='word_1_114' title='bbox 1550 1608 1713 1647; x_wconf 91' lang='lat' dir='ltr'><strong>unum</strong></span> <span class='ocrx_word' id='word_1_115' title='bbox 1749 1593 1854 1648; x_wconf 91' lang='lat' dir='ltr'><strong>boe</strong></span> <span class='ocrx_word' id='word_1_116' title='bbox 1887 1607 2078 1661; x_wconf 88' lang='lat' dir='ltr'><strong>perpe-</strong></span> 
     </span>
    </p>
   </div>
   <div class='ocr_carea' id='block_1_18' title="bbox 505 1682 2074 1749">
    <p class='ocr_par' dir='ltr' id='par_1_18' title="bbox 505 1682 2074 1749">
     <span class='ocr_line' id='line_1_18' title="bbox 505 1682 2074 1749; baseline -0.004 -9"><span class='ocrx_word' id='word_1_117' title='bbox 505 1696 598 1740; x_wconf 92' lang='lat' dir='ltr'><strong>tuo</strong></span> <span class='ocrx_word' id='word_1_118' title='bbox 627 1685 779 1740; x_wconf 82' lang='lat' dir='ltr'><strong>cordi</strong></span> <span class='ocrx_word' id='word_1_119' title='bbox 812 1694 951 1745; x_wconf 85' lang='lat' dir='ltr'><strong>erat,</strong></span> <span class='ocrx_word' id='word_1_120' title='bbox 975 1694 1030 1738; x_wconf 92' lang='lat' dir='ltr'><strong>ut</strong></span> <span class='ocrx_word' id='word_1_121' title='bbox 1081 1684 1277 1738; x_wconf 85' lang='lat' dir='ltr'><strong>vitiose</strong></span> <span class='ocrx_word' id='word_1_122' title='bbox 1316 1685 1576 1749; x_wconf 81' lang='lat' dir='ltr'><strong>viverent,</strong></span> <span class='ocrx_word' id='word_1_123' title='bbox 1637 1697 1744 1736; x_wconf 91' lang='lat' dir='ltr'><strong>nou</strong></span> <span class='ocrx_word' id='word_1_124' title='bbox 1779 1682 1968 1744; x_wconf 89' lang='lat' dir='ltr'><strong>etiam,</strong></span> <span class='ocrx_word' id='word_1_125' title='bbox 2017 1689 2074 1734; x_wconf 90' lang='lat' dir='ltr'><strong>ut</strong></span> 
     </span>
    </p>
   </div>
   <div class='ocr_carea' id='block_1_19' title="bbox 505 1772 2076 1844">
    <p class='ocr_par' dir='ltr' id='par_1_19' title="bbox 505 1772 2076 1844">
     <span class='ocr_line' id='line_1_19' title="bbox 505 1772 2076 1844; baseline -0.003 -14"><span class='ocrx_word' id='word_1_126' title='bbox 505 1777 913 1844; x_wconf 82' lang='lat' dir='ltr'><strong>resipiscerent,</strong></span> <span class='ocrx_word' id='word_1_127' title='bbox 947 1775 1165 1842; x_wconf 78' lang='lat' dir='ltr'><strong>quando</strong></span> <span class='ocrx_word' id='word_1_128' title='bbox 1194 1772 1287 1842; x_wconf 91' lang='lat' dir='ltr'><strong>qui</strong></span> <span class='ocrx_word' id='word_1_129' title='bbox 1323 1773 1558 1844; x_wconf 86' lang='lat' dir='ltr'><strong>pessima</strong></span> <span class='ocrx_word' id='word_1_130' title='bbox 1593 1781 1948 1842; x_wconf 84' lang='lat' dir='ltr'><strong>peregerunt,</strong></span> <span class='ocrx_word' id='word_1_131' title='bbox 2011 1785 2076 1826; x_wconf 88' lang='lat' dir='ltr'><strong>ac</strong></span> 
     </span>
    </p>
   </div>
   <div class='ocr_carea' id='block_1_20' title="bbox 2176 586 3782 657">
    <p class='ocr_par' dir='ltr' id='par_1_20' title="bbox 2176 586 3782 657">
     <span class='ocr_line' id='line_1_20' title="bbox 2176 586 3782 657; baseline 0.001 -18"><span class='ocrx_word' id='word_1_132' title='bbox 2176 588 2404 653; x_wconf 84' lang='grc' dir='ltr'><strong>τωτέρω</strong></span> <span class='ocrx_word' id='word_1_133' title='bbox 2449 590 2520 640; x_wconf 83' lang='grc' dir='ltr'><strong>τὰ</strong></span> <span class='ocrx_word' id='word_1_134' title='bbox 2561 588 2818 642; x_wconf 75' lang='grc' dir='ltr'><strong>ταυταισὶ</strong></span> <span class='ocrx_word' id='word_1_135' title='bbox 2869 591 3184 657; x_wconf 80' lang='grc' dir='ltr'><strong>κατάλληλά</strong></span> <span class='ocrx_word' id='word_1_136' title='bbox 3224 606 3288 642; x_wconf 85' lang='grc' dir='ltr'><strong>τε</strong></span> <span class='ocrx_word' id='word_1_137' title='bbox 3343 590 3450 642; x_wconf 83' lang='grc' dir='ltr'><strong>καὶ</strong></span> <span class='ocrx_word' id='word_1_138' title='bbox 3505 586 3782 657; x_wconf 74' lang='grc' dir='ltr'><strong>συμϐησόσ</strong></span> 
     </span>
    </p>
   </div>
   <div class='ocr_carea' id='block_1_21' title="bbox 2180 673 3783 750">
    <p class='ocr_par' dir='ltr' id='par_1_21' title="bbox 2180 673 3783 750">
     <span class='ocr_line' id='line_1_21' title="bbox 2180 673 3783 750; baseline 0.001 -20"><span class='ocrx_word' id='word_1_139' title='bbox 2180 696 2336 748; x_wconf 88' lang='grc' dir='ltr'><strong>μενα.</strong></span> <span class='ocrx_word' id='word_1_140' title='bbox 2377 681 2532 734; x_wconf 82' lang='grc' dir='ltr'><strong>Ἐστι</strong></span> <span class='ocrx_word' id='word_1_141' title='bbox 2571 681 2628 735; x_wconf 78' lang='grc' dir='ltr'><strong>δὲ</strong></span> <span class='ocrx_word' id='word_1_142' title='bbox 2661 683 2756 735; x_wconf 68' lang='grc' dir='ltr'><strong>καὶ</strong></span> <span class='ocrx_word' id='word_1_143' title='bbox 2784 681 2917 736; x_wconf 73' lang='grc' dir='ltr'><strong>ἄλλα</strong></span> <span class='ocrx_word' id='word_1_144' title='bbox 2956 682 3126 750; x_wconf 85' lang='grc' dir='ltr'><strong>σκεύη</strong></span> <span class='ocrx_word' id='word_1_145' title='bbox 3157 681 3301 749; x_wconf 70' lang='grc' dir='ltr'><strong>πρὸς</strong></span> <span class='ocrx_word' id='word_1_146' title='bbox 3336 679 3609 749; x_wconf 75' lang='grc' dir='ltr'><strong>ἀτιμίαν,</strong></span> <span class='ocrx_word' id='word_1_147' title='bbox 3636 673 3783 733; x_wconf 77' lang='grc' dir='ltr'><strong>οὖδὲν</strong></span> 
     </span>
    </p>
   </div>
   <div class='ocr_carea' id='block_1_22' title="bbox 2177 770 3779 841">
    <p class='ocr_par' dir='ltr' id='par_1_22' title="bbox 2177 770 3779 841">
     <span class='ocr_line' id='line_1_22' title="bbox 2177 770 3779 841; baseline 0.002 -19"><span class='ocrx_word' id='word_1_148' title='bbox 2177 770 2318 824; x_wconf 79' lang='grc' dir='ltr'><strong>κατά</strong></span> <span class='ocrx_word' id='word_1_149' title='bbox 2357 772 2458 841; x_wconf 77' lang='grc' dir='ltr'><strong>τὴν</strong></span> <span class='ocrx_word' id='word_1_150' title='bbox 2511 771 2646 838; x_wconf 83' lang='grc' dir='ltr'><strong>ὓλην</strong></span> <span class='ocrx_word' id='word_1_151' title='bbox 2697 772 2904 826; x_wconf 78' lang='grc' dir='ltr'><strong>ἐλάττω</strong></span> <span class='ocrx_word' id='word_1_152' title='bbox 2954 773 3062 826; x_wconf 81' lang='grc' dir='ltr'><strong>τῶν</strong></span> <span class='ocrx_word' id='word_1_153' title='bbox 3106 771 3480 841; x_wconf 79' lang='grc' dir='ltr'><strong>τιμιωτέρων</strong></span> <span class='ocrx_word' id='word_1_154' title='bbox 3537 772 3779 826; x_wconf 75' lang='grc' dir='ltr'><strong>ἐκείνων.</strong></span> 
     </span>
    </p>
   </div>
   <div class='ocr_carea' id='block_1_23' title="bbox 2177 861 3782 932">
    <p class='ocr_par' dir='ltr' id='par_1_23' title="bbox 2177 861 3782 932">
     <span class='ocr_line' id='line_1_23' title="bbox 2177 861 3782 932; baseline -0.001 -18"><span class='ocrx_word' id='word_1_155' title='bbox 2177 861 2290 914; x_wconf 68' lang='grc' dir='ltr'><strong>Καὶ</strong></span> <span class='ocrx_word' id='word_1_156' title='bbox 2319 863 2490 916; x_wconf 80' lang='grc' dir='ltr'><strong>ταῦτα</strong></span> <span class='ocrx_word' id='word_1_157' title='bbox 2523 863 2731 930; x_wconf 84' lang='grc' dir='ltr'><strong>γίνεται</strong></span> <span class='ocrx_word' id='word_1_158' title='bbox 2765 863 2964 924; x_wconf 85' lang='grc' dir='ltr'><strong>πάντα,</strong></span> <span class='ocrx_word' id='word_1_159' title='bbox 2997 863 3171 932; x_wconf 77' lang='grc' dir='ltr'><strong>κρίσει</strong></span> <span class='ocrx_word' id='word_1_160' title='bbox 3196 863 3420 932; x_wconf 74' lang='grc' dir='ltr'><strong>δικαίᾳ</strong></span> <span class='ocrx_word' id='word_1_161' title='bbox 3451 861 3554 915; x_wconf 81' lang='grc' dir='ltr'><strong>τοῦ</strong></span> <span class='ocrx_word' id='word_1_162' title='bbox 3589 877 3782 927; x_wconf 69' lang='grc' dir='ltr'><strong>κεκτή-</strong></span> 
     </span>
    </p>
   </div>
   <div class='ocr_carea' id='block_1_24' title="bbox 2181 951 3781 1022">
    <p class='ocr_par' dir='ltr' id='par_1_24' title="bbox 2181 951 3781 1022">
     <span class='ocr_line' id='line_1_24' title="bbox 2181 951 3781 1022; baseline -0.001 -17"><span class='ocrx_word' id='word_1_163' title='bbox 2181 952 2342 1020; x_wconf 79' lang='grc' dir='ltr'><strong>μένου</strong></span> <span class='ocrx_word' id='word_1_164' title='bbox 2367 952 2437 1005; x_wconf 84' lang='grc' dir='ltr'><strong>τά</strong></span> <span class='ocrx_word' id='word_1_165' title='bbox 2471 952 2664 1022; x_wconf 85' lang='grc' dir='ltr'><strong>σκεύη.</strong></span> <span class='ocrx_word' id='word_1_166' title='bbox 2705 953 2804 1021; x_wconf 82' lang='grc' dir='ltr'><strong>Εἴη</strong></span> <span class='ocrx_word' id='word_1_167' title='bbox 2837 953 2881 1006; x_wconf 81' lang='grc' dir='ltr'><strong>δ’</strong></span> <span class='ocrx_word' id='word_1_168' title='bbox 2907 953 2973 1006; x_wconf 83' lang='grc' dir='ltr'><strong>ἂν</strong></span> <span class='ocrx_word' id='word_1_169' title='bbox 2997 956 3026 1005; x_wconf 84' lang='grc' dir='ltr'>ὁ</span> <span class='ocrx_word' id='word_1_170' title='bbox 3064 953 3164 1021; x_wconf 79' lang='grc' dir='ltr'><strong>μὲν</strong></span> <span class='ocrx_word' id='word_1_171' title='bbox 3189 952 3412 1020; x_wconf 76' lang='grc' dir='ltr'><strong>ἀγαθὸς</strong></span> <span class='ocrx_word' id='word_1_172' title='bbox 3452 951 3603 1019; x_wconf 82' lang='grc' dir='ltr'><strong>ἀνὴρ</strong></span> <span class='ocrx_word' id='word_1_173' title='bbox 3632 952 3781 1005; x_wconf 75' lang='grc' dir='ltr'><strong>ἐκλε-</strong></span> 
     </span>
    </p>
   </div>
   <div class='ocr_carea' id='block_1_25' title="bbox 2177 1032 3782 1114">
    <p class='ocr_par' dir='ltr' id='par_1_25' title="bbox 2177 1032 3782 1114">
     <span class='ocr_line' id='line_1_25' title="bbox 2177 1032 3782 1114; baseline 0.002 -21"><span class='ocrx_word' id='word_1_174' title='bbox 2177 1042 2442 1113; x_wconf 81' lang='grc' dir='ltr'><strong>λεγμένος</strong></span> <span class='ocrx_word' id='word_1_175' title='bbox 2489 1043 2567 1113; x_wconf 86' lang='grc' dir='ltr'>τῷ</span> <span class='ocrx_word' id='word_1_176' title='bbox 2596 1044 2736 1113; x_wconf 84' lang='grc' dir='ltr'><strong>Θεῷ,</strong></span> <span class='ocrx_word' id='word_1_177' title='bbox 2773 1045 2965 1114; x_wconf 80' lang='grc' dir='ltr'><strong>ὥσπερ</strong></span> <span class='ocrx_word' id='word_1_178' title='bbox 2995 1063 3046 1096; x_wconf 90' lang='grc' dir='ltr'><strong>τι</strong></span> <span class='ocrx_word' id='word_1_179' title='bbox 3079 1045 3276 1107; x_wconf 81' lang='grc' dir='ltr'><strong>σκεῦος</strong></span> <span class='ocrx_word' id='word_1_180' title='bbox 3315 1045 3521 1113; x_wconf 87' lang='grc' dir='ltr'><strong>τίμιον</strong></span> <span class='ocrx_word' id='word_1_181' title='bbox 3555 1038 3695 1112; x_wconf 76' lang='grc' dir='ltr'><strong>πρὸς</strong></span> <span class='ocrx_word' id='word_1_182' title='bbox 3725 1032 3782 1096; x_wconf 57' lang='lat' dir='ltr'><strong>ab</strong></span> 
     </span>
    </p>
   </div>
   <div class='ocr_carea' id='block_1_26' title="bbox 2177 1135 3780 1206">
    <p class='ocr_par' dir='ltr' id='par_1_26' title="bbox 2177 1135 3780 1206">
     <span class='ocr_line' id='line_1_26' title="bbox 2177 1135 3780 1206; baseline -0.001 -18"><span class='ocrx_word' id='word_1_183' title='bbox 2177 1135 2276 1204; x_wconf 84' lang='grc' dir='ltr'><strong>τὴν</strong></span> <span class='ocrx_word' id='word_1_184' title='bbox 2304 1136 2468 1190; x_wconf 81' lang='grc' dir='ltr'><strong>αὑτοῦ</strong></span> <span class='ocrx_word' id='word_1_185' title='bbox 2503 1137 2665 1206; x_wconf 81' lang='grc' dir='ltr'>χάριν</span> <span class='ocrx_word' id='word_1_186' title='bbox 2713 1137 3006 1201; x_wconf 80' lang='grc' dir='ltr'><strong>δέξασθαι·</strong></span> <span class='ocrx_word' id='word_1_187' title='bbox 3039 1139 3067 1190; x_wconf 80' lang='grc' dir='ltr'><strong>ὁ</strong></span> <span class='ocrx_word' id='word_1_188' title='bbox 3101 1137 3160 1190; x_wconf 81' lang='grc' dir='ltr'><strong>δὲ</strong></span> <span class='ocrx_word' id='word_1_189' title='bbox 3213 1136 3406 1200; x_wconf 77' lang='grc' dir='ltr'><strong>κακὸς</strong></span> <span class='ocrx_word' id='word_1_190' title='bbox 3455 1137 3780 1205; x_wconf 77' lang='grc' dir='ltr'><strong>γενόμενος.</strong></span> 
     </span>
    </p>
   </div>
   <div class='ocr_carea' id='block_1_27' title="bbox 2179 1220 3784 1297">
    <p class='ocr_par' dir='ltr' id='par_1_27' title="bbox 2179 1220 3784 1297">
     <span class='ocr_line' id='line_1_27' title="bbox 2179 1220 3784 1297; baseline 0.001 -21"><span class='ocrx_word' id='word_1_191' title='bbox 2179 1220 2282 1280; x_wconf 67' lang='grc' dir='ltr'><strong>εἶτ’</strong></span> <span class='ocrx_word' id='word_1_192' title='bbox 2336 1227 2650 1280; x_wconf 77' lang='grc' dir='ltr'><strong>ἐπανελθὼν</strong></span> <span class='ocrx_word' id='word_1_193' title='bbox 2701 1228 2789 1280; x_wconf 68' lang='grc' dir='ltr'><strong>διὰ</strong></span> <span class='ocrx_word' id='word_1_194' title='bbox 2850 1229 3134 1296; x_wconf 74' lang='grc' dir='ltr'><strong>μετανοίας</strong></span> <span class='ocrx_word' id='word_1_195' title='bbox 3183 1229 3269 1294; x_wconf 76' lang='grc' dir='ltr'>ἐφ’</span> <span class='ocrx_word' id='word_1_196' title='bbox 3303 1229 3460 1297; x_wconf 81' lang='grc' dir='ltr'><strong>ὅπερ</strong></span> <span class='ocrx_word' id='word_1_197' title='bbox 3514 1227 3650 1289; x_wconf 77' lang='grc' dir='ltr'><strong>ἔδει,</strong></span> <span class='ocrx_word' id='word_1_198' title='bbox 3683 1227 3784 1278; x_wconf 83' lang='grc' dir='ltr'><strong>τῶν</strong></span> 
     </span>
    </p>
   </div>
   <div class='ocr_carea' id='block_1_28' title="bbox 2178 1317 3780 1391">
    <p class='ocr_par' dir='ltr' id='par_1_28' title="bbox 2178 1317 3780 1391">
     <span class='ocr_line' id='line_1_28' title="bbox 2178 1317 3780 1391; baseline -0.001 -19"><span class='ocrx_word' id='word_1_199' title='bbox 2178 1318 2350 1372; x_wconf 80' lang='grc' dir='ltr'><strong>ἄλλων</strong></span> <span class='ocrx_word' id='word_1_200' title='bbox 2373 1317 2592 1391; x_wconf 76' lang='grc' dir='ltr'><strong>πάντων</strong></span> <span class='ocrx_word' id='word_1_201' title='bbox 2618 1318 2970 1390; x_wconf 79' lang='grc' dir='ltr'><strong>χωρητικώτε</strong></span> <span class='ocrx_word' id='word_1_202' title='bbox 2979 1337 3072 1390; x_wconf 87' lang='grc' dir='ltr'><strong>ρος</strong></span> <span class='ocrx_word' id='word_1_203' title='bbox 3095 1319 3188 1374; x_wconf 79' lang='grc' dir='ltr'><strong>τοῦ</strong></span> <span class='ocrx_word' id='word_1_204' title='bbox 3211 1320 3320 1388; x_wconf 85' lang='grc' dir='ltr'><strong>τῆς</strong></span> <span class='ocrx_word' id='word_1_205' title='bbox 3346 1318 3780 1388; x_wconf 67' lang='grc' dir='ltr'><strong>φιλανθρωπίας</strong></span> 
     </span>
    </p>
   </div>
   <div class='ocr_carea' id='block_1_29' title="bbox 2183 1397 3778 1483">
    <p class='ocr_par' dir='ltr' id='par_1_29' title="bbox 2183 1397 3778 1483">
     <span class='ocr_line' id='line_1_29' title="bbox 2183 1397 3778 1483; baseline -0.001 -21"><span class='ocrx_word' id='word_1_206' title='bbox 2183 1411 2388 1474; x_wconf 78' lang='grc' dir='ltr'><strong>ἐλέους.</strong></span> <span class='ocrx_word' id='word_1_207' title='bbox 2447 1410 2531 1464; x_wconf 81' lang='grc' dir='ltr'><strong>Τὰ</strong></span> <span class='ocrx_word' id='word_1_208' title='bbox 2583 1411 2638 1464; x_wconf 81' lang='grc' dir='ltr'><strong>δὲ</strong></span> <span class='ocrx_word' id='word_1_209' title='bbox 2681 1412 2983 1483; x_wconf 78' lang='grc' dir='ltr'><strong>ἀτιμότερα</strong></span> <span class='ocrx_word' id='word_1_210' title='bbox 3043 1415 3211 1481; x_wconf 84' lang='grc' dir='ltr'><strong>σκεύη</strong></span> <span class='ocrx_word' id='word_1_211' title='bbox 3274 1406 3404 1466; x_wconf 76' lang='grc' dir='ltr'><strong>εἷεν</strong></span> <span class='ocrx_word' id='word_1_212' title='bbox 3459 1412 3554 1475; x_wconf 80' lang='grc' dir='ltr'><strong>ἂν,</strong></span> <span class='ocrx_word' id='word_1_213' title='bbox 3610 1397 3778 1477; x_wconf 71' lang='grc' dir='ltr'><strong>οἶμαι,</strong></span> 
     </span>
    </p>
   </div>
   <div class='ocr_carea' id='block_1_30' title="bbox 2178 1501 3778 1574">
    <p class='ocr_par' dir='ltr' id='par_1_30' title="bbox 2178 1501 3778 1574">
     <span class='ocr_line' id='line_1_30' title="bbox 2178 1501 3778 1574; baseline 0 -22"><span class='ocrx_word' id='word_1_214' title='bbox 2178 1501 2402 1569; x_wconf 80' lang='grc' dir='ltr'><strong>ἐκεῖνοι,</strong></span> <span class='ocrx_word' id='word_1_215' title='bbox 2439 1503 2491 1556; x_wconf 78' lang='grc' dir='ltr'><strong>οἶ</strong></span> <span class='ocrx_word' id='word_1_216' title='bbox 2539 1521 2598 1557; x_wconf 89' lang='grc' dir='ltr'><strong>τε</strong></span> <span class='ocrx_word' id='word_1_217' title='bbox 2645 1503 2737 1557; x_wconf 74' lang='grc' dir='ltr'><strong>τὸν</strong></span> <span class='ocrx_word' id='word_1_218' title='bbox 2785 1505 2897 1574; x_wconf 81' lang='grc' dir='ltr'><strong>βίον</strong></span> <span class='ocrx_word' id='word_1_219' title='bbox 2952 1504 3214 1572; x_wconf 81' lang='grc' dir='ltr'><strong>διήνυσαν</strong></span> <span class='ocrx_word' id='word_1_220' title='bbox 3267 1506 3336 1556; x_wconf 81' lang='grc' dir='ltr'><strong>ὲν</strong></span> <span class='ocrx_word' id='word_1_221' title='bbox 3397 1502 3644 1573; x_wconf 80' lang='grc' dir='ltr'><strong>ἀπιστίᾳ</strong></span> <span class='ocrx_word' id='word_1_222' title='bbox 3694 1503 3778 1555; x_wconf 75' lang='grc' dir='ltr'><strong>καὶ</strong></span> 
     </span>
    </p>
   </div>
   <div class='ocr_carea' id='block_1_31' title="bbox 2176 1591 3777 1670">
    <p class='ocr_par' dir='ltr' id='par_1_31' title="bbox 2176 1591 3777 1670">
     <span class='ocr_line' id='line_1_31' title="bbox 2176 1591 3777 1670; baseline -0.001 -22"><span class='ocrx_word' id='word_1_223' title='bbox 2176 1594 2446 1665; x_wconf 74' lang='grc' dir='ltr'><strong>δόγμασιν</strong></span> <span class='ocrx_word' id='word_1_224' title='bbox 2490 1595 2550 1648; x_wconf 79' lang='grc' dir='ltr'><strong>οὐ</strong></span> <span class='ocrx_word' id='word_1_225' title='bbox 2608 1595 2818 1670; x_wconf 77' lang='grc' dir='ltr'><strong>καλοῖς,</strong></span> <span class='ocrx_word' id='word_1_226' title='bbox 2851 1595 2945 1668; x_wconf 67' lang='grc' dir='ltr'><strong>κα).</strong></span> <span class='ocrx_word' id='word_1_227' title='bbox 2973 1591 3055 1658; x_wconf 76' lang='grc' dir='ltr'><strong>οἷς</strong></span> <span class='ocrx_word' id='word_1_228' title='bbox 3099 1596 3161 1648; x_wconf 86' lang='grc' dir='ltr'><strong>τὸ</strong></span> <span class='ocrx_word' id='word_1_229' title='bbox 3195 1594 3298 1665; x_wconf 74' lang='grc' dir='ltr'><strong>ζῇν</strong></span> <span class='ocrx_word' id='word_1_230' title='bbox 3339 1597 3404 1648; x_wconf 80' lang='grc' dir='ltr'><strong>ὲν</strong></span> <span class='ocrx_word' id='word_1_231' title='bbox 3441 1597 3564 1657; x_wconf 81' lang='grc' dir='ltr'><strong>τοῖς</strong></span> <span class='ocrx_word' id='word_1_232' title='bbox 3595 1597 3777 1658; x_wconf 78' lang='grc' dir='ltr'><strong>κακοῖς</strong></span> 
     </span>
    </p>
   </div>
   <div class='ocr_carea' id='block_1_32' title="bbox 2178 1685 3772 1759">
    <p class='ocr_par' dir='ltr' id='par_1_32' title="bbox 2178 1685 3772 1759">
     <span class='ocr_line' id='line_1_32' title="bbox 2178 1685 3772 1759; baseline 0 -20"><span class='ocrx_word' id='word_1_233' title='bbox 2178 1687 2340 1758; x_wconf 73' lang='grc' dir='ltr'><strong>ἔργον</strong></span> <span class='ocrx_word' id='word_1_234' title='bbox 2371 1685 2438 1759; x_wconf 74' lang='grc' dir='ltr'><strong>ἦν</strong></span> <span class='ocrx_word' id='word_1_235' title='bbox 2488 1689 2766 1757; x_wconf 80' lang='grc' dir='ltr'><strong>διηνεκὲς,</strong></span> <span class='ocrx_word' id='word_1_236' title='bbox 2811 1687 2874 1741; x_wconf 83' lang='grc' dir='ltr'><strong>τὸ</strong></span> <span class='ocrx_word' id='word_1_237' title='bbox 2907 1687 2964 1741; x_wconf 87' lang='grc' dir='ltr'><strong>δὲ</strong></span> <span class='ocrx_word' id='word_1_238' title='bbox 2997 1687 3466 1758; x_wconf 79' lang='grc' dir='ltr'><strong>μεταμεληθῆναι</strong></span> <span class='ocrx_word' id='word_1_239' title='bbox 3528 1688 3631 1741; x_wconf 74' lang='grc' dir='ltr'><strong>οὐκ</strong></span> <span class='ocrx_word' id='word_1_240' title='bbox 3662 1686 3772 1739; x_wconf 75' lang='grc' dir='ltr'><strong>ἔτι·</strong></span> 
     </span>
    </p>
   </div>
   <div class='ocr_carea' id='block_1_33' title="bbox 2177 1766 3770 1853">
    <p class='ocr_par' dir='ltr' id='par_1_33' title="bbox 2177 1766 3770 1853">
     <span class='ocr_line' id='line_1_33' title="bbox 2177 1766 3770 1853; baseline -0.001 -17"><span class='ocrx_word' id='word_1_241' title='bbox 2177 1784 2252 1846; x_wconf 84' lang='grc' dir='ltr'><strong>ὡς</strong></span> <span class='ocrx_word' id='word_1_242' title='bbox 2300 1786 2349 1836; x_wconf 86' lang='grc' dir='ltr'><strong>οί</strong></span> <span class='ocrx_word' id='word_1_243' title='bbox 2393 1766 2462 1836; x_wconf 73' lang='grc' dir='ltr'><strong>τά</strong></span> <span class='ocrx_word' id='word_1_244' title='bbox 2502 1783 2750 1853; x_wconf 77' lang='grc' dir='ltr'><strong>χείριστα</strong></span> <span class='ocrx_word' id='word_1_245' title='bbox 2786 1781 2887 1853; x_wconf 76' lang='grc' dir='ltr'><strong>μὲν</strong></span> <span class='ocrx_word' id='word_1_246' title='bbox 2923 1780 3399 1850; x_wconf 78' lang='grc' dir='ltr'><strong>διαπραξάμενοι,</strong></span> <span class='ocrx_word' id='word_1_247' title='bbox 3435 1777 3566 1834; x_wconf 74' lang='grc' dir='ltr'><strong>εἶτα</strong></span> <span class='ocrx_word' id='word_1_248' title='bbox 3613 1797 3770 1850; x_wconf 85' lang='grc' dir='ltr'><strong>μετα·</strong></span> 
     </span>
    </p>
   </div>
   <div class='ocr_carea' id='block_1_34' title="bbox 507 1861 2078 1956">
    <p class='ocr_par' dir='ltr' id='par_1_34' title="bbox 507 1861 2072 1944">
     <span class='ocr_line' id='line_1_34' title="bbox 507 1861 2072 1944; baseline -0.004 -22"><span class='ocrx_word' id='word_1_249' title='bbox 507 1867 704 1922; x_wconf 88' lang='lat' dir='ltr'><strong>deinde</strong></span> <span class='ocrx_word' id='word_1_250' title='bbox 721 1881 844 1920; x_wconf 90' lang='lat' dir='ltr'><strong>cum</strong></span> <span class='ocrx_word' id='word_1_251' title='bbox 863 1866 1180 1944; x_wconf 59' lang='lat' dir='ltr'><strong>paenitentia</strong></span> <span class='ocrx_word' id='word_1_252' title='bbox 1199 1867 1266 1920; x_wconf 91' lang='lat' dir='ltr'><strong>de</strong></span> <span class='ocrx_word' id='word_1_253' title='bbox 1283 1865 1384 1919; x_wconf 88' lang='lat' dir='ltr'><strong>bac</strong></span> <span class='ocrx_word' id='word_1_254' title='bbox 1403 1866 1512 1920; x_wconf 84' lang='lat' dir='ltr'><strong>vita</strong></span> <span class='ocrx_word' id='word_1_255' title='bbox 1541 1865 1862 1935; x_wconf 89' lang='lat' dir='ltr'><strong>migrarunt,</strong></span> <span class='ocrx_word' id='word_1_256' title='bbox 1883 1878 1989 1917; x_wconf 90' lang='lat' dir='ltr'><strong>non</strong></span> <span class='ocrx_word' id='word_1_257' title='bbox 2019 1861 2072 1916; x_wconf 90' lang='lat' dir='ltr'><strong>in</strong></span> 
     </span>
    </p>
   </div>
   <div class='ocr_carea' id='block_1_35' title="bbox 2182 1861 3768 1956">
    <p class='ocr_par' dir='ltr' id='par_1_35' title="bbox 2182 1871 3768 1947">
     <span class='ocr_line' id='line_1_35' title="bbox 2182 1871 3768 1947; baseline -0.003 -19"><span class='ocrx_word' id='word_1_258' title='bbox 2182 1875 2296 1946; x_wconf 76' lang='grc' dir='ltr'><strong>νοίᾳ</strong></span> <span class='ocrx_word' id='word_1_259' title='bbox 2326 1874 2774 1938; x_wconf 71' lang='grc' dir='ltr'><strong>συναπελθόντες,</strong></span> <span class='ocrx_word' id='word_1_260' title='bbox 2801 1873 2901 1928; x_wconf 82' lang='grc' dir='ltr'><strong>οὐκ</strong></span> <span class='ocrx_word' id='word_1_261' title='bbox 2940 1873 2998 1926; x_wconf 80' lang='grc' dir='ltr'><strong>ὲν</strong></span> <span class='ocrx_word' id='word_1_262' title='bbox 3029 1872 3224 1944; x_wconf 81' lang='grc' dir='ltr'><strong>ἀτιμίᾳ</strong></span> <span class='ocrx_word' id='word_1_263' title='bbox 3259 1872 3428 1947; x_wconf 74' lang='grc' dir='ltr'><strong>παρά</strong></span> <span class='ocrx_word' id='word_1_264' title='bbox 3468 1872 3616 1942; x_wconf 80' lang='grc' dir='ltr'><strong>Θεῷ,</strong></span> <span class='ocrx_word' id='word_1_265' title='bbox 3646 1871 3768 1925; x_wconf 77' lang='grc' dir='ltr'><strong>ἀλλὰ</strong></span> 
     </span>
    </p>
   </div>
   <div class='ocr_carea' id='block_1_36' title="bbox 505 1953 2074 2030">
    <p class='ocr_par' dir='ltr' id='par_1_36' title="bbox 505 1953 2074 2030">
     <span class='ocr_line' id='line_1_36' title="bbox 505 1953 2074 2030; baseline -0.002 -20"><span class='ocrx_word' id='word_1_266' title='bbox 505 1958 800 2026; x_wconf 82' lang='lat' dir='ltr'><strong>ignominia</strong></span> <span class='ocrx_word' id='word_1_267' title='bbox 815 1959 1096 2026; x_wconf 82' lang='lat' dir='ltr'><strong>suntapud</strong></span> <span class='ocrx_word' id='word_1_268' title='bbox 1119 1957 1305 2022; x_wconf 89' lang='lat' dir='ltr'><strong>Deum,</strong></span> <span class='ocrx_word' id='word_1_269' title='bbox 1324 1957 1416 2030; x_wconf 85' lang='lat' dir='ltr'><strong>sed</strong></span> <span class='ocrx_word' id='word_1_270' title='bbox 1440 1955 1674 2010; x_wconf 79' lang='lat' dir='ltr'><strong>maximo</strong></span> <span class='ocrx_word' id='word_1_271' title='bbox 1695 1955 1859 2012; x_wconf 85' lang='lat' dir='ltr'><strong>etiam</strong></span> <span class='ocrx_word' id='word_1_272' title='bbox 1878 1953 2074 2022; x_wconf 86' lang='lat' dir='ltr'><strong>pretio,</strong></span> 
     </span>
    </p>
   </div>
   <div class='ocr_carea' id='block_1_37' title="bbox 505 2047 2077 2117">
    <p class='ocr_par' dir='ltr' id='par_1_37' title="bbox 505 2047 2077 2117">
     <span class='ocr_line' id='line_1_37' title="bbox 505 2047 2077 2117; baseline -0.002 -17"><span class='ocrx_word' id='word_1_273' title='bbox 505 2058 560 2101; x_wconf 84' lang='lat' dir='ltr'><strong>ut</strong></span> <span class='ocrx_word' id='word_1_274' title='bbox 583 2049 947 2115; x_wconf 81' lang='lat' dir='ltr'><strong>appareat,ait</strong></span> <span class='ocrx_word' id='word_1_275' title='bbox 987 2051 1204 2113; x_wconf 81' lang='lat' dir='ltr'><strong>Paulus,</strong></span> <span class='ocrx_word' id='word_1_276' title='bbox 1233 2047 1614 2117; x_wconf 78' lang='lat' dir='ltr'><strong>principatibus</strong></span> <span class='ocrx_word' id='word_1_277' title='bbox 1653 2056 1809 2116; x_wconf 81' lang='lat' dir='ltr'><strong>atque</strong></span> <span class='ocrx_word' id='word_1_278' title='bbox 1841 2054 2077 2115; x_wconf 75' lang='lat' dir='ltr'><strong>potesta-</strong></span> 
     </span>
    </p>
   </div>
   <div class='ocr_carea' id='block_1_38' title="bbox 507 2137 2072 2212">
    <p class='ocr_par' dir='ltr' id='par_1_38' title="bbox 507 2137 2072 2212">
     <span class='ocr_line' id='line_1_38' title="bbox 507 2137 2072 2212; baseline -0.002 -19"><span class='ocrx_word' id='word_1_279' title='bbox 507 2141 646 2197; x_wconf 69' lang='lat' dir='ltr'><strong>tibus</strong></span> <span class='ocrx_word' id='word_1_280' title='bbox 680 2144 1042 2212; x_wconf 72' lang='lat' dir='ltr'><strong>multipliciter</strong></span> <span class='ocrx_word' id='word_1_281' title='bbox 1069 2141 1218 2195; x_wconf 80' lang='lat' dir='ltr'><strong>varia</strong></span> <span class='ocrx_word' id='word_1_282' title='bbox 1257 2140 1350 2195; x_wconf 85' lang='lat' dir='ltr'><strong>Dei</strong></span> <span class='ocrx_word' id='word_1_283' title='bbox 1385 2142 1646 2206; x_wconf 73' lang='lat' dir='ltr'><strong>sapientia</strong></span> <span class='ocrx_word' id='word_1_284' title='bbox 1668 2141 1707 2192; x_wconf 90' lang='grc'><strong>¹.</strong></span> <span class='ocrx_word' id='word_1_285' title='bbox 1750 2138 1815 2192; x_wconf 82' lang='lat' dir='ltr'><strong>Et</strong></span> <span class='ocrx_word' id='word_1_286' title='bbox 1852 2137 2072 2205; x_wconf 84' lang='lat' dir='ltr'><strong>adjecis.</strong></span> 
     </span>
    </p>
   </div>
   <div class='ocr_carea' id='block_1_39' title="bbox 506 2225 2078 2304">
    <p class='ocr_par' dir='ltr' id='par_1_39' title="bbox 506 2225 2078 2304">
     <span class='ocr_line' id='line_1_39' title="bbox 506 2225 2078 2304; baseline -0.004 -14"><span class='ocrx_word' id='word_1_287' title='bbox 506 2244 589 2290; x_wconf 82' lang='lat' dir='ltr'><strong>set</strong></span> <span class='ocrx_word' id='word_1_288' title='bbox 605 2236 828 2290; x_wconf 89' lang='lat' dir='ltr'><strong>omnino</strong></span> <span class='ocrx_word' id='word_1_289' title='bbox 843 2235 1185 2289; x_wconf 82' lang='lat' dir='ltr'><strong>clementiam</strong></span> <span class='ocrx_word' id='word_1_290' title='bbox 1205 2245 1440 2304; x_wconf 90' lang='lat' dir='ltr'><strong>quoque,</strong></span> <span class='ocrx_word' id='word_1_291' title='bbox 1457 2234 1500 2288; x_wconf 90' lang='lat' dir='ltr'><strong>si</strong></span> <span class='ocrx_word' id='word_1_292' title='bbox 1515 2249 1648 2302; x_wconf 88' lang='lat' dir='ltr'><strong>opus</strong></span> <span class='ocrx_word' id='word_1_293' title='bbox 1663 2235 1711 2286; x_wconf 88' lang='lat' dir='ltr'><strong>id</strong></span> <span class='ocrx_word' id='word_1_294' title='bbox 1729 2229 1872 2286; x_wconf 88' lang='lat' dir='ltr'><strong>facto</strong></span> <span class='ocrx_word' id='word_1_295' title='bbox 1887 2225 2078 2286; x_wconf 78' lang='lat' dir='ltr'><strong>fuisset</strong></span> 
     </span>
    </p>
   </div>
   <div class='ocr_carea' id='block_1_40' title="bbox 577 2321 2075 2397">
    <p class='ocr_par' dir='ltr' id='par_1_40' title="bbox 577 2321 2075 2397">
     <span class='ocr_line' id='line_1_40' title="bbox 577 2321 2075 2397; baseline -0.005 -17"><span class='ocrx_word' id='word_1_296' title='bbox 577 2327 753 2397; x_wconf 82' lang='lat' dir='ltr'><strong>Atque</strong></span> <span class='ocrx_word' id='word_1_297' title='bbox 799 2327 911 2379; x_wconf 78' lang='lat' dir='ltr'><strong>haec</strong></span> <span class='ocrx_word' id='word_1_298' title='bbox 960 2325 1177 2394; x_wconf 89' lang='lat' dir='ltr'><strong>quidem</strong></span> <span class='ocrx_word' id='word_1_299' title='bbox 1243 2325 1296 2378; x_wconf 90' lang='lat' dir='ltr'><strong>iu</strong></span> <span class='ocrx_word' id='word_1_300' title='bbox 1351 2323 1494 2378; x_wconf 84' lang='lat' dir='ltr'><strong>hunc</strong></span> <span class='ocrx_word' id='word_1_301' title='bbox 1551 2325 1767 2376; x_wconf 89' lang='lat' dir='ltr'><strong>modum</strong></span> <span class='ocrx_word' id='word_1_302' title='bbox 1827 2321 2075 2391; x_wconf 78' lang='lat' dir='ltr'><strong>exposita</strong></span> 
     </span>
    </p>
   </div>
   <div class='ocr_carea' id='block_1_41' title="bbox 504 2399 2074 2486">
    <p class='ocr_par' dir='ltr' id='par_1_41' title="bbox 504 2399 2074 2486">
     <span class='ocr_line' id='line_1_41' title="bbox 504 2399 2074 2486; baseline -0.004 -13"><span class='ocrx_word' id='word_1_303' title='bbox 504 2432 687 2473; x_wconf 74' lang='lat' dir='ltr'><strong>sumo.</strong></span> <span class='ocrx_word' id='word_1_304' title='bbox 717 2417 885 2472; x_wconf 89' lang='lat' dir='ltr'><strong>Nobis</strong></span> <span class='ocrx_word' id='word_1_305' title='bbox 911 2429 1091 2472; x_wconf 90' lang='lat' dir='ltr'><strong>autem</strong></span> <span class='ocrx_word' id='word_1_306' title='bbox 1123 2431 1255 2472; x_wconf 86' lang='lat' dir='ltr'><strong>sane</strong></span> <span class='ocrx_word' id='word_1_307' title='bbox 1283 2427 1530 2486; x_wconf 73' lang='lat' dir='ltr'><strong>praestat,</strong></span> <span class='ocrx_word' id='word_1_308' title='bbox 1589 2416 1814 2471; x_wconf 87' lang='lat' dir='ltr'><strong>alterius</strong></span> <span class='ocrx_word' id='word_1_309' title='bbox 1870 2399 2074 2468; x_wconf 86' lang='lat' dir='ltr'><strong>lustra-</strong></span> 
     </span>
    </p>
   </div>
   <div class='ocr_carea' id='block_1_42' title="bbox 509 2505 2079 2579">
    <p class='ocr_par' dir='ltr' id='par_1_42' title="bbox 509 2505 2079 2579">
     <span class='ocr_line' id='line_1_42' title="bbox 509 2505 2079 2579; baseline -0.004 -15"><span class='ocrx_word' id='word_1_310' title='bbox 509 2512 672 2565; x_wconf 87' lang='lat' dir='ltr'><strong>tionis</strong></span> <span class='ocrx_word' id='word_1_311' title='bbox 725 2512 828 2564; x_wconf 85' lang='lat' dir='ltr'><strong>uou</strong></span> <span class='ocrx_word' id='word_1_312' title='bbox 882 2524 1064 2578; x_wconf 85' lang='lat' dir='ltr'><strong>egere,</strong></span> <span class='ocrx_word' id='word_1_313' title='bbox 1114 2509 1208 2565; x_wconf 90' lang='lat' dir='ltr'><strong>scd</strong></span> <span class='ocrx_word' id='word_1_314' title='bbox 1259 2511 1398 2562; x_wconf 88' lang='lat' dir='ltr'><strong>intra</strong></span> <span class='ocrx_word' id='word_1_315' title='bbox 1455 2507 1687 2579; x_wconf 82' lang='lat' dir='ltr'><strong>primani</strong></span> <span class='ocrx_word' id='word_1_316' title='bbox 1744 2505 2079 2561; x_wconf 89' lang='lat' dir='ltr'><strong>consistere.</strong></span> 
     </span>
    </p>
   </div>
   <div class='ocr_carea' id='block_1_43' title="bbox 506 2597 2078 2668">
    <p class='ocr_par' dir='ltr' id='par_1_43' title="bbox 506 2597 2078 2668">
     <span class='ocr_line' id='line_1_43' title="bbox 506 2597 2078 2668; baseline -0.006 -10"><span class='ocrx_word' id='word_1_317' title='bbox 506 2602 973 2668; x_wconf 83' lang='lat' dir='ltr'><strong>Quemadmodum</strong></span> <span class='ocrx_word' id='word_1_318' title='bbox 1002 2601 1302 2668; x_wconf 82' lang='lat' dir='ltr'><strong>Gregorius</strong></span> <span class='ocrx_word' id='word_1_319' title='bbox 1329 2599 1422 2652; x_wconf 79' lang='lat' dir='ltr'><strong>illo</strong></span> <span class='ocrx_word' id='word_1_320' title='bbox 1447 2597 1756 2667; x_wconf 78' lang='lat' dir='ltr'><strong>Tlieologus</strong></span> <span class='ocrx_word' id='word_1_321' title='bbox 1788 2597 1886 2660; x_wconf 90' lang='lat' dir='ltr'><strong>ait,</strong></span> <span class='ocrx_word' id='word_1_322' title='bbox 1905 2611 2078 2666; x_wconf 78' lang='lat' dir='ltr'><strong>quan-</strong></span> 
     </span>
    </p>
   </div>
   <div class='ocr_carea' id='block_1_44' title="bbox 505 2674 2079 2761">
    <p class='ocr_par' dir='ltr' id='par_1_44' title="bbox 505 2674 2079 2761">
     <span class='ocr_line' id='line_1_44' title="bbox 505 2674 2079 2761; baseline -0.006 -12"><span class='ocrx_word' id='word_1_323' title='bbox 505 2697 574 2749; x_wconf 93' lang='lat' dir='ltr'><strong>do</strong></span> <span class='ocrx_word' id='word_1_324' title='bbox 607 2703 660 2749; x_wconf 90' lang='lat' dir='ltr'><strong>et</strong></span> <span class='ocrx_word' id='word_1_325' title='bbox 691 2703 950 2761; x_wconf 91' lang='lat' dir='ltr'><strong>perpetuo</strong></span> <span class='ocrx_word' id='word_1_326' title='bbox 981 2705 1144 2746; x_wconf 85' lang='lat' dir='ltr'><strong>sanos</strong></span> <span class='ocrx_word' id='word_1_327' title='bbox 1175 2691 1395 2743; x_wconf 83' lang='lat' dir='ltr'><strong>manere</strong></span> <span class='ocrx_word' id='word_1_328' title='bbox 1423 2697 1666 2756; x_wconf 67' lang='lat' dir='ltr'><strong>praestat,</strong></span> <span class='ocrx_word' id='word_1_329' title='bbox 1690 2702 1853 2757; x_wconf 88' lang='lat' dir='ltr'><strong>quam</strong></span> <span class='ocrx_word' id='word_1_330' title='bbox 1887 2674 2079 2741; x_wconf 82' lang='lat' dir='ltr'><strong>morbo</strong></span> 
     </span>
    </p>
   </div>
   <div class='ocr_carea' id='block_1_45' title="bbox 505 2775 2078 2855">
    <p class='ocr_par' dir='ltr' id='par_1_45' title="bbox 505 2775 2078 2855">
     <span class='ocr_line' id='line_1_45' title="bbox 505 2775 2078 2855; baseline -0.006 -13"><span class='ocrx_word' id='word_1_331' title='bbox 505 2797 784 2855; x_wconf 86' lang='lat' dir='ltr'><strong>correptos</strong></span> <span class='ocrx_word' id='word_1_332' title='bbox 814 2775 1022 2840; x_wconf 84' lang='lat' dir='ltr'><strong>sanari.</strong></span> <span class='ocrx_word' id='word_1_333' title='bbox 1061 2783 1191 2836; x_wconf 81' lang='lat' dir='ltr'><strong>Nam</strong></span> <span class='ocrx_word' id='word_1_334' title='bbox 1219 2791 1272 2835; x_wconf 87' lang='lat' dir='ltr'><strong>et</strong></span> <span class='ocrx_word' id='word_1_335' title='bbox 1309 2777 1409 2836; x_wconf 83' lang='lat' dir='ltr'><strong>hoc</strong></span> <span class='ocrx_word' id='word_1_336' title='bbox 1445 2779 1598 2834; x_wconf 82' lang='lat' dir='ltr'><strong>valde</strong></span> <span class='ocrx_word' id='word_1_337' title='bbox 1625 2780 1823 2833; x_wconf 88' lang='lat' dir='ltr'><strong>tnalum</strong></span> <span class='ocrx_word' id='word_1_338' title='bbox 1855 2787 1962 2845; x_wconf 89' lang='lat' dir='ltr'><strong>est,</strong></span> <span class='ocrx_word' id='word_1_339' title='bbox 2020 2788 2078 2832; x_wconf 95' lang='lat' dir='ltr'><strong>ut</strong></span> 
     </span>
    </p>
   </div>
   <div class='ocr_carea' id='block_1_46' title="bbox 511 2861 2078 2947">
    <p class='ocr_par' dir='ltr' id='par_1_46' title="bbox 511 2861 2078 2947">
     <span class='ocr_line' id='line_1_46' title="bbox 511 2861 2078 2947; baseline -0.005 -15"><span class='ocrx_word' id='word_1_340' title='bbox 511 2879 650 2935; x_wconf 86' lang='lat' dir='ltr'><strong>Idem</strong></span> <span class='ocrx_word' id='word_1_341' title='bbox 692 2861 779 2932; x_wconf 87' lang='lat' dir='ltr'><strong>ille</strong></span> <span class='ocrx_word' id='word_1_342' title='bbox 818 2874 1218 2947; x_wconf 81' lang='lat' dir='ltr'><strong>prenuntiavit,</strong></span> <span class='ocrx_word' id='word_1_343' title='bbox 1251 2888 1348 2944; x_wconf 91' lang='lat' dir='ltr'><strong>pro</strong></span> <span class='ocrx_word' id='word_1_344' title='bbox 1378 2868 1600 2941; x_wconf 84' lang='lat' dir='ltr'><strong>peccato</strong></span> <span class='ocrx_word' id='word_1_345' title='bbox 1637 2867 2078 2926; x_wconf 80' lang='lat' dir='ltr'><strong>emendationem</strong></span> 
     </span>
    </p>
   </div>
   <div class='ocr_carea' id='block_1_47' title="bbox 511 2957 2080 3032">
    <p class='ocr_par' dir='ltr' id='par_1_47' title="bbox 511 2957 2080 3032">
     <span class='ocr_line' id='line_1_47' title="bbox 511 2957 2080 3032; baseline -0.005 -10"><span class='ocrx_word' id='word_1_346' title='bbox 511 2969 774 3024; x_wconf 89' lang='lat' dir='ltr'><strong>remetiri.</strong></span> <span class='ocrx_word' id='word_1_347' title='bbox 809 2967 1102 3022; x_wconf 87' lang='lat' dir='ltr'><strong>Enimvero</strong></span> <span class='ocrx_word' id='word_1_348' title='bbox 1165 2959 1392 3018; x_wconf 75' lang='lat' dir='ltr'><strong>fervidis</strong></span> <span class='ocrx_word' id='word_1_349' title='bbox 1426 2977 1563 3032; x_wconf 72' lang='lat' dir='ltr'><strong>Opus</strong></span> <span class='ocrx_word' id='word_1_350' title='bbox 1589 2971 1672 3016; x_wconf 89' lang='lat' dir='ltr'><strong>est</strong></span> <span class='ocrx_word' id='word_1_351' title='bbox 1718 2961 1996 3032; x_wconf 84' lang='lat' dir='ltr'><strong>laerymis,</strong></span> <span class='ocrx_word' id='word_1_352' title='bbox 2027 2957 2080 3015; x_wconf 85' lang='lat' dir='ltr'><strong>el</strong></span> 
     </span>
    </p>
   </div>
   <div class='ocr_carea' id='block_1_48' title="bbox 512 3047 2080 3118">
    <p class='ocr_par' dir='ltr' id='par_1_48' title="bbox 512 3047 2080 3118">
     <span class='ocr_line' id='line_1_48' title="bbox 512 3047 2080 3118; baseline -0.001 -4"><span class='ocrx_word' id='word_1_353' title='bbox 512 3061 640 3114; x_wconf 89' lang='lat' dir='ltr'><strong>totis</strong></span> <span class='ocrx_word' id='word_1_354' title='bbox 680 3054 996 3114; x_wconf 84' lang='lat' dir='ltr'><strong>enitendum</strong></span> <span class='ocrx_word' id='word_1_355' title='bbox 1051 3047 1285 3118; x_wconf 87' lang='lat' dir='ltr'><strong>viribus,</strong></span> <span class='ocrx_word' id='word_1_356' title='bbox 1357 3065 1415 3109; x_wconf 93' lang='lat' dir='ltr'><strong>ut</strong></span> <span class='ocrx_word' id='word_1_357' title='bbox 1464 3055 1687 3109; x_wconf 88' lang='lat' dir='ltr'><strong>morbtts</strong></span> <span class='ocrx_word' id='word_1_358' title='bbox 1761 3049 2080 3112; x_wconf 63' lang='lat' dir='ltr'><strong>vitiositatis</strong></span> 
     </span>
    </p>
   </div>
   <div class='ocr_carea' id='block_1_49' title="bbox 509 3142 2075 3208">
    <p class='ocr_par' dir='ltr' id='par_1_49' title="bbox 509 3142 2075 3208">
     <span class='ocr_line' id='line_1_49' title="bbox 509 3142 2075 3208; baseline -0.005 0"><span class='ocrx_word' id='word_1_359' title='bbox 509 3162 741 3208; x_wconf 83' lang='lat' dir='ltr'><strong>exuatur</strong></span> <span class='ocrx_word' id='word_1_360' title='bbox 774 3166 790 3205; x_wconf 87' lang='lat'><strong>:</strong></span> <span class='ocrx_word' id='word_1_361' title='bbox 825 3155 946 3203; x_wconf 84' lang='lat' dir='ltr'><strong>cum</strong></span> <span class='ocrx_word' id='word_1_362' title='bbox 977 3150 1248 3202; x_wconf 90' lang='lat' dir='ltr'><strong>incertum</strong></span> <span class='ocrx_word' id='word_1_363' title='bbox 1271 3142 1493 3202; x_wconf 85' lang='lat' dir='ltr'><strong>omnino</strong></span> <span class='ocrx_word' id='word_1_364' title='bbox 1517 3148 1587 3202; x_wconf 88' lang='lat' dir='ltr'><strong>sit</strong></span> <span class='ocrx_word' id='word_1_365' title='bbox 1623 3163 1692 3204; x_wconf 86' lang='lat' dir='ltr'><strong>an</strong></span> <span class='ocrx_word' id='word_1_366' title='bbox 1735 3146 1856 3201; x_wconf 85' lang='lat' dir='ltr'><strong>finis</strong></span> <span class='ocrx_word' id='word_1_367' title='bbox 1884 3160 2075 3201; x_wconf 83' lang='lat' dir='ltr'><strong>emen-</strong></span> 
     </span>
    </p>
   </div>
   <div class='ocr_carea' id='block_1_50' title="bbox 2179 1962 3767 2040">
    <p class='ocr_par' dir='ltr' id='par_1_50' title="bbox 2179 1962 3767 2040">
     <span class='ocr_line' id='line_1_50' title="bbox 2179 1962 3767 2040; baseline -0.004 -20"><span class='ocrx_word' id='word_1_368' title='bbox 2179 1969 2272 2021; x_wconf 62' lang='grc' dir='ltr'><strong>καὶ⁵</strong></span> <span class='ocrx_word' id='word_1_369' title='bbox 2303 1967 2362 2019; x_wconf 81' lang='grc' dir='ltr'><strong>ἐν</strong></span> <span class='ocrx_word' id='word_1_370' title='bbox 2408 1966 2570 2040; x_wconf 80' lang='grc' dir='ltr'><strong>χρείᾳ</strong></span> <span class='ocrx_word' id='word_1_371' title='bbox 2617 1966 2894 2036; x_wconf 73' lang='grc' dir='ltr'><strong>μεγίστῃο</strong></span> <span class='ocrx_word' id='word_1_372' title='bbox 2945 1966 3071 2019; x_wconf 82' lang='grc' dir='ltr'><strong>Ἵνα</strong></span> <span class='ocrx_word' id='word_1_373' title='bbox 3119 1964 3310 2034; x_wconf 70' lang='grc' dir='ltr'><strong>φανῇ,</strong></span> <span class='ocrx_word' id='word_1_374' title='bbox 3348 1963 3498 2033; x_wconf 77' lang='grc' dir='ltr'><strong>φησὶ</strong></span> <span class='ocrx_word' id='word_1_375' title='bbox 3543 1962 3767 2023; x_wconf 78' lang='grc' dir='ltr'><strong>Παῦλος,</strong></span> 
     </span>
    </p>
   </div>
   <div class='ocr_carea' id='block_1_51' title="bbox 2179 2052 3768 2126">
    <p class='ocr_par' dir='ltr' id='par_1_51' title="bbox 2179 2052 3768 2126">
     <span class='ocr_line' id='line_1_51' title="bbox 2179 2052 3768 2126; baseline -0.003 -18"><span class='ocrx_word' id='word_1_376' title='bbox 2179 2057 2306 2122; x_wconf 79' lang='grc' dir='ltr'><strong>ταῖς</strong></span> <span class='ocrx_word' id='word_1_377' title='bbox 2331 2057 2545 2126; x_wconf 78' lang='grc' dir='ltr'><strong>ἀρχαῖς</strong></span> <span class='ocrx_word' id='word_1_378' title='bbox 2591 2056 2691 2110; x_wconf 78' lang='grc' dir='ltr'><strong>καί</strong></span> <span class='ocrx_word' id='word_1_379' title='bbox 2736 2057 2864 2122; x_wconf 84' lang='grc' dir='ltr'><strong>ταῖς</strong></span> <span class='ocrx_word' id='word_1_380' title='bbox 2891 2055 3202 2126; x_wconf 80' lang='grc' dir='ltr'><strong>ἐξουσίαις</strong></span> <span class='ocrx_word' id='word_1_381' title='bbox 3223 2055 3262 2122; x_wconf 80' lang='grc' dir='ltr'><strong><em>ἡ</em></strong></span> <span class='ocrx_word' id='word_1_382' title='bbox 3315 2052 3768 2116; x_wconf 73' lang='grc' dir='ltr'><strong>πολυποίκιλος</strong></span> 
     </span>
    </p>
   </div>
   <div class='ocr_carea' id='block_1_52' title="bbox 2122 2140 3763 2219">
    <p class='ocr_par' dir='ltr' id='par_1_52' title="bbox 2122 2140 3763 2219">
     <span class='ocr_line' id='line_1_52' title="bbox 2122 2140 3763 2219; baseline -0.006 -15"><span class='ocrx_word' id='word_1_383' title='bbox 2122 2211 2126 2215; x_wconf 91' lang='lat'><strong>_</strong></span> <span class='ocrx_word' id='word_1_384' title='bbox 2179 2151 2365 2219; x_wconf 71' lang='grc' dir='ltr'><strong>σοφία</strong></span> <span class='ocrx_word' id='word_1_385' title='bbox 2402 2148 2509 2204; x_wconf 84' lang='grc' dir='ltr'><strong>τοῦ</strong></span> <span class='ocrx_word' id='word_1_386' title='bbox 2545 2149 2713 2203; x_wconf 83' lang='grc' dir='ltr'><strong>Θεοῦ.</strong></span> <span class='ocrx_word' id='word_1_387' title='bbox 2739 2145 2874 2202; x_wconf 71' lang='lat' dir='ltr'><strong>Eine</strong></span> <span class='ocrx_word' id='word_1_388' title='bbox 2916 2150 2962 2203; x_wconf 84' lang='grc' dir='ltr'><strong>δ’</strong></span> <span class='ocrx_word' id='word_1_389' title='bbox 2989 2147 3056 2202; x_wconf 79' lang='grc' dir='ltr'><strong>ἀν</strong></span> <span class='ocrx_word' id='word_1_390' title='bbox 3090 2149 3336 2212; x_wconf 83' lang='grc' dir='ltr'><strong>πάντως,</strong></span> <span class='ocrx_word' id='word_1_391' title='bbox 3372 2147 3479 2201; x_wconf 75' lang='grc' dir='ltr'><strong>καὶ</strong></span> <span class='ocrx_word' id='word_1_392' title='bbox 3512 2147 3547 2214; x_wconf 87' lang='grc' dir='ltr'><strong>ή</strong></span> <span class='ocrx_word' id='word_1_393' title='bbox 3587 2140 3763 2212; x_wconf 60' lang='grc' dir='ltr'><strong>φιλανέ</strong></span> 
     </span>
    </p>
   </div>
   <div class='ocr_carea' id='block_1_53' title="bbox 2181 2241 2876 2313">
    <p class='ocr_par' dir='ltr' id='par_1_53' title="bbox 2181 2241 2876 2313">
     <span class='ocr_line' id='line_1_53' title="bbox 2181 2241 2876 2313; baseline 0 -19"><span class='ocrx_word' id='word_1_394' title='bbox 2181 2242 2208 2294; x_wconf 92' lang='grc' dir='ltr'><strong>θ</strong></span> <span class='ocrx_word' id='word_1_395' title='bbox 2218 2241 2416 2313; x_wconf 85' lang='grc' dir='ltr'><strong>ρωπία,</strong></span> <span class='ocrx_word' id='word_1_396' title='bbox 2452 2241 2655 2311; x_wconf 82' lang='grc' dir='ltr'><strong>δεῆσαν</strong></span> <span class='ocrx_word' id='word_1_397' title='bbox 2682 2242 2876 2294; x_wconf 80' lang='grc' dir='ltr'><strong>εἰπεῖν.</strong></span> 
     </span>
    </p>
   </div>
   <div class='ocr_carea' id='block_1_54' title="bbox 2250 2327 3768 2404">
    <p class='ocr_par' dir='ltr' id='par_1_54' title="bbox 2250 2327 3768 2404">
     <span class='ocr_line' id='line_1_54' title="bbox 2250 2327 3768 2404; baseline -0.004 -16"><span class='ocrx_word' id='word_1_398' title='bbox 2250 2335 2361 2389; x_wconf 77' lang='grc' dir='ltr'><strong>Καὶ</strong></span> <span class='ocrx_word' id='word_1_399' title='bbox 2415 2333 2589 2389; x_wconf 81' lang='grc' dir='ltr'><strong>ταῦτα</strong></span> <span class='ocrx_word' id='word_1_400' title='bbox 2641 2334 2740 2404; x_wconf 80' lang='grc' dir='ltr'><strong>μὲν</strong></span> <span class='ocrx_word' id='word_1_401' title='bbox 2789 2334 2952 2402; x_wconf 79' lang='grc' dir='ltr'><strong>τῇδεο</strong></span> <span class='ocrx_word' id='word_1_402' title='bbox 2987 2333 3117 2404; x_wconf 86' lang='grc' dir='ltr'><strong>ήμῖν</strong></span> <span class='ocrx_word' id='word_1_403' title='bbox 3159 2332 3216 2385; x_wconf 81' lang='grc' dir='ltr'><strong>δὲ</strong></span> <span class='ocrx_word' id='word_1_404' title='bbox 3258 2332 3378 2401; x_wconf 76' lang='grc' dir='ltr'><strong>ἄρα</strong></span> <span class='ocrx_word' id='word_1_405' title='bbox 3428 2330 3646 2401; x_wconf 74' lang='grc' dir='ltr'><strong>βέλτιον</strong></span> <span class='ocrx_word' id='word_1_406' title='bbox 3702 2327 3768 2397; x_wconf 77' lang='grc' dir='ltr'><strong>μὴ</strong></span> 
     </span>
    </p>
   </div>
   <div class='ocr_carea' id='block_1_55' title="bbox 2179 2421 3764 2497">
    <p class='ocr_par' dir='ltr' id='par_1_55' title="bbox 2179 2421 3764 2497">
     <span class='ocr_line' id='line_1_55' title="bbox 2179 2421 3764 2497; baseline -0.005 -18"><span class='ocrx_word' id='word_1_407' title='bbox 2179 2426 2444 2497; x_wconf 78' lang='grc' dir='ltr'><strong>δευτέρας</strong></span> <span class='ocrx_word' id='word_1_408' title='bbox 2485 2426 2744 2495; x_wconf 80' lang='grc' dir='ltr'><strong>δεηθῆναι</strong></span> <span class='ocrx_word' id='word_1_409' title='bbox 2779 2425 3125 2493; x_wconf 72' lang='grc' dir='ltr'><strong>καθάρσεως,</strong></span> <span class='ocrx_word' id='word_1_410' title='bbox 3157 2423 3300 2476; x_wconf 80' lang='grc' dir='ltr'><strong>ἀλλὰ</strong></span> <span class='ocrx_word' id='word_1_411' title='bbox 3361 2425 3568 2492; x_wconf 80' lang='grc' dir='ltr'><strong>στῆναι</strong></span> <span class='ocrx_word' id='word_1_412' title='bbox 3615 2421 3764 2490; x_wconf 77' lang='grc' dir='ltr'><strong>μέχρι</strong></span> 
     </span>
    </p>
   </div>
   <div class='ocr_carea' id='block_1_56' title="bbox 2179 2509 3764 2592">
    <p class='ocr_par' dir='ltr' id='par_1_56' title="bbox 2179 2509 3764 2592">
     <span class='ocr_line' id='line_1_56' title="bbox 2179 2509 3764 2592; baseline -0.006 -21"><span class='ocrx_word' id='word_1_413' title='bbox 2179 2520 2279 2588; x_wconf 79' lang='grc' dir='ltr'><strong>τῆς</strong></span> <span class='ocrx_word' id='word_1_414' title='bbox 2313 2516 2562 2589; x_wconf 76' lang='grc' dir='ltr'><strong>πρώτης,</strong></span> <span class='ocrx_word' id='word_1_415' title='bbox 2595 2509 2736 2572; x_wconf 69' lang='grc' dir='ltr'><strong>κατὰ</strong></span> <span class='ocrx_word' id='word_1_416' title='bbox 2785 2516 2884 2588; x_wconf 81' lang='grc' dir='ltr'><strong>τὴν</strong></span> <span class='ocrx_word' id='word_1_417' title='bbox 2912 2514 3006 2570; x_wconf 83' lang='grc' dir='ltr'><strong>τοῦ</strong></span> <span class='ocrx_word' id='word_1_418' title='bbox 3039 2515 3310 2583; x_wconf 80' lang='grc' dir='ltr'><strong>Θεολόγου</strong></span> <span class='ocrx_word' id='word_1_419' title='bbox 3348 2517 3571 2592; x_wconf 75' lang='grc' dir='ltr'><strong>φωνήν.</strong></span> <span class='ocrx_word' id='word_1_420' title='bbox 3608 2513 3666 2565; x_wconf 84' lang='lat' dir='ltr'><strong>Ei</strong></span> <span class='ocrx_word' id='word_1_421' title='bbox 3707 2509 3764 2578; x_wconf 81' lang='grc' dir='ltr'><strong>δὴ</strong></span> 
     </span>
    </p>
   </div>
   <div class='ocr_carea' id='block_1_57' title="bbox 2181 2601 3856 2681">
    <p class='ocr_par' dir='ltr' id='par_1_57' title="bbox 2181 2601 3856 2681">
     <span class='ocr_line' id='line_1_57' title="bbox 2181 2601 3856 2681; baseline -0.006 -17"><span class='ocrx_word' id='word_1_422' title='bbox 2181 2614 2406 2666; x_wconf 78' lang='grc' dir='ltr'><strong>κάκεῖνο</strong></span> <span class='ocrx_word' id='word_1_423' title='bbox 2451 2611 2684 2681; x_wconf 81' lang='grc' dir='ltr'><strong>βέλτιον,</strong></span> <span class='ocrx_word' id='word_1_424' title='bbox 2713 2609 2903 2679; x_wconf 79' lang='grc' dir='ltr'><strong>μένειν</strong></span> <span class='ocrx_word' id='word_1_425' title='bbox 2931 2610 2988 2664; x_wconf 73' lang='grc' dir='ltr'><strong>ἐν</strong></span> <span class='ocrx_word' id='word_1_426' title='bbox 3024 2607 3184 2679; x_wconf 75' lang='grc' dir='ltr'><strong>ὑγεία</strong></span> <span class='ocrx_word' id='word_1_427' title='bbox 3210 2601 3522 2678; x_wconf 77' lang='grc' dir='ltr'><strong>διηνεκῶς,</strong></span> <span class='ocrx_word' id='word_1_428' title='bbox 3557 2603 3589 2676; x_wconf 75' lang='grc' dir='ltr'>ἢ</span> <span class='ocrx_word' id='word_1_429' title='bbox 3623 2604 3763 2670; x_wconf 73' lang='grc' dir='ltr'><strong>ἰαθῇ·</strong></span> <span class='ocrx_word' id='word_1_430' title='bbox 3849 2630 3856 2638; x_wconf 90' lang='grc'><strong>·</strong></span> 
     </span>
    </p>
   </div>
   <div class='ocr_carea' id='block_1_58' title="bbox 2181 2681 3762 2776">
    <p class='ocr_par' dir='ltr' id='par_1_58' title="bbox 2181 2681 3762 2776">
     <span class='ocr_line' id='line_1_58' title="bbox 2181 2681 3762 2776; baseline -0.005 -21"><span class='ocrx_word' id='word_1_431' title='bbox 2181 2720 2270 2757; x_wconf 88' lang='grc' dir='ltr'><strong>ναι</strong></span> <span class='ocrx_word' id='word_1_432' title='bbox 2313 2704 2671 2772; x_wconf 82' lang='grc' dir='ltr'><strong>νοσήσαντας.</strong></span> <span class='ocrx_word' id='word_1_433' title='bbox 2708 2701 2818 2753; x_wconf 75' lang='grc' dir='ltr'><strong>Καὶ</strong></span> <span class='ocrx_word' id='word_1_434' title='bbox 2850 2701 2961 2772; x_wconf 68' lang='grc' dir='ltr'><strong>γὰρ</strong></span> <span class='ocrx_word' id='word_1_435' title='bbox 3011 2698 3238 2776; x_wconf 79' lang='grc' dir='ltr'><strong>κάκεῖνο</strong></span> <span class='ocrx_word' id='word_1_436' title='bbox 3273 2701 3433 2753; x_wconf 82' lang='grc' dir='ltr'><strong>πάνυ</strong></span> <span class='ocrx_word' id='word_1_437' title='bbox 3467 2698 3662 2762; x_wconf 80' lang='grc' dir='ltr'><strong>δεινὸν,</strong></span> <span class='ocrx_word' id='word_1_438' title='bbox 3695 2681 3762 2758; x_wconf 81' lang='grc' dir='ltr'><strong>ὡς</strong></span> 
     </span>
    </p>
   </div>
   <div class='ocr_carea' id='block_1_59' title="bbox 2180 2782 3757 2869">
    <p class='ocr_par' dir='ltr' id='par_1_59' title="bbox 2180 2782 3757 2869">
     <span class='ocr_line' id='line_1_59' title="bbox 2180 2782 3757 2869; baseline -0.006 -20"><span class='ocrx_word' id='word_1_439' title='bbox 2180 2797 2207 2849; x_wconf 86' lang='grc' dir='ltr'>ὁ</span> <span class='ocrx_word' id='word_1_440' title='bbox 2237 2796 2398 2858; x_wconf 82' lang='grc' dir='ltr'><strong>αὐτὸς</strong></span> <span class='ocrx_word' id='word_1_441' title='bbox 2426 2795 2769 2869; x_wconf 77' lang='grc' dir='ltr'><strong>ἀπεφήνατο,</strong></span> <span class='ocrx_word' id='word_1_442' title='bbox 2787 2783 3141 2868; x_wconf 78' lang='grc' dir='ltr'><strong>ἀντιμετρεῖν</strong></span> <span class='ocrx_word' id='word_1_443' title='bbox 3171 2782 3434 2864; x_wconf 69' lang='grc' dir='ltr'><strong>ἁμαρτία</strong></span> <span class='ocrx_word' id='word_1_444' title='bbox 3461 2790 3757 2868; x_wconf 76' lang='grc' dir='ltr'><strong>διόρθωσιν.</strong></span> 
     </span>
    </p>
   </div>
   <div class='ocr_carea' id='block_1_60' title="bbox 2180 2879 3758 2958">
    <p class='ocr_par' dir='ltr' id='par_1_60' title="bbox 2180 2879 3758 2958">
     <span class='ocr_line' id='line_1_60' title="bbox 2180 2879 3758 2958; baseline -0.005 -18"><span class='ocrx_word' id='word_1_445' title='bbox 2180 2888 2273 2940; x_wconf 79' lang='grc' dir='ltr'><strong>Δεῖ</strong></span> <span class='ocrx_word' id='word_1_446' title='bbox 2303 2887 2403 2958; x_wconf 75' lang='grc' dir='ltr'><strong>μὲν</strong></span> <span class='ocrx_word' id='word_1_447' title='bbox 2434 2884 2530 2940; x_wconf 83' lang='grc' dir='ltr'><strong>οὖν</strong></span> <span class='ocrx_word' id='word_1_448' title='bbox 2572 2882 2834 2956; x_wconf 73' lang='grc' dir='ltr'><strong>δακρύειν</strong></span> <span class='ocrx_word' id='word_1_449' title='bbox 2865 2884 3106 2956; x_wconf 79' lang='grc' dir='ltr'><strong>θερμῶς,</strong></span> <span class='ocrx_word' id='word_1_450' title='bbox 3138 2889 3234 2938; x_wconf 80' lang='grc' dir='ltr'><strong>καὶ</strong></span> <span class='ocrx_word' id='word_1_451' title='bbox 3277 2886 3388 2956; x_wconf 81' lang='grc' dir='ltr'><strong>τὴν</strong></span> <span class='ocrx_word' id='word_1_452' title='bbox 3443 2887 3546 2955; x_wconf 81' lang='grc' dir='ltr'><strong>τῆς</strong></span> <span class='ocrx_word' id='word_1_453' title='bbox 3578 2879 3758 2940; x_wconf 78' lang='grc' dir='ltr'><strong>κακίας</strong></span> 
     </span>
    </p>
   </div>
   <div class='ocr_carea' id='block_1_61' title="bbox 2181 2959 3758 3054">
    <p class='ocr_par' dir='ltr' id='par_1_61' title="bbox 2181 2959 3758 3054">
     <span class='ocr_line' id='line_1_61' title="bbox 2181 2959 3758 3054; baseline -0.003 -22"><span class='ocrx_word' id='word_1_454' title='bbox 2181 2978 2545 3047; x_wconf 79' lang='grc' dir='ltr'><strong>ἀγωνίζεσθαι</strong></span> <span class='ocrx_word' id='word_1_455' title='bbox 2575 2980 2752 3043; x_wconf 80' lang='grc' dir='ltr'><strong>νόσον,</strong></span> <span class='ocrx_word' id='word_1_456' title='bbox 2801 2978 2903 3047; x_wconf 80' lang='grc' dir='ltr'><strong>ὅση</strong></span> <span class='ocrx_word' id='word_1_457' title='bbox 2933 2966 3189 3054; x_wconf 78' lang='grc' dir='ltr'><strong>δύναμις,</strong></span> <span class='ocrx_word' id='word_1_458' title='bbox 3218 2959 3652 3054; x_wconf 66' lang='grc' dir='ltr'><strong>άποδῦσασθαν</strong></span> <span class='ocrx_word' id='word_1_459' title='bbox 3691 2969 3758 3039; x_wconf 71' lang='grc' dir='ltr'><strong>ὡς</strong></span> 
     </span>
    </p>
   </div>
   <div class='ocr_carea' id='block_1_62' title="bbox 2180 3050 3756 3139">
    <p class='ocr_par' dir='ltr' id='par_1_62' title="bbox 2180 3050 3756 3139">
     <span class='ocr_line' id='line_1_62' title="bbox 2180 3050 3756 3139; baseline -0.006 -16"><span class='ocrx_word' id='word_1_460' title='bbox 2180 3070 2240 3123; x_wconf 83' lang='grc' dir='ltr'><strong>δν</strong></span> <span class='ocrx_word' id='word_1_461' title='bbox 2289 3085 2353 3137; x_wconf 85' lang='grc' dir='ltr'><strong>γε</strong></span> <span class='ocrx_word' id='word_1_462' title='bbox 2403 3071 2620 3133; x_wconf 86' lang='grc' dir='ltr'><strong>πάντως</strong></span> <span class='ocrx_word' id='word_1_463' title='bbox 2645 3069 2863 3139; x_wconf 82' lang='grc' dir='ltr'><strong>άδηλον,</strong></span> <span class='ocrx_word' id='word_1_464' title='bbox 2896 3070 2945 3121; x_wconf 81' lang='grc' dir='ltr'><strong>εί</strong></span> <span class='ocrx_word' id='word_1_465' title='bbox 2997 3050 3153 3139; x_wconf 69' lang='grc' dir='ltr'><strong>μενεῖ</strong></span> <span class='ocrx_word' id='word_1_466' title='bbox 3201 3050 3307 3139; x_wconf 74' lang='grc' dir='ltr'><strong>τήν</strong></span> <span class='ocrx_word' id='word_1_467' title='bbox 3358 3066 3663 3138; x_wconf 83' lang='grc' dir='ltr'><strong>θεραπείαν</strong></span> <span class='ocrx_word' id='word_1_468' title='bbox 3701 3060 3756 3114; x_wconf 79' lang='grc' dir='ltr'><strong>τδ</strong></span> 
     </span>
    </p>
   </div>
   <div class='ocr_carea' id='block_1_63' title="bbox 2180 3153 3755 3239">
    <p class='ocr_par' dir='ltr' id='par_1_63' title="bbox 2180 3153 3755 3239">
     <span class='ocr_line' id='line_1_63' title="bbox 2180 3153 3755 3239; baseline -0.006 -23"><span class='ocrx_word' id='word_1_469' title='bbox 2180 3163 2356 3239; x_wconf 76' lang='grc' dir='ltr'><strong>τέλος.</strong></span> <span class='ocrx_word' id='word_1_470' title='bbox 2392 3163 2538 3232; x_wconf 81' lang='grc' dir='ltr'><strong>Πλὴν</strong></span> <span class='ocrx_word' id='word_1_471' title='bbox 2568 3165 2627 3238; x_wconf 72' lang='grc' dir='ltr'><strong>ὲν</strong></span> <span class='ocrx_word' id='word_1_472' title='bbox 2670 3161 2904 3229; x_wconf 81' lang='grc' dir='ltr'><strong>ἀγαθαῖς</strong></span> <span class='ocrx_word' id='word_1_473' title='bbox 2935 3153 3116 3214; x_wconf 71' lang='grc' dir='ltr'><strong>ἐλπίσι</strong></span> <span class='ocrx_word' id='word_1_474' title='bbox 3167 3160 3265 3226; x_wconf 72' lang='grc' dir='ltr'><strong>καὶ</strong></span> <span class='ocrx_word' id='word_1_475' title='bbox 3313 3161 3369 3214; x_wconf 86' lang='grc' dir='ltr'><strong>οί</strong></span> <span class='ocrx_word' id='word_1_476' title='bbox 3401 3159 3578 3212; x_wconf 79' lang='grc' dir='ltr'><strong>δεινόν</strong></span> <span class='ocrx_word' id='word_1_477' title='bbox 3603 3173 3652 3209; x_wconf 88' lang='grc' dir='ltr'><strong>τι</strong></span> <span class='ocrx_word' id='word_1_478' title='bbox 3682 3171 3755 3207; x_wconf 82' lang='grc' dir='ltr'><strong>νο-</strong></span> 
     </span>
    </p>
   </div>
   <div class='ocr_carea' id='block_1_64' title="bbox 511 3227 2078 3329">
    <p class='ocr_par' dir='ltr' id='par_1_64' title="bbox 511 3227 2078 3307">
     <span class='ocr_line' id='line_1_64' title="bbox 511 3227 2078 3307; baseline -0.004 -7"><span class='ocrx_word' id='word_1_479' title='bbox 511 3245 782 3300; x_wconf 80' lang='lat' dir='ltr'><strong>datiOncin&#39;</strong></span> <span class='ocrx_word' id='word_1_480' title='bbox 818 3247 889 3296; x_wconf 90' lang='lat' dir='ltr'><strong>sit</strong></span> <span class='ocrx_word' id='word_1_481' title='bbox 918 3242 1150 3296; x_wconf 89' lang='lat' dir='ltr'><strong>laturus.</strong></span> <span class='ocrx_word' id='word_1_482' title='bbox 1185 3227 1332 3294; x_wconf 79' lang='lat' dir='ltr'><strong>Bona</strong></span> <span class='ocrx_word' id='word_1_483' title='bbox 1370 3251 1546 3294; x_wconf 88' lang='lat' dir='ltr'><strong>tamen</strong></span> <span class='ocrx_word' id='word_1_484' title='bbox 1579 3238 1631 3292; x_wconf 91' lang='lat' dir='ltr'><strong>in</strong></span> <span class='ocrx_word' id='word_1_485' title='bbox 1655 3254 1750 3307; x_wconf 90' lang='lat' dir='ltr'><strong>spe</strong></span> <span class='ocrx_word' id='word_1_486' title='bbox 1775 3239 2078 3305; x_wconf 78' lang='lat' dir='ltr'><strong>sint,etiatl</strong></span> 
     </span>
    </p>
   </div>
   <div class='ocr_carea' id='block_1_65' title="bbox 2182 3227 3754 3329">
    <p class='ocr_par' dir='ltr' id='par_1_65' title="bbox 2190 3227 3754 3329">
     <span class='ocr_line' id='line_1_65' title="bbox 2190 3227 3754 3329; baseline -0.005 -20"><span class='ocrx_word' id='word_1_487' title='bbox 2190 3237 2434 3323; x_wconf 82' lang='grc' dir='ltr'><strong>σοῦντες,</strong></span> <span class='ocrx_word' id='word_1_488' title='bbox 2482 3227 2682 3308; x_wconf 76' lang='grc' dir='ltr'><strong>δπόσον</strong></span> <span class='ocrx_word' id='word_1_489' title='bbox 2723 3227 2945 3324; x_wconf 18' lang='grc' dir='ltr'><strong>νβούλει,</strong></span> <span class='ocrx_word' id='word_1_490' title='bbox 3002 3253 3121 3324; x_wconf 82' lang='grc' dir='ltr'><strong>Θεῷ</strong></span> <span class='ocrx_word' id='word_1_491' title='bbox 3176 3247 3253 3321; x_wconf 77' lang='grc' dir='ltr'><strong>τῷ</strong></span> <span class='ocrx_word' id='word_1_492' title='bbox 3318 3254 3550 3329; x_wconf 81' lang='grc' dir='ltr'><strong>πάντων</strong></span> <span class='ocrx_word' id='word_1_493' title='bbox 3602 3243 3754 3317; x_wconf 85' lang='grc' dir='ltr'><strong>ίατρῷ</strong></span> 
     </span>
    </p>
   </div>
   <div class='ocr_carea' id='block_1_66' title="bbox 397 3326 2076 3416">
    <p class='ocr_par' dir='ltr' id='par_1_66' title="bbox 397 3326 2076 3416">
     <span class='ocr_line' id='line_1_66' title="bbox 397 3326 2076 3416; baseline -0.001 -29"><span class='ocrx_word' id='word_1_494' title='bbox 397 3365 400 3367; x_wconf 53' lang='grc' dir='ltr'><strong>λ</strong></span> <span class='ocrx_word' id='word_1_495' title='bbox 509 3338 600 3408; x_wconf 87' lang='lat' dir='ltr'><strong>qni</strong></span> <span class='ocrx_word' id='word_1_496' title='bbox 662 3336 1012 3416; x_wconf 79' lang='lat' dir='ltr'><strong>quantumvis</strong></span> <span class='ocrx_word' id='word_1_497' title='bbox 1059 3333 1213 3404; x_wconf 83' lang='lat' dir='ltr'><strong>gravi</strong></span> <span class='ocrx_word' id='word_1_498' title='bbox 1276 3336 1520 3403; x_wconf 27' lang='lat' dir='ltr'><strong>quodam.</strong></span> <span class='ocrx_word' id='word_1_499' title='bbox 1558 3326 1764 3416; x_wconf 43' lang='grc' dir='ltr'><strong>⁵ηιοιλιιο</strong></span> <span class='ocrx_word' id='word_1_500' title='bbox 1807 3331 2076 3400; x_wconf 81' lang='lat' dir='ltr'><strong>laborant,</strong></span> 
     </span>
    </p>
   </div>
   <div class='ocr_carea' id='block_1_67' title="bbox 511 3413 2078 3496">
    <p class='ocr_par' dir='ltr' id='par_1_67' title="bbox 511 3413 2078 3496">
     <span class='ocr_line' id='line_1_67' title="bbox 511 3413 2078 3496; baseline -0.004 -13"><span class='ocrx_word' id='word_1_501' title='bbox 511 3427 702 3496; x_wconf 84' lang='lat' dir='ltr'><strong>seipsis</strong></span> <span class='ocrx_word' id='word_1_502' title='bbox 729 3427 781 3479; x_wconf 91' lang='lat' dir='ltr'><strong>in</strong></span> <span class='ocrx_word' id='word_1_503' title='bbox 811 3413 1001 3489; x_wconf 82' lang='lat' dir='ltr'><strong>Deum,</strong></span> <span class='ocrx_word' id='word_1_504' title='bbox 1032 3419 1123 3492; x_wconf 86' lang='lat' dir='ltr'><strong>qui</strong></span> <span class='ocrx_word' id='word_1_505' title='bbox 1151 3421 1394 3476; x_wconf 88' lang='lat' dir='ltr'><strong>omnium</strong></span> <span class='ocrx_word' id='word_1_506' title='bbox 1428 3413 1670 3476; x_wconf 88' lang='lat' dir='ltr'><strong>medicus</strong></span> <span class='ocrx_word' id='word_1_507' title='bbox 1697 3431 1805 3488; x_wconf 91' lang='lat' dir='ltr'><strong>est,</strong></span> <span class='ocrx_word' id='word_1_508' title='bbox 1838 3419 2078 3491; x_wconf 82' lang='lat' dir='ltr'><strong>rejectis,</strong></span> 
     </span>
    </p>
   </div>
   <div class='ocr_carea' id='block_1_68' title="bbox 510 3503 2083 3582">
    <p class='ocr_par' dir='ltr' id='par_1_68' title="bbox 510 3503 2083 3582">
     <span class='ocr_line' id='line_1_68' title="bbox 510 3503 2083 3582; baseline -0.005 -9"><span class='ocrx_word' id='word_1_509' title='bbox 510 3528 564 3574; x_wconf 89' lang='lat' dir='ltr'><strong>et</strong></span> <span class='ocrx_word' id='word_1_510' title='bbox 600 3518 759 3570; x_wconf 87' lang='lat' dir='ltr'><strong>allata</strong></span> <span class='ocrx_word' id='word_1_511' title='bbox 794 3503 1097 3571; x_wconf 83' lang='lat' dir='ltr'><strong>sanationis</strong></span> <span class='ocrx_word' id='word_1_512' title='bbox 1151 3513 1471 3582; x_wconf 86' lang='lat' dir='ltr'><strong>cupiditate.</strong></span> <span class='ocrx_word' id='word_1_513' title='bbox 1519 3513 1699 3580; x_wconf 86' lang='lat' dir='ltr'><strong>Atque</strong></span> <span class='ocrx_word' id='word_1_514' title='bbox 1751 3515 1865 3567; x_wconf 74' lang='lat' dir='ltr'><strong>lure</strong></span> <span class='ocrx_word' id='word_1_515' title='bbox 1913 3509 2083 3566; x_wconf 84' lang='lat' dir='ltr'><strong>conli-</strong></span> 
     </span>
    </p>
   </div>
   <div class='ocr_carea' id='block_1_69' title="bbox 511 3601 2078 3675">
    <p class='ocr_par' dir='ltr' id='par_1_69' title="bbox 511 3601 2078 3675">
     <span class='ocr_line' id='line_1_69' title="bbox 511 3601 2078 3675; baseline -0.003 -12"><span class='ocrx_word' id='word_1_516' title='bbox 511 3611 703 3664; x_wconf 88' lang='lat' dir='ltr'><strong>denter</strong></span> <span class='ocrx_word' id='word_1_517' title='bbox 737 3609 843 3671; x_wconf 88' lang='lat' dir='ltr'><strong>aio,</strong></span> <span class='ocrx_word' id='word_1_518' title='bbox 909 3606 1208 3675; x_wconf 78' lang='lat' dir='ltr'><strong>reSpiciens</strong></span> <span class='ocrx_word' id='word_1_519' title='bbox 1253 3603 1344 3659; x_wconf 12' lang='lat' dir='ltr'><strong>ad.</strong></span> <span class='ocrx_word' id='word_1_520' title='bbox 1378 3601 1872 3674; x_wconf 80' lang='lat' dir='ltr'><strong>inexsuperabilem</strong></span> <span class='ocrx_word' id='word_1_521' title='bbox 1934 3605 2078 3658; x_wconf 89' lang='lat' dir='ltr'><strong>illam</strong></span> 
     </span>
    </p>
   </div>
   <div class='ocr_carea' id='block_1_70' title="bbox 513 3689 2080 3767">
    <p class='ocr_par' dir='ltr' id='par_1_70' title="bbox 513 3689 2080 3767">
     <span class='ocr_line' id='line_1_70' title="bbox 513 3689 2080 3767; baseline -0.004 -13"><span class='ocrx_word' id='word_1_522' title='bbox 513 3701 830 3764; x_wconf 88' lang='lat' dir='ltr'><strong>bonitatem,</strong></span> <span class='ocrx_word' id='word_1_523' title='bbox 872 3699 942 3752; x_wconf 84' lang='lat' dir='ltr'><strong>ad</strong></span> <span class='ocrx_word' id='word_1_524' title='bbox 971 3699 1086 3767; x_wconf 87' lang='lat' dir='ltr'><strong>ejus</strong></span> <span class='ocrx_word' id='word_1_525' title='bbox 1117 3713 1247 3766; x_wconf 86' lang='lat' dir='ltr'><strong>erga</strong></span> <span class='ocrx_word' id='word_1_526' title='bbox 1285 3704 1385 3752; x_wconf 86' lang='lat' dir='ltr'><strong>nos</strong></span> <span class='ocrx_word' id='word_1_527' title='bbox 1417 3689 1789 3758; x_wconf 84' lang='lat' dir='ltr'><strong>dilectionem.</strong></span> <span class='ocrx_word' id='word_1_528' title='bbox 1843 3695 1962 3764; x_wconf 64' lang='lat' dir='ltr'><strong>quin</strong></span> <span class='ocrx_word' id='word_1_529' title='bbox 1990 3711 2080 3749; x_wconf 83' lang='lat' dir='ltr'><strong>su-</strong></span> 
     </span>
    </p>
   </div>
   <div class='ocr_carea' id='block_1_71' title="bbox 512 3792 2074 3858">
    <p class='ocr_par' dir='ltr' id='par_1_71' title="bbox 512 3792 2074 3858">
     <span class='ocr_line' id='line_1_71' title="bbox 512 3792 2074 3858; baseline -0.003 -13"><span class='ocrx_word' id='word_1_530' title='bbox 512 3807 607 3858; x_wconf 88' lang='lat' dir='ltr'><strong>pra</strong></span> <span class='ocrx_word' id='word_1_531' title='bbox 643 3793 859 3845; x_wconf 80' lang='lat' dir='ltr'><strong>tuodum</strong></span> <span class='ocrx_word' id='word_1_532' title='bbox 901 3804 954 3844; x_wconf 88' lang='lat' dir='ltr'><strong>et</strong></span> <span class='ocrx_word' id='word_1_533' title='bbox 1008 3802 1265 3852; x_wconf 86' lang='lat' dir='ltr'><strong>mentem,</strong></span> <span class='ocrx_word' id='word_1_534' title='bbox 1294 3801 1345 3844; x_wconf 90' lang='lat' dir='ltr'><strong>et</strong></span> <span class='ocrx_word' id='word_1_535' title='bbox 1404 3792 1695 3853; x_wconf 90' lang='lat' dir='ltr'><strong>rationem,</strong></span> <span class='ocrx_word' id='word_1_536' title='bbox 1748 3798 1803 3842; x_wconf 88' lang='lat' dir='ltr'><strong>et</strong></span> <span class='ocrx_word' id='word_1_537' title='bbox 1857 3804 2074 3842; x_wconf 89' lang='lat' dir='ltr'><strong>omnem</strong></span> 
     </span>
    </p>
   </div>
   <div class='ocr_carea' id='block_1_72' title="bbox 419 3866 2082 3952">
    <p class='ocr_par' dir='ltr' id='par_1_72' title="bbox 419 3866 2082 3952">
     <span class='ocr_line' id='line_1_72' title="bbox 419 3866 2082 3952; baseline -0.003 -13"><span class='ocrx_word' id='word_1_538' title='bbox 419 3866 428 3874; x_wconf 21' lang='grc' dir='ltr'><em>κ</em></span> <span class='ocrx_word' id='word_1_539' title='bbox 511 3883 894 3952; x_wconf 85' lang='lat' dir='ltr'><strong>cogitationem</strong></span> <span class='ocrx_word' id='word_1_540' title='bbox 921 3892 1145 3950; x_wconf 86' lang='lat' dir='ltr'><strong>stupore</strong></span> <span class='ocrx_word' id='word_1_541' title='bbox 1192 3878 1452 3949; x_wconf 88' lang='lat' dir='ltr'><strong>complet,</strong></span> <span class='ocrx_word' id='word_1_542' title='bbox 1480 3883 1545 3934; x_wconf 88' lang='lat' dir='ltr'><strong>ad</strong></span> <span class='ocrx_word' id='word_1_543' title='bbox 1602 3881 1800 3934; x_wconf 74' lang='lat' dir='ltr'><strong>divina:</strong></span> <span class='ocrx_word' id='word_1_544' title='bbox 1846 3881 2082 3948; x_wconf 82' lang='lat' dir='ltr'><strong>denique</strong></span> 
     </span>
    </p>
   </div>
   <div class='ocr_carea' id='block_1_73' title="bbox 511 3969 2077 4040">
    <p class='ocr_par' dir='ltr' id='par_1_73' title="bbox 511 3969 2077 4040">
     <span class='ocr_line' id='line_1_73' title="bbox 511 3969 2077 4040; baseline -0.002 -13"><span class='ocrx_word' id='word_1_545' title='bbox 511 3972 812 4028; x_wconf 82' lang='lat' dir='ltr'><strong>voluntatis</strong></span> <span class='ocrx_word' id='word_1_546' title='bbox 863 3982 1027 4040; x_wconf 90' lang='lat' dir='ltr'><strong>atque</strong></span> <span class='ocrx_word' id='word_1_547' title='bbox 1103 3981 1312 4025; x_wconf 79' lang='lat' dir='ltr'><strong>natura:</strong></span> <span class='ocrx_word' id='word_1_548' title='bbox 1361 3969 1883 4025; x_wconf 81' lang='lat' dir='ltr'><strong>innmdabilitatem.</strong></span> <span class='ocrx_word' id='word_1_549' title='bbox 1945 3969 2077 4024; x_wconf 85' lang='lat' dir='ltr'><strong>Nam</strong></span> 
     </span>
    </p>
   </div>
   <div class='ocr_carea' id='block_1_74' title="bbox 513 4061 2084 4133">
    <p class='ocr_par' dir='ltr' id='par_1_74' title="bbox 513 4061 2084 4133">
     <span class='ocr_line' id='line_1_74' title="bbox 513 4061 2084 4133; baseline 0.001 -16"><span class='ocrx_word' id='word_1_550' title='bbox 513 4065 626 4119; x_wconf 77' lang='lat' dir='ltr'><strong>ﬁeri</strong></span> <span class='ocrx_word' id='word_1_551' title='bbox 664 4063 846 4133; x_wconf 83' lang='lat' dir='ltr'><strong>nequit</strong></span> <span class='ocrx_word' id='word_1_552' title='bbox 879 4067 936 4115; x_wconf 83' lang='lat' dir='ltr'><strong>ut</strong></span> <span class='ocrx_word' id='word_1_553' title='bbox 963 4077 1028 4116; x_wconf 82' lang='lat' dir='ltr'><strong>ex</strong></span> <span class='ocrx_word' id='word_1_554' title='bbox 1074 4062 1179 4116; x_wconf 73' lang='lat' dir='ltr'><strong>hac</strong></span> <span class='ocrx_word' id='word_1_555' title='bbox 1212 4061 1266 4116; x_wconf 88' lang='lat' dir='ltr'><strong>in</strong></span> <span class='ocrx_word' id='word_1_556' title='bbox 1329 4062 1461 4115; x_wconf 90' lang='lat' dir='ltr'><strong>illud</strong></span> <span class='ocrx_word' id='word_1_557' title='bbox 1518 4061 1812 4116; x_wconf 83' lang='lat' dir='ltr'><strong>immobilis</strong></span> <span class='ocrx_word' id='word_1_558' title='bbox 1874 4064 2084 4118; x_wconf 70' lang='lat' dir='ltr'><strong>natura:</strong></span> 
     </span>
    </p>
   </div>
   <div class='ocr_carea' id='block_1_75' title="bbox 514 4154 2084 4224">
    <p class='ocr_par' dir='ltr' id='par_1_75' title="bbox 514 4154 2084 4224">
     <span class='ocr_line' id='line_1_75' title="bbox 514 4154 2084 4224; baseline 0.002 -16"><span class='ocrx_word' id='word_1_559' title='bbox 514 4165 751 4209; x_wconf 89' lang='lat' dir='ltr'><strong>mutetur</strong></span> <span class='ocrx_word' id='word_1_560' title='bbox 778 4170 950 4221; x_wconf 87' lang='lat' dir='ltr'><strong>amor,</strong></span> <span class='ocrx_word' id='word_1_561' title='bbox 978 4164 1141 4224; x_wconf 87' lang='lat' dir='ltr'><strong>utque</strong></span> <span class='ocrx_word' id='word_1_562' title='bbox 1185 4154 1302 4209; x_wconf 69' lang='lat' dir='ltr'><strong>duae</strong></span> <span class='ocrx_word' id='word_1_563' title='bbox 1336 4169 1422 4208; x_wconf 91' lang='lat' dir='ltr'><strong>res</strong></span> <span class='ocrx_word' id='word_1_564' title='bbox 1463 4155 1711 4209; x_wconf 82' lang='lat' dir='ltr'><strong>accidant</strong></span> <span class='ocrx_word' id='word_1_565' title='bbox 1737 4156 1868 4220; x_wconf 89' lang='lat' dir='ltr'><strong>Deo,</strong></span> <span class='ocrx_word' id='word_1_566' title='bbox 1895 4157 2084 4224; x_wconf 65' lang='lat' dir='ltr'><strong>pinni-</strong></span> 
     </span>
    </p>
   </div>
   <div class='ocr_carea' id='block_1_76' title="bbox 513 4241 2084 4313">
    <p class='ocr_par' dir='ltr' id='par_1_76' title="bbox 513 4241 2084 4313">
     <span class='ocr_line' id='line_1_76' title="bbox 513 4241 2084 4313; baseline 0.002 -14"><span class='ocrx_word' id='word_1_567' title='bbox 513 4247 680 4299; x_wconf 89' lang='lat' dir='ltr'><strong>tentia</strong></span> <span class='ocrx_word' id='word_1_568' title='bbox 709 4257 764 4299; x_wconf 90' lang='lat' dir='ltr'><strong>et</strong></span> <span class='ocrx_word' id='word_1_569' title='bbox 799 4259 1015 4310; x_wconf 83' lang='lat' dir='ltr'><strong>metus;</strong></span> <span class='ocrx_word' id='word_1_570' title='bbox 1049 4245 1251 4313; x_wconf 86' lang='lat' dir='ltr'><strong>quippe</strong></span> <span class='ocrx_word' id='word_1_571' title='bbox 1285 4241 1526 4298; x_wconf 88' lang='lat' dir='ltr'><strong>divinum</strong></span> <span class='ocrx_word' id='word_1_572' title='bbox 1556 4243 1687 4300; x_wconf 91' lang='lat' dir='ltr'><strong>illud</strong></span> <span class='ocrx_word' id='word_1_573' title='bbox 1723 4261 1922 4300; x_wconf 89' lang='lat' dir='ltr'><strong>numen</strong></span> <span class='ocrx_word' id='word_1_574' title='bbox 1981 4245 2084 4302; x_wconf 86' lang='lat' dir='ltr'><strong>im-</strong></span> 
     </span>
    </p>
   </div>
   <div class='ocr_carea' id='block_1_77' title="bbox 516 4332 2085 4406">
    <p class='ocr_par' dir='ltr' id='par_1_77' title="bbox 516 4332 2085 4406">
     <span class='ocr_line' id='line_1_77' title="bbox 516 4332 2085 4406; baseline 0.001 -16"><span class='ocrx_word' id='word_1_575' title='bbox 516 4337 713 4390; x_wconf 88' lang='lat' dir='ltr'><strong>mobile</strong></span> <span class='ocrx_word' id='word_1_576' title='bbox 737 4347 840 4400; x_wconf 88' lang='lat' dir='ltr'><strong>est,</strong></span> <span class='ocrx_word' id='word_1_577' title='bbox 875 4346 929 4388; x_wconf 92' lang='lat' dir='ltr'><strong>et</strong></span> <span class='ocrx_word' id='word_1_578' title='bbox 950 4351 1068 4405; x_wconf 73' lang='lat' dir='ltr'><strong>qua:</strong></span> <span class='ocrx_word' id='word_1_579' title='bbox 1103 4337 1168 4390; x_wconf 90' lang='lat' dir='ltr'><strong>ab</strong></span> <span class='ocrx_word' id='word_1_580' title='bbox 1197 4351 1260 4390; x_wconf 89' lang='lat' dir='ltr'><strong>eo</strong></span> <span class='ocrx_word' id='word_1_581' title='bbox 1291 4336 1456 4400; x_wconf 87' lang='lat' dir='ltr'><strong>iiunt,</strong></span> <span class='ocrx_word' id='word_1_582' title='bbox 1483 4332 1661 4391; x_wconf 82' lang='lat' dir='ltr'><strong>omnis</strong></span> <span class='ocrx_word' id='word_1_583' title='bbox 1681 4339 1924 4406; x_wconf 83' lang='lat' dir='ltr'><strong>expertia</strong></span> <span class='ocrx_word' id='word_1_584' title='bbox 1956 4349 2085 4394; x_wconf 86' lang='lat' dir='ltr'><strong>sunt</strong></span> 
     </span>
    </p>
   </div>
   <div class='ocr_carea' id='block_1_78' title="bbox 517 4423 2083 4511">
    <p class='ocr_par' dir='ltr' id='par_1_78' title="bbox 517 4423 2083 4511">
     <span class='ocr_line' id='line_1_78' title="bbox 517 4423 2083 4511; baseline 0.004 -30"><span class='ocrx_word' id='word_1_585' title='bbox 517 4427 866 4498; x_wconf 67' lang='lat' dir='ltr'><strong>poenitentiae.</strong></span> <span class='ocrx_word' id='word_1_586' title='bbox 891 4423 1005 4511; x_wconf 76' lang='lat' dir='ltr'><strong>Non</strong></span> <span class='ocrx_word' id='word_1_587' title='bbox 1022 4427 1185 4498; x_wconf 88' lang='lat' dir='ltr'><strong>igitur</strong></span> <span class='ocrx_word' id='word_1_588' title='bbox 1202 4428 1315 4499; x_wconf 88' lang='lat' dir='ltr'><strong>ipsa</strong></span> <span class='ocrx_word' id='word_1_589' title='bbox 1341 4427 1430 4482; x_wconf 91' lang='lat' dir='ltr'><strong>illa</strong></span> <span class='ocrx_word' id='word_1_590' title='bbox 1454 4425 1753 4494; x_wconf 85' lang='lat' dir='ltr'><strong>bonitas,et</strong></span> <span class='ocrx_word' id='word_1_591' title='bbox 1774 4430 2083 4500; x_wconf 89' lang='lat' dir='ltr'><strong>clementia,</strong></span> 
     </span>
    </p>
   </div>
   <div class='ocr_carea' id='block_1_79' title="bbox 2186 3334 3751 3416">
    <p class='ocr_par' dir='ltr' id='par_1_79' title="bbox 2186 3334 3751 3416">
     <span class='ocr_line' id='line_1_79' title="bbox 2186 3334 3751 3416; baseline -0.007 -17"><span class='ocrx_word' id='word_1_592' title='bbox 2186 3348 2324 3415; x_wconf 80' lang='grc' dir='ltr'><strong>σφᾶς</strong></span> <span class='ocrx_word' id='word_1_593' title='bbox 2354 3362 2417 3414; x_wconf 87' lang='grc' dir='ltr'><strong>γε</strong></span> <span class='ocrx_word' id='word_1_594' title='bbox 2449 3345 2646 3408; x_wconf 77' lang='grc' dir='ltr'><strong>αὐτοὺς</strong></span> <span class='ocrx_word' id='word_1_595' title='bbox 2683 3338 3096 3416; x_wconf 80' lang='grc' dir='ltr'><strong>ὲπιρῥίψαντες,</strong></span> <span class='ocrx_word' id='word_1_596' title='bbox 3131 3334 3226 3397; x_wconf 68' lang='grc' dir='ltr'><strong>καὶ</strong></span> <span class='ocrx_word' id='word_1_597' title='bbox 3255 3344 3323 3397; x_wconf 79' lang='grc' dir='ltr'><strong>τὸ</strong></span> <span class='ocrx_word' id='word_1_598' title='bbox 3360 3338 3751 3412; x_wconf 79' lang='grc' dir='ltr'><strong>προθυμεῖσθαι</strong></span> 
     </span>
    </p>
   </div>
   <div class='ocr_carea' id='block_1_80' title="bbox 2185 3419 3776 3510">
    <p class='ocr_par' dir='ltr' id='par_1_80' title="bbox 2185 3419 3776 3510">
     <span class='ocr_line' id='line_1_80' title="bbox 2185 3419 3776 3510; baseline -0.002 -21"><span class='ocrx_word' id='word_1_599' title='bbox 2185 3431 2592 3507; x_wconf 78' lang='grc' dir='ltr'><strong>θεραπευθῆναι</strong></span> <span class='ocrx_word' id='word_1_600' title='bbox 2629 3419 3056 3510; x_wconf 25' lang='grc' dir='ltr'><strong>είσενεγκόντεης.</strong></span> <span class='ocrx_word' id='word_1_601' title='bbox 3092 3438 3202 3490; x_wconf 75' lang='grc' dir='ltr'><strong>Καὶ</strong></span> <span class='ocrx_word' id='word_1_602' title='bbox 3243 3435 3433 3491; x_wconf 78' lang='grc' dir='ltr'><strong>ταῦτα</strong></span> <span class='ocrx_word' id='word_1_603' title='bbox 3467 3435 3608 3502; x_wconf 84' lang='grc' dir='ltr'><strong>λέγω</strong></span> <span class='ocrx_word' id='word_1_604' title='bbox 3635 3431 3776 3500; x_wconf 73' lang='grc' dir='ltr'><strong>θαρο.</strong></span> 
     </span>
    </p>
   </div>
   <div class='ocr_carea' id='block_1_81' title="bbox 2185 3512 3752 3602">
    <p class='ocr_par' dir='ltr' id='par_1_81' title="bbox 2185 3512 3752 3602">
     <span class='ocr_line' id='line_1_81' title="bbox 2185 3512 3752 3602; baseline 0 -18"><span class='ocrx_word' id='word_1_605' title='bbox 2185 3529 2443 3602; x_wconf 70' lang='grc' dir='ltr'><strong>ρούντως,</strong></span> <span class='ocrx_word' id='word_1_606' title='bbox 2483 3512 2563 3593; x_wconf 74' lang='grc' dir='ltr'><strong>είς</strong></span> <span class='ocrx_word' id='word_1_607' title='bbox 2609 3529 2708 3599; x_wconf 78' lang='grc' dir='ltr'><strong>τὴν</strong></span> <span class='ocrx_word' id='word_1_608' title='bbox 2754 3524 3168 3600; x_wconf 78' lang='grc' dir='ltr'><strong>ἀνυπέρϐλητον</strong></span> <span class='ocrx_word' id='word_1_609' title='bbox 3216 3530 3369 3598; x_wconf 85' lang='grc' dir='ltr'><strong>ὁρῶν</strong></span> <span class='ocrx_word' id='word_1_610' title='bbox 3429 3527 3752 3595; x_wconf 74' lang='grc' dir='ltr'><strong>άγαθότηταο</strong></span> 
     </span>
    </p>
   </div>
   <div class='ocr_carea' id='block_1_82' title="bbox 2184 3617 3750 3694">
    <p class='ocr_par' dir='ltr' id='par_1_82' title="bbox 2184 3617 3750 3694">
     <span class='ocr_line' id='line_1_82' title="bbox 2184 3617 3750 3694; baseline -0.006 -19"><span class='ocrx_word' id='word_1_611' title='bbox 2184 3624 2267 3688; x_wconf 84' lang='grc' dir='ltr'><strong>είς</strong></span> <span class='ocrx_word' id='word_1_612' title='bbox 2316 3624 2415 3694; x_wconf 81' lang='grc' dir='ltr'><strong>τὴν</strong></span> <span class='ocrx_word' id='word_1_613' title='bbox 2447 3617 2583 3692; x_wconf 76' lang='grc' dir='ltr'><strong>πρὸς</strong></span> <span class='ocrx_word' id='word_1_614' title='bbox 2634 3624 2783 3692; x_wconf 77' lang='grc' dir='ltr'><strong>ἡμᾶς</strong></span> <span class='ocrx_word' id='word_1_615' title='bbox 2815 3622 3033 3693; x_wconf 78' lang='grc' dir='ltr'><strong>ἐκείνης</strong></span> <span class='ocrx_word' id='word_1_616' title='bbox 3085 3623 3313 3693; x_wconf 81' lang='grc' dir='ltr'><strong>ἀγάπην</strong></span> <span class='ocrx_word' id='word_1_617' title='bbox 3334 3662 3350 3688; x_wconf 86' lang='grc'><strong>,</strong></span> <span class='ocrx_word' id='word_1_618' title='bbox 3381 3617 3750 3690; x_wconf 79' lang='grc' dir='ltr'><strong>ὑπερεκπλήτ-</strong></span> 
     </span>
    </p>
   </div>
   <div class='ocr_carea' id='block_1_83' title="bbox 2185 3696 3751 3791">
    <p class='ocr_par' dir='ltr' id='par_1_83' title="bbox 2185 3696 3751 3791">
     <span class='ocr_line' id='line_1_83' title="bbox 2185 3696 3751 3791; baseline -0.001 -23"><span class='ocrx_word' id='word_1_619' title='bbox 2185 3731 2388 3791; x_wconf 81' lang='grc' dir='ltr'><strong>τουσαν</strong></span> <span class='ocrx_word' id='word_1_620' title='bbox 2425 3715 2519 3768; x_wconf 80' lang='grc' dir='ltr'><strong>καὶ</strong></span> <span class='ocrx_word' id='word_1_621' title='bbox 2551 3713 2677 3768; x_wconf 83' lang='grc' dir='ltr'><strong>νοῦν</strong></span> <span class='ocrx_word' id='word_1_622' title='bbox 2709 3715 2802 3769; x_wconf 73' lang='grc' dir='ltr'><strong>καὶ</strong></span> <span class='ocrx_word' id='word_1_623' title='bbox 2839 3715 3021 3783; x_wconf 79' lang='grc' dir='ltr'><strong>λόγον,</strong></span> <span class='ocrx_word' id='word_1_624' title='bbox 3053 3717 3148 3767; x_wconf 78' lang='grc' dir='ltr'><strong>καὶ</strong></span> <span class='ocrx_word' id='word_1_625' title='bbox 3196 3715 3386 3770; x_wconf 77' lang='grc' dir='ltr'><strong>πᾶσαν</strong></span> <span class='ocrx_word' id='word_1_626' title='bbox 3432 3713 3659 3774; x_wconf 74' lang='grc' dir='ltr'><strong>ἔννοιαν,</strong></span> <span class='ocrx_word' id='word_1_627' title='bbox 3683 3696 3751 3766; x_wconf 61' lang='grc' dir='ltr'><strong>εἷς</strong></span> 
     </span>
    </p>
   </div>
   <div class='ocr_carea' id='block_1_84' title="bbox 2184 3797 3747 3876">
    <p class='ocr_par' dir='ltr' id='par_1_84' title="bbox 2184 3797 3747 3876">
     <span class='ocr_line' id='line_1_84' title="bbox 2184 3797 3747 3876; baseline -0.006 -18"><span class='ocrx_word' id='word_1_628' title='bbox 2184 3806 2246 3858; x_wconf 79' lang='grc' dir='ltr'><strong>τὸ</strong></span> <span class='ocrx_word' id='word_1_629' title='bbox 2275 3805 2374 3874; x_wconf 81' lang='grc' dir='ltr'><strong>τῆς</strong></span> <span class='ocrx_word' id='word_1_630' title='bbox 2403 3805 2555 3868; x_wconf 86' lang='grc' dir='ltr'><strong>Θείας</strong></span> <span class='ocrx_word' id='word_1_631' title='bbox 2589 3805 2788 3874; x_wconf 83' lang='grc' dir='ltr'><strong>βουλῆς</strong></span> <span class='ocrx_word' id='word_1_632' title='bbox 2819 3806 2912 3859; x_wconf 75' lang='grc' dir='ltr'><strong>καὶ</strong></span> <span class='ocrx_word' id='word_1_633' title='bbox 2943 3804 3159 3875; x_wconf 73' lang='grc' dir='ltr'><strong>φύσεως</strong></span> <span class='ocrx_word' id='word_1_634' title='bbox 3206 3807 3649 3876; x_wconf 82' lang='grc' dir='ltr'><strong>ἀμετάτρεπτον.</strong></span> <span class='ocrx_word' id='word_1_635' title='bbox 3685 3797 3747 3849; x_wconf 82' lang='grc' dir='ltr'><strong>Οὐ</strong></span> 
     </span>
    </p>
   </div>
   <div class='ocr_carea' id='block_1_85' title="bbox 2186 3887 3750 3966">
    <p class='ocr_par' dir='ltr' id='par_1_85' title="bbox 2186 3887 3750 3966">
     <span class='ocr_line' id='line_1_85' title="bbox 2186 3887 3750 3966; baseline 0 -18"><span class='ocrx_word' id='word_1_636' title='bbox 2186 3896 2294 3965; x_wconf 72' lang='grc' dir='ltr'><strong>γὰρ</strong></span> <span class='ocrx_word' id='word_1_637' title='bbox 2334 3899 2396 3948; x_wconf 87' lang='grc' dir='ltr'><strong>ὲκ</strong></span> <span class='ocrx_word' id='word_1_638' title='bbox 2428 3896 2621 3949; x_wconf 80' lang='grc' dir='ltr'><strong>τούτου</strong></span> <span class='ocrx_word' id='word_1_639' title='bbox 2667 3897 2804 3964; x_wconf 73' lang='grc' dir='ltr'><strong>πρὸς</strong></span> <span class='ocrx_word' id='word_1_640' title='bbox 2840 3899 3020 3950; x_wconf 82' lang='grc' dir='ltr'><strong>ἐκεῖνο</strong></span> <span class='ocrx_word' id='word_1_641' title='bbox 3048 3899 3075 3950; x_wconf 84' lang='grc' dir='ltr'>ὁ</span> <span class='ocrx_word' id='word_1_642' title='bbox 3104 3887 3201 3966; x_wconf 77' lang='grc' dir='ltr'><strong>τῆς</strong></span> <span class='ocrx_word' id='word_1_643' title='bbox 3249 3897 3521 3966; x_wconf 81' lang='grc' dir='ltr'><strong>ἀκινήτου</strong></span> <span class='ocrx_word' id='word_1_644' title='bbox 3553 3893 3750 3962; x_wconf 73' lang='grc' dir='ltr'><strong>φύσεως</strong></span> 
     </span>
    </p>
   </div>
   <div class='ocr_carea' id='block_1_86' title="bbox 2185 3981 3743 4058">
    <p class='ocr_par' dir='ltr' id='par_1_86' title="bbox 2185 3981 3743 4058">
     <span class='ocr_line' id='line_1_86' title="bbox 2185 3981 3743 4058; baseline -0.004 -19"><span class='ocrx_word' id='word_1_645' title='bbox 2185 3981 2326 4055; x_wconf 73' lang='grc' dir='ltr'><strong>ἔρως</strong></span> <span class='ocrx_word' id='word_1_646' title='bbox 2362 3989 2824 4058; x_wconf 27' lang='grc' dir='ltr'><strong>τμετατεθήσεται,</strong></span> <span class='ocrx_word' id='word_1_647' title='bbox 2885 3990 2979 4041; x_wconf 73' lang='grc' dir='ltr'><strong>καὶ</strong></span> <span class='ocrx_word' id='word_1_648' title='bbox 3032 3988 3194 4043; x_wconf 78' lang='grc' dir='ltr'><strong>πάθοι</strong></span> <span class='ocrx_word' id='word_1_649' title='bbox 3237 3987 3335 4041; x_wconf 75' lang='grc' dir='ltr'><strong>δύο</strong></span> <span class='ocrx_word' id='word_1_650' title='bbox 3391 3986 3554 4040; x_wconf 83' lang='grc' dir='ltr'><strong>ταυτὶ</strong></span> <span class='ocrx_word' id='word_1_651' title='bbox 3609 3981 3743 4042; x_wconf 74' lang='grc' dir='ltr'><strong>Θεὸς,</strong></span> 
     </span>
    </p>
   </div>
   <div class='ocr_carea' id='block_1_87' title="bbox 2189 4078 3741 4151">
    <p class='ocr_par' dir='ltr' id='par_1_87' title="bbox 2189 4078 3741 4151">
     <span class='ocr_line' id='line_1_87' title="bbox 2189 4078 3741 4151; baseline 0.001 -19"><span class='ocrx_word' id='word_1_652' title='bbox 2189 4079 2497 4150; x_wconf 84' lang='grc' dir='ltr'><strong>μετάμελόν</strong></span> <span class='ocrx_word' id='word_1_653' title='bbox 2529 4097 2588 4132; x_wconf 86' lang='grc' dir='ltr'><strong>τε</strong></span> <span class='ocrx_word' id='word_1_654' title='bbox 2640 4082 2736 4134; x_wconf 77' lang='grc' dir='ltr'><strong>καὶ</strong></span> <span class='ocrx_word' id='word_1_655' title='bbox 2768 4080 3007 4150; x_wconf 88' lang='grc' dir='ltr'><strong>κίνησιν.</strong></span> <span class='ocrx_word' id='word_1_656' title='bbox 3043 4083 3120 4134; x_wconf 85' lang='grc' dir='ltr'><strong>Τὸ</strong></span> <span class='ocrx_word' id='word_1_657' title='bbox 3149 4083 3306 4136; x_wconf 87' lang='grc' dir='ltr'><strong>Θεῖον</strong></span> <span class='ocrx_word' id='word_1_658' title='bbox 3339 4083 3454 4151; x_wconf 81' lang='grc' dir='ltr'><strong>γὰρ</strong></span> <span class='ocrx_word' id='word_1_659' title='bbox 3484 4078 3741 4148; x_wconf 72' lang='grc' dir='ltr'><strong>ἀκίνητον»</strong></span> 
     </span>
    </p>
   </div>
   <div class='ocr_carea' id='block_1_88' title="bbox 2128 4163 3739 4242">
    <p class='ocr_par' dir='ltr' id='par_1_88' title="bbox 2128 4163 3739 4242">
     <span class='ocr_line' id='line_1_88' title="bbox 2128 4163 3739 4242; baseline -0.006 -17"><span class='ocrx_word' id='word_1_660' title='bbox 2128 4227 2132 4232; x_wconf 91' lang='lat'><strong><em>_</em></strong></span> <span class='ocrx_word' id='word_1_661' title='bbox 2187 4173 2280 4224; x_wconf 73' lang='grc' dir='ltr'><strong>καὶ</strong></span> <span class='ocrx_word' id='word_1_662' title='bbox 2327 4170 2396 4225; x_wconf 81' lang='grc' dir='ltr'><strong>τὰ</strong></span> <span class='ocrx_word' id='word_1_663' title='bbox 2427 4171 2655 4224; x_wconf 82' lang='grc' dir='ltr'><strong>αὐτόθεν</strong></span> <span class='ocrx_word' id='word_1_664' title='bbox 2701 4163 3116 4242; x_wconf 72' lang='grc' dir='ltr'><strong>ἀμεταμέλητα.</strong></span> <span class='ocrx_word' id='word_1_665' title='bbox 3151 4174 3225 4226; x_wconf 81' lang='grc' dir='ltr'><strong>Οὐ</strong></span> <span class='ocrx_word' id='word_1_666' title='bbox 3260 4169 3446 4227; x_wconf 85' lang='grc' dir='ltr'><strong>τοίνυν</strong></span> <span class='ocrx_word' id='word_1_667' title='bbox 3484 4172 3519 4240; x_wconf 88' lang='grc' dir='ltr'><strong>ή</strong></span> <span class='ocrx_word' id='word_1_668' title='bbox 3568 4167 3739 4221; x_wconf 62' lang='grc' dir='ltr'><strong>αὑτοαέ</strong></span> 
     </span>
    </p>
   </div>
   <div class='ocr_carea' id='block_1_89' title="bbox 2186 4256 3740 4334">
    <p class='ocr_par' dir='ltr' id='par_1_89' title="bbox 2186 4256 3740 4334">
     <span class='ocr_line' id='line_1_89' title="bbox 2186 4256 3740 4334; baseline 0.005 -17"><span class='ocrx_word' id='word_1_669' title='bbox 2186 4263 2424 4334; x_wconf 84' lang='grc' dir='ltr'><strong>γαθὸτης</strong></span> <span class='ocrx_word' id='word_1_670' title='bbox 2463 4280 2524 4315; x_wconf 85' lang='grc' dir='ltr'><strong>τε</strong></span> <span class='ocrx_word' id='word_1_671' title='bbox 2594 4266 2690 4318; x_wconf 79' lang='grc' dir='ltr'><strong>καὶ</strong></span> <span class='ocrx_word' id='word_1_672' title='bbox 2737 4256 3141 4334; x_wconf 80' lang='grc' dir='ltr'><strong>φιλανθρωπία,</strong></span> <span class='ocrx_word' id='word_1_673' title='bbox 3172 4268 3265 4319; x_wconf 78' lang='grc' dir='ltr'><strong>καὶ</strong></span> <span class='ocrx_word' id='word_1_674' title='bbox 3289 4264 3636 4332; x_wconf 77' lang='grc' dir='ltr'><strong>αὐτοαγάπη,</strong></span> <span class='ocrx_word' id='word_1_675' title='bbox 3666 4273 3740 4325; x_wconf 81' lang='grc' dir='ltr'><strong>μι-</strong></span> 
     </span>
    </p>
   </div>
   <div class='ocr_carea' id='block_1_90' title="bbox 2190 4349 3736 4429">
    <p class='ocr_par' dir='ltr' id='par_1_90' title="bbox 2190 4349 3736 4429">
     <span class='ocr_line' id='line_1_90' title="bbox 2190 4349 3736 4429; baseline -0.002 -21"><span class='ocrx_word' id='word_1_676' title='bbox 2190 4357 2345 4428; x_wconf 87' lang='grc' dir='ltr'><strong>σήσει</strong></span> <span class='ocrx_word' id='word_1_677' title='bbox 2380 4355 2442 4426; x_wconf 80' lang='grc' dir='ltr'><strong>γέ</strong></span> <span class='ocrx_word' id='word_1_678' title='bbox 2487 4372 2621 4408; x_wconf 83' lang='grc' dir='ltr'><strong>ποτε</strong></span> <span class='ocrx_word' id='word_1_679' title='bbox 2671 4356 2766 4409; x_wconf 76' lang='grc' dir='ltr'><strong>καὶ</strong></span> <span class='ocrx_word' id='word_1_680' title='bbox 2816 4359 3310 4429; x_wconf 82' lang='grc' dir='ltr'><strong>ἀποστραφήσεται</strong></span> <span class='ocrx_word' id='word_1_681' title='bbox 3358 4349 3449 4411; x_wconf 77' lang='grc' dir='ltr'><strong>τδν</strong></span> <span class='ocrx_word' id='word_1_682' title='bbox 3491 4354 3624 4421; x_wconf 73' lang='grc' dir='ltr'><strong>αὐτῇ</strong></span> <span class='ocrx_word' id='word_1_683' title='bbox 3658 4362 3736 4400; x_wconf 54' lang='grc' dir='ltr'><strong>τοί</strong></span> 
     </span>
    </p>
   </div>
   <div class='ocr_carea' id='block_1_91' title="bbox 2190 4439 3735 4522">
    <p class='ocr_par' dir='ltr' id='par_1_91' title="bbox 2190 4439 3735 4522">
     <span class='ocr_line' id='line_1_91' title="bbox 2190 4439 3735 4522; baseline -0.006 -22"><span class='ocrx_word' id='word_1_684' title='bbox 2190 4447 2379 4500; x_wconf 80' lang='grc' dir='ltr'><strong>σοῦτον</strong></span> <span class='ocrx_word' id='word_1_685' title='bbox 2407 4448 2805 4518; x_wconf 76' lang='grc' dir='ltr'><strong>πεφιλημένον,</strong></span> <span class='ocrx_word' id='word_1_686' title='bbox 2833 4449 2957 4502; x_wconf 82' lang='grc' dir='ltr'><strong>ὅσον</strong></span> <span class='ocrx_word' id='word_1_687' title='bbox 2985 4450 3097 4503; x_wconf 78' lang='grc' dir='ltr'><strong>οὐδ’</strong></span> <span class='ocrx_word' id='word_1_688' title='bbox 3129 4450 3510 4522; x_wconf 77' lang='grc' dir='ltr'><strong>ἐνθυμηθῆναι</strong></span> <span class='ocrx_word' id='word_1_689' title='bbox 3537 4439 3640 4498; x_wconf 81' lang='grc' dir='ltr'><strong>οίόν</strong></span> <span class='ocrx_word' id='word_1_690' title='bbox 3667 4455 3735 4522; x_wconf 55' lang='lat' dir='ltr'><strong>rs:</strong></span> 
     </span>
    </p>
   </div>
   <div class='ocr_carea' id='block_1_92' title="bbox 514 4517 2078 4620">
    <p class='ocr_par' dir='ltr' id='par_1_92' title="bbox 514 4519 2078 4591">
     <span class='ocr_line' id='line_1_92' title="bbox 514 4519 2078 4591; baseline 0.003 -16"><span class='ocrx_word' id='word_1_691' title='bbox 514 4521 700 4590; x_wconf 86' lang='lat' dir='ltr'><strong>etipsa</strong></span> <span class='ocrx_word' id='word_1_692' title='bbox 727 4519 989 4581; x_wconf 78' lang='lat' dir='ltr'><strong>Charitas,</strong></span> <span class='ocrx_word' id='word_1_693' title='bbox 1029 4520 1153 4574; x_wconf 92' lang='lat' dir='ltr'><strong>odio</strong></span> <span class='ocrx_word' id='word_1_694' title='bbox 1182 4530 1542 4590; x_wconf 87' lang='lat' dir='ltr'><strong>prosequetur</strong></span> <span class='ocrx_word' id='word_1_695' title='bbox 1607 4534 1870 4591; x_wconf 84' lang='lat' dir='ltr'><strong>unquam,</strong></span> <span class='ocrx_word' id='word_1_696' title='bbox 1918 4524 1972 4579; x_wconf 89' lang='lat' dir='ltr'><strong>et</strong></span> <span class='ocrx_word' id='word_1_697' title='bbox 2016 4541 2078 4581; x_wconf 84' lang='lat' dir='ltr'><strong>a-</strong></span> 
     </span>
    </p>
   </div>
   <div class='ocr_carea' id='block_1_93' title="bbox 2182 4517 3737 4620">
    <p class='ocr_par' dir='ltr' id='par_1_93' title="bbox 2189 4517 3737 4620">
     <span class='ocr_line' id='line_1_93' title="bbox 2189 4517 3737 4620; baseline 0.001 -28"><span class='ocrx_word' id='word_1_698' title='bbox 2189 4539 2264 4592; x_wconf 84' lang='grc' dir='ltr'><strong>Οὐ</strong></span> <span class='ocrx_word' id='word_1_699' title='bbox 2297 4517 2693 4609; x_wconf 74' lang='grc' dir='ltr'><strong>πειραθήσεταί</strong></span> <span class='ocrx_word' id='word_1_700' title='bbox 2753 4545 2900 4602; x_wconf 67' lang='grc' dir='ltr'><strong>τινος</strong></span> <span class='ocrx_word' id='word_1_701' title='bbox 2944 4539 3154 4603; x_wconf 77' lang='grc' dir='ltr'><strong>πάθους</strong></span> <span class='ocrx_word' id='word_1_702' title='bbox 3200 4541 3228 4594; x_wconf 84' lang='grc' dir='ltr'><strong>ὁ</strong></span> <span class='ocrx_word' id='word_1_703' title='bbox 3264 4517 3517 4608; x_wconf 66' lang='grc' dir='ltr'><strong>ἀπαθής.</strong></span> <span class='ocrx_word' id='word_1_704' title='bbox 3552 4517 3737 4620; x_wconf 69' lang='grc' dir='ltr'><strong>παρἰἶι</strong></span> 
     </span>
    </p>
   </div>
   <div class='ocr_carea' id='block_1_94' title="bbox 519 4611 2078 4703">
    <p class='ocr_par' dir='ltr' id='par_1_94' title="bbox 519 4611 2078 4685">
     <span class='ocr_line' id='line_1_94' title="bbox 519 4611 2078 4685; baseline 0.004 -18"><span class='ocrx_word' id='word_1_705' title='bbox 519 4613 824 4667; x_wconf 84' lang='lat' dir='ltr'><strong>versabitur</strong></span> <span class='ocrx_word' id='word_1_706' title='bbox 854 4613 958 4666; x_wconf 90' lang='lat' dir='ltr'><strong>sibi</strong></span> <span class='ocrx_word' id='word_1_707' title='bbox 996 4620 1146 4666; x_wconf 87' lang='lat' dir='ltr'><strong>tanto</strong></span> <span class='ocrx_word' id='word_1_708' title='bbox 1177 4611 1434 4667; x_wconf 81' lang='lat' dir='ltr'><strong>dilecmtn</strong></span> <span class='ocrx_word' id='word_1_709' title='bbox 1463 4629 1647 4683; x_wconf 84' lang='lat' dir='ltr'><strong>opere,</strong></span> <span class='ocrx_word' id='word_1_710' title='bbox 1680 4627 1942 4685; x_wconf 89' lang='lat' dir='ltr'><strong>quantum</strong></span> <span class='ocrx_word' id='word_1_711' title='bbox 2011 4633 2078 4674; x_wconf 93' lang='lat' dir='ltr'><strong>ne</strong></span> 
     </span>
    </p>
   </div>
   <div class='ocr_carea' id='block_1_95' title="bbox 2182 4611 3738 4703">
    <p class='ocr_par' dir='ltr' id='par_1_95' title="bbox 2183 4617 3738 4703">
     <span class='ocr_line' id='line_1_95' title="bbox 2183 4617 3738 4703; baseline -0.008 -19"><span class='ocrx_word' id='word_1_712' title='bbox 2183 4628 2286 4684; x_wconf 85' lang='grc' dir='ltr'><strong>οὐκ</strong></span> <span class='ocrx_word' id='word_1_713' title='bbox 2333 4630 2410 4682; x_wconf 76' lang='grc' dir='ltr'><strong>ἔνι</strong></span> <span class='ocrx_word' id='word_1_714' title='bbox 2449 4629 2800 4700; x_wconf 79' lang='grc' dir='ltr'><strong>παραλλαγὴ,</strong></span> <span class='ocrx_word' id='word_1_715' title='bbox 2849 4631 2882 4702; x_wconf 78' lang='grc' dir='ltr'>ἢ</span> <span class='ocrx_word' id='word_1_716' title='bbox 2932 4633 3142 4703; x_wconf 58' lang='grc' dir='ltr'><strong>τρςπῆς</strong></span> <span class='ocrx_word' id='word_1_717' title='bbox 3195 4632 3575 4699; x_wconf 76' lang='grc' dir='ltr'><strong>ἀποσκίασμα,</strong></span> <span class='ocrx_word' id='word_1_718' title='bbox 3615 4617 3738 4676; x_wconf 75' lang='grc' dir='ltr'><strong>κατᾶ</strong></span> 
     </span>
    </p>
   </div>
   <div class='ocr_carea' id='block_1_96' title="bbox 513 4699 2080 4778">
    <p class='ocr_par' dir='ltr' id='par_1_96' title="bbox 513 4699 2080 4778">
     <span class='ocr_line' id='line_1_96' title="bbox 513 4699 2080 4778; baseline 0.005 -24"><span class='ocrx_word' id='word_1_719' title='bbox 513 4703 739 4773; x_wconf 84' lang='lat' dir='ltr'><strong>cogitari</strong></span> <span class='ocrx_word' id='word_1_720' title='bbox 765 4703 980 4772; x_wconf 86' lang='lat' dir='ltr'><strong>quidem</strong></span> <span class='ocrx_word' id='word_1_721' title='bbox 1013 4711 1214 4772; x_wconf 88' lang='lat' dir='ltr'><strong>potest.</strong></span> <span class='ocrx_word' id='word_1_722' title='bbox 1257 4699 1374 4756; x_wconf 80' lang='lat' dir='ltr'><strong>Non</strong></span> <span class='ocrx_word' id='word_1_723' title='bbox 1439 4703 1784 4759; x_wconf 74' lang='lat' dir='ltr'><strong>aﬂectionem</strong></span> <span class='ocrx_word' id='word_1_724' title='bbox 1844 4707 2080 4778; x_wconf 86' lang='lat' dir='ltr'><strong>aliquam</strong></span> 
     </span>
    </p>
   </div>
   <div class='ocr_carea' id='block_1_97' title="bbox 513 4788 2086 4863">
    <p class='ocr_par' dir='ltr' id='par_1_97' title="bbox 513 4788 2086 4863">
     <span class='ocr_line' id='line_1_97' title="bbox 513 4788 2086 4863; baseline 0.001 -16"><span class='ocrx_word' id='word_1_725' title='bbox 513 4793 846 4863; x_wconf 84' lang='lat' dir='ltr'><strong>experietur,</strong></span> <span class='ocrx_word' id='word_1_726' title='bbox 890 4790 982 4861; x_wconf 85' lang='lat' dir='ltr'><strong>qui</strong></span> <span class='ocrx_word' id='word_1_727' title='bbox 1035 4788 1344 4845; x_wconf 70' lang='lat' dir='ltr'><strong>affectionis</strong></span> <span class='ocrx_word' id='word_1_728' title='bbox 1394 4793 1575 4846; x_wconf 90' lang='lat' dir='ltr'><strong>omnis</strong></span> <span class='ocrx_word' id='word_1_729' title='bbox 1631 4792 1830 4860; x_wconf 81' lang='lat' dir='ltr'><strong>expers</strong></span> <span class='ocrx_word' id='word_1_730' title='bbox 1880 4803 1984 4856; x_wconf 92' lang='lat' dir='ltr'><strong>est,</strong></span> <span class='ocrx_word' id='word_1_731' title='bbox 2027 4791 2086 4849; x_wconf 77' lang='lat' dir='ltr'><strong>et</strong></span> 
     </span>
    </p>
   </div>
   <div class='ocr_carea' id='block_1_98' title="bbox 514 4881 2085 4953">
    <p class='ocr_par' dir='ltr' id='par_1_98' title="bbox 514 4881 2085 4953">
     <span class='ocr_line' id='line_1_98' title="bbox 514 4881 2085 4953; baseline 0 -15"><span class='ocrx_word' id='word_1_732' title='bbox 514 4883 654 4953; x_wconf 89' lang='lat' dir='ltr'><strong>apud</strong></span> <span class='ocrx_word' id='word_1_733' title='bbox 684 4897 842 4952; x_wconf 88' lang='lat' dir='ltr'><strong>quem</strong></span> <span class='ocrx_word' id='word_1_734' title='bbox 877 4882 1025 4936; x_wconf 87' lang='lat' dir='ltr'><strong>nulla</strong></span> <span class='ocrx_word' id='word_1_735' title='bbox 1058 4881 1288 4936; x_wconf 87' lang='lat' dir='ltr'><strong>mutatio</strong></span> <span class='ocrx_word' id='word_1_736' title='bbox 1315 4881 1398 4934; x_wconf 88' lang='lat' dir='ltr'><strong>vel</strong></span> <span class='ocrx_word' id='word_1_737' title='bbox 1427 4881 1748 4936; x_wconf 86' lang='lat' dir='ltr'><strong>mutationis</strong></span> <span class='ocrx_word' id='word_1_738' title='bbox 1795 4885 2085 4938; x_wconf 85' lang='lat' dir='ltr'><strong>adumbra-</strong></span> 
     </span>
    </p>
   </div>
   <div class='ocr_carea' id='block_1_99' title="bbox 519 4972 2083 5043">
    <p class='ocr_par' dir='ltr' id='par_1_99' title="bbox 519 4972 2083 5043">
     <span class='ocr_line' id='line_1_99' title="bbox 519 4972 2083 5043; baseline 0.001 -14"><span class='ocrx_word' id='word_1_739' title='bbox 519 4977 595 5029; x_wconf 89' lang='lat' dir='ltr'><strong>tio</strong></span> <span class='ocrx_word' id='word_1_740' title='bbox 623 4986 726 5038; x_wconf 89' lang='lat' dir='ltr'><strong>est,</strong></span> <span class='ocrx_word' id='word_1_741' title='bbox 760 4975 834 5027; x_wconf 92' lang='lat' dir='ltr'><strong>uti</strong></span> <span class='ocrx_word' id='word_1_742' title='bbox 867 4976 1021 5028; x_wconf 89' lang='lat' dir='ltr'><strong>divus</strong></span> <span class='ocrx_word' id='word_1_743' title='bbox 1046 4973 1135 5027; x_wconf 81' lang='lat' dir='ltr'><strong>ilie</strong></span> <span class='ocrx_word' id='word_1_744' title='bbox 1157 4972 1394 5027; x_wconf 82' lang='lat' dir='ltr'><strong>Jacobus</strong></span> <span class='ocrx_word' id='word_1_745' title='bbox 1422 4972 1686 5040; x_wconf 89' lang='lat' dir='ltr'><strong>loquitur,</strong></span> <span class='ocrx_word' id='word_1_746' title='bbox 1721 4974 1872 5043; x_wconf 88' lang='lat' dir='ltr'><strong>cujus</strong></span> <span class='ocrx_word' id='word_1_747' title='bbox 1917 4985 1971 5029; x_wconf 91' lang='lat' dir='ltr'><strong>et</strong></span> <span class='ocrx_word' id='word_1_748' title='bbox 1996 4975 2083 5031; x_wconf 89' lang='lat' dir='ltr'><strong>illa</strong></span> 
     </span>
    </p>
   </div>
   <div class='ocr_carea' id='block_1_100' title="bbox 514 5065 2089 5134">
    <p class='ocr_par' dir='ltr' id='par_1_100' title="bbox 514 5065 2089 5134">
     <span class='ocr_line' id='line_1_100' title="bbox 514 5065 2089 5134; baseline 0.001 -16"><span class='ocrx_word' id='word_1_749' title='bbox 514 5081 621 5118; x_wconf 82' lang='lat' dir='ltr'><strong>.vox</strong></span> <span class='ocrx_word' id='word_1_750' title='bbox 653 5075 736 5119; x_wconf 92' lang='lat' dir='ltr'><strong>est</strong></span> <span class='ocrx_word' id='word_1_751' title='bbox 769 5082 782 5118; x_wconf 88' lang='lat'><strong>:</strong></span> <span class='ocrx_word' id='word_1_752' title='bbox 815 5065 949 5117; x_wconf 79' lang='lat' dir='ltr'><strong>Deus</strong></span> <span class='ocrx_word' id='word_1_753' title='bbox 988 5065 1252 5118; x_wconf 81' lang='lat' dir='ltr'><strong>malorum</strong></span> <span class='ocrx_word' id='word_1_754' title='bbox 1281 5078 1463 5130; x_wconf 74' lang='lat' dir='ltr'><strong>expers</strong></span> <span class='ocrx_word' id='word_1_755' title='bbox 1521 5075 1622 5127; x_wconf 79' lang='lat' dir='ltr'><strong>est,</strong></span> <span class='ocrx_word' id='word_1_756' title='bbox 1680 5075 1726 5118; x_wconf 87' lang='lat' dir='ltr'><strong>et</strong></span> <span class='ocrx_word' id='word_1_757' title='bbox 1762 5065 1872 5134; x_wconf 76' lang='lat' dir='ltr'><strong>ipse</strong></span> <span class='ocrx_word' id='word_1_758' title='bbox 1923 5067 2089 5121; x_wconf 82' lang='lat' dir='ltr'><strong>nemi-</strong></span> 
     </span>
    </p>
   </div>
   <div class='ocr_carea' id='block_1_101' title="bbox 518 5155 2086 5230">
    <p class='ocr_par' dir='ltr' id='par_1_101' title="bbox 518 5155 2086 5230">
     <span class='ocr_line' id='line_1_101' title="bbox 518 5155 2086 5230; baseline 0.003 -22"><span class='ocrx_word' id='word_1_759' title='bbox 518 5171 634 5208; x_wconf 80' lang='lat' dir='ltr'><strong>uem</strong></span> <span class='ocrx_word' id='word_1_760' title='bbox 668 5166 830 5208; x_wconf 87' lang='lat' dir='ltr'><strong>tentat</strong></span> <span class='ocrx_word' id='word_1_761' title='bbox 861 5157 905 5210; x_wconf 80' lang='grc'><strong>⁸.</strong></span> <span class='ocrx_word' id='word_1_762' title='bbox 929 5155 1236 5210; x_wconf 86' lang='lat' dir='ltr'><strong>Humanum</strong></span> <span class='ocrx_word' id='word_1_763' title='bbox 1288 5155 1387 5210; x_wconf 83' lang='lat' dir='ltr'><strong>hoc</strong></span> <span class='ocrx_word' id='word_1_764' title='bbox 1429 5155 1624 5208; x_wconf 88' lang='lat' dir='ltr'><strong>malum</strong></span> <span class='ocrx_word' id='word_1_765' title='bbox 1654 5165 1754 5222; x_wconf 88' lang='lat' dir='ltr'><strong>est,</strong></span> <span class='ocrx_word' id='word_1_766' title='bbox 1813 5157 2086 5230; x_wconf 86' lang='lat' dir='ltr'><strong>iminutari</strong></span> 
     </span>
    </p>
   </div>
   <div class='ocr_carea' id='block_1_102' title="bbox 516 5247 2086 5319">
    <p class='ocr_par' dir='ltr' id='par_1_102' title="bbox 516 5247 2086 5319">
     <span class='ocr_line' id='line_1_102' title="bbox 516 5247 2086 5319; baseline -0.001 -16"><span class='ocrx_word' id='word_1_767' title='bbox 516 5247 729 5303; x_wconf 85' lang='lat' dir='ltr'><strong>scilicet</strong></span> <span class='ocrx_word' id='word_1_768' title='bbox 776 5258 830 5302; x_wconf 91' lang='lat' dir='ltr'><strong>et</strong></span> <span class='ocrx_word' id='word_1_769' title='bbox 861 5249 1041 5304; x_wconf 86' lang='lat' dir='ltr'><strong>odisse</strong></span> <span class='ocrx_word' id='word_1_770' title='bbox 1073 5252 1228 5319; x_wconf 89' lang='lat' dir='ltr'><strong>prius</strong></span> <span class='ocrx_word' id='word_1_771' title='bbox 1280 5249 1528 5303; x_wconf 82' lang='lat' dir='ltr'><strong>dilectos.</strong></span> <span class='ocrx_word' id='word_1_772' title='bbox 1571 5247 1782 5303; x_wconf 85' lang='lat' dir='ltr'><strong>Etenim</strong></span> <span class='ocrx_word' id='word_1_773' title='bbox 1840 5249 2086 5319; x_wconf 85' lang='lat' dir='ltr'><strong>plerique</strong></span> 
     </span>
    </p>
   </div>
   <div class='ocr_carea' id='block_1_103' title="bbox 519 5343 2086 5412">
    <p class='ocr_par' dir='ltr' id='par_1_103' title="bbox 519 5343 2086 5412">
     <span class='ocr_line' id='line_1_103' title="bbox 519 5343 2086 5412; baseline -0.001 -13"><span class='ocrx_word' id='word_1_774' title='bbox 519 5344 766 5399; x_wconf 86' lang='lat' dir='ltr'><strong>homines</strong></span> <span class='ocrx_word' id='word_1_775' title='bbox 788 5354 946 5407; x_wconf 88' lang='lat' dir='ltr'><strong>testa,</strong></span> <span class='ocrx_word' id='word_1_776' title='bbox 981 5345 1123 5412; x_wconf 86' lang='lat' dir='ltr'><strong>quod</strong></span> <span class='ocrx_word' id='word_1_777' title='bbox 1155 5345 1332 5408; x_wconf 86' lang='lat' dir='ltr'><strong>aiunt,</strong></span> <span class='ocrx_word' id='word_1_778' title='bbox 1381 5345 1620 5408; x_wconf 90' lang='lat' dir='ltr'><strong>inversa,</strong></span> <span class='ocrx_word' id='word_1_779' title='bbox 1656 5343 1946 5400; x_wconf 80' lang='lat' dir='ltr'><strong>confestim</strong></span> <span class='ocrx_word' id='word_1_780' title='bbox 1971 5362 2086 5398; x_wconf 78' lang='lat' dir='ltr'><strong>mo-</strong></span> 
     </span>
    </p>
   </div>
   <div class='ocr_carea' id='block_1_104' title="bbox 518 5432 2087 5508">
    <p class='ocr_par' dir='ltr' id='par_1_104' title="bbox 518 5432 2087 5508">
     <span class='ocr_line' id='line_1_104' title="bbox 518 5432 2087 5508; baseline 0.001 -17"><span class='ocrx_word' id='word_1_781' title='bbox 518 5452 728 5503; x_wconf 89' lang='lat' dir='ltr'><strong>vemur,</strong></span> <span class='ocrx_word' id='word_1_782' title='bbox 763 5445 816 5490; x_wconf 89' lang='lat' dir='ltr'><strong>et</strong></span> <span class='ocrx_word' id='word_1_783' title='bbox 847 5450 1078 5504; x_wconf 88' lang='lat' dir='ltr'><strong>quorum</strong></span> <span class='ocrx_word' id='word_1_784' title='bbox 1112 5451 1278 5491; x_wconf 85' lang='lat' dir='ltr'><strong>causa</strong></span> <span class='ocrx_word' id='word_1_785' title='bbox 1314 5435 1472 5490; x_wconf 85' lang='lat' dir='ltr'><strong>facile</strong></span> <span class='ocrx_word' id='word_1_786' title='bbox 1525 5432 1611 5490; x_wconf 89' lang='lat' dir='ltr'><strong>vel</strong></span> <span class='ocrx_word' id='word_1_787' title='bbox 1643 5446 1870 5493; x_wconf 89' lang='lat' dir='ltr'><strong>mortem</strong></span> <span class='ocrx_word' id='word_1_788' title='bbox 1920 5452 2087 5508; x_wconf 89' lang='lat' dir='ltr'><strong>oppe-</strong></span> 
     </span>
    </p>
   </div>
   <div class='ocr_carea' id='block_1_105' title="bbox 521 5527 2082 5596">
    <p class='ocr_par' dir='ltr' id='par_1_105' title="bbox 521 5527 2082 5596">
     <span class='ocr_line' id='line_1_105' title="bbox 521 5527 2082 5596; baseline 0.001 -14"><span class='ocrx_word' id='word_1_789' title='bbox 521 5530 823 5592; x_wconf 87' lang='lat' dir='ltr'><strong>tiissemus,</strong></span> <span class='ocrx_word' id='word_1_790' title='bbox 853 5541 951 5596; x_wconf 91' lang='lat' dir='ltr'><strong>pro</strong></span> <span class='ocrx_word' id='word_1_791' title='bbox 977 5527 1043 5582; x_wconf 90' lang='lat' dir='ltr'><strong>iis</strong></span> <span class='ocrx_word' id='word_1_792' title='bbox 1067 5535 1326 5596; x_wconf 90' lang='lat' dir='ltr'><strong>poscente</strong></span> <span class='ocrx_word' id='word_1_793' title='bbox 1355 5527 1684 5583; x_wconf 84' lang='lat' dir='ltr'><strong>necessitate</strong></span> <span class='ocrx_word' id='word_1_794' title='bbox 1731 5543 1832 5584; x_wconf 90' lang='lat' dir='ltr'><strong>nec</strong></span> <span class='ocrx_word' id='word_1_795' title='bbox 1861 5529 2082 5585; x_wconf 87' lang='lat' dir='ltr'><strong>obolum</strong></span> 
     </span>
    </p>
   </div>
   <div class='ocr_carea' id='block_1_106' title="bbox 518 5617 2085 5692">
    <p class='ocr_par' dir='ltr' id='par_1_106' title="bbox 518 5617 2085 5692">
     <span class='ocr_line' id='line_1_106' title="bbox 518 5617 2085 5692; baseline -0.001 -14"><span class='ocrx_word' id='word_1_796' title='bbox 518 5617 960 5678; x_wconf 78' lang='lat' dir='ltr'><strong>solvimus.&#39;Nam</strong></span> <span class='ocrx_word' id='word_1_797' title='bbox 1013 5619 1169 5673; x_wconf 93' lang='lat' dir='ltr'><strong>mitto</strong></span> <span class='ocrx_word' id='word_1_798' title='bbox 1221 5617 1426 5686; x_wconf 84' lang='lat' dir='ltr'><strong>dicere,</strong></span> <span class='ocrx_word' id='word_1_799' title='bbox 1486 5619 1750 5691; x_wconf 88' lang='lat' dir='ltr'><strong>quosdam</strong></span> <span class='ocrx_word' id='word_1_800' title='bbox 1795 5635 1937 5688; x_wconf 86' lang='lat' dir='ltr'><strong>esse,</strong></span> <span class='ocrx_word' id='word_1_801' title='bbox 1995 5623 2085 5692; x_wconf 92' lang='lat' dir='ltr'><strong>qni</strong></span> 
     </span>
    </p>
   </div>
   <div class='ocr_carea' id='block_1_107' title="bbox 519 5707 2084 5784">
    <p class='ocr_par' dir='ltr' id='par_1_107' title="bbox 519 5707 2084 5784">
     <span class='ocr_line' id='line_1_107' title="bbox 519 5707 2084 5784; baseline -0.003 -13"><span class='ocrx_word' id='word_1_802' title='bbox 519 5714 602 5771; x_wconf 91' lang='lat' dir='ltr'><strong>vel</strong></span> <span class='ocrx_word' id='word_1_803' title='bbox 637 5712 953 5784; x_wconf 83' lang='lat' dir='ltr'><strong>sanguinem</strong></span> <span class='ocrx_word' id='word_1_804' title='bbox 982 5725 1177 5766; x_wconf 87' lang='lat' dir='ltr'><strong>eorum</strong></span> <span class='ocrx_word' id='word_1_805' title='bbox 1238 5707 1488 5765; x_wconf 87' lang='lat' dir='ltr'><strong>lubenter</strong></span> <span class='ocrx_word' id='word_1_806' title='bbox 1544 5710 1850 5768; x_wconf 87' lang='lat' dir='ltr'><strong>haurirent.</strong></span> <span class='ocrx_word' id='word_1_807' title='bbox 1905 5711 2084 5768; x_wconf 85' lang='lat' dir='ltr'><strong>Causa</strong></span> 
     </span>
    </p>
   </div>
   <div class='ocr_carea' id='block_1_108' title="bbox 593 5821 1534 5919">
    <p class='ocr_par' dir='ltr' id='par_1_108' title="bbox 593 5821 1534 5919">
     <span class='ocr_line' id='line_1_108' title="bbox 593 5821 1534 5919; baseline -0.005 -38"><span class='ocrx_word' id='word_1_808' title='bbox 593 5826 611 5919; x_wconf 58' lang='grc' dir='ltr'><em>ξ</em></span> <span class='ocrx_word' id='word_1_809' title='bbox 649 5826 873 5897; x_wconf 60' lang='grc' dir='ltr'><strong>Εριιρεη</strong></span> <span class='ocrx_word' id='word_1_810' title='bbox 902 5841 980 5895; x_wconf 82' lang='grc' dir='ltr'><strong>ιιι,</strong></span> <span class='ocrx_word' id='word_1_811' title='bbox 1012 5823 1098 5881; x_wconf 80' lang='grc'><strong>10.</strong></span> <span class='ocrx_word' id='word_1_812' title='bbox 1179 5821 1336 5880; x_wconf 77' lang='lat' dir='ltr'><strong>&#39;Jac.</strong></span> <span class='ocrx_word' id='word_1_813' title='bbox 1371 5838 1409 5894; x_wconf 91' lang='lat' dir='ltr'><strong>t,</strong></span> <span class='ocrx_word' id='word_1_814' title='bbox 1449 5823 1534 5879; x_wconf 77' lang='grc'><strong>13.</strong></span> 
     </span>
    </p>
   </div>
   <div class='ocr_carea' id='block_1_109' title="bbox 2183 4722 3730 4794">
    <p class='ocr_par' dir='ltr' id='par_1_109' title="bbox 2183 4722 3730 4794">
     <span class='ocr_line' id='line_1_109' title="bbox 2183 4722 3730 4794; baseline -0.009 -18"><span class='ocrx_word' id='word_1_815' title='bbox 2183 4725 2274 4776; x_wconf 72' lang='grc' dir='ltr'><strong>τὸν</strong></span> <span class='ocrx_word' id='word_1_816' title='bbox 2319 4722 2466 4777; x_wconf 83' lang='grc' dir='ltr'><strong>θεῖον</strong></span> <span class='ocrx_word' id='word_1_817' title='bbox 2511 4723 2801 4788; x_wconf 73' lang='grc' dir='ltr'><strong>Ἰάκωϐον,</strong></span> <span class='ocrx_word' id='word_1_818' title='bbox 2838 4723 2896 4784; x_wconf 82' lang='grc' dir='ltr'><strong>ὃς</strong></span> <span class='ocrx_word' id='word_1_819' title='bbox 2953 4724 3128 4794; x_wconf 84' lang='grc' dir='ltr'><strong>δήπου</strong></span> <span class='ocrx_word' id='word_1_820' title='bbox 3179 4727 3274 4779; x_wconf 73' lang='grc' dir='ltr'><strong>καὶ</strong></span> <span class='ocrx_word' id='word_1_821' title='bbox 3328 4722 3486 4778; x_wconf 77' lang='grc' dir='ltr'><strong>τοῦτό</strong></span> <span class='ocrx_word' id='word_1_822' title='bbox 3547 4723 3730 4786; x_wconf 85' lang='grc' dir='ltr'><strong>φησιν·</strong></span> 
     </span>
    </p>
   </div>
   <div class='ocr_carea' id='block_1_110' title="bbox 2193 4801 3730 4884">
    <p class='ocr_par' dir='ltr' id='par_1_110' title="bbox 2193 4801 3730 4884">
     <span class='ocr_line' id='line_1_110' title="bbox 2193 4801 3730 4884; baseline -0.006 -16"><span class='ocrx_word' id='word_1_823' title='bbox 2193 4815 2248 4868; x_wconf 89' lang='lat'><strong>&#39;0</strong></span> <span class='ocrx_word' id='word_1_824' title='bbox 2283 4815 2428 4882; x_wconf 83' lang='grc' dir='ltr'><strong>Θεὸς</strong></span> <span class='ocrx_word' id='word_1_825' title='bbox 2451 4816 2818 4884; x_wconf 77' lang='grc' dir='ltr'><strong>ἀπείραστός</strong></span> <span class='ocrx_word' id='word_1_826' title='bbox 2844 4817 2976 4869; x_wconf 79' lang='grc' dir='ltr'><strong>ἐστι</strong></span> <span class='ocrx_word' id='word_1_827' title='bbox 3011 4816 3234 4872; x_wconf 73' lang='grc' dir='ltr'><strong>κακῶν.</strong></span> <span class='ocrx_word' id='word_1_828' title='bbox 3271 4811 3530 4884; x_wconf 80' lang='grc' dir='ltr'><strong>ηειρὰζει</strong></span> <span class='ocrx_word' id='word_1_829' title='bbox 3551 4805 3616 4862; x_wconf 76' lang='grc' dir='ltr'><strong>δὲ</strong></span> <span class='ocrx_word' id='word_1_830' title='bbox 3639 4801 3730 4855; x_wconf 71' lang='grc' dir='ltr'><strong>αὐο</strong></span> 
     </span>
    </p>
   </div>
   <div class='ocr_carea' id='block_1_111' title="bbox 2183 4889 3724 4974">
    <p class='ocr_par' dir='ltr' id='par_1_111' title="bbox 2183 4889 3724 4974">
     <span class='ocr_line' id='line_1_111' title="bbox 2183 4889 3724 4974; baseline -0.012 -17"><span class='ocrx_word' id='word_1_831' title='bbox 2183 4903 2286 4969; x_wconf 80' lang='grc' dir='ltr'><strong>τὸς</strong></span> <span class='ocrx_word' id='word_1_832' title='bbox 2312 4897 2554 4959; x_wconf 78' lang='grc' dir='ltr'><strong>οὐδένα.</strong></span> <span class='ocrx_word' id='word_1_833' title='bbox 2598 4904 2968 4974; x_wconf 77' lang='grc' dir='ltr'><strong>Ἀνθρώπινον</strong></span> <span class='ocrx_word' id='word_1_834' title='bbox 3007 4905 3160 4957; x_wconf 73' lang='grc' dir='ltr'><strong>τουτὶ</strong></span> <span class='ocrx_word' id='word_1_835' title='bbox 3208 4905 3270 4957; x_wconf 80' lang='grc' dir='ltr'><strong>τὸ</strong></span> <span class='ocrx_word' id='word_1_836' title='bbox 3313 4904 3483 4958; x_wconf 70' lang='grc' dir='ltr'><strong>κακὸν</strong></span> <span class='ocrx_word' id='word_1_837' title='bbox 3519 4889 3724 4968; x_wconf 77' lang='grc' dir='ltr'><strong>μεταόεο</strong></span> 
     </span>
    </p>
   </div>
   <div class='ocr_carea' id='block_1_112' title="bbox 2184 4987 3723 5067">
    <p class='ocr_par' dir='ltr' id='par_1_112' title="bbox 2184 4987 3723 5067">
     <span class='ocr_line' id='line_1_112' title="bbox 2184 4987 3723 5067; baseline -0.008 -19"><span class='ocrx_word' id='word_1_838' title='bbox 2184 4996 2418 5066; x_wconf 79' lang='grc' dir='ltr'><strong>δλῆσθαί</strong></span> <span class='ocrx_word' id='word_1_839' title='bbox 2451 5013 2510 5048; x_wconf 90' lang='grc' dir='ltr'><strong>τε</strong></span> <span class='ocrx_word' id='word_1_840' title='bbox 2544 4997 2639 5049; x_wconf 74' lang='grc' dir='ltr'><strong>καὶ</strong></span> <span class='ocrx_word' id='word_1_841' title='bbox 2671 5000 2852 5066; x_wconf 81' lang='grc' dir='ltr'><strong>μισεῖν</strong></span> <span class='ocrx_word' id='word_1_842' title='bbox 2884 4997 3012 5060; x_wconf 81' lang='grc' dir='ltr'><strong>τοὺς</strong></span> <span class='ocrx_word' id='word_1_843' title='bbox 3041 4996 3147 5067; x_wconf 77' lang='grc' dir='ltr'><strong>πρὸ</strong></span> <span class='ocrx_word' id='word_1_844' title='bbox 3185 4995 3279 5050; x_wconf 83' lang='grc' dir='ltr'><strong>τοῦ</strong></span> <span class='ocrx_word' id='word_1_845' title='bbox 3324 4987 3723 5064; x_wconf 79' lang='grc' dir='ltr'><strong>πεφιλημένουςο</strong></span> 
     </span>
    </p>
   </div>
   <div class='ocr_carea' id='block_1_113' title="bbox 2195 5069 3721 5160">
    <p class='ocr_par' dir='ltr' id='par_1_113' title="bbox 2195 5069 3721 5160">
     <span class='ocr_line' id='line_1_113' title="bbox 2195 5069 3721 5160; baseline 0.003 -19"><span class='ocrx_word' id='word_1_846' title='bbox 2195 5089 2258 5141; x_wconf 84' lang='grc' dir='ltr'><strong>οι</strong></span> <span class='ocrx_word' id='word_1_847' title='bbox 2309 5088 2416 5158; x_wconf 81' lang='grc' dir='ltr'><strong>γὰρ</strong></span> <span class='ocrx_word' id='word_1_848' title='bbox 2472 5088 2660 5142; x_wconf 74' lang='grc' dir='ltr'><strong>πολλοὶ</strong></span> <span class='ocrx_word' id='word_1_849' title='bbox 2720 5088 2831 5142; x_wconf 86' lang='grc' dir='ltr'><strong>τῶν</strong></span> <span class='ocrx_word' id='word_1_850' title='bbox 2887 5088 3212 5159; x_wconf 81' lang='grc' dir='ltr'><strong>ἀνθρώπων,</strong></span> <span class='ocrx_word' id='word_1_851' title='bbox 3261 5087 3525 5160; x_wconf 78' lang='grc' dir='ltr'><strong>ὀστράκου</strong></span> <span class='ocrx_word' id='word_1_852' title='bbox 3571 5069 3721 5146; x_wconf 55' lang='grc' dir='ltr'><strong>(φασὶ)</strong></span> 
     </span>
    </p>
   </div>
   <div class='ocr_carea' id='block_1_114' title="bbox 2197 5165 3727 5252">
    <p class='ocr_par' dir='ltr' id='par_1_114' title="bbox 2197 5165 3727 5252">
     <span class='ocr_line' id='line_1_114' title="bbox 2197 5165 3727 5252; baseline -0.003 -20"><span class='ocrx_word' id='word_1_853' title='bbox 2197 5180 2624 5249; x_wconf 85' lang='grc' dir='ltr'><strong>μεταπεσόντος,</strong></span> <span class='ocrx_word' id='word_1_854' title='bbox 2652 5180 2814 5242; x_wconf 78' lang='grc' dir='ltr'><strong>εὐθὺς</strong></span> <span class='ocrx_word' id='word_1_855' title='bbox 2869 5181 3171 5252; x_wconf 83' lang='grc' dir='ltr'><strong>κινούμεθα</strong></span> <span class='ocrx_word' id='word_1_856' title='bbox 3191 5197 3206 5213; x_wconf 78' lang='grc' dir='ltr'><strong>ο</strong></span> <span class='ocrx_word' id='word_1_857' title='bbox 3237 5183 3330 5236; x_wconf 83' lang='grc' dir='ltr'><strong>καὶ</strong></span> <span class='ocrx_word' id='word_1_858' title='bbox 3355 5179 3422 5234; x_wconf 86' lang='grc' dir='ltr'><strong>δι’</strong></span> <span class='ocrx_word' id='word_1_859' title='bbox 3441 5176 3529 5236; x_wconf 85' lang='grc' dir='ltr'><strong>οὒς</strong></span> <span class='ocrx_word' id='word_1_860' title='bbox 3556 5165 3727 5242; x_wconf 75' lang='grc' dir='ltr'><strong>ῥᾳδίως</strong></span> 
     </span>
    </p>
   </div>
   <div class='ocr_carea' id='block_1_115' title="bbox 2193 5255 3726 5344">
    <p class='ocr_par' dir='ltr' id='par_1_115' title="bbox 2193 5255 3726 5344">
     <span class='ocr_line' id='line_1_115' title="bbox 2193 5255 3726 5344; baseline -0.013 -10"><span class='ocrx_word' id='word_1_861' title='bbox 2193 5270 2260 5324; x_wconf 76' lang='grc' dir='ltr'><strong>ἂν</strong></span> <span class='ocrx_word' id='word_1_862' title='bbox 2304 5272 2714 5342; x_wconf 63' lang='grc' dir='ltr'><strong>ἐτεθνήκειμεν.</strong></span> <span class='ocrx_word' id='word_1_863' title='bbox 2767 5272 2880 5327; x_wconf 82' lang='grc' dir='ltr'><strong>οὐδ’</strong></span> <span class='ocrx_word' id='word_1_864' title='bbox 2929 5272 3115 5326; x_wconf 79' lang='grc' dir='ltr'><strong>ὀϐολὸν</strong></span> <span class='ocrx_word' id='word_1_865' title='bbox 3167 5273 3308 5344; x_wconf 80' lang='grc' dir='ltr'><strong>ὑπὲρ</strong></span> <span class='ocrx_word' id='word_1_866' title='bbox 3352 5262 3526 5326; x_wconf 75' lang='grc' dir='ltr'><strong>αὐτῶν</strong></span> <span class='ocrx_word' id='word_1_867' title='bbox 3564 5255 3726 5330; x_wconf 67' lang='grc' dir='ltr'><strong>χρείας</strong></span> 
     </span>
    </p>
   </div>
   <div class='ocr_carea' id='block_1_116' title="bbox 2193 5350 3722 5438">
    <p class='ocr_par' dir='ltr' id='par_1_116' title="bbox 2193 5350 3722 5438">
     <span class='ocr_line' id='line_1_116' title="bbox 2193 5350 3722 5438; baseline 0.005 -23"><span class='ocrx_word' id='word_1_868' title='bbox 2193 5363 2468 5433; x_wconf 76' lang='grc' dir='ltr'><strong>καλούσης</strong></span> <span class='ocrx_word' id='word_1_869' title='bbox 2503 5365 2978 5436; x_wconf 79' lang='grc' dir='ltr'><strong>καταϐαλλόμεθα.</strong></span> <span class='ocrx_word' id='word_1_870' title='bbox 3024 5366 3130 5420; x_wconf 80' lang='grc' dir='ltr'><strong>Ἐῶ</strong></span> <span class='ocrx_word' id='word_1_871' title='bbox 3171 5365 3280 5438; x_wconf 75' lang='grc' dir='ltr'><strong>γὰρ</strong></span> <span class='ocrx_word' id='word_1_872' title='bbox 3312 5365 3488 5433; x_wconf 82' lang='grc' dir='ltr'><strong>λέγειν</strong></span> <span class='ocrx_word' id='word_1_873' title='bbox 3514 5350 3722 5438; x_wconf 50' lang='grc' dir='ltr'><strong>κάκεῖνοι</strong></span> 
     </span>
    </p>
   </div>
   <div class='ocr_carea' id='block_1_117' title="bbox 2191 5435 3723 5529">
    <p class='ocr_par' dir='ltr' id='par_1_117' title="bbox 2191 5435 3723 5529">
     <span class='ocr_line' id='line_1_117' title="bbox 2191 5435 3723 5529; baseline -0.016 -12"><span class='ocrx_word' id='word_1_874' title='bbox 2191 5453 2266 5516; x_wconf 76' lang='grc' dir='ltr'><strong>ὡς</strong></span> <span class='ocrx_word' id='word_1_875' title='bbox 2289 5457 2381 5507; x_wconf 79' lang='grc' dir='ltr'><strong>καὶ</strong></span> <span class='ocrx_word' id='word_1_876' title='bbox 2404 5455 2500 5510; x_wconf 82' lang='grc' dir='ltr'><strong>τοῦ</strong></span> <span class='ocrx_word' id='word_1_877' title='bbox 2530 5458 2759 5527; x_wconf 73' lang='grc' dir='ltr'><strong>αἵματος</strong></span> <span class='ocrx_word' id='word_1_878' title='bbox 2788 5459 2967 5512; x_wconf 77' lang='grc' dir='ltr'><strong>αὐτῶν</strong></span> <span class='ocrx_word' id='word_1_879' title='bbox 2995 5458 3165 5529; x_wconf 82' lang='grc' dir='ltr'><strong>ἡδέως</strong></span> <span class='ocrx_word' id='word_1_880' title='bbox 3183 5457 3247 5513; x_wconf 80' lang='grc' dir='ltr'><strong>ἀν</strong></span> <span class='ocrx_word' id='word_1_881' title='bbox 3271 5473 3412 5518; x_wconf 84' lang='grc' dir='ltr'><strong>τινες</strong></span> <span class='ocrx_word' id='word_1_882' title='bbox 3436 5451 3612 5504; x_wconf 78' lang='grc' dir='ltr'><strong>πίοιεν.</strong></span> <span class='ocrx_word' id='word_1_883' title='bbox 3634 5435 3723 5490; x_wconf 74' lang='grc' dir='ltr'><strong>Καὶ</strong></span> 
     </span>
    </p>
   </div>
   <div class='ocr_carea' id='block_1_118' title="bbox 2193 5533 3719 5619">
    <p class='ocr_par' dir='ltr' id='par_1_118' title="bbox 2193 5533 3719 5619">
     <span class='ocr_line' id='line_1_118' title="bbox 2193 5533 3719 5619; baseline -0.007 -25"><span class='ocrx_word' id='word_1_884' title='bbox 2193 5543 2253 5595; x_wconf 79' lang='grc' dir='ltr'><strong>τὸ</strong></span> <span class='ocrx_word' id='word_1_885' title='bbox 2290 5543 2466 5598; x_wconf 88' lang='grc' dir='ltr'><strong>αίτιον</strong></span> <span class='ocrx_word' id='word_1_886' title='bbox 2504 5546 2649 5600; x_wconf 85' lang='grc' dir='ltr'><strong>πάνυ,</strong></span> <span class='ocrx_word' id='word_1_887' title='bbox 2680 5547 2876 5616; x_wconf 79' lang='grc' dir='ltr'><strong>σαφές.</strong></span> <span class='ocrx_word' id='word_1_888' title='bbox 2907 5550 2983 5602; x_wconf 84' lang='grc' dir='ltr'><strong>Οὐ</strong></span> <span class='ocrx_word' id='word_1_889' title='bbox 3013 5547 3122 5619; x_wconf 82' lang='grc' dir='ltr'><strong>γὰρ</strong></span> <span class='ocrx_word' id='word_1_890' title='bbox 3165 5548 3232 5602; x_wconf 81' lang='grc' dir='ltr'><strong>δι’</strong></span> <span class='ocrx_word' id='word_1_891' title='bbox 3263 5545 3457 5606; x_wconf 82' lang='grc' dir='ltr'><strong>αὐτοὺς</strong></span> <span class='ocrx_word' id='word_1_892' title='bbox 3494 5533 3719 5619; x_wconf 56' lang='grc' dir='ltr'><strong>ἐκείνονςο</strong></span> 
     </span>
    </p>
   </div>
   <div class='ocr_carea' id='block_1_119' title="bbox 2194 5615 3720 5709">
    <p class='ocr_par' dir='ltr' id='par_1_119' title="bbox 2194 5615 3720 5709">
     <span class='ocr_line' id='line_1_119' title="bbox 2194 5615 3720 5709; baseline 0.008 -27"><span class='ocrx_word' id='word_1_893' title='bbox 2194 5628 2287 5694; x_wconf 81' lang='grc' dir='ltr'><strong>οὓς</strong></span> <span class='ocrx_word' id='word_1_894' title='bbox 2315 5648 2379 5699; x_wconf 84' lang='grc' dir='ltr'><strong>γε</strong></span> <span class='ocrx_word' id='word_1_895' title='bbox 2415 5634 2702 5706; x_wconf 81' lang='grc' dir='ltr'><strong>φιλοῦμεν,</strong></span> <span class='ocrx_word' id='word_1_896' title='bbox 2727 5615 2848 5691; x_wconf 70' lang='grc' dir='ltr'><strong>οὐδὲ</strong></span> <span class='ocrx_word' id='word_1_897' title='bbox 2883 5637 2972 5691; x_wconf 84' lang='grc' dir='ltr'><strong>διὰ</strong></span> <span class='ocrx_word' id='word_1_898' title='bbox 3140 5638 3184 5691; x_wconf 86' lang='grc' dir='ltr'>Χ</span> <span class='ocrx_word' id='word_1_899' title='bbox 3195 5636 3387 5708; x_wconf 64' lang='lat' dir='ltr'><strong>pum</strong></span> <span class='ocrx_word' id='word_1_900' title='bbox 3409 5629 3500 5686; x_wconf 69' lang='grc' dir='ltr'><strong>καὶ</strong></span> <span class='ocrx_word' id='word_1_901' title='bbox 3531 5622 3619 5681; x_wconf 61' lang='grc' dir='ltr'><strong>τάἶ</strong></span> <span class='ocrx_word' id='word_1_902' title='bbox 3646 5615 3720 5709; x_wconf 47' lang='grc' dir='ltr'><strong>ἔλθ’</strong></span> 
     </span>
    </p>
   </div>
   <div class='ocr_carea' id='block_1_120' title="bbox 2195 5711 3717 5797">
    <p class='ocr_par' dir='ltr' id='par_1_120' title="bbox 2195 5711 3717 5797">
     <span class='ocr_line' id='line_1_120' title="bbox 2195 5711 3717 5797; baseline 0.003 -24"><span class='ocrx_word' id='word_1_903' title='bbox 2195 5721 2356 5786; x_wconf 80' lang='grc' dir='ltr'><strong>τολὸις</strong></span> <span class='ocrx_word' id='word_1_904' title='bbox 2391 5724 2580 5794; x_wconf 80' lang='grc' dir='ltr'><strong>αὐτοῦ,</strong></span> <span class='ocrx_word' id='word_1_905' title='bbox 2610 5727 2705 5781; x_wconf 78' lang='grc' dir='ltr'><strong>καὶ</strong></span> <span class='ocrx_word' id='word_1_906' title='bbox 2732 5727 2791 5782; x_wconf 82' lang='grc' dir='ltr'><strong>τὸ</strong></span> <span class='ocrx_word' id='word_1_907' title='bbox 2822 5727 3027 5796; x_wconf 74' lang='grc' dir='ltr'><strong>ἀγαθὸν</strong></span> <span class='ocrx_word' id='word_1_908' title='bbox 3059 5729 3211 5797; x_wconf 78' lang='grc' dir='ltr'><strong>αὐτὸ,</strong></span> <span class='ocrx_word' id='word_1_909' title='bbox 3236 5726 3350 5781; x_wconf 78' lang='grc' dir='ltr'><strong>ἀλλ’</strong></span> <span class='ocrx_word' id='word_1_910' title='bbox 3368 5725 3454 5785; x_wconf 65' lang='grc' dir='ltr'><strong>τίς</strong></span> <span class='ocrx_word' id='word_1_911' title='bbox 3475 5716 3529 5771; x_wconf 74' lang='grc' dir='ltr'><strong>τδ</strong></span> <span class='ocrx_word' id='word_1_912' title='bbox 3557 5711 3717 5764; x_wconf 67' lang='grc' dir='ltr'><strong>δοκουν</strong></span> 
     </span>
    </p>
   </div>
  </div>
