3990 6592
203 418 363 482 517

1677 415 1956 475 ORATIO
1981 417 2080 479 VI.

3391 405 3497 466 5i8

200 539 238 588 λ
267 531 521 594 vessels;
550 533 882 602 ἀφορῶντες,
903 535 996 588 καὶ
1021 535 1078 587 τὸ
1106 535 1226 603 ἡδὺ,
1262 533 1441 586 πάντα
1476 533 1814 602 πράττομεν.

1931 532 2138 600 quidem
2198 533 2311 600 ipsa
2355 533 2507 588 valde
2534 532 2816 602 perspicua
2851 538 2956 586 est.
3000 529 3116 583 Non
3181 526 3328 582 enim
3371 539 3502 593 pro-

202 629 227 646 '
245 625 414 678 (ὶθεν
440 623 503 694 δὴ
532 626 626 676 καὶ
655 624 758 692 τῆς
784 627 1026 694 ἀγάπης,
1063 625 1138 688 ὡς
1163 626 1363 688 ἔοικεν,
1392 626 1489 677 οὐκ
1517 623 1819 693 άληθευού-

1920 633 2044 694 pter
2069 623 2189 678 illos
2221 625 2367 694 ipsos
2387 640 2524 694 quos
2565 624 2869 695 diligimus,
2908 636 3082 691 neque
3108 617 3471 688 propteerri

208 731 378 786 α’·ης,
411 716 459 768 εί
490 715 582 768 καί
610 733 663 768 τι
701 715 967 784 λήψονται
1001 717 1131 788 παρ’
1160 717 1320 787 ἡμῶν
1343 718 1392 769 ol
1424 717 1671 784 δεόμενοι
1707 714 1818 768 τῶν

1931 725 2066 770 ttum
2100 725 2155 770 et
2188 717 2306 787 ejus
2342 719 2616 780 mandata,
2667 730 2843 784 neque
2899 714 3068 784 ipsius
3131 711 3259 766 boni
3309 724 3498 777 causa,

209 808 440 876 pilum,
479 807 510 876 ἦ
547 807 828 876 προτέρων
863 808 1029 861 ἕνεκα
1072 808 1293 878 δωρεῶν
1321 806 1483 859 τοῦτο
1515 807 1748 874 γίνεται,
1783 806 1816 876 ἢ

1931 809 2019 864 sed
2052 809 2104 863 id
2129 809 2272 878 quod
2292 811 2548 879 eXpedire
2581 811 2818 873 videtur,
2843 818 2898 862 et
2930 807 3262 876 voluptatem
3287 805 3501 858 intuen-

210 902 242 950 ὲ
275 897 623 966 Ἃπιζομένων
655 899 884 968 ἐτέρων.
915 899 1100 952 Ταῦτα
1120 898 1185 967 δὴ
1213 899 1281 951 τὰ
1309 899 1408 970 τὴν
1439 897 1627 967 φιλίαν
1660 898 1818 968 ἡμῶν

217 991 607 1055 τυνιστῶντα,
645 991 700 1044 εῐ
741 1009 803 1060 γε
857 993 955 1046 καὶ
999 993 1188 1062 φιλίαν
1226 993 1429 1063 ταύτην
1473 992 1660 1046 καλεῖν
1691 991 1820 1062 χρὴ,

215 1083 387 1136 ἀλλὰ
436 1082 508 1150 μὴ
559 1084 830 1153 καπήλοις
876 1085 990 1136 τισὶ
1037 1085 1354 1151 πρέπουσαν
1411 1087 1707 1155 ἐμπορίαν.
1739 1083 1822 1136 Τά

219 1175 383 1239 γοῦν
418 1172 539 1226 καθ’
572 1175 741 1245 qua;
779 1176 874 1228 καὶ
925 1177 1200 1245 ἡμέτερα,
1231 1177 1458 1230 τοιαῦτα
1511 1181 1608 1230 καὶ
1641 1175 1821 1238 οὕτως

226 1269 464 1334 ἔχοντα.
506 1267 568 1319 '0
606 1268 663 1320 δέ
697 1273 760 1335 γε
798 1268 1011 1331 πλάσας
1060 1271 1209 1340 ἡμᾶς
1239 1271 1372 1333 Θεὸς
1402 1271 1586 1340 χαίρει
1631 1269 1710 1339 τῷ
1745 1269 1824 1322 δι-

230 1359 400 1411 δόναι
449 1359 669 1428 μᾶλλον,
705 1360 736 1429 ἢ
771 1363 932 1432 ἡμεῖς
975 1363 1372 1432 λαμϐάνοντες.
1404 1365 1513 1418 Καὶ
1556 1364 1679 1416 οὐδὲ
1724 1363 1824 1434 λή-

232 1449 413 1518 qm:
440 1467 567 1506 ποτε
605 1453 765 1524 κόρον
792 1455 1124 1525 εὐεργετῶν,
1143 1451 1440 1527 ἀγαθότητι
1473 1455 1821 1526 κινούμενος.

238 1543 334 1596 ού
362 1544 488 1615 γὰρ,
521 1544 588 1598 ἵν’
619 1546 813 1617 ἐκείνῳ
855 1547 1233 1618 προσγένηταί
1277 1565 1330 1600 τι
1373 1548 1484 1601 ἀπὸ
1520 1548 1630 1602 τῶν
1656 1548 1825 1602 αὐτοῦ

243 1634 784 1708 ὂημιουργημάτων,
847 1641 968 1694 οὐδὲ
1028 1640 1105 1704 ὡς
1172 1641 1537 1711 ὑπαρξάντων
1601 1639 1828 1694 ἐκείνων

250 1727 569 1792 ἡστινοσοῦν
619 1731 845 1800 χάριτος
868 1747 885 1763 ο
921 1733 1044 1796 πῶς
1078 1734 1231 1805 γάρς
1263 1733 1352 1787 διά
1401 1735 1463 1804 δὴ
1493 1734 1674 1789 ταῦτα
1704 1736 1827 1788 οὐδὲ

265 1816 362 1884 τὴν
389 1819 604 1886 ἀγάπην
651 1822 862 1876 ἐκείνου
914 1824 1014 1891 τὴν
1061 1825 1196 1895 πρὸς
1222 1827 1372 1895 ἡμᾶς
1402 1826 1512 1879 τῶν
1543 1826 1828 1896 ἐνδεχομέ-

1925 907 2030 965 tes,
2064 899 2247 954 omnia
2281 900 2532 955 facimus.
2561 899 2908 969 Quapmpter
2965 909 3021 953 et
3052 899 3168 967 ipsa
3229 895 3501 960 charitas,

1925 994 2001 1045 uti
2034 992 2422 1055 videtur,‘cum
2457 1007 2581 1046 vera
2621 1008 2726 1046 non
2753 995 2846 1053 sit,
2871 991 3088 1045 etiamsi
3147 990 3275 1059 quid
3314 1003 3346 1042 a
3405 1003 3504 1041 no-

1926 1084 2010 1138 bis
2030 1095 2250 1154 egentes
2275 1085 2436 1139 amici
2464 1085 2765 1154 accipiant,
2798 1094 2979 1138 tamen
3047 1083 3152 1136 hoc
3169 1081 3256 1134 vel
3306 1094 3504 1150 praece-

1925 1177 2169 1231 dentium
2203 1177 2285 1232 vel
2328 1179 2632 1247 positoruin
2658 1179 2711 1234 in
2746 1193 2842 1246 spe
2871 1191 3162 1231 munerum
3221 1191 3386 1232 causa
3421 1173 3502 1226 fit.

1927 1266 2054 1322 Haec
2087 1277 2214 1323 sunt
2237 1267 2327 1322 illa
2351 1270 2562 1324 scilicet
2589 1269 2888 1322 amicitiam
2916 1283 3038 1336 qua:
3074 1281 3317 1322 nostram
3383 1279 3496 1320 sta-

1929 1359 2152 1425 biliuut,
2188 1360 2234 1414 si
2267 1361 2485 1428 quidem
2517 1360 2834 1430 appellanda
2865 1368 2948 1414 est
2978 1360 3096 1414 [nec
3113 1361 3377 1423 amicitia,
3441 1373 3505 1412 ac

1929 1468 2035 1507 non
2072 1455 2252 1522 potius
2287 1455 2484 1508 decens
2516 1468 2791 1520 caupones
2817 1459 3078 1521 quaestus.
3115 1451 3168 1504 In
3209 1453 3352 1506 hunc
3386 1467 3504 1508 mo-

1929 1547 2056 1599 dum
2090 1561 2177 1600 res
2207 1556 2403 1600 nostrae
2427 1556 2756 1614 comparatae
2789 1553 2939 1599 sunt.
2981 1545 3048 1597 At
3073 1545 3211 1612 ipse,
3247 1544 3342 1612 qui
3397 1559 3499 1597 nos

1934 1639 2110 1704 finxit,
2150 1639 2314 1702 Deus,
2350 1639 2628 1708 largiendo
2665 1641 2843 1708 magis
2872 1639 3174 1693 delectatur
3209 1653 3372 1708 quam
3407 1653 3504 1691 nos

1931 1725 2275 1799 accipiendo.
2296 1728 2406 1784 Nec
2441 1746 2682 1800 unquam
2708 1731 3084 1786 benefaciendi
3116 1731 3343 1784 satietas
3376 1745 3498 1784 eum

1932 1822 2126 1890 capiet,
2160 1823 2251 1891 qui
2283 1825 2349 1877 ad
2377 1824 2478 1878 hoc
2505 1825 2750 1880 bonitate
2776 1832 2873 1880 sua
2893 1821 3342 1893 impellitur.Non
3362 1822 3504 1876 enim

280 1925 370 1961 νων
403 1909 513 1964 {sit
549 1912 864 1982 κινηθῆναι.
909 1914 1126 1985 Ἐπειδὴ
1174 1917 1284 1986 γάρ
1310 1917 1390 1979 είς
1428 1915 1488 1969 τδ
1515 1917 1740 1986 ἀγαπᾷν
1770 1933 1828 1971 τε

1934 1913 2036 1968 boc
2063 1913 2182 1968 ideo
2204 1915 2354 1978 facit,
2383 1923 2440 1970 ut
2469 1918 2518 1971 ci
2544 1917 2660 1972 suis
2684 1933 2713 1971 a
2756 1917 2958 1972 creatis
3007 1917 3212 1986 aliquid
3243 1917 3494 1980 accedat,

278 2004 360 2056 ml
380 1999 433 2055 εὖ
464 2005 634 2056 ποιεῖν
662 2005 723 2056 τὸ
754 2005 944 2058 κινοῦν
965 2007 1121 2060 οὐδέν
1156 2008 1308 2062 ἐστιν
1331 2009 1520 2077 ἕτερον
1545 2007 1577 2079 ἢ
1610 2014 1643 2078 ὴ
1675 2009 1833 2063 ἄπειο

279 2112 358 2161 ρος
389 2096 598 2149 ἐκείνου
649 2098 962 2168 χρηστότης
986 2115 1045 2151 τε
1077 2099 1174 2153 καὶ
1216 2099 1551 2169 ἀγαθωσύνη
1579 2115 1592 2130 ο
1623 2100 1834 2170 ταύτην

273 2187 322 2238 δὲ
374 2189 516 2241 πᾶσα
568 2188 786 2258 ἀνάγκη
839 2189 1106 2251 ὡσαύτως
1160 2191 1324 2261 ἔχειν,
1369 2193 1463 2244 καί
1516 2192 1618 2262 τὴν
1660 2193 1833 2262 αὐτὴν

271 2271 436 2357 εῖναιο
477 2279 716 2348 φανερὸν
767 2279 939 2334 ᾶπασι
977 2282 1250 2350 γίγνεται,
1301 2282 1376 2344 ῶς
1421 2283 1575 2336 ἔσται
1625 2284 1722 2336 κα)⁸
1762 2285 1831 2336 τά

269 2374 395 2442 πρὸς
441 2375 591 2444 ἡμᾶς
644 2369 704 2436 ἐξ
761 2373 996 2435 ἐκείνου,
1025 2375 1213 2428 ὁποῖόν
1259 2376 1314 2428 τί
1359 2375 1473 2428 ἐστι
1517 2376 1739 2428 κάκεῖνο
1769 2376 1830 2428 τὸ

269 2462 458 2517 κινοῦν.
489 2463 598 2517 Καὶ
625 2460 786 2515 τοῦτο
815 2463 981 2516 παντί
1007 2479 1108 2516 που
1141 2463 1328 2532 δῆλον.
1370 2465 1465 2519 Ἐκ
1507 2466 1828 2533 περιουσίας

263 2551 314 2605 δὶ
346 2554 440 2608 νῦν
471 2555 604 2625 ἐρῶ.
635 2553 804 2609 Ὅταν
828 2555 936 2628 γάρ
964 2555 1036 2608 τά
1059 2557 1157 2626 τὴν
1194 2557 1418 2626 ἀγάπην
1447 2558 1581 2627 ἡμῖν
1616 2559 1829 2611 κινοῦνι

260 2661 338 2714 τα,
373 2646 504 2717 μηδ’
525 2646 837 2701 ὁπωστιοῦν
870 2647 1091 2718 κινηθῇ,
1127 2648 1245 2701 τότε
1280 2649 1372 2701 καὶ
1402 2650 1563 2718 ἡμεῖς
1584 2649 1828 2718 δηλονότι

257 2737 571 2792 παντάπασι
605 2738 819 2807 παγίως
852 2739 1123 2808 ίστάμεθα
1157 2739 1215 2792 ἐν
1241 2740 1318 2808 τῷ
1352 2741 1596 2810 ἀγαπᾷν.
1638 2743 1745 2796 Καὶ
1779 2743 1828 2796 εί

250 2827 327 2898 ἐφ’
382 2831 549 2900 ἡμῶν
595 2829 757 2884 τοῦτο
807 2832 1056 2899 γίγνεται
1123 2832 1425 2903 πολλῷ,γε
1483 2835 1686 2902 μᾶλλον
1734 2837 1828 2890 ἐπὶ

245 2921 408 2978 Θεοῦ.
455 2923 610 2976 Ἐπεὶ
648 2923 704 2976 δὲ
735 2924 768 2994 ἡ
804 2923 901 2977 τοῦ
946 2924 1083 2978 Θεοῦ
1121 2925 1258 2995 πρὸς
1298 2928 1444 2996 ἡμᾶς
1483 2926 1674 2997 ἀγάπη
1728 2929 1827 2980 οὐκ

237 3013 454 3082 ἔξωθέν
495 3015 660 3070 ποθέν
696 3017 814 3070 ἔστι
845 3017 1084 3082 πάντως,
1123 3018 1239 3072 ἀλλ’
1275 3018 1367 3087 ὑφ’
1407 3019 1610 3089 ἑαυτῆς
1655 3023 1827 3073 κινεῖς

231 3125 318 3164 ται
348 3125 370 3141 ⁸
412 3111 626 3180 ἀνάγκη
663 3109 867 3181 ταύτην
896 3110 1158 3174 ὡσαύτως
1181 3113 1327 3180 ἔχειν
1357 3112 1450 3165 τὸν
1481 3113 1662 3167 πάντα
1697 3115 1825 3183 χρό-

1933 2022 2034 2061 nec
2063 2006 2213 2075 quod
2251 2009 2338 2062 illa
2373 2011 2523 2079 prius
2552 2009 2771 2080 aliquod
2804 2011 2857 2064 in
2887 2024 3011 2064 eum
3033 2009 3350 2064 beneficium
3381 2023 3511 2062 cou-

1933 2100 2158 2153 tulerint
2189 2115 2204 2153 :
2237 2116 2345 2169 quo
2367 2100 2511 2156 enim
2540 2101 2595 2156 id
2629 2102 2826 2171 pacto?
2847 2102 3044 2170 quibus
3063 2115 3193 2155 sane
3221 2104 3286 2154 de
3304 2101 3505 2164 causis,

1931 2205 2032 2244 ncc
2069 2190 2238 2258 ipsius
2275 2205 2401 2259 erga
2468 2206 2567 2247 nos
2610 2206 2764 2246 amor
2797 2199 2857 2244 ut
2907 2191 3028 2246 loco
3081 2199 3362 2246 moveatur
3413 2199 3511 2244 aut

1930 2292 2193 2346 mutetur,
2222 2281 2445 2336 confieri
2479 2292 2677 2350 potest.
2705 2283 2837 2337 Nam
2865 2277 2989 2338 cuin
3047 2283 3194 2338 nulla
3254 2299 3342 2338 res
3401 2283 3505 2336 alia

1930 2375 2002 2428 sit
2035 2389 2154 2443 qua:
2184 2375 2361 2452 ipsum
2389 2375 2454 2430 ad
2487 2376 2778 2429 amandum
2821 2385 2876 2430 et
2905 2376 3358 2430 benefaciendum
3400 2376 3503 2428 imo

1929 2466 2094 2534 pellat
2115 2481 2282 2535 quam
2311 2466 2525 2521 infinita
2551 2467 2854 2537 benignitas
2878 2467 2998 2537 ejus
3046 2477 3211 2536 atque
3267 2467 3502 2529 bonitas,

1928 2570 2049 2610 eam
2082 2570 2212 2612 vero
2242 2555 2405 2625 plane
2438 2570 2660 2610 necesse
2691 2555 2766 2610 sit
2823 2557 3017 2610 eodem
3056 2555 3305 2608 aﬂ'eclatn
3345 2557 3506 2609 modo

1929 2657 1984 2702 et
2005 2648 2254 2703 eamdem
2293 2661 2416 2704 esse
2461 2663 2476 2702 :
2517 2647 2812 2703 manifesto
2846 2656 2992 2714 patet
3023 2647 3295 2715 omnibus,
3316 2657 3372 2701 et
3417 2649 3507 2702 illa

1928 2753 2049 2808 quae
2069 2737 2121 2791 in
2149 2752 2246 2793 nos
2274 2737 2342 2792 ab
2376 2739 2495 2807 ipso
2534 2737 2979 2806 proficiscuntur,
3021 2737 3150 2791 talia
3179 2738 3315 2801 fere,
3343 2740 3508 2806 quale

1928 2829 2183 2901 quiddam
2196 2839 2278 2884 est
2309 2830 2358 2884 id
2378 2831 2520 2900 quod
2539 2846 2661 2886 eum
2693 2830 2958 2901 impellit,
2995 2839 3158 2900 atque
3173 2829 3277 2884 hoc
3301 2831 3508 2901 perspi-

1930 2934 2089 2975 cuum
2127 2920 2301 2975 cuivis
2331 2930 2434 2975 est.
2471 2920 2658 2976 Dicam
2693 2935 2872 2975 auzem
2905 2920 3112 2988 aliquid
3136 2937 3201 2975 ex
3243 2937 3506 2991 superia-

1929 3026 2054 3066 cuo.
2083 3010 2292 3082 Quippe
2324 3027 2450 3067 cum
2477 3027 2542 3068 ea
2573 3028 2695 3082 quae
2720 3028 2961 3069 amorem
2988 3014 3042 3067 in
3071 3013 3231 3068 nobis
3263 3016 3508 3070 excitant

1930 3103 2088 3173 plane
2121 3119 2226 3159 non
2245 3104 2484 3175 amplius
2510 3105 2739 3176 impulsa
2773 3115 3030 3176 motaque
3095 3106 3325 3172 fuerint,
3376 3116 3507 3162 tunc

227 3217 346 3264 νον.
381 3203 487 3256 καὶ
535 3202 603 3256 τά
654 3203 792 3272 πρὸς
827 3206 976 3273 ἡμᾶς
1007 3201 1068 3269 ἐξ
1097 3205 1314 3275 ὲκείνης
1346 3205 1425 3274 τῷ
1463 3205 1668 3272 ταύτης
1701 3206 1828 3278 ὕψει

1935 3195 2102 3251 etiam
2139 3210 2238 3252 nos
2269 3197 2478 3252 scilicet
2511 3198 2564 3252 in
2599 3212 2786 3253 amore
2820 3197 2965 3252 velut
2988 3198 3192 3252 immoti
3252 3199 3508 3253 subsi-ti-

229 3295 462 3363 μᾶλλον
508 3281 827 3363 συμϐαίνειν
875 3295 908 3366 ἢ
958 3297 1025 3366 τῇ
1078 3295 1326 3368 ἡμετέρᾳ
1367 3298 1686 3370 φαυλότητι.
1727 3300 1829 3354 Διά

230 3386 412 3439 ..ιῦτο
461 3385 560 3439 καὶ
613 3387 888 3455 προτείνει
918 3387 1086 3440 πᾶσιν
1135 3386 1262 3456 ἑξῆς
1313 3388 1450 3458 πρὸς
1488 3390 1599 3452 τοῖς
1645 3390 1828 3455 ἄλλοις

227 3477 481 3547 ἀγαθοῖς
516 3481 543 3531 ό
586 3479 781 3550 Σωτὴρ
820 3480 1074 3534 κάκεῖνον
1113 3481 1366 3550 ἀφθόνως
1409 3482 1502 3535 τδν
1530 3482 1826 3554 θησαυρῖν,

229 3571 287 3623 ὃν
323 3573 549 3632 ἐκεῖνος
599 3572 797 3639 ἀφῖκτο
846 3571 1032 3641 φέρων
1079 3572 1138 3638 ἐξ
1189 3572 1442 3644 ούρανοῦ.
1474 3576 1586 3628 Kal
1637 3574 1699 3628 ’τὸ
1749 3577 1829 3638 είς

233 3666 461 3718 ἐκεῖνον
501 3657 654 3734 ἧκον,
687 3665 862 3728 οὐδείς
898 3675 986 3719 πω
1027 3664 1138 3718 τῶν
1179 3665 1484 3736 ἀνθρώπων
1537 3668 1829 3737 ἐστέρηται

234 3757 341 3824 τῆς
369 3753 712 3824 τηλικαύτης
737 3757 1061 3824 εὐεργεσίας
1084 3772 1098 3787 ο
1125 3756 1264 3810 ἀλλά
1289 3759 1374 3828 ῥεῖ
1398 3759 1460 3811 τὸ
1488 3757 1717 3827 ἀγαθὸν,
1735 3761 1829 3811 καὶ

241 3848 498 3915 ἐκχεῖται
559 3849 834 3916 πανταχοῦ
892 3848 994 3918 τῆς
1046 3848 1372 3919 οἰκουμένης
1429 3849 1674 3919 ἀπάσης,
1735 3851 1831 3903 καὶ

244 3939 432 4004 ἔξεστι
479 3939 604 4000 τοὺς
658 3940 865 4004 πάντας
913 3943 1117 4012 προῖκα
1166 3941 1442 4005 πλουτεῖν,
1477 3943 1572 3996 καὶ
1613 3943 1830 3996 ἀκονιτὶ

247 4032 362 4084 τῶν
403 4031 626 4098 ἀγαθῶν
656 4034 1046 4102 ἐμφορεῖσθαιο
1080 4035 1246 4096 ἔδωκε
1283 4034 1392 4104 γὰρ
1418 4037 1828 4106 αύτοῖς,φησὶν,

251 4122 505 4186 ἐξουσίαν
549 4122 714 4175 τέκνα
765 4121 903 4176 Θεοῦ
938 4123 1220 4191 γενέσθαι.
1260 4123 1324 4179 Εἰ
1359 4125 1410 4178 δὲ
1461 4125 1700 4192 τάγαθόν
1745 4141 1831 4188 τις

252 4209 402 4281 ὁρῴη
439 4211 524 4263 ἐπ’
570 4213 731 4264 αὐτὸν
764 4211 959 4283 ὥσπερ
1003 4213 1364 4283 αύτομολοῦν,
1415 4209 1534 4268 εἶτα
1579 4213 1830 4268 διαπτύει

255 4303 412 4355 τοῦτο
444 4305 536 4355 καὶ
566 4303 996 4374 ἀποστρέφεται,
1017 4304 1076 4357 οὐ
1099 4305 1379 4373 λογιστέον
1409 4305 1728 4378 τούγκλημα
1751 4308 1830 4378 τῷ

260 4412 320 4462 γε
370 4395 570 4447 διδόντι
609 4397 712 4466 τὴν
760 4397 946 4467 χάριν,
975 4397 1112 4452 ἀλλὰ
1164 4401 1276 4462 τοῖς
1325 4401 1463 4471 μηδὲ
1517 4401 1616 4470 τὴν
1653 4402 1832 4471 ἀρχὴν

1936 3303 2081 3343 mus.
2106 3289 2257 3356 Quod
2278 3291 2495 3360 quidem
2524 3289 2580 3346 in
2609 3291 2765 3347 nobis
2791 3293 2835 3347 si
2867 3291 3141 3355 usuvenit,
3171 3292 3344 3348 multo
3394 3309 3509 3346 ma-

1931 3383 2017 3452 gis
2047 3382 2100 3436 in
2128 3381 2260 3440 Deo.
2301 3383 2497 3438 Verum
2527 3386 2783 3455 quoniam
2813 3385 2904 3441 Dei
2927 3401 3058 3454 erga
3079 3401 3180 3442 nos
3204 3401 3358 3440 amor
3399 3402 3510 3443 non

1933 3475 2277 3530 extrinsecus
2311 3477 2561 3532 alicunde
2591 3479 2981 3547 proficiscitur,
3010 3478 3103 3532 sed
3138 3481 3364 3549 aseipsu
3386 3498 3504 3533 mo-

1932 3577 2111 3630 vetur,
2133 3583 2354 3624 necesse
2383 3581 2463 3624 est
2487 3586 2608 3624 eum
2638 3584 2852 3640 semper
2890 3573 3076 3624 eodem
3106 3569 3360 3626 affectum
3385 3587 3511 3626 esse

1933 3665 2118 3726 modo,
2158 3669 2350 3730 etquae
2380 3662 2436 3716 in
2469 3678 2565 3715 nos
2621 3663 2688 3716 ab
2719 3677 2784 3716 eo
2843 3663 3284 3730 proﬁciscuntur,
3336 3666 3508 3733 magis

1935 3753 2105 3822 ipsius
2143 3755 2440 3808 convenire
2473 3755 2792 3808 sublimitati
2819 3769 2980 3823 quam
3043 3757 3236 3808 vilitati
3285 3767 3507 3809 nostrae.

1935 3840 2163 3914 Ideoque
2184 3845 2432 3898 Salvator
2459 3845 2546 3898 ille
2579 3852 2786 3909 noster,
2823 3854 3020 3912 prater
3050 3845 3157 3898 alia
3184 3845 3348 3908 bona,
3373 3859 3510 3899 cun-

1932 3937 2038 3992 ctis
2061 3947 2114 3990 et
2148 3936 2297 3990 illum
2338 3937 2650 3990 thesaurum
2676 3937 2878 4006 jugiter
2907 3937 3067 3991 oll'ert
3102 3952 3260 4007 quem
3299 3938 3414 4005 ipse
3443 3941 3510 3992 de

1933 4022 2074 4076 cwlo
2099 4021 2432 4077 descendens
2463 4039 2652 4078 secum
2711 4024 2915 4078 attulit.
2958 4026 3019 4080 Et
3075 4026 3295 4094 quidem
3360 4026 3506 4096 quod

1932 4116 2110 4186 ipsum
2142 4117 2354 4180 attinet,
2382 4116 2511 4170 nulli
2552 4118 2829 4171 hominum
2885 4134 3126 4188 unquam
3154 4129 3362 4173 tantum
3419 4123 3510 4173 be-

1936 4208 2182 4263 neficium
2219 4209 2538 4280 denegatum
2572 4209 2694 4272 fuit,
2721 4210 2813 4264 sed
2851 4211 2970 4264 linit
3028 4213 3127 4266 hoc
3160 4214 3385 4278 bonum,
3453 4220 3509 4266 et

1934 4302 2134 4372 ubique
2166 4312 2434 4356 terrarum
2470 4301 2789 4368 elI‘unditur,
2817 4305 3177 4373 clunibusque
3208 4306 3378 4372 gratis
3417 4305 3506 4358 dio

1934 4402 2146 4450 tescere
2178 4395 2305 4450 licet
2337 4411 2399 4450 ac
2427 4397 2634 4464 absque
2673 4395 2860 4450 labore
2893 4398 3053 4452 bonis
3083 4399 3297 4452 satiari.
3349 4398 3510 4452 Dedit

257 4486 596 4554 δεξαμένοις,
628 4487 661 4556 ἢ
698 4488 794 4541 καὶ
829 4489 969 4557 μετὰ
1019 4490 1080 4542 τὸ
1123 4489 1309 4543 λαϐεῖν
1368 4493 1677 4562 άτιμάσασι
1733 4495 1828 4548 καὶ

1937 4488 2080 4542 enim
2104 4490 2204 4552 eis,
2240 4489 2434 4556 inquit,
2472 4497 2798 4556 potestatem
2831 4491 3095 4544 evadendi
3145 4492 3196 4544 in
3233 4491 3371 4544 filios
3389 4490 3507 4546 Dei.

264 4582 706 4650 παρωταμένοις,
739 4580 883 4633 οὕτω
923 4581 1021 4650 μὲν
1043 4580 1104 4634 ὃν
1137 4583 1365 4651 ἀγαθὸν,
1397 4583 1542 4637 οῦτω
1574 4585 1631 4638 δὲ
1661 4586 1829 4655 μέγα,

261 4675 349 4724 καὶ
403 4674 629 4742 προσέτι
653 4671 922 4744 γ’μόνιμον,
957 4676 1053 4729 καὶ
1095 4676 1298 4747 ῥᾳδίως
1333 4676 1628 4744 ὲπιδιδοῦν,
1661 4678 1718 4731 εί
1745 4697 1830 4740 τις

258 4767 416 4818 τοῦτο
449 4765 710 4834 βούλοιτο.

1937 4585 2054 4639 Jam
2081 4584 2125 4637 si
2158 4583 2281 4652 quis
2323 4583 2526 4636 bonum
2595 4583 2774 4649 ipsum
2831 4597 3063 4637 cernens
3108 4583 3174 4635 ad
3214 4597 3272 4634 se
3317 4593 3510 4650 sponte

1939 4676 2092 4746 quasi
2129 4691 2223 4730 sua
2253 4676 2459 4732 venire.
2494 4690 2614 4727 mox
2646 4664 2818 4728 illul?
2838 4685 3057 4741 respuat
3115 4682 3166 4728 et
3203 4686 3506 4734 aversetur,

1943 4785 2049 4825 non
2079 4768 2389 4838 imputanda
2419 4769 2493 4821 illi
2523 4771 2702 4836 culpa,
2738 4767 2826 4837 qui
2859 4767 3176 4822 beucliciutn
3218 4769 3384 4830 dedit,
3411 4782 3505 4820 seu

261 4861 323 4916 iis
355 4863 449 4932 qui
495 4879 716 4932 prorsus
748 4865 800 4919 id
825 4880 930 4919 non
971 4867 1340 4936 acceperunt,
1396 4877 1490 4919 aut
1538 4877 1826 4936 postquam
1856 4869 2219 4934 accepissent,
2277 4879 2398 4919 cum
2450 4865 2743 4933 ignominia
2802 4864 3138 4931 repulerunt,
3209 4873 3320 4912 rem
3372 4860 3508 4916 adeo

260 4957 481 5022 bonam,
513 4959 648 5014 adeo
680 4976 955 5032 magnam,
1006 4975 1058 5017 et
1119 4973 1377 5034 praeterea
1423 4963 1724 5018 durabilem
1783 4974 1836 5018 et
1873 4970 2254 5034 angescentem
2285 4961 2470 5024 facile,
2498 4961 2540 5013 si
2575 4962 2696 5028 quis
2732 4959 2834 5012 boc
2867 4957 3010 5010 velit.

332 5053 443 5107 Καὶ
469 5051 658 5103 τοίνυν
693 5054 720 5105 ό
747 5053 992 5117 τοιοῦτος
1025 5056 1327 5125 Δεσπότης,
1351 5058 1446 5108 καὶ
1478 5056 1568 5108 τὸν
1598 5057 1696 5124 τὴν
1729 5072 1827 5124 με·

258 5147 430 5216 γάλην
463 5146 618 5198 δοκὸν
655 5147 883 5210 ἐκεῖνον,
934 5148 1031 5200 καὶ
1061 5147 1121 5199 τὸ
1153 5149 1366 5215 κάρφος
1410 5149 1608 5218 ἔχοντα
1654 5145 1714 5200 τὸ
1747 5166 1833 5216 μι-

258 5239 386 5309 κρὸν
445 5238 576 5306 (τῶν
623 5240 737 5307 γάρ
792 5237 1030 5307 ὲξαρχῆς
1087 5239 1481 5308 μνησθήσομαι
1509 5239 1709 5306 λόγων)
1767 5238 1829 5291 ού

258 5329 582 5400 περιόψεταί
614 5347 767 5394 ποτε,
814 5332 949 5384 ἀλλὰ
985 5331 1164 5385 πάντα
1201 5331 1400 5400 πράξει
1437 5333 1532 5384 καὶ
1567 5347 1832 5401 πραγμα-

256 5427 508 5476 τεύσεται
541 5422 680 5491 ὑπὲρ
705 5424 803 5493 τῆς
832 5423 1014 5476 αὐτῶν
1071 5425 1368 5492 σωτηρίας.
1422 5424 1677 5492 Γίγνεται
1722 5426 1830 5492 γὰρ

259 5514 602 5575 παντοδαπὸς
653 5514 947 5584 ἐπίκουρος
997 5516 1154 5585 ἡμῖν,
1185 5515 1280 5570 καὶ
1307 5516 1402 5568 νῦν
1438 5515 1536 5584 μὲν
1583 5515 1744 5568 τοῦτο
1775 5515 1834 5568 τὸ

259 5607 574 5676 φάρμακον,
630 5605 726 5659 νῦν
758 5605 814 5657 δὲ
848 5607 1027 5660 ἐκεῖνο
1084 5607 1378 5674 προσάγει.
1432 5607 1541 5659 Καὶ
1573 5605 1688 5669 τοῖς
1736 5607 1834 5676 μὲν

264 5695 660 5767 φλεγμαίνουσι
705 5695 814 5751 τῶν
864 5697 1201 5768 τραυμάτων
1240 5697 1310 5750 τὰ
1343 5697 1439 5766 τῆς
1475 5697 1832 5768 παραμυθίας

269 5788 576 5858 προσάγει·
612 5788 712 5851 τάς
739 5788 796 5842 δὲ
842 5789 1142 5858 σηπεδόνας
1175 5789 1461 5854 ἐκκόπτει,
1498 5787 1597 5860 τὴν
1646 5789 1738 5841 ἐπὶ
1766 5791 1835 5842 τὰ

268 5883 431 5953 χείρω
462 5879 632 5952 νομὴν
662 5881 989 5938 συστέλλων.
1011 5882 1085 5936 Οὐ
1121 5883 1228 5954 μὴν
1258 5881 1396 5938 ἀλλά
1428 5881 1520 5936 καὶ
1554 5880 1834 5952 μέμψεταί

2011 5056 2156 5109 Talis
2231 5069 2360 5122 ergo
2452 5051 2711 5106 Dominus
2757 5066 2854 5103 nec
2935 5049 3081 5102 illum
3136 5062 3329 5120 magna
3384 5067 3506 5106 cum

1939 5149 2112 5210 trabe,
2153 5162 2250 5199 nec
2285 5146 2514 5197 alterum
2559 5141 2684 5196 exili
2716 5155 2838 5194 cum
2897 5139 3105 5193 festuca
3158 5139 3311 5208 (licet
3358 5142 3503 5197 enim

1938 5251 2066 5294 ante
2125 5240 2266 5291 dicta
2326 5236 2594 5304 repetere)
2663 5233 3042 5301 aspernabitur
3076 5249 3337 5304 unquam,
3409 5238 3505 5293 sed

1939 5347 2008 5384 Ott
2034 5329 2119 5381 nia
2159 5343 2256 5396 pio
2314 5328 2552 5394 ipsorum
2598 5323 2771 5376 salute
2817 5320 2986 5376 faciet
3038 5332 3199 5391 atque
3231 5325 3504 5385 tnolietnr.
3602 5334 3604 5338 '

1943 5417 2120 5472 Variis
2156 5418 2302 5471 enim
2338 5416 2513 5471 modis
2547 5429 2610 5469 ac
2636 5413 2940 5468 rationibus
2984 5415 3142 5469 nobis
3181 5417 3502 5484 opitulatur,

1935 5528 1999 5566 ac
2038 5511 2199 5564 inodo
2238 5507 2459 5577 quidem
2485 5506 2588 5560 hoc
2646 5506 3126 5572 medicamentum,
3166 5511 3328 5563 modo
3375 5509 3505 5562 illud

1936 5600 2182 5654 adhibet.
2232 5596 2290 5651 Si
2323 5611 2442 5666 quae
2476 5595 2702 5650 vulnera
2759 5597 3116 5666 suppurantia
3159 5607 3392 5659 tument,
3442 5611 3503 5649 ea

1936 5694 2187 5762 mitigat:
2223 5689 2539 5760 putredines
2561 5704 2676 5745 esst
2696 5689 2855 5752 indit,
2878 5699 2955 5743 'ut
2977 5704 3088 5759 quo
3116 5689 3298 5742 minus
3327 5690 3378 5740 in
3407 5703 3508 5754 pe-

1929 5785 2019 5857 jus
2051 5793 2290 5852 serpant,
2326 5783 2605 5853 impediat.
2643 5783 2782 5850 Quin
2819 5782 2986 5837 etiam
3018 5781 3216 5851 saepius
3250 5781 3506 5849 objurga-

1932 5879 2010 5933 bit
2040 5885 2290 5947 aegrotos,
2354 5883 2408 5932 et
2444 5875 2824 5946 castigatione,
2879 5873 2926 5928 si
2961 5872 3032 5929 sit
3067 5885 3229 5942 opus,
3287 5887 3475 5926 cocrc.
