3990 6560
489 393 594 459 £19

1619 399 2017 465 MANUELlS
2059 390 2497 462 l‘ALAiOLOGl

3658 400 3756 463 5‘20

475 513 574 569 bit.
604 511 1004 580 Nonnunquam
1038 521 1093 566 et
1121 513 1484 569 severioribus
1530 516 1785 570 remediis
1837 525 2037 581 utetur,

2165 533 2205 568 ιε
2231 515 2491 578 πολλάκις
2516 517 2629 579 τοῖς
2661 516 3028 586 ἀρρωστοῦσι,
3049 515 3144 570 καὶ
3175 516 3490 587 ἐπιπλήξει
3528 518 3754 584 τούτους

473 622 596 661 cum
636 606 881 660 bonitate
926 607 1325 673 clementiaque
1359 609 1460 663 sibi
1493 608 1769 664 familiari.
1805 607 1920 663 Non
1947 625 2040 664 vo-

475 698 550 752 let
579 699 688 752 illis
717 712 840 754 esse
869 705 1030 758 male,
1069 713 1208 766 quos
1233 699 1299 752 de
1328 698 1496 754 nihilo
1540 699 1809 760 condidit,
1865 699 2042 754 mani-

477 791 690 859 busque
725 790 961 860 propriis
984 791 1264 852 formavit,
1297 793 1388 845 sed
1427 793 1506 845 eis
1529 799 1786 861 perpetuo
1817 790 2040 846 benefa-

487 888 620 952 ciet,
646 900 710 939 ac
755 901 851 953 per
880 884 1088 947 omnia,
1132 884 1322 938 dextra
1361 885 1578 952 inquam
1605 892 1659 937 et
1685 883 1928 948 sinistra,
1987 885 2065 936 ut'

477 981 634 1032 divus
653 976 741 1030 ille
763 976 1058 1044 Apostolus
1089 975 1355 1045 loquitur,
1381 977 1496 1029 sive
1529 983 1675 1028 recte
1697 974 1906 1036 vivant,
1927 972 2044 1026 sive

477 1083 657 1123 secus.
691 1066 1160 1134 Quemadmodum
1196 1067 1408 1121 scilicet
1445 1074 1500 1118 et
1527 1063 1766 1133 pluviam
1797 1070 1858 1138 et~
1874 1061 2042 1117 solem

478 1161 559 1214 eis
617 1159 948 1230 suppeditat,
999 1173 1188 1213 rursus
1239 1157 1404 1212 etiam
1469 1157 1707 1225 ipsorum
1755 1153 2043 1208 utilitatem

478 1255 760 1319 spectans,-
816 1253 882 1304 ad
921 1261 1130 1318 tempus
1170 1249 1389 1316 aliquod
1446 1248 1634 1303 eadem
1689 1246 1920 1301 inhibet.
1964 1245 2045 1298 Ad

479 1357 772 1410 summam,
800 1357 903 1397 non
941 1357 1047 1395 una
1075 1342 1184 1406 via,
1209 1340 1302 1394 sed
1329 1339 1516 1394 multis
1553 1352 1616 1392 ac
1645 1337 1896 1403 diversis,
1923 1351 2048 1406 per-

479 1452 586 1508 que
620 1449 707 1489 res
764 1433 1070 1488 contrarias
1132 1433 1542 1500 nonnunquam,
1593 1430 1661 1484 ad
1724 1445 1888 1483 unum
1949 1443 2047 1482 nos

483 1527 642 1581 finem
671 1525 939 1593 perducit,
965 1533 1023 1577 ut
1058 1533 1206 1578 recte
1254 1525 1434 1578 vivere
1495 1523 1790 1592 possimus.
1825 1521 1887 1574 Et
1941 1536 2048 1588 quo

479 1631 638 1690 pacto
667 1627 1096 1672 consentaneum
1142 1625 1311 1680 esset,
1369 1614 1526 1669 aliter
1557 1631 1678 1669 eum
1728 1611 1910 1683 agere,
1957 1613 2048 1681 qui

481 1727 578 1780 pro
615 1708 884 1763 universis
941 1717 1025 1762 est
1074 1715 1341 1769 mortuus,
1388 1707 1607 1760 crucem
1677 1705 1939 1759 sustinuit
1987 1719 2050 1758 ac

482 1803 807 1862 nuditatem,
837 1816 948 1856 rem
1001 1799 1264 1855 malefieis
1313 1799 1665 1861 destinatam,
1702 1797 1904 1866 quique
1955 1797 2048 1849 dc-

483 1896 648 1951 decus
688 1904 743 1947 et
769 1892 1126 1960 ignominiam
1171 1891 1394 1944 omnino
1444 1893 1550 1943 nan
1598 1889 1835 1953 curavit,
1870 1887 2050 1941 infini-
2081 1877 2126 1937 Β

486 1995 647 2052 taque
678 1982 964 2044 sustinuit,
991 1981 1056 2034 ad
1084 1973 1351 2034 infinitam
1382 1979 1600 2033 inventa
1634 1977 2049 2041 contumeliam,

484 2075 592 2131 illis
614 2077 746 2130 solis
771 2082 1189 2144 competentem,
1229 2072 1317 2139 qui
1347 2087 1409 2126 ea
1469 2073 1642 2140 ipsum
1698 2069 1996 2126 affecerunt
2029 2069 2051 2122 Ἰ

485 2169 614 2224 Haec
653 2182 782 2235 ergo
813 2182 935 2219 cum
989 2179 1404 2234 cognoscamus.
1453 2163 1750 2227 auditores,
1788 2170 2056 2232 quotquot

487 2262 716 2321 adestis,
780 2258 929 2313 illum
968 2257 1213 2310 omnium
1250 2254 1668 2308 stolidissimum
1723 2253 2054 2320 iudicemus,

488 2357 580 2426 qui
623 2352 780 2407 facile
814 2349 1163 2409 condemnat,
1201 2345 1405 2400 oblitus
1460 2360 1730 2414 suprema:
1765 2344 1913 2397 illius
1944 2344 2058 2396 cle-

488 2450 732 2510 mentiaz,
771 2444 1030 2500 bonitatis
1060 2440 1528 2508 incomparabilis,
1593 2437 2057 2507 inexsuperabilis

489 2539 864 2612 benignitatis,
894 2547 949 2590 et
977 2535 1114 2602 ejus,
1152 2535 1240 2602 qui
1268 2541 1548 2602 peccatum
1597 2546 1762 2584 omne
1821 2532 2060 2598 sustulit,

487 2651 542 2695 ct
573 2637 764 2692 mortis
787 2635 855 2688 ab
879 2648 944 2687 eo
968 2647 1064 2701 pro
1087 2630 1242 2684 nobis
1297 2629 1477 2691 obitze,
1530 2627 1850 2696 probrorum
1881 2664 1898 2691 ,
1928 2641 2054 2680 cru-

486 2729 754 2792 ciatuum,
788 2724 1135 2792 iniuriarum,
1170 2729 1586 2787 etquaecunque
1628 2727 1755 2772 tunc
1800 2718 2058 2772 comitata

489 2829 620 2875 sunt
647 2817 939 2872 absurdam
982 2810 1324 2866 iracundiam
1356 2808 1770 2869 sceleratorum,
1819 2817 1892 2862 ‘ex
1929 2806 2065 2860 invi-

488 2914 576 2966 dia
630 2909 829 2966 caedem
883 2907 1054 2976 ipsius
1109 2903 1434 2965 sitientium,
1493 2909 1550 2952 ut
1596 2900 1797 2966 cavilli,
1848 2911 2062 2960 atroces

489 3003 722 3074 injuria‘,
764 2997 1070 3058 maledicta,
1106 3003 1284 3062 sputa,
1353 2993 1542 3061 alapae,
1585 2992 1728 3047 nulla
1784 3007 1890 3047 non
1943 2992 2064 3046 illu-

499 3099 712 3152 siouum
754 3092 988 3162 species,
1045 3098 1205 3154 atque
1257 3086 1422 3142 etiam
1468 3099 1667 3138 corona
1697 3085 2066 3149 cuntumelim,

2147 605 2367 674 δεῆσαν.
2396 605 2503 660 Καί
2536 623 2639 659 που
2682 608 2778 660 καὶ
2805 608 2916 670 τοῖς
2943 607 3386 677 αὐστηροτέροις
3427 609 3754 678 βοηθήματι

2148 698 2412 767 χρήσεται
2443 697 2580 766 μετά
2611 698 2710 768 τῆς
2744 699 3006 768 συνήθους
3041 699 3190 768 αὑτῷ
3216 701 3627 772 χρηστότητος
3661 706 3753 755 καὶ

2151 785 2587 856 φιλανθρωπίας.
2627 788 2702 840 Οὐ
2733 787 2797 858 δὴ
2829 788 3043 857 θελήσει
3099 791 3286 852 κακῶς
3346 791 3534 859 ἔχειν,
3573 793 3668 854 οὓς
3700 795 3753 860 ἐξ

2151 875 2249 929 οὐκ
2280 874 2450 929 όντων
2480 877 2792 946 παρήγαγε,
2829 882 2925 930 καὶ
2952 881 3071 942 ταῖς
3095 879 3298 932 ἑαυτοῦ
3338 881 3552 949 χερσὶν
3586 881 3753 934 ἔπλαο

2153 984 2244 1020 σεν
2265 982 2279 996 '
2316 967 2434 1020 ἀλλ’
2467 967 2527 1020 εὖ
2563 971 2781 1039 ποιήσει
2814 969 3033 1033 τούτους
3060 971 3333 1040 διηνεκῶς
3378 972 3478 1026 διὰ
3508 975 3752 1032 πάντων.

2151 1060 2258 1111 τῶν
2301 1076 2363 1111 τε
2395 1059 2584 1124 δεξιῶν
2615 1077 2757 1129 φημι
2791 1063 2884 1115 καὶ
2919 1063 3245 1132 ἀριστερῶν,
3283 1063 3452 1116 κατὰ
3487 1064 3586 1116 τὸν
3617 1066 3754 1117 θεῖον

2165 1151 2506 1215 ’Λπόστολον,
2540 1152 2714 1222 ὀρθῶς
2739 1153 2987 1222 βιοῦντας
3019 1142 3116 1213 ’καὶ
3141 1156 3215 1225 μή
3243 1171 3256 1186 ⁸
3297 1156 3516 1225 ὥσπερ
3567 1159 3755 1226 ἀμέλει

2155 1245 2247 1298 καὶ
2276 1245 2433 1300 ὑετὸν
2493 1249 2586 1299 καὶ
2628 1241 2781 1317 ⁴ῖίιλιον
2810 1251 3018 1312 τούτοις
3045 1249 3306 1320 παρέχει.
3350 1251 3472 1302 Καὶ
3508 1249 3665 1315 αὖθίς
3699 1270 3755 1318 γε

2156 1337 2293 1406 πρὸς
2345 1339 2408 1390 τὺ
2443 1339 2724 1408 συμφέρον
2782 1341 2961 1394 αὐτῶν
3001 1341 3164 1409 δρῶν,
3214 1344 3316 1394 ἐπὶ
3380 1344 3596 1411 καιρόν
3641 1363 3756 1396 τινα

2155 1431 2327 1486 ταῦτα
2358 1432 2564 1500 ἐπέχει.
2602 1435 2709 1486 Καὶ
2726 1434 2862 1496 ὅλως
2884 1434 2945 1486 οὐ
2978 1433 3068 1488 διὰ
3101 1435 3228 1503 μιᾶς
3253 1434 3417 1496 ὁδοῦ,
3461 1435 3608 1488 ἀ).λά
3638 1436 3757 1486 παὶ.-

2155 1520 2263 1572 λῶν
2296 1537 2352 1572 τε
2383 1521 2476 1573 καὶ
2504 1521 2912 1590 διαφόρων,καὶ
2941 1524 3284 1593 πραγμάτων
3305 1525 3590 1577 ἐναντίων
3616 1526 3754 1576 ἔστιν

2156 1613 2239 1678 οὗ,
2273 1613 2408 1682 πρὸς
2441 1616 2498 1668 ἐν
2550 1635 2601 1668 τι
2650 1618 2802 1680 τέλος
2852 1619 3000 1688 ἡμᾶς
3038 1621 3241 1685 ἐνάγει,
3288 1620 3360 1672 τὸ
3419 1620 3531 1688 ζῇν
3583 1622 3754 1690 ὀρθῶς

2157 1706 2472 1775 δυνηθῆναι.
2509 1709 2620 1760 Καὶ
2654 1709 2771 1771 πῶς
2819 1708 2884 1762 ἂν
2923 1711 3099 1774 ἄλλως
3137 1712 3289 1775 εἰκὸς
3341 1709 3419 1782 ἦν
3469 1714 3747 1783 πράττειν,

2159 1798 2216 1861 ὃς
2250 1798 2388 1868 ὑπὲρ
2416 1800 2636 1853 πάντων
2681 1795 2951 1867 ἀπέθανε,
2987 1805 3220 1872 σταυρὸν
3282 1805 3398 1874 μὲν
3453 1805 3753 1874 ὑπομείνας

2156 1892 2248 1944 καὶ
2297 1891 2601 1960 γύμνωσιν,
2659 1895 2895 1964 πρᾶγμα
2947 1896 3289 1966 κακούργοις
3355 1896 3750 1968 διωρισμένον,

2155 1981 2415 2052 αἰσχύνης
2447 1983 2502 2036 δὲ
2534 1985 2883 2039 παντάπασιν
2915 1987 3212 2056 ἀλογήσας,
3264 1990 3370 2041 καὶ
3406 1991 3591 2060 μυρία
3622 1990 3751 2058 πρά-

2155 2089 2338 2141 γματα
2362 2073 2600 2136 ὑποστάς
2628 2075 2762 2144 πρὸς
2804 2075 2961 2146 ὕϐριν
2995 2079 3196 2148 μυρίαν
3234 2079 3628 2150 ἐξευρημένα,
3665 2080 3748 2147 μό-

2157 2181 2266 2226 νοις
2298 2164 2523 2227 ἐκείνοις
2555 2166 2832 2233 πρέποντα
2865 2168 2978 2229 τοῖς
3013 2169 3382 2236 ἐξυϐρίσασιν
3421 2171 3512 2232 εἰς
3550 2169 3743 2231 αύτὸν;

2156 2255 2323 2307 Ταῦτ’
2355 2255 2450 2310 οὖν
2483 2256 2868 2323 γινώσκοντες,
2901 2251 2946 2309 ὦ
3005 2258 3300 2326 παρόντες,
3337 2261 3576 2313 πάντων
3621 2261 3742 2328 εὑη-

2160 2347 2413 2416 θέστερον
2429 2345 2620 2400 τοῦτον
2651 2349 2952 2416 κρίνωμεν,
2977 2350 3067 2401 τὸν
3096 2350 3348 2421 εὐχερῶς
3379 2353 3743 2423 κατακρίνον-

2161 2456 2248 2501 τα,
2295 2438 2788 2508 ἐπιλανθανόμενον
2824 2441 2920 2510 τῆς
2953 2442 3217 2496 ἀνωτάτω
3272 2444 3738 2514 φιλανθρωπίας,

2160 2528 2259 2596 τῆς
2286 2530 2610 2582 ἀνεικάστου
2633 2530 3014 2596 ἀγαθωσύνης,
3041 2533 3140 2602 τῆς
3169 2535 3597 2604 ἀνυπερϐλήτου
3622 2550 3744 2604 χρηο

2165 2619 2446 2688 στότητος,
2478 2621 2572 2672 τοῦ
2607 2637 2664 2672 τε
2690 2623 2979 2692 άναιρέτου
3024 2623 3126 2690 τῆς
3175 2624 3468 2694 ἁμαρτίας
3507 2627 3736 2692 ἀπάτης,

2164 2711 2259 2763 καὶ
2291 2711 2386 2764 τοῦ
2416 2711 2483 2764 δι’
2511 2713 2660 2781 ἡμᾶς
2691 2713 2902 2765 ἐκείνου
2933 2714 3186 2781 θανάτου,
3221 2717 3340 2770 τῶν
3376 2717 3739 2777 ὀνειδ;ἷ›ν,τῶν

2167 2803 2526 2871 παθημάτων,
2556 2803 2664 2856 τῶν
2701 2804 2948 2869 ὕϐρεων,
2985 2808 3077 2858 καὶ
3111 2807 3207 2859 ὅσα
3238 2811 3367 2861 τότε
3402 2809 3734 2879 παρηκολού-

2165 2893 2298 2964 θησε
2321 2894 2398 2962 τῷ
2425 2895 2719 2964 παραλόγῳ
2751 2893 2908 2965 θυμῷ
2941 2897 3052 2949 τῶν
3082 2897 3377 2965 φονώντων
3403 2902 3468 2951 ἐκ
3499 2901 3588 2952 τοῦ
3619 2897 3739 2966 φθόο

2165 3001 2258 3036 νου
2286 2984 2679 3056 καθαρμάτων,
2716 2987 3044 3057 σκώμματα,
3071 2990 3556 3060 προπηλακισμοὶ.
3585 2991 3733 3059 βλασ-

2168 3079 2388 3148 φημίαι,
2463 3081 2796 3148 ἑμπτυσμοὶ,
2829 3081 3173 3152 ῥαπίσματα,
3219 3084 3375 3138 ἆπαν
3408 3081 3733 3153 ἐμπαιγμῶν

490 3196 767 3258 caputque
789 3183 992 3238 feriens
1024 3180 1288 3234 calamus.
1325 3176 1588 3230 Nimirum
1617 3175 2061 3230 destillabattunc

2168 3167 2345 3234 εἷδοςθ
2397 3169 2492 3224 καὶ
2519 3173 2583 3242 δὴ
2611 3174 2706 3226 καὶ
2758 3175 3023 3243 στέφανος
3077 3174 3312 3247 ὕϐρεως,
3367 3180 3466 3232 καὶ
3506 3178 3730 3244 κάλαμος

491 3299 522 3337 e
551 3277 874 3346 beatatfarie
900 3273 1066 3330 divini
1107 3271 1325 3339 capitis,
1358 3271 1654 3335 vulnerati,
1693 3284 1812 3324 mea
1842 3267 2057 3334 quidem

493 3367 789 3428 sententia,
815 3375 923 3419 tam
963 3379 994 3418 a
1026 3362 1242 3416 calamo
1285 3375 1450 3430 quam
1483 3374 1512 3411 a
1545 3359 1735 3426 spinis,
1765 3357 1834 3414 de
1863 3357 2062 3426 quibus

493 3459 750 3515 salutaris
786 3455 875 3510 illa
926 3453 1080 3508 nobis
1119 3466 1318 3507 corona
1365 3448 1612 3504 manibus
1667 3447 2061 3502 homicidarum

495 3559 752 3610 contexta
806 3548 927 3604 fuit.
993 3547 1171 3611 Babae,
1211 3553 1416 3613 quanta
1444 3542 1605 3597 fecit!
1659 3549 1859 3611 quanta
1901 3541 2065 3595 susti-

493 3645 644 3700 nuit!
703 3650 762 3695 et
813 3640 1029 3708 quidem
1089 3651 1188 3706 pro
1231 3635 1488 3700 inimicis,
1543 3647 1640 3702 pro
1689 3630 2065 3686 condemnatis

495 3733 811 3792 hominibus
842 3749 855 3784 :
891 3739 1118 3800 propter
1153 3743 1290 3797 quos
1352 3737 1408 3782 et
1465 3728 1628 3780 homo
1671 3723 1846 3783 factus
1876 3731 1979 3786 est,
2034 3739 2066 3778 e

494 3829 728 3884 muliere
761 3833 944 3888 natus,
974 3831 1027 3876 et
1056 3835 1278 3893 carnem
1311 3835 1373 3873 ac
1402 3825 1776 3890 paupertatem
1821 3825 2066 3880 nostram

493 3919 757 3988 suscepit,
789 3932 895 3985 quo
923 3916 1032 3983 pati
1060 3921 1242 3982 posset
1283 3929 1297 3968 :
1332 3922 1390 3966 ut
1441 3925 1539 3965 nos
1569 3909 1830 3966 liberaret
1860 3923 1888 3961 a
1937 3921 2067 3961 cru-

497 4011 641 4066 ciatu
705 4018 760 4063 et
791 4007 948 4062 matis
981 4005 1199 4058 aeternis
1232 4003 1399 4056 animi
1444 4002 1648 4071 pariter
1673 4009 1840 4068 atque
1870 4011 2068 4066 corpo-

496 4105 596 4166 ris,
654 4103 855 4172 quibus
907 4101 1226 4154 universum
1273 4111 1444 4166 genus
1497 4095 1773 4147 hominum
1819 4089 2063 4150 obnoxii,

497 4195 794 4248 multorum
825 4202 1252 4260 magnorumque
1281 4200 1446 4241 causa
1473 4185 1798 4238 delictorum
1822 4195 2066 4235 eramus.

499 4285 625 4340 llaec
677 4294 856 4336 autem
919 4281 1100 4333 omnia
1153 4279 1528 4332 demonstrant
1583 4273 1752 4344 ipsius
1792 4286 1920 4340 erga
1970 4286 2070 4324 nos

499 4391 741 4430 amorem
801 4373 1093 4442 quemdam
1153 4356 1504 4430 ineffabilem,
1561 4374 1616 4419 et
1653 4378 1817 4432 supra
1875 4361 2069 4416 mentis

503 4468 914 4536 intelligentiam
957 4464 1214 4528 positum.
1252 4459 1473 4513 Poterat
1501 4457 1646 4512 enim
1679 4456 1877 4511 cmlum
1912 4456 2068 4508 inco-

2164 3262 2306 3316 κατά
2336 3266 2578 3334 κορυφῆς
2613 3263 2811 3320 παίων.
2853 3259 2928 3318 ἾΙ
2957 3283 3060 3319 που
3098 3269 3412 3332 κατέσταξε
3437 3269 3532 3323 τοῦ
3564 3284 3731 3337 μακα-

2168 3351 2283 3423 ρίου
2318 3356 2438 3408 τότε
2479 3358 2777 3424 προσώπου
2807 3357 2867 3410 τὸ
2909 3358 3010 3424 τῆς
3062 3359 3252 3429 θεῖκῆς
3300 3361 3554 3431 κεφαλῆς
3580 3354 3725 3426 αἷμα,

2163 3443 2669 3516 τρωθείσηςρῐμαι,
2699 3447 2882 3518 καὶτῷ
2915 3445 3165 3520 καλάμῳ,
3187 3454 3284 3505 καὶ
3313 3457 3434 3516 ταῖς
3456 3449 3726 3510 ἀκάνθαις,

2167 3533 2254 3602 αἷς
2277 3541 2304 3591 ό
2327 3539 2592 3610 σωτήριος
2625 3540 2755 3609 ἡμῖν
2803 3541 2961 3609 χερσὶ
3007 3541 3116 3595 τῶν
3167 3542 3498 3614 ἀλαστόρων
3528 3541 3723 3607 imm;

2167 3629 2447 3696 στέφανος.
2485 3629 2655 3682 Βαϐαῖ
2677 3671 2692 3693 ,
2745 3631 2828 3684 ὅτ’
2858 3631 3094 3701 ἔπραξεν
3121 3633 3134 3687 ι
3190 3633 3272 3686 ὅσ’
3302 3634 3518 3702 ὑπέστη
3547 3633 3559 3685 !
3602 3630 3726 3696 ὑπὲρ

2169 3720 2401 3790 ἐχθρῶν,
2439 3720 2578 3790 ὑπὲρ
2630 3723 2985 3792 κατακρίτων
3016 3723 3359 3794 ἀνθρώπιον·
3400 3723 3470 3777 δι’
3522 3719 3614 3783 οὓς
3643 3717 3725 3771 καὶ

2169 3811 2396 3880 γέγονεν
2447 3811 2758 3880 ἅνθρωπος,
2817 3814 2882 3866 ἐκ
2911 3815 3171 3881 γυναικὸς
3217 3815 3529 3884 γεννηθεὶς,
3563 3813 3723 3878 caput:

2171 3903 2265 3955 καὶ
2295 3902 2486 3955 πενίαν
2511 3902 2608 3972 τὴν
2652 3904 2932 3974 ἡμετέραν
2963 3903 3429 3975 καταδεξάμενος,
3468 3904 3602 3970 ὑπὲρ
3640 3896 3721 3951 τοῦ

2171 3993 2364 4048 παθεῖν
2383 3994 2678 4065 δυνηθῆναι
2698 4009 2713 4025 ⁸
2747 3995 2817 4049 ἶν’
2840 3998 2987 4065 ἡμᾶς
3011 3997 3360 4070 ἐλευθερώσῃ
3394 3997 3613 4056 πάθους,
3640 3992 3721 4042 καὶ

2170 4079 2361 4140 δεινῶν
2393 4085 2676 4139 ἀθανάτων
2717 4087 2853 4156 ὁμοῦ
2888 4087 3068 4158 ψυχῆς
3099 4104 3158 4140 τε
3193 4089 3290 4141 καὶ
3340 4088 3609 4155 σώματος.
3657 4070 3720 4129 ὧν

2171 4179 2234 4231 τὸ
2263 4178 2416 4247 γένος
2451 4179 2595 4233 ἆπαν
2641 4178 2898 4250 ὕπόχρεῳ
2927 4175 3090 4249 ἦμεν,
3123 4180 3245 4232 ἀντὶ
3276 4178 3488 4233 πολλῶν
3518 4172 3607 4227 καὶ
3636 4184 3718 4239 μευ

2172 4270 2354 4338 γάλων
2383 4271 2823 4341 ἁμαρτημάτων.
2865 4269 3050 4324 Ταῦτα
3082 4271 3139 4324 δὲ
3166 4271 3348 4324 πάντα
3379 4270 3613 4324 δείκνυσι
3637 4260 3718 4328 τὴν

2175 4363 2253 4424 εἰς
2281 4363 2428 4432 ἡμᾶς
2458 4362 2679 4432 ἀγάπην
2701 4361 2890 4426 αὑτοῦ,
2916 4363 3152 4436 ἄρῤητόν
3173 4380 3294 4417 τινα
3321 4364 3416 4416 καὶ
3439 4352 3715 4418 ἀκατανόιγ

2173 4471 2263 4508 τον
2295 4453 2479 4510 οὖσαν.
2506 4455 2762 4508 Ἐδύνατο
2789 4455 2890 4525 μὲν
2913 4457 3040 4526 γὰρ,
3068 4441 3160 4509 τὸν
3199 4455 3436 4526 οὐρανόν
3465 4468 3518 4504 τε
3548 4444 3710 4501 οἰκῶν.

499 4565 636 4627 lens,
682 4573 1022 4628 nequaquam
1066 4565 1342 4624 assumpta
1408 4561 1602 4608 natura
1654 4563 1866 4617 nostra,
1901 4549 2062 4605 verbo

2175 4547 2268 4598 καὶ
2317 4547 2582 4617 μηδαμῶς
2633 4546 3038 4616 ἀναλαϐόμενος
3067 4547 3127 4600 τὸ
3161 4548 3448 4617 ἡμέτερον,
3481 4540 3569 4594 καὶ
3589 4536 3710 4640 λόγις

500 4659 768 4712 duntaxat
805 4669 867 4706 ae
907 4660 1036 4705 nutu
1079 4649 1310 4702 liberare
1335 4661 1502 4716 genus
1529 4653 1775 4699 nostrum
1813 4658 1844 4699 ο
1871 4642 2068 4698 diaboli

501 4745 736 4800 viticulis
776 4759 839 4798 ac
883 4741 1190 4814 tyrannide,
1222 4752 1428 4808 nosque
1464 4751 1558 4804 per
1584 4736 1764 4790 omnia
1789 4734 2068 4790 beneficiis

503 4841 740 4896 allicere.
777 4837 962 4892 Itidem
989 4835 1098 4904 pati
1131 4847 1238 4886 non
1266 4833 1554 4901 potuisset,
1585 4843 1689 4883 non
1730 4826 1910 4882 factus
1926 4826 2071 4896 ejus-

505 4937 625 4986 dem
690 4929 971 4982 nobiscum
1043 4923 1363 4978 substantia:
1417 4919 1706 4989 particeps.
1759 4915 1958 4971 Verum
2015 4923 2074 4968 ut

505 5038 744 5078 artiorem
779 5038 905 5091 erga
945 5035 1064 5083 nos,
1097 5016 1228 5086 prob
1261 5015 1544 5086 quantum!
1591 5011 1931 5075 ostenderet,
1967 5021 2072 5063 non

505 5127 792 5174 contentus
811 5134 936 5181 uno,
973 5115 1228 5168 nimirum
1257 5120 1314 5164 ut
1344 5109 1500 5164 nobis
1528 5108 1890 5168 benefaceret,
1910 5102 2072 5158 etiam

509 5210 741 5264 alterum
775 5208 995 5277 adiecit,
1055 5206 1332 5262 cruciatus
1391 5199 1642 5256 videlicet
1706 5209 1928 5270 propter
1976 5211 2076 5251 nos

509 5318 661 5365 suos,
696 5316 831 5368 quos
855 5313 1018 5353 carne
1049 5312 1246 5366 passus
1276 5305 1378 5350 est.
1417 5293 1546 5346 Nam
1586 5291 1694 5345 tale
1717 5289 1976 5359 quiddam
1993 5295 2077 5342 est

511 5409 672 5448 verus
707 5406 863 5445 amor
889 5409 903 5444 :
940 5389 1070 5443 facit
1101 5398 1162 5442 ut
1191 5403 1380 5442 amans
1405 5387 1685 5440 continere
1711 5397 1771 5438 se
1800 5397 1904 5435 non
1939 5395 2073 5448 pos-

514 5490 610 5554 sit,
633 5485 762 5556 quin
788 5490 1010 5551 propter
1032 5479 1288 5534 dilectum
1324 5479 1584 5547 patiatur.
1616 5477 1792 5542 Atque
1823 5469 2075 5526 boemibi

507 5591 669 5654 caput
702 5575 1050 5634 demissionis
1073 5581 1129 5626 et
1163 5570 1446 5626 societatis
1473 5582 1600 5639 erga
1633 5581 1734 5621 nos
1771 5564 2078 5620 Salvatoris

505 5677 675 5734 nostri
707 5674 919 5728 videtur
966 5679 1103 5721 esse.
1137 5661 1269 5716 Nam
1303 5663 1346 5715 si
1386 5662 1528 5714 hunc
1583 5673 1823 5714 amorem
1893 5658 1942 5708 in
1982 5655 2078 5709 lto-

513 5768 751 5824 mini’ous
801 5763 966 5818 etiam
999 5756 1244 5814 invenire
1303 5754 1452 5818 licet,
1489 5765 1663 5820 neque
1718 5750 1814 5805 Dei
1870 5759 2077 5802 tantum

502 5873 692 5921 causa.
716 5860 817 5919 sed
844 5855 1128 5916 hominum
1148 5863 1390 5922 quoque,
1428 5855 1675 5906 mortuos
1719 5842 1926 5900 scimus
1977 5841 2076 5895 ali-

2179 4638 2345 4708 μόνῳ,
2383 4641 2476 4691 καὶ
2507 4637 2762 4710 νεύματι,
2797 4640 2906 4693 τῶν
2939 4639 3034 4692 τοῦ
3076 4639 3324 4694 διαδόλου
3357 4635 3566 4706 δεσμῶν
3590 4668 3604 4692 ο
3634 4623 3712 4678 καὶ

2175 4731 2272 4800 τῆς
2301 4731 2654 4802 τυραννίδος,
2709 4731 2976 4784 λύσασθαι
3027 4731 3088 4784 τὸ
3123 4732 3280 4799 γένος
3325 4731 3475 4802 ἡμῖν,
3523 4721 3610 4777 καὶ
3637 4715 3708 4769 διὶ

2177 4825 2395 4878 πάντων
2424 4824 2734 4894 εὐεργετεῖν
2756 4840 2768 4855 ο
2806 4824 2999 4878 παθεῖν
3038 4824 3092 4880 δὲ
3123 4824 3222 4878 οὐκ
3255 4823 3322 4877 ἂν
3349 4820 3478 4891 εἶχε,
3519 4815 3590 4885 μὴ
3625 4807 3708 4873 τῆς

2176 4916 2345 4984 αὐτῆς
2377 4917 2508 4987 ἡμῖν
2541 4916 2882 4984 κοινωνήσας
2923 4915 3134 4979 οὐσίας,
3164 4915 3237 4968 Τὸ
3281 4916 3326 4968 δ’
3349 4915 3440 4968 οὖν
3483 4909 3556 4968 είς
3581 4899 3705 4972 ἡμᾶς

2179 5010 2625 5079 ἐπιδεικνύμενος
2690 5009 2912 5078 φίλτρον
2972 5010 3137 5072 ὃσονς
3213 5008 3328 5062 Ούκ
3377 4998 3603 5075 ἠρκέσθη
3648 4988 3703 5058 ’τε

2178 5102 2415 5172 θατέρῳ,
2450 5100 2594 5166 λέγω
2651 5098 2722 5170 δὴ
2769 5099 2849 5170 τῷ
2902 5093 2960 5153 εὖ
3017 5100 3218 5161 ποιεῖν,
3267 5097 3403 5152 ἀλλά
3431 5092 3518 5147 καὶ
3572 5085 3702 5137 95m-

2180 5211 2274 5264 ρον
2319 5193 2656 5265 προσέθηκε.
2709 5189 2780 5244 τὰ
2847 5190 2915 5245 δι’
2974 5191 3120 5260 ἡμᾶς
3181 5193 3388 5243 ἐκείνου
3439 5180 3700 5265 παθήματα

2176 5263 2265 5340 διὰ
2295 5263 2394 5354 τῆς
2426 5283 2646 5352 σαρκός.
2680 5281 2935 5336 Τοιοῦτον
2983 5281 3092 5352 γὰρ
3132 5283 3158 5335 ό
3201 5281 3402 5350 ἀληθὴς
3429 5277 3576 5346 ἔρως.
3605 5263 3698 5316 Οὖκ

2179 5375 2467 5445 ἀνέχεσθαι
2503 5375 2648 5428 ποιεῖ
2671 5375 2762 5426 τὸν
2788 5372 3020 5444 ἐρῶντα,
3055 5372 3104 5424 εί
3132 5371 3208 5442 μὴ
3237 5373 3323 5425 διὰ
3347 5360 3434 5422 τὶν
3461 5361 3698 5445 ἐρώμενον

2181 5442 2362 5521 πάθοι.
2399 5467 2508 5520 Καὶ
2541 5463 2698 5518 τοῦτό
2740 5442 2832 5534 μοι
2861 5463 3007 5516 δοκεῖ
3047 5463 3108 5515 τὸ
3133 5461 3425 5531 κεφάλαιον
3465 5448 3591 5506 εἶναι
3616 5442 3696 5506 τῆς

2185 5557 2318 5628 πρδῖ
2348 5557 2494 5624 ἡμᾶς
2527 5555 2622 5608 τοῦ
2639 5554 2911 5625 Σωτῆρος
2939 5551 3396 5623 συγκαταὸάσεώς
3423 5562 3477 5599 τε
3498 5540 3579 5593 καὶ
3603 5546 3696 5628 tot:

2180 5615 2402 5712 melius:
2435 5615 2496 5701 El
2546 5649 2654 5717 γὰρ
2705 5649 2764 5700 ἐν
2798 5615 3110 5719 ἀνθρώποις
3151 5645 3298 5699 ἐστιν
3325 5615 3494 5714 εὑρεῖν
3521 5615 3692 5719 τουτονξ

2179 5741 2271 5794 τὸν
2294 5707 2492 5812 ἔρωτα,
2525 5707 2748 5808 καὶῚούχ
2778 5707 2917 5807 ὑπὲρ
2943 5735 3034 5790 τοῦ
3090 5707 3226 5789 θεοῦ
3275 5707 3446 5806 μόνον,
3473 5718 3592 5812 ἀλλά
3616 5707 3693 5765 κειὶ

2185 5810 2334 5902 ύπὲρῖ
2358 5831 2452 5887 ἀνθ
2465 5831 2662 5899 ρώπων
2688 5829 2970 5896 χαίροντές
3003 5843 3148 5889 τινες
3178 5828 3391 5886 τεθνᾶσι
3433 5810 3580 5876 πολλά
3603 5818 3688 5858 παο
