3990 6554
494 358 614 445 sas

503 493 610 549 que
647 474 1002 544 gesmtionem
1059 470 1245 525 oneris
1284 470 1508 527 minime
1568 485 1786 542 gravem
1827 481 2064 542 putaret,
2101 475 2143 531 Α

505 570 665 643 modo
701 566 983 636 deperdita
1011 579 1108 634 per
1138 577 1379 617 errorem
1408 562 1529 617 ovis
1577 562 1643 617 ad
1672 572 1899 617 caeteras
1930 562 2074 617 redi-

506 640 609 718 t'ct.
642 660 906 716 Fortasse
966 656 1109 724 quis,
1170 655 1384 723 opinor,
1422 653 1641 719 dixerit,
1686 640 1911 708 factum
1970 653 2073 708 hoc

510 753 836 811 admiratus,
866 762 1024 802 ovem
1049 746 1361 801 necessario
1391 746 1700 814 quaesitam,
1735 757 1787 801 et
1820 745 1874 799 in
1927 760 2075 819 qua:-

508 843 679 899 rendo
751 839 1029 895 molestias
1088 853 1197 892 non
1250 838 1348 892 abs
1376 853 1435 891 re
1466 838 1660 903 obitas,
1727 837 2074 908 quodamque

508 937 670 989 modo
697 933 1006 993 tolerandas
1027 930 1291 1000 quaerenti
1326 929 1516 984 fuisse.
1565 926 1762 984 Verum
1807 941 1927 996 qua:
1986 940 2074 980 res

434 1026 439 1029 ’
509 1010 645 1081 ιίνείι
694 1024 995 1087 utiuventa
1023 1022 1230 1078 ovicula
1255 1036 1361 1075 nun
1415 1036 1563 1097 more
1613 1020 1819 1091 vulgari
1852 1019 2075 1074 ducere-

508 1128 620 1183 tur,
656 1118 748 1173 sed
773 1116 826 1171 in
853 1115 1094 1171 humeris
1124 1121 1451 1184 portaretur,
1482 1127 1796 1183 quanquam
1825 1112 1939 1166 sola
1969 1128 2072 1166 ca:—

468 1214 479 1221 '
512 1222 658 1266 teras
685 1212 828 1264 inter
856 1223 984 1263 oves
1036 1206 1234 1276 negotii
1298 1214 1507 1260 tantum
1553 1204 1939 1260 exhibuisset?
1971 1203 2063 1259 Ni-

509 1302 709 1357 mirum
778 1302 879 1356 hoc
928 1298 1046 1369 ipso
1093 1296 1465 1357 demonstrari
1518 1296 1753 1361 videtur,
1796 1302 2070 1365 pastorem

510 1380 655 1447 hunc
706 1390 924 1460 plurimi
979 1389 1329 1444 securitatem
1377 1396 1617 1442 nostram
1673 1385 1874 1442 facere.
1928 1383 2071 1441 Prae-

510 1498 653 1539 terea
686 1483 813 1537 licet
839 1481 967 1536 hinc
999 1480 1161 1535 etiam
1218 1479 1348 1534 illud
1392 1479 1683 1543 aestimare,
1733 1477 1877 1547 quod
1925 1476 2073 1531 scili-

504 1586 588 1639 cet
615 1573 918 1629 errabunda
972 1571 1089 1627 ovis
1137 1571 1375 1635 iuventa,
1415 1570 1480 1624 de
1517 1570 1651 1640 ipsis
1695 1568 2073 1638 obvagationis

505 1665 864 1722 incommodis
896 1664 1095 1718 alllicta
1127 1662 1364 1730 graviter
1394 1660 1559 1716 fuerit
1592 1672 1648 1716 et
1680 1674 1802 1715 eum
1836 1660 1891 1713 in
1947 1673 2071 1713 mo-

504 1760 630 1812 dum
663 1756 875 1821 affecta,
902 1764 959 1809 ut
994 1771 1098 1808 non
1131 1752 1288 1807 facile
1316 1751 1513 1807 reverti
1542 1760 1744 1821 posset,
1769 1752 1863 1805 sed
1913 1750 2072 1804 auxi-

1688 352 2080 415 MANUELIS
2119 352 2569 416 PALEOLOGI

3712 348 3817 419 52!

2172 468 2386 540 χαλεπά
2436 465 2749 530 ἀκολούθοις
2789 465 2989 534 ἔπεισι,
3030 471 3124 524 καὶ
3180 470 3280 526 δεῖ
3316 485 3452 533 πως
3484 467 3691 540 φέρειν
3728 471 3817 524 τόν

2177 553 2529 631 γε’ζητοῦντα
2555 576 2568 589 ·
2600 558 2652 612 τί
2685 558 2742 612 δὲ
2770 554 2838 630 ἦν
2861 560 2919 613 τὸ
2947 565 3326 629 κατεπεῖγον,
3375 560 3535 629 μετά
3562 559 3628 612 τὸ
3661 559 3817 627 εὗρε-

2177 651 2338 721 θῆναι
2369 650 2428 703 ab
2464 649 2739 719 πρόϐατον
2763 689 2779 715 ,
2837 650 2937 704 ούκ
2982 652 3219 720 ἄγεσθαι
3275 651 3445 705 κατά
3476 651 3553 704 τὰ
3617 651 3814 714 πολλὰ,

2178 743 2294 796 ἀλλ’
2322 744 2415 796 ἐπὶ
2443 743 2551 797 τῶν
2574 743 2742 813 ὤμων
2780 745 3127 811 κομίζεσθαι,
3146 746 3387 817 καίπερ
3420 748 3679 799 τοσαῦτα
3712 765 3815 799 πα-

2180 834 2446 905 ρεσχηκὺς
2494 834 2797 904 πράγματα
2851 836 3012 904 μόνον
3055 837 3165 889 τῶν
3206 836 3421 890 ἄλλων
3464 836 3813 906 προϐάτωνς

2177 927 2287 980 Καὶ
2306 927 2458 981 δοκεῖ
2485 927 2643 981 τοῦτο
2673 925 2970 993 δεικνύναι,
2997 928 3121 981 ὅσον
3153 929 3301 998 περὶ
3326 927 3618 982 πλείστου
3650 932 3813 982 ποιεῖς

2175 1034 2264 1071 ται
2302 1019 2400 1087 τὴν
2453 1018 3103 1089 ήμετέραν,ἀσφάλειαν.
3142 1020 3411 1090 Προσέτι
3467 1019 3531 1073 δι
3592 1021 3816 1073 κάκεῖνο

2181 1110 2371 1180 μαθεῖν
2406 1108 2616 1174 ἔξεστιν
2646 1109 2755 1163 ἀπὸ
2775 1109 2990 1174 τούτου,
3014 1112 3096 1164 ὅτι
3121 1110 3183 1163 τὸ
3221 1109 3629 1181 πλανώμενον
3657 1112 3814 1178 εὕρε-

2177 1201 2268 1253 θὲν
2293 1200 2427 1254 πολὺ
2453 1202 2855 1272 τετριχωμένον
2892 1203 3136 1273 ὑπῆρχεν
3165 1204 3237 1257 ἐκ
3266 1203 3397 1255 τῶν
3430 1205 3543 1273 τῆς
3576 1203 3812 1273 πλάνης,

2178 1290 2358 1365 οῐμαι,
2391 1296 2578 1351 κακῶν
2597 1312 2613 1330 ⁸
2646 1299 2741 1349 καὶ
2770 1293 2839 1368 ἦν
2866 1293 2979 1352 οἷον
3012 1298 3086 1368 μὴ
3107 1298 3401 1355 δύνασθαι
3436 1300 3808 1372 ρᾳδίωςὲπα-

2176 1385 2489 1458 νέρχεσθαι,
2534 1387 2671 1444 ἀλλά
2697 1389 2796 1457 τῆς
2822 1389 2920 1443 τοῦ
2946 1389 3153 1458 ἀγαθοῦ
3192 1390 3499 1460 ποιμένος
3548 1393 3807 1463 δεόμενον

2176 1478 2498 1550 ἐπικουρίας
2518 1480 2598 1542 είς
2626 1478 2807 1534 τοῦτο.
2836 1481 2997 1543 Ἴσως
3018 1480 3140 1533 οὐδὲ
3167 1482 3492 1551 πρόθυμον
3516 1475 3591 1553 ἦν
3619 1483 3804 1537 τοσοῦ-

2173 1592 2266 1629 τον
2310 1576 2450 1646 πρὸς
2483 1574 2583 1646 τὴν
2610 1575 2842 1646 ἀρίστην
2887 1576 3148 1630 ἐπάνοδον
3173 1592 3187 1608 °
3225 1574 3265 1648 ἦ
3315 1576 3443 1645 γὰρ
3482 1575 3558 1631 ἀν
3608 1578 3806 1649 ἐχρῆτο

2175 1666 2288 1728 τοῖς
2315 1668 2493 1731 ποσὶν,
2524 1666 2649 1720 ὅσον
2672 1662 2782 1719 οἷόν
2811 1681 2891 1720 τε.
2910 1666 3129 1737 Ἐπειδὴ
3144 1665 3201 1717 δὲ
3222 1666 3408 1719 τοῦτο
3446 1665 3800 1735 μανθάνομεν

2174 1755 2295 1809 οὐδὲ
2340 1755 2470 1824 γοῦν
2500 1757 2734 1827 σμικρόν
2759 1772 2811 1810 τι
2857 1756 3083 1827 βαδίσαν
3111 1798 3124 1812 .
3183 1757 3429 1822 δόξειαν
3468 1757 3544 1811 ἂν
3578 1756 3797 1817 εἰκότως

505 1851 579 1905 lio
618 1850 744 1906 boui
774 1847 1012 1919 pastoris
1051 1844 1118 1900 ad
1153 1846 1256 1901 hoc
1308 1845 1594 1914 indigeret.
1652 1843 1909 1899 Fortasse
1969 1857 2073 1899 nec

2179 1845 2258 1900 ἔτι
2292 1822 2411 1911 πως
2437 1822 2561 1911 τοὺς
2610 1822 2908 1919 λογισμούς
2956 1848 3077 1917 δίχα
3110 1849 3490 1918 τεμνόμενον
3524 1842 3693 1903 εῖναι.
3732 1847 3792 1901 Ἥ

504 1942 728 2005 alacris,
760 1940 838 1994 uti
872 1939 1128 2004 debebat,
1160 1936 1416 2008 optimam
1448 1937 1513 1989 ad
1546 1936 1872 1990 reditionem
1926 1943 2069 2001 erat,

505 2051 629 2090 nam
661 2034 950 2104 caeteroqui
988 2032 1218 2102 pedibus
1242 2045 1341 2087 usa
1366 2044 1464 2099 pro
1495 2029 1639 2083 virili
1670 2028 1883 2084 fuisset.
1911 2027 2069 2084 Ideo-

505 2143 611 2197 que
635 2142 759 2182 cum
822 2139 1239 2195 cognoscamus.
1296 2136 1415 2177 eam
1471 2137 1537 2177 ue
1590 2122 1808 2191 paulum
1855 2119 2071 2190 quidem

504 2230 867 2287 progressam,
903 2232 1010 2271 non
1053 2213 1150 2269 abs
1184 2228 1244 2267 re
1276 2212 1446 2268 videri
1495 2212 1685 2283 possit,
1716 2212 2071 2282 cogitationes

505 2310 622 2379 ejus
682 2310 857 2363 adhuc
903 2307 1063 2376 quasi
1131 2304 1382 2360 bifariam
1430 2304 1600 2361 fuisse
1661 2304 1887 2359 divisas.
1932 2302 2066 2358 Nam

2176 1939 2286 2009 γὰρ
2328 1938 2590 2009 συνήθεια
2618 1940 2677 1994 τὸ
2707 1940 2879 1995 κακὸν
2913 1940 3176 2003 πολλάκις
3202 1940 3316 2011 ἡδὺ
3352 1943 3545 2005 ποιεῖ,
3584 1942 3682 1994 καὶ
3711 1940 3790 1993 δια

2174 2029 2346 2084 ταῦτα
2385 2032 2415 2084 δ
2447 2030 2619 2086 θέλων
2647 2030 2805 2086 τοῦτο
2834 2030 3096 2102 σωθῆναι,
3125 2031 3221 2085 ἐπὶ
3251 2032 3379 2086 τῶν
3413 2031 3601 2102 ὤμων
3636 2033 3782 2103 κομί·

2177 2120 2307 2186 ζων,
2322 2125 2437 2187 τοῖς
2457 2123 2614 2177 ποσὶν
2626 2124 2765 2194 ὑπὲρ
2780 2123 2991 2181 ἑκείνου
3014 2123 3329 2196 προθύμως
3350 2125 3665 2195 κέχρηται.
3688 2126 3782 2178 Καὶ

2176 2213 2362 2280 ἁπλῶς
2385 2216 2520 2285 πρὸς
2550 2215 2786 2281 ἅπαντα,
2807 2216 2951 2285 ἅπερ
2971 2216 3138 2285 ὲχρῆν
3159 2216 3265 2284 μὲν
3294 2219 3519 2284 ἐκεῖνο,
3538 2212 3781 2285 ούκῆνδὲ

2175 2303 2406 2376 δύναμις
2430 2306 2606 2362 ταῦτα
2639 2307 2923 2378 πράττειν,
2950 2306 3162 2361 οἴκοθεν
3188 2308 3367 2371 αὐτὸς
3406 2308 3779 2376 συνεισφέρει.

506 2405 844 2461 consuetudo
876 2403 1074 2458 malum
1105 2416 1247 2472 saepe
1285 2401 1583 2472 jucundum
1616 2400 1816 2466 reddit,
1884 2414 1947 2454 ac
1982 2408 2270 2471 propterea
2339 2401 2432 2473 qui
2489 2402 2757 2458 oviculam
2810 2416 3030 2458 servare
3091 2403 3340 2466 volebat,
3404 2403 3466 2457 in
3542 2400 3778 2456 humeris

511 2502 653 2557 illam
687 2507 930 2568 portans,
971 2495 1196 2567 pedibus
1232 2494 1349 2564 ipse
1386 2493 1500 2549 suis
1534 2492 1786 2547 alacriter
1808 2504 1938 2546 usus
1974 2506 2072 2561 pro
2102 2507 2166 2546 ea
2227 2490 2328 2546 fuit
2360 2508 2377 2548 :
2410 2493 2478 2549 ad
2540 2494 2721 2549 omnia
2774 2495 3011 2567 denique
3068 2494 3434 2565 simpliciter,
3509 2511 3635 2567 quae
3692 2494 3805 2550 illa“

505 2594 723 2670 quidem
757 2600 1018 2663 praestare
1037 2586 1286 2651 debebat,
1311 2585 1404 2641 sed
1443 2585 1663 2640 minime
1683 2592 1917 2655 poterat,
1941 2598 2158 2654 operam
2192 2584 2312 2658 ipse
2330 2602 2483 2642 suam
2524 2587 2767 2643 confert.

574 2687 813 2756 Quilibet
871 2698 1002 2755 ergo
1064 2680 1443 2751 resipiscentia
1512 2678 1708 2741 fretus,
1735 2677 1914 2746 ampla
1944 2693 2069 2735 cum

503 2796 600 2848 spe
622 2778 820 2833 bonum
844 2776 910 2828 ad
939 2776 1080 2828 hunc
1105 2781 1377 2842 pastorem
1405 2769 1652 2835 accedat,
1674 2768 1766 2838 qui
1798 2775 1851 2822 et
1878 2769 2076 2825 drach-

505 2886 651 2931 mam
719 2867 865 2922 illam
921 2865 1185 2939 perditam
1231 2860 1502 2932 quaasivit,
1536 2860 1760 2929 ejusque
1791 2860 2075 2930 reperiun-

504 2968 586 3021 do:
619 2975 779 3019 causa
815 2958 971 3017 valde
1000 2955 1282 3022 laboravit,
1310 2962 1363 3010 et
1393 2968 1513 3010 cum
1539 2967 1655 3008 eam
1678 2962 2073 3022 recuperasset,

505 3055 640 3111 tanti
676 3051 824 3107 dedit
858 3048 1055 3105 iudicia
1091 3046 1293 3120 gaudii,
1335 3052 1597 3115 quantum
1653 3060 1723 3102 ne
1751 3046 1826 3102 illi
1854 3043 2070 3113 quidem

504 3146 811 3218 percipiunt
833 3143 926 3213 qui
957 3142 1096 3196 bona
1120 3140 1354 3209 quadam
1369 3137 1589 3193 fortuna
1620 3140 1909 3195 thesauros
1935 3139 2074 3192 inter
2103 3164 2146 3222 ο

506 3237 818 3293 fodiendum
850 3233 1149 3301 reperiunt,
1186 3230 1309 3285 licet
1339 3230 1458 3285 auri
1497 3245 1687 3301 magna
1714 3232 1865 3298 copia
1902 3228 1994 3293 sit,
2022 3236 2076 3283 et

502 3344 769 3401 pauperes
788 3326 843 3380 hi
871 3323 1109 3396 quidem,
1151 3331 1205 3377 at
1242 3322 1393 3392 gravi
1431 3322 1675 3377 avaritiae
1708 3322 1897 3376 morbo
1929 3318 2075 3375 labo-

503 3431 725 3487 rantes;
791 3417 1035 3481 accedat,
1085 3415 1327 3484 inquam,
1374 3414 1440 3467 ad
1490 3427 1611 3467 eum
1666 3412 1758 3481 qui
1805 3411 1945 3469 ferre
1968 3426 2074 3466 non

500 3516 697 3586 potuit,
714 3524 771 3567 ut
801 3510 939 3564 illius
965 3507 1054 3562 ille
1072 3505 1330 3576 prodigus
1357 3507 1573 3559 domum
1593 3503 1824 3568 veniret,
1853 3502 2075 3573 quando

506 3613 891 3664 adventantem
930 3612 1109 3656 autem
1154 3606 1462 3668 acceperat,
1502 3597 1594 3652 sed
1623 3596 1690 3653 ad
1721 3606 2074 3666 conspectum

503 3701 647 3753 illius
666 3707 721 3753 ct
760 3708 1046 3751 occursum
1097 3691 1321 3761 prodiit,
1356 3702 1595 3758 eumque
1624 3686 1797 3743 multo
1824 3702 1946 3742 cum
1980 3686 2078 3741 lto-

505 3805 639 3846 nore
672 3786 905 3856 excepit,
953 3794 1007 3841 et
1044 3782 1318 3851 frequenti
1351 3780 1729 3849 complexnum
1790 3775 2077 3832 iteratione

504 3880 792 3952 quemdam
821 3873 1194 3932 admirabilem
1226 3872 1280 3927 in
1317 3871 1467 3925 illum
1500 3884 1741 3925 amorem
1775 3883 1840 3923 ac
1862 3868 2077 3923 deside-

503 3977 640 4029 rium
692 3969 1012 4034 declaravit,
1066 3976 1120 4022 et
1140 3966 1211 4022 ob
1244 3965 1362 4035 ejus
1386 3963 1644 4028 salutem,
1704 3960 2076 4017 celebritatem

504 4046 794 4134 quamdam
853 4074 1201 4118 communem
1256 4056 1523 4113 instituit:
1567 4057 1634 4109 ad
1678 4067 1799 4107 eum
1834 4052 2075 4114 accedat,

503 4158 594 4229 qui
623 4168 964 4227 nequaquam
983 4150 1329 4206 abominatus
1347 4158 1427 4205 est
1452 4156 1690 4202 scortum
1716 4144 1845 4198 illud
1876 4141 2076 4210 nobile,

504 4246 650 4318 quod
686 4248 859 4316 ipsum
898 4253 952 4299 et
981 4242 1279 4309 aspiciebat
1302 4249 1356 4294 et
1384 4237 1776 4303 contrectabat,
1805 4247 2078 4304 purosque

505 4340 671 4408 pcdcs
698 4337 814 4404 ejus
841 4333 1281 4396 exosculabatur,
1316 4340 1370 4385 et
1392 4330 1577 4384 multis
1608 4328 1828 4383 eosdem
1862 4327 2076 4398 rigabat

507 4428 786 4502 lacrymis,
818 4442 881 4483 ac
923 4426 1164 4480 vicissim
1204 4439 1399 4495 magno
1431 4423 1649 4493 pietatis
1676 4422 1857 4478 studio
1885 4421 2077 4491 capitis

2252 2682 2367 2745 ua;
2398 2698 2485 2741 τις
2516 2680 2611 2735 οὖν
2655 2684 2723 2752 τῇ
2764 2680 3106 2752 μεταγνώσει
3140 2682 3473 2757 θαρρήσας,
3507 2684 3774 2756 προσιέτω

2184 2776 2324 2844 μετὰ
2356 2775 2628 2844 λαμπρῶν
2666 2774 2775 2828 τῶν
2803 2775 3038 2829 ἕλπίδων
3085 2776 3164 2845 τῷ
3217 2777 3391 2848 καλῷ
3425 2778 3612 2847 τούτῳ
3660 2792 3775 2831 ποι-

2185 2867 2329 2938 μένι,
2360 2866 2436 2937 τῷ
2473 2868 2570 2921 καὶ
2593 2866 2692 2936 τὴν
2724 2866 3111 2937 ἀπολλυμένην
3136 2868 3412 2940 δραχμὴν
3449 2869 3766 2939 ζητήσαντι,

2181 2959 2278 3011 καὶ
2306 2957 2500 3029 κομιδῆ
2532 2958 2836 3029 μογήσαντι
2869 2959 3006 3029 πρὸς
3042 2959 3139 3030 τὴν
3167 2958 3408 3028 εὕρεσιν
3441 2960 3661 3029 ἐκείνης
3679 2957 3767 3012 καὶ

2181 3048 2354 3118 χαρὰν
2382 3048 2744 3118 ὲνδειξαμὲνῳ
2793 3048 3087 3119 τοσαύτην,
3123 3051 3295 3121 ἡνίκα
3328 3051 3548 3121 ταύτην
3578 3051 3767 3103 {arave-

2180 3141 2443 3208 κτήσατο,
2474 3140 2610 3208 ὅσην
2640 3139 2752 3191 οὐδ’
2786 3140 2836 3192 οι
2863 3140 3173 3211 θησαυροὺς
3201 3144 3260 3194 ἐν
3291 3141 3379 3212 τῷ
3407 3142 3663 3210 ὀρύττειν
3684 3136 3767 3192 εὕ-

2179 3231 2455 3300 ρίσκοντες
2492 3231 2553 3295 ἐξ
2597 3232 2807 3302 ἀγαθῆς
2835 3248 2982 3293 τινος
3020 3230 3213 3301 τύχης.
3266 3233 3489 3288 ὁπόταν
3595 3229 3762 3285 καὶ-εδ

2178 3323 2402 3392 χρυσίον
2428 3323 2611 3390 ἁδρὸν,
2663 3326 2757 3376 καὶ⁵
2800 3323 2908 3375 οἵδε
2952 3321 3064 3376 τῶν
3090 3324 3359 3394 πενήτων
3388 3326 3520 3393 μὲν,
3555 3321 3762 3392 μακρὴν

2177 3411 2234 3465 δὲ
2263 3412 2403 3467 πάνυ
2447 3413 2815 3485 φιλαργυρίαν
2866 3414 3168 3468 νοσούντων
3192 3430 3207 3447 ’
3244 3416 3332 3487 τῷ
3387 3416 3519 3485 μηδ’
3546 3411 3758 3480 ἀναμεί-

2179 3520 2331 3558 ναντι
2382 3505 2473 3558 τὸν
2509 3507 2720 3560 ἄσωτον
2773 3505 2944 3560 οἴκαδ’
2973 3506 3148 3559 ἐλθεῖν
3172 3547 3188 3572 ,
3239 3508 3562 3576 ἐπειδήπερ
3628 3505 3758 3572 ἔγνω

2177 3596 2367 3648 τοῦτον
2390 3596 2709 3667 ἐρχόμενον.
2738 3596 2874 3650 ἀλλά
2901 3598 2996 3652 καὶ
3021 3598 3158 3664 πρὸς
3182 3596 3283 3667 τὴν
3309 3599 3532 3652 ἐκείνου
3559 3596 3682 3648 θέαν
3700 3607 3753 3645 τε

2150 3687 2272 3739 ίκαὶ
2306 3688 2629 3756 συνάντησιν
2662 3687 2955 3754 ἐξελθόντι,
3011 3690 3105 3741 καὶ
3139 3688 3544 3759 ὑποδεξαμένῳ
3574 3685 3754 3739 τοῦτον

2179 3775 2349 3847 πολλῇ
2402 3779 2559 3847 τιμῇ,
2605 3779 2704 3832 καὶ
2733 3780 2855 3839 ταῖς
2889 3782 3115 3847 συχναῖς
3148 3780 3525 3849 περιπλοκαῖς
3553 3777 3753 3843 θαυμα-

2180 3867 2303 3919 στὸν
2349 3865 2713 3937 ἑνδειξαμένῳ
2762 3867 2858 3921 τὸν
2903 3869 3042 3938 πρὸς
3075 3869 3285 3924 ἐκεῖνον
3335 3869 3526 3939 ἔρωτά
3575 3883 3632 3918 τε
3662 3863 3749 3916 καὶ

2180 3956 2363 4022 πόθον,
2394 3956 2487 4009 καὶ
2517 3957 2701 4024 κοινὴν
2735 3957 3043 4030 πανήγυριν
3090 3957 3190 4028 τὴν
3224 3960 3447 4012 ἐκείνου
3482 3952 3747 4024 σωτηρίαν

2180 4046 2536 4116 πο.ησαμένῳ
2560 4063 2574 4077 υ
2613 4047 2689 4116 τῷ
2715 4048 2981 4117 μηδαμῶς
3007 4046 3391 4119 βδελυξαμένῳ
3428 4048 3532 4117 τὴν
3567 4046 3748 4112 ὀνομα-

2182 4137 2313 4206 στὴν
2342 4137 2464 4190 τότε
2493 4137 2720 4207 πόρνην,
2752 4136 2966 4207 δρῶσὰν
2994 4154 3053 4190 τε
3084 4139 3270 4203 αὐτὸν,
3296 4128 3400 4193 irati.
3440 4134 3743 4205 ἁπτομένην

2179 4227 2366 4291 αὐτοῦ,
2408 4230 2502 4282 καὶ
2526 4228 2652 4291 τοὺς
2679 4228 2985 4299 ἀχράντους
3012 4229 3179 4292 πόδας
3200 4229 3633 4299 καταφιλοῦσαν,
3658 4222 3741 4276 καὶ

2182 4319 2374 4390 συχνὸν
2406 4319 2465 4372 τδ
2519 4318 2755 4388 δάκρυον
2797 4319 2981 4373 αὐτῶν
3010 4323 3447 4389 καταχεύουσαν,
3491 4319 3587 4372 καὶ
3625 4316 3738 4373 ταῖς

2180 4409 2324 4478 θριξὶ
2348 4408 2448 4477 τῆς
2488 4408 2731 4478 κεφαλῆς
2759 4406 2819 4472 ἑξ
2841 4408 3020 4462 αὐτῶν
3047 4410 3431 4477 ὲκμάττουσαν
3459 4407 3615 4459 τοῦτο
3643 4401 3738 4455 ὑπὸ

506 4528 589 4580 sui
627 4486 839 4592 capillis
883 4535 976 4575 ras
1034 4516 1397 4586 abstergehat.
1442 4515 1507 4569 Et
1562 4523 1741 4569 tamen
1791 4529 1887 4582 per
1925 4514 2075 4569 istaec

2184 4501 2381 4571 πολλῆς
2411 4500 2718 4563 εὐλαϐείας.
2753 4498 2947 4555 Καίτοι
2989 4499 3077 4554 διὰ
3112 4500 3334 4555 πάντων
3368 4498 3613 4562 ἐκείνων,
3661 4486 3737 4552 οἷς

506 4614 711 4679 omnia,
737 4610 934 4681 quibus
958 4618 1085 4663 tunc
1118 4615 1325 4661 castum
1351 4605 1501 4659 illum
1527 4619 1768 4661 amorem
1814 4612 1959 4659 recte
1983 4603 2075 4657 de-

508 4705 773 4768 clarabat,
796 4717 920 4758 cum
958 4700 1109 4770 prius
1152 4697 1375 4752 libidine
1406 4694 1683 4765 ﬂagraret,
1716 4696 1918 4751 multos
1948 4711 2073 4765 per-

508 4796 740 4860 diderat,
768 4803 822 4848 et
844 4792 1076 4846 fortasse
1109 4788 1202 4858 qui
1229 4787 1434 4856 aliquid
1465 4801 1586 4842 esse
1620 4787 1954 4841 viderentur.
1981 4784 2074 4839 Ni-

506 4887 810 4943 hilominus
854 4885 994 4938 haue
1037 4880 1153 4952 ipse
1179 4893 1282 4933 non
1317 4876 1549 4946 repulit,
1578 4891 1676 4932 nec
1713 4878 2072 4946 impudentem

511 4995 576 5033 ac
611 4989 896 5050 procacem
945 4966 1259 5040 appellavit,
1305 4966 1398 5021 sed
1432 4965 1506 5020 illi
1549 4980 1764 5036 quoque
1796 4963 2075 5020 Pharisaco

510 5070 746 5138 prmlttlil
799 5067 888 5135 qui
933 5077 1129 5131 magna
1178 5059 1230 5114 in
1295 5058 1551 5128 opinione
1596 5057 1813 5112 virtutis
1838 5066 1976 5119 erat,
2012 5071 2076 5111 ac

514 5163 703 5216 laudes
753 5157 993 5227 denique
1021 5153 1288 5224 quasdam
1333 5152 1383 5207 ei
1415 5151 1625 5206 tribuit.
1656 5149 1799 5205 idem
1819 5159 1874 5204 et
1903 5149 2077 5218 publi-

511 5255 633 5312 cani
697 5252 1077 5310 humilitatem.
1124 5249 1169 5304 si
1222 5245 1440 5316 quidem
1484 5247 1554 5299 ita
1590 5242 1707 5300 erat
1757 5242 2075 5313 appellanda

512 5345 860 5419 propriorum
889 5340 1158 5395 malorum
1179 5338 1406 5410 agnitio,
1421 5337 1669 5407 pluribus
1684 5336 1855 5405 ipsius
1872 5334 2079 5390 delictis

511 5449 809 5508 cppnncns,
832 5432 1003 5497 magis
1030 5444 1152 5485 eum
1177 5429 1538 5500 justilicatum
1556 5442 1587 5483 e
1611 5429 1810 5497 templo
1836 5428 2077 5493 deduxit,

514 5544 674 5602 quam
702 5524 957 5587 alterum,
1003 5521 1098 5591 qui
1123 5528 1270 5575 recte
1292 5519 1507 5589 quidem
1554 5520 1783 5585 vixerat,
1824 5519 1917 5573 sed
1943 5531 2080 5573 actae

514 5620 772 5691 praeclare
803 5617 926 5669 vitae
956 5626 1116 5673 causa
1146 5611 1510 5680 superbiebat.
1544 5608 1786 5666 Ezechiae
1813 5611 2080 5681 lacrymas

515 5710 772 5774 admittit,
837 5714 892 5761 et
961 5702 1372 5758 conversionem
1452 5702 1546 5755 filii
1609 5702 1751 5771 ejus,
1809 5700 2077 5756 consimili

516 5804 677 5859 modo
705 5800 922 5865 factam,
963 5794 1109 5852 velut
1143 5792 1372 5849 aliorum
1409 5807 1574 5863 opera
1621 5792 1817 5877 eximia
1846 5792 2079 5849 libenter

2177 4594 2268 4647 τὸν
2297 4594 2552 4665 σώφρονα
2588 4594 2801 4647 ἐκεῖνον
2819 4592 3000 4662 ἔρωτα
3020 4593 3203 4657 καλῶς
3223 4594 3598 4653 ἐπεδείκνυτο,
3622 4589 3737 4639 dao-

2180 4686 2546 4740 λασταίνουσα
2576 4685 2795 4754 τοπρὶν,
2843 4684 2970 4747 τοὺς
2999 4672 3230 4747 πολλοὺς
3281 4685 3584 4744 ἀπώλεσεν,
3616 4679 3732 4733 ισως

2179 4778 2224 4832 δ’
2242 4779 2307 4831 ἂν
2326 4778 2543 4831 καὶτῶν
2566 4775 2866 4830 δοκούντων
2900 4771 3043 4829 εἶναι
3062 4793 3136 4829 τι.
3153 4774 3213 4828 '0
3231 4775 3276 4828 δ’
3302 4776 3404 4829 οὐκ
3421 4769 3732 4828 ἀπεσείσατο

2183 4870 2411 4938 ταύτην,
2442 4868 2563 4921 οὐδὲ
2592 4867 2786 4931 ἀναιδῆ
2813 4866 3081 4936 προσεῖπε
3112 4865 3206 4918 καὶ
3236 4864 3432 4939 ἰταμόν
3454 4879 3470 4895 ·
3494 4858 3625 4916 ἀλλά
3648 4853 3729 4905 καὶ

2178 4962 2273 5015 τοῦ
2301 4962 2597 5031 Φαρισαίου
2650 4958 2951 5030 προύθηκε,
2988 4958 3083 5011 τοῦ
3136 4957 3334 5012 πολλοῦ
3391 4947 3726 5025 νομιζομένου

2181 5053 2277 5124 τὴν
2318 5052 2542 5123 ἀρετὴν,
2577 5051 2669 5103 καί⁵
2695 5050 2817 5101 κατ’
2846 5049 3016 5117 αὐτῆς
3056 5047 3308 5118 ἐγκώμιά
3352 5064 3475 5101 τινα
3501 5043 3725 5110 clpam-

2182 5145 2348 5207 Οὗτος
2373 5143 2429 5195 δὲ
2456 5142 2549 5195 καὶ
2574 5139 2667 5194 τοῦ
2690 5136 2924 5192 τελώνου
2952 5138 3052 5208 τὴν
3070 5138 3420 5197 ταπείνωσιν.
3446 5129 3546 5198 εἴγ’
3568 5124 3722 5196 ἐχρῆν

2178 5237 2321 5291 οὓτω
2356 5233 2540 5288 καλεῖν
2571 5231 2671 5300 τὴν
2693 5229 2800 5282 τῶν
2832 5229 2983 5282 ἰδίων
3028 5227 3215 5280 κακῶν
3257 5227 3573 5293 ἐπίγνωσιν,
3592 5219 3723 5267 ἀντιο

2179 5324 2347 5385 τιθεὶς
2384 5324 2497 5384 τοῖς
2531 5321 2744 5382 πολλοῖς
2766 5318 2980 5374 ἐκείνου
3006 5314 3461 5387 πλημμελημασι,
3495 5307 3717 5374 statim"

2180 5432 2276 5483 γεν
2307 5414 2467 5467 αὐτὸν
2490 5415 2553 5466 ὲκ
2581 5411 2675 5466 τοῦ
2711 5409 2857 5480 ίεροῦ
2889 5408 3309 5478 δεδικαιωμένον
3344 5405 3483 5475 ὑπὲρ
3513 5400 3596 5453 τὸν
3639 5407 3721 5445 κα·

2179 5510 2286 5572 λος
2314 5507 2413 5578 μὲν
2448 5505 2772 5577 βεδιωκὸτα»
2837 5500 3051 5571 μεγάλα
3082 5500 3142 5552 δὲ
3170 5500 3512 5572 φρονήσαντα
3537 5488 3608 5557 τῷ
3631 5499 3715 5578 καῖ

2181 5605 2288 5668 λῶς
2312 5573 2483 5674 βιοῦν.
2518 5602 2746 5671 Δέχεται
2776 5598 2870 5652 τοῦ
2905 5595 3151 5660 Ἐζεκίου
3174 5597 3243 5649 τὰ
3262 5597 3492 5667 δάκρυα,
3531 5584 3615 5674 καὶ
3634 5573 3714 5631 τοῦ

2182 5670 2372 5761 παιδδς
2405 5695 2572 5750 αὐτοῦ
2592 5670 2705 5763 τὴν
2739 5689 3075 5761 ἐπιστροφὴν
3104 5690 3279 5759 ὁμοίῳ
3319 5688 3495 5759 τρόπῳ
3517 5670 3711 5763 γεῖενῖὶ·

2185 5774 2473 5859 μένηνὼς
2529 5785 2704 5841 ἄλλων
2760 5781 3039 5854 ἀριστείας
3088 5780 3437 5852 ησμενίσατο.
3489 5771 3588 5841 Τὴν
3619 5762 3711 5829 γὰρ
