3990 6566
242 354 388 421 525
1721 346 2010 411 ORATIO
2038 347 2134 409 v1.
3473 348 3576 414 526

249 472 606 544 ῖσόρῤοπον
643 470 854 524 ἔκτισιν
888 466 1042 536 ζητεῖ
1073 465 1182 519 τῶν
1229 462 1647 536 ἁμαρτημάτων
1701 466 1767 519 ἐκ
1794 466 1893 534 τῆς

2001 458 2245 530 accepit:
2271 453 2471 530 quippe
2498 459 2781 517 luitioaem
2834 460 3158 518 delictorum
3194 461 3339 519 velut
3363 465 3579 534 inquili-

245 567 687 637 προαιρέσεως
716 562 827 615 τῶν
877 559 1318 629 μετανοούντων
1374 558 1443 612 τὰ
1474 557 1529 611 δὲ
1566 557 1708 628 ἔργα
1752 562 1893 616 κατά

2001 554 2150 607 hrem
2186 553 2437 621 requirit,
2489 567 2556 608 ex
2585 551 2836 607 instituto
2865 554 3032 608 animi
3070 555 3513 624 resipiscentinm
3559 576 3574 622 ;

244 658 563 723 δύναμιν,
600 656 676 715 ὡς
704 654 805 706 κάν
839 654 953 715 τοῖς
981 650 1254 716 φθάσασιν
1282 650 1524 719 εἴρηται.
1562 650 1653 712 Ὠς
1678 650 1747 705 ἂν
1790 671 1893 723 μη-

1998 658 2164 713 opera
2221 659 2371 711 vero,
2403 660 2501 724 pro
2532 645 2758 710 viribus,
2790 646 2866 700 uti
2899 661 3061 713 supra
3098 662 3314 716 quoque
3368 649 3578 705 dictum

245 748 502 816 δαμῶς
536 747 630 817 ἐξῇ
662 745 1105 810 συνεισενεγκεῖν
1137 745 1233 796 καὶ
1280 741 1475 804 ταῦτα,
1511 742 1736 810 ἀρκέσει
1767 743 1893 796 τού-

1997 746 2115 794 cst:
2145 754 2265 808 qum
2298 753 2429 794 sane
2459 739 2504 794 si
2564 754 2908 809 nequaquam
2943 741 3105 795 simul
3162 740 3359 796 aﬂ'erre
3395 742 3578 809 liceat,

247 855 348 908 τῳ
388 840 511 892 καὶ
531 837 727 907 γνώμη
757 836 915 907 μόνη.
957 834 1115 890 Οῦτω
1154 851 1238 887 τοι
1281 834 1378 888 καὶ
1417 831 1512 887 τὸν
1553 832 1760 904 λῃστὴν
1797 837 1893 888 αύ-

1997 830 2114 899 ipsa
2149 832 2417 887 duntaxat
2449 831 2704 888 voluntas
2733 834 2782 888 ei
2814 830 3068 888 sulliciet.
3099 833 3191 887 Sic
3220 843 3276 888 et
3313 834 3577 891 latronem

249 932 335 1000 θη
348 933 551 1002 μερὺν
585 930 825 995 ἐδέξατο,
857 928 1063 998 μᾶλλον
1085 927 1140 979 δὲ
1165 926 1257 979 καὶ
1278 924 1552 995 αύθωρὸν,
1586 925 1636 979 εί
1670 924 1729 978 δὲ
1764 923 1893 994 βού-

1997 924 2149 978 illum
2179 924 2369 980 eodem
2401 925 2489 980 die
2528 925 2754 994 recepit,
2783 926 2865 980 vel
2895 925 3073 993 potius
3089 927 3278 982 eadem
3307 928 3461 992 hora,
3491 931 3581 984 vel

250 1021 360 1073 λετ
402 1039 489 1089 γε
510 1060 526 1087 ,
558 1022 655 1075 καὶ
685 1022 746 1074 ὲν
774 1020 992 1088 ἀκαρεῖ,
1026 1016 1292 1087 ὁμολογίᾳ
1338 1017 1608 1085 στόματος
1635 1018 1796 1087 μόνῃ,
1824 1016 1893 1072 δι’

1996 1012 2045 1069 εἰ
2076 1016 2277 1077 mavis.
2311 1017 2365 1070 in
2402 1027 2681 1072 momento
2718 1018 3000 1087 temporis,
3039 1033 3134 1088 per
3165 1019 3336 1076 solam
3370 1020 3584 1076 confes-

251 1114 339 1185 ἦν
383 1113 567 1167 οὐδὲν
594 1113 811 1181 ὑπέστη
842 1110 1016 1164 δεινὸν
1040 1148 1055 1173 ,
1101 1108 1212 1161 οὐδ’
1241 1104 1312 1180 ἦν
1358 1108 1507 1170 εἰκὸς
1556 1108 1890 1178 φοϐηθῆναι.

1995 1106 2208 1161 sionem
2230 1108 2362 1171 oris,
2389 1118 2612 1178 pmpter
2636 1124 2801 1177 quam
2822 1111 2954 1164 nihil
2983 1126 3281 1180 perpessus
3317 1123 3402 1168 est
3430 1113 3580 1175 mali,

254 1207 338 1259 τι
382 1206 519 1275 γὰρ
542 1205 640 1259 καὶ
664 1205 830 1258 πλέον
860 1195 937 1257 ὧν
970 1201 1203 1270 ἔπασχε,
1238 1201 1332 1254 καὶ
1355 1200 1524 1271 αὐτῆς
1549 1200 1649 1269 τῆς
1678 1202 1893 1269 ἀποφά-

1994 1211 2099 1252 nec
2150 1197 2430 1253 formidari
2467 1200 2764 1272 quidquam
2830 1216 2932 1269 par
2965 1212 3104 1257 erat.
3155 1202 3296 1270 Quid
3331 1205 3475 1258 enim
3506 1205 3581 1258 illi

257 1313 441 1362 σεως
499 1296 596 1350 τοῦ
627 1296 901 1360 θανάτου;
959 1293 1101 1348 Ἀλλ’
1137 1293 1326 1363 ἐπειδὴ
1371 1293 1557 1362 φωνῆς
1583 1287 1653 1362 ἦν
1686 1292 1893 1362 Κύριος

1997 1298 2239 1344 metuere
2262 1290 2437 1361 majus
2463 1301 2675 1359 poterat
2695 1308 2858 1362 quam
2887 1309 3009 1363 quae
3030 1296 3584 1363 tnncperpetiebatur

254 1389 413 1443 τότε
450 1389 647 1459 μόνης,
676 1388 880 1458 ταύτην
903 1386 1110 1448 πιστῶς
1137 1384 1705 1456 είσενηνοχὼς,αύτὸν
1734 1384 1893 1454 ἐκέρ-

1994 1391 2050 1438 et
2076 1383 2191 1451 ipsa
2226 1386 2417 1438 mortis
2439 1384 2757 1439 sententia?
2787 1386 2881 1439 sed
2912 1386 3041 1455 quia
3079 1387 3225 1441 vocis
3254 1397 3382 1443 tunc
3409 1389 3581 1444 solius

255 1481 426 1532 δανε
472 1478 566 1532 τὸν
602 1478 959 1548 παράδεισον,
989 1471 1158 1529 ἆθλον
1221 1472 1515 1544 μακαρίοις
1575 1471 1892 1542 ἀφωρισμέ·

1994 1472 2249 1528 dominus
2277 1485 2417 1536 erat,
2444 1489 2507 1528 ea
2530 1474 2761 1529 ﬁdeliter
2796 1476 3015 1542 collata,
3046 1478 3357 1546 paradisum
3394 1480 3573 1548 ipsum

259 1588 375 1623 νον
402 1589 424 1605 ο
464 1573 525 1625 ὃν
571 1589 638 1641 γε
694 1570 744 1623 οἱ
791 1570 1141 1637 προπάτορες
1185 1564 1515 1629 ἀπώλεσαν,
1570 1565 1669 1634 οὐχ
1699 1565 1892 1634 ὅτιπερ

1994 1563 2238 1618 lucratus
2290 1572 2396 1631 est,
2427 1565 2709 1633 premium
2751 1566 2926 1619 beatis
2969 1566 3343 1623 destinatum:
3411 1584 3573 1635 quem

260 1664 615 1733 ἐξήμαρτον
658 1664 739 1725 είς
771 1662 865 1714 τὸν
906 1659 1235 1730 εὐεργέτην,
1268 1656 1384 1710 ἀλλ’
1413 1657 1609 1724 ὅτιπερ
1637 1657 1892 1723 ἀπέγνω-

1994 1665 2258 1726 parentes
2287 1656 2367 1710 illi
2393 1657 2557 1726 primi
2591 1658 2849 1721 amisere,
2879 1674 2985 1712 non
3018 1659 3159 1727 quod
3191 1660 3454 1714 adversus
3484 1660 3579 1714 be-

266 1773 395 1810 σαν
420 1758 528 1821 τῆς
551 1757 704 1824 σφῶν
733 1754 915 1808 αὐτῶν
942 1751 1239 1823 σωτηρίας.
1267 1751 1329 1805 Εἰ
1369 1749 1479 1821 γὰρ
1508 1753 1585 1820 μὴ
1615 1749 1774 1803 τοῦτο
1795 1745 1886 1820 ἦν,

1996 1744 2337 1801 nefactorem
2382 1760 2545 1800 suum
2578 1746 2965 1817 deliquissent,
2994 1749 3088 1803 sed
3114 1749 3261 1818 quod
3293 1747 3362 1802 de
3399 1750 3579 1804 salute

268 1846 399 1901 οῦκ
441 1847 511 1901 ἂν
548 1846 721 1916 ’Δδάμ
763 1846 859 1899 ἐπὶ
899 1846 1003 1909 τὴν
1054 1845 1318 1911 γυναῖκα,
1355 1842 1541 1911 ἐκείνη
1571 1841 1631 1895 δὲ
1663 1842 1758 1894 επὶ
1797 1841 1889 1892 τὸν

1994 1853 2089 1894 sua
2127 1838 2535 1907 desperassent.
2598 1838 2734 1894 Nam
2760 1841 2989 1911 absque
3033 1842 3138 1895 hoc
3203 1840 3431 1908 fuisset,
3467 1858 3577 1899 nou

267 1938 452 2008 ὅφιν,
478 1937 577 2003 τὴν
602 1938 700 2006 τῆς
736 1936 1101 2005 παραόάσεως
1149 1933 1332 1989 αἰτίαν
1369 1932 1695 1988 ἀνετίθεσαν
1717 1948 1731 1963 ο
1768 1930 1887 1985 ἀλλ’

1994 1931 2233 1986 Adamus
2257 1931 2310 1987 in
2338 1945 2590 1998 uxorem,
2625 1932 2716 1986 illa
2737 1946 2930 1988 rursus
2957 1933 3012 1987 in
3033 1943 3368 2004 serpentem,
3396 1946 3580 1992 trans-

270 2030 627 2099 ὡμολόγουν
656 2028 756 2099 μὶν
782 2028 842 2081 τὸ
868 2028 1065 2093 κακὸν,
1089 2024 1503 2096 προσήγγελλον
1526 2024 1585 2077 δι
1630 2022 1887 2085 ἑαυτοὺς,

1994 2021 2287 2091 gressionis
2328 2021 2573 2097 culpam,
2601 2022 2986 2101 contulissent,
3040 2024 3135 2077 sed
3181 2023 3423 2079 confessi
3452 2027 3578 2081 dili-

272 2123 394 2176 καὶ
422 2121 674 2192 ἀπῄτουν
718 2118 818 2190 τὴν
845 2117 1137 2189 διόρθωσιν
1172 2117 1281 2170 ἀπὸ
1315 2116 1519 2181 παντὸς
1546 2114 1775 2185 τρόπου.

1994 2125 2161 2178 ctum,
2191 2114 2403 2183 seipsos
2437 2129 2561 2171 reos
2608 2114 2875 2172 fecissent
2896 2117 3160 2188 omnique
3195 2123 3358 2176 modo
3394 2134 3579 2177 emcn-

1825 2238 1839 2250 .
1990 2203 2268 2259 dationem
2298 2204 2657 2277 ﬂagitassent.

380 2297 528 2352 Ἀλλ’
558 2297 648 2351 ῐνα
670 2297 749 2367 μὴ
774 2298 842 2367 τῇ
866 2296 1023 2368 χρεία
1051 2296 1160 2350 τῶν
1179 2295 1355 2364 λόγων
1386 2299 1415 2350 ὁ
1454 2294 1647 2368 χρόνος
1674 2296 1777 2350 οὐκ
1800 2296 1888 2362 ἐξο-

2018 2362 2027 2367 _
2064 2294 2263 2353 Verum
2285 2313 2351 2353 ne
2374 2300 2640 2356 orationis
2663 2302 2792 2357 usui
2835 2312 3049 2376 tempus
3077 2308 3260 2378 ipsum
3289 2309 3433 2364 haud
3467 2311 3580 2365 sul—
3652 2300 3655 2301 ν

276 2390 536 2462 αρκέσῃ,
593 2387 998 2452 τάςςάϐύσσους
1034 2385 1143 2441 τῶν
1197 2386 1460 2441 τοιούτων
1506 2384 1769 2456 ἐρευνῶν,
1820 2383 1890 2438 τά

285 2483 407 2551 μὲν
442 2480 616 2535 πολλά
642 2479 748 2533 τῶν
771 2480 866 2532 ἐπὶ
885 2468 1042 2533 τοῦτο
1069 2477 1347 2549 φερόντων
1381 2475 1643 2547 παρίημι,
1672 2474 1762 2527 ὅτε
1796 2473 1892 2529 καὶ

283 2576 422 2636 τοῖς
462 2571 784 2642 εἰρημένοις
813 2571 1000 2633 αὐτοῖς
1029 2569 1344 2642 ἀρκούντως
1386 2562 1541 2639 οἶμαι
1593 2564 1887 2635 δεδεῖχθαι,

287 2664 333 2719 ἆ
373 2681 467 2735 μοι
523 2664 722 2727 σκοπὸς
752 2659 822 2734 ἦν
850 2661 1090 2733 ἑξαρχῆς
1115 2678 1128 2694 ’
1166 2662 1347 2715 ἐκεῖνο
1373 2658 1421 2713 δ’
1449 2658 1517 2714 ἂν
1550 2657 1664 2721 τοῖς
1714 2655 1890 2711 ἆπασι

293 2753 812 2825 συμὸουλεύσαιμι,
860 2754 957 2807 καὶ
994 2752 1106 2824 πρὸ
1150 2752 1374 2806 πάντων
1417 2749 1680 2819 ἐμαυτῷ,
1720 2763 1891 2817 προσ-

286 2848 532 2920 δραμεῖν
564 2850 624 2902 ἑν
656 2848 922 2918 μετανοίᾳ
954 2847 1048 2900 καὶ
1099 2846 1337 2915 δάκρυσι
1367 2844 1446 2913 τῷ
1477 2840 1734 2897 καλοῦντι
1762 2841 1892 2905 τοὺς

286 2939 666 3011 ἁμαρτωλοὺς
687 2941 766 3002 εἰς
792 2938 1106 3009 μετάνοιαν,
1135 2937 1264 3001 τοὺς
1284 2934 1556 3005 διψῶντας
1582 2933 1676 2987 ἐπὶ
1696 2932 1757 2986 τὸ
1781 2932 1890 2997 ζῶν

292 3033 474 3102 ὕδωρ,
496 3030 589 3083 ἐπὶ
615 3030 707 3083 τὸν
735 3028 974 3100 χρηστὸν
1002 3026 1169 3096 ζυγὸν
1200 3029 1299 3080 καὶ
1328 3025 1390 3078 τὸ
1421 3025 1646 3095 φορτίον
1673 3026 1735 3076 τὸ
1764 3021 1889 3076 ἐλα-

292 3124 440 3196 φρὸν
470 3125 598 3187 τοὺς
629 3122 939 3185 κοπιῶντας
973 3120 1070 3173 καὶ
1112 3118 1587 3189 πεφορτισμένους
1617 3116 1768 3188 πόνῳ
1795 3117 1893 3170 καὶ

1992 2388 2160 2454 liciat,
2221 2390 2350 2443 dum
2411 2390 2728 2460 bujusmodi
2778 2409 2964 2451 rerum
3014 2397 3244 2467 abyssos
3279 2398 3575 2470 investigo.

1991 2478 2294 2549 complura,
2342 2494 2463 2548 quae
2503 2481 2608 2538 huc
2662 2494 2913 2553 spectant
2952 2488 3170 2554 omitto,
3221 2490 3442 2559 quando
3481 2506 3580 2560 per

1993 2570 2255 2627 hactenus
2307 2571 2546 2627 indicata
2578 2576 2713 2631 satis
2754 2584 2973 2633 ostensa
3012 2591 3142 2649 puto
3174 2598 3296 2652 quae
3324 2583 3574 2641 abinitio

1990 2664 2267 2732 proposita
2292 2664 2450 2720 nobis
2471 2675 2651 2721 erant.
2682 2665 2798 2723 Hoc
2826 2670 3049 2740 quidem
3078 2674 3354 2730 universis
3376 2692 3578 2730 consu-

1993 2751 2170 2821 luero,
2192 2754 2536 2825 etimprimis
2563 2757 2813 2814 mihimet
2837 2761 2965 2831 ipsi,
3001 2770 3061 2817 ut
3101 2763 3155 2818 in
3192 2766 3577 2836 resipiscentia

1991 2856 2047 2900 et
2083 2844 2346 2915 lacrymis
2398 2849 2469 2902 ad
2510 2861 2635 2904 eum
2678 2867 2991 2919 curramus,
3022 2856 3113 2926 qui
3138 2868 3464 2927 peccatores
3497 2866 3567 2912 ait

1993 2937 2425 3006 resipiscendum
2463 2941 2700 3012 invitat;
2737 2944 2991 3015 sitientes
3018 2948 3087 3002 ad
3135 2965 3332 3020 aquam
3358 2953 3576 3018 vivam;

1990 3027 2170 3085 fessas
2201 3040 2257 3086 et
2296 3044 2556 3107 oneratos
2615 3034 2806 3094 dolore
2841 3041 3191 3112 poudereque
3244 3045 3479 3113 peccati,
3510 3050 3578 3101 ad

1996 3122 2338 3177 commodum
2369 3121 2558 3192 jugum
2590 3135 2645 3180 et
2676 3140 2819 3182 onus
2852 3129 2969 3183 leve
2997 3145 3013 3195 ;
3068 3132 3136 3185 ad
3164 3147 3286 3187 eum
3317 3134 3407 3203 qui
3455 3135 3579 3189 aui-

290 3188 460 3287 ἀχθει
484 3217 586 3288 τῆς
604 3215 884 3287 ἁμαρτίας
910 3231 924 3245 ’
958 3212 1036 3284 τῷ
1063 3215 1183 3276 ταῖς
1200 3188 1504 3282 ἡμετέραις
1527 3210 1728 3281 ψυχαῖς
1751 3225 1893 3279 παρ-

1996 3212 2100 3268 mis
2130 3215 2331 3270 nostris
2384 3218 2653 3272 malorum
2688 3221 2928 3276 remedia
2971 3238 3080 3277 non
3131 3225 3293 3280 modo
3323 3228 3496 3296 gratis
3527 3237 3583 3284 et

296 3310 553 3382 εχομένφ
600 3311 957 3379 τάλεξιτήρια
1008 3306 1117 3361 τῶν
1153 3305 1339 3361 κακῶν
1384 3306 1447 3359 οὒ
1484 3305 1648 3377 μόνον
1689 3304 1895 3375 προῖκα

296 3405 400 3458 καὶ
450 3401 670 3473 ἀμισθὶ,
709 3402 846 3456 ἀλλὰ
906 3401 1000 3454 καὶ
1051 3399 1216 3469 χάριν
1269 3398 1623 3466 γινώσκοντι,
1663 3397 1717 3451 εἴ
1746 3413 1895 3460 τινες

298 3499 451 3551 αύτὰ
482 3495 767 3559 δέξαιντο·
796 3495 857 3558 ὃς
906 3493 1010 3546 οὐκ
1046 3491 1326 3562 ἐξεδέχετο
1362 3493 1543 3562 μένων
1578 3489 1719 3543 οίκοι
1769 3488 1915 3552 τοὺς.

1998 3303 2211 3375 absque
2250 3307 2425 3377 pretio
2466 3310 2807 3379 suppeditat,
2860 3329 3049 3370 verum
3091 3317 3257 3373 etiam
3315 3319 3359 3373 si
3393 3322 3483 3391 qui
3513 3335 3578 3375 ea

1997 3396 2286 3466 recipiant,
2328 3401 2559 3468 gratiam
2617 3402 2812 3470 habet;
2852 3406 2945 3475 qui
3000 3422 3108 3462 non
3142 3408 3289 3464 domi
3322 3426 3577 3477 manens,

1997 3489 2349 3558 exspectabat
2378 3492 2497 3562 opis
2538 3492 2896 3564 impetrandae
2945 3511 3110 3553 causa
3153 3510 3438 3567 venturos,
3474 3512 3573 3558 aut

290 3588 671 3657 ἀφιξομένους
699 3585 772 3650 ὡς
806 3584 970 3639 αὑτὸν
1016 3584 1156 3653 ὑπὲρ
1189 3581 1517 3652 θεραπείας,
1552 3580 1587 3650 ἦ
1639 3579 1771 3649 γοῦν
1802 3580 1893 3633 τὸν

1994 3580 2191 3636 saltem
2207 3583 2442 3654 aliquem
2462 3600 2522 3642 se
2549 3598 2867 3644 vocaturum
2891 3594 3577 3661 etareessiturum,eorum

300 3684 612 3735 καλέσοντα
664 3678 758 3733 καὶ
794 3675 1298 3749 μεταπεμψάμενον
1331 3673 1478 3727 κατά
1509 3673 1637 3735 τοὺς
1663 3673 1776 3724 τῶν
1813 3673 1893 3725 ία-

2001 3675 2335 3732 medicorum
2365 3692 2517 3734 more
2547 3680 2637 3748 qui
2672 3694 2996 3736 succurrere
3029 3684 3415 3741 laborantibus
3447 3703 3577 3757 pos-

297 3773 450 3842 τρῶν
481 3774 705 3842 νόμους,
735 3770 969 3824 τουτωνὶ
983 3768 1093 3822 τῶν
1123 3764 1445 3837 δυναμένων
1471 3763 1710 3835 ἀμύνειν
1735 3780 1751 3797 ·
1776 3762 1897 3817 ἀλλ’

301 3868 466 3930 αὐτὸς
495 3865 584 3918 ἀεὶ
610 3864 1047 3934 παρερχόμενος,
1081 3862 1212 3925 τοὺς
1244 3858 1438 3933 χρείαν
1470 3857 1698 3929 ἔχοντας
1729 3856 1895 3910 αὐτοῦ

296 3957 695 4026 προύκαλεῖτο,
738 3953 1072 4027 παρεκάλει,
1112 3952 1393 4020 μετεδίδου
1424 3949 1629 4013 παντὸς
1657 3948 1894 4019 ἀγαθοῦ,

298 4056 398 4105 καὶ
430 4046 492 4104 εῦ
542 4050 714 4103 ποιῶν
760 4065 825 4117 γε
857 4047 1070 4110 πάντας
1120 4044 1271 4114 ἑξῆς,
1306 4043 1474 4106 εὐθὺς
1509 4042 1691 4097 αὐτῶν
1722 4042 1898 4114 ἀπηλ-

296 4145 553 4209 λάττετο,
582 4142 671 4197 ἵνα
708 4142 785 4213 μὴ
816 4139 1009 4212 μισθὸν
1035 4139 1186 4195 ἄκων
1211 4136 1390 4192 λάθοι.
1423 4137 1559 4190 Τίνα
1584 4134 1649 4206 δὴ
1683 4134 1893 4201 τοῦτονς

236 4280 242 4285 .
301 4238 413 4308 Τὴν
472 4235 696 4289 ἱκείνων
736 4233 1017 4306 εὐφημίαν
1082 4232 1224 4305 μετά
1277 4230 1492 4300 κρότων
1540 4229 1893 4299 γιγνομένην.

300 4328 586 4400 λαίρομεν
611 4325 787 4381 τοίνυν
820 4324 963 4395 όμοῦ
997 4323 1216 4387 πάντες.
1240 4322 1364 4376 Τῶν
1395 4323 1506 4394 γάρ
1538 4323 1627 4386 εἰς
1660 4318 1896 4375 ἐκεῖνον

304 4420 799 4476 πεπιστευκότων
843 4419 921 4472 οὐ
970 4416 1262 4487 ,λογίζεται
1298 4415 1370 4470 τὰ
1403 4412 1797 4485 ἁμαρτήματα
1819 4452 1836 4478 ,
1867 4414 1896 4466 ό

1998 3772 2156 3833 sunt,
2184 3770 2278 3820 sed
2304 3769 2535 3837 ipsemet
2550 3784 2769 3839 semper
2803 3772 3082 3840 prodiens,
3105 3774 3163 3828 in
3200 3779 3447 3832 transitu
3483 3794 3580 3835 eos

1998 3858 2091 3926 qui
2122 3870 2226 3925 ope
2281 3857 2457 3927 ipsius
2513 3859 2842 3943 indiger‘ent,
2894 3863 3196 3931 invitabat,
3230 3868 3576 3936 hortabatur,

1999 3952 2293 4022 participes
2315 3951 2494 4006 omnis
2525 3951 2658 4009 boni
2693 3954 2956 4010 reddebat
2978 3971 2993 4021 ;
3013 3968 3062 4011 et
3089 3968 3373 4028 postquam
3401 3964 3581 4017 omni-

1997 4042 2099 4098 bus
2122 4042 2498 4109 benefecisset,
2516 4059 2639 4100 mox
2663 4046 2729 4101 ab
2751 4046 2832 4102 eis
2854 4046 3188 4114 discedebat,
3212 4065 3278 4106 ne
3296 4054 3579 4121 praemium

1999 4136 2207 4192 invitus
2250 4136 2548 4205 acciperet.
2603 4137 2888 4207 Quodnam
2945 4140 3117 4195 illud?
3171 4143 3419 4213 Ipsorum
3454 4161 3578 4200 cum

1999 4229 2191 4299 plausu
2221 4227 2458 4284 faustam
2490 4230 2962 4287 acclamationem.
3009 4231 3200 4303 Itaque
3228 4234 3336 4289 lacti
3372 4237 3583 4306 puriter

1998 4336 2192 4378 omnes
2222 4323 2417 4377 simus.
2452 4322 2589 4378 Nam
2615 4324 2725 4378 illis
2751 4325 2839 4396 qui
2873 4326 3209 4380 crcuiderunt
3229 4327 3283 4382 in
3300 4344 3439 4392 eum,
3458 4346 3583 4398 pec-

2000 4423 2119 4469 cata
2142 4430 2248 4469 non
2268 4416 2601 4485 imputantur
2621 4416 2660 4483 ‘,
2682 4417 3159 4489 inquitapostolus
3186 4418 3408 4477 Paulus.
3432 4422 3584 4479 lianc

302 4510 600 4573 ἀπόστολος
626 4509 834 4572 Παῦλος
864 4504 1011 4561 εἷπε.
1045 4506 1266 4578 Ταύτην
1295 4506 1353 4559 δὲ
1394 4506 1567 4576 δήπου
1605 4505 1704 4575 τὴν
1731 4502 1893 4574 χάριν

2000 4521 2129 4561 vero
2171 4507 2400 4575 gratiam
2436 4507 2602 4563 semel
2639 4509 2859 4578 quidem
2917 4509 3074 4565 nobis
3126 4512 3241 4579 ipse
3278 4510 3585 4580 baptismus

300 4600 485 4660 δίδωσι
513 4604 613 4673 μὲν
642 4601 791 4667 ἅπαξ
820 4602 881 4656 τὸ
908 4601 1216 4672 βάπτισμα,
1239 4598 1426 4653 δίδωσι
1447 4598 1506 4651 δὲ
1534 4598 1569 4668 ἡ
1597 4596 1887 4667 μετάνοια,

300 4697 500 4766 ἐκείνῳ
552 4711 616 4763 γε
654 4693 997 4765 βοηθουμινη
1052 4691 1131 4763 τῷ
1164 4690 1403 4761 λουτρῷ,
1457 4689 1651 4752 ὁσάκις
1688 4689 1754 4744 ἀν
1802 4703 1888 4750 τις

301 4789 546 4857 γνησίως
578 4787 763 4857 ἐκείνῃ
794 4788 1081 4856 χρήσαιτο.
1130 4784 1297 4858 ὀς-,τε
1330 4782 1539 4844 ἐκεῖνος
1563 4779 1767 4849 ἀγαθὸς
1794 4778 1891 4833 καὶ

303 4881 417 4940 τοῖς
458 4878 706 4946 ἀγαθοῖς,
740 4879 837 4930 καὶ
877 4878 991 4939 τοῖς
1036 4877 1112 4946 μὴ
1150 4873 1437 4936 τοιούτοις.
1502 4872 1614 4924 Καὶ
1666 4870 1784 4934 πῶς
1827 4870 1890 4922 ού

304 4973 514 5035 πάντας
545 4970 761 5041 χαίρειν
789 4971 892 5034 δεῖ,
929 4969 1170 5023 τοιοῦτον
1204 4968 1427 5039 ἔχοντας
1451 4965 1744 5034 δεσπότην,
1778 4957 1891 5017 οἷον

300 5067 329 5118 ό
364 5065 523 5132 λόγος
554 5065 684 5135 ἡμῖν
715 5062 889 5127 ἔδειξε
915 5078 932 5127 ;
963 5060 1183 5114 Μᾶλλον
1220 5060 1279 5121 δὲ
1334 5054 1447 5111 οἷον
1512 5056 1621 5109 οὐδ’
1688 5055 1755 5108 ἂν
1811 5049 1893 5116 εἷς

302 5157 476 5222 ἔδειξε
506 5158 684 5226 λόγος,
731 5155 842 5211 οὐδ’
873 5155 941 5209 ἂν
973 5151 1236 5224 συνῆλθον
1283 5150 1421 5221 όμοῦ
1456 5152 1557 5206 καὶ
1587 5147 1697 5202 τῶν
1726 5147 1893 5216 ἀγγέ-

304 5252 435 5315 λων,
470 5251 568 5303 καὶ
604 5250 712 5305 τῶν
753 5246 1064 5318 ἀνθρώπων
1090 5247 1147 5299 αἱ
1187 5245 1455 5312 γλῶσσαι.
1489 5243 1564 5298 Οὐ
1617 5242 1725 5311 μὴν
1773 5237 1892 5294 ἀλλ’

304 5345 452 5395 ἐστιν
475 5342 535 5394 ἓν
561 5357 616 5395 τι
643 5342 738 5395 καὶ
764 5341 956 5394 λυπεῖν
984 5339 1135 5403 ἀξιον
1166 5337 1297 5401 τοὺς
1322 5336 1382 5400 ἐξ
1408 5334 1687 5405 ἁμαρτίας
1724 5348 1893 5403 μετα-

304 5434 632 5504 νοήσαντας,
673 5434 767 5486 καὶ
803 5435 899 5502 τῆς
941 5432 1173 5503 ἀπείρου
1205 5429 1626 5501 φιλανθρωπίας
1657 5442 1891 5496 τετυχη-

304 5526 493 5588 κότας.
529 5526 593 5579 Τί
619 5526 818 5592 τοῦτο;
852 5525 928 5580 Τὸ
964 5526 1301 5596 μεμνῆσθαι,
1334 5525 1413 5586 είς
1446 5516 1560 5575 οἷον
1590 5522 1718 5575 δντα
1752 5520 1894 5583 πρὸς

1999 4597 2213 4663 tribuit,
2249 4598 2345 4651 sed
2404 4598 2593 4653 tribuit
2634 4608 2690 4654 et
2725 4600 3105 4671 resipiscentia
3133 4616 3467 4660 succurrens
3507 4606 3583 4658 illi

1999 4690 2240 4755 lavacro,
2270 4691 2484 4759 quoties
2515 4705 2578 4746 ea
2612 4707 2872 4761 germane
2897 4696 2989 4763 qui
3017 4710 3144 4751 usus
3175 4696 3364 4751 fuerit.
3396 4698 3585 4769 Itaque

2000 4777 2181 4831 bonus
2206 4786 2292 4833 est
2342 4777 2461 4847 ipse
2505 4787 2614 4833 tam
2645 4780 2804 4835 bonis
2833 4797 2995 4849 quam
3032 4798 3143 4837 non
3176 4785 3355 4841 bonis.
3384 4788 3450 4841 Et
3473 4804 3585 4858 quo
3626 4846 3636 4857 ,

1999 4878 2160 4940 pacto
2187 4883 2294 4924 nou
2318 4884 2509 4927 omnes
2532 4870 2686 4926 laetos
2717 4888 2839 4928 esse
2862 4875 3138 4940 convenit,
3158 4877 3252 4944 qui
3279 4878 3439 4933 talem
3483 4882 3585 4936 lio-

2001 4964 2207 5019 minum
2228 4965 2524 5019 habeamus
2548 4965 2760 5033 qualem
2795 4958 3032 5036 ostendit
3056 4970 3255 5035 oratio,
3282 4970 3371 5025 sel
3394 4976 3579 5041 patius

1970 5057 2219 5126 .qualem
2242 5056 2390 5111 nulla
2425 5056 2598 5125 possit
2625 5056 2919 5112 ostendere
2941 5059 3143 5126 oratio,
3173 5076 3240 5115 ne
3274 5065 3492 5131 quidem
3534 5066 3580 5120 si

1972 5136 2201 5217 .coeant
2239 5147 2294 5201 in
2332 5161 2497 5201 unum
2532 5160 2727 5201 omnes
2760 5156 2816 5201 et
2852 5148 3175 5218 angelorum
3207 5163 3264 5207 et
3291 5154 3577 5211 hominum

1999 5236 2239 5308 linguai?
2276 5235 2384 5292 Sed
2424 5244 2605 5292 tamen
2629 5252 2795 5293 unum
2827 5239 3035 5309 aliquid
3062 5249 3148 5296 est
3175 5245 3319 5313 quod
3349 5263 3455 5302 non
3480 5249 3580 5303 abs

1999 5345 2061 5384 re
2099 5328 2342 5383 dolorem
2376 5328 2481 5383 illis
2508 5328 2692 5396 allert,
2716 5330 2810 5399 qui
2838 5345 2907 5386 ex
2930 5346 3159 5400 peccato
3207 5338 3578 5407 resipuernnt,

1996 5436 2053 5478 et
2117 5422 2261 5477 illius
2301 5422 2527 5479 inﬁnitae
2559 5424 2866 5480 clementia:
2916 5427 3211 5498 participes
3274 5432 3400 5485 lacti
3430 5444 3580 5488 sunt.

1995 5514 2138 5580 Quid
2170 5513 2359 5568 istuc?
2407 5512 2563 5580 Quod
2612 5516 2973 5572 recordantur
3005 5518 3061 5572 in
3100 5520 3316 5589 qualem
3362 5537 3487 5590 erga
3521 5536 3583 5576 se

301 5618 501 5679 αὐτοὺς
529 5617 881 5689 ὲξυδρίκασι.
906 5618 1016 5671 Καὶ
1040 5620 1091 5672 τί
1143 5617 1210 5673 ἀν
1237 5613 1406 5690 ἦσαν,
1441 5612 1518 5686 μὴ
1545 5612 1707 5668 τοῦτο
1747 5612 1892 5686 πρά-

1994 5605 2260 5695 ﬂagitiose
2288 5620 2348 5677 se
2378 5608 2671 5678 gesserint.
2709 5608 2776 5666 Et
2811 5611 2944 5682 quid
2975 5622 3204 5680 essent,
3237 5613 3493 5682 obsecro,
3528 5613 3580 5669 si

380 5798 397 5828 ‘
428 5793 590 5852 Ruiu.
623 5811 678 5860 ν,
716 5796 804 5854 l3.

1348 6526 2103 6537 *‘hww..*—4.--~-~M
2142 6528 2151 6531 ι
2182 6528 2235 6535 ι..-
2268 6528 2295 6533 -.ι
2322 6530 2329 6533 .
