3990 6556
526 388 627 451 εστ

1711 384 2109 446 MANUELIS
2139 385 2597 447 PALEOLOGI

3716 386 3818 450 εκεῖ

512 509 620 561 hoc
654 519 756 560 non
817 502 1110 560 fecissent?
1145 498 1279 557 Nam
1316 500 1417 572 qui
1453 514 1558 581 non
1587 500 1671 571 pie
1707 500 1984 563 vixerunt,
2015 513 2080 553 ac

2187 497 2415 563 ξαντεςς
2444 497 2509 550 Οἳ
2545 496 2654 568 γὰρ
2701 498 2798 568 οὐχ
2847 496 3009 560 ὁσίως
3050 496 3438 567 βεδιώκεσαν,
3486 498 3699 552 ἔπειτα
3751 504 3819 571 τῇ

514 596 711 650 deinde
741 594 1125 663 resipiscentes
1156 608 1219 647 ex
1268 592 1390 647 istis
1414 590 1770 655 facinoribus,
1804 590 1917 659 ipsa
1948 604 2075 658 pro-

513 690 773 759 pensione
804 692 869 742 ad
887 688 1083 741 bonum
1109 684 1393 755 propitium
1426 681 1631 753 experti
1651 692 1785 739 sunt
1824 681 1991 739 Deum
2011 683 2079 738 ab

515 799 575 837 se
603 784 809 842 lmsum,
849 789 1162 848 tantmnque
1225 777 1347 831 boui
1379 776 1448 831 ab
1471 790 1535 831 eo
1582 775 1878 839 consecuti,
1903 789 2079 844 quau-

519 882 629 925 tum
667 877 946 938 optarant,
971 882 1133 936 quem
1172 867 1552 935 impetrassent
1598 865 1880 931 honorem,
1916 867 2078 920 obse-

516 977 632 1023 cro,
669 961 712 1013 si
739 960 899 1028 plane
926 959 1113 1028 polluti
1146 974 1253 1012 nun
1285 957 1549 1013 fuissent?
1571 957 1725 1024 Quod
1756 956 1801 1012 si
1840 956 1951 1013 lleri
1983 970 2080 1026 po-

460 1042 467 1049 ’
519 1061 621 1106 test
651 1061 706 1105 ut
754 1051 805 1105 in
858 1051 1025 1105 altera
1058 1064 1271 1119 quoque
1288 1050 1397 1102 vita
1424 1062 1611 1103 eorum
1638 1049 1805 1101 animi
1838 1048 2078 1102 dolorem

442 1130 445 1137 ’
518 1145 682 1200 ιιΙΙυιη
742 1143 965 1197 omnino
1019 1142 1278 1204 sentiant,
1310 1140 1412 1193 hoc
1440 1155 1535 1194 eos
1576 1154 1692 1194 mea
1722 1140 1935 1209 quidem
1963 1141 2080 1206 opi-

514 1238 677 1291 nione
701 1244 921 1305 punget,
968 1237 1111 1303 quod
1148 1233 1495 1288 vehementer
1520 1232 1721 1286 amanti
1774 1232 2075 1287 molestiam

515 1329 788 1398 peccando
822 1326 1060 1381 crearint
1092 1339 1258 1395 seque
1289 1324 1414 1378 vitis
1438 1324 1538 1392 ipsi
1590 1324 1902 1393 polluerint.
1934 1323 2079 1390 Qua-

514 1412 736 1489 propter
778 1421 1062 1472 universos
1090 1417 1343 1484 equidem
1380 1417 1683 1470 monuerim
1706 1424 1762 1469 et
1799 1424 1926 1470 ante
1957 1430 2077 1469 om-

515 1529 612 1568 nes
645 1526 823 1567 meum
856 1510 1027 1580 ipsius
1053 1509 1317 1571 animum,
1347 1521 1421 1581 ne
1451 1509 1793 1563 committere
1828 1507 2076 1573 velimus,

515 1615 735 1676 propter
754 1619 874 1672 quas
898 1602 1096 1656 multas
1126 1600 1397 1669 prolusuri
1425 1602 1594 1655 simus
1613 1601 1888 1671 lacrymas
1911 1608 2078 1670 atque

513 1699 769 1766 gemitus,
805 1695 897 1748 ubi
942 1695 1082 1747 viam
1118 1694 1182 1747 ad
1218 1694 1479 1762 optimam
1534 1692 1736 1748 reversi
1790 1692 2075 1760 fuerimus,

515 1790 607 1843 sed
636 1799 695 1839 ut
714 1787 816 1840 illis
841 1786 1221 1843 inhsereamus,
1256 1784 1321 1836 de
1346 1784 1540 1852 quibus
1569 1798 1701 1851 pura
1760 1783 1961 1852 percipi
1986 1798 2081 1838 vo-

515 1880 698 1948 luptas
744 1879 938 1947 possit,
988 1891 1121 1943 pure
1146 1875 1399 1928 nimimm
1427 1874 1678 1941 vivendo,
1710 1875 2085 1945 sperandaque

516 1987 614 2026 nos
640 1971 907 2039 potituros
928 1968 1145 2021 mternis
1163 1966 1266 2021 illis
1288 1967 1658 2035 voluptatibus
1684 1984 1698 2021 :
1737 1982 1855 2036 quae
1879 1967 2086 2021 scilicet

516 2063 703 2117 oculus
738 2058 971 2115 neminis
1017 2058 1255 2126 aspexit,
1313 2070 1415 2110 nec
1478 2057 1625 2110 auris
1655 2057 1879 2120 audivit,
1925 2058 2087 2127 inque

516 2167 612 2206 cor
642 2148 877 2204 hominis
904 2163 1007 2201 non
1040 2152 1419 2215 penetrarunt,
1447 2154 1506 2199 ut
1528 2146 1684 2199 divus
1713 2146 1802 2201 ille
1842 2148 2079 2217 Aposto-

515 2246 600 2297 lus
627 2243 867 2312 loquitur
891 2244 931 2294 ί.
958 2240 1091 2296 Cum
1113 2249 1294 2293 autem
1332 2238 1417 2292 hic
1443 2238 1672 2293 orationi
1693 2248 1886 2293 nostra:
1924 2240 2083 2295 linem

517 2334 902 2405 imponendum
975 2346 1251 2395 censeam,
1294 2331 1468 2385 dicam
1525 2330 1727 2400 aliquid
1760 2333 1825 2386 de
1872 2347 2083 2386 summa

515 2429 607 2483 illa
658 2426 963 2490 clementia,
1004 2426 1166 2480 breve
1217 2423 1432 2492 quidem
1462 2422 1590 2477 illud
1646 2423 1958 2488 admodum,
1990 2423 2084 2477 sed

516 2529 661 2575 recte
686 2529 859 2574 tamen
879 2534 1094 2572 omnem
1116 2516 1191 2571 rei
1214 2531 1459 2586 scopum,
1479 2530 1595 2570 mea
1631 2531 1761 2571 sane
1793 2517 2083 2583 sententia,

514 2621 1085 2667 commonstraturum.

586 2707 689 2759 Aio
744 2703 838 2757 Dei
898 2715 1140 2759 uostrmn
1192 2718 1319 2773 erga
1368 2717 1536 2771 genus
1586 2702 1909 2765 clementiae,
1966 2718 2087 2771 qua:

514 2812 736 2867 prorsus
755 2806 837 2852 cst
869 2797 1101 2862 inﬁnita,
1128 2812 1233 2850 non
1258 2810 1416 2865 posse
1434 2795 1725 2863 quidquam
1756 2795 2082 2863 aequiparari

414 2932 419 2937 .
514 2891 598 2944 vel
654 2904 773 2943 cum
824 2904 885 2942 ea
919 2891 1245 2959 comparari,
1305 2889 1500 2942 nedum
1551 2888 1737 2957 lapsus
1775 2888 2081 2949 hominum,

522 2982 621 3051 qui
668 2983 889 3037 omnino
924 2983 1059 3036 lines
1114 2997 1242 3036 suos
1272 2982 1495 3035 habent.
1540 2980 1691 3047 Quod
1729 2996 1851 3034 eum
1887 2981 1958 3034 ita
1992 2980 2082 3047 sit,

528 3090 870 3142 nequaquam
928 3073 1125 3127 divina:
1175 3072 1477 3127 clementiae
1533 3072 1827 3137 suli'eccrit,
1874 3073 1938 3125 ad
1995 3087 2085 3125 ac-

2184 590 2525 659 μεταγνώσει
2569 590 2680 643 τῶν
2711 591 2910 660 ἔργων,
2932 590 3027 643 καὶ
3050 592 3116 659 τῇ
3148 590 3292 661 πρὸς
3328 590 3405 643 τδ
3427 590 3662 658 ἀγαθὸν
3696 594 3821 647 νεύ-

2182 697 2286 745 σει,
2312 682 2441 734 τλεὼ
2457 698 2517 734 τε
2542 682 2903 749 πεπείρανται
2930 681 3026 735 τοῦ
3052 682 3144 734 ὑπ’
3165 682 3371 734 αὐτῶν
3404 682 3814 751 ὑϐρισθέντος,

2179 774 2274 827 κοιλ⁵
2319 772 2575 827 τοσοῦτον
2619 769 2681 826 εὖ
2715 774 3022 826 πεπόνθασι
3058 776 3187 844 παρ’
3221 775 3449 838 αὐτοῦ,
3486 776 3706 828 ὁπόσον
3751 780 3819 830 ἀν

2180 864 2448 931 εὔξαιντο,
2479 867 2657 934 πόσης
2689 866 2754 919 ἂν
2796 866 3027 934 ἠξίωντο
3058 867 3245 937 τιμῆς,
3289 866 3382 937 μὴ
3406 866 3817 936 μολυνθέντες

2179 956 2277 1027 τὴν
2319 957 2580 1027 πρώτηνς
2619 958 2680 1011 El
2723 957 2768 1009 δ’
2801 958 2978 1011 ἔνεστι
3012 960 3176 1012 κάκεῖ
3208 960 3321 1023 τὰς
3360 959 3597 1011 τούτων
3628 960 3814 1028 ψυχὰς

2179 1047 2358 1117 λύπην
2388 1048 2634 1117 ἡντινοῦν
2653 1049 2793 1109 ὅλως
2823 1048 3014 1117 ἴσχειν,
3046 1047 3194 1100 τοῦτ’
3223 1049 3297 1100 ἂν
3333 1043 3516 1115 οἶμαι
3550 1047 3619 1100 τὸ
3644 1050 3817 1118 πλῆτ-

2180 1156 2294 1202 τον,
2329 1140 2411 1192 ὄτι
2445 1138 2536 1190 τὸν
2570 1138 2775 1208 σφόδρα
2811 1139 3114 1207 φιλήσαντα
3138 1124 3399 1191 ἐλύπουν
3443 1139 3813 1207 ἁμαρτάνουο

2184 1250 2294 1297 σαι,
2333 1235 2428 1285 καὶ
2482 1234 2596 1294 τοῖς
2636 1235 2829 1292 κακοῖς
2870 1231 3204 1299 μολύνουσαι
3258 1233 3526 1293 ἑαυτάς.
3573 1234 3695 1285 Καὶ
3725 1234 3811 1286 διὰ

2181 1324 2351 1377 ταῦτα
2380 1326 2491 1387 τοῖς
2521 1325 2689 1378 πᾶσιν
2718 1322 2783 1377 ἂν
2801 1324 3228 1393 παραινέσαιμι,
3258 1324 3378 1378 καὶ⁵
3416 1324 3541 1393 πρό
3574 1343 3645 1393 γε
3676 1329 3809 1379 πάν-

2180 1433 2291 1469 των
2338 1418 2405 1485 τῇ
2437 1414 2676 1483 ἐμαυτοῦ
2723 1415 2898 1485 ψυχῇ,
2933 1415 3008 1485 μὴ
3066 1416 3243 1469 ταῦτα
3302 1417 3611 1484 πράττειν
3661 1419 3810 1487 ἡμᾶς

2182 1507 2409 1569 ἐθέλειν,
2462 1506 2531 1559 δι’
2560 1506 2595 1561 ἀ
2645 1506 2827 1575 δεήσει
2870 1506 3085 1559 πολλῶν
3114 1506 3392 1576 δακρύων
3431 1507 3541 1560 καὶ
3576 1524 3807 1575 στεναγ-

2187 1600 2338 1668 μῶν,
2386 1600 2482 1651 ἐπὶ
2536 1598 2633 1668 τὴν
2684 1599 2918 1668 ἀρίστην
2969 1598 3092 1652 ὁδὸν
3155 1598 3638 1669 ἐπιστρέψασιν
3691 1599 3805 1653 ἀλλ’

2183 1692 2408 1745 ικείνων
2451 1690 2691 1760 ἔχεσθαι,
2724 1684 2806 1754 οἷς
2856 1691 2923 1744 ἂν
2963 1690 3049 1758 εῐη
3088 1690 3364 1757 καθαρῶς
3410 1690 3685 1761 ἥδεσθαι,
3725 1691 3801 1758 τῷ

2183 1802 2243 1838 τε
2290 1784 2551 1853 καθαρῶς
2605 1781 2779 1852 βιοῦν,
2806 1781 2887 1853 τῷ
2925 1799 2985 1834 τε
3021 1782 3269 1845 ἐλπίζειν
3304 1780 3644 1846 τεύξεσθαι,
3676 1784 3801 1833 αἰω-

2187 1878 2319 1931 νίων
2351 1877 2724 1940 ἀπολαύσεων,
2761 1874 2799 1927 d
2832 1874 3136 1943 ὀφθαλμὸς
3182 1875 3303 1927 οὐκ
3338 1869 3508 1936 οἵδε,
3543 1873 3652 1929 καί
3697 1866 3796 1937 οὖς

2189 1970 2299 2023 οὐκ
2331 1968 2585 2037 ἤκουσε,
2618 1966 2716 2019 καί
2750 1967 2848 2020 ἐπὶ
2878 1966 3133 2033 καρδίαν
3163 1965 3521 2033 ἀνθρώπου
3554 1968 3673 2018 οὐκ
3700 1964 3791 2018 dr-

2186 2060 2316 2127 έϐη,
2370 2062 2511 2113 κατὰ
2563 2059 2651 2113 τδν
2682 2060 2823 2114 θεῖον
2873 2059 3225 2113 Ἀπόστολον.
3284 2055 3582 2111 Ἐνταῦθα
3619 2056 3677 2109 δέ
3710 2071 3786 2124 μοι

2187 2154 2279 2206 τὸν
2302 2154 2458 2221 λόγον
2488 2154 2723 2223 οἰομένῳ
2746 2151 2857 2203 δεῖν
2885 2149 3214 2210 καταλῦσαι,
3248 2146 3565 2219 εἰρήσεταί
3595 2163 3647 2199 τι
3675 2146 3787 2213 περὶ

2188 2245 2286 2314 τῆς
2318 2244 2579 2298 ἀνωτάτω
2613 2242 3027 2314 φιλανθρωπίας
3048 2281 3062 2307 ,
3100 2240 3279 2311 βραχὺ
3330 2240 3444 2308 μὲν
3493 2239 3666 2299 πάνυ,
3698 2254 3785 2289 κα-

2188 2335 2295 2397 λῶς
2326 2334 2484 2388 δὀὒν
2520 2337 2667 2405 ὅμως
2702 2335 2764 2387 τὸ
2793 2336 2901 2389 πᾶν
2924 2333 3192 2395 δεικνύον.
3261 2332 3347 2396 ὡς
3390 2332 3597 2403 ἔμοιγε
3632 2329 3786 2400 παρί-

2192 2444 2407 2494 σταται,
2438 2427 2532 2480 τοῦ
2574 2425 2800 2482 σκοποῦ.

2268 2701 2431 2770 Λέγω
2458 2700 2523 2773 δὴ
2554 2706 2622 2773 τῇ
2652 2701 2747 2757 τοῦ
2767 2701 2903 2757 Θεοῦ
2924 2704 3050 2772 περὶ
3076 2703 3138 2755 τὺ
3168 2719 3342 2771 γενος
3373 2699 3777 2772 φιλανθρωπῖᾳν

2189 2796 2399 2866 ἀπείρῳ
2435 2812 2497 2863 γε
2560 2797 2909 2849 παντάπασιν
2955 2794 3111 2867 οὔσῃ,
3146 2795 3221 2865 μὴ
3259 2795 3547 2848 δύνασθαί
3574 2811 3625 2846 τι
3674 2790 3777 2844 τῶν

2191 2887 2410 2941 πάντων
2460 2884 2874 2956 ἑξισωθῆναι,ἥ
2916 2884 3046 2952 γοῦν
3076 2885 3259 2953 ἐκείνῃ
3322 2882 3773 2955 παραϐληθῆναι,

2193 2978 2354 3048 μήτοι
2382 2994 2445 3045 γε
2482 2977 2549 3030 τά
2574 2977 2893 3045 πταίσματα
2909 2975 3019 3027 τῶν
3051 2973 3394 3044 ἀνθρώπων,
3436 2968 3516 3027 ὧν
3547 2973 3661 3025 ἑστι
3688 2984 3773 3021 πε-

2192 3068 2515 3139 περασμένα
2540 3068 2610 3120 τὰ
2632 3068 2828 3122 πάντα.
2864 3066 2975 3119 Καὶ
3000 3067 3087 3120 ὅτε
3121 3066 3273 3118 τοῦθ’
3316 3065 3502 3127 οὕτως
3525 3064 3659 3132 ἔχει,
3688 3059 3770 3112 οὖα

516 3166 919 3220 euratissintnm
944 3165 1339 3233 suispecimcn,
1395 3162 1697 3217 abolevisse
1729 3164 1920 3218 delicta
1960 3163 2080 3217 uni-

2188 3161 2376 3230 δαμῶς
2412 3162 2698 3231 ἀρκέσειεν
2738 3160 2803 3214 ἂν
2835 3160 2970 3229 αὐτῇ
3006 3159 3143 3227 πρὸς
3171 3159 3271 3228 τὴν
3308 3159 3524 3228 ἑαυτῆς
3559 3152 3768 3226 ἀκρισε-

514 3274 795 3313 versornm
842 3257 1142 3319 hominum,
1182 3256 1271 3324 qui
1325 3254 1575 3308 videlicet
1613 3255 1663 3307 in
1686 3254 1853 3309 Deum
1888 3269 2076 3308 revera

514 3364 663 3417 Spem
684 3364 833 3402 suam
868 3347 1201 3401 collocarunt
1232 3362 1246 3398 :
1285 3345 1459 3410 nullo,
1486 3344 1725 3413 inquam,
1757 3344 1936 3409 modo,
1972 3360 2077 3398 non

517 3441 562 3495 si
609 3439 926 3507 contingere
970 3445 1175 3503 posset,
1211 3446 1267 3490 ut
1296 3437 1385 3491 illa
1420 3435 1620 3490 millies
1644 3434 1851 3503 majora
1886 3433 2081 3501 seipsis

515 3532 729 3588 licrcnt.
795 3529 911 3583 Non
964 3528 1221 3599 pertingit
1273 3528 1508 3583 hominis
1561 3542 1715 3582 mens
1762 3531 1829 3583 ad
1874 3526 2077 3595 aliquid

513 3638 726 3686 eorum,
770 3623 836 3677 de
871 3621 977 3675 Deo
1006 3638 1125 3692 quae
1154 3621 1593 3687 considerantur,
1632 3635 1732 3674 nec
1779 3618 2081 3688 propinquo

513 3714 582 3768 ab
617 3713 721 3767 illis
750 3712 1032 3767 intervallo
1059 3714 1229 3767 abest.
1261 3710 1532 3780 Quidquid
1556 3724 1686 3780 ergo
1716 3723 1968 3779 magnum
1998 3717 2081 3764 est

512 3818 567 3862 et
598 3817 904 3879 augustum,
942 3807 1056 3861 sive
1085 3818 1305 3867 nomen,
1337 3803 1453 3858 sive
1487 3816 1592 3863 res,
1617 3810 1710 3855 aut
1741 3801 2083 3869 quidcunque

515 3905 729 3955 tandem
757 3898 941 3961 fuerit,
970 3897 1111 3965 quod
1138 3896 1333 3950 mentis
1357 3904 1625 3964 potestate
1648 3905 1952 3964 naturaque
1973 3893 2085 3950 lor-

516 3993 649 4047 mari
687 4001 741 4047 ct
775 3991 978 4060 percipi
1011 3991 1201 4061 possit,
1242 3989 1293 4043 id
1330 3998 1604 4043 ostensum
1637 3996 1722 4043 est
1755 3987 1893 4042 infra
1941 4004 2082 4058 per-

514 4085 827 4153 ceptionem
871 4093 1190 4137 accuratam
1247 4082 1548 4137 clementia:
1604 4079 1905 4136 Salvatoris
1959 4097 2083 4136 esse

514 4177 775 4241 positum.
802 4175 905 4244 Ipsi
939 4175 1129 4243 gloria,
1158 4189 1277 4227 cum
1302 4173 1463 4227 Patre
1503 4182 1807 4239 sanctoque
1855 4172 2082 4239 Spiritu,

517 4267 570 4318 in
599 4268 796 4318 saecula
823 4264 1108 4317 tribuatur.
1138 4263 1333 4319 Amen.

1094 4374 1347 4428 ORATlO
1389 4374 1499 4429 VII.

2189 3254 2393 3324 στάτην
2469 3252 2730 3317 ἐπίδειξιν
2786 3253 2845 3305 τὸ
2907 3256 3008 3322 τὴν
3068 3254 3360 3321 ἁμαρτίαν
3445 3246 3768 3321 ἀνῃρηκέναι

2187 3344 2440 3396 πάντωνά
2463 3344 2749 3411 νθρώπων,
2768 3341 2969 3413 δηλαδὴ
3006 3343 3114 3394 τῶν
3144 3344 3223 3403 είς
3262 3342 3417 3395 Θεὸν
3459 3343 3536 3403 ὡς
3566 3335 3769 3407 ἀληθῶς

2187 3436 2498 3506 ἠλπικότων
2521 3449 2537 3466 ⁸
2587 3435 2849 3505 οὖμενουν
2887 3435 3161 3503 οὐδαμῶς,
3201 3436 3327 3488 οὐδ’
3367 3436 3417 3488 εί
3451 3431 3673 3487 δυνατὸν
3704 3423 3765 3496 ἦν

2189 3529 2355 3598 αὐτὴν
2385 3529 2645 3599 μυριάκις
2668 3529 2867 3598 ἑαυτῆς
2903 3528 3072 3598 μείζω
3098 3528 3390 3595 γενέσθαι.
3411 3528 3487 3579 Οὐ
3519 3524 3641 3586 νοῦς
3678 3522 3763 3574 ἀν·-

2189 3621 2459 3692 θρώπινος
2488 3621 2790 3688 ἐφικνεῖται
2817 3620 2957 3692 πρός
2979 3637 3032 3672 τι
3056 3620 3163 3672 τῶν
3204 3621 3342 3690 περὶ
3379 3604 3517 3673 Θεὸν
3554 3611 3763 3683 νοουμέ-

2188 3731 2316 3780 νων,
2346 3714 2454 3767 οὐδ’
2477 3714 2662 3781 ἐγγύς.
2701 3714 2811 3776 Πᾶς
2845 3712 2939 3766 οὖν
2970 3713 2998 3766 ὃ
3031 3714 3175 3782 μέγα
3208 3728 3267 3767 τε
3306 3712 3403 3765 καὶ
3439 3710 3637 3781 σεμνὸν
3660 3706 3760 3759 εἴτε

2190 3808 2446 3875 πρᾶγμαν
2480 3805 2589 3858 εἴτε
2618 3806 2667 3858 τ’
2697 3806 2888 3875 ὄνομα.
2922 3805 2955 3876 ἦ
2984 3806 3012 3859 ὃ
3039 3823 3092 3859 τι
3127 3806 3246 3860 ποτ’
3276 3808 3353 3861 ἂν
3385 3806 3485 3860 καὶ
3520 3803 3625 3871 sin,
3676 3795 3759 3850 νοῦ

2191 3898 2286 3951 καὶ
2317 3898 2536 3969 ἐξουσίᾳ
2557 3898 2651 3950 καὶ
2667 3898 2938 3965 πεφυκότι
2966 3897 3274 3967 πλασθῆναι
3304 3914 3367 3951 τε
3390 3896 3489 3950 καὶ
3516 3890 3757 3961 νοηθῆναι

2189 3987 2510 4057 δυνάμενον,
2543 3990 2673 4041 εἴσω
2698 3989 2897 4043 πίπτον
2940 3988 3217 4042 δείκνυται
3245 3990 3393 4059 πρὸς
3426 3983 3627 4051 ἀκριὸἦ
3668 3988 3755 4031 κα-

2190 4081 2421 4151 τάληψιν
2442 4082 2540 4151 τῆς
2562 4081 2655 4137 τοῦ
2681 4082 2933 4153 Σωτῆρος
2959 4078 3568 4153 φιλανθρωπίας.Αὐτῷ
3592 4074 3621 4145 ἡ
3644 4069 3754 4134 δῦξα

2192 4173 2308 4241 ἅμα
2338 4173 2414 4244 τῷ
2438 4175 2631 4245 Πατρὶ,
2665 4176 2759 4228 καὶ
2777 4175 2917 4246 ἁγίῳ
2943 4176 3245 4245 Πνιύματι,
3276 4175 3365 4237 είς
3390 4171 3516 4233 τοὺς
3549 4164 3749 4222 αἰῶναςο

2192 4267 2392 4338 ’Δμήν.

2804 4386 3024 4439 ΛΟΓΟΣ
3084 4383 3158 4439 Ζ’.

512 4470 590 4524 De
625 4468 954 4533 humilitate,
994 4476 1146 4536 atque
1180 4469 1336 4521 etiam
1370 4484 1433 4521 ex
1467 4476 1649 4538 parte,
1686 4468 1750 4522 de
1782 4468 2080 4525 dilectione.

2196 4475 2331 4543 Περὶ
2369 4478 2967 4569 ταπεινοφροσύνζιςς
3026 4487 3092 4530 εκ
3131 4476 3359 4545 μέρους
3405 4475 3474 4529 δὲ
3509 4472 3602 4527 καὶ
3631 4461 3747 4531 περι

584 4631 923 4685 Postremum
952 4638 1115 4699 caput
1142 4644 1204 4684 ex
1236 4630 1301 4685 iis
1327 4646 1443 4697 quae
1472 4631 1565 4686 tibi
1594 4646 1622 4686 a
1650 4632 1804 4687 nobis
1835 4634 1900 4688 ad
1929 4648 2086 4690 exco-

512 4725 729 4778 lendum
773 4736 951 4777 mores
993 4722 1290 4777 laudabiles
1330 4723 1527 4777 tradita
1567 4732 1720 4788 sunt,
1766 4726 1831 4779 de
1871 4726 2087 4780 humili-

412 4855 417 4861 .
512 4828 622 4872 tate
653 4817 971 4872 disserebat.
1002 4816 1187 4883 Itaque
1216 4831 1322 4868 non
1352 4814 1449 4869 abs
1478 4831 1533 4869 rc
1562 4827 1833 4885 postrema
1864 4833 2083 4888 quoque

510 4910 587 4963 sic
616 4924 642 4961 a
674 4909 827 4963 nobis
860 4908 1171 4961 instituatur
1196 4907 1391 4973 oratio,
1422 4916 1478 4960 ut
1511 4908 1563 4961 in
1594 4910 1834 4976 ejusdem
1864 4909 2082 4965 virtutis

510 5001 892 5067 prtedicatione
919 5014 1039 5053 cum
1070 4996 1160 5051 illo
1188 5000 1508 5051 consentiat.
1539 4995 1681 5063 Quin
1711 4997 1873 5051 etiam
1906 4998 1991 5051 illa
2027 4999 2078 5052 in

509 5090 772 5151 oratione,
808 5106 913 5158 qua
955 5100 1005 5143 te
1043 5092 1109 5144 ad
1150 5088 1469 5159 eloquentia:
1508 5088 1685 5143 studia
1730 5089 2075 5156 cohortabar,

509 5181 685 5233 obiter
717 5182 873 5248 quasi
910 5181 1159 5248 quiddam
1198 5180 1262 5232 de
1301 5177 1667 5232 moderatione
1699 5178 2034 5233 disserebam
2058 5221 2073 5245 ,

511 5271 628 5336 ipso
658 5286 757 5324 nos
788 5272 1046 5324 orationis
1076 5271 1277 5337 impetu
1310 5282 1491 5322 secum
1522 5269 1840 5337 abripiente.
1873 5268 2076 5323 Intelli-

508 5376 639 5428 gere
669 5376 796 5415 vero
826 5364 999 5431 potui,
1030 5362 1194 5416 luisse
1226 5370 1351 5414 tunc
1377 5370 1614 5415 arrectas
1644 5362 1861 5414 illorum
1896 5375 2078 5423 aures,

509 5455 602 5521 qui
646 5456 897 5517 aderant,
933 5456 1079 5507 velut
1121 5455 1549 5507 existimantium
1593 5470 1652 5508 se
1691 5455 1786 5507 illo
1830 5456 1894 5509 de
1937 5456 2079 5508 bono

509 5546 773 5614 prolixius
806 5546 1008 5615 aliquid
1044 5547 1340 5600 audituros.
1373 5547 1439 5598 At
1469 5561 1568 5615 ego
1596 5556 1721 5601 tunc
1750 5547 1964 5616 quidem
1999 5548 2080 5601 eis

508 5651 613 5689 non
647 5637 1018 5706 gratitieabar,
1052 5650 1117 5691 ne
1152 5644 1353 5691 temere
1386 5640 1543 5705 quasi
1577 5645 1919 5694 transversus
1952 5654 2077 5708 age-

579 5815 644 5867 ιι
682 5814 808 5869 Cor.
855 5830 917 5885 ιι,
956 5815 1011 5872 9.

2841 4548 3101 4615 ἀγάπης.

2258 4642 2376 4695 Τῶν
2404 4641 2715 4711 κεφαλαίων
2736 4642 2798 4694 τὶ
2828 4640 3079 4707 ὕστατον,
3105 4643 3139 4696 ἆ
3174 4660 3257 4695 σοι
3292 4641 3424 4713 παρ’
3451 4636 3605 4709 ήμῶν
3628 4631 3743 4683 ἀπο-

2183 4732 2391 4786 δέδοται
2412 4736 2499 4796 είς
2526 4733 2673 4801 ἠθῶν
2701 4732 3005 4785 σπουδαίων
3030 4732 3381 4801 ἐπιμέλειαν,
3416 4730 3542 4797 περὶ
3576 4734 3743 4777 ταπειο

2184 4819 2523 4890 νοφροσύνης
2570 4821 2867 4888 διελέγετο.
2898 4821 3138 4884 Εἰκότως
3186 4823 3251 4876 ἀν
3290 4819 3386 4877 οὖν
3433 4821 3634 4888 γένοιτο
3661 4804 3742 4862 καὶ

2182 4912 2209 4963 ὀ
2249 4911 2556 4973 τελευταῖος
2610 4913 2741 4982 ἡμῖν
2776 4914 2933 4978 λόγος
2972 4912 3147 4980 οὗτος,
3190 4914 3384 4983 ἐκείνῳ
3417 4898 3737 4977 συμφθεγτδ·

2191 5020 2371 5066 μενος.
2422 5002 2501 5071 τῷ
2540 5004 2640 5072 τὴν
2693 5004 2863 5074 αὐτὴν
2900 5005 3090 5074 ἐκείνῳ
3130 5006 3330 5078 ἀρετὴν
3378 4998 3638 5071 ἐξυμνεῖν.
3671 4986 3733 5040 οὐ

2190 5092 2296 5161 μὴν
2351 5092 2486 5145 ἀ).λά
2552 5093 2645 5145 καὶ
2694 5094 2751 5145 ὲν
2797 5094 2874 5164 τῷ
2908 5094 3041 5164 πρὸς
3078 5095 3268 5163 λόγους
3307 5112 3368 5147 σε
3401 5085 3731 5160 προτρέποντι

2184 5184 2326 5253 λόγῳ
2358 5180 2510 5237 εῐπόν
2537 5201 2590 5237 τι
2630 5184 2703 5247 ὡς
2738 5186 2794 5237 ὲν
2826 5186 3084 5257 παρέργῳ
3112 5188 3240 5256 περὶ
3275 5183 3631 5257 μετριότητος.
3656 5168 3731 5239 βίᾳ

2172 5265 2272 5326 ’τοῦ
2305 5276 2464 5341 λόγου
2508 5275 2890 5345 παρενεχθείς.
2916 5278 3134 5346 Συνῆκα
3170 5278 3215 5330 δ’
3242 5276 3334 5331 οὖν
3370 5275 3589 5341 ποιήσας
3620 5276 3727 5331 μετ’

2180 5366 2352 5436 ἕωρον
2382 5366 2479 5436 τὴν
2495 5369 2666 5437 ἀκοὴν
2689 5370 2799 5421 τῶν
2821 5370 3123 5437 παρόντων,
3147 5370 3223 5434 ὡς
3248 5367 3567 5440 νομιζόντων
3588 5349 3727 5440 ἀκούγ·

2186 5457 2376 5510 σεσθαί
2414 5475 2465 5511 τι
2502 5462 2841 5532 μακρότερον
2870 5464 3001 5534 περὶ
3029 5464 3243 5516 τουτουῖ
3264 5464 3355 5516 τοῦ
3391 5455 3564 5513 καλοῦ.
3605 5439 3722 5509 Ἐγὼ

2178 5549 2235 5601 δὲ
2263 5549 2381 5602 τότε
2411 5551 2507 5620 μὲν
2539 5553 2725 5617 αὐτοῖς
2755 5554 2857 5607 οὐκ
2888 5556 3261 5627 ἐχαρισάμην.
3288 5557 3361 5618 ὡς
3394 5552 3468 5621 μὴ
3497 5535 3719 5632 “qui”:

2181 5660 2290 5713 μην
2318 5643 2440 5697 ὅποι
2472 5645 2537 5699 ἂν
2551 5647 2703 5716 τύχοι
2723 5661 2738 5679 ο
2772 5646 2887 5700 ἀλλ’
2926 5647 3188 5718 ἐχώρουν,
3223 5650 3306 5718 ἐφ’
3334 5650 3465 5715 ὅπερ
3494 5638 3609 5699 ἔδει,
3635 5639 3712 5677 του
