3990 6566
233 397 349 463 529

1706 403 1997 466 ORATIO
2028 403 2160 469 VII.

3481 403 3588 465 530

235 513 664 585 προκειμένου
693 515 888 587 μόνου
905 517 1182 588 ἐχόμενος,
1202 519 1295 573 καὶ
1317 521 1580 591 ὑπισχνοῦ
1589 540 1747 593 μενος
1765 526 1911 594 ἰρεῖν

2017 537 2138 588 rer;
2170 521 2264 577 sed
2297 521 2607 592 pergebam,
2641 535 2748 592 quo
2779 535 2867 577 res
2899 520 3013 592 ipsa
3046 522 3293 583 vocabat,
3331 519 3584 576 ins:ituto

242 611 394 682 μετά
422 610 534 662 τοῦ
567 611 848 681 καιροῦ.
887 611 996 665 Καὶ
1025 612 1091 683 δή
1130 629 1224 683 μοι
1252 613 1603 680 τελεσθέντος
1639 615 1734 670 τοῦ
1775 618 1908 689 πρὶν

234 700 509 765 διαύλου,
546 699 696 770 ὥρα
731 703 1032 766 κάκείνοις
1079 704 1427 775 χαρίζεσθαι,
1456 707 1550 762 καὶ
1591 708 1674 761 σοι
1701 709 1762 761 τὸ
1791 708 1909 762 δέον

235 792 651 862 ἀποπληροῦν
684 811 701 824 ·
735 794 818 847 τὸ
861 795 915 848 δὲ
949 793 1182 849 ὕστατον
1211 796 1389 851 εἰπεῖν
1419 799 1550 868 περὶ
1595 800 1694 869 τῆς
1733 801 1909 854 πάντα

235 884 471 951 ἀγαθῆς
521 879 1086 956 τάκινοφροσύνης
1131 887 1192 940 οὒ
1241 888 1383 946 κατά
1437 889 1609 960 τύχην
1660 891 1906 959 γέγονεν,

235 974 365 1026 ἀλλ’
427 973 604 1026 οζτω
639 972 839 1039 δόξαν
891 975 1185 1030 ἀκόλουθον
1239 973 1403 1031 εἶναι.
1452 977 1670 1048 Ἐπειδὴ
1708 981 1819 1049 γὰρ
1851 983 1909 1033 ὲν

236 1067 355 1128 τοῖς
405 1066 809 1134 κεφαλαίοις
844 1069 1094 1131 ἐκείνοις,
1129 1069 1223 1120 καὶ
1263 1071 1321 1123 έν
1351 1071 1464 1134 τοὶς
1499 1071 1606 1138 πρὸ
1629 1069 1780 1123 τοῦδε
1818 1070 1909 1122 λό-

238 1174 365 1224 γοις
417 1158 755 1213 ἔπλαττον
795 1163 895 1228 μέν
929 1178 1025 1214 σου
1055 1161 1156 1232 τὴν
1186 1162 1370 1231 φύσιν,
1409 1162 1484 1225 ὡς
1510 1162 1575 1217 ἄν
1614 1180 1696 1224 τις
1742 1163 1911 1227 εἴποι,

239 1248 585 1318 ἑπήλειφον
621 1250 695 1303 δὲ
753 1253 863 1321 τὴν
895 1254 1123 1322 γνώμην
1153 1253 1289 1320 πρὸς
1332 1252 1403 1304 τὰ
1453 1251 1667 1322 βελτίω.
1700 1254 1794 1306 καὶ
1821 1251 1912 1305 τὸν

237 1340 441 1407 ἔρωτα
487 1341 626 1394 τῶν
659 1342 914 1410 ἀγαθῶν
943 1343 1121 1413 ἔργων
1160 1345 1456 1398 ὲνετύπουν
1485 1344 1573 1397 διά
1605 1345 1824 1397 πάντων
1854 1345 1911 1397 ὲν

241 1433 370 1493 ταῖς
400 1433 518 1501 τῆς
553 1433 782 1503 ψυχῆς
820 1451 912 1488 σου
944 1435 1239 1504 δυνάμεσιν
1263 1453 1278 1466 θ
1308 1436 1338 1488 ὁ
1357 1437 1412 1490 δὲ
1438 1436 1506 1489 τὰ
1533 1436 1673 1489 καλὰ
1705 1437 1913 1503 κτησά-

246 1538 424 1590 μενος
451 1524 674 1587 πάντα
699 1523 870 1578 οὐδὲν
901 1526 1097 1578 ἑαυτὸν
1125 1525 1356 1597 ὤνησεν,
1390 1528 1437 1579 εἰ
1475 1528 1550 1598 μὴ
1579 1527 1673 1581 καὶ
1701 1527 1801 1598 τὴν
1821 1545 1914 1583 τα-

245 1617 776 1685 πεινοφροσύνην
829 1619 1262 1687 προσεκτήσατο,
1289 1619 1366 1682 ὡς
1395 1615 1562 1675 οὖσάν
1594 1638 1657 1689 γε
1708 1619 1914 1689 ταύτην

250 1707 436 1778 μόνην
471 1709 767 1778 μάλιστα
791 1710 982 1764 πασῶν
1009 1709 1222 1778 ἀρετῶν
1253 1711 1559 1782 λαμπτῆρὰ
1587 1729 1671 1778 τε,
1695 1713 1784 1766 καὶ
1810 1712 1912 1779 φῦ-

247 1799 404 1853 λακα
436 1801 568 1853 τῶν
612 1801 869 1869 ἀγαθῶν
910 1801 1150 1856 πάντων.
1183 1802 1314 1857 Ὅτε
1348 1805 1529 1856 τοίνυν
1559 1803 1710 1856 ταῦθ’
1739 1803 1910 1866 οὕτως

2013 625 2200 670 nostro
2235 615 2497 669 duntaxat
2530 615 2837 679 intuerens,
2873 628 2939 668 ac
2973 613 3292 683 promittens
3326 626 3388 666 ea
3424 612 3490 666 de
3523 626 3582 665 re

2012 720 2113 761 suo
2159 696 2244 762 me
2290 716 2532 776 tempore
2572 707 2865 761 dicturum.
2917 696 3083 760 Nunc'
3114 703 3359 758 absoluto
3402 703 3585 772 priore

2011 797 2307 862 curriculo,
2337 810 2546 867 tempus
2579 798 2757 868 ipsum
2805 796 3050 867 ﬂagitat,
3081 805 3131 852 et
3169 795 3275 850 illis
3306 794 3382 848 uti
3415 796 3580 862 grati-

2013 889 2166 954 ﬁcer,
2208 899 2262 944 et
2299 903 2364 944 ex
2413 888 2586 943 oﬂicio
2629 887 2727 942 tibi
2775 901 2992 957 quoque
3037 885 3388 940 satisfaciam.
3430 882 3583 949 Quod

2011 988 2189 1033 autem
2227 978 2295 1034 de
2328 977 2654 1041 humilitate,
2695 993 2755 1033 re
2789 993 3014 1049 prorsus
3043 977 3276 1048 optima,
3311 983 3585 1045 postremo

2011 1072 2131 1126 loco
2161 1071 2424 1137 dicamus,
2452 1087 2558 1126 non
2593 1059 2817 1127 fortuito
2845 1072 3047 1127 factum
3078 1079 3182 1134 est,
3211 1071 3306 1124 sed
3335 1069 3478 1138 quod
3511 1069 3584 1123 ita

2011 1172 2432 1219 consentaneum
2465 1165 2620 1221 nobis
2646 1165 2822 1220 visum
2850 1173 3012 1220 esset.
3042 1164 3175 1218 Cum
3204 1164 3345 1218 enim
3377 1162 3432 1215 in
3467 1161 3586 1216 istis

2011 1254 2303 1324 capitibus,
2349 1264 2404 1310 et
2453 1255 2504 1308 in
2553 1255 2890 1312 orationibus
2939 1255 3080 1309 hanc
3131 1253 3583 1324 praecedentibus,

2012 1353 2263 1419 naturam
2300 1355 2448 1401 tuam
2484 1345 2728 1400 ﬁnxerint
2753 1385 2767 1408 ,
2801 1355 2859 1399 ut
2891 1346 2964 1400 ita
2998 1344 3210 1414 loquar,
3243 1359 3307 1400 ac
3336 1345 3585 1398 volunta-

2015 1446 2118 1491 tem
2147 1437 2212 1520 ος
2246 1437 2468 1492 meliora
2499 1437 2645 1491 velut
2673 1437 2935 1492 athletam
2965 1449 3170 1503 ungens
3196 1435 3582 1496 excitaverim,

2012 1527 2370 1598 omnibusque
2412 1528 2588 1582 modis
2625 1527 2679 1581 in
2721 1527 2884 1580 animi
2931 1526 3005 1582 tui
3049 1524 3392 1579 facultatibus
3432 1537 3584 1576 amo-

2013 1634 2127 1674 rem
2170 1619 2435 1675 bonorum
2481 1633 2707 1690 Operam
2752 1618 3148 1686 impresserim;
3191 1627 3247 1671 at
3291 1616 3383 1670 ille
3426 1615 3582 1668 bouis

2013 1712 2266 1769 omnibus
2291 1713 2575 1781 acquisitis
2592 1753 2607 1778 ,
2633 1725 2758 1768 cum
2785 1711 2924 1768 nihil
2951 1711 3052 1766 sibi
3085 1711 3289 1765 fructus
3311 1708 3582 1771 attulerit,

2014 1802 2058 1858 si
2093 1818 2199 1857 non
2231 1812 2286 1858 et
2313 1802 2671 1857 humilitatem
2702 1801 3060 1870 compararit,
3090 1800 3166 1856 uti
3196 1814 3315 1870 qua:
3344 1799 3458 1855 sola
3489 1813 3585 1868 po-

247 1889 395 1962 ἔχει,
431 1893 563 1946 ἔδει
729 1894 906 1964 δήπου
934 1893 1064 1964 περὶ
1095 1893 1206 1947 τῶν
1235 1895 1408 1949 ἄλλων
1437 1895 1680 1960 εἰπόντα,
1712 1889 1792 1959 οἷς
1831 1895 1898 1948 ἂν

2017 1896 2285 1950 tissimum
2333 1898 2404 1948 slt
2445 1895 2626 1951 lumen
2662 1895 2922 1950 virtutqu
2971 1894 3372 1957 universarum,
3416 1892 3588 1946 bono-

252 1982 452 2052 γένοιο
497 1985 680 2056 ἀνήρ
715 2002 786 2038 τε
833 1987 927 2038 καὶ
966 1984 1224 2055 βασιλεὺς
1255 1985 1481 2052 ἀγαθδς,
1517 1985 1786 2038 τελευτῶν
1812 1985 1906 2038 καὶ

257 2076 398 2144 περὶ
452 2077 576 2147 τῆς
611 2076 938 2146 καλλίστης
981 2075 1093 2129 τῶν
1136 2076 1349 2146 ἀρετῶν
1396 2077 1625 2145 ταυτησὶ
1655 2074 1903 2128 διελθεῖν.

265 2165 437 2219 Ἐπεί
470 2183 573 2222 τοι
611 2168 738 2221 καὶ
769 2167 958 2236 σαφῶς
993 2168 1112 2220 ἐστι
1157 2167 1300 2220 κατά
1350 2166 1486 2219 πολὺ
1522 2165 1906 2238 χαλεπώτερον

220 2313 225 2316 _
257 2257 322 2309 τό
355 2275 425 2324 γε
461 2258 754 2327 φυλάξαι
781 2258 994 2327 τάγαθά
1024 2263 1118 2311 καὶ
1142 2257 1516 2334 διασώσασθαι
1543 2257 1908 2328 μέχριτέλους

257 2347 361 2400 τοῦ
395 2351 510 2419 τὴν
567 2351 781 2422 ἀρχὴν
811 2351 982 2404 ταῦτα
1032 2349 1370 2420 κτήσασθαι.
1400 2350 1505 2404 Καὶ
1551 2350 1758 2420 ταύτην
1807 2350 1908 2420 τὴν

264 2439 514 2510 γνώμην
555 2439 708 2496 εἷπε
748 2442 847 2512 μέν
876 2459 961 2505 τις
999 2441 1108 2494 τῶν
1145 2441 1316 2495 πάλαι
1348 2442 1782 2511 θαυμαζομένων
1814 2443 1910 2498 ἐπὶ

267 2533 446 2604 οοςρξᾳ
501 2533 918 2603 (Δημοσθένης
968 2525 1125 2596 οὗτός
1169 2534 1339 2597 ἐστιν,
1381 2531 1441 2585 οὗ
1493 2533 1634 2604 μετά
1685 2533 1908 2604 μνήμης

272 2622 504 2692 ἀγαθῆς
553 2628 586 2678 ὁ
624 2625 730 2679 διὰ
772 2626 938 2694 μέσου
982 2625 1091 2686 πᾶς
1135 2625 1329 2694 χρόνος
1379 2625 1740 2694 διατετήρηκε
1785 2624 1909 2678 τοῦ·

272 2715 448 2786 νομα)
476 2733 492 2746 ο
546 2718 749 2785 ἐφάνη
792 2716 851 2768 δὲ
884 2719 944 2769 ἐκ
997 2717 1105 2769 τῶν
1141 2717 1486 2787 πραγμάτων
1538 2717 1905 2788 ἀληθεστάτη,

280 2808 380 2857 καὶ
409 2807 535 2860 οὐδ’
580 2810 659 2862 ἂν
698 2803 784 2871 εἷς
806 2809 918 2878 ἔχοι
941 2809 1076 2878 πρὸς
1108 2809 1276 2877 αὐτὴν
1304 2811 1576 2878 ἀντερεῖν.
1612 2810 1688 2863 Οὐ
1717 2809 1822 2880 χρὴ
1850 2809 1908 2863 δὲ

279 2891 445 2964 οἶμαι
501 2899 856 2969 θαυμάζειν,
897 2901 946 2952 εἰ
983 2900 1204 2968 καθῆκα
1252 2899 1492 2968 ἐμαυτὸν
1525 2901 1602 2962 εἰς
1637 2899 1695 2952 ὃν
1741 2901 1908 2970 ἐχρῆν

289 2989 755 3063 ἀποδιδράσκειν
804 2993 1016 3060 ἀγῶνα.
1046 2993 1120 3045 Οὐ
1163 2992 1270 3063 γάρ
1300 2991 1359 3057 ἐξ
1400 2993 1657 3056 ἀπονοίας
1687 3009 1908 3046 κατενε-

287 3083 527 3150 χθέντες
588 3087 700 3146 τὰς
735 3085 938 3154 φρένας
986 3083 1392 3148 ἀπολωλεκότες
1441 3086 1628 3154 ἐσμὲν,
1679 3085 1755 3148 ὠς
1803 3081 1896 3138 καὶ

2007 2001 2238 2055 rumque
2277 1997 2464 2044 custos
2503 1987 2742 2044 omnium
2789 2005 2806 2042 :
2854 1989 2968 2042 haec
3003 2000 3133 2056 ergo
3174 1999 3294 2040 cum
3337 1985 3412 2038 ita
3455 1983 3583 2047 sint,

2007 2091 2142 2133 sane
2178 2091 2276 2146 par
2307 2089 2429 2135 erat
2465 2088 2523 2135 ut
2557 2080 2649 2150 qui
2681 2079 2747 2134 de
2782 2078 2993 2135 caeteris
3034 2077 3456 2140 disseruissem,
3491 2090 3586 2144 per

2010 2183 2130 2238 qua:
2171 2178 2280 2224 tam
2324 2171 2378 2225 in
2415 2171 2586 2226 virum
2625 2185 2790 2241 quam
2835 2183 3016 2240 regem
3059 2170 3264 2224 bonum
3304 2167 3582 2231 evaderes,

2013 2269 2348 2328 pestremum
2386 2261 2545 2316 etiam
2581 2261 2651 2316 de
2684 2260 2784 2317 hac
2821 2252 3188 2330 pulcbérrima
3219 2258 3419 2313 virtute
3457 2270 3583 2326 per-

2015 2359 2329 2406 tractarem.
2355 2350 2566 2421 Quippe
2596 2352 2762 2406 dubio
2793 2353 2980 2421 procul
3011 2349 3280 2404 difficilius
3303 2356 3386 2403 est
3411 2362 3584 2415 smpc.

2013 2455 2262 2506 numero,
2289 2441 2590 2496 custodisse
2623 2441 2764 2495 bona
2792 2449 2847 2494 et
2874 2439 2942 2494 ad
2972 2439 3128 2494 tinem
3160 2451 3334 2506 usque
3363 2450 3586 2492 conser-

2019 2545 2175 2587 vasse
2221 2546 2382 2601 quam
2432 2531 2618 2587 eadem
2665 2531 2733 2587 ab
2784 2530 2940 2585 initio
2984 2529 3361 2599 acquisivisse.
3409 2524 3582 2591 Quam

2017 2637 2147 2678 sane
2177 2624 2505 2678 sententiam
2539 2621 2765 2693 protulit
2794 2621 3014 2691 quidam
3036 2661 3051 2686 ,
3085 2620 3174 2689 qui
3206 2619 3334 2674 olim
3367 2622 3585 2687 sapien-

2022 2717 2108 2771 tia:
2140 2717 2359 2771 nomine
2393 2717 2447 2770 in
2483 2715 2840 2771 admiratione
2877 2722 2992 2768 erat
3017 2713 3467 2783 (Demosthenes,
3501 2710 3586 2763 in-

2020 2823 2204 2877 quam,
2229 2807 2388 2876 cujus
2418 2822 2610 2862 nomen
2640 2809 2867 2863 honesta
2892 2822 3016 2862 cum
3047 2805 3425 2860 recordatione
3451 2817 3584 2858 cono

2021 2899 2254 2964 servavit
2276 2910 2484 2967 tempus
2501 2899 2554 2954 id
2573 2913 2734 2953 omne
2750 2900 2891 2967 quod
2913 2898 3051 2952 inter
3068 2897 3242 2966 ipsum
3262 2905 3587 2964 aetatemque

2026 3001 2268 3046 nostram
2312 2990 2688 3059 intercessit),
2720 2991 2894 3059 deque
2928 2989 3092 3044 rebus
3127 2987 3259 3057 ipsis
3297 2987 3582 3056 apparuit,
3685 2982 3688 2984 ⁷

2012 3097 2131 3136 eam
2158 3097 2281 3138 esse
2307 3083 2671 3151 verissimam,
2698 3084 2786 3138 cui
2813 3096 2970 3137 nemo
2995 3082 3366 3136 contradicere
3393 3079 3582 3148 possit.

293 3176 410 3236 τοῖς
444 3176 760 3238 ἀδυνάτοις
801 3177 1104 3247 ἐπιχειρεῖν
1126 3217 1140 3241 ,
1176 3178 1270 3230 καὶ
1307 3177 1518 3230 οἴεσθαί
1564 3193 1626 3244 γε
1657 3178 1907 3246 γλῶτταν

2017 3175 2196 3246 Neque
2221 3191 2348 3232 vero
2375 3177 2701 3243 mirandum,
2728 3176 2942 3246 opinor,
2971 3177 3024 3230 in
3052 3175 3102 3232 id
3127 3189 3210 3230 me
3236 3172 3584 3228 descendisse

297 3268 673 3340 χαμαίζηλον
719 3267 984 3321 δύνασθαί
1013 3284 1066 3321 τι
1098 3268 1228 3338 περί
1277 3268 1491 3337 ἑκείνης
1533 3269 1810 3338 προσῆκον
1840 3269 1914 3321 εί-

301 3364 452 3426 πεϊν,
482 3367 592 3434 τῆς
632 3361 772 3430 ὑψοῦ
816 3363 914 3432 μὲν
957 3362 1281 3433 πετομένης,
1320 3362 1456 3432 ὑψοῦ
1485 3363 1542 3416 δὲ
1576 3363 1915 3432 ἐπαιρούσης

304 3455 590 3524 ἐκείνους,
625 3457 680 3510 οἶ
716 3455 952 3524 τάγαθὸν
985 3455 1368 3525 ἐργαζόμενοι,
1404 3456 1502 3508 οῦκ
1540 3455 1723 3508 ἴσασιν
1757 3455 1914 3508 ἐπαί-

309 3547 535 3614 ρεσθαι.
567 3549 651 3602 Οὐ
674 3547 902 3616 τοίνυνῆ
923 3547 982 3600 τὸ
1016 3544 1246 3616 μέγεθος
1270 3545 1368 3614 τῆς
1396 3545 1490 3598 νῦν
1519 3546 1911 3616 ἐγχειρήσεως,

307 3635 343 3706 ἢ
405 3640 668 3709 ἐμαυτὸν
725 3641 975 3707 ἀγνοῶν,
1033 3637 1272 3692 ἐνταῦθα
1335 3639 1538 3708 τόλμης
1594 3637 1909 3707 ἐξελήλυθα.

313 3729 453 3784 Οῦδὲ
516 3735 639 3804 γὰρ
699 3733 925 3802 Φαῖδρον
978 3731 1200 3799 ἀγνοῶ,
1259 3733 1308 3784 εἰ
1377 3731 1453 3801 μή
1518 3733 1611 3783 καὶ
1672 3729 1912 3799 ἐμαυτοῦ

314 3822 724 3896 ἐπιλέλησμαι,
780 3828 917 3881 κατά
979 3827 1069 3880 τὸν
1133 3826 1451 3894 Ἀρίστωνος
1498 3824 1777 3878 Πλάτωνα.
1841 3824 1913 3878 Σὺ

320 3910 376 3965 δέ
456 3932 554 3984 μοι
614 3916 858 3980 παντως,
928 3909 973 3968 ὦ
1044 3915 1300 3980 φίλτατε,
1370 3915 1464 3966 καὶ
1533 3913 1594 3966 τὸ
1647 3913 1775 3982 περὶ
1853 3916 1912 3967 σὲ

324 4005 473 4074 μέγα
507 3995 764 4079 ιρξλτρον,
802 4007 1062 4070 ὑπόθεσίς
1109 4025 1201 4077 μοι
1254 4003 1347 4058 τοῦ
1406 4007 1760 4074 τολμήματος
1813 4007 1913 4076 ήδη

329 4111 446 4156 πως
481 4101 707 4169 γέγονε.
739 4099 804 4152 Σὲ
845 4099 946 4168 μὲν
974 4099 1080 4169 γὰρ
1107 4099 1155 4150 εἰ
1189 4097 1264 4166 μὴ
1293 4096 1460 4165 ῐδσιμι
1495 4097 1672 4150 πάντα
1711 4097 1915 4166 ἀγαθὸν

332 4185 532 4259 ἄνδρα,
563 4191 716 4246 οὐδὲν
749 4189 856 4245 τῶν
885 4191 945 4243 δν
975 4187 1056 4258 τῷ
1086 4185 1187 4260 βίῳ
1218 4188 1468 4259 τερπνῶν
1503 4189 1824 4260 ήγησαίμην
1850 4190 1917 4245 ἄν

335 4293 468 4334 ποτε
497 4283 620 4338 τῶν
639 4282 892 4352 τερπνῶν
924 4279 1086 4337 εἶναι.
1113 4280 1186 4337 Τὸ
1215 4283 1436 4353 φίλτρον
1465 4281 1522 4336 δέ
1548 4299 1610 4353 γε
1640 4285 1915 4351 τοσοῦτον,

335 4370 461 4428 ὅσον
534 4393 604 4447 με
665 4377 764 4431 καὶ
825 4376 1172 4449 παροτρῦναι
1233 4376 1529 4447 πράγμασι
1595 4377 1917 4434 παντάπασι

339 4465 588 4532 μείζοσιν
638 4469 672 4541 ἢ
726 4470 869 4524 κατὰ
911 4473 1014 4542 τὴν
1063 4469 1343 4541 ἡμετέραν
1395 4468 1552 4538 ἰσχὺν
1613 4472 1915 4540 ἐγχειρεῖν.

2015 3277 2289 3324 certamen
2333 3270 2478 3340 quod
2518 3267 2708 3339 fugere
2749 3268 3030 3323 debebam.
3080 3266 3286 3336 Quippe
3328 3281 3435 3320 non
3479 3264 3584 3318 iut-

2015 3361 2156 3428 pulsi
2189 3363 2510 3427 temeritate,
2544 3369 2776 3415 mentem
2810 3360 3117 3424 amisimus,
3147 3369 3206 3411 ut
3233 3371 3295 3411 ea
3327 3369 3588 3410 conemur

2015 3466 2134 3520 qum
2162 3453 2408 3520 praestari
2441 3461 2732 3522 nequeant,
2761 3451 3130 3520 humilemque
3159 3450 3393 3518 linguam
3428 3457 3586 3517 pute-

2017 3559 2140 3598 mus
2166 3545 2372 3615 aliquid
2401 3547 2485 3600 illa
2516 3547 2714 3600 virtute
2742 3546 2960 3614 dignum
2991 3545 3234 3614 proferre
3261 3557 3441 3610 posse,
3469 3557 3587 3610 qum

2017 3639 2071 3692 in
2106 3639 2321 3692 sublimi
2361 3638 2538 3705 volat,
2575 3647 2630 3692 et
2667 3640 2718 3694 in
2757 3639 2922 3690 altum
2958 3637 3156 3692 attollit
3189 3651 3282 3690 eos
3317 3635 3406 3701 qui
3443 3635 3585 3702 quod

2019 3739 2224 3782 rectum
2254 3737 2339 3784 est
2369 3732 2488 3783 cum
2519 3738 2801 3801 peragant,
2835 3729 3032 3781 animis
3065 3736 3244 3780 tamen
3276 3724 3453 3779 etl‘erri
3492 3740 3588 3778 ue-

2017 3820 2217 3874 sciunt.
2246 3820 2388 3885 Non,
2417 3821 2662 3889 inquam,
2694 3821 2772 3874 vel
2805 3830 3036 3874 conatus
3063 3817 3231 3888 ipsius
3261 3817 3587 3885 magnitudi-

2020 3926 2164 3977 nem,
2199 3912 2278 3965 vel
2313 3911 2576 3981 tneipsum
2611 3910 2892 3980 ignorans,
2927 3909 3032 3964 huc
3062 3907 3305 3962 audacia:
3337 3922 3587 3977 progres-

2020 4016 2114 4056 sus
2149 4016 2289 4056 sum.
2325 4001 2434 4056 Nec
2467 4001 2612 4054 enim
2653 4001 2840 4070 ignoro
2873 3998 3195 4063 Phaedrum,
3230 3997 3331 4052 nisi
3368 3999 3590 4052 meimet

2021 4092 2189 4160 ipsius
2219 4093 2420 4147 oblitus
2454 4091 2554 4146 sim
2576 4131 2590 4156 ,
2626 4090 2924 4147 secundum
2961 4089 3124 4144 filium
3163 4088 3431 4140 Aristonis
3465 4085 3590 4140 Pla-

2021 4194 2222 4238 tonem.
2249 4183 2513 4238 Nimirum
2545 4193 2620 4246 tu,
2648 4182 2968 4237 charissime
2997 4181 3068 4234 [ili
3087 4220 3101 4244 ,
3127 4191 3180 4234 et
3206 4179 3436 4234 eximias
3461 4193 3589 4247 erga

2022 4285 2074 4331 te
2116 4290 2266 4332 meus
2307 4291 2480 4338 amor,
2525 4274 2746 4329 audacis
2791 4271 3020 4341 hujusce
3065 4271 3323 4325 facinoris
3368 4285 3588 4324 causam

2022 4365 2151 4421 mihi
2189 4364 2438 4436 praebuit.
2478 4363 2610 4418 Nam
2650 4363 2753 4418 nisi
2794 4373 2844 4416 te
2879 4374 2973 4431 per
3009 4358 3189 4413 on'tnia
3225 4357 3400 4412 virum
3435 4370 3594 4424 egre-

2020 4459 2166 4529 gium
2203 4459 2455 4522 videam,
2493 4456 2625 4511 nihil
2659 4458 2712 4510 in
2748 4455 2858 4510 vita
2891 4451 3194 4524 jucundum
3231 4449 3422 4519 volupe
3461 4448 3591 4501 tuihi

339 4553 508 4611 Τοῦτό
541 4575 634 4630 μοι
662 4539 724 4612 τὸ
745 4539 979 4630 φίλτρον*
1005 4539 1307 4628 εἰργάσατο
1336 4558 1464 4623 τούς
1489 4576 1549 4612 τε
1579 4539 1911 4628 λόγουςίτουο

2026 4565 2262 4620 unquam
2311 4549 2494 4604 fuerit.
2532 4550 2697 4604 Amor
2731 4563 2859 4602 vero
2903 4557 3086 4601 tantus
3124 4552 3241 4608 est,
3277 4553 3335 4596 ut
3371 4539 3438 4594 ad
3476 4550 3594 4591 ten-

339 4649 492 4702 τουσι
522 4652 650 4714 τοὺς
671 4651 925 4714 πολλοὺς,
960 4652 1056 4704 καὶ
1096 4651 1165 4705 τὰ
1208 4651 1348 4720 πρὸς
1396 4652 1455 4703 σὲ
1502 4651 1778 4717 κεφάλαια
1820 4652 1916 4706 σὺν

343 4736 677 4805 ἐπιστολαῖς.
713 4742 888 4798 Τοῦτο
914 4743 1040 4796 καθ’
1069 4742 1398 4813 ὑπερϐολὴν,
1444 4743 1564 4811 μεθ’
1598 4743 1805 4812 ἑαυτῆς
1855 4744 1916 4795 τὸ

345 4829 568 4901 εὔλογον
599 4835 852 4904 ἔχουσαν,
908 4833 1255 4905 βιαζόμενον,
1287 4835 1368 4897 εἰς
1402 4832 1562 4885 τοῦτό
1620 4850 1687 4901 με
1730 4850 1912 4903 πραγ-

356 4923 537 4987 μάτων
563 4927 881 4997 ἐξήνεγκεν,
901 4929 959 4980 ὲν
977 4930 1189 4996 καιροῖς
1221 4925 1283 4978 οὗ
1316 4925 1667 4995 συγχωροῦσι
1698 4927 1790 4980 τὸν
1821 4928 1914 4980 ἐπὶ

348 5018 453 5070 τῶν
480 5022 684 5075 οἰάκων
715 5023 1047 5091 καθήμενον,
1069 5021 1263 5075 ἄλλοσέ
1300 5038 1391 5073 ποι
1422 5022 1549 5083 τοὺς
1599 5020 1914 5088 ὀφθαλμοὺς

352 5109 631 5182 τρέπει·ιῆ
671 5113 806 5182 πρὸς
837 5112 1002 5182 μόνας
1041 5112 1138 5172 τᾶς
1161 5111 1271 5162 τῶν
1308 5109 1572 5178 κυμάτων
1624 5111 1912 5178 ἐπιφοράς.

357 5387 418 5466 ’ῼ
449 5402 560 5470 γὰρ
607 5403 747 5456 λαοί
801 5405 850 5455 τ’
885 5401 1368 5470 ἐπιτετράφαται,
1421 5401 1520 5456 καὶ
1572 5405 1768 5526 tol'crog
1820 5404 1925 5471 μέ-

1640 5491 1719 5526 un
1765 5492 1815 5526 ε.

459 5526 464 5530 .
1617 5492 1794 5530 ιμηνιε

459 5526 464 5530 .
1723 5478 1794 5526 λε

363 5550 507 5612 εἶπεν
546 5559 612 5614 ἂν
641 5563 668 5614 ὁ
701 5559 952 5632 ποιητής,
980 5561 1043 5614 οὐ
1079 5559 1279 5632 ῥᾳδίως
1303 5558 1527 5614 δύναται
1561 5471 1766 5624 οἷξηὲιν
1799 5513 1921 5616 iee-

358 5644 536 5720 λήσειε
565 5651 823 5723 χρῆσθαι.
855 5651 922 5705 Ai
944 5651 1055 5721 γὰρ
1081 5652 1220 5722 ὑπὲρ
1267 5651 1378 5704 τῶν
1417 5651 1616 5705 κοινῶν
1645 5652 1918 5724 ἀσχολίαι,

365 5743 489 5809 πρὸς
529 5745 728 5807 ἑαυτὰς
755 5741 849 5795 τὸν
887 5742 1012 5796 νοῦν
1041 5742 1499 5812 ἐπιστρέφουσαι,
1547 5741 1736 5813 ῶσπερ
1796 5744 1920 5797 τινὰ

362 5827 641 5905 δεσμώτην
680 5832 937 5888 πεδοῦσαι
966 5831 1178 5900 τοῦτον,
1207 5831 1466 5903 ἀσφαλῶς
1513 5832 1916 5904 διακατέχουσι.

2022 4647 2242 4700 tandum
2281 4660 2367 4699 res
2401 4645 2623 4698 omnino
2657 4644 2862 4697 viribus
2898 4639 3100 4695 nostris
3135 4637 3367 4704 majores
3400 4633 3592 4701 impel-

2019 4738 2134 4792 lere
2166 4737 2425 4806 potuerit.
2456 4733 2554 4790 llic
2586 4749 2740 4788 amor
2767 4742 2820 4785 et
2850 4730 3159 4799 complures
3189 4726 3357 4779 hasce
3387 4724 3588 4776 oratio.

2022 4845 2138 4896 nes,
2173 4838 2227 4883 et
2261 4827 2350 4882 illa
2387 4827 2516 4881 mihi
2549 4827 2749 4893 capita,
2780 4839 2903 4877 cum
2939 4818 3206 4889 epistolis,
3237 4813 3536 4868 elaboravit
3571 4831 3586 4866 :

2020 4923 2108 4976 hic
2142 4936 2226 4976 me
2259 4921 2424 4974 nimia
2456 4919 2503 4971 vi
2539 4918 2771 4989 quadam
2801 4929 3038 4981 urgens,
3073 4924 3193 4962 cum
3227 4923 3330 4975 qua
3365 4905 3587 4972 conjun-

2021 5024 2107 5095 cta
2137 5012 2432 5082 probabilis
2458 5020 2600 5064 esset
2632 5009 2801 5070 ratio,
2828 5003 2893 5058 ad
2922 5005 3018 5056 has
3046 4999 3279 5066 abripuit
3305 5011 3589 5050 commeu-
3679 5020 3690 5028 -

2024 5088 2276 5168 lationes,
2323 5112 2378 5156 et
2422 5101 2526 5154 illis
2569 5099 2783 5168 quidem
2831 5093 3166 5161 temporibus
3206 5105 3325 5158 qum
3371 5088 3592 5142 minimo

2023 5197 2344 5266 permittunt
2386 5203 2441 5248 ut
2483 5191 2575 5260 qui
2615 5188 2769 5244 sedet
2811 5187 2878 5240 ad
2917 5187 3126 5239 clavum
3168 5183 3274 5236 alio
3314 5189 3594 5236 convertat

2021 5289 2213 5343 oculos
2242 5303 2398 5356 quam
2427 5284 2572 5338 solos
2598 5284 2662 5336 ad
2691 5283 2922 5348 impetus
2948 5277 3331 5346 procellarum.
3363 5275 3491 5328 Nam
3525 5274 3590 5336 is,

2132 5398 2234 5454 Cui
2273 5394 2453 5464 populi
2477 5393 2769 5458 commissi,
2791 5402 2842 5448 et
2879 5393 3008 5446 talia
3039 5399 3293 5458 tantaque
3321 5403 3486 5451 cum,

2026 5552 2484 5625 quemadmodum
2518 5560 2674 5621 poeta
2705 5551 3040 5621 loqueretur,
3071 5564 3176 5602 non
3208 5545 3369 5602 facile
3394 5544 3592 5612 quibus

2029 5649 2142 5702 vult
2175 5647 2251 5701 uti
2286 5655 2482 5717 potest.
2514 5643 2727 5698 Etenim
2758 5641 3146 5710 occupationes
3186 5654 3283 5706 pro
3316 5636 3592 5703 republica

2031 5748 2266 5793 mentem
2297 5737 2414 5806 ejus
2445 5736 2510 5789 ad
2559 5748 2618 5789 se
2655 5733 3012 5795 retrahentes,
3049 5730 3310 5798 quasique
3353 5727 3593 5778 vinctqu

2030 5821 2265 5899 aliquem
2310 5827 2515 5899 pcdicis
2549 5827 3003 5894 constringentes,
3042 5825 3292 5874 accurate
3327 5819 3592 5880 detinent,
