3990 6556
453 416 553 486 53i
1644 432 2036 495 MANUELIS
2068 433 2518 498 PALEOLOGI
3602 432 3755 497 532

446 536 510 590 Et
546 533 768 605 pedicas
791 540 957 605 atque
986 536 1215 594 vincula
1239 540 1433 597 merito
1455 541 1579 612 quis
1607 543 2023 609 existimaverit,

2135 546 2309 608 Πέδας
2339 544 2387 599 δ’
2427 545 2498 601 ἂν
2529 540 2687 616 οἶμαι
2719 547 2814 600 καὶ
2853 545 3030 617 δεσμά
3055 545 3287 611 δικαίως
3310 548 3420 612 πᾶς
3441 564 3526 611 τις
3550 548 3754 617 νομι-

384 659 391 667 ο
447 630 661 691 Minor,
697 638 959 699 urgentes
989 630 1109 686 illas
1140 642 1403 701 perpetuo
1435 649 1618 689 rerum
1652 634 2021 691 diflicultates.

2127 653 2240 690 σειε
2267 637 2367 703 τὰς
2399 638 2487 691 ἀεὶ
2513 621 2949 707 κατεπειγούσας
2972 638 3247 708 ἀνάγκας.
3279 639 3499 694 Πολλῶν
3529 641 3585 694 δέ
3626 640 3751 693 δν-

446 715 580 768 υυιιι
614 729 795 774 autem
827 720 1010 789 plures
1038 731 1094 778 et
1126 724 1304 793 magni
1332 725 1458 791 viri,
1491 735 1600 781 tam
1627 726 1823 797 priscis
1856 742 2019 798 quam

2127 747 2236 784 των
2267 731 2362 784 καὶ
2393 731 2647 801 μεγάλων
2677 730 2787 784 τῶν
2817 731 2945 802 περὶ
2972 731 3485 802 ταπεινοφροσύνης
3521 747 3752 801 προει-

449 810 661 868 nostris
705 813 1066 882 temporibus,
1103 817 1379 873 orationes
1421 827 1549 873 ante
1581 832 1680 874 nos
1706 819 1774 876 de
1804 820 2025 875 humili—

2132 823 2381 892 ρηκὸτων
2413 827 2509 877 καὶ
2539 824 2598 876 ὲν
2625 826 2737 887 τοῖς
2766 822 2973 887 πάλαι,⁶
2991 821 3087 876 καὶ
3109 824 3170 876 ἐν
3196 825 3311 887 τοῖς
3351 821 3474 889 νῦν,
3532 824 3753 885 οὐδεὶς

447 910 565 956 tate
605 902 913 970 habuerint,
948 919 1105 962 neruo
1135 916 1315 963 tamen
1353 924 1589 979 unquam
1636 914 1819 968 omnia
1861 914 2023 972 dixit.

2127 916 2342 970 οὐδέπω
2365 917 2426 969 τὸ
2447 918 2556 970 πᾶν
2579 916 2793 987 εἴρηκε.
2836 915 3031 969 Καίτοι
3060 918 3173 980 τοῖς
3206 916 3338 987 παρ’
3368 916 3584 971 ἑαυτῶν
3636 915 3750 968 λό-

447 993 608 1062 Atqui
657 994 772 1049 suis
822 994 967 1049 illam
1012 998 1358 1055 orationibus
1400 1015 1566 1071 quam
1613 1003 1829 1075 egregie
1864 1012 2024 1074 putas

2127 1027 2247 1077 γοις
2285 1009 2405 1073 πῶς
2436 1010 2538 1063 οίει
2574 1009 2785 1079 ταύτην
2822 1009 3185 1081 ἐκόσμησανς
3233 1009 3384 1063 Ἀλλ’
3433 1009 3531 1079 ἥδε
3593 1015 3746 1075 τοῖς

448 1086 764 1139 ornarunt?
801 1085 1009 1142 Tamen
1053 1105 1179 1144 cum
1210 1093 1424 1163 angelis
1466 1108 1528 1149 ea
1566 1095 1787 1164 degens,
1827 1097 2025 1153 nimio-

2127 1102 2389 1170 ἀγγέλοις
2420 1092 2879 1173 συνδιαίτωμένη.
2915 1103 3056 1172 μετά
3086 1101 3294 1171 πολλῆς
3320 1102 3423 1172 τῆς
3471 1104 3749 1174 ὑπερσοο

446 1187 580 1243 pere
624 1190 789 1244 supra
819 1178 1009 1234 laudes
1036 1195 1231 1237 omnes
1257 1199 1377 1253 quae
1426 1186 1530 1256 ipsi
1565 1188 1881 1245 tribuuntur
1915 1190 2021 1247 sita

447 1276 553 1320 est.
595 1267 814 1324 Scimus
846 1272 1012 1340 igitur
1060 1273 1184 1330 illos
1221 1276 1484 1345 praeclare
1536 1279 1769 1347 locutos,
1810 1282 1854 1337 si
1902 1283 2025 1353 quis

2125 1196 2225 1266 λῆς
2263 1196 2590 1264 ὑπέρκειται
2622 1195 2731 1248 τῶν
2779 1195 2901 1247 κατ’
2940 1195 3114 1264 αὐτῆς
3161 1196 3478 1265 ἐγκωμίων.
3520 1197 3744 1265 Ἰσμεν

2121 1292 2304 1344 τοίνυν
2336 1289 2583 1351 ἐκείνους
2619 1290 2717 1359 μὲν
2751 1288 2939 1350 καλῶς
2973 1290 3256 1353 είπόντας,
3283 1290 3338 1343 ετ
3358 1307 3446 1352 τις
3476 1292 3556 1352 είς
3609 1289 3743 1358 τὴν

446 1367 502 1413 et
532 1359 772 1430 ipsorum
805 1363 1083 1418 hominum
1113 1374 1169 1420 et
1195 1366 1503 1424 orationum
1532 1371 1639 1426 vim
1666 1382 1895 1443 spectet,
1926 1375 2022 1431 sed

445 1450 610 1505 iidem
646 1452 853 1509 scimus
882 1465 938 1510 et
966 1458 1111 1513 hanc
1159 1459 1420 1515 virtutem
1453 1476 1549 1517 eos
1579 1464 1672 1534 qui
1721 1464 1928 1537 aliquid
1961 1468 2027 1523 de

445 1557 511 1597 ea
554 1544 740 1599 dicere
776 1555 1068 1611 conantur.
1114 1551 1404 1621 cupiditati
1434 1568 1549 1609 suae
1599 1542 2029 1628 minime'pares

445 1634 749 1692 declarare.
800 1638 1169 1704 Quamobrem
1210 1643 1504 1700 manifesto
1545 1655 1718 1715 patet,
1752 1650 2024 1707 neminem

446 1728 501 1784 id
549 1740 954 1797 assecuturum,
999 1742 1059 1787 ut
1101 1749 1168 1789 ex
1216 1735 1483 1807 dignitate
1516 1739 1580 1794 dc
1622 1739 1724 1796 hac
1766 1742 2024 1798 disserat.

448 1820 663 1892 Quippe
692 1823 947 1879 virtutem
980 1840 1077 1894 per
1098 1841 1157 1881 se
1186 1835 1293 1881 tam
1325 1830 1622 1899 egregiam,
1649 1839 1757 1887 tam
1785 1832 2025 1904 splendi-

450 1915 595 1982 dam,
634 1923 740 1970 tam
785 1916 1013 1971 omnino
1046 1918 1245 1973 bonam
1283 1928 1336 1975 et
1363 1921 1742 1987 excellentem,
1772 1941 2020 1995 qutenam

448 2020 666 2076 aequare
697 2011 873 2091 possit
910 2012 1135 2067 oratio?
1168 2009 1278 2069 Nec
1304 2022 1484 2070 tamen
1519 2016 1725 2073 idcirco
1755 2018 2024 2075 silendum

447 2101 749 2167 universis,
795 2108 888 2159 sed
936 2118 1161 2172 prorsus
1201 2121 1232 2161 e
1265 2109 1545 2163 contrario
1576 2110 1800 2165 dicenda
1834 2111 2027 2167 confe-

450 2194 732 2265 rendaque
756 2197 810 2251 in
845 2199 1107 2281 medium,
1131 2214 1472 2269 quaecunque
1500 2204 1734 2273 proferri
1772 2214 2025 2275 possunt.

446 2287 707 2346 Fortasse
737 2290 1008 2360 quispiam
1058 2307 1167 2347 non
1214 2295 1447 2352 celebris
1494 2307 1681 2353 orator
1710 2299 1775 2353 de
1800 2314 1862 2356 ea
1895 2297 2023 2370 quid

449 2380 651 2436 dixerit
679 2382 748 2438 ab
781 2382 898 2453 ejus
922 2384 1220 2441 eminentia
1250 2401 1357 2443 non
1386 2376 1884 2456 alienum,‘etalius
1905 2407 2029 2446 rur-

449 2489 591 2537 sum.
629 2475 903 2542 similiter,
936 2476 1244 2548 iterumque
1274 2479 1527 2538 fortassis
1558 2490 1611 2537 et
1636 2482 1795 2537 alius.
1827 2481 1961 2538 Nam
1993 2497 2024 2538 a

447 2566 664 2620 ratione
704 2581 813 2621 non
846 2567 1123 2628 abhorret,
1154 2570 1388 2640 aliquem
1440 2587 1544 2627 una
1577 2572 1632 2627 in
1664 2586 1819 2642 parte
1855 2574 2026 2643 magis

445 2659 597 2715 illam
620 2668 941 2715 ornaturum
975 2676 1137 2730 quam
1164 2663 1299 2719 alios
1322 2665 1417 2720 illo
1442 2666 1870 2735 prmstantiores.
1900 2667 2025 2723 Vidi

445 2752 697 2819 equidem
745 2753 849 2807 hoc
896 2753 1058 2809 rebus
1093 2754 1148 2809 in
1192 2756 1452 2812 omnibus
1500 2760 1744 2824 evenire,
1784 2774 1884 2815 nec
1914 2775 2023 2815 non

448 2859 571 2898 eum
617 2842 787 2900 feram
823 2856 1065 2916 nactum,
1105 2850 1195 2919 qui
1235 2866 1343 2906 non
1379 2851 1668 2908 admodum
1701 2865 1817 2911 arte
1841 2854 2025 2925 sagit-

448 2937 942 3008 tandicxcelleret,
972 2957 1036 2997 ac
1064 2942 1280 3000 felicius
1308 2945 1526 3015 quidem
1547 2946 1633 3003 vel
1666 2948 1787 3017 ipso
1813 2946 2026 3003 Teucro

447 3039 504 3083 ct
542 3030 631 3084 ida
663 3031 871 3101 prisco,
906 3042 961 3088 et
990 3033 1034 3089 si
1074 3034 1199 3104 quis
1237 3036 1379 3092 alius
1405 3052 1537 3093 areu
1574 3039 1866 3093 maximam
1897 3040 2027 3096 ade-

447 3131 579 3193 ptus
596 3134 677 3178 est
701 3124 951 3194 gloriam.
976 3125 1318 3196 Quapropter
1340 3142 1532 3184 omnes
1552 3129 1801 3185 conferre
1825 3129 2026 3185 debent

2125 1382 2234 1435 τῶν
2293 1380 2602 1451 ἀνθρώπων
2634 1382 2732 1434 καὶ
2780 1380 2883 1452 τὴν
2914 1380 3025 1435 τῶν
3059 1380 3237 1449 λόγων
3291 1381 3446 1450 ίσχίιν
3480 1380 3683 1435 ἀπίδοι
3718 1396 3740 1413 ’

2124 1473 2287 1545 ἴσμεν
2313 1474 2369 1527 δὲ
2400 1473 2493 1527 καὶ
2528 1472 2736 1542 ταύτην
2769 1472 2869 1543 τὴν
2902 1472 3107 1542 ἀρετὴν
3147 1473 3286 1526 πολὺ
3326 1474 3560 1527 κατόπιν
3614 1475 3742 1542 τῆς

2126 1565 2445 1637 προθυμίας
2472 1564 2875 1621 ἀποδεικνῦσαν
2896 1565 3023 1629 τούς
3045 1582 3111 1634 γε
3140 1566 3268 1636 περὶ
3294 1565 3489 1634 ,αὐτῆς
3523 1582 3579 1617 τι
3633 1564 3743 1618 λέ-

2125 1676 2244 1729 γειν
2272 1658 2712 1731 ἐπιχειροῦντας.
2766 1658 2933 1712 Ὥστε
2962 1658 3200 1729 φανερὸν
3250 1659 3385 1728 ἡμῖν
3433 1659 3736 1726 γίγνεται,

2128 1749 2256 1821 μηδ’
2302 1750 2545 1803 ὁντινοῦν
2587 1750 2920 1820 δυνήσεσθαι
2970 1749 3065 1803 τὸν
3125 1750 3248 1804 κατ’
3286 1749 3448 1813 ἀξίαν
3503 1750 3731 1803 εἰπεῖν.

2140 1844 2335 1915 Ἀρετῇ
2362 1841 2471 1913 γὰρ
2509 1841 2652 1913 οὔσῃ
2681 1842 2808 1897 καθ’
2828 1843 2998 1914 αὐτὴν
3024 1842 3169 1896 οὕτω
3191 1842 3360 1912 καλῇ,
3400 1842 3546 1895 οὕτω
3571 1843 3646 1895 λα
3658 1860 3734 1909 μ-

2126 1937 2260 2007 πρᾷ,
2289 1934 2432 1988 οὓτω
2463 1934 2642 1989 πάντα
2673 1934 2853 2007 ἀγαθῇ
2878 1937 2975 1988 καὶ
2996 1934 3269 2005 βελτίστῃ,
3293 1933 3385 1996 τίς
3416 1934 3482 1988 ἂν
3512 1933 3733 1999 ἐξισωο

2122 2025 2244 2097 θείη
2277 2026 2406 2079 ποτέ
2428 2025 2620 2093 λόγοςς
2663 2026 2739 2079 Οὐ
2792 2026 2904 2097 μήν
2957 2041 3020 2094 γε
3075 2024 3165 2078 διὰ
3222 2023 3384 2078 τοῦτο
3438 2025 3733 2093 προσήκει

2126 2120 2285 2191 σιγὴν
2322 2118 2449 2183 τοὺς
2479 2120 2735 2183 ἅπαντας
2786 2121 2964 2187 άγειν,
3003 2118 3142 2173 ἀλλά
3182 2118 3501 2172 τούναντίον
3556 2118 3727 2173 ἅπαν

2123 2214 2384 2281 λέγειντί
2415 2211 2512 2265 καὶ
2555 2210 2939 2281 συνεισφέρειν
2987 2209 3049 2263 τὸ
3076 2208 3219 2264 κατά
3250 2209 3505 2277 δύναμιν.
3555 2211 3732 2281 Τάχα

2124 2323 2209 2371 τις
2237 2305 2367 2377 περὶ
2405 2303 2579 2375 αὐτῆς
2619 2304 2716 2358 καὶ
2738 2303 2849 2356 τῶν
2877 2303 2976 2355 οὐκ
3010 2304 3091 2367 εἰς
3137 2304 3328 2371 λόγους
3355 2303 3732 2370 εὐδοκιμούν-

2122 2414 2234 2451 των
2256 2399 2374 2470 ἐρεϊ
2393 2396 2467 2467 μὴ
2492 2396 2731 2467 πάμπαν
2754 2395 2962 2466 ἀπᾷδον
2989 2393 3083 2447 τοῦ
3116 2393 3330 2463 ταύτης
3364 2392 3542 2464 ὕψους
3567 2410 3583 2424 ·
3618 2393 3730 2447 καὶ

2125 2491 2284 2553 ἄλλος
2314 2486 2474 2554 αὖθις
2496 2488 2699 2560 ὁμοίως
2733 2502 2749 2518 ⁸
2788 2491 2884 2541 καὶ
2910 2488 3076 2541 πάλιν
3099 2487 3288 2559 ἕτερος
3318 2486 3468 2552 ἴσως.
3501 2488 3577 2542 Οὔ
3602 2487 3730 2557 γάρ

2122 2584 2352 2648 ἀπεικὸς
2376 2582 2467 2637 τὸν
2501 2581 2650 2636 δεῖνα
2690 2581 2774 2636 ἐνί
2825 2597 2904 2651 τῳ
2965 2583 3125 2651 μέρει
3154 2580 3383 2652 ςταύτην
3427 2581 3725 2650 κοσμῆσαι

2125 2678 2267 2749 ὑπὲρ
2296 2680 2427 2741 τοὺς
2461 2676 2713 2750 μείζους.
2755 2670 2909 2729 Εἶδον
2941 2677 3096 2728 τουτὶ
3117 2674 3447 2743 γιγνόμενον
3479 2673 3572 2727 ἐπὶ
3604 2673 3724 2726 τῶν

2124 2769 2402 2835 ἁπάντων,
2429 2770 2525 2823 καλ⁴
2563 2766 2906 2839 τετυχηκότα
2934 2766 3131 2837 θηρίου
3154 2767 3228 2836 μὴ
3256 2765 3401 2820 πάνυ
3432 2764 3724 2835 θαυμαζόο

2131 2879 2293 2933 μενον
2330 2861 2426 2914 ἐπὶ
2458 2858 2672 2929 τοξικῇ,
2719 2859 2945 2928 ἄμεινον
2974 2851 3129 2925 οἶμαι
3162 2856 3261 2909 καὶ
3291 2855 3561 2925 Τεύκρου,
3614 2856 3719 2908 καὶ

2128 2956 2247 3010 Ἴδα
2280 2952 2377 3008 τοῦ
2404 2950 2665 3018 παλαιοῦ,
2698 2949 2795 3005 καὶ
2826 2950 2882 3003 εί
2907 2966 2991 3011 τις
3031 2948 3191 3013 ἀλλος
3222 2949 3316 3001 ἐπὶ
3360 2949 3474 3007 τοῖς
3532 2946 3720 3013 τόξοις

2130 3033 2402 3121 μεγίστην
2422 3047 2690 3115 κέκτηται
2725 3042 2912 3109 δόξαν.
2947 3042 3113 3095 Ὥστε
3154 3040 3238 3094 δεῖ
3270 3039 3398 3101 τοὺς
3460 3036 3720 3101 ἅπαντας

2128 3120 2525 3206 συνεισςρέρειν,
2553 3134 2682 3189 ὅταν
2714 3134 2774 3187 τὸ
2809 3135 2919 3187 πᾶν
2949 3126 3295 3198 ἐῦδείξασθαι
3338 3130 3407 3184 τά
3436 3130 3550 3183 τῶν
3593 3148 3720 3199 μει-

448 3230 571 3269 cum
629 3214 969 3272 declarandae
1009 3216 1087 3272 rei
1141 3219 1236 3273 toti
1284 3219 1549 3289 majorum
1597 3223 1877 3279 orationes
1920 3239 2024 3279 uon

2134 3230 2301 3296 ζόνων
2337 3229 2439 3282 οὐκ
2476 3227 2683 3298 ἐξαρκῇ
2712 3242 2726 3254 ·
2747 3224 2851 3281 κᾶν
2876 3223 3190 3297 προσθῶσιν
3221 3223 3457 3283 ἕκαστος
3484 3222 3553 3275 τὰ
3579 3222 3717 3293 παρ’

449 3306 748 3374 subiciunt,
799 3324 863 3365 ac
912 3309 1182 3380 siquidem
1230 3326 1327 3368 sua
1374 3313 1605 3383 quisque
1650 3315 1934 3385 adjecerit,
1969 3326 2025 3372 et

450 3408 703 3470 congesta
729 3400 934 3457 fuerint
962 3404 1203 3457 omnium
1235 3402 1401 3471 dicta,
1429 3405 1586 3474 quasi
1618 3421 1716 3475 per
1743 3407 2025 3464 collectam

449 3494 766 3563 quamdam,
794 3496 1149 3566 ipsorumque
1175 3507 1450 3553 oratorum
1471 3515 1564 3556 ora
1589 3500 1702 3555 visa
1735 3500 1937 3557 fuerint
1964 3517 2027 3557 os

450 3602 621 3642 unum
652 3602 795 3654 esse,
826 3587 1059 3645 fortasse
1097 3592 1326 3661 pronius
1358 3593 1711 3659 accesserint,
1749 3594 1812 3648 de
1836 3608 1896 3649 ea
1933 3594 2024 3665 qui

449 3681 744 3746 disserunt,
788 3682 855 3737 ad
896 3684 1021 3748 hoc,
1064 3692 1123 3738 ut
1149 3684 1373 3739 Omnino
1411 3685 1668 3755 quiddam
1705 3700 1767 3740 ea
1803 3686 2024 3756 dignum

448 3771 631 3830 dicere
652 3756 961 3832 videantur.
988 3775 1056 3830 Et
1082 3778 1305 3848 quidem
1334 3778 1607 3843 usuvenit,
1660 3786 1719 3831 ut
1751 3777 2025 3848 aenigmati

449 3866 732 3922 consimile
754 3869 847 3933 sit,
875 3868 1015 3923 hanc
1044 3869 1190 3924 circa
1210 3869 1466 3924 virtutem
1498 3870 1642 3939 quod
1664 3870 1881 3925 accidit.
1908 3866 2049 3923 Non‘

445 3958 589 4010 enim
614 3957 762 4012 illam
799 3974 866 4013 ex
898 3959 1167 4029 dignitate
1199 3962 1547 4027 admirando,
1583 3962 1877 4015 maximam
1903 3976 2026 4016 esse

448 4049 751 4113 declarant,
786 4049 883 4105 sed
919 4053 1042 4106 dum
1078 4051 1281 4122 pariter
1311 4067 1501 4107 omnes
1540 4068 1657 4108 eam
1692 4052 2025 4107 convenien-

447 4150 532 4194 ter
572 4140 794 4196 laudare
826 4154 1123 4210 nequeunt,
1164 4145 1369 4197 nullam
1405 4145 1708 4198 orationem
1742 4157 1902 4213 posse
1935 4157 2027 4197 su-

442 4230 774 4285 blimitatem
828 4231 988 4300 hujus
1049 4234 1293 4302 assequi,
1337 4232 1648 4287 ostendunt.
1698 4232 1814 4298 Quo
1858 4234 1917 4287 fit
1967 4242 2027 4288 ut

448 4323 677 4377 omnino
720 4324 833 4378 sint
868 4326 979 4379 lucc
1022 4326 1296 4396 :enigmati
1340 4326 1565 4392 sitnilia,
1598 4326 1884 4395 :siqttidem
1929 4340 2025 4397 per

447 4430 558 4470 non
591 4417 983 4471 convenientes
1014 4415 1198 4472 laudes
1227 4418 1573 4473 convenienti
1600 4432 1800 4472 corona
1844 4433 1904 4474 se
1938 4432 2028 4473 re-

450 4494 630 4562 dimit.
664 4506 900 4579 Ideoque
924 4520 1141 4579 rogatos
1183 4509 1465 4565 auditores
1489 4510 1756 4575 volumus,
1802 4526 1868 4566 ne
1896 4511 2023 4581 quid

2132 3322 2363 3385 ἑαυτῶν,
2384 3320 2477 3374 καὶ
2507 3318 2802 3390 συνενεχθῇ
2826 3318 2895 3373 τὰ
2924 3317 3146 3371 πάντων
3163 3315 3239 3379 ὡς
3267 3316 3327 3380 ἐξ
3355 3315 3584 3385 ἐράνου,
3618 3316 3720 3369 καὶ

2128 3415 2189 3470 ἓν
2207 3432 2269 3483 γε
2289 3413 2416 3484 δόξῃ
2436 3411 2613 3482 στόμα
2632 3412 2698 3465 τά
2720 3410 2830 3465 τῶν
2853 3410 3141 3475 εἰπόντων,
3170 3408 3376 3462 ἔλθοιεν
3391 3407 3458 3461 ἂν
3475 3409 3648 3475 ἐγγὺς
3665 3409 3717 3460 οἱ

2131 3506 2264 3576 περὶ
2316 3503 2537 3572 ἐκείνης
2592 3504 2838 3566 εἰπόντες
2874 3500 2968 3554 τοῦ
3009 3500 3195 3568 λέγειν
3223 3500 3359 3564 ὅλως
3392 3498 3545 3565 ἄξιον
3581 3502 3720 3570 περὶ

2128 3597 2547 3667 ταυτησλδόξαι.
2567 3595 2866 3666 Συμσαίνει
2884 3595 2947 3666 δή
2971 3611 3023 3647 τι
3043 3594 3221 3648 δοκεῖν
3246 3595 3479 3663 αἴνιγμα
3502 3591 3566 3647 τὸ
3583 3594 3716 3664 περὶ

2128 3692 2288 3764 τήνδε
2307 3690 2651 3761 γιγνόμενον.
2676 3688 2752 3743 Οὐ
2785 3687 2893 3758 γὰρ
2927 3686 3004 3758 τῷ
3030 3675 3201 3750 ’ἀξίως
3225 3687 3529 3756 Θαυμάσαι,
3558 3685 3718 3757 μεγί-

2132 3802 2265 3855 στην
2296 3784 2501 3852 ταύτην
2537 3775 2705 3835 οὖσαν
2741 3778 3127 3851 ἐμφαίνουσιν,
3155 3778 3272 3832 ἀλλ’
3301 3774 3383 3840 οἷς
3407 3794 3472 3847 γε
3508 3779 3718 3839 πάντες

2130 3876 2267 3945 ὁμοῦ
2303 3873 2397 3927 τοῦ
2441 3872 2813 3942 προσήκοντος
2856 3869 3080 3923 ἐπαίνου
3115 3858 3482 3930 διαπίπτουσι,
3513 3866 3574 3920 τὸ
3601 3884 3711 3934 μην

2128 3965 2254 4019 δένα
2296 3959 2556 4016 δύνασθαι
2616 3960 2771 4027 λόγον
2816 3957 3103 4026 ἐφικέσθαι
3153 3956 3246 4010 τοῦ
3277 3956 3482 4027 ταύτης
3540 3956 3713 4026 ὕψους

2128 4053 2487 4109 δεικνύουσιν.
2518 4052 2685 4105 ’Ὥστε
2728 4049 2917 4119 σαφῶς
2956 4050 3241 4120 αἰνίγματι
3279 4050 3455 4104 ταῦτα
3502 4050 3705 4117 ἔοικεν,

2129 4150 2179 4203 εί
2202 4149 2266 4218 δὴ
2296 4149 2409 4212 τοῖς
2451 4146 2527 4219 μὴ
2555 4144 2937 4228 γιγνομένοις,
2956 4145 3203 4209 ἐπαίνοις
3258 4146 3350 4200 τὸν
3381 4146 3707 4216 γιγνόμενον

2131 4241 2397 4309 στέφανον
2426 4240 2592 4311 ἑαυτῇ
2623 4237 2962 4309 περιτίθησι.
3021 4238 3132 4291 Καὶ
3174 4238 3356 4291 τοίνυν
3406 4236 3707 4307 παραιτοῦ.

2132 4328 2274 4398 μεθα
2302 4330 2427 4392 τοὺς
2453 4328 2755 4400 ἀκροατάς,
2802 4327 2970 4400 μηδὲν
3008 4327 3270 4398 δυσχερὲς
3300 4328 3701 4398 ἐντεθυμῆσθαι
3760 4324 3767 4331 ί

2129 4420 2259 4491 περὶ
2293 4418 2472 4489 ἡμῶν,
2502 4419 2637 4489 μηδέ
2676 4418 3014 4489 προπετείας
3034 4417 3257 4487 γραφὴν
3287 4417 3440 4485 ἡμᾶς
3480 4414 3697 4486 γράψα-

2131 4508 2279 4574 σθαι,
2304 4509 2354 4563 οἳ
2380 4508 2854 4581 προύθυμήθημεν
2880 4509 3053 4563 εἰπεῖν
3085 4509 3216 4578 περὶ
3240 4507 3496 4561 τοσούτου
3529 4507 3707 4576 πράγ-

449 4600 703 4657 acerbius
742 4602 811 4657 de
858 4601 1019 4657 nobis
1068 4603 1327 4674 cogitent,
1365 4616 1501 4659 neve
1551 4602 1877 4658 temeritatis
1924 4620 2025 4660 nos

2133 4618 2327 4670 ματος,
2354 4600 2402 4652 oi
2438 4602 2538 4669 τὴν
2568 4599 2723 4669 ίσχὺν
2763 4599 2974 4669 ἀδρανῆ
3015 4597 3373 4669 κεκτημένοι.
3415 4597 3707 4666 Παραιτεί-

449 4700 731 4758 accusent,
771 4692 865 4762 qui
908 4699 1059 4748 tanta
1093 4692 1161 4747 de
1192 4708 1249 4748 re
1284 4693 1665 4750 disserendum
1695 4697 2027 4766 cogitaveri-

446 4800 591 4849 mus,
638 4800 760 4840 cum
802 4784 945 4840 vires
996 4783 1047 4839 in
1095 4784 1255 4841 nobis
1308 4800 1444 4841 sane
1483 4796 1674 4842 tenues
1713 4788 1865 4855 sint;
1902 4803 2025 4842 nam

445 4886 597 4931 recte
632 4892 734 4931 nos
777 4885 1046 4933 excusant
1079 4893 1199 4947 quzc
1248 4878 1399 4947 prius
1439 4876 1700 4935 diximus.
1736 4878 1800 4934 Et
1827 4890 2025 4935 caetero

447 4970 539 5037 qui
573 4969 699 5040 jure
731 4969 873 5026 facta
908 4986 939 5026 a
972 4969 1130 5026 nobis
1155 4972 1294 5025 hanc
1324 4972 1733 5027 excusationem
1766 4972 2021 5027 arbitror.

446 5061 659 5115 Etenim
712 5063 947 5132 primum
996 5066 1047 5118 id
1081 5064 1225 5134 quod
1266 5064 1530 5133 compulit
1579 5079 1680 5121 nos
1712 5074 1772 5120 ut
1817 5063 1870 5119 in
1924 5065 2027 5120 hoc

446 5152 675 5223 pelagus
704 5167 921 5210 nosmet
952 5154 1392 5223 immittcrcmus,
1416 5173 1573 5213 acres
1604 5159 1671 5211 ad
1699 5154 2027 5228 persuaden-

448 5248 579 5298 dum
616 5245 755 5299 vires
798 5246 986 5311 habet,
1034 5256 1093 5301 ut
1126 5249 1388 5305 audacter
1421 5266 1536 5305 rem
1582 5251 2023 5322 aggrederentur,

446 5346 506 5391 et
535 5351 752 5391 omnem
783 5337 1024 5392 laborem
1064 5350 1227 5410 atque
1258 5340 1554 5409 periculum
1587 5358 1685 5413 pro
1710 5343 1812 5398 levi
1845 5359 1910 5398 ac
1940 5352 2026 5399 to-

448 5429 661 5484 lerabili
700 5430 1043 5487 duceremus.
1076 5433 1228 5489 Fecit
1257 5435 1403 5491 enim
1443 5435 1547 5490 hoc
1572 5438 1725 5492 amor
1753 5436 1870 5502 lilii,
1908 5447 2021 5491 tum

448 5523 653 5576 virtute
677 5523 1011 5591 praestantis,
1038 5534 1148 5578 tum
1177 5536 1453 5597 sceptrum
1481 5528 1533 5582 in
1562 5529 1814 5584 manibus
1836 5544 2026 5599 geren-

382 5674 391 5687 ‘
451 5618 543 5673 tis.
576 5615 784 5673 Deinde
816 5616 1280 5673 considerandum
1316 5620 1419 5676 hoc
1450 5636 1669 5691 quoque
1709 5622 1874 5678 venit.
1906 5620 2023 5676 Non

446 5711 591 5765 enim
616 5711 997 5766 ostentationis
1028 5726 1189 5766 causa
1223 5721 1496 5770 certamen
1526 5714 1629 5769 hoc
1656 5715 2022 5784 suscepimus,

448 5814 551 5854 ncc
572 5814 637 5855 eo
660 5802 1039 5870 spcctabamus
1064 5803 1130 5856 ab
1160 5802 1342 5869 initio,
1375 5805 1519 5875 quod
1543 5802 1896 5859 admirationi
1926 5817 2023 5858 no-

447 5890 542 5946 bis
573 5900 715 5948 esset
747 5893 1025 5949 humilitas
1061 5896 1191 5967 (non
1221 5895 1370 5952 enim
1402 5910 1464 5952 ea
1503 5894 1708 5953 nostris
1748 5894 2016 5951 laudatio-

2126 4711 2220 4747 ται
2248 4693 2357 4763 γάρ
2397 4691 2577 4756 καλῶς
2619 4692 2686 4745 τά
2711 4691 3114 4763 προειρημένα.
3179 4691 3290 4744 Καὶ
3318 4688 3494 4767 ἄλλως
3524 4686 3581 4741 δὲ
3612 4688 3706 4742 σὺν

2128 4786 2206 4858 τῷ
2228 4786 2423 4851 δικαίῳ
2454 4785 2553 4857 τὴν
2581 4788 2699 4841 νυνὶ
2728 4785 3069 4856 παραίτησιν
3094 4782 3431 4853 γεγενῆσθαί
3462 4800 3555 4852 μοι
3580 4780 3704 4853 φαί-

2128 4895 2303 4933 νεται.
2372 4876 2598 4949 Πρῶτον
2645 4874 2747 4947 μὲν
2780 4876 2891 4946 γάρ
2942 4874 3004 4927 τὺ
3060 4872 3364 4926 συνελάσαν
3429 4872 3579 4943 ἡμᾶς
3632 4871 3707 4932 είς

2129 4972 2277 5027 τοῦτ’
2305 4973 2529 5042 ἀφεῖναι
2562 4971 2622 5023 τὸ
2654 4969 2893 5038 πέλαγος
2917 4968 3090 5022 δεινόν
3122 4984 3173 5020 τι
3225 4964 3440 5020 πείθὶιν
3480 4965 3706 5036 τολμᾷν,

2127 5067 2225 5121 καὶ
2256 5066 2434 5120 πάντα
2459 5065 2621 5118 πόνον
2652 5064 2748 5116 καὶ
2781 5062 3030 5116 κίνδυνον
3057 5060 3263 5129 κοῦφον
3311 5058 3572 5129 ἡγεῖσθαι
3613 5055 3706 5111 καὶ

2129 5159 2413 5230 φορητόν·
2489 5156 2678 5218 παιδὸς
2706 5156 2816 5224 γάρ
2880 5153 3127 5224 φίλτρον,
3179 5153 3279 5205 καὶ
3322 5149 3554 5219 ἀγαθοῦ,
3615 5149 3708 5203 καὶ

2130 5251 2410 5322 σκῆπτρον
2450 5249 2668 5321 ἔχοντος
2696 5251 2751 5302 ἐν
2780 5250 2961 5319 χεροῖν
2988 5264 3005 5280 ο
3052 5246 3247 5300 επειτα
3279 5246 3374 5300 καὶ
3401 5243 3564 5300 τοῦτο
3592 5260 3714 5296 σκο-

2129 5345 2253 5395 πείν
2283 5342 2386 5398 δεῖ.
2411 5343 2486 5397 Οὐ
2520 5343 2628 5413 γὰρ
2658 5341 2724 5409 δὴ
2750 5341 2873 5393 κατ’
2909 5339 3172 5405 ἐπίδειξιν
3194 5339 3330 5409 πρὸς
3353 5340 3571 5391 τουτονὶ
3618 5339 3709 5389 τὸν

2127 5432 2294 5489 ἆθλον
2321 5433 2741 5501 ἀπεδυσάμεθα,
2773 5433 2894 5487 οὐδέ
2956 5434 3021 5487 τὸ
3067 5432 3352 5504 θαυμάσαι
3382 5431 3483 5501 τὴν
3521 5447 3709 5484 ταπει-

2128 5523 2472 5595 νοφροσύνην
2499 5524 2673 5588 οὔτως
2714 5523 2903 5585 ἁπλῶς
2931 5525 2959 5576 ὁ
2978 5523 3175 5584 σκοπὸς
3205 5525 3343 5593 ἡμῖν
3374 5521 3609 5591 ἐξαρκῇ
3640 5516 3707 5591 ἦν

2129 5616 2267 5674 (οὐδὲ
2297 5616 2406 5685 γὰρ
2432 5614 2602 5667 δεῖται
2626 5613 2734 5668 τῶν
2756 5613 2887 5683 παρ’
2923 5612 3081 5684 ημῶν
3102 5613 3340 5667 ἐπαίνων
3370 5612 3553 5683 ἐκείνη
3590 5611 3697 5683 γε)’

2128 5709 2245 5763 ἀλλ’
2281 5708 2430 5771 ὅπως
2463 5708 2600 5778 αῦτη
2645 5708 2860 5777 γένοιτο
2910 5705 2987 5778 τῷ
3026 5707 3181 5760 παιδὶ
3232 5705 3385 5776 φίλη,
3435 5705 3705 5768 καλλίστη

2128 5796 2301 5866 τούτῳ
2337 5800 2568 5869 φανεῖσα
2600 5812 2614 5829 ⁸
2644 5798 2738 5850 καὶ
2768 5793 3001 5867 ζητηθῇ,
3045 5795 3134 5850 διὰ
3158 5797 3220 5849 τὸ
3253 5795 3529 5864 φιλεῖσθαι
3563 5810 3576 5824 ⁸
3612 5794 3703 5848 καὶ

2130 5890 2330 5964 εὗρεθῇ
2357 5907 2460 5946 που
2493 5890 2710 5955 πάντως
2743 5889 2916 5963 αὖτῷ,
2945 5889 3250 5955 σπουδαίως
3290 5887 3499 5959 ταύτην
3536 5885 3703 5959 ἰχνεύ-
