3990 6570
242 417 363 477 ἷῖΠ

1633 415 1921 478 ORATIO
1960 416 2099 482 VII.

3388 413 3502 478 53S

243 535 542 602 ἄπρακτον
573 532 704 587 αὐτὸ
735 532 908 605 δείξῃ.
943 531 1106 586 ’Ὥστε
1136 531 1168 600 ἡ
1199 529 1297 600 μὲν
1331 528 1560 601 ἔπαρσις
1587 531 1822 593 καὶτοὺς

1938 539 2043 586 tam
2077 532 2285 588 reddat.
2315 530 2674 599 Quamobrem
2723 531 2885 588 elatio
2926 531 3070 603 ipsos
3088 530 3249 586 etiam
3279 529 3500 600 angelos

243 627 522 692 ἀγγέλους
553 627 818 680 ἀπόλλυσι
860 640 874 655 ⁸
905 626 1042 679 τὸδὲ
1071 625 1276 694 ταύτης
1314 623 1560 679 ἐναντίον
1622 627 1682 677 τὸ
1736 624 1832 690 μέ-

241 732 408 784 τριον
438 719 753 783 ἀναγκαίως
778 697 1039 771 τάναντία
1063 714 1450 786 διαπράξεται,
1499 717 1595 770 καὶ
1622 712 1830 769 ἐπανα-

251 811 422 863 σώσει
453 811 579 872 τοὺς
611 809 940 880 ἀνθρώπους
969 810 1046 878 τῷ
1078 809 1369 870 πλάσαντι,
1409 802 1487 862 ὧν
1518 809 1647 872 τοὺς
1695 823 1830 876 προ-

252 903 451 966 γόνους
479 900 769 953 ἀπώλεσεν
815 901 848 968 ἡ
887 900 1201 962 ἐξεναντίας
1235 901 1300 968 τῇ
1352 897 1828 968 ταπεινοφροσύνῃ

259 996 446 1047 κακία.
503 992 765 1045 Ἰαοθεῐαν
797 993 905 1061 γάρ
928 991 1350 1059 φαντασθέντες,
1376 990 1701 1044 ἐκπίπτουσι
1731 991 1829 1060 μὲν

264 1086 458 1137 ἐκεῖνοι
490 1084 587 1136 τοῦ
611 1083 944 1154 παραδείσου
985 1087 1082 1138 καὶ
1108 1082 1204 1136 τοῦ
1241 1082 1400 1145 Θεοῦ,
1429 1083 1491 1135 τὸ
1520 1082 1575 1135 δέ
1608 1097 1670 1149 γε
1697 1081 1827 1134 τού·

266 1194 376 1238 τοις
403 1177 617 1245 συμϐάν
643 1175 961 1237 ἀκολούθως
991 1179 1088 1229 καὶ
1142 1179 1256 1240 τοῖς
1282 1176 1340 1239 ἐξ
1366 1175 1550 1228 αὐτῶν
1582 1175 1830 1241 ἐπισυμ-

269 1270 434 1323 ϐαίνει
459 1270 668 1322 παισίν.
711 1269 852 1322 Ἀλλ’
892 1270 984 1322 ἐπὶ
1015 1267 1216 1322 νύσσαν
1237 1269 1330 1321 τὸν
1359 1267 1560 1320 πῶλον.
1620 1267 1683 1318 Ἤ
1716 1265 1828 1318 τοί-

267 1378 357 1411 νυν
381 1362 855 1430 ταπεινοφροσύνῃ
880 1363 975 1413 καὶ
1003 1360 1105 1426 τῆς
1137 1359 1370 1421 Αἴαντος
1403 1358 1635 1420 ἀσπίδος
1669 1357 1829 1425 ἀμεί-

268 1468 368 1501 νων
389 1451 830 1520 προϐεϐλημένη.
871 1447 979 1504 Ἦν
1028 1453 1126 1520 μὲν
1165 1451 1274 1520 γὰρ
1303 1449 1531 1519 κάκείνη
1575 1448 1824 1517 τοιαύτη,

271 1542 486 1610 βύρσαις
520 1542 662 1594 ἑπτά
693 1544 1202 1611 κατεσκευασμένη,
1242 1541 1330 1595 οῖα
1376 1541 1446 1594 τά
1506 1540 1616 1594 τῶν
1671 1538 1829 1592 πολε-

274 1637 403 1704 μίων
445 1636 573 1705 βέλη
613 1636 780 1705 μηδὲν
810 1638 940 1689 ὄντα
958 1636 1151 1701 δεῖξαι.
1194 1637 1267 1689 Οὐ
1302 1635 1409 1707 μὴν
1435 1635 1658 1689 κάκεῖνο
1688 1651 1829 1704 παρ-

271 1731 379 1798 εῖχε
429 1729 672 1800 θαρῤεῖν,
728 1730 805 1794 ὡς
848 1729 940 1800 ἄρ’
993 1731 1150 1784 οὐδὲν
1205 1729 1355 1782 ἔσται
1410 1728 1734 1798 μηχάνημα,
1768 1727 1830 1779 τὸ

271 1819 622 1890 δυνησόμενον
654 1837 786 1873 ποτε
811 1821 1016 1890 ταύτην
1048 1820 1269 1891 βλάψαι.
1288 1820 1352 1873 Ἦ
1385 1819 1442 1874 δὲ
1466 1835 1829 1888 ταπεινοφρο-

276 1911 423 1980 σύνη,
456 1911 738 1981 μονοειδής
765 1929 848 1974 τις
881 1907 1019 1965 οὖσα
1051 1911 1146 1964 καὶ
1186 1910 1336 1979 ἁπλῆ
1375 1913 1440 1982 τῇ
1475 1909 1621 1980 ψυχῇ
1672 1908 1832 1962 δύναο

278 2001 505 2069 μις,εῐτ⁹
554 1997 647 2054 οὖν
689 2002 825 2068 ἕξις,
857 2001 1116 2066 διασώζει
1163 2003 1289 2064 τοὺς
1339 2002 1510 2070 αὐτὴν
1561 2000 1834 2068 κεκτημέ-

275 2111 406 2158 νους,
435 2095 526 2162 ἀφ’
561 2097 704 2148 ὅσων
758 2096 826 2148 ἂν
870 2095 1123 2164 φοϐερῶν
1179 2093 1558 2164 ἔνθυμηθῆναι
1600 2087 1711 2145 οἷόν
1746 2108 1827 2146 τε.

276 2187 342 2235 ιὶῦ
369 2188 526 2239 μόνον
552 2189 610 2238 δὲ
645 2190 758 2251 τοῖς
806 2190 890 2251 εἰς
933 2191 1107 2259 αὑτήν
1159 2207 1221 2257 γε
1253 2187 1621 2259 τεθαρρηκόσι
1670 2186 1830 2238 πάντ*

251 2277 334 2330 ,ἂν
361 2278 573 2345 γένοιτο
609 2281 681 2333 τὰ
716 2281 1118 2350 προειρημένα,
1159 2281 1294 2332 ἀλλά
1322 2282 1416 2333 καὶ
1447 2279 1649 2339 πάντες
1703 2277 1830 2343 ἑξῆς

271 2368 318 2418 οἱ
338 2372 556 2439 καρποὶ,
585 2369 679 2432 οὓς
711 2373 762 2424 οἱ
791 2372 889 2440 τῆς
920 2373 1124 2443 ἀρετῆς
1162 2373 1391 2443 φέρουσι
1429 2373 1601 2432 πόνοι,
1627 2371 1677 2422 εἰ
1732 2371 1829 2421 σὺν

191 2454 208 2467 ’
273 2462 398 2531 αὐτῇ
431 2463 524 2515 καὶ
551 2463 727 2529 καλοὶ,
751 2463 880 2517 ἄνευ
910 2464 966 2516 δὲ
996 2463 1203 2534 ταύτης
1232 2465 1418 2517 οὐκέτι
1447 2479 1462 2496 ο
1494 2463 1584 2516 ὅτε
1612 2463 1702 2513 καὶ
1737 2460 1829 2512 λυ-

273 2556 536 2624 μήνασῖαι
588 2556 847 2609 δύνανται
873 2560 988 2620 τοῖς
1048 2557 1124 2627 μὴ
1168 2557 1305 2626 μετὰ
1353 2556 1453 2619 τῆς
1514 2554 1828 2624 πρεπούσης

271 2649 732 2718 μετριοφροσύνης
804 2649 1004 2713 αὐτοὺς
1051 2650 1352 2720 τρυγῶσιν.
1425 2647 1503 2703 Οὐ
1541 2648 1652 2718 μὴν
1710 2647 1826 2699 ἀλλ’

266 2739 375 2791 ἐστὶ
408 2741 501 2791 καὶ
537 2740 734 2808 μοχλὸς
778 2740 940 2808 αὕτη,
1004 2743 1359 2794 παντάπασιν
1410 2739 1826 2810 ἀνεπιχείρητος

266 2832 538 2894 κλέπταις.
597 2833 738 2895 Τοὺς
791 2833 836 2885 δ’
874 2832 1338 2894 ἐπιϐουλεύοντας
1391 2831 1570 2885 πάντα
1624 2831 1825 2900 τρόπον

265 2925 556 2992 ἀναγκάζει
581 2927 886 2995 σωφρονεῖν
919 2927 1016 2978 καὶ
1055 2927 1128 2994 μὴ
1163 2925 1543 2993 βουλομένους,
1575 2922 1828 2990 ἀπόγνωο

265 3031 343 3068 σιν
366 3015 546 3078 αὐτοῖς
571 3016 899 3085 ἐμποιοῦσα.
928 3017 1168 3086 ’Ἀρπαξί
1201 3033 1262 3070 τε
1314 3020 1409 3068 καὶ
1448 3015 1695 3084 λῃσταῖς,
1727 3015 1822 3068 κο.)⁸

264 3104 389 3156 πᾶσι
416 3105 530 3167 τοῖς
555 3105 824 3167 τοιούτοις
869 3105 1300 3174 άναιδεστάτοις,
1352 3105 1473 3158 οὐδὲ
1525 3105 1820 3176 πειρᾶσθαι

1933 626 2131 694 perdit,
2151 626 2267 680 atei
2287 625 2558 682 contraria
2591 625 2851 680 modestia
2888 625 3194 679 necessario
3223 622 3498 678 diversum

1931 718 2145 782 efﬁciet,
2206 718 2566 788 hominesque
2610 719 2790 774 salvos
2847 715 3029 787 opifici
3093 728 3192 770 suo
3223 716 3496 775 restituet,

1932 825 2158 879 quorum
2195 812 2399 880 primos
2457 821 2708 879 parentes
2763 811 3067 878 oppositum
3097 808 3391 863 humilitati
3425 808 3501 861 vi-

1878 955 1880 958 ,
1933 905 2064 957 tium
2101 903 2368 971 perdidit:
2396 904 2594 972 quippe
2620 917 2740 956 cum
2768 903 2905 970 apud
2922 902 3131 955 animos
3163 915 3288 954 suos
3318 913 3500 967 acqua-

1932 996 2139 1050 litatem
2185 1010 2305 1050 cum
2341 993 2450 1048 Deo
2491 996 2780 1062 quamdam
2807 993 3084 1059 imaginati
3114 991 3362 1054 fuissent,
3397 991 3498 1057 ipsi

1929 1086 2145 1154 quidem
2210 1085 2460 1139 excidere
2515 1093 2620 1138 tam
2676 1084 2928 1154 paradiso
2977 1099 3135 1152 quam
3183 1083 3313 1136 Deo.
3344 1081 3498 1145 Quod

1929 1188 2108 1232 autem
2166 1179 2246 1231 eis
2293 1177 2509 1242 accidit,
2553 1177 2693 1230 idem
2739 1175 3006 1230 consimili
3065 1175 3226 1230 mo-lo
3266 1173 3499 1242 posteris

1929 1267 2091 1321 etiam
2133 1268 2374 1335 ipsorum
2435 1267 2708 1321 usuvenit.
2767 1264 2970 1319 Verum
3010 1267 3074 1320 ad
3096 1277 3293 1319 metam
3323 1278 3498 1332 equus

1931 1360 2122 1429 agitor.
2155 1359 2439 1412 Humilitas
2467 1373 2618 1427 ergo,
2662 1358 2784 1411 telis
2816 1359 2933 1411 istis
2956 1359 3186 1423 objecta,
3223 1357 3303 1410 vel
3325 1359 3496 1423 ipsum

1929 1454 2112 1523 Ajacis
2150 1453 2395 1524 clypeum
2430 1461 2674 1516 superat.
2726 1449 2860 1503 Nam
2890 1459 2944 1504 et
2978 1450 3067 1503 ille
3089 1451 3153 1503 de
3193 1449 3352 1502 boum
3389 1459 3497 1501 ter-

1930 1544 2149 1614 goribus
2217 1550 2420 1611 septem
2446 1542 2522 1595 ita
2555 1538 2836 1594 confectus
2885 1536 3495 1601 erat,uthostiumtel:t

1931 1637 2129 1691 nullius
2161 1651 2282 1691 esse
2307 1632 2565 1690 momenti
2599 1631 2920 1686 declararet.
2954 1629 3137 1700 Neque
3168 1640 3343 1684 tamen
3376 1643 3495 1681 eam

1929 1732 2172 1800 praebere
2203 1728 2455 1783 fiduciam
2508 1734 2740 1797 poterat,
2778 1733 2836 1780 ut
2863 1725 2982 1793 quis
2999 1723 3098 1777 sibi
3126 1722 3494 1792 polliceretur,

1931 1839 1991 1879 se
2044 1822 2192 1877 nullo
2234 1835 2469 1890 unquam
2498 1827 2805 1873 commento
2836 1816 2955 1871 laedi
2982 1829 3159 1884 posse.
3210 1811 3497 1866 llumilitas

1936 1927 2086 1977 vero,
2103 1928 2224 1967 cum
2253 1909 2543 1966 uniformis
2565 1911 2636 1964 sit
2657 1923 2720 1964 ac
2746 1909 2973 1977 simplex
2995 1904 3160 1959 animi
3188 1904 3302 1957 sive
3322 1899 3498 1956 facul-

1935 2016 2038 2070 tas,
2068 2004 2180 2060 sive
2212 2004 2436 2058 habitus
2459 2044 2472 2067 ,
2507 2018 2566 2060 se
2595 2003 2846 2070 prarditos
2873 2016 2901 2053 a
2928 1997 3213 2069 quibusvis
3238 1994 3498 2050 formida-
3555 2063 3562 2068 _

1932 2096 2150 2159 bilibus,
2183 2109 2516 2163 quaecunque
2553 2093 2749 2146 mentis
2774 2093 3107 2162 cogitatione
3134 2086 3343 2154 concipi
3371 2099 3499 2153 pos-

1932 2197 2077 2252 sunt,
2113 2196 2318 2240 servat.
2344 2183 2534 2253 Neque
2570 2194 2776 2238 tantum
2803 2184 2904 2237 hac
2933 2181 3092 2237 fretis
3130 2181 3392 2234 hactenus
3419 2177 3501 2230 in-

1931 2275 2104 2329 dicata
2125 2274 2446 2343 contingunt
2469 2274 2672 2341 omnia,
2698 2276 2792 2329 sed
2810 2287 3001 2328 omnes
3025 2273 3244 2326 omnino
3269 2269 3499 2324 fructus.

1929 2382 2067 2434 quos
2124 2367 2384 2419 exautlati
2441 2366 2659 2420 virtutis
2711 2368 2923 2419 labores
2971 2365 3172 2427 ferunt,
3200 2362 3244 2416 si
3277 2360 3500 2430 quidem

1929 2456 2200 2525 conjuncti
2237 2474 2354 2511 cum
2383 2457 2486 2510 bac
2521 2456 2749 2519 fuerint,
2781 2457 2904 2511 boni
2939 2465 3099 2509 erunt
3127 2472 3142 2507 :
3177 2454 3260 2507 sin
3292 2463 3496 2508 autem.

1929 2567 2036 2606 non
2064 2550 2295 2620 amplius
2327 2549 2450 2604 boui
2476 2567 2515 2615 ς.
2546 2549 2982 2618 quandoquidem
3016 2556 3069 2600 ct
3102 2547 3248 2599 noxii
3273 2553 3501 2614 possunt

1930 2651 2036 2704 illis
2094 2664 2235 2714 esse,
2297 2656 2566 2717 quotquot
2617 2661 2710 2701 eos
2765 2660 2869 2700 non
2937 2643 3299 2698 conveniente
3378 2654 3497 2692 eum

1928 2743 2192 2797 modestia
2293 2745 2612 2810 decerpunt.
2721 2740 2926 2794 Eadem
3023 2744 3076 2791 et
3178 2733 3498 2804 repagulum

1925 2833 2198 2902 quoddam
2241 2840 2324 2886 est
2391 2831 2534 2899 quod
2591 2831 2814 2884 omnino
2873 2829 3023 2882 fures
3085 2836 3355 2882 attentare
3395 2839 3499 2878 ne—

1926 2933 2151 2992 queunt.
2200 2922 2552 2977 lnsidiatores
2596 2938 2725 2975 vero
2784 2921 2955 2975 modis
3009 2917 3266 2973 omnibus
3329 2917 3495 2985 cogit,

1925 3025 1983 3070 ut
2011 3015 2174 3069 etiam
2223 3015 2470 3069 nolentes
2515 3014 2746 3069 modesti
2802 3014 2940 3077 sint,
3007 3013 3136 3066 dum
3172 3011 3226 3064 in
3273 3009 3351 3064 eis
3406 3008 3501 3061 de-

1924 3110 2292 3180 sperationem
2323 3109 2543 3164 excitat.
2567 3107 2920 3176 Raptoribus,
2948 3105 3274 3169 latronibus,
3299 3112 3353 3158 et
3375 3101 3499 3154 uui-

261 3193 470 3246 διδωσιν
526 3195 826 3264 ἀφελέσθαι
879 3197 940 3251 τὸ
991 3197 1130 3266 μετὰ
1194 3197 1666 3268 μετριοφροσύνης
1717 3198 1822 3250 τινὶ

1929 3203 2102 3260 versis
2129 3203 2343 3265 talibus.
2367 3203 2525 3270 longe
2548 3201 3062 3273 impudentissimis,
3101 3216 3168 3254 ne
3188 3198 3239 3253 id
3279 3198 3497 3266 quidem

261 3285 472 3354 κτηθέν.
509 3287 688 3355 Λῆρον
709 3286 967 3357 ἄντικρυς
1001 3290 1143 3358 σαφῆ
1176 3292 1270 3342 καὶ
1292 3290 1501 3357 γέλωτα
1528 3289 1822 3356 ἀποφαίνει

260 3378 434 3429 πᾶσαν
468 3377 717 3444 μηχανὴν
749 3378 872 3430 κατ’
904 3380 1072 3449 αὐτῆς
1125 3381 1438 3451 εὑρημένην
1500 3381 1592 3433 τὸν
1645 3379 1822 3433 πάντα

258 3469 468 3538 χρόνον.
513 3471 842 3538 Σήμαντρον
883 3469 981 3538 μὲν
1044 3471 1269 3540 ἀκριϐές
1304 3474 1440 3536 ἑστι,
1497 3471 1732 3542 σφραγὶς
1763 3470 1821 3523 δὲ

257 3563 392 3616 πάνυ
427 3562 1219 3633 θαυμαστη,ὲγκεκολαμμένη
1271 3564 1455 3626 καλῶς
1514 3565 1570 3626 ἐς
1636 3561 1820 3632 βάθος.

209 3648 212 3650 ⁷
257 3657 433 3718 ὀλως
458 3655 518 3708 δὲ
553 3656 662 3708 τῶν
685 3657 996 3726 εἰρημένων
1032 3657 1289 3711 ἁπάντων
1325 3655 1668 3733 διασώζουσα
1728 3655 1822 3706 τύ-

251 3765 369 3809 πον,
403 3745 767 3814 άσφαλίζεται
795 3752 921 3810 τοὺς
953 3749 1263 3816 θησαυροὺς
1307 3749 1434 3810 τοὺς
1488 3747 1546 3812 ἐξ
1600 3745 1821 3812 ἀγαθῶν

253 3838 612 3904 συλλεγέντας
640 3839 839 3908 ἔργων,
898 3839 1252 3893 ἀποσοὸοὓσα
1305 3839 1433 3900 τοὺς
1491 3840 1822 3908 κακουργεῖν

249 3936 414 4003 ἔργον
436 3931 660 4001 ἔχοντας
691 3931 863 3985 ἅπασι
895 3934 1139 4002 τρόποις.
1178 3933 1290 3986 Καὶ
1323 3933 1430 4002 μὴν
1463 3932 1732 3995 κάκείνως
1758 3931 1821 3986 άν

249 4043 335 4088 τις
368 4025 484 4093 ἔχοι
511 4023 812 4093 θαυμάσαι.
847 4025 1004 4078 Ἐστι
1039 4025 1147 4096 γὰρ
1183 4024 1244 4078 ού
1282 4025 1444 4093 μόνον
1482 4024 1710 4090 τούτων,
1734 4021 1817 4088 οἷς

249 4117 667 4184 ἐξατφαλίσαιτ⁹
693 4117 759 4169 ἀν
790 4133 874 4176 τις
911 4118 1078 4170 αὑτὸν
1128 4119 1226 4171 καὶ
1249 4117 1317 4171 τά
1365 4117 1562 4171 ἑαυτοῦ
1617 4118 1816 4182 πάντα,

247 4208 419 4261 εἰκών
448 4226 531 4270 τις
562 4209 708 4277 μάλα
743 4211 1150 4283 ἐμφερεστάτη,
1178 4211 1317 4266 άλλά
1347 4211 1411 4281 δὴ
1454 4213 1549 4265 καὶ
1581 4211 1692 4264 τῶν
1731 4212 1822 4265 ἀν-

249 4300 488 4370 θρώπων
556 4301 822 4365 ἐκείνων,
900 4302 950 4354 οἳ
1006 4305 1133 4372 περὶ
1203 4303 1330 4365 τοὺς
1391 4303 1820 4372 τυραννεύοντας

249 4395 498 4445 ἵστανται
528 4395 1074 4463 καταπεφραγμένοι,
1119 4394 1271 4450 ἆπαν
1325 4397 1490 4451 ὅπλον
1517 4395 1731 4466 ἔχοντες
1763 4399 1819 4448 ὲν

249 4487 454 4553 χεροῖν.
484 4485 560 4546 ὡς
593 4485 659 4537 ἂν
676 4485 942 4552 γενναίως
975 4486 1278 4554 ἀμύνεσθαι
1303 4487 1570 4551 δύναιντο,
1601 4489 1655 4541 ετ
1675 4488 1818 4550 τινές

1930 3297 2194 3363 concedit,
2213 3305 2271 3350 ut
2297 3294 2516 3351 auferre
2545 3303 2776 3360 tentent,
2796 3294 3088 3364 quodcum
3119 3291 3498 3346 moderatione

1913 3389 1996 3443 'ab
2025 3389 2206 3456 aliquo
2245 3397 2329 3442 est
2359 3387 2712 3457 acquisitum.
2743 3386 2822 3440 Ad
2855 3400 3035 3440 meras
3083 3383 3242 3452 plane
3304 3395 3498 3450 nugas,

1930 3496 2248 3549 merumque
2277 3481 2443 3534 risum
2469 3479 2688 3550 redigit,
2715 3477 2980 3548 quidquid
3039 3477 3310 3530 adversus
3369 3487 3494 3527 eam

1927 3575 2217 3629 commenti
2237 3575 2428 3643 quovis
2448 3581 2690 3642 tempore
2735 3571 3100 3640 excogitatur.
3146 3566 3500 3638 Signaculum

1927 3672 2240 3718 accuratum
2265 3669 2368 3724 est,
2429 3662 2663 3730 sigillum
2728 3658 3069 3720 admirabile,
3133 3669 3282 3711 recte
3333 3663 3500 3722 atque

1927 3754 2034 3809 alte
2065 3752 2578 3820 iucisum.Denique
2610 3753 2842 3806 formam
2863 3749 3226 3803 iudicatorum
3249 3746 3494 3802 omnium

1928 3847 2172 3900 retinens
2233 3856 2396 3914 atque
2450 3860 2810 3910 conservans,
2864 3843 3150 3897 thesauros
3198 3856 3262 3896 ex
3337 3840 3499 3894 bonis

1927 3939 2186 3993 collectos
2225 3939 2481 4006 operibus
2507 3938 2562 3990 in
2589 3944 2708 3992 tuto
2763 3935 3031 3998 collocat;
3093 3948 3190 3988 eos
3248 3931 3495 3998 abigens,

1927 4028 2018 4098 qui
2045 4028 2218 4083 modis
2244 4028 2498 4082 omnibus
2530 4027 2634 4081 hoc
2663 4041 2831 4081 unum
2868 4033 3057 4096 agunt,
3093 4033 3152 4078 ut
3183 4022 3495 4078 stellionum

1929 4135 2080 4174 more
2111 4121 2365 4173 damnum
2395 4119 2544 4172 dent.
2580 4118 2719 4184 Quin
2749 4119 2913 4173 etiam
2950 4116 3050 4171 hac
3108 4117 3320 4172 ratione
3377 4118 3501 4183 quis

1927 4213 2074 4266 illam
2111 4211 2426 4267 admiretur.
2452 4211 2567 4265 Non
2599 4212 2744 4266 enim
2773 4213 2960 4265 horum
2990 4211 3274 4273 duntaxat,
3299 4211 3498 4280 quibus

1927 4307 2203 4361 securitati
2248 4320 2378 4369 Suae,
2423 4320 2711 4374 rerumque
2769 4321 2984 4361 suarum
3035 4304 3294 4369 omnium,
3373 4318 3500 4372 pro-

1927 4398 2134 4461 spicere
2178 4397 2300 4466 quis
2331 4399 2520 4465 possit,
2554 4399 2840 4467 aptissima
2876 4399 3121 4468 quaedam
3167 4398 3344 4465 imago
3372 4405 3492 4451 est:

1926 4489 2017 4544 sed
2072 4491 2282 4544 illorum
2335 4491 2496 4544 etiam
2547 4491 2849 4556 hominum,
2909 4492 2998 4558 qui
3068 4489 3259 4543 muniti
3316 4504 3495 4542 rerum

246 4593 376 4628 ποτε
410 4576 533 4629 κατ’
568 4576 749 4629 αὐτῶν
774 4576 998 4631 ἔλθοιεν.
1033 4579 1143 4632 Καὶ
1177 4579 1273 4650 ἥδε
1318 4581 1426 4649 γὰρ
1457 4582 1572 4641 τοῖς
1623 4579 1816 4649 δαίμο-

1925 4584 2186 4649 potientes
2217 4583 2598 4646 circumstant,
2632 4583 2838 4637 nullum
2870 4598 2976 4637 nou
3005 4597 3178 4651 genus
3208 4597 3487 4635 armorum

251 4684 357 4732 σιν,
385 4667 607 4720 ἐπειδάν
663 4669 930 4722 ὲπέλθωσι
970 4669 1093 4722 καθ’
1136 4669 1312 4739 ἡμῶν,
1354 4673 1816 4742 ἀντεπερχομένη,

248 4760 346 4811 ούκ
374 4759 441 4828 ἑᾷ
471 4759 694 4822 τούτους
727 4759 1028 4829 ληῖσασθαι
1061 4761 1128 4814 τά
1162 4760 1220 4825 ἐξ
1255 4761 1454 4832 ἀρετῆς
1486 4765 1616 4833 ἡμῖν
1664 4781 1820 4834 περι-

244 4849 508 4917 γενόμενα
547 4851 734 4919 κέρδη.
767 4852 870 4904 Ἢν
893 4852 1074 4914 καλῶς
1102 4853 1297 4924 εὕρεθῇ
1330 4855 1489 4908 ταυτὶ
1531 4872 1817 4929 συμπεφο-

251 4940 464 5009 ρημένα
494 4941 551 4992 ὲν
572 4943 689 5004 ταῖς
716 4941 904 4998 καλαῖς
944 4942 1248 5011 ἀποθήκαις
1291 4946 1393 5014 τῆς
1446 4947 1815 5016 μετριότητος,

245 5033 407 5102 λῆρος
439 5032 494 5084 αῖ
522 5035 745 5087 ἐκείνων
781 5035 1076 5104 προσϐολαὶ
1101 5037 1194 5089 καὶ
1223 5038 1460 5118 μέθοδοι.
1510 5039 1816 5110 Ἁπέκρυψε

251 5123 349 5188 μὲν
371 5125 784 5195 ὑπασπιστάςή
835 5129 1331 5199 ταπεινοφροσύνη,
1388 5131 1515 5194 τοὺς
1572 5132 1816 5202 ἀκριϐῶς

246 5213 344 5278 τὴν
373 5213 529 5277 τάξιν
551 5215 1005 5287 διατηρήσαντας,
1027 5220 1085 5272 ἐν
1114 5225 1325 5291 καιροῖς
1350 5223 1410 5275 ού
1439 5223 1814 5293 συγχωροῦσιν

247 5305 490 5374 ἀτρέμας
544 5307 795 5361 ἵστασθαι
833 5326 848 5340 ·
898 5311 1285 5381 ὑπερηκόντισε
1340 5314 1394 5366 δὲ
1457 5314 1811 5384 δορυφόρους,

246 5394 439 5450 οἷστισι
479 5398 757 5468 φιλοτιμία
781 5405 1134 5470 παρενεγκεῖν
1169 5403 1458 5474 θερμότητι
1509 5422 1567 5457 τε
1609 5406 1808 5474 ψυχῆς,

251 5488 340 5536 καὶ
365 5490 536 5556 συχνῇ
567 5490 727 5560 πείρα
747 5492 1004 5561 πολέμου,
1028 5495 1203 5562 ὁρμὴν
1241 5495 1470 5548 λεόντων
1502 5500 1598 5548 καὶ
1647 5497 1810 5549 δύνα-

251 5594 360 5644 μιν.
409 5579 611 5649 Ἀφῆκέ
632 5598 691 5636 τε
720 5585 944 5637 κατόπιν
971 5585 1030 5637 τὸ
1056 5586 1263 5654 τάγμα,
1302 5581 1380 5644 οἷς
1416 5605 1475 5654 γε
1534 5588 1812 5642 καθεύδειν

245 5667 340 5718 οὐκ
368 5665 563 5735 ἕξεσιν,
589 5670 767 5740 έχουσι
795 5677 982 5744 σχῆμα
1011 5677 1284 5743 φυλάκων.
1307 5679 1416 5730 Καὶ
1443 5679 1490 5730 εἰ
1508 5679 1584 5730 δεῖ
1613 5679 1674 5731 τὸ
1703 5682 1811 5734 πᾶν

247 5755 530 5812 σωκελόντα
552 5759 874 5833 εἰπεῖν,⁴ὃλῳ
908 5781 965 5817 τε
987 5767 1082 5818 καὶ
1109 5764 1186 5836 τῷ
1241 5768 1404 5820 παντὶ
1449 5768 1806 5838 ύπερήλασεν,

246 5847 374 5900 in:
446 5848 512 5903 ἂν
579 5853 1026 5926 ,ὑπερμαχήσειεν
1093 5857 1401 5913 οὑτινοσοῦν
1460 5861 1805 5930 πράγματος,

1924 4676 2173 4730 manibus
2197 4685 2460 4737 tenentes,
2482 4685 2539 4728 ιιι
2560 4675 2770 4729 fortiter
2789 4675 2894 4728 vim
2917 4674 3235 4743 propulsare
3265 4680 3494 4739 queant,

1921 4765 1966 4820 si
1999 4765 2087 4833 qui
2118 4764 2216 4820 hos
2242 4764 2562 4819 invaserint.
2594 4764 2732 4819 Nam
2757 4766 2870 4818 haec
2892 4777 3107 4832 quoque
3139 4761 3295 4815 malis
3317 4761 3492 4829 geniis

1920 4871 2022 4912 nos
2055 4856 2434 4912 adorientibus
2474 4871 2794 4922 occurrens,
2825 4869 2929 4909 non
2961 4853 3118 4917 sinit,
3151 4864 3208 4905 ut
3235 4852 3310 4905 illi
3339 4852 3496 4907 nobis

1918 4947 2149 5015 eripiant
2173 4963 2234 5001 ea
2266 4948 2438 5009 lucra,
2468 4961 2588 5015 quae
2617 4962 2683 5002 ex
2712 4948 2910 4999 virtute
2959 4944 3234 4999 consecuti
3271 4958 3484 4998 sumus.

1919 5039 2128 5108 Quippe
2155 5041 2199 5093 si
2233 5040 2349 5093 hac
2381 5050 2524 5094 recte
2553 5047 2814 5106 congesta
2882 5035 3088 5090 fuerint
3143 5035 3198 5089 in
3250 5035 3497 5105 egregias

1921 5131 2040 5186 illas
2075 5131 2370 5199 apothecas
2402 5140 2456 5186 et
2489 5131 2684 5184 horrea
2719 5128 3021 5192 modestiae,
3053 5127 3127 5182 nil
3185 5126 3290 5181 nisi
3335 5143 3496 5189 nugas

1920 5234 2042 5277 sunt
2086 5222 2324 5291 ipsorum
2352 5221 2733 5291 aggressioues
2763 5231 2817 5276 et
2848 5227 3017 5274 artes.
3079 5219 3348 5275 Obscurat
3402 5223 3488 5274 vel

1857 5302 1866 5310 ’
1917 5313 2038 5368 illos
2059 5311 2706 5382 protectoreshumilitas,
2733 5312 2822 5380 qui
2848 5311 3022 5365 locum
3049 5326 3206 5365 suum
3239 5324 3513 5366 accurate

1917 5416 2159 5468 tuentur,
2187 5416 2241 5460 et
2265 5405 2370 5460 illis
2401 5405 2621 5475 quidem
2674 5405 3031 5474 temporibus,
3081 5404 3282 5477 quibus
3318 5407 3496 5460 intre-

1914 5497 2037 5566 pide
2062 5509 2205 5551 stare
2240 5513 2346 5551 non
2374 5498 2702 5566 permittitur
2735 5516 2750 5550 :
2805 5499 3069 5555 satellites
3103 5510 3346 5570 superat,
3397 5501 3498 5570 qui

1912 5590 2074 5643 animi
2093 5588 2271 5643 calore
2290 5590 2636 5658 bellaudique
2658 5607 2754 5646 usu
2793 5592 3017 5647 assiduo
3039 5595 3254 5649 vincere
3271 5594 3506 5648 leonum-

1915 5679 2359 5752 impetumatque
2422 5684 2568 5736 vires
2597 5685 2862 5738 student:
2898 5686 3232 5754 legionarios
3255 5704 3282 5737 ιι
3337 5695 3510 5750 tergo~

1914 5771 2188 5842 relinquit,
2221 5775 2420 5843 quibus
2459 5776 2693 5832 dormire
2739 5792 2848 5832 non
2888 5778 3039 5842 licet,
3098 5776 3500 5832 excubitorum-

1911 5862 2091 5935 oli‘tcie
2129 5865 2498 5938 fungentibus.
2528 5868 2583 5924 Si
2617 5869 2851 5940 denique
2892 5879 3002 5926 tota
3042 5885 3129 5927 res
3164 5869 3508 5941 explicant!»
