3990 6574
513 397 619 465 539

1665 417 2060 482 MANUELIS
2099 422 2546 487 PALJEOLOGI

3654 433 3780 499 540

504 519 762 577 brevibus
787 529 894 586 est,
927 523 979 578 in
1015 527 1329 582 universum
1358 541 1573 597 przrstat
1606 536 1882 601 omnibus,
1933 553 2068 606 qnze

2187 541 2388 610 σφόδρα
2423 547 2521 614 μὲν
2547 547 2907 621 περιποθήτω
2943 554 3048 616 τοῖς
3087 557 3456 627 κεκτημένοις,
3510 580 3770 632 περιμαυ

502 628 719 681 cunque
778 630 1118 693 propugnare
1184 634 1570 692 quamcunque
1628 641 1740 680 rem
1823 641 2074 698 possunt,

497 704 655 758 νιιιιιε
685 714 897 776 gratam
938 720 1327 782 acceptumque
1374 715 1796 785 possidentibus,
1822 729 1877 774 et
1922 723 2079 791 cujus

503 796 869 866 adipiscendae
904 816 1063 856 causa
1102 806 1284 859 cmteri
1312 820 1502 863 onmes
1551 820 1773 867 strenue
1807 824 2072 884 pugnant.

499 889 836 955 Quinetiam
886 893 930 947 si
991 894 1109 949 fieri
1154 909 1334 964 posset
1395 909 1454 953 ut
1510 903 1727 957 animus
1782 920 2073 973 purpuram

498 991 758 1046 sumeret,
786 992 947 1051 atque
1006 985 1106 1041 hoc
1141 988 1300 1041 modo
1351 990 1612 1047 adversus
1675 994 1805 1049 vitia
1851 1010 2073 1065 regnum

495 1072 765 1127 obtineret
797 1091 811 1127 :
845 1090 952 1131 non
985 1078 1089 1133 hoc
1117 1080 1273 1135 aliter
1300 1081 1540 1138 futurum
1591 1087 1852 1155 arbitror,
1910 1104 2071 1158 quam

496 1165 671 1232 ipsam
699 1167 1057 1226 humilitatem
1117 1173 1415 1231 induendo.
1477 1179 1839 1244 Quamobrem
1891 1184 2075 1241 dicere

495 1257 575 1309 [σε
610 1266 694 1312 est
730 1260 790 1311 dc
819 1261 921 1315 hac
946 1262 1260 1333 disserenti,
1293 1282 1415 1324 esse
1467 1272 1633 1327 dubio
1669 1275 1859 1339 procul
1915 1276 2075 1346 longe

494 1350 773 1406 meliorem
807 1352 934 1421 illis,
966 1371 1089 1423 qure
1121 1359 1188 1413 ad
1241 1362 1593 1417 securitatem
1650 1365 1931 1422 hominum
1986 1370 2075 1425 in-

494 1452 651 1497 venta
684 1454 830 1509 sunt,
861 1456 917 1500 et
970 1451 1217 1505 eamdem
1271 1454 1531 1508 eximium
1591 1456 1646 1510 in
1704 1460 1923 1516 modum
1977 1477 2073 1517 eos

490 1547 709 1598 ornare,
735 1538 937 1605 quibus
967 1539 1167 1609 adest;
1219 1558 1493 1615 omneque
1546 1548 1809 1606 virtutum
1874 1568 2072 1622 agmen

491 1628 821 1697 preprietate
855 1646 976 1697 sua,
1007 1635 1170 1705 vique
1198 1638 1405 1702 nativa,
1441 1641 1703 1711 singulari
1736 1657 1860 1698 cum
1902 1647 2072 1716 maje-

491 1725 640 1781 state
674 1734 739 1774 ae
767 1723 1173 1794 magnificentia
1201 1729 1584 1786 cobonestare.
1618 1731 1808 1802 Itaque
1832 1750 1940 1791 non
1974 1739 2071 1794 abs

490 1825 550 1864 re
577 1811 748 1868 virtus
780 1814 917 1880 haec,
950 1833 1117 1886 quam
1176 1823 1565 1890 pra-dicamus,
1613 1826 1883 1884 iudicatas
1941 1831 2070 1885 liac-

2187 636 2354 705 χήτου
2374 637 2431 689 δὲ
2465 640 2655 708 κομιδῆ
2688 642 2853 694 πᾶσιν
2881 644 3082 709 ἄλλοις.
3113 649 3185 700 Οὐ
3218 651 3322 717 μὴν
3345 652 3461 703 ἀλλ’
3507 653 3621 720 εἴγε
3668 654 3771 706 ἔν-

2185 744 2300 780 εστι
2322 728 2466 800 ψυχῇ
2499 732 2919 804 περιϐεϐλῆσθαι
2944 739 3248 811 πορφύραν,
3271 743 3364 795 καὶ
3391 745 3559 814 ταύτῃ
3596 746 3773 814 βασι-

2183 818 2370 873 λεῦσαι
2396 821 2534 874 κατά
2567 823 2772 887 παθῶν,
2809 827 2882 896 μῆ
2916 827 2983 879 ἂν
3023 830 3224 898 ἑτέρως
3269 827 3419 901 οἶμαι
3452 835 3608 889 τοῦτο
3664 853 3771 903 γε-

2186 911 2392 975 νέσθαι,
2433 911 2591 982 ἢτὴν
2637 922 3138 988 ταπεινοφροσύνην
3200 923 3368 993 αὐτὴν
3400 924 3767 981 ἐνδύσασθαι.

2186 1001 2350 1075 Ὥστε
2385 1001 2594 1066 ἔξεστιν
2628 1007 2819 1070 εἰπεῖν,
2853 1010 2981 1079 περὶ
3006 1011 3211 1081 ταύτης
3246 1013 3640 1086 διαλεγόμενον,
3681 1019 3771 1082 ὡς

2184 1091 2298 1145 εστι
2329 1092 2429 1158 μὲν
2453 1094 2694 1164 ἀτεχνῶς
2725 1097 2858 1150 πολύ
2880 1116 2932 1152 τι
2960 1102 3227 1167 κρείσσων
3248 1106 3466 1159 ἐκείνων
3492 1109 3586 1178 ἣδε
3643 1110 3771 1162 τῶν

2155 1182 2261 1246 ἐἰς
2296 1184 2599 1252 ἀσφάλειαν
2636 1186 3012 1258 ἐξευρημένων
3044 1194 3372 1263 ἀνθρώποις,
3415 1198 3529 1252 ἔστι
3577 1201 3633 1253 δὲ
3674 1197 3770 1263 οἷς

2179 1271 2247 1325 ἀν
2279 1276 2455 1344 προσῇ
2476 1275 2768 1345 ὑπερφυῶς
2799 1278 3020 1341 τούτους
3048 1284 3345 1353 κοσμοῦσα,
3376 1288 3472 1340 καὶ
3521 1289 3577 1340 τὸ
3638 1290 3769 1340 τῶν

2179 1362 2390 1432 ἀρετῶν
2407 1364 2554 1419 ἅπαν
2583 1366 2867 1437 σύνταγμα
2899 1373 3045 1441 μετὰ
3073 1374 3271 1444 πολλῆς
3301 1378 3623 1444 σεμνότητος
3654 1382 3765 1432 καὶ

2183 1452 2657 1523 μεγαλοπρεπείας
2699 1460 3068 1532 φαιδρύνουσα
3113 1464 3189 1533 τῷ
3244 1466 3445 1535 ἑαυτῆς
3494 1468 3761 1536 ἰδιώματι

2178 1550 2375 1619 καὶτῷ
2404 1552 2691 1619 πεφυκότι.
2713 1553 2949 1618 Εἰκότως
2982 1555 3047 1609 ἀν
3072 1552 3164 1611 οὖν
3185 1557 3394 1621 δέξαιτο
3423 1561 3457 1629 η
3491 1558 3583 1611 νῦν
3611 1562 3759 1628 ἡμῖν

2179 1640 2487 1711 ὑμνουμένη
2521 1643 2621 1706 τὰς
2665 1646 2793 1713 περὶ
2842 1646 3008 1714 αὐτῆς
3042 1648 3339 1718 εἰρημένας
3376 1653 3758 1719 προσηγορίας

2176 1732 2411 1796 ἁπάσας.
2447 1735 2521 1787 Οὐ
2556 1734 2662 1805 μὴν
2688 1736 2803 1788 ἀλλ’
2852 1737 2900 1808 cl
2948 1738 3172 1793 κάκεῖνα
3220 1739 3441 1793 δυνατὸν
3486 1737 3574 1811 ἦν,
3609 1742 3751 1805 εσας

2179 1822 2405 1891 σεμνὰς,
2437 1826 2571 1888 ὅσας
2603 1826 2834 1893 ἀγαθὰς,
2856 1828 2985 1889 ὅσας
3021 1831 3356 1899 προσφιλεῖς,
3388 1833 3745 1902 ἐξευρηκέναι

490 1911 648 1958 tenus
691 1907 1082 1975 appellationes
1152 1925 1345 1969 omnes
1398 1916 1613 1985 recipit.
1673 1917 1789 1974 [mo
1846 1920 1896 1977 si
1955 1922 2068 1978 fieri

2176 1915 2268 1967 καὶ
2311 1916 2651 1983 προσδιδόναι
2688 1918 2755 1987 τῇ
2808 1919 3153 1988 μετριότητι,
3201 1920 3331 1983 ῐσως
3373 1920 3472 1989 μὲν
3510 1923 3539 1973 ὁ
3586 1922 3741 1974 τοῦτο

489 2006 698 2062 posset,
761 2006 822 2052 nt
902 2000 1304 2069 appellationes
1388 2020 1732 2076 quaecunque
1802 2008 2068 2078 honestae,

486 2101 830 2158 quaecunque
861 2090 1035 2159 bonae,
1091 2108 1437 2164 quaecunque
1466 2107 1657 2165 grata.
1680 2101 2069 2169 excogitaren-

488 2188 598 2243 tur,
629 2190 685 2235 et
712 2182 995 2239 modestiae
1028 2185 1405 2244 tribuerentur
1432 2208 1447 2243 :
1482 2189 1719 2248 fortasse
1746 2194 1968 2263 quidem
1993 2198 2067 2261 is,

484 2272 581 2341 qui
616 2274 717 2330 hoc
754 2273 982 2342 faceret,
1042 2293 1158 2335 rem
1209 2296 1320 2337 non
1396 2282 1571 2338 levem
1650 2287 1954 2357 peregerit;
2014 2298 2071 2342 at

487 2364 803 2432 humilitati,
845 2384 968 2439 quae
1000 2371 1302 2431 Salvatoris
1333 2372 1504 2445 ipsius
1534 2386 1617 2432 est
1669 2380 1828 2448 quasi
1863 2380 2074 2436 collaeo

486 2468 665 2525 tanea,
725 2462 946 2521 minime
1008 2482 1268 2537 magnum
1330 2471 1533 2542 aliquid
1565 2476 1902 2539 contulerit;
1954 2491 2063 2531 non

482 2553 630 2607 enim
687 2557 833 2623 quod
908 2558 1074 2613 alicui
1129 2576 1412 2631 magnum,
1469 2564 1611 2620 idem
1674 2575 1729 2621 et
1788 2568 2069 2623 universis

484 2659 763 2711 magnum.
812 2645 995 2717 Usque
1024 2649 1164 2706 adeo
1196 2653 1368 2708 vincit
1399 2656 1581 2710 omnia
1615 2656 1788 2727 ipsius
1812 2658 2070 2714 sublimi-

482 2741 569 2793 tas
601 2746 657 2789 et
688 2741 1030 2809 magnitudo,
1063 2759 1407 2815 quaecunque
1436 2747 1517 2803 vel
1571 2749 1909 2816 securitatis,
1972 2753 2060 2808 vel

485 2829 926 2900 pulchritudinis,
983 2837 1065 2891 vel
1098 2837 1402 2896 honestatis
1457 2841 1915 2912 signiﬁcationem
1969 2847 2064 2902 ha-

482 2925 663 2979 bentia
693 2927 954 2983 vocabula
970 2931 1067 2985 .Vel
1091 2941 1245 2998 sunt,
1273 2933 1358 2988 vel
1385 2945 1570 2999 erunt,
1625 2936 1708 2991 vel
1766 2939 2083 3009 excogitari

484 3028 741 3082 possunt.
771 3018 1025 3086 Quonam
1068 3023 1236 3093 igitur
1271 3024 1413 3081 hanc
1479 3027 1659 3096 pretio
1728 3029 1853 3099 quis
1918 3031 2066 3085 redi-

484 3123 664 3177 mens,
690 3126 797 3166 non
821 3114 1102 3182 egregium
1127 3110 1400 3185 quaestulti
1457 3117 1689 3174 fecerit?
1746 3129 1842 3175 aut
1898 3137 2065 3191 quam

482 3198 739 3255 virtutem
799 3194 1143 3273 aliam‘quis
1202 3208 1305 3262 ista
1363 3208 1550 3265 dicere
1630 3214 2063 3280 praestantiorem

484 3294 701 3363 possit?
730 3294 886 3362 Quod
916 3299 963 3355 si
994 3299 1120 3367 quis
1153 3300 1318 3356 etiam
1370 3303 1589 3358 cunctis
1645 3304 1789 3361 hanc
1840 3318 2068 3377 antepo-

484 3389 791 3456 neretvel't,
823 3390 869 3446 is
902 3406 1017 3447 mea
1051 3407 1185 3449 sane
1228 3396 1497 3451 sententia
1542 3395 1665 3466 iure
1726 3414 1832 3453 non
1887 3415 2097 3469 repre-*

485 3480 771 3536 hendetur.
808 3480 918 3551 Ego
963 3485 1184 3554 quidem
1238 3487 1381 3543 hanc
1428 3489 1686 3545 virtutem
1743 3500 1802 3544 ut
1856 3493 2068 3548 caeteris

484 3572 811 3642 digniorem,
845 3575 916 3630 ita
940 3577 1223 3634 dilectioni
1247 3596 1433 3649 parem
1496 3582 1754 3638 arbitror.
1808 3582 1918 3639 Nec
1964 3585 2063 3641 abs

489 3680 548 3717 re
599 3665 800 3722 dixerit
859 3670 1082 3740 aliquis,
1136 3673 1234 3729 bas
1288 3674 1426 3728 adeo
1482 3685 1746 3745 cognatas
1801 3691 1966 3742 esse,
2003 3685 2066 3732 ut

495 3759 892 3826 propemodum
926 3762 1067 3818 idem
1101 3766 1359 3832 quiddam
1381 3767 1447 3822 iis
1469 3783 1591 3823 esse
1619 3769 1791 3823 videri
1827 3770 2065 3839 possint,

488 3864 721 3913 uirorum
744 3865 897 3905 mens
921 3852 1296 3922 perspicacius
1315 3872 1400 3909 res
1421 3856 1772 3913 sublimiores
1790 3865 2061 3927 penetrat.

496 3939 710 4010 Quippe
766 3943 993 3999 dilectio
1054 3946 1380 4017 principium
1428 3956 1511 4004 est
1567 3949 1739 4018 ipsius
1804 3951 2064 4004 virtutum

483 4032 723 4087 circuli:
776 4036 1048 4092 modestia
1100 4052 1228 4093 vero
1289 4039 1434 4093 linis.
1510 4039 1854 4095 Circulorum
1930 4056 2064 4095 vero

486 4125 753 4196 principia
806 4138 862 4183 et
910 4130 1043 4186 fines
1110 4131 1253 4186 idem
1308 4142 1460 4188 sunt.
1510 4132 1652 4198 Quin
1710 4134 1872 4188 etiam
1938 4148 2066 4187 cum

482 4220 811 4289 principium
843 4224 972 4287 sint,
1009 4232 1062 4278 et
1094 4224 1240 4290 finis,
1279 4238 1342 4279 ac
1400 4234 1690 4294 propterea
1738 4226 1809 4279 de
1864 4226 2068 4280 relato-

483 4314 729 4383 rnm‘ad
779 4314 984 4383 aliquid
1034 4331 1318 4371 numero:
1384 4325 1606 4387 propter
1655 4317 1797 4372 hanc
1850 4333 2066 4387 quoque

486 4404 752 4458 rationem
780 4408 1006 4461 omnino
1038 4409 1283 4478 separari
1348 4423 1459 4464 non
1526 4420 1844 4477 potuerunt,
1901 4420 2064 4479 atque

485 4498 574 4549 tibi
609 4497 854 4563 dilectio,
917 4499 1116 4555 ibidem
1165 4503 1268 4557 erit
1297 4513 1352 4558 et
1403 4504 1712 4571 modestia;
1773 4504 2066 4560 similiter-

2176 2006 2406 2074 ποιήσας
2441 2005 2774 2076 κατώρθωκὲ
2816 2025 2870 2060 τι
2907 2009 3017 2062 τῶν
3049 2010 3110 2062 ού
3140 2011 3338 2081 ῥᾳδίων
3373 2025 3393 2044 ·
3429 2014 3496 2081 τῇ
3550 2012 3606 2064 δὲ
3656 2014 3733 2082 τῷ

2176 2097 2385 2166 Σωτῆρι
2401 2098 2703 2168 συντρόφῳ,
2725 2098 2790 2151 ἶν’
2809 2098 2929 2152 ἀντϊ
2951 2100 3166 2154 πάντων
3182 2100 3324 2154 τοῦτ’
3340 2102 3568 2172 εἴποιμι,
3588 2104 3733 2155 οὐδὲν

2176 2189 2513 2258 προσήνεγκε
2550 2189 2712 2260 μέγα.
2740 2187 2818 2245 Ού
2840 2189 2946 2258 γὰρ
2971 2190 3036 2259 δὴ
3058 2190 3119 2243 τὸ
3147 2190 3291 2259 μέγα
3340 2193 3446 2244 τινὶ
3474 2194 3615 2262 μέγα
3670 2194 3735 2246 ἀν

2158 2280 2261 2351 Δεἴη
2289 2280 2382 2333 καὶ
2402 2281 2586 2334 πᾶσιν.
2635 2280 2820 2343 Οὕτως
2847 2280 3062 2334 ἅπαντα
3098 2283 3225 2352 νικᾷ
3248 2280 3327 2334 τὸ’
3351 2283 3539 2352 κείνης
3609 2284 3739 2352 ὕψος

2177 2371 2270 2423 καὶ
2302 2352 2554 2438 μέγεθος,
2583 2370 2682 2423 ὅσα
2716 2371 2849 2441 πρὸς
2878 2372 3194 2440 ἀσφάλειαν,
3243 2372 3340 2425 καὶ
3386 2373 3736 2442 φαιδρότητα,
3794 2366 3805 2373 ⁷

2176 2464 2269 2517 καὶ
2283 2463 2685 2530 καλοκαγαθίαν
2707 2464 3071 2534 προσρήματα
3095 2464 3129 2535 ἢ
3168 2464 3334 2527 εστιν,
3360 2463 3394 2532 ἢ
3428 2468 3739 2534 γενήσεται,

2175 2554 2480 2624 ῆνοηθῆναι
2513 2549 2601 2608 οἷά
2628 2567 2712 2609 τε.
2737 2554 2889 2619 Τίνος
2918 2556 3011 2610 οὖν
3032 2555 3098 2611 ἀν
3126 2574 3208 2619 τις
3225 2558 3428 2628 ταύτην
3444 2557 3738 2627 ὠνησάμε-

2174 2662 2284 2711 νος,
2318 2646 2394 2716 μὴ
2424 2647 2564 2701 πάνυ
2596 2646 2774 2712 καλῶς
2805 2649 3206 2719 ὲμπορεύσαιτσ
3236 2666 3252 2715 ;
3295 2649 3371 2702 Ἢ
3391 2649 3551 2703 ποίαν
3571 2650 3741 2723 ἀλκὴν

2172 2739 2281 2793 τῶν
2303 2740 2510 2811 ἀρετῶν
2547 2741 2661 2810 ἐρεῖ
2682 2758 2765 2805 τις
2792 2741 2991 2811 ταύτης
3028 2742 3272 2813 auebat»;
3338 2744 3401 2800 Ei
3430 2742 3484 2799 ἴε
3513 2750 3609 2799 καὶ
3635 2765 3738 2799 πα-

2175 2832 2283 2885 σῶν
2305 2848 2411 2886 τινι
2441 2832 2593 2902 φίλον
2618 2834 2819 2901 ταύτην
2836 2832 3138 2908 προθεῖναι,
3167 2842 3195 2891 ὀ
3236 2839 3298 2910 δὴ
3344 2838 3584 2902 τοιοῦτος
3639 2840 3740 2892 οὐκ
3826 2860 3833 2879 ι

2175 2923 2240 2978 ἀν
2265 2924 2487 2988 δικαίως
2510 2921 2662 2993 οἶμαι
2682 2925 2893 3005 δέξαιτο
2922 2930 3146 2999 μέμψιν.
3166 2930 3311 2998 Ἐγὼ
3335 2930 3393 2984 δὲ
3413 2930 3618 2999 ταύτην
3637 2930 3741 2995 τὴν

2173 3017 2373 3088 ἀρετὴν
2412 3016 2584 3087 μείζω
2618 3022 2715 3089 μὲν
2743 3021 2852 3074 τῶν
2889 3021 3064 3077 ἄλλων
3116 3022 3502 3091 ὑπολαμϐάνω,
3545 3023 3740 3093 ἀγάπῃ

2172 3109 2228 3162 δὲ
2258 3110 2541 3182 ὁμότιμον.
2580 3113 2735 3165 Εἴποι
2767 3112 2898 3166 δ’ἄν
2925 3131 3010 3177 τις
3037 3113 3243 3177 ταύτας
3279 3114 3380 3167 οὐκ
3430 3116 3739 3176 ἀπεικότως

2173 3201 2316 3257 οὕτω
2339 3219 2453 3266 πως
2485 3203 2628 3273 ἔχειν
2658 3204 2918 3273 γνησίως,
2967 3206 3044 3267 ὡς
3094 3206 3292 3278 μικροῦ
3350 3205 3545 3259 ταυτὸν
3600 3203 3740 3259 εἷναι

2171 3296 2340 3361 δόξαι,
2370 3291 2457 3360 οίςν
2476 3313 2538 3365 γε
2567 3297 3038 3369 θεωρητικώτερον
3068 3301 3097 3353 ό
3128 3301 3253 3362 νοῦς
3305 3298 3599 3369 ἐμϐατεύει
3627 3300 3739 3358 τοῖς

2170 3389 2278 3443 τῶν
2309 3391 2649 3460 πραγμάτων
2677 3391 3047 3461 ὑψηλοτέροις.
3086 3392 3253 3463 Ἀρχὴ
3280 3391 3389 3460 γὰρ
3416 3391 3734 3462 δήπουθενη

2171 3482 2360 3552 ἀγάπη
2390 3483 2486 3535 τοῦ
2519 3483 2625 3536 τῶν
2651 3483 2864 3553 ἀρετῶν
2901 3485 3014 3538 ἐστι
3039 3484 3236 3537 κύκλου
3260 3500 3274 3513 ·
3304 3485 3337 3555 ἡ
3363 3485 3420 3537 δὲ
3447 3484 3738 3553 μετριότης

2171 3577 2230 3630 τὸ
2275 3576 2449 3639 τέλος.
2505 3578 2615 3631 Καὶ
2672 3575 2779 3630 τῶν
2804 3575 3020 3629 κύκλων
3068 3578 3127 3629 ei
3159 3576 3345 3646 ἀρχαὶ,
3375 3576 3470 3628 καὶ
3491 3576 3561 3626 τὰ
3588 3576 3737 3640 τέλη,

2169 3669 2382 3722 τάυτόν.
2424 3670 2501 3723 Ού
2536 3670 2643 3739 μὴν
2666 3670 2781 3722 ἀλλ’
2807 3669 3101 3739 ἐπειδήπερ
3131 3668 3271 3738 ἀρχὴ
3301 3667 3394 3721 καὶ
3421 3668 3598 3732 τέλος,
3645 3668 3738 3719 καὶ

2168 3761 2254 3813 διὰ
2280 3761 2435 3814 τοῦτο
2463 3760 2569 3812 τῶν
2593 3760 2723 3830 πρός
2757 3778 2832 3824 τι,
2854 3757 2964 3813 εἷεν
2990 3759 3056 3814 ἂν
3079 3760 3170 3813 καὶ
3196 3759 3286 3812 διά
3313 3758 3498 3812 τοῦτον
3527 3759 3620 3810 τὸν
3653 3757 3737 3809 λύε

2169 3870 2264 3922 γον
2289 3853 2566 3916 παντελῶς
2587 3854 2887 3924 ἀχώριστα,
2934 3853 3030 3913 καὶ
3080 3853 3224 3922 {vati}
3271 3852 3479 3922 ἀγάπη,
3536 3853 3635 3905 καὶ
3681 3851 3739 3905 τὸ

2173 3946 2429 4016 μέτριον)
2459 3945 2535 4009 ὡς
2565 3947 2622 4000 δὲ
2651 3948 2833 4001 καὶτὸ
2864 3947 3132 4001 ἀνάπαλιν
3154 3962 3170 3978 ⁸
3204 3945 3341 3999 ὥστε
3372 3948 3595 3998 κακεῖνο
3644 3961 3738 3997 σιτ⁹

2168 4037 2287 4108 φές.
2328 4037 2447 4092 Ἵνα
2466 4038 2576 4107 γὰρ
2605 4039 2667 4091 οὗ
2699 4039 2960 4106 πάρεστιν
2996 4038 3037 4107 ἡ
3062 4036 3245 4107 ἑτέρα,
3284 4037 3379 4090 καὶ
3401 4035 3499 4104 τὴν
3546 4036 3737 4103 ἑτέραν

2166 4133 2380 4186 ἀπεῖναι
2401 4132 2510 4186 τῶν
2533 4132 2867 4200 ἀναγκαίων.
2897 4133 3011 4184 Οὐκ
3043 4131 3157 4184 ἔστι
3190 4130 3369 4183 τοίνυν
3399 4128 3626 4205 θάτερον
3649 4122 3738 4181 εἷ-

2168 4240 2275 4286 ναι,
2312 4222 2344 4291 ἢ
2377 4221 2653 4291 νοηθῆναι,
2708 4225 2815 4276 κᾶν
2842 4223 2871 4275 ὅ
2901 4239 2956 4274 τι
2989 4223 3218 4290 γένοιτο,
3276 4221 3501 4291 θατέρου
3540 4237 3607 4288 γε
3664 4220 3734 4289 μὴ

2167 4315 2319 4377 δντος
2352 4313 2385 4384 ἢ
2418 4314 2729 4384 νοουμένου.
2763 4315 2859 4366 “Av
2878 4310 2973 4367 οὖν
3005 4314 3119 4383 ἀπῇ
3149 4313 3209 4366 τὸ
3246 4310 3522 4376 ταπεινὸν,
3559 4309 3654 4363 καὶ
3678 4309 3736 4361 τὸ

2165 4410 2264 4476 τῆς
2296 4406 2520 4475 ἀγάπης
2552 4406 2747 4460 ἄπεστι
2779 4407 2987 4477 χρῆμα.
3020 4407 3234 4475 Ταύτης
3283 4406 3339 4459 δὲ
3365 4405 3467 4475 τῆς
3513 4403 3737 4474 ξυνωρί-

2166 4499 2252 4560 δος
2273 4497 2544 4567 ἀπούσης,
2567 4498 2677 4551 οὐδ’
2723 4500 2790 4552 ἂν
2818 4497 2942 4551 οὐδὲ
2966 4497 3071 4551 τῶν
3113 4498 3323 4567 ἀρετῶν
3356 4496 3502 4552 ἅπαν
3537 4496 3739 4562 σύστηα

483 4605 588 4653 nne
607 4590 721 4645 vice
747 4606 939 4646 νει-ειη
953 4591 1299 4665 Quapropter
1317 4596 1667 4667 hocqnoque
1694 4597 2061 4666 perspicuum.

2178 4606 2254 4656 μα
2309 4589 2660 4658 προσγένοιτό
2692 4588 2821 4642 ποτε
2848 4606 2953 4643 τινι
2979 4588 3087 4643 τῶν
3114 4589 3434 4659 ἀνθρώπων.
3477 4588 3591 4656 Τῆς
3628 4587 3733 4653 γὰρ

483 4678 619 4736 Nam
654 4684 745 4738 ubi
788 4700 895 4740 non
925 4687 1080 4741 adest
1139 4704 1267 4754 una,
1331 4689 1409 4744 ibi
1472 4699 1528 4745 et
1585 4691 1811 4744 alteram
1870 4689 2067 4745 abesse

484 4777 796 4832 necessario
818 4780 1085 4847 sequitur.
1111 4779 1348 4848 [deoque
1378 4784 1562 4852 nequit
1619 4784 1812 4838 horum
1858 4784 2066 4837 alteru-

484 4876 627 4921 trum
672 4869 756 4923 vel
780 4883 926 4936 esse,
964 4870 1045 4926 vel
1066 4874 1396 4942 cogitatione
1449 4875 1862 4944 comprehendi,
1893 4876 2059 4944 quid-

482 4960 612 5028 quid
634 4976 769 5016 sane
801 4963 926 5029 fiat,
956 4963 1004 5021 si
1036 4964 1365 5021 altcrutrum
1397 4968 1480 5022 vel
1502 4983 1608 5023 non
1642 4968 1732 5031 sit,
1766 4967 1849 5022 vel
1878 4982 2060 5022 mente

484 5067 593 5105 non
628 5055 980 5123 percipiatur.
1040 5056 1221 5122 Quare
1241 5058 1288 5113 si
1348 5058 1490 5112 absit
1544 5058 1846 5122 humilitas,
1900 5060 2064 5113 etiam

485 5149 644 5200 abest
674 5148 917 5205 dilectio.
955 5149 1014 5205 Si
1042 5166 1173 5207 vero
1205 5167 1302 5221 par
1328 5138 1487 5208 istud
1520 5153 1685 5218 absit,
1718 5167 1788 5207 ne
1839 5151 2064 5222 quidem

483 5237 796 5293 universum
825 5255 1028 5307 corpus
1058 5244 1320 5298 virtutum
1353 5246 1607 5313 aquirere
1644 5244 1768 5314 quis
1825 5256 2062 5315 unquam

449 5336 687 5405 ‘potest.
742 5329 876 5384 Nam
963 5333 1010 5387 si
1060 5349 1239 5403 neque
1300 5336 1655 5405 principium,
1715 5350 1893 5405 neque
1942 5333 2067 5389 linis

2167 4682 2342 4753 ἀρχῆς
2372 4679 2585 4735 καὶτοῦ
2611 4681 2796 4740 τέλους
2840 4680 3106 4750 μηδαμῶς
3147 4681 3336 4741 ὄντων,
3392 4679 3487 4731 καὶ
3540 4678 3609 4730 τά
3653 4675 3737 4727 διά

2174 4777 2341 4842 μέσον
2369 4772 2546 4826 πάντα
2582 4772 2643 4826 τό
2669 4788 2734 4840 γε
2773 4772 2947 4825 δοκεῖν
2987 4771 3106 4841 μεθ’
3153 4768 3361 4823 ἑαυτῶν
3398 4770 3533 4831 ἴσως
3588 4770 3735 4837 ἐχου-

2174 4884 2279 4931 σιν,
2304 4865 2363 4918 οὐ
2398 4864 2458 4917 τὸ
2487 4862 2700 4934 ἀληθῶς
2722 4856 2882 4917 εἶναι.
2908 4861 3202 4933 Συμὸαίνει
3224 4861 3288 4931 δὴ
3320 4859 3419 4930 τὴν
3475 4860 3578 4929 μὲν
3609 4859 3736 4925 ἀγά-

2174 4975 2280 5027 πην
2302 4959 2541 5022 ἀπεῖναι,
2575 4956 2639 5011 ἂν
2668 4957 2743 5026 μὴ
2771 4940 2917 5025 παρῇ
2942 4956 3037 5008 καὶ
3061 4955 3123 5007 τὸ
3150 4953 3364 5025 μέτριον
3388 4969 3405 4984 ·
3453 4952 3657 5018 ταύτης
3684 4951 3736 5001 δὲ

2174 5034 2275 5118 τῆς
2309 5048 2567 5116 συζυγίας
2599 5049 2728 5118 ἡμῖν
2764 5048 2862 5103 οὐκ
2878 5047 3063 5115 οὔσης,
3099 5045 3365 5116 μηδεμίαν
3408 5045 3611 5125 ἀρετὴν
3646 5043 3736 5095 ἀν-

2176 5142 2379 5213 θρώπῳ
2407 5142 2688 5213 προσεῖναι
2728 5154 2743 5169 ·
2797 5140 2893 5193 καὶ⁵
2917 5142 2982 5208 τῇ
3008 5137 3214 5190 τούτων
3232 5132 3299 5191 αὖ
3328 5136 3571 5205 ἀπουσίᾳ
3610 5132 3737 5204 μηδὲ

2174 5236 2376 5308 ἀρετῆς
2409 5234 2655 5305 μετέχειν
2675 5232 2737 5288 τό
2763 5250 2827 5303 γε
2870 5232 3059 5286 δοκοῦν
3100 5229 3412 5301 πεπρᾶχθαι
3452 5227 3578 5281 κατ’
3624 5229 3741 5297 ἀρε·
3846 5242 3862 5258 ·

2176 5329 2297 5398 τήν.

485 5421 778 5485 exsistant,
833 5424 1000 5479 etiam
1051 5425 1373 5481 intermedia
1429 5439 1625 5483 cuncta
1676 5428 1925 5482 fortassis
1964 5428 2066 5481 hoc
2106 5424 2305 5479 habere
2337 5427 2586 5491 possunt,
2619 5427 2821 5474 utesse
2850 5417 3313 5521 sibivideantur;
3375 5428 3483 5521 non
3562 5426 3736 5521 autem

485 5524 543 5563 nt
572 5528 760 5567 revera
791 5514 920 5570 sint.
961 5516 1329 5586 Consequitur
1373 5534 1525 5591 ergo,
1581 5521 1928 5576 dilectionem
1980 5517 2197 5579 abesse,
2266 5517 2311 5571 si
2369 5516 2631 5569 modestia
2686 5527 2795 5613 non
2825 5604 2837 5613 .
2866 5510 3054 5576 adsit;
3134 5523 3305 5613 eaque
3331 5510 3738 5613 -c0njunctione

485 5605 531 5657 si
592 5618 904 5670 careamus,
946 5607 1146 5662 nullam
1211 5609 1417 5663 homini
1471 5611 1730 5665 virtutem
1790 5609 2056 5679 reliquam
2096 5621 2216 5663 esse
2250 5626 2265 5663 :
2298 5623 2418 5677 qum
2460 5619 2590 5661 sane
2622 5604 2666 5658 si
2724 5603 2928 5668 absint,
3005 5619 3106 5659 nec
3157 5602 3375 5659 virtutis
3428 5616 3553 5657 esse
3620 5613 3737 5671 par-

491 5701 681 5770 ticeps,
745 5704 892 5771 quod
957 5704 1256 5760 secundum
1340 5706 1598 5761 virtutem
1650 5706 1855 5762 factum
1890 5706 2157 5760 videatur.

565 5794 629 5848 Et
662 5797 776 5849 haec
805 5796 1024 5865 quidem
1060 5797 1110 5850 in
1145 5797 1287 5851 hunc
1318 5801 1535 5853 modum
1567 5808 1686 5855 esse
1737 5810 2070 5868 comparata,

487 5885 558 5941 de
582 5885 650 5943 iis
679 5898 891 5945 constat
921 5904 1039 5961 qua:
1070 5890 1208 5947 dicta
1241 5900 1391 5947 sunt.
1427 5891 1579 5949 Scire
1630 5909 1758 5948 vero
1791 5893 2071 5957 debemus,

2252 5795 2376 5850 Ὀτι
2411 5796 2509 5865 μὲν
2535 5794 2628 5849 οὖν
2655 5794 2824 5850 ταῦτα
2865 5793 3010 5866 τῇδε,
3053 5792 3208 5846 δίλον
3237 5793 3336 5862 ἤδη
3391 5792 3615 5860 γέγονεν
3674 5790 3733 5843 ἐκ

2178 5890 2284 5944 τῶν
2311 5890 2615 5961 εἰρημένων
2637 5906 2648 5920 ο
2675 5887 2828 5943 δεῖδὲ
2859 5889 3006 5960 ἡμᾶς
3044 5888 3142 5957 τὴν
3200 5885 3473 5956 μακαρίαν
3521 5886 3731 5953 ἀγάπην
