3990 6566
181 429 289 499 541

1566 445 1854 509 ORATIO
1894 449 2027 513 VII.

2900 328 2927 345 κ

3365 444 3475 515 542

176 546 431 616 κρηπῖδα
453 546 545 602 καὶ
575 547 826 620 θεμέλιον
868 552 1109 622 ἀσφαλὲς
1170 555 1393 623 ειδέναι,
1449 556 1775 629 ἐρηρεισμέ-

1892 572 2092 620 Jeatam
2118 563 2267 621 illam
2311 565 2658 623 dilectionem
2703 577 2826 620 esse
2871 561 3203 633 crepidinem
3245 571 3299 617 et
3338 574 3467 615 tun-

176 654 284 704 νην
313 639 523 709 ἑπὶτῆς
545 642 774 712 πέτρας,
799 643 962 701 αὐτοῦ
1021 647 1261 718 Χριστοῦ
1296 665 1312 682 ο
1359 648 1517 722 ῥίζαν
1554 667 1614 704 τε
1666 652 1778 706 τῶν

179 731 412 797 ἀγαθῶν
442 732 568 800 ἑξῆς
598 736 877 802 ἁπάντων,
908 740 1293 816 διικνουμένην
1318 745 1377 807 ἐς
1416 744 1580 814 βάθος
1613 746 1777 816 μέγα.

179 825 283 877 καὶ
335 825 470 896 ὕψος
524 827 693 893 ὅντως
734 832 1174 906 ἀνεξερεύνητον,
1221 837 1393 907 εἴπερ
1426 838 1492 892 τά
1540 837 1642 908 μὲν
1684 838 1778 892 τοῦ

183 918 324 971 Θεοῦ
363 920 589 974 τοιαῦτα
619 938 634 953 ο
668 925 700 993 ἠ
730 925 786 980 δὲ
811 928 1064 982 τοσοῦτον
1110 929 1170 982 ἐν
1210 930 1287 1000 τῷ
1317 931 1459 1001 Θεῷ,
1507 933 1632 986 ὅσον
1684 930 1782 986 καὶ

183 1011 552 1081 αύτοαγάπην
582 1016 792 1071 ἐκεῖνον
818 1018 1095 1086 λέγεσθαι.
1151 1024 1262 1076 Καὶ
1291 1024 1340 1077 εί
1364 1023 1446 1078 δεῖ
1472 1026 1533 1077 τὸ
1559 1025 1670 1078 πᾶν
1698 1026 1780 1078 elo

184 1107 333 1161 πεῖν.
368 1122 451 1158 σει
460 1108 528 1176 ρᾷ
553 1108 652 1175 μὲν
670 1108 849 1163 ἑοικεν
870 1111 1129 1183 ἀντικρυς
1151 1115 1212 1168 τδ
1238 1115 1346 1169 τῶν
1367 1118 1579 1186 ἀρετῶν
1598 1116 1664 1170 άθ
1674 1134 1784 1186 ροι-

183 1212 325 1261 σμα,
355 1199 447 1249 καὶ
477 1199 721 1268 ἀλλήλων
753 1201 965 1272 ἔχονται
1009 1205 1207 1270 πᾶσαι,
1239 1206 1471 1276 ταυτησὶ
1506 1208 1563 1261 δὲ
1614 1208 1784 1279 μόνης

182 1288 525 1358 ἐξήρτηνται
549 1291 646 1357 τῆς
666 1293 905 1364 ἀγάπης.
936 1296 1099 1351 Ὥστε
1124 1298 1306 1353 πάντα
1328 1300 1398 1354 ἂν
1418 1300 1681 1371 ἁρμόσειε
1711 1302 1781 1354 τά

190 1380 459 1447 μέγιστα,
485 1382 580 1435 καὶ
615 1384 886 1453 βέλτιστα,
913 1389 1008 1442 καὶ
1037 1390 1322 1458 κάλλιστα,
1345 1393 1439 1446 καὶ
1472 1392 1654 1465 τίμια,
1687 1395 1785 1449 καὶ

186 1473 394 1542 σεμνά,
431 1476 486 1527 si
505 1494 591 1539 τις
614 1479 843 1548 ἀγείρας
875 1483 971 1535 καὶ
997 1482 1254 1549 συνελὼν,
1303 1484 1440 1555 αὐτῇ
1495 1502 1559 1552 γε
1610 1484 1782 1540 ταῦτα

182 1568 499 1635 προσοίσει.
534 1570 699 1625 Οὐδὲν
731 1573 843 1643 γὰρ
874 1569 1054 1644 οἴμαι,
1087 1577 1241 1631 οὐδὲν
1258 1577 1370 1631 τῶν
1399 1577 1621 1647 ἀγαθῶν
1656 1577 1784 1647 ἑξῆς

184 1659 445 1723 πάντων,
475 1661 610 1732 ὅπερ
644 1665 710 1716 ἂν
740 1666 949 1736 ἀπᾷδον
981 1668 1069 1737 εἵη
1094 1668 1205 1722 τῶν
1233 1671 1419 1741 εκείνη
1460 1687 1525 1739 γε
1556 1670 1788 1742 προσόν-

183 1769 307 1806 των
332 1755 640 1821 ἰδιωμάτων
676 1772 691 1788 ν
723 1755 912 1829 ὥσπερ
936 1760 1048 1813 οὐδ’
1080 1760 1197 1815 εστι
1226 1762 1338 1816 τῶν
1367 1763 1643 1829 ἁπάντων,
1666 1764 1783 1832 εῖγε

1885 652 2198 713 damentum
2231 661 2465 718 certum.
2515 652 2761 708 innixum
2814 660 3005 722 petrae,
3068 650 3324 705 nimirum
3368 649 3468 717 ipsi

1883 743 2124 809 Christo,
2185 745 2540 816 radicemqne
2573 744 2841 802 bonorum
2877 741 3471 812 omnium,pertingen-

1884 846 1993 893 tem
2070 837 2137 892 ad
2188 854 2440 907 magnam
2500 819 2952 909 profunditatem,
3012 846 3066 891 et
3120 836 3465 890 altitudinem

1882 944 2075 999 reapse
2110 943 2218 983 non
2245 928 2722 998 perscrutabilem.
2758 928 3031 997 siquidem
3063 941 3185 997 quae
3217 924 3314 979 Dei
3340 932 3471 978 sunt

1885 1022 2013 1077 talia
2040 1030 2166 1077 sunt
2194 1040 2209 1087 ;
2237 1031 2293 1077 et
2319 1020 2436 1090 ipsa
2483 1036 2659 1090 usque
2690 1020 2824 1075 adeo
2854 1020 2908 1074 in
2960 1020 3067 1074 Deo
3088 1027 3192 1082 est,
3236 1016 3360 1072 utis
3391 1019 3474 1085 ip;

1882 1110 2099 1170 sissima
2131 1127 2349 1183 quoque
2387 1113 2609 1169 dilectio
2640 1121 3003 1183 nuncnpetur.
3041 1111 3120 1167 Ad
3175 1124 3468 1172 summam,

1884 1216 2090 1262 catenae
2114 1190 2417 1261 consimilis
2447 1215 2528 1261 est
2557 1195 2823 1260 virtutu'm
2855 1216 3030 1262 cretus
3066 1220 3082 1270 ;
3116 1212 3251 1259 etut
3280 1215 3472 1255 omnes

1888 1299 2120 1354 invicem
2160 1298 2460 1364 coherent,
2520 1298 2797 1355 sicasola
2858 1298 3151 1355 dilectione
3211 1297 3475 1365 pendent.

1887 1391 2251 1459 Quamobrem
2279 1392 2403 1447 huic
2452 1392 2636 1447 omnia
2707 1390 3058 1462 congruerint
3113 1388 3374 1447 maxima,
3420 1394 3476 1439 et

1887 1487 2117 1556 optima,
2150 1492 2208 1541 et
2230 1484 2622 1556 pulcherrima,
2652 1492 2704 1538 et
2728 1482 3060 1546 veneranda,
3089 1488 3141 1535 et
3189 1487 3412 1547 angusta
3455 1493 3472 1542 ;

1891 1579 1936 1635 si
1970 1577 2098 1649 quis
2120 1593 2183 1634 ea
2216 1577 2468 1641 collecta,
2500 1582 2892 1645 congestaque,
2953 1572 3083 1627 huic
3139 1569 3478 1627 attribuerit.

1886 1669 2107 1726 Nullum
2125 1669 2301 1735 enim,
2363 1671 2582 1738 opinor,
2633 1665 2843 1721 nullum
2877 1665 3100 1719 omnino
3134 1662 3333 1717 bonum
3368 1668 3478 1724 est,

1888 1765 2032 1835 quod
2056 1763 2126 1819 iis
2152 1777 2179 1815 a
2199 1758 3063 1830 proprietatibnsdiserepet.qua:
3084 1752 3209 1807 huic
3235 1751 3433 1805 adsunt
3457 1765 3474 1803 :

185 1846 297 1913 τῆς
339 1848 556 1915 μερίδος
580 1849 692 1901 τῶν
730 1850 951 1916 ἀγαθῶν
983 1852 1149 1918 ἑστιν,
1180 1854 1317 1926 ὅπερ
1362 1855 1437 1925 μὴ
1466 1855 1611 1915 πάνυ
1642 1873 1785 1925 συμ-

1892 1854 2050 1912 sicuti
2091 1867 2192 1907 nec
2212 1850 2439 1907 omnino
2472 1848 2765 1918 quidquam
2801 1854 2905 1910 est,
2951 1844 3113 1899 modo
3153 1842 3416 1897 bonorum
3446 1855 3477 1891 ιι

189 1939 435 2007 ϐήσεται
466 1941 534 2009 τῇ
582 1940 680 2008 τῆς
711 1944 1219 2016 ταπεινοφροσύνης
1272 1946 1555 2018 ἀκρότητι.
1598 1947 1784 2016 Οὔσης

186 2028 291 2086 οὖν
320 2031 534 2101 ἐκείνης
565 2035 593 2087 δ
623 2051 787 2107 τιπερ
807 2037 1102 2105 κεφάλαιον
1132 2039 1241 2092 τῶν
1266 2038 1466 2107 καλῶν,
1498 2040 1649 2094 οὐδέν
1676 2057 1780 2095 που

188 2126 583 2195 ταπεινότερον
613 2126 762 2195 ὅμως
792 2128 856 2181 τὸ
876 2129 979 2193 τῆς
1012 2132 1366 2201 μετριότητος
1417 2131 1644 2201 μέγεθος
1683 2131 1779 2186 τοῦ

190 2216 301 2284 τῆς
324 2217 545 2285 ἀγάπης
575 2216 743 2286 ὕψους
778 2220 873 2274 καὶ
900 2220 1226 2290 ἀξιώματος.
1257 2223 1366 2275 Καὶ
1398 2222 1507 2293 γάρ
1546 2225 1661 2276 ἑστι
1687 2220 1784 2277 καὶ⁵

181 2308 327 2362 ,καθ’
365 2308 536 2379 αὐτὴν
563 2307 819 2380 ἀγαθδνή
852 2314 1349 2385 ταπεινοφροσύνη,
1387 2314 1481 2367 καὶ
1510 2314 1783 2387 θησαυρὸς

194 2401 585 2457 ἀποδέδεικται
608 2403 719 2455 τῶν
750 2406 1183 2476 συνειλεγμένων
1212 2409 1346 2478 ἡμῖν
1378 2407 1564 2461 καλῶν
1588 2409 1651 2463 ἑκ
1686 2407 1780 2461 τοῦ

192 2496 297 2564 τῆς
319 2496 544 2565 ἀγάπης
577 2497 779 2550 εύθέων
807 2499 1076 2569 πτόρθων.
1137 2499 1299 2553 Ὥστε
1334 2500 1394 2565 ἐξ
1425 2502 1627 2569 ἀμφοῖν
1660 2499 1784 2566 ἀρί-

199 2601 323 2653 στη.
362 2587 489 2640 Εττε
517 2587 625 2655 γὰρ
651 2586 726 2649 ὡς
766 2588 921 2651 τέλος
970 2589 1141 2658 αὐτὴν
1192 2589 1594 2661 θεωρήσαιμεν,
1630 2591 1784 2644 οὐδὲν

199 2677 372 2745 αὐτῆς
399 2676 626 2744 ἄμεινον
657 2691 675 2708 ⁸
701 2676 804 2730 εἷθ’
836 2679 914 2742 ὡς
954 2680 1091 2750 πρὸς
1118 2680 1178 2733 τὸ
1204 2680 1355 2743 τέλος
1385 2681 1522 2751 αὐτῇ
1555 2681 1784 2751 χρησαί-

199 2766 366 2834 μεθα,
399 2769 503 2821 οὐκ
533 2767 681 2821 εστιν
708 2770 1003 2838 ἀποτυχεῖν
1026 2769 1118 2824 τοῦ
1148 2769 1379 2825 σκοποῦ.
1419 2772 1623 2842 Ἀγαθὴ
1674 2772 1785 2839 γάρ

198 2864 317 2915 ἐστι
341 2861 471 2914 καθ’
497 2858 684 2930 αὐτὴν,
720 2862 795 2925 ὡς
815 2863 1063 2932 εἰρηνική
1093 2880 1151 2915 τε
1183 2863 1280 2916 καὶ
1304 2864 1608 2934 πραοτάτη,
1661 2862 1689 2915 δ
1718 2863 1782 2936 δὴ

199 2949 336 3004 Θεοῦ
363 2950 512 3003 ἑστιν
531 2950 685 3006 ἴδιον,
724 2950 929 3021 Ἀγαθὴ
953 2952 1007 3004 δὲ
1029 2948 1097 3005 αὖ
1121 2954 1214 3006 καὶ
1237 2951 1412 3006 ἀλλων
1437 2952 1597 3007 ἓνεκα
1636 2950 1783 3004 πλεί.

200 3060 344 3096 στων
377 3058 393 3074 ο
426 3042 522 3095 καὶ
553 3041 643 3095 διά
688 3041 849 3096 τοῦτο
890 3043 1163 3113 θησαυρὸς
1226 3045 1443 3097 πάντων
1490 3041 1628 3110 ἑξῆς
1675 3041 1786 3096 τῶν

201 3134 389 3190 καλῶν
416 3140 512 3188 καὶ
544 3130 784 3205 εἴρηται,
811 3137 908 3190 καὶ
936 3136 1083 3190 ἔστιν
1111 3154 1125 3169 ·
1160 3138 1352 3208 ἐπειδὴ
1378 3137 1581 3207 ταύτης
1613 3138 1787 3210 χωρὶς

1810 1901 1861 1961 Β

1888 1948 2149 2004 societate
2172 1959 2280 2000 non
2318 1943 2647 2007 excluditur,
2674 1940 2818 2013 quod
2871 1954 2976 1994 non
3027 1937 3309 2007 insigniter
3367 1935 3478 1988 hu.

1889 2040 2138 2096 militatis
2160 2037 2472 2092 eminentiae
2498 2049 2764 2104 supremae
2791 2032 3104 2088 conveniat.
3129 2030 3265 2086 Cum
3300 2030 3479 2101 igitur

1889 2135 2008 2204 ipsa
2045 2140 2211 2202 caput
2246 2139 2300 2186 et
2333 2139 2523 2185 vertex
2576 2129 2731 2198 quasi
2782 2127 3002 2195 quidam
3060 2125 3329 2181 bonorum
3384 2122 3478 2187 sit,

1889 2238 2000 2279 non
2037 2232 2219 2278 tamen
2251 2220 2516 2276 humilior
2532 2227 2614 2274 est
2644 2218 2922 2272 modestia:
2945 2217 3279 2289 magnitudo,
3315 2228 3476 2282 quam

1889 2311 2514 2371 dilectioniseminentia
2547 2310 2615 2364 sit
2637 2320 2804 2378 atque
2829 2307 3088 2378 dignitas.
3119 2304 3216 2361 Est
3245 2304 3392 2360 enim
3420 2312 3477 2373 et

1892 2422 1989 2478 per
2018 2421 2076 2462 se
2101 2404 2303 2460 bonum
2330 2402 2602 2473 quoddam
2628 2401 2933 2463 humilitas,
2960 2409 3013 2453 et
3049 2413 3335 2455 ostensum
3369 2403 3476 2462 est,

1891 2500 2034 2553 hanc
2091 2512 2214 2553 esse
2255 2497 2570 2551 thesaurum
2633 2496 2901 2549 bonorum
2933 2509 2961 2545 a
3012 2492 3166 2546 nobis
3196 2491 3261 2545 de
3318 2487 3482 2543 rectis

1890 2588 2201 2643 dilectionis
2240 2586 2408 2641 ramis
2434 2585 2819 2641 collectnrnm.
2851 2582 3220 2650 Quamobrem
3248 2586 3483 2650 utraque

1891 2682 2100 2737 ratione
2134 2677 2587 2750 praestantissima
2618 2687 2724 2732 est.
2752 2676 2888 2731 Nam
2916 2676 3030 2730 sive
3060 2675 3207 2728 illam
3235 2680 3294 2727 ut
3320 2671 3479 2727 linem

1891 2771 2452 2836 consideraverimus,
2470 2767 2611 2822 nihil
2644 2782 2708 2822 ea
2737 2768 2970 2823 melius:
2994 2766 3110 2822 sive
3133 2774 3391 2834 tanquam
3414 2759 3480 2815 ad

1893 2865 2055 2919 linem
2085 2877 2148 2915 ea
2180 2861 2448 2916 fuerimus
2476 2860 2579 2926 usi,
2606 2859 2863 2915 aberrare
2887 2874 2914 2911 a
2942 2873 3109 2926 scopo
3144 2873 3252 2910 non
3286 2869 3484 2923 possu-

1892 2971 2039 3011 mus.
2074 2955 2169 3011 Est
2196 2953 2341 3008 enim
2369 2962 2422 3007 et
2452 2966 2550 3022 per
2580 2966 2639 3007 se
2660 2950 2824 3017 bona,
2859 2960 3116 3019 tanquam
3159 2945 3382 3017 paciﬁca
3428 2955 3485 2997 et

1891 3046 2205 3108 mitissima,
2229 3042 2375 3112 quod
2409 3056 2541 3097 sane
2590 3040 2701 3096 Deo
2753 3039 3032 3110 proprium
3068 3046 3195 3094 est:
3244 3046 3301 3093 et
3338 3035 3483 3090 bona

1894 3147 2105 3197 rursus,
2137 3130 2272 3184 alias
2300 3128 2567 3200 plurimas
2591 3127 2664 3183 ob
2695 3141 2893 3183 causas
2926 3145 2941 3195 ;
2978 3127 3211 3198 ideoque
3261 3126 3485 3181 thesau-

202 3228 487 3292 παντελῶς
504 3228 765 3281 ἀδύνατον
793 3228 825 3297 ἦ
853 3228 1138 3300 διαρκέσαι
1163 3230 1401 3301 χρηστόν
1429 3247 1550 3283 τινα
1573 3230 1781 3300 ἀνθρω-

1892 3240 1987 3280 rus
2010 3226 2276 3279 bonorum
2313 3222 2557 3291 omnium
2587 3231 2641 3276 et
2662 3222 2990 3292 appellatur.
3013 3230 3169 3277 etest
3200 3222 3478 3289 :quando-

206 3339 305 3375 πον
335 3321 491 3383 δντα,
518 3319 551 3389 ἢ
587 3317 681 3373 καὶ
711 3316 810 3386 τὴν
849 3318 1026 3388 ἀρχὴν
1047 3318 1351 3387 γεγονέναι.
1386 3318 1576 3389 Ἴσμεν
1601 3318 1659 3372 δὲ
1692 3318 1789 3370 αὐ-

205 3414 303 3483 τὴν
329 3414 429 3467 καὶ
471 3411 634 3465 τοῦτο
661 3410 1003 3482 χορηγοῦσαν
1027 3412 1161 3480 ἡμῖν
1184 3411 1244 3464 τὸ
1270 3411 1455 3466 καλόν.
1489 3409 1630 3479 Πρὸς
1678 3409 1786 3479 γάρ

205 3506 294 3560 τὸν
328 3502 753 3576 είρηνικώτατον
798 3503 892 3556 καὶ
919 3503 1223 3574 πραότατον
1271 3502 1544 3573 κηδεμόνα
1590 3519 1649 3556 τε
1693 3503 1789 3555 καὶ

205 3598 477 3665 δεσπότην
503 3596 651 3666 ἡμᾶς
707 3593 808 3665 τὴν
846 3594 1112 3663 ταχίστην
1174 3592 1512 3658 ἀναϐιϐάζει.
1573 3594 1790 3665 Ταύτην

207 3693 315 3762 γάρ
346 3693 554 3752 ἐκεῖνος
582 3689 878 3758 ὑπερφυῶς
905 3687 1184 3752 διανύσας,
1217 3687 1276 3752 ἑξ
1306 3689 1530 3756 ἀγάπης
1565 3688 1786 3757 ἀμηχά-

206 3801 298 3836 νου
320 3780 587 3851 κινηθεὶς,
615 3781 764 3850 ἡμᾶς
793 3781 857 3833 ἑκ
877 3778 969 3832 τοῦ
996 3778 1273 3850 βαράθρου
1296 3779 1394 3848 τῆς
1434 3779 1534 3848 γῆς
1586 3779 1797 3849 ἀνήγατ

206 3895 303 3947 γεν
331 3879 414 3939 εἰς
438 3876 530 3929 τδν
557 3875 807 3944 οὐρανὸν,
836 3874 1138 3943 ἑπομένους
1172 3873 1321 3943 αὐτῷ
1344 3874 1463 3926 κατ’
1518 3873 1682 3942 ἴχνος.
1729 3873 1789 3925 Ei

206 3969 315 4040 γὰρ
346 3968 447 4038 τὴν
473 3965 643 4035 αὐτὴν
672 3965 869 4033 ἐκείνῳ
914 3966 1158 4037 χωρήσει
1203 3982 1289 4026 τις
1341 3964 1621 4033 ἀσφαλῶς,
1671 3963 1792 4027 πῶς

205 4064 267 4117 οὗ
310 4061 509 4135 ῥᾳδίως
539 4058 700 4113 αὐτὸν
727 4057 1100 4127 καταλήψεται
1135 4075 1149 4124 ;
1200 4053 1260 4111 οὗ
1290 4056 1343 4109 τί
1379 4055 1792 4127 μακαριώτερον

205 4156 406 4226 γένοιτ’
427 4153 492 4208 ἀν
519 4168 534 4220 ;
567 4154 664 4208 καὶ
689 4151 776 4206 διὰ
803 4151 995 4215 ταῦτα,
1030 4152 1125 4204 ἐὰν
1160 4151 1391 4221 παραδῶ
1427 4151 1525 4214 τάς
1581 4151 1793 4219 σάρκας

208 4266 337 4319 μου,
379 4247 466 4299 ῖνα
533 4243 926 4313 καυθήσωμαι,
980 4244 1202 4312 ἀγάπην
1263 4243 1319 4297 δὲ
1344 4242 1418 4313 μὴ
1468 4243 1601 4311 ἔχω)
1638 4241 1792 4294 οὐδὲν

204 4338 545 4410 ὠφελοῦμαι.
585 4339 696 4392 Καὶ
726 4336 1016 4406 γινώσκειν
1050 4337 1202 4406 παρά
1227 4336 1321 4389 τοῦ
1352 4328 1606 4406 Σωτῆρος
1653 4335 1792 4390 δεδί-

203 4437 434 4503 δαγμαι,
471 4429 568 4484 τοῦ
591 4429 773 4501 ἔργοις
816 4446 883 4499 με
928 4429 988 4481 τδ
1031 4429 1252 4500 μέτριον
1293 4428 1493 4499 μᾶλλον
1534 4429 1566 4500 ἢ
1615 4429 1792 4497 λόγοις

203 4523 538 4589 διδάξαντος,
574 4521 759 4574 δοῦλον
804 4520 1023 4588 ἀχρεῖον
1093 4520 1351 4590 ἐμαυτὸν,
1401 4521 1529 4572 ὅταν
1582 4520 1791 4589 εὑρεθῶ

205 4617 438 4686 πληρῶν
478 4613 572 4667 καὶ
608 4612 784 4665 πάντα
812 4611 882 4664 τά
910 4609 1116 4664 ἐκείνου
1184 4612 1603 4681 προστάγματα.
1667 4614 1790 4666 Ὀτι

207 4709 307 4777 μὲν
340 4701 436 4760 οὖν
462 4702 634 4767 οὕτως
665 4703 776 4773 ἔχει
806 4702 873 4756 τὰ
895 4702 991 4768 τῆς
1021 4701 1243 4772 ἀγάπης
1278 4702 1374 4755 καὶ
1410 4704 1785 4774 μετριότητος,

201 4802 383 4875 δῆλον.

276 5068 343 5121 Ei
374 5066 433 5120 δὲ
464 5066 530 5135 δὴ
553 5066 649 5119 καὶ
685 5064 846 5119 τοῦτο
872 5062 1051 5136 χρεῶν
1090 5065 1227 5130 ἑστι,
1268 5063 1584 5127 συνελόντας
1638 5064 1790 5134 ἡμᾶς

206 5162 387 5214 εἰπεῖν
415 5158 657 5229 ὡσπερεὶ
682 5158 1238 5229 κεφαλαιωδέστερον,
1269 5157 1535 5229 ἑκατέρας
1561 5152 1789 5228 τοῦργον

123 5259 138 5273 ’
210 5254 296 5306 καὶ
325 5251 387 5304 τὺ
422 5250 553 5304 ίδιον
580 5249 695 5303 ἔστι
733 5250 832 5321 μὲν
864 5251 898 5321 ἡ
931 5250 1148 5321 ἀγάπη,
1206 5250 1392 5320 μήτηρ
1415 5265 1474 5301 τε
1511 5247 1652 5313 ἅμα,
1693 5247 1790 5301 καὶ

206 5343 425 5413 τροφὸς,
458 5342 555 5395 καὶ
586 5342 733 5415 ῥίζα,
766 5343 859 5395 καὶ
890 5342 1099 5412 κρηπὶς
1120 5340 1383 5411 ἄντικρυς
1411 5339 1489 5410 τῷ
1521 5340 1631 5393 τῶν
1661 5341 1791 5410 ἀρεσ-

205 5437 315 5489 τῶν
342 5436 675 5506 συστήματι,
708 5435 853 5506 ἀρχή
885 5451 943 5487 τε
975 5437 1086 5499 τοῖς
1109 5432 1354 5487 ὁδεύουσι
1401 5433 1538 5504 πρὸς
1587 5433 1789 5503 ἀρετὴν

207 5527 405 5589 ἅπασι,
438 5525 533 5578 καὶ
561 5524 831 5597 πλάστης,
874 5526 969 5579 καὶ
990 5523 1276 5594 ἀλείπτης,
1302 5522 1376 5586 ὡς
1409 5523 1476 5577 ἄν
1509 5540 1590 5585 τις
1616 5522 1784 5587 εἴποι,

214 5616 309 5668 καὶ
343 5612 690 5679 ἁπαξαπλῶς
722 5616 832 5668 πᾶν
868 5613 1134 5679 τοιοῦτον,
1164 5607 1225 5668 οὗ
1261 5616 1426 5684 χωρὶς
1457 5615 1558 5666 οὐκ
1611 5613 1786 5667 ἔνεστι

209 5703 461 5772 γενέσθαι
491 5721 543 5757 τι
575 5703 685 5757 τῶν
720 5705 975 5776 χρηστῶν
1023 5707 1143 5769 ταῖς
1201 5706 1500 5775 ἡμετέραις
1538 5703 1737 5775 ψυχαῖς
1767 5722 1784 5737 θ

208 5796 318 5850 ἔστι
342 5796 401 5850 δὲ
429 5797 462 5866 ἡ
496 5796 968 5867 ταπεινοιρροσύνη
996 5795 1260 5858 οἳονείτις
1282 5795 1424 5860 ὁδὸς,
1470 5797 1561 5848 καὶ
1589 5796 1782 5866 πέρας,

208 5888 299 5941 καὶ
325 5887 353 5941 ὃ
380 5902 545 5958 τιπερ
569 5885 633 5940 ἂν
659 5884 868 5958 γένοιτο
898 5886 931 5957 ἢ
982 5888 1153 5941 νοοῖτο
1202 5886 1441 5958 ἔρεισμα
1484 5886 1578 5941 καὶ
1608 5888 1781 5958 φυλασ

950 6140 983 6157 Ι

1890 3308 2110 3389 quidem
2135 3315 2343 3385 absque
2397 3315 2501 3370 hac
2548 3314 2663 3370 ﬁeri
2711 3314 2856 3369 nulla
2913 3313 3125 3369 ratione
3171 3320 3372 3383 potest,
3426 3322 3486 3366 ut

1892 3411 2055 3466 homo
2096 3409 2178 3465 vel
2204 3410 2380 3464 bonus
2407 3423 2531 3463 esse
2556 3414 2893 3478 perseveret,
2923 3405 3004 3459 vel
3057 3406 3226 3459 bonus
3263 3402 3486 3459 omnino

1891 3503 2008 3558 ﬂat.
2048 3500 2307 3556 Eamdem
2336 3501 2540 3556 scimus
2563 3500 2669 3556 hoc
2701 3514 2919 3569 quoque
2945 3497 3074 3552 boni
3111 3497 3272 3554 nobis
3290 3513 3487 3567 suppe-

1892 3592 2091 3650 ditare.
2143 3590 2276 3646 Nam
2322 3590 2389 3646 ad
2427 3605 2641 3647 summe
2696 3589 2986 3660 pacificum
3026 3587 3487 3657 utilissimumque

1893 3696 2203 3741 curatorem
2245 3698 2312 3737 ac
2361 3683 2645 3737 dominum
2708 3690 2958 3737 nostrum
2992 3695 3154 3750 quam
3195 3680 3485 3735 celerrime

1893 3794 1993 3835 nos
2014 3776 2273 3833 sustullit.
2302 3773 2479 3845 Hujus
2503 3774 2648 3830 enim
2686 3773 2775 3829 ille
2802 3788 3027 3828 cursum
3100 3787 3224 3826 cum
3260 3769 3487 3825 mirifice

1893 3870 2242 3938 complesset,
2272 3880 2458 3922 amore
2488 3876 2665 3920 motus
2695 3866 2990 3928 immenso,
3025 3878 3125 3918 nos
3146 3879 3174 3917 e
3199 3870 3360 3918 terrae
3382 3861 3486 3918 ba-

1894 3962 2081 4017 rathro
2110 3959 2368 4015 subduxit
2393 3961 2458 4013 ad
2481 3959 2703 4024 caelum,
2726 3955 2965 4026 vestigiis
2987 3955 3103 4025 ejus
3130 3940 3499 4011 inbtcrentes/

1892 4049 2026 4105 Nam
2051 4051 2094 4104 si
2126 4051 2246 4119 quis
2267 4050 2455 4105 eodem
2490 4062 2610 4103 cum
2676 4047 2768 4103 illo
2818 4061 3009 4103 secure
3042 4057 3230 4117 pergat
3264 4047 3481 4113 itinere,

1893 4159 2002 4213 quo
2031 4151 2189 4214 pacto
2223 4157 2331 4197 non
2365 4143 2431 4197 ad
2474 4157 2597 4199 eum
2641 4142 2802 4198 facile
2830 4143 3163 4212 perveniet?
3203 4157 3309 4211 quo
3353 4156 3486 4196 sane

1894 4236 2025 4306 quid
2064 4235 2317 4291 accidere
2364 4234 2580 4292 beatius
2638 4234 2844 4290 homini
2880 4233 3098 4305 possit?
3150 4235 3380 4301 ideoque
3439 4234 3485 4288 si

1897 4328 2102 4384 tradam
2133 4342 2330 4384 carnes
2366 4343 2536 4392 meas.
2560 4336 2620 4381 ut
2640 4328 2961 4391 comburar,
2990 4325 3334 4381 dilectionem
3358 4340 3487 4380 vero

1894 4438 2000 4477 non
2035 4424 2262 4479 habeam
2297 4439 2313 4489 ;
2350 4422 2482 4477 nihil
2510 4421 2635 4477 inde
2660 4436 2965 4491 consequor
2994 4420 3373 4476 emolumenti.
3420 4419 3490 4473 Et

1895 4519 2121 4573 edoctus
2180 4532 2208 4572 a
2259 4515 2544 4572 Salvatore
2608 4532 2751 4581 sum,
2815 4516 2907 4586 qni
2970 4515 3287 4570 modestiam
3330 4512 3488 4569 factis

1895 4608 2076 4678 potius
2134 4624 2297 4677 quam
2339 4609 2521 4665 verbis
2554 4623 2639 4664 me
2664 4609 2875 4672 docuit,
2913 4614 2970 4661 ut
3004 4608 3266 4678 mcipsuan
3316 4594 3489 4676 agno-

1890 4713 2040 4755 scam
2072 4699 2321 4753 inutilem
2350 4713 2596 4762 servum,
2624 4699 2790 4753 etiam
2818 4711 2941 4751 cum
2997 4696 3252 4751 mandata
3311 4695 3484 4764 ipsius

1889 4790 2072 4846 omnia
2157 4806 2245 4845 me
2304 4791 2563 4859 implesse
2622 4790 2952 4845 constiterit.
3008 4787 3299 4842 Enimvero
3351 4788 3488 4839 hanc

1890 4892 2000 4935 tum
2021 4880 2354 4946 dilectionis,
2389 4880 2813 4936 tunimodestia:
2846 4879 3112 4932 rationem
3176 4889 3317 4941 esse,
3371 4889 3490 4928 ma-

1894 4975 2098 5031 nifesto
2135 4986 2313 5044 paret.
3134 4976 3135 4981 ‘

1960 5064 2114 5132 Quod
2131 5065 2177 5119 si
2203 5074 2382 5118 autem
2405 5080 2432 5116 a
2455 5063 2609 5119 nobis
2627 5072 2680 5117 et
2703 5063 2806 5117 hoc
2830 5061 3150 5131 requiritur,
3172 5068 3230 5116 ut
3249 5060 3489 5115 breviter

1889 5160 2162 5228 quasique
2215 5158 2527 5211 summatim
2569 5157 2853 5224 utriusque
2882 5162 2991 5209 tam
3022 5153 3292 5220 ollicium,
3316 5170 3485 5225 quam

1899 5250 2289 5321 proprietatem
2325 5261 2663 5318 exponamus
2699 5267 2713 5314 ;
2748 5249 2976 5335 .dilectio
3033 5248 3254 5317 quidem
3312 5259 3487 5303 mater

1897 5353 1980 5399 est
2011 5343 2241 5413 pariter,
2271 5352 2322 5397 et
2347 5341 2553 5408 nutrix,
2611 5351 2664 5395 et
2720 5342 2898 5407 radix,
2932 5349 2986 5396 ct
3034 5342 3260 5409 crepido
3321 5342 3486 5395 totius

1898 5433 2164 5486 virtutum
2197 5432 2465 5499 corporis,
2538 5440 2704 5501 atque
2755 5432 3079 5501 principium
3132 5432 3483 5502 pergentibus

1895 5518 1961 5575 ad
2000 5522 2256 5574 virtutem
2282 5520 2576 5585 universis,
2599 5530 2652 5575 et
2684 5520 2996 5586 fortuatrix,
3029 5533 3083 5577 et
3116 5524 3353 5586 uuctrix,
3402 5521 3482 5574 ιιιί

1895 5615 2019 5685 quis
2047 5612 2271 5680 dixerit,
2304 5622 2357 5668 et
2383 5612 2706 5682 simpliciter
2738 5614 2870 5668 nihil
2901 5630 3007 5668 non
3033 5614 3324 5682 ejusmodi,
3350 5613 3482 5667 abs-

1895 5721 2003 5774 qnc
2034 5719 2141 5774 quo
2169 5703 2295 5759 boni
2324 5705 2602 5775 quidpiam
2642 5707 2842 5762 uoswis
2872 5707 2924 5760 in
2966 5706 3164 5761 animis
3215 5703 3483 5759 exsistere

1897 5797 2103 5865 nequit.
2144 5794 2435 5857 liumilitas
2466 5812 2596 5852 vero
2628 5798 2783 5865 quasi
2832 5798 2919 5851 via
2979 5795 3228 5866 qumdam
3282 5803 3387 5859 est,
3420 5800 3481 5847 et

1897 5890 2018 5945 linis
2042 5899 2095 5944 Cl
2137 5889 2497 5961 quodcunque
2554 5889 2643 5947 vel
2677 5905 2823 5955 esse,
2881 5890 2962 5944 vel
3024 5888 3249 5959 cogitari
3304 5892 3485 5957 possit
