3990 6612
441 445 548 511 ῖ43

1610 445 2012 506 MANUELIS
2047 445 2492 508 PALEOLOGI

3577 453 3687 515 sit
3723 433 3726 436 ’

436 543 1135 624 folerum,accuratumque
1164 553 1474 624 przesidium
1531 555 1802 610 bonorum
1837 536 2014 610 omui-
2043 610 2045 615 ι

2149 558 2346 628 ιτήριον
2379 559 2606 636 ἀκριϐὲς
2639 561 2859 617 πάντων
2899 562 3027 635 ἑξῆς
3057 564 3162 616 τῶν
3199 563 3402 627 καλῶν,
3427 562 3577 631 λῆξις
3623 580 3685 615 τε

443 650 956 716 tun,virtutnmque
1018 646 1304 711 terminus,
1367 655 1418 702 et
1451 648 1691 718 requies,
1730 659 1783 718 et
1829 657 2016 717 portus

440 739 720 804 salutaris,
783 748 837 793 et
893 738 1047 792 locus
1109 747 1280 806 tutus,
1349 737 1488 792 ultra
1542 753 1703 807 quem
1761 737 2014 808 progredi

441 833 656 901 longius
708 831 936 885 minime
959 831 1041 883 fas
1088 840 1192 894 est,
1253 831 1345 884 sed
1391 831 1628 884 victores
1671 830 1757 884 hic
1793 830 2020 884 ﬁrmiter

444 927 787 991 insistentes,
849 941 943 994 spe
1011 924 1418 980 reconditorum
1495 924 1598 978 sibi
1676 925 2017 993 prmmiorum

445 1027 616 1072 semel
650 1016 941 1071 oblectent.
973 1015 1111 1082 Quin
1150 1017 1312 1070 etiam
1363 1019 1464 1069 hac
1496 1015 1708 1069 ratione
1774 1014 1919 1068 velut
1965 1014 2019 1067 in

444 1109 750 1176 aequilibrio
788 1123 885 1173 par
917 1108 1062 1162 istud
1097 1117 1203 1162 est.
1249 1107 1715 1173 Quemadmodum
1777 1107 1919 1162 enim
1976 1104 2020 1159 si

448 1199 667 1254 dilectio
695 1214 798 1252 non
845 1200 1010 1265 adsit,
1054 1199 1190 1252 nihil
1229 1200 1352 1252 boui
1423 1198 1538 1253 ﬁeri
1597 1205 1821 1266 potest:
1856 1197 1931 1250 ita
1974 1195 2024 1251 si

451 1293 593 1345 absit
633 1291 931 1355 humilitas,
971 1290 1114 1344 nulla
1136 1289 1439 1344 dilectionis
1486 1289 1624 1344 bona
1673 1288 1830 1342 nobis
1872 1286 2022 1343 salva

453 1385 768 1445 manebunt,
801 1383 893 1436 sed
941 1381 1226 1436 confeSIim
1284 1380 1442 1450 (μιαεὶ
1489 1380 1695 1450 dilapsa
1747 1378 2021 1449 peribunt,

451 1472 626 1525 instar
669 1473 1022 1526 hibernorum
1080 1471 1300 1534 ﬂorum,
1358 1485 1590 1541 quorum
1644 1469 1896 1536 splendor
1930 1470 2027 1522 diu

454 1576 560 1613 non
600 1559 865 1626 durat,et
892 1562 1190 1630 fragrantia
1224 1560 1384 1615 exilis
1431 1546 1534 1624 est,
1592 1569 1646 1614 et
1691 1559 1901 1614 fructus
1951 1558 2029 1610 iu-

456 1653 830 1722 tempestivus,
862 1653 905 1708 si
961 1653 1194 1707 maxime
1250 1651 1535 1722 proveniat
1564 1666 1627 1706 ac
1672 1658 2026 1715 maturescat,

455 1745 970 1814 perexiguusestac
1022 1745 1286 1812 ingratus,
1327 1759 1505 1812 neque
1557 1745 1757 1798 durare
1819 1749 2025 1812 potest.

2116 649 2224 702 τῶν
2249 650 2482 717 ἀρετῶν,
2515 653 2608 707 καὶ
2653 653 2982 718 ἀνάπαυσις,
3030 656 3124 708 καὶ
3179 656 3442 724 σωτήριος
3492 654 3682 722 λιμὴν.

2118 742 2206 793 καὶ
2231 741 2430 811 χωρίον
2464 743 2723 812 ἀσφαλὲς,
2747 737 2808 798 οὗ
2832 761 2894 812 γε
2915 746 2995 799 δεῖ
3023 747 3096 813 μὴ
3128 746 3437 816 περαιτέρῳ
3463 749 3682 816 χωρεῖν,

2118 830 2232 885 ἀλλ’
2290 834 2538 902 ἑδραίους
2583 836 2904 904 ἱσταμένους
2953 837 3186 890 ἐνταῦθα
3246 841 3371 897 τοὺς
3425 837 3688 905 ἀριστέας

2121 924 2510 992 εὐφραίνεσθαι
2540 928 2661 988 ταῖς
2691 926 2872 980 ἐλπίσι
2919 928 3029 980 τῶν
3077 928 3452 995 ἀποκειμένων
3502 928 3691 988 αὐτοῖς

2121 1016 2322 1086 γερῶν.
2355 1017 2465 1069 Καὶ
2501 1017 2609 1088 μὴν
2641 1019 2733 1071 καὶ
2764 1020 2906 1073 κατά
2951 1019 3072 1072 τάδε
3129 1021 3411 1090 ἰσόρροπός
3459 1022 3608 1072 ἔστιν
3653 1022 3687 1089 ἡ

2125 1106 2354 1177 ξυνωρὶς
2375 1107 2535 1175 αὓτη.
2579 1109 2667 1170 Ὠς
2693 1110 2804 1177 γάρ
2849 1109 2948 1177 τῆς
2975 1109 3200 1178 ἀγάπης
3229 1109 3492 1176 ἀπούσης,
3538 1109 3693 1161 οὐδὲν

2124 1199 2190 1253 ἂν
2210 1199 2386 1268 δήπου
2425 1199 2530 1252 τῶν
2568 1199 2788 1267 ἀγαθῶν
2810 1200 3041 1268 γένοιτο,
3074 1198 3218 1253 οὕτω
3248 1200 3338 1252 καὶ
3367 1201 3464 1268 τῆς
3501 1216 3696 1251 ταπει-

2125 1286 2461 1358 νοφροσύνης
2500 1287 2911 1357 ἀφεστηκυίας,
2979 1287 3132 1339 οὐδὲν
3199 1287 3327 1354 ἡμῖν
3382 1285 3699 1353 παραμενεῖ

2129 1381 2236 1432 τῶν
2287 1381 2390 1447 τῆς
2445 1379 2665 1449 ἀγάπης
2718 1377 2924 1441 καλῶν,
2973 1377 3106 1432 ἀλλά
3157 1376 3358 1429 αὐτίκα
3410 1375 3697 1444 οἰχήσεται

2131 1470 2511 1541 καταρρυέντα
2561 1471 2690 1541 περὶ
2723 1470 2882 1535 αὐτὰ,
2931 1470 3070 1522 κατά
3128 1467 3196 1519 τά
3253 1467 3540 1536 χειμερινά
3585 1465 3700 1526 τῶν

2128 1556 2452 1625 ἀνθέων,ὦν
2483 1562 2581 1614 οὐκ
2639 1564 2719 1624 είς
2759 1559 2964 1631 μακρὸν
3009 1561 3038 1626 ἢ
3083 1558 3422 1627 λαμπρότης,
3477 1557 3572 1607 καὶ
3635 1558 3703 1607 τὸ

2131 1656 2328 1718 εὑῶδες
2357 1654 2587 1725 ἀδρανὲς
2611 1668 2624 1683 ·
2655 1653 2746 1708 καὶ
2779 1654 2806 1706 ό
2838 1651 2912 1722 μὴ
2943 1652 3039 1704 σὺν
3095 1649 3212 1719 ὥρᾳ
3262 1648 3469 1717 καρπὸς
3503 1647 3556 1699 εἴ
3594 1650 3702 1698 πού

2131 1767 2195 1818 γε
2222 1750 2317 1803 uati.
2362 1749 2590 1816 γένοιτο,
2620 1749 2713 1800 καὶ
2757 1744 3162 1812 τελεσφορήσει,
3211 1739 3454 1808 ὲξίτηλός
3484 1755 3568 1804 τις

458 1835 608 1903 llaec,
675 1847 734 1890 ut
777 1837 1027 1906 equidem
1087 1839 1307 1906 opinor.
1361 1835 1789 1905 proprietatibus
1836 1836 2025 1888 harum

2149 1840 2326 1911 ίηδὴς,
2353 1839 2450 1892 καὶ
2484 1838 2728 1906 διαρκεῖν
2759 1835 2835 1906 μὴ
2857 1834 3171 1901 δυνάμενος.
3227 1830 3396 1883 Ταυτὶ
3458 1829 3557 1896 μὲν
3604 1829 3702 1882 οὖν

458 1927 830 1996 congruerint.
880 1927 1020 1995 Quid
1055 1938 1236 1982 autem
1273 1928 1353 1984 eis
1383 1941 1675 1983 commune
1705 1925 1798 1989 sit,
1826 1940 2029 1995 cogno-

2149 1908 2426 2002 ippdcswv
2453 1929 2520 1984 ἀν
2546 1926 2701 1999 οἶμαι
2720 1929 2840 1989 ταῖς
2869 1925 3094 1980 ἐκείνων
3121 1922 3377 1991 ἰδιότησιν
3406 1936 3422 1950 ·
3456 1921 3483 1973 δ
3506 1920 3564 1972 δὲ
3588 1937 3701 1972 κοι-

458 2029 612 2070 scere
635 2016 681 2071 si
709 2018 896 2085 cupias
928 2035 942 2072 :
976 2016 1032 2072 id
1077 2033 1195 2073 mea
1228 2033 1359 2074 sane
1408 2017 1676 2074 sententia
1713 2019 1816 2072 hoc
1858 2015 2032 2086 ipsum

464 2107 732 2178 imprimis
770 2107 957 2164 fuerit.

536 2288 670 2342 Esse
701 2286 828 2340 mihi
865 2285 1120 2341 videntur
1152 2285 1249 2341 alae
1273 2285 1427 2344 illius
1481 2285 1712 2356 egregiae
1749 2285 2035 2351 columba,

469 2378 725 2432 nimirum
764 2377 1018 2448 Spiritus,
1048 2393 1182 2448 quas
1207 2387 1258 2431 et
1286 2376 1518 2431 Davides
1542 2377 1772 2446 optavit,
1810 2387 1868 2430 ut
1889 2391 2033 2430 avo-

468 2470 606 2524 laret
649 2486 711 2525 ac
756 2471 1143 2539 requiesceret.
1192 2469 1296 2525 Sed
1360 2469 1756 2540 reprehendent
1808 2468 2040 2525 fortasse

471 2579 567 2617 nos
598 2562 838 2632 quidam,
877 2572 934 2617 ut
962 2565 1050 2631 qui
1090 2573 1290 2617 metum
1343 2562 1618 2626 dilectioni
1678 2579 1782 2617 non
1819 2576 2034 2631 prapo-

471 2655 763 2708 suerimus.
817 2653 985 2706 Aiunt
1038 2654 1180 2706 enim
1243 2651 1409 2714 divini
1443 2653 1714 2718 doctores,
1749 2650 1863 2718 pios
1894 2651 2040 2704 viros

471 2744 790 2812 incipientes
821 2745 887 2798 ad
924 2744 1174 2798 virtutem
1234 2744 1475 2808 tendere,
1508 2758 1536 2796 a
1590 2753 1732 2796 metu
1768 2742 2038 2812 supplirii,

472 2845 727 2904 tanquam
761 2853 789 2889 a
833 2837 1168 2903 carceribus,
1212 2834 1494 2914 progredi;
1531 2835 1720 2890 deinde
1777 2848 1870 2904 per
1909 2833 2042 2888 alias

474 2928 748 2999 pergendo
785 2928 1164 3000 cogitationes,
1224 2929 1290 2982 ad
1329 2943 1570 2983 amorem
1622 2929 1913 2996 quemdam
1949 2925 2045 2980 ad-

476 3021 776 3075 mirabilem
805 3021 1204 3075 reconditarum
1236 3018 1556 3074 fruitionum
1600 3021 1882 3089 pervenire
1904 3057 1921 3085 ,
1953 3030 2042 3072 at-

476 3126 581 3179 que
612 3113 755 3166 hunc
788 3113 840 3165 in
869 3113 1088 3166 modum
1128 3112 1372 3179 deposito
1409 3121 1579 3174 metu,
1633 3125 1873 3164 amorem
1915 3125 2044 3181 erga

2135 2024 2226 2077 νόν
2255 2025 2402 2075 tam
2447 2021 2654 2085 αὐτοῖς,
2704 2019 2821 2086 εῖγε
2883 2015 3103 2086 ζητοίης
3149 2013 3363 2085 μαθεῖν,
3409 2013 3584 2066 ἐκεῖνο
3628 2013 3694 2065 ἀν

2135 2113 2221 2180 εῖη
2271 2113 2502 2182 μάλιστα
2533 2111 2783 2178 πάντων,
2840 2109 2914 2174 ὡς
2950 2108 3138 2180 ἔμοιγε
3177 2107 3513 2178 παρίσταται
3576 2105 3698 2172 περὶ

2134 2205 2328 2260 τῶνδε.

2208 2295 2434 2352 Δοκοῦσί
2492 2314 2581 2367 μοι
2630 2295 2902 2366 πτέρυγες
2958 2286 3098 2346 εἶναι
3151 2290 3356 2344 ἐκεῖναι
3381 2289 3481 2357 τῆς
3531 2286 3707 2356 καλῆς

2139 2389 2492 2460 περιστερᾶς,
2526 2388 2728 2458 δηλαδὴ
2752 2386 2846 2440 τοῦ
2879 2386 3214 2454 Πνεύματος.
3243 2377 3318 2436 ὧν
3349 2385 3377 2434 ὁ
3400 2380 3568 2432 Δαϐ.δ
3609 2381 3710 2432 ἐπ-

2139 2479 2441 2550 εθύμησεν,
2481 2479 2556 2542 ὡς
2615 2478 2949 2547 πετασθῆναι
3002 2477 3094 2531 καὶ
3143 2473 3523 2528 καταπαῦσαι.
3568 2470 3694 2523 Ἀλλ

2142 2571 2272 2633 ἴσως
2301 2571 2362 2640 γέ
2388 2587 2530 2633 τινες
2560 2569 2715 2639 ἡμῶν
2744 2567 3122 2638 ἐπιλήψονται,
3158 2565 3232 2628 ὡς
3262 2564 3336 2634 μὴ
3361 2563 3460 2630 τῆς
3486 2562 3711 2630 ἀγάπης

2142 2662 2569 2734 προτεθεικότων
2591 2662 2683 2715 τὸν
2711 2661 2892 2731 φόϐον.
2927 2657 3146 2727 Ἐπειδή
3174 2673 3336 2724 φασιν
3372 2657 3418 2706 οἱ
3451 2653 3586 2705 θεῖοι
3631 2652 3715 2704 δι·-

2145 2755 2422 2819 δάσκαλοι,
2477 2753 2551 2817 ὡς
2617 2754 2666 2806 οἱ
2711 2752 2955 2814 εὐσεϐεῖς
3005 2751 3195 2819 ἄνδρες
3225 2748 3514 2818 ἀρχόμενοι
3574 2746 3714 2815 πρὸς

2147 2848 2348 2918 ἀρετὴν
2379 2845 2696 2915 ἀνάγεσθαι,
2742 2843 2852 2898 ἀπὸ
2901 2839 2997 2896 τοῦ
3050 2842 3148 2909 ’τῆς
3200 2841 3471 2900 κολάσεως
3518 2836 3712 2903 φόϐου,

2145 2940 2218 3004 ὠς
2249 2940 2358 2994 ἀπὸ
2383 2937 2648 3009 βαλϐῖδος,
2674 2936 2970 3007 ὁρμῶνται.
3005 2929 3137 2988 Εἶτα
3167 2931 3233 2985 δι’
3271 2931 3445 2984 ἀλλων
3499 2929 3714 2981 ὁδεύον-

2148 3048 2240 3094 τες
2281 3029 2578 3098 λογισμῶν,
2647 3025 2995 3080 καταντῶσιν
3066 3025 3147 3086 είς
3215 3021 3530 3089 θαυμαστόν
3590 3036 3714 3072 τινα

2148 3120 2327 3191 ἔρωτα
2350 3120 2456 3172 τῶν
2485 3120 2860 3186 ἀποκειμένων
2881 3113 3255 3170 ἀπολαύσεων.
3307 3113 3417 3165 Καὶ
3447 3111 3620 3183 ταύτῃ
3650 3127 3715 3178 γε

482 3202 644 3256 Deum
675 3204 1100 3271 apprehendere.
1127 3203 1341 3272 Quippe
1370 3211 1645 3272 nequeunt
1674 3207 1831 3258 ambo
1885 3205 2033 3274 pari-

2149 3211 2419 3279 τὸνφόϐον
2447 3210 2924 3280 ἀποθέμενοι,.τῆς
2967 3209 3104 3275 πρὸς
3163 3205 3254 3258 τὸν
3311 3205 3447 3258 Θεὸν
3491 3204 3716 3271 ἀγάπης

477 3304 562 3347 ter
583 3295 790 3359 adesse,
833 3296 925 3348 sed
958 3312 1023 3350 ex
1063 3296 1141 3350 eis
1167 3295 1401 3350 alterum
1433 3295 1552 3350 loco
1599 3295 1792 3350 cedere
1824 3310 2044 3350 necesse

478 3394 584 3452 est,
635 3387 907 3456 siquidem
941 3389 1171 3442 alterum
1229 3389 1419 3442 adesse
1473 3387 1688 3442 debeat.
1731 3387 1855 3442 Haec
1887 3389 2048 3459 igitur

480 3477 578 3541 illi,
609 3479 675 3533 de
708 3479 858 3534 hisce
881 3478 1089 3534 duobus
1117 3480 1468 3544 disserentes,
1488 3479 1904 3550 adeoquelonge
1936 3479 2053 3548 plu-

481 3586 539 3624 ra
571 3572 988 3642 pulchrioraque
1021 3575 1260 3627 tradunt.
1297 3573 1410 3644 Ego
1458 3588 1588 3629 vero
1631 3573 2053 3642 reprehensuros

483 3665 603 3719 illos
640 3667 940 3721 orationem
1012 3667 1246 3722 fortasse
1341 3676 1607 3731 nostram,
1661 3666 1841 3722 verbis
1871 3665 2056 3734 hujus-

481 3754 626 3810 modi
655 3757 1073 3826 compellavero.
1131 3755 1276 3810 Heus
1337 3767 1414 3821 tu,
1450 3759 1590 3812 bone
1640 3758 1740 3821 vir,
1772 3757 1872 3813 hoc
1890 3756 2053 3811 etiam

482 3850 932 3904 considerandum
965 3853 1130 3906 venit.
1160 3850 1287 3906 Mihi
1321 3851 1656 3920 propositum
1687 3858 1806 3905 erat
1835 3851 1904 3903 ab
1956 3847 2058 3902 ini-

484 3944 583 4008 tio,
633 3944 700 3999 de
760 3944 1071 4010 virtutibus,
1106 3953 1162 4000 et
1194 3959 1381 4021 earum
1431 3945 1576 4000 inter
1632 3957 1692 3998 se
1729 3941 2056 4012 cognatione

483 4037 737 4106 quiddam
769 4039 922 4108 quasi
953 4037 1317 4108 perfunctorie
1345 4038 1631 4098 disserere,
1675 4050 1782 4090 non
1805 4034 1870 4090 de
1889 4031 2060 4088 affec-

486 4131 629 4185 tibus
649 4131 816 4200 loqui.
847 4131 910 4184 Et
929 4130 1053 4196 quia
1074 4139 1275 4184 metum
1294 4128 1407 4185 scio
1446 4143 1549 4182 non
1584 4126 1904 4182 laudabilem
1927 4125 2060 4180 επε-

485 4236 633 4276 ctum
665 4237 790 4277 esse
813 4237 908 4290 per
929 4237 1009 4286 se,
1038 4222 1166 4277 licet
1217 4224 1283 4275 ad
1311 4219 1516 4290 Optima
1539 4232 1766 4289 qumque
1797 4230 2058 4286 cooperc-

489 4324 597 4376 tur,
626 4315 670 4366 si
703 4315 997 4368 secundum
1052 4313 1216 4366 Deum
1264 4312 1385 4377 sit;
1435 4311 1662 4365 minime
1711 4306 2056 4363 referendum

489 4404 631 4457 inter
657 4403 884 4457 virtutes
912 4405 1126 4467 censui,
1166 4409 1500 4471 quapropter
1532 4415 1641 4454 non
1671 4399 1765 4454 abs
1800 4413 1861 4454 re
1891 4398 2062 4452 silen-

489 4497 564 4549 tio
598 4497 902 4564 praeteritus
931 4506 1033 4550 est.
1066 4495 1250 4563 Itaque
1279 4495 1392 4549 Deo
1416 4503 1468 4548 te
1520 4492 1745 4560 iuvante
1801 4492 1853 4545 in
1882 4493 2060 4546 susci-

2150 3303 2630 3373 ἐπιλαμϐάνονται.
2656 3301 2734 3354 Ού
2773 3299 2881 3368 γάρ
2915 3299 3063 3351 ἔστιν
3089 3299 3256 3367 ἄμφω
3288 3297 3569 3364 παρεῖναι,
3602 3293 3718 3346 ἀλλ’

2150 3397 2446 3464 ἀναγκαῖον
2479 3393 2831 3463 ὑποχωρῆσαι
2863 3390 2922 3442 τὸ
2944 3389 3155 3458 ἕτερον,
3198 3389 3247 3440 εἰ
3313 3386 3495 3456 μέλλει
3543 3402 3720 3452 παρα-

2152 3469 2396 3557 γίνεσθαι
2430 3486 2678 3556 θάτερον.
2710 3483 2880 3535 Ταυτὶ
2926 3482 3026 3551 μὲν
3061 3479 3155 3535 οὖν
3203 3481 3421 3544 ἐκεῖνοι,
3469 3479 3537 3533 τά
3589 3481 3722 3548 περὶ

2151 3579 2325 3633 τοῖνδε
2362 3575 2806 3647 φιλοσοφοῦντες,
2835 3575 2930 3632 καὶ
2957 3573 3128 3627 πλείω
3163 3572 3258 3625 καὶ
3306 3571 3512 3624 καλλίω
3537 3570 3722 3638 πολλῷ

2153 3670 2231 3740 τῷ
2262 3671 2504 3737 περιόντι
2533 3669 2875 3722 διδάσκουσιν
2910 3684 2924 3699 ο
2960 3666 3071 3733 ἐγὼ
3118 3664 3162 3717 δ’
3196 3664 3264 3718 ἂν
3303 3663 3516 3730 εῖποιμι
3547 3661 3724 3714 ταῦτα

2155 3765 2292 3835 πρὸς
2320 3767 2442 3827 τοὺς
2481 3762 2910 3833 ἐπιληψομένους
2944 3761 3074 3822 ῖσως
3103 3758 3199 3812 τοῦ
3245 3757 3424 3825 λόγου.
3490 3756 3629 3810 Ἀλλ’
3678 3749 3724 3807 ὦ

2155 3860 2276 3920 τᾶν,
2304 3859 2526 3911 σκοπεῖν
2553 3856 2770 3909 κάκεῖνο
2798 3853 2925 3923 χρή.
2973 3851 3032 3904 '0
3056 3850 3163 3920 γὰρ
3201 3850 3326 3920 ἐμοὶ
3373 3847 3574 3909 σκοπὸς
3631 3845 3726 3910 ἐξ·

2157 3949 2334 4018 αρχῆς
2367 3948 2498 4016 περὶ
2527 3944 2738 4016 ἀρετῶν
2765 3944 2862 3996 καὶ
2882 3942 2978 4011 τῆς
3013 3941 3094 4003 είς
3114 3939 3344 4010 ἀλλήλας
3367 3937 3728 4006 γνησιότητος

2157 4042 2332 4094 εἰπεῖν
2352 4056 2426 4105 τι,
2460 4040 2552 4092 καὶ
2574 4033 2985 4106 ἀφοσιώσασθαι
3016 4029 3106 4104 ἦν,
3141 4033 3202 4085 ού
3235 4031 3362 4101 περὶ
3417 4029 3604 4083 παθῶν
3639 4029 3732 4081 λέο

2161 4151 2294 4202 γειν.
2329 4133 2437 4186 Καὶ
2467 4131 2766 4200 ἐπειδήπερ
2787 4128 2874 4181 τὸν
2905 4126 3068 4195 φόϐον
3105 4123 3276 4186 πάθος
3305 4123 3406 4176 οὐκ
3441 4120 3732 4174 ἐπαινετὸν

2159 4221 2278 4279 οἶδα
2298 4223 2358 4276 τὸ
2387 4222 2510 4276 καθ’
2529 4221 2710 4286 αὐτὸν,
2738 4221 2784 4272 εί
2809 4219 2903 4272 καὶ
2936 4217 3191 4288 συνεργεῖ
3219 4215 3354 4284 πρὸς
3383 4217 3450 4266 τά
3473 4213 3731 4280 βέλτιστα

2161 4318 2301 4371 κατά
2321 4315 2452 4369 Θεδν
2475 4312 2780 4383 γινόμενος,
2815 4311 2916 4364 οὐκ
2951 4310 3006 4362 ὲν
3040 4308 3119 4380 τῷ
3148 4305 3296 4378 χορῷ
3351 4305 3459 4358 τῶν
3519 4303 3733 4373 ἀρετῶν

2160 4406 2352 4460 τοῦτον
2378 4405 2588 4475 ἠξίωσα
2644 4403 2826 4468 τάξαι.
2888 4402 3127 4463 Εἰκότως
3188 4393 3282 4452 οὖν
3314 4397 3596 4467 σεσίγηται
3645 4394 3737 4446 διὰ

2166 4497 2360 4551 ταῦτα.
2401 4495 2538 4549 Θεοῦ
2579 4513 2659 4547 σοι
2725 4494 2907 4548 τοίνυν
2968 4492 3362 4560 συναιρομένου
3423 4488 3556 4557 πρὸς
3605 4487 3737 4548 soi»;

489 4587 698 4656 pieudis
729 4603 825 4657 pro
855 4589 1049 4642 virtute
1097 4586 1495 4642 certaminibus
1521 4586 1832 4658 (namillum
1860 4585 2045 4639 venire

2159 4590 2301 4659 ὑπὲρ
2333 4583 2532 4658 ἀρετῆς
2563 4586 2758 4648 ἄθλους
2783 4584 2883 4654 (δεῖ
2902 4583 3011 4654 γὰρ
3042 4585 3248 4636 ἐκεῖνον
3307 4579 3537 4650 μερίτην
3591 4573 3736 4630 εἷναί

489 4693 668 4738 tecum
694 4682 744 4735 in
782 4691 986 4750 partem
1019 4681 1261 4736 laborum
1290 4694 1512 4735 necesse
1536 4687 1640 4744 est,
1669 4679 1712 4733 si
1748 4678 1876 4748 quid
1905 4693 2060 4747 egre.

489 4775 578 4844 εἰσ
631 4775 705 4830 sis
758 4773 1132 4842 pra'staturus)
1180 4773 1392 4826 caeteris
1423 4770 1680 4840 praeditus
1743 4769 2060 4835 virtutibus,

489 4880 544 4921 et
573 4883 802 4924 exorsus
844 4883 872 4921 a
923 4866 1213 4920 dilectione
1239 4865 1510 4926 inordicus
1558 4863 1822 4918 inhzereto
1881 4863 2064 4917 mode—

490 4963 642 5028 stiae;
673 4977 794 5031 qua:
823 4959 1037 5030 quidem
1069 4958 1174 5012 hoc
1206 4957 1300 5011 tibi
1345 4956 1566 5018 tribuet,
1618 4963 1678 5008 ut
1711 4968 1836 5008 vere
1887 4953 2064 5009 bonus

491 5052 688 5117 factus,
734 5054 786 5108 in
817 5053 974 5108 bonis
1016 5063 1361 5122 perseveres,
1393 5047 1628 5116 talisque
1658 5047 1734 5101 sis
1759 5060 1823 5100 ac
1877 5045 2063 5100 videa-

493 5147 587 5209 ris,
619 5145 708 5212 qui
735 5146 912 5213 capite
938 5160 1035 5199 suo
1091 5142 1333 5210 recipere
1371 5139 1565 5210 dignus
1617 5139 1688 5194 sit
1714 5148 1768 5194 et
1824 5151 2044 5193 servare

495 5251 729 5290 coronas
757 5235 916 5290 bonis
958 5234 1092 5290 viris
1118 5233 1412 5303 repositas,
1455 5240 1509 5288 et
1539 5231 1762 5299 quidem
1792 5239 2050 5299 expertes

497 5327 753 5380 interitus
781 5343 797 5391 ;
821 5341 1050 5394 quarum
1087 5326 1371 5380 materiem
1429 5322 1805 5378 laudatissima
1840 5320 2063 5376 dilectio

497 5415 825 5482 suppeditat,
855 5425 910 5468 et
941 5429 1074 5484 quas
1105 5427 1319 5469 canem
1348 5415 1575 5469 virtutes
1595 5421 1916 5476 contexunt,
1952 5425 2069 5466 mo—

499 5504 782 5574 destiaque
844 5506 1117 5574 capitibus
1173 5505 1307 5571 illis,
1340 5505 1544 5576 quibus
1590 5505 1945 5570 conveniunt,
1966 5503 2068 5557 im-

496 5595 674 5664 ponit.
719 5595 836 5662 Quo
864 5594 948 5663 ﬁt,
987 5604 1046 5650 ut
1079 5596 1248 5650 solam
1301 5596 1443 5652 inter
1473 5597 1696 5650 virtutes
1722 5610 1912 5651 omnes
1960 5609 2077 5649 mo-

495 5687 730 5745 destiam
778 5686 1206 5742 demonstratum
1249 5687 1319 5744 sit
1358 5703 1475 5744 eam
1516 5701 1660 5752 esse,
1715 5701 1834 5756 qua:
1867 5701 2070 5742 corona

497 5795 603 5836 nos
633 5779 867 5836 redimit.
888 5777 1210 5835 Modestiam
1228 5797 1358 5838 vero
1381 5779 1610 5853 appello,
1631 5780 1683 5835 in
1705 5780 1936 5835 sublime
1958 5780 2077 5850 qui-

495 5874 627 5930 dem
651 5870 952 5930 attollentia
1006 5873 1206 5943 facere,
1241 5875 1334 5932 sed
1371 5875 1589 5932 interim
1622 5869 1778 5930 valde
1827 5870 2072 5927 modeste

2164 4698 2245 4734 σοι
2301 4680 2464 4732 τῶνδε
2507 4679 2613 4732 τῶν
2641 4678 2840 4742 πόνων,
2893 4678 2944 4729 εἰ
2987 4674 3204 4745 μέλλεις
3235 4690 3287 4726 τι
3314 4668 3736 4740 κατορθώσειν),

2162 4769 2301 4838 ἔχων
2328 4770 2428 4830 τὰς
2453 4767 2620 4820 άλλας
2649 4767 2872 4835 ἀρετὰς,
2903 4765 2966 4814 ἐκ
2995 4763 3096 4830 τῆς
3129 4762 3349 4830 ἀγάπης
3407 4759 3735 4830 ἀρχόμενος.

2162 4860 2333 4925 ἀπρὶξ
2369 4860 2493 4930 ἔχου
2522 4860 2618 4928 τῆς
2657 4858 3030 4930 μετριότητος,
3071 4853 3140 4908 δι’
3168 4855 3233 4924 ἢν
3295 4853 3360 4907 ἂν
3417 4851 3604 4921 σχοίης
3657 4850 3738 4912 ὡς

2163 4955 2380 5026 ἀληθῶς
2407 4951 2610 5020 ἀγαθὸς
2634 4952 2923 5020 γενόμενος
2952 4947 3306 5014 ἐναπομεῖναι
3334 4945 3444 5006 τοῖς
3487 4939 3739 5008 ἀγαθοῖς,

2164 5043 2303 5100 εἷναί
2337 5062 2397 5098 τε
2423 5041 2663 5104 τοιοῦτος
2689 5042 2778 5093 καὶ
2804 5040 3002 5103 δοκεῖν,
3029 5033 3140 5099 οἷος
3161 5038 3228 5090 ἀν
3261 5032 3515 5097 δέξασθαι
3544 5034 3610 5101 τῇ
3650 5048 3745 5083 κε-

2167 5138 2310 5209 φαλῇ
2347 5133 2441 5188 καὶ
2470 5131 2709 5203 τηρῆσαι
2733 5131 2858 5190 τοὺς
2886 5132 2998 5191 τοῖς
3029 5126 3257 5196 ἀγαθοῖς
3282 5122 3546 5193 ἀνδράσιν
3596 5123 3743 5174 ἀπο-

2167 5227 2445 5298 κειμένους
2478 5223 2798 5294 στεφάνους,
2823 5219 3136 5290 ἀφθάρτους
3159 5218 3318 5280 δντας
3342 5233 3356 5248 ·
3382 5211 3456 5272 ὧν
3476 5217 3578 5288 τὴν
3605 5217 3741 5286 ὓλην

2171 5321 2269 5392 μὲν
2306 5319 2535 5389 παρέχει
2563 5315 2624 5368 τὸ
2657 5315 2752 5384 τῆς
2781 5311 3002 5380 ἀγάπης
3043 5308 3480 5379 πολυθρύλλητον
3521 5307 3741 5379 χρῆμα.

2168 5415 2226 5468 αῖ
2256 5413 2312 5466 δὲ
2333 5411 2493 5466 ἀλλαι
2523 5408 2714 5479 ἀρεταὶ
2742 5403 2965 5464 τούτους
2995 5401 3273 5478 πλέκουσι,
3325 5399 3386 5453 τὸ
3434 5397 3493 5452 δέ
3535 5417 3601 5468 γε
3649 5399 3745 5467 μέ-

2169 5499 2651 5574 τριονὲπιτίθησιν
2681 5490 2767 5560 αἷς
2815 5495 2881 5548 ἂν
2933 5494 3192 5564 ἁρμόσειε
3241 5490 3524 5558 κεφαλαῖς.
3574 5492 3741 5545 Ὠστε

2171 5596 2266 5646 καὶ
2306 5591 2444 5660 μόνη
2492 5589 2603 5642 τῶν
2649 5585 2861 5658 ἀρετῶν
2903 5583 3231 5652 στεφοθέτης
3255 5581 3524 5635 δέδεικται
3574 5583 3606 5650 η
3649 5597 3745 5649 με-

2171 5680 2566 5752 τριοφροσύνη.
2607 5675 2864 5742 Λέγω.δέ
2915 5673 3385 5744 μετριοερροσύνην
3443 5672 3504 5726 τὸ
3564 5674 3742 5724 ποιεῖν

2179 5774 2278 5842 μὲν
2305 5773 2373 5824 τά
2404 5768 2665 5838 ὑψοῠντα,
2695 5767 2913 5837 φρονεῖν
2941 5763 2997 5817 δὲ
3032 5763 3176 5817 πάνυ
3207 5763 3400 5833 μέτρια
3435 5779 3449 5793 σ
3499 5762 3597 5815 καὶ
3641 5777 3740 5830 με·

2177 5866 2316 5936 γάλα
2350 5863 2678 5934 πράττοντα,
2707 5853 2969 5929 μηδαμῶς
2993 5853 3317 5926 ίπαίρεσθαι
3359 5870 3372 5885 °
3419 5854 3510 5908 καὶ
3540 5853 3635 5924 τὴν
3664 5853 3742 5914 εἰς
