3990 6556
269 351 390 417 545

1651 345 1942 410 ORATIO
1981 347 2118 408 VII.

3425 341 3531 410 £46

279 468 417 537 ὕψος
450 464 678 535 πορείαν
702 462 1045 532 ποιούμενον,
1092 462 1274 517 δοκεῖν
1311 458 1530 514 ἑστάναι
1583 459 1719 530 μετὰ
1751 459 1846 512 τῶι

1962 461 2029 514 de
2063 473 2122 514 se
2151 457 2386 526 sentire;
2425 472 2734 528 magnaque
2769 466 3140 528 praestantem,
3181 469 3526 528 nequaquam

273 561 431 615 κάτω
448 572 460 585 ’
484 557 545 610 ού
573 556 651 626 τῷ
676 555 843 624 μηδὲν
863 554 1041 623 ἑαυτῷ
1066 554 1360 608 συνειδέναι
1394 551 1575 614 καλῶς
1607 550 1848 604 ποιοῦντι

275 650 425 720 (πῶς
452 649 558 720 γάρ
585 649 648 720 ς),
689 647 820 699 ἀλλὰ
876 647 954 715 τῷ
1011 647 1191 708 καλῶς
1247 645 1448 698 ειδέναι
1509 643 1848 712 ὑψηλοτέρας

273 740 447 803 οὔσας
480 739 576 802 τὰς
608 738 810 809 ἀρετὰς
840 738 950 791 τῶν
985 736 1270 805 ἡμετέρων
1297 735 1492 805 ἔργων.
1537 732 1710 786 Τοῦτο
1738 732 1847 801 γὰρ

272 831 430 902 οἶμαι
461 831 925 900 ταπεινοφρόνων,
959 830 1019 883 οὺ
1043 830 1105 882 τὸ
1149 828 1327 898 φαῦλα
1367 827 1702 895 πράττοντας
1753 841 1848 877 και

275 924 498 976 πολλῶν
527 923 653 986 ἀξια
676 922 914 992 θρήνων,
971 921 1121 974 κάτω
1173 935 1274 971 που
1339 917 1569 970 κύπτειν
1620 916 1846 980 ἐθέλειν,

275 1018 374 1069 καὶ
399 1019 476 1084 μὴ
500 1014 598 1086 τὴν
636 1015 808 1084 ὀφρὺν
828 1013 1099 1082 ἁνασπᾷν.
1135 1011 1206 1064 Τὸ
1230 1012 1333 1080 γὰρ
1367 1008 1432 1077 δὴ
1467 1007 1680 1078 μεγάλα
1717 1023 1880 1074 φροοι

275 1110 391 1160 νεῖν
419 1105 594 1168 οὕτως
617 1105 809 1174 ἔχοντα
837 1104 960 1157 οὐδὲ
992 1104 1084 1156 νοῦ
1125 1101 1443 1173 μετέχοντος
1468 1101 1636 1164 ἐστιν,
1667 1095 1844 1168 οἶμαι.

286 1198 435 1252 Ἀλλ’
489 1198 608 1251 οὐδὲ
653 1198 827 1251 ἐκεῖνό
893 1215 955 1264 γε
1007 1195 1230 1264 μέτριον
1260 1232 1278 1255 ,
1338 1193 1457 1246 ούόὲ
1504 1191 1728 1258 ἀγαθὸν,
1789 1190 1850 1242 τδ

275 1291 452 1342 ποιεῖν
469 1290 528 1340 τὸ
545 1287 794 1358 ἀγαθδνῆ
817 1287 1076 1356 μηδαμῶς
1097 1282 1524 1354 ἑπιστάμενον,ἥ
1545 1284 1618 1351 μὴ
1637 1280 1850 1349 καθαρςξι⁹

272 1380 617 1449 προαιρέσει.
680 1379 752 1430 Τὸ
785 1379 881 1447 μὲν
903 1379 1012 1446 γάρ
1055 1376 1271 1437 πάντως
1305 1375 1500 1439 ἄγνοια
1535 1387 1550 1402 ⁸
1584 1371 1647 1424 τὺ
1679 1369 1734 1422 δέ
1768 1387 1853 1433 τις

1960 549 2138 604 efferri
2168 549 2347 603 animo
2389 565 2404 607 :
2436 550 2486 604 iu
2516 550 2744 603 sublime
2775 550 3004 618 denique
3041 555 3370 618 pergentem,
3405 564 3527 603 eum

1958 640 2162 694 infimis
2202 647 2352 694 stare
2391 641 2560 694 videri
2597 658 2612 696 :
2649 657 2756 694 non
2787 641 2934 709 quod
2967 640 3166 693 nullius
3187 639 3368 708 operis
3398 640 3528 695 boui
3594 685 3600 706 J

1956 733 2112 786 nobis
2142 733 2348 787 conscii
2382 735 2574 798 simus,
2627 747 2655 786 a
2688 733 2849 788 nobis
2882 731 3084 802 peracti
3137 732 3264 799 (quo
3294 731 3438 784 enim
3477 734 3528 787 id

1953 821 2215 891 pactoi),
2258 821 2352 875 sed
2393 822 2538 887 quod
2590 831 2736 874 recte
2771 822 3044 883 sciamus,
3090 821 3327 878 virtutes
3383 823 3531 892 ipsas

1953 914 2154 968 nosuis
2187 913 2348 967 factis
2379 913 2726 968 sublimiores
2757 928 2898 968 esse.
2960 911 3072 968 Hoc
3113 915 3259 969 enim
3291 915 3531 970 arbitror

1953 1021 2073 1061 esse
2121 1005 2432 1068 humilium,
2474 1019 2578 1058 non
2634 1015 2690 1058 ut
2729 1007 2868 1058 mala
2909 999 3222 1074 designans,
3259 1018 3312 1060 et
3346 1011 3529 1064 multis

1952 1098 2111 1167 digna
2150 1099 2429 1166 lacrymis,
2465 1097 2654 1152 oculos
2687 1099 2968 1167 dejiciant,
3017 1108 3073 1153 et
3101 1101 3386 1170 supercilia
3420 1117 3527 1155 non

1955 1191 2225 1245 attollant.
2262 1189 2395 1243 Num
2424 1205 2573 1254 eum,
2610 1191 2700 1259 qui
2724 1193 2804 1245 sic
2837 1192 3060 1249 affectus
3113 1196 3204 1258 sit,
3249 1196 3531 1264 magnifice

1957 1280 2023 1333 de
2065 1293 2124 1334 se
2183 1279 2426 1343 sentire,
2481 1296 2552 1334 ne
2605 1291 2782 1336 mente
2830 1284 3047 1350 quidem
3100 1287 3306 1353 praediti
3338 1286 3526 1348 fuerit,

1957 1370 2170 1437 opinor.
2214 1369 2324 1424 Nec
2369 1370 2498 1424 item
2553 1371 2683 1425 illud
2718 1372 2802 1425 vel
2858 1375 3165 1430 modestum
3221 1377 3401 1440 fuerit,
3448 1377 3529 1431 vel

272 1471 370 1541 βία
391 1475 554 1524 ποιεῖ.
585 1469 806 1523 Τούτοιν
826 1470 883 1522 δὲ
910 1467 1189 1538 οὐδέτερόν
1217 1468 1365 1519 ἐστιν
1395 1463 1597 1532 ἀγαθόν
1617 1479 1632 1494 ·
1656 1461 1846 1516 οὐκοῦν

1959 1460 2182 1526 bonum,
2219 1460 2401 1516 facere
2446 1461 2653 1516 scilicet
2693 1463 2820 1518 botti
2861 1467 3143 1533 quidpiam
3177 1468 3258 1520 vel
3297 1481 3400 1521 non
3445 1468 3530 1521 in-

270 1561 397 1613 οὺδὲ
433 1561 655 1631 μέτριον
678 1575 692 1590 °
727 1561 847 1613 ἐπεὶ
871 1560 929 1612 τὸ
955 1560 1174 1628 μέτριον
1204 1555 1426 1623 ἀγαθόν.

1962 1553 2312 1621 telligentem,
2358 1555 2444 1609 vel
2494 1555 2744 1610 instituto
2793 1559 2956 1612 animi
3019 1574 3126 1614 non
3189 1575 3346 1626 puro.
3406 1576 3528 1613 nam

207 1653 216 1660 ’
268 1657 535 1722 alterum,
571 1657 639 1710 ab
666 1655 1039 1725 ignoratione,
1075 1652 1305 1706 alterum
1358 1667 1385 1704 a
1423 1650 1474 1703 vi
1509 1649 1742 1718 quadam
1785 1649 2174 1718 proficiscitur.
2208 1652 2414 1706 [lorum
2454 1666 2582 1708 vero
2619 1662 2868 1708 neutrum
2916 1654 3115 1708 bonum
3162 1667 3267 1721 est,
3304 1656 3531 1724 ideoque

268 1766 379 1807 nec
418 1750 742 1816 modestum,
791 1745 918 1818 quia
958 1745 1154 1801 bonum
1179 1755 1283 1812 est,
1321 1745 1461 1816 quod
1507 1742 1830 1798 modestum.

356 1913 495 1967 Ἀλλ’
525 1915 690 1984 ἐρεῖς,
723 1907 768 1968 ὦ
801 1873 1040 1985 φίλτατε,
1070 1915 1206 1986 πρὸς
1237 1915 1404 1986 ἡμᾶς,
1456 1915 1660 1968 δίκαιον
1707 1913 1838 1981 γὰρ,

2011 1907 2264 1964 Sedenim
2312 1909 2546 1966 fortasse
2575 1927 2695 1975 nos.
2726 1913 3050 1968 cbarissime
3104 1913 3200 1980 fili,
3223 1915 3404 1970 verbis
3435 1916 3533 1970 bu-

267 2004 355 2068 ὡς
376 2005 474 2076 τὴν
505 2005 996 2076 ταπεινοφροσύνην
1032 2005 1164 2059 πολὺ
1199 2005 1504 2075 θαυμάσας,
1540 2003 1568 2057 ὃ
1600 2003 1680 2056 δεῖ
1711 2001 1843 2054 θαυ⁴

1952 1993 2173 2063 iusmodi
2225 2005 2602 2071 compellabis,
2650 2017 2702 2060 et
2769 2007 2965 2060 merito
3017 2008 3276 2076 quidem:
3310 2024 3531 2076 magno-

274 2096 472 2167 μάζειν
495 2097 864 2165 τεθαύμακας.
909 2096 1159 2165 ’Υψώσας
1180 2097 1236 2149 δὲ
1269 2097 1472 2166 ταύτην
1525 2094 1838 2165 ὑπερφυῶς,

275 2190 450 2242 πολὺν
487 2189 576 2242 τὸν
611 2189 812 2258 ταύτης
837 2190 1009 2260 ἔρωτα
1057 2189 1148 2243 καὶ
1187 2191 1314 2260 πρὶν
1359 2189 1677 2260 ἐντετηκότα
1739 2206 1840 2257 μου

264 2283 346 2349 ,τῇ
378 2280 546 2349 ψυχῇ,
572 2279 747 2348 πολλῷ
777 2295 839 2346 γε
871 2279 1067 2348 μᾶλλον
1112 2278 1207 2331 νῦν
1254 2279 1519 2349 ηῦξησας.
1581 2279 1704 2339 Τοῖς
1735 2277 1842 2349 γὰρ

273 2372 345 2440 δὴ
393 2372 544 2439 παρὰ
585 2370 780 2422 σαυτοῦ
818 2370 993 2436 λόγοις
1053 2373 1352 2440 ἐργάσομαι
1411 2370 1548 2441 (πῶς
1601 2370 1775 2433 δοκεῖς
1801 2372 1840 2435 ;)

271 2463 483 2532 ταύτης
519 2462 888 2533 μανικώτατον
921 2463 1175 2532 ἐραστήν.
1207 2463 1280 2514 Οὐ
1312 2463 1417 2531 μὴν
1445 2479 1507 2529 γε
1540 2460 1628 2512 διὰ
1673 2459 1846 2512 ταῦτά

280 2572 377 2624 μοι
409 2555 571 2624 φαίνῃ
598 2555 658 2606 τὸ
689 2554 803 2606 δέον
833 2553 977 2607 ἅπαν
1027 2555 1158 2624 ἡμῖν
1206 2552 1508 2622 ἐκπλήσας.
1580 2549 1701 2620 Χρὴ
1740 2551 1846 2619 γὰρ

277 2648 628 2718 προστιθέναι
657 2649 783 2710 τοὺς
828 2647 1082 2713 τρόπους,
1139 2647 1208 2700 δι’
1247 2639 1320 2700 ὧν
1357 2647 1420 2698 ἂν
1459 2645 1666 2711 γένοιτο
1727 2645 1845 2703 σαῖς

279 2739 474 2807 εὐχαῖς
509 2739 598 2790 τὸν
633 2738 861 2792 πλοῦτον
891 2739 1074 2791 τοῦτον
1127 2739 1272 2807 ἡμᾶς
1306 2736 1628 2805 πλουτῆσαι.
1691 2734 1848 2787 Δοκεῖ

278 2829 394 2898 γάρ
465 2845 553 2896 μοι
582 2827 934 2898 δυσπόριστος
980 2827 1174 2897 κομιδῆ
1232 2829 1326 2879 καὶ
1378 2829 1488 2888 τοῖς
1552 2823 1688 2894 μετὰ
1722 2839 1848 2890 σφο-

278 2918 411 2984 δροῦ
449 2936 591 2981 τινος
633 2919 834 2988 ἔρωτος
891 2918 1076 2971 τοῦτον
1138 2919 1371 2988 θηρᾶσαι
1421 2916 1846 2986 περινοστοῦσιν.

277 3012 360 3062 Ού
389 3010 498 3080 γὰρ
543 3010 617 3079 τῷ
643 3011 772 3082 ἐρᾷ-ι
821 3027 879 3061 τε
930 3013 1022 3064 καὶ
1060 3008 1240 3078 ζητεῖν
1287 3007 1596 3072 ἀναγκαίως
1657 3006 1848 3059 ἕπεται

282 3103 377 3154 καὶ
409 3104 467 3153 τὸ
503 3102 787 3168 τυγχάνειν
813 3101 920 3153 τῶν
971 3101 1262 3170 ἐρωμένων
1289 3115 1302 3129 ·
1353 3098 1488 3152 ἀλλὰ
1519 3097 1686 3151 πολλὰ
1751 3099 1848 3166 μὲν

1942 2109 2072 2164 pere
2102 2110 2198 2150 nos
2232 2095 2525 2152 admiratos
2577 2098 2785 2152 scilicet
2837 2099 3228 2164 humilitatem,
3274 2100 3326 2154 id
3351 2101 3526 2154 admi-

1947 2193 2095 2238 ratos
2131 2200 2271 2248 esse,
2303 2187 2444 2255 quod
2497 2187 2912 2242 admirationem
2940 2199 3232 2244 mereatur.
3268 2189 3524 2245 Eamdem

1947 2275 2142 2328 eximie
2184 2275 2310 2329 dum
2370 2277 2744 2342 extulerimns,
2814 2295 3066 2348 magnum
3118 2279 3232 2349 ejus
3281 2296 3523 2336 amorem

1945 2369 2094 2436 prius
2127 2367 2290 2420 etiam
2323 2368 2542 2422 insitum
2585 2369 2765 2421 animo
2815 2379 2926 2432 tuo,
2953 2387 3096 2424 nunc
3135 2372 3418 2440 insigniter
3435 2387 3527 2426 au-
3627 2396 3630 2398 ν

1947 2459 2110 2510 tisse.
2143 2455 2462 2512 Rationibus
2490 2459 2634 2513 enim
2669 2460 2802 2514 meis
2853 2460 3126 2523 effectum,
3181 2471 3236 2515 ut
3266 2463 3406 2516 hanc
3441 2464 3527 2517 in-

1947 2545 2234 2600 sanissimo
2268 2547 2500 2616 quodam
2548 2563 2732 2602 amore
2761 2551 3040 2618 depererts.
3081 2551 3196 2604 Non
3231 2561 3411 2606 tamen
3441 2552 3523 2607 id-

1947 2635 2093 2688 circo
2128 2652 2224 2690 nos
2261 2637 2358 2690 tibi
2389 2638 2556 2691 videri
2604 2639 2738 2694 Satis
2795 2643 3016 2694 omnino
3053 2642 3267 2697 fecisse.
3319 2643 3527 2714 Quippe

1951 2729 2259 2783 necessario
2291 2730 2479 2784 modos
2517 2730 2679 2784 etiam
2723 2732 3079 2797 adjiciendus,
3123 2735 3321 2802 quibus
3351 2737 3526 2792 modis

1949 2821 2172 2877 mulieri
2210 2823 2462 2891 possitex
2522 2825 2684 2878 animi
2723 2827 2798 2881 tui
2857 2829 3016 2892 votis,
3053 2837 3109 2882 ut
3172 2842 3302 2896 Opes
3365 2829 3528 2884 hasce

1950 2915 2319 2981 consequaris.
2351 2914 2482 2968 Nam
2517 2916 2683 2970 videri
2716 2919 2808 2970 tibi
2844 2919 2993 2972 valde
3030 2920 3297 2973 difiieilem
3332 2921 3521 2974 barum
3557 2913 3560 2915 λ

1952 3004 2406 3072 adquirendarum
2441 3010 2727 3072 rationem,
2757 3010 2921 3062 etiam
2957 3011 3042 3075 iis,
3085 3011 3176 3079 qui
3213 3011 3526 3066 vehemente

1952 3109 2080 3148 cum
2136 3095 2408 3153 desiderio
2457 3098 2812 3164 circumeunt,
2859 3113 2918 3154 ut
2968 3118 3060 3154 eas
3094 3113 3514 3170 consequantur.

279 3195 392 3246 τῶν
425 3193 765 3262 πραγμάτων
793 3193 892 3245 οὐκ
919 3191 1155 3262 εὐχερῶς
1176 3190 1486 3261 εὑρίσκεται
1508 3192 1620 3253 τοῖς
1657 3189 1846 3260 ζητοῦ-

1952 3185 2164 3253 Quippe
2215 3187 2538 3241 desiderium
2588 3198 2641 3243 et
2697 3190 3106 3259 inquisitionem
3171 3210 3274 3246 non
3339 3209 3524 3248 neces-

284 3302 368 3337 σιν
401 3300 416 3315 ·
446 3285 564 3336 ἔνια
595 3284 651 3336 δέ
679 3301 786 3335 τ.σι
815 3289 1194 3353 παραγίνεται,
1246 3282 1368 3351 μηδ’
1420 3279 1657 3334 ὁντινοῦν
1714 3281 1846 3333 ὑπο-

284 3377 442 3431 nam
472 3377 654 3429 πόνον.
699 3376 819 3428 Ἐπὶ
851 3375 907 3427 δὲ
951 3374 1041 3426 τὸν
1091 3375 1182 3426 καὶ
1241 3371 1452 3442 μάλισθ’
1498 3367 1686 3444 ὃτανῇ
1737 3371 1846 3425 τῶν

280 3468 606 3530 καλλίστων,
657 3467 755 3536 οὐχ
784 3466 925 3518 οὕτω
955 3465 1098 3532 φιλεῖ
1122 3463 1427 3533 γίγνεσθαι,
1449 3464 1561 3516 ἀλλ’
1606 3465 1714 3533 ὅσῳ
1745 3463 1843 3534 ζη-

277 3558 449 3628 τητέα
475 3543 640 3620 δοκεῖ,
670 3556 904 3626 τοσούτῳ
950 3557 1045 3609 καὶ
1091 3556 1447 3624 δυσπόριστα.
1481 3555 1668 3626 Χρεὼν
1707 3553 1846 3608 εἷναί

277 3665 364 3702 σοι
389 3648 568 3700 τοίνυν
607 3645 989 3714 ὑπολαμϐάνω,
1029 3645 1174 3707 ὅπως
1211 3646 1276 3697 ἂν
1295 3645 1605 3714 κτησαίμην
1620 3643 1844 3714 ταύτην,

276 3737 536 3810 φράζειν.
571 3738 730 3794 Ἀλλὰ
767 3737 848 3789 σοὶ
873 3737 993 3806 μὲν,
1018 3730 1062 3790 ὦ
1098 3736 1258 3804 ’γαθὶ
1290 3735 1512 3789 τοιαῦτα
1545 3735 1754 3803 λέγοντι
1788 3734 1847 3788 τὸ

273 3831 602 3902 γιγνόμενον
626 3832 904 3901 εἰρήσεται
929 3846 946 3862 ο
974 3832 1067 3884 καὶ
1114 3830 1257 3901 άπερ
1289 3831 1355 3884 ἂν
1398 3830 1664 3902 εὐξαίμην
1717 3830 1847 3901 περὶ

273 3922 404 3986 σοῦ,
437 3921 610 3976 ταῦτα
640 3921 864 3993 πράξεις
896 3936 912 3952 ⁸
941 3923 1093 3974 τουτὶ
1121 3921 1176 3974 δὲ
1221 3922 1283 3974 τὸ
1321 3921 1636 3992 γιγνόμενον
1691 3924 1848 3994 χαλε-

279 4017 386 4068 τὸν
418 4014 542 4084 ἐμοὶ
572 4015 769 4082 λέγειν.
813 4015 920 4068 Καὶ
942 4010 1086 4082 εἶχόν
1107 4031 1168 4082 γε
1197 4013 1470 4068 δεικνύναι
1501 4013 1562 4066 τὸ
1591 4013 1848 4067 δύσκολον

276 4107 498 4168 πολλοῖς
523 4124 661 4160 τισιν
682 4102 835 4176 οἶμαι
867 4105 1107 4176 τρόποις.
1160 4107 1264 4158 Τὸν
1295 4105 1452 4175 κόρον
1497 4105 1554 4158 δὲ
1596 4105 1840 4174 βουλόμε.

275 4216 374 4260 νος
412 4196 654 4266 φεύγειν,
679 4197 790 4267 ἐρῶ
817 4196 1048 4250 τοσόνδε.
1075 4194 1209 4248 Εῖπέ
1239 4213 1322 4259 τις
1349 4197 1515 4266 μέγας
1539 4197 1696 4265 ἀνὴρ,
1740 4197 1852 4248 ἰω-

279 4291 449 4358 ἀννης
486 4289 718 4359 τοῦνομα
747 4285 834 4359 (ἦν
871 4289 929 4341 δὲ
957 4288 1066 4340 τῶν
1109 4288 1324 4353 ζώντων
1350 4290 1426 4359 τῷ
1452 4288 1590 4358 Θεῷ,
1620 4289 1713 4342 καὶ
1751 4289 1848 4360 οὐχ

281 4381 518 4449 ἑαυτοῖς)
551 4381 780 4450 τριδόλῳ
846 4379 1189 4450 ἑοικέναιτὴν
1223 4379 1617 4450 ὑπερηφανίαν.
1649 4381 1756 4433 Καὶ
1785 4381 1846 4450 δὴ

1947 3277 2094 3330 sario
2128 3279 2374 3333 comitari
2407 3296 2584 3334 rerum
2610 3293 2986 3352 exoptatarum
3014 3285 3353 3354 adeptionem
3384 3303 3397 3340 :
3432 3285 3526 3340 sed

1947 3385 2036 3423 res
2081 3369 2367 3440 plerasque
2427 3373 2772 3428 dillicultera
2831 3379 3196 3444 quaerentibus
3253 3379 3522 3444 inveniri,

1949 3463 2234 3518 nontmllae
2261 3464 2528 3529 aliquibus
2555 3468 2888 3534 contingere,
2938 3469 3144 3523 nul'um
3201 3471 3420 3525 omnino
3444 3472 3526 3525 la-

1948 3551 2135 3606 borem
2165 3552 2582 3622 perferentibus.
2613 3556 2669 3609 ln
2708 3556 2814 3611 illis
2845 3569 3044 3623 autem,
3071 3576 3188 3625 qum
3223 3562 3523 3630 prmsertim

1948 3643 2323 3713 pulcherrimae
2381 3646 2511 3712 sint,
2564 3661 2666 3700 non
2725 3648 2805 3702 sic
2872 3651 3091 3705 evenire
3147 3652 3370 3706 solere:
3431 3654 3526 3710 sed

1947 3745 2152 3807 quanto
2190 3738 2360 3804 magis
2387 3739 2688 3806 quaerendae
2718 3731 3028 3806 videantur,
3087 3751 3234 3794 tanto
3278 3757 3400 3798 esse
3430 3757 3526 3799 ac-

1948 3827 2149 3897 quisitu
2178 3827 2527 3885 difﬁciliores.
2576 3829 2938 3894 Quamobrem
2995 3833 3165 3886 videri
3207 3833 3301 3888 tibi
3338 3849 3527 3891 neces-

1949 3919 2175 3984 sarium,
2203 3929 2262 3974 ut
2288 3935 2394 3991 quo
2421 3931 2578 3992 pacto
2603 3923 2740 3977 hanc
2766 3936 3080 3991 comparare
3132 3925 3331 3994 possis,
3361 3939 3529 3996 expo-

1949 4027 2094 4066 nam.
2130 4012 2462 4068 lndicabitur
2509 4014 2629 4080 tibi,
2685 4025 2904 4069 strenue
2929 4015 3024 4078 fili,
3077 4017 3167 4087 qui
3219 4017 3526 4086 bujusmodi

1947 4101 2180 4174 profers,
2209 4105 2351 4173 quod
2390 4105 2614 4160 indicari
2657 4109 2959 4163 conveniet.
2987 4108 3064 4164 Tu
3091 4112 3232 4180 quod
3287 4113 3336 4165 in
3371 4113 3514 4168 votis

1948 4206 2031 4251 est
2071 4198 2200 4252 mibi
2231 4197 2297 4253 de
2335 4207 2419 4263 te,
2455 4197 2650 4266 facies;
2697 4201 2833 4254 mihi
2869 4203 3084 4270 quidem
3137 4213 3283 4260 certe
3312 4206 3526 4262 difficile
3618 4275 3621 4277 _

1949 4289 2136 4356 dictu,
2193 4289 2334 4357 quod
2396 4289 2681 4343 dicendum
2741 4291 2905 4346 venit.
2972 4291 3037 4347 Et
3095 4305 3336 4364 poteram
3395 4313 3528 4353 sane

1951 4379 2316 4434 d:fIicultatcm
2350 4382 2488 4436 hanc
2520 4382 2720 4450 multis,
2751 4385 2961 4452 opinor,
2990 4389 3163 4443 modis
3192 4391 3516 4445 ostendere:

281 4471 734 4540 προσαγορεύσας
765 4469 931 4531 αὐτὴν
959 4468 1148 4540 ταύτῃ,
1171 4464 1290 4521 εἶτα
1325 4470 1417 4521 καὶ
1447 4469 1624 4530 καλῶς
1653 4469 1844 4532 είπὼν,

1952 4472 2044 4526 sed
2093 4473 2293 4526 vitandi
2333 4473 2474 4527 ttedii
2531 4473 2734 4539 studio,
2773 4485 2976 4531 tantum
3026 4480 3318 4548 proferam.
3382 4483 3528 4537 Dixit

281 4562 505 4626 ἔδειξεν.
545 4563 685 4632 Ἔφη
709 4564 818 4629 γὰρ
871 4561 1002 4629 (ἐρῶ
1027 4560 1080 4613 δὲ
1111 4561 1200 4613 τὸν
1253 4561 1460 4613 ἐκείνου
1505 4561 1726 4625 σκοπον,
1785 4561 1844 4614 οὐ

279 4657 352 4707 τὰ
386 4655 651 4724 ρήματα)’
675 4655 772 4704 "Av
804 4652 998 4722 πράξω
1031 4670 1082 4704 τι
1126 4652 1234 4704 τῶν
1261 4653 1462 4712 καλῶν,
1495 4653 1680 4722 ἐκείνη
1710 4669 1848 4724 παρα

283 4747 515 4800 ελθοῦσα
572 4747 775 4816 κροτεῖ,
834 4745 927 4797 καὶ
989 4745 1124 4814 μετὰ
1190 4743 1322 4814 βοῆς
1374 4744 1580 4814 ἐξαίρει
1619 4743 1848 4812 τοῦργον

283 4842 480 4892 ἐκεῖνο.
512 4838 612 4890 Ἦν
637 4838 693 4890 δὲ
730 4837 821 4890 καὶ
856 4835 964 4888 τῶν
1003 4836 1063 4888 ού
1107 4835 1302 4905 ῥαδίως
1335 4835 1784 4905 κατορθουμένων

283 4932 345 4982 τὸ
381 4931 640 4999 πραχθὲν,
682 4928 819 4998 ὑπὲρ
871 4926 1186 4998 ἀνθρώπους
1238 4944 1304 4996 με
1347 4926 1554 4991 πάντας
1622 4927 1802 4998 τίθησι
1833 4945 1846 4960 ο

284 5023 390 5076 κᾶν
429 5022 773 5091 ἀποκρουσθῇ
801 5021 898 5088 τὴν
924 5019 1165 5090 πρώτην,
1225 5021 1323 5073 οὐκ
1363 5021 1652 5086 ἀφίσταται
1687 5037 1701 5051 ’
1758 5022 1849 5073 καὶ

283 5115 544 5176 πολλάκις
588 5113 912 5184 ἡττηθεῖσα,
975 5112 1330 5182 ἐπανέρχεται
1383 5114 1582 5182 χείρων
1628 5113 1848 5180 ἑαυτῆς,

285 5208 401 5269 πῶς
431 5207 570 5272 οἵει;
605 5207 753 5258 ἅπαν
792 5205 993 5276 ὕφαλον
1033 5205 1148 5274 μεθ’
1204 5207 1399 5275 ἑαυτῆς
1448 5206 1662 5275 ἔχουσα.
1718 5205 1847 5268 Ταῖς

282 5297 403 5367 γὰρ·
420 5298 620 5366 ψυχαῖς
639 5297 753 5350 τῶν
791 5297 848 5361 ἐξ
887 5297 1104 5364 ἀγαθῶν
1130 5296 1452 5365 ὑψωθέντων
1487 5298 1686 5366 ἔργων,
1728 5294 1848 5350 εἶτα

285 5385 451 5454 μηδὲν
488 5385 687 5454 ὑψηλὸν
714 5384 862 5454 ὑπὲρ
891 5385 1070 5438 αὐτῶν
1102 5385 1530 5452 φαντασθέντων,
1568 5385 1703 5438 ἀλλὰ
1733 5403 1848 5455 μει-

283 5478 487 5529 νάντων
527 5476 612 5543 ἐφ’
639 5469 790 5547 ᾧπερ
821 5476 950 5540 ἔδει,
993 5476 1293 5546 λεληθότως
1319 5476 1722 5545 ὑπεισέρχεται,
1753 5477 1849 5531 καὶ

281 5568 500 5639 ἡσύχως
532 5567 594 5620 τὸ
619 5567 854 5632 ζιζάνιον
875 5567 1218 5634 ὖποσπείρει,
1249 5569 1376 5630 ἴσως
1409 5585 1510 5620 που
1533 5571 1626 5621 καὶ
1648 5569 1848 5622 καθευ-

278 5659 501 5722 δούσαις
531 5659 720 5722 αὑταῖς
749 5661 812 5714 ἐκ
842 5659 939 5728 τῆς
972 5659 1174 5728 πολλῆς
1201 5660 1295 5712 καὶ
1326 5660 1572 5714 συντόνου
1605 5662 1843 5732 νήψεως.

279 5752 438 5820 Λέγω
457 5750 513 5803 ὁὶ
543 5751 780 5815 ζιζάνιον
816 5750 911 5807 νῦν
937 5751 998 5805 τὸ
1028 5751 1448 5821 ὑπολογίσασθαι
1493 5753 1741 5822 τάληθὲς,
1771 5755 1847 5818 ὡς

1954 4563 2167 4629 quidam
2199 4565 2280 4615 vir
2309 4579 2555 4632 magnus,
2583 4567 2668 4619 cui
2698 4582 2892 4622 nomen
2919 4568 3158 4626 Joannes
3186 4573 3322 4643 (erat
3345 4585 3522 4628 autem

1949 4667 2132 4706 eorum
2163 4667 2193 4706 e
2227 4670 2469 4716 numero,
2500 4656 2590 4725 qui
2627 4657 2743 4710 Deu
2771 4660 2977 4722 vivunt,
3009 4678 3114 4714 non
3145 4663 3293 4730 sibi).
3331 4665 3526 4718 tribulo

1951 4744 2182 4798 similem
2215 4759 2336 4799 esse
2383 4749 2720 4814 superbiam,
2753 4756 2806 4802 et
2836 4751 3050 4818 quidem
3080 4753 3180 4806 bac
3208 4755 3252 4806 ei
3287 4755 3521 4822 primum

1951 4836 2306 4903 appellatione
2342 4839 2530 4906 indita,
2569 4839 2762 4895 deinde
2797 4850 2940 4894 recte
2973 4843 3040 4896 ab
3076 4858 3134 4897 se
3170 4845 3392 4898 verbum
3426 4848 3526 4900 boc

1952 4926 2220 4994 prolatum
2253 4933 2508 4984 ostendit.
2536 4931 2673 4984 Nam
2706 4933 2751 4986 si
2781 4934 2932 5001 quid,
2969 4935 3166 5003 inquit,
3191 4937 3316 4989 boni
3347 4938 3526 4992 fecero

1953 5017 2195 5086 (scopum
2227 5029 2401 5072 autem
2439 5021 2604 5089 ipsius
2635 5022 3036 5091 indicabo,|nou
3058 5025 3265 5090 verba),
3292 5041 3412 5080 mox
3438 5027 3526 5080 illa

1951 5110 2208 5175 prodiens
2241 5111 2538 5180 appluttdit,
2564 5122 2618 5167 et
2653 5129 2772 5166 cttm
2803 5116 3040 5170 clamore
3071 5116 3270 5171 factum
3293 5119 3522 5175 extollit.

1951 5203 2102 5267 Quod
2137 5217 2266 5256 sane
2323 5203 2367 5257 si
2400 5204 2641 5272 praestitu
2683 5205 2906 5260 difficile
2951 5210 3146 5276 fuerit,
3206 5225 3394 5266 omnes
3442 5227 3528 5266 me

1951 5307 2112 5358 supra
2148 5293 2405 5346 mortales
2456 5294 2704 5349 collocat.
2759 5296 2836 5351 Ac
2872 5299 3138 5367 siquidem
3174 5301 3327 5356 initio
3368 5301 3530 5357 fuerit

1951 5382 2172 5450 rejecta,
2207 5400 2314 5437 non
2340 5384 2549 5440 desistit
2579 5403 2594 5440 :
2621 5397 2675 5442 et
2716 5390 2912 5458 saepius
2943 5406 3160 5464 quoque
3190 5394 3351 5459 victa,
3378 5395 3529 5462 pejor

1951 5477 2126 5544 seipsa
2160 5477 2340 5530 multis
2389 5480 2564 5532 modis
2611 5485 2924 5548 revertitur,
2969 5486 3099 5539 nihil
3153 5503 3260 5540 non
3317 5487 3526 5540 subdoli

1950 5581 2136 5621 secum
2186 5567 2438 5628 efferens.
2474 5570 2606 5624 Nam
2646 5575 2857 5628 animos
2879 5576 3111 5641 illorum,
3139 5579 3229 5647 qui
3263 5580 3416 5631 bonis
3461 5593 3526 5630 ex

1949 5664 2202 5732 operibus
2230 5665 2528 5721 eminentes
2559 5665 2686 5722 facti
2721 5681 2868 5733 sunt,
2905 5686 2966 5725 ac
2997 5673 3186 5726 deinde
3236 5673 3366 5725 nihil
3398 5669 3500 5724 sub

1951 5754 2077 5810 lime
2110 5755 2174 5812 de
2217 5755 2414 5826 seipsis
2462 5759 2792 5831 concipiunt,
2830 5765 2921 5816 sed
2974 5764 3111 5817 intra
3166 5765 3360 5818 limites
3408 5777 3529 5819 sese
3611 5836 3626 5841 '
3685 5790 3692 5796 ·
