3990 6556
253 352 360 417 549

1652 338 1937 401 ΟΒΑΤΞΟ
1966 338 2093 400 VII.

3412 341 3517 403 οδο

257 482 365 535 γῳ.
406 462 662 525 Ἐκείνοις
712 458 820 528 γὰρ
879 458 1173 529 βοηθητέον
1226 458 1358 529 ἡμῖν
1409 454 1579 519 ἔστιν,
1630 453 1722 516 οὓς
1773 451 1836 505 ἂν

1944 448 2277 516 blasphemia
2305 457 2407 511 est.
2431 451 2729 506 orationem
2757 450 2876 521 ejus
2906 452 3042 507 tueri
3074 452 3227 509 velle.
3245 452 3512 510 Nimirum

255 554 527 625 γνοίημεν
548 553 839 623 δεομένους
876 554 973 620 τῆς
1002 553 1131 622 παρ’
1162 552 1321 621 ἡμῶν
1369 546 1710 618 συμμαχίας,
1750 545 1835 594 ὲ).-

255 645 434 708 λιπῶς
469 645 589 698 καθ’
610 644 787 697 ὁτιοῦν
810 643 1029 715 ἔχοντας
1055 645 1188 713 πρός
1215 660 1275 712 γε
1304 642 1364 695 τὸ
1408 641 1591 708 σφισιν
1653 638 1838 698 αὐτοῖς

255 739 544 806 ἐπαρκεῖν.
580 736 699 804 Θεῷ
732 736 788 789 δὲ
813 738 896 797 τίς
924 734 1200 799 ἀσθένεια,
1258 732 1332 796 ὡς
1358 730 1565 785 δεῖσθαί
1600 746 1702 783 που
1735 728 1834 796 τῆς

256 831 394 899 παρ’
424 828 581 899 ἡμῶν
610 827 865 898 βοηθείας
893 844 909 893 ;
968 826 1127 881 Ἀλλὰ
1155 825 1262 895 γὰρ
1294 825 1388 879 καὶ
1428 822 1587 876 τοῦτο
1634 819 1837 888 παρέλ-

255 937 360 974 κον
390 915 568 989 οἶμαι,
591 919 651 971 τὸ
685 919 781 973 καὶ
817 920 926 980 τοῖς
963 917 1163 985 ὀλίγοις
1202 916 1411 979 τούτοις
1441 911 1674 966 ἐνταῦθα
1697 910 1834 981 χρή-

257 1006 457 1060 σασθαι
483 1007 687 1074 λόγοις.
711 1006 807 1068 Τίς
840 1006 947 1073 γὰρ
972 1006 1072 1057 οῦκ
1107 998 1271 1066 οἶδεν,
1304 1004 1379 1066 ὡς
1408 1002 1457 1056 εἰ
1482 1001 1579 1071 μὲν
1620 998 1832 1070 ἀνθρὼ-

255 1116 436 1164 πινον,
464 1098 524 1151 οὗ
550 1099 713 1151 καλόν
744 1114 761 1165 ;
796 1098 843 1149 si
880 1096 936 1148 δὲ
979 1096 1135 1159 Θεοῦ,
1188 1095 1280 1148 καὶ
1311 1093 1510 1159 καλόν;
1570 1091 1727 1159 Λέγω
1776 1089 1832 1142 δὲ

253 1188 597 1260 ἀνθρώπινον
628 1189 727 1260 μὲν
769 1188 829 1240 τὸ
873 1186 971 1256 τῆς
998 1186 1095 1240 τοῦ
1126 1184 1261 1240 Θεοῦ
1293 1184 1467 1256 ῥοπῆς
1517 1182 1832 1237 παντάπασι

252 1282 411 1350 ψιλὸν
440 1280 685 1336 δνοθεοῦ
710 1281 767 1334 δὲ
799 1280 896 1348 τὴν
927 1279 1139 1332 ἐκείνου
1185 1277 1324 1348 πρὸς
1380 1278 1526 1347 ἡμᾶς
1566 1272 1833 1327 εὐδοκίαν.

253 1374 331 1426 Τὸ
353 1373 461 1443 γὰρ
488 1368 991 1440 ἐγκαταλελεῖφθαι,
1028 1369 1122 1421 καὶ
1162 1369 1259 1435 τῆς
1312 1366 1480 1437 ὀργῆς
1510 1362 1677 1419 αὐτοῦ
1719 1381 1837 1416 πει-

255 1465 509 1533 ραθῆναι,
542 1465 832 1534 ἡμέτερον.
855 1463 988 1517 Οὐδὲ
1020 1464 1128 1532 γὰρ
1168 1461 1330 1533 ἔργον
1365 1460 1521 1521 Θεοῦ.
1564 1458 1833 1523 Ἐκεῖνος

252 1556 367 1626 γὰρ
390 1556 753 1623 ἀπείραστός
775 1555 907 1609 ἐστι
936 1553 1160 1619 κακῶν,
1202 1550 1458 1621 πειράζει
1488 1550 1556 1605 δὲ
1594 1550 1836 1613 οὐδένα,

255 1648 403 1704 κατὰ
431 1648 519 1700 τὸν
536 1645 903 1714 ’Δδελφόθεονο
927 1647 1090 1699 Ὥστε
1120 1646 1178 1700 τὸ
1204 1646 1383 1708 καλῶς
1402 1646 1573 1698 ποιεῖν
1595 1642 1863 1712 ἀτεχνῶς

1944 539 2020 594 illi
2049 540 2208 594 nobis
2241 541 2562 597 defendendi
2596 554 2749 607 sunt,
2779 559 2915 613 quos
2968 546 3319 615 intelligimus
3381 550 3518 602 indi-

1942 649 2068 703 gere
2097 643 2282 689 nostro
2308 637 2764 702 auxilio,viribus
2804 641 2982 708 aliqua
3012 650 3160 708 parte
3177 642 3515 705 deﬁcientes,
3572 662 3585 694 τ

1938 744 2051 799 quo
2085 730 2263 784 minus
2289 745 2443 799 opem
2481 732 2581 799 ipsi
2603 732 2703 786 sibi
2738 733 2882 786 ferre
2908 734 3140 801 possint.
3195 735 3264 787 At
3304 735 3357 786 in
3401 736 3513 789 Deo

1941 837 2189 890 quanam
2218 834 2302 878 est
2333 824 2704 890 imbecillitas,
2741 836 2937 885 nostra:
2982 806 3040 881 ul
3066 829 3183 897 opis
3238 828 3517 897 illd‘geal?

1941 913 2242 968 Enimvero
2304 930 2763 984 supervacaneum
2796 929 2849 974 et
2882 919 3010 972 illud
3056 919 3315 984 arbitror,
3370 922 3513 987 quod

1939 1005 2106 1058 etiam
2169 1009 2455 1075 perpaucis
2484 1008 2635 1063 hisce
2667 1009 2845 1063 verbis
2886 1010 2987 1063 boc
3027 1008 3145 1065 loco
3169 1010 3344 1065 simus
3406 1014 3514 1067 usi.

1939 1096 2076 1163 Quis
2103 1099 2247 1152 enim
2280 1099 2518 1169 ignorat,
2554 1100 2599 1155 si
2631 1099 2759 1169 quid
2796 1100 3096 1159 humanum
3143 1106 3233 1166 sit,
3256 1117 3363 1155 non
3391 1117 3516 1156 esse

1943 1191 2291 1245 bontnnisin
2335 1192 2453 1255 Dei,
2508 1191 2708 1246 bonum
2762 1193 2919 1247 esse?
2972 1192 3281 1246 Humanum
3332 1204 3514 1247 autem

1941 1282 1992 1336 id
2023 1283 2254 1351 appello,
2291 1284 2431 1351 quod
2459 1284 2660 1338 auxilio
2711 1284 2806 1337 Dei
2843 1285 3003 1353 plane
3031 1284 3350 1340 destituitur
3384 1302 3400 1339 :
3438 1287 3519 1339 di-

1939 1374 2129 1427 vinum
2162 1388 2308 1437 vero,
2342 1374 2515 1442 ipsius
2545 1386 2671 1442 erga
2707 1388 2806 1428 nos
2837 1375 3283 1443 propensionem.
3309 1377 3517 1443 Quippe

1941 1466 2143 1530 deseri,
2174 1478 2333 1533 atque
2361 1467 2495 1519 iram
2558 1465 2731 1535 ipsius
2792 1466 3049 1532 experiri,
3104 1477 3349 1521 nostrum
3405 1480 3516 1522 est.

1930 1553 2301 1623 Nequiteuiut
2332 1554 2425 1610 Dei
2452 1554 2553 1610 hoc
2577 1570 2712 1625 opus
2741 1570 2888 1611 esse.
2918 1556 3051 1610 Nam
3081 1558 3221 1612 Deus
3245 1558 3512 1612 malorum

1940 1662 2137 1716 expers
2192 1659 2298 1709 est.
2361 1657 2418 1701 et
2468 1647 2741 1701 neminem
2805 1655 2999 1712 teutat,
3052 1649 3510 1717 quemadmodum

255 1745 413 1812 παρὰ
452 1739 587 1794 Θεοῦ
620 1741 733 1803 τοῖς
755 1738 1085 1808 ἀνθρώποις,
1120 1737 1181 1791 τὸ
1210 1736 1267 1789 δὲ
1299 1736 1481 1797 κακῶς
1528 1735 1586 1801 ἐξ
1628 1732 1838 1805 ἀνθρώ-

1944 1739 2112 1794 frater
2138 1739 2227 1792 ille
2262 1738 2465 1793 Christi
2514 1738 2779 1807 loquitur.
2814 1737 2968 1793 Unde
3004 1740 3297 1810 co'ligitur,
3349 1754 3513 1808 opera

256 1852 402 1898 πων,
443 1832 654 1902 καὶτῆς
677 1828 1051 1900 προαιρέσεως
1086 1827 1276 1897 μόνης.
1328 1826 1440 1880 Καὶ
1469 1825 1516 1878 εἰ
1548 1824 1835 1878 κάλλιστόν

1943 1830 2082 1884 bona
2108 1827 2274 1881 dubio
2306 1826 2492 1896 procul
2522 1827 2575 1880 in
2607 1826 2919 1881 hominibus
2952 1842 2981 1881 a
3013 1828 3122 1881 Deo
3191 1826 3463 1895 proﬁcisci
3494 1842 3508 1878 :

254 1926 455 1980 ἔστιτὸ
484 1924 577 1977 ἐπὶ
626 1922 744 1985 ταῖς
796 1921 1028 1989 ἀγαθαῖς
1084 1921 1317 1991 πράξεσι
1366 1920 1834 1989 ταπεινοφρονείν,

255 2016 449 2085 σαφῶς
488 2015 582 2068 καὶ
602 2014 747 2067 τοῦθ’
778 2015 908 2085 ἡμῖν
939 2012 1115 2083 πολλῷ
1174 2028 1238 2082 γε
1279 2012 1501 2082 μᾶλλον,
1538 2011 1614 2075 ὡς
1666 2010 1726 2063 ὃν
1776 2026 1835 2078 γε

254 2107 383 2178 μεθ’
436 2107 738 2178 ὑπερὸολῆς
793 2106 1018 2173 ἀγαθόν.
1073 2106 1182 2158 Καὶ
1244 2105 1367 2158 ἐπεὶ
1389 2105 1546 2159 ταυτὶ
1594 2102 1838 2169 ξυνδοκεῖ

254 2197 402 2262 (πῶς
430 2199 536 2269 γὰρ
568 2197 628 2252 οῦ
665 2197 730 2269 ς).
757 2197 818 2251 οὐ
848 2197 928 2250 δεῖ
954 2196 1046 2249 τὸν
1075 2195 1448 2265 κατορθοῦντα
1483 2194 1832 2266 ἐπαίρεσθαι.

241 2291 327 2344 .El
389 2291 496 2362 γὰρ
545 2290 811 2361 ἐφ’ήμῶν
842 2293 948 2344 τῶν
992 2288 1293 2359 ἀνθρώπων
1337 2290 1515 2351 οὐδεὶς
1572 2288 1641 2342 ἂν
1695 2289 1837 2358 μέγα

254 2384 395 2436 ποτὲ
422 2383 740 2453 φρονήσειεν
770 2382 1191 2451 ἀριστεύσαντος
1224 2381 1411 2450 ἑτέρου
1441 2381 1666 2449 (πόθεν;
1711 2379 1839 2432 πολ-

254 2474 358 2528 λοῦ
394 2491 456 2542 γε
479 2475 573 2528 καὶ
601 2473 725 2544 δεῖ),
752 2473 868 2536 πῶς
906 2474 972 2526 ἂν
1017 2472 1102 2542 εἴη
1134 2473 1342 2526 δίκαιον
1372 2472 1837 2541 ὑψηλοτρονῆσαι,

254 2566 357 2620 τοῦ
392 2566 525 2619 Θεοῦ
547 2565 974 2635 κατωρθωκότος
1013 2564 1081 2618 δι’
1131 2564 1288 2636 ἡμῶν
1318 2563 1383 2618 τὸ
1435 2564 1577 2633 ὑπὲρ
1638 2562 1836 2632 ἡμῶν;

269 2658 418 2712 Ἀλλ’
448 2660 564 2727 ἐρεῖ
592 2674 675 2721 τις
709 2658 838 2722 ἴσως
870 2658 1125 2728 αρπάσας
1157 2657 1239 2722 τὸ,
1272 2656 1348 2708 Δι’
1384 2655 1564 2727 ἡμῶν,
1603 2656 1679 2719 ὡς
1731 2656 1839 2722 ἄρα

257 2766 321 2803 τι
346 2750 440 2803 καὶ
472 2750 533 2802 τὸ
579 2749 845 2821 ἡμέτερον
893 2748 1259 2821 ουνεισφέρει.
1321 2749 1672 2817 Συνεισφέρει
1717 2746 1836 2816 μὲν,

255 2838 309 2898 ὦ
334 2844 451 2907 τᾶν,
479 2842 670 2896 Οὐδὲν
700 2841 753 2894 δὲ
777 2839 963 2912 ἔχεις,
993 2841 1181 2910 φησιν,
1218 2838 1250 2893 ὃ
1296 2841 1408 2893 οὐκ
1461 2838 1698 2903 ἔλαϐες.
1761 2840 1802 2890 Τ
1800 2836 1837 2888 ἁ

259 2938 374 3008 γὰρ
408 2935 604 2990 πάντα
635 2935 703 2988 ἐκ
736 2935 905 2990 θεοῦ.
942 2935 1048 2988 Kal
1070 2934 1253 2997 αὑτός
1273 2933 1446 2987 ἐστιν
1496 2935 1530 2987 ὁ
1576 2930 1840 2999 ἐνεργῶν

259 3029 335 3082 ἐν
362 3029 506 3096 ἡμῖν
534 3028 631 3083 καὶ
661 3028 726 3081 τὸ
773 3026 974 3081 θέλειν
1010 3026 1107 3079 καὶ
1142 3025 1208 3079 τὸ
1239 3025 1511 3094 ἐνεργεῖν
1546 3024 1697 3092 ὑπὲρ
1728 3022 1838 3091 τῆς

1942 1917 2084 1973 mala
2123 1933 2253 1973 vero
2330 1918 2400 1972 ab
2439 1916 2772 1983 hominibus,
2805 1927 2858 1973 et
2892 1918 3199 1972 animorum
3249 1919 3517 1971 duntaxat

1942 2010 2216 2066 instituto.
2245 2010 2324 2065 Ac
2345 2010 2390 2064 si
2424 2010 2847 2080 pulcherrimum
2873 2010 3126 2080 quiddam
3146 2018 3251 2075 est,
3281 2011 3331 2063 itt
3361 2024 3518 2079 egre-

1939 2103 2043 2173 giis
2068 2102 2228 2157 factis
2252 2104 2532 2158 humiliter
2566 2117 2687 2158 sese
2716 2118 2949 2173 gerere:
2978 2117 3082 2155 non
3117 2102 3342 2156 dubium
3404 2110 3509 2165 est,

1941 2196 2045 2250 hoc
2077 2196 2255 2264 ipsum
2281 2210 2495 2266 quoque
2542 2194 2697 2250 nobis
2726 2210 2754 2247 a
2779 2194 2890 2249 Deo
2918 2194 3085 2248 multo
3118 2194 3288 2264 magis
3322 2208 3518 2249 conce-

1940 2289 2017 2352 di,
2054 2304 2175 2341 cum
2212 2288 2470 2341 eximium
2514 2287 2714 2341 bonum
2746 2286 2837 2341 sit.
2869 2286 3047 2355 Atque
3076 2287 3161 2341 his
3196 2289 3510 2341 necessario

1939 2396 2062 2435 cum
2091 2379 2342 2434 assentiri
2367 2393 2650 2442 cogamur,
2675 2379 2770 2446 qui
2806 2392 2898 2432 res
2918 2378 3207 2446 praeclaras
3234 2380 3367 2446 agit,
3400 2378 3520 2430 ani-

1943 2488 2031 2528 mo
2062 2488 2167 2528 nou
2197 2472 2356 2528 debet
2390 2472 2595 2528 efferri.
2646 2469 2782 2524 Nam
2810 2469 2855 2524 si
2905 2483 3009 2523 nos
3071 2472 3213 2523 inter
3266 2468 3515 2522 homines

1943 2565 2125 2620 nullus
2153 2579 2391 2633 unquam
2419 2571 2714 2631 propterea
2756 2561 3039 2631 magniﬁce
3069 2561 3145 2614 de-
3167 2575 3227 2615 se
3263 2557 3517 2619 senserit,

1941 2659 2086 2726 quod
2114 2658 2256 2711 alius
2289 2657 2505 2726 egregie
2531 2670 2590 2712 se
2615 2655 2789 2724 gessit
2840 2655 2971 2725 (quo
3013 2656 3155 2707 enim
3186 2653 3306 2722 jure
3332 2653 3355 2705 Ἰ
3394 2652 3516 2706 nul-

1939 2746 1994 2802 lo
2024 2749 2236 2814 certe);
2267 2748 2489 2817 quinam
2523 2748 2689 2802 luerit
2738 2761 2952 2817 equum
2981 2745 3230 2801 sublimia
3286 2760 3388 2798 nos
3447 2746 3518 2798 de

1942 2840 2215 2896 nobismet
2239 2840 2468 2902 sentire,
2498 2855 2622 2895 eum
2680 2838 2825 2894 Deus
2870 2854 2967 2909 per
3031 2853 3132 2893 nos
3180 2838 3314 2891 utile
3363 2838 3517 2891 nobis

1941 2949 2076 3002 opus
2099 2934 2307 2988 edicit?
2362 2931 2468 2988 Sed
2495 2933 2641 2987 dicet
2708 2932 2940 2986 fortasse
2995 2931 3291 3002 quispiam,
3351 2940 3513 3000 rapto

1942 3026 2038 3082 illo
2076 3028 2480 3086 ver’bonostro.
2525 3024 2629 3081 Per
2692 3040 2829 3091 nos;
2879 3025 2983 3078 hoc
3042 3026 3221 3092 ipsum
3284 3023 3515 3088 scilicet,

260 3122 565 3188 εὐδοκίας.
601 3121 730 3185 Καὶ,
775 3121 877 3174 Ἐν
906 3105 1186 3185 αὐτῷ’καὶ
1224 3116 1430 3186 ζῶμεν,
1484 3115 1585 3170 καὶ
1632 3118 1831 3169 κινού-

1943 3120 2108 3175 etiam
2146 3129 2388 3173 nostrum
2420 3119 2627 3189 aliquid
2664 3134 2850 3173 secum
2881 3119 3113 3174 inferre.
3181 3118 3328 3174 Sane
3388 3132 3519 3172 Vero

254 3216 435 3283 μεθα,
484 3212 579 3266 καὶ
604 3212 816 3281 ἐσμέν.
847 3212 952 3264 Καὶ
985 3211 1119 3271 ὅλως
1152 3209 1210 3263 αἶ
1240 3227 1296 3262 τε
1318 3208 1511 3277 ψυχαὶ,
1539 3206 1607 3259 τά
1644 3222 1702 3258 τε
1735 3206 1837 3259 σώ-

264 3323 431 3373 ματα,
463 3308 554 3357 καὶ
583 3304 640 3357 αῖ
678 3304 820 3357 κατὰ.
854 3302 986 3356 Θεὸν
1014 3302 1258 3372 πράξεις,
1281 3302 1376 3355 καὶ
1406 3301 1542 3369 ὅπερ
1579 3299 1645 3352 ἂν
1678 3297 1839 3368 μετέ-

262 3414 355 3467 χον
378 3395 464 3467 εἴη
488 3395 726 3467 χρηστοῦ
760 3412 923 3462 τινος,
973 3395 1271 3465 οὐδαμόθεν
1308 3394 1569 3462 ἀτεχνῶς,
1613 3393 1646 3462 ἢ
1690 3392 1839 3463 παρὰ

257 3487 398 3540 Θεοῦ
439 3489 552 3549 τοῖς
585 3486 920 3556 ἀνθρώποις.
964 3486 1129 3540 Ὥστε
1162 3486 1259 3540 καὶ
1319 3486 1381 3537 τὸ
1415 3484 1840 3553 συνεισφερόμε-

257 3598 373 3646 νον,
414 3576 668 3633 καὶάὖτδ
692 3578 753 3630 τὸ
786 3580 1216 3646 συνεισενεγκεῖν
1249 3578 1671 3647 προθυμεῖσθαι,
1721 3574 1840 3627 θεό-

255 3673 352 3725 θεν
381 3672 537 3741 ἡμῖν,
569 3672 679 3725 Καὶ
706 3671 786 3723 δεῖ
834 3687 897 3739 γε
949 3670 1088 3741 ὑπὲρ
1148 3670 1354 3722 τούτων
1404 3669 1601 3722 εἰδέναι
1655 3668 1836 3737 χάριν,

248 3766 384 3836 οὐχὶ
410 3764 827 3835 ὑψηλοφρονλν.
861 3765 970 3817 Καὶ
993 3764 1045 3818 τί
1085 3762 1257 3817 ταῦτα
1312 3763 1486 3831 λέγω;
1536 3763 1672 3815 ὅπου
1739 3761 1830 3814 καὶ

250 3857 353 3911 ⁴ιιοῦ
389 3858 478 3909 διὰ
502 3855 802 3926 μαρτυρίου
831 3856 1066 3910 θανάτου
1092 3855 1187 3909 τὸν
1209 3854 1343 3907 Θεὸν
1367 3855 1638 3908 αἰτιατέον
1696 3854 1837 3916 ἐστὶ,

252 3947 354 4001 καὶ
391 3945 489 4016 τὴν
517 3945 804 4016 μεγίστην,
830 3945 980 4015 αὐτῷ
1006 3945 1100 3999 καὶ
1118 3940 1260 4014 ῦτέὲρ
1293 3942 1486 3997 τούτου
1512 3942 1674 4012 χάριν
1699 3940 1839 3995 εἰδέ-

252 4054 350 4091 ναι
385 4036 697 4107 ὀφείλομεν,
731 4037 784 4091 ετ
805 4054 892 4099 τις
921 4037 1164 4106 ἀκριϐῶς
1218 4037 1538 4106 σκοπήσειε,
1586 4036 1680 4089 καὶ
1737 4036 1839 4087 οῦκ

250 4132 476 4202 οἰητέον
502 4132 691 4185 τούτου
715 4131 877 4200 χάριν
902 4131 1064 4183 αὑτὸν
1092 4130 1371 4200 ὀφειλέτην
1413 4130 1544 4199 ἡμῖν
1574 4128 1837 4181 καθιστά-

254 4242 376 4278 ναι.
406 4222 490 4277 Τὰ
515 4223 623 4293 γὰρ
656 4224 832 4277 πάντα
871 4223 936 4274 ὲκ
967 4222 1127 4286 Θεοῦ,
1158 4220 1341 4283 καθὼς
1367 4221 1416 4274 οἱ
1450 4219 1685 4290 πρόσθεν
1708 4219 1839 4289 ἡμῖν

258 4318 456 4384 σαφῶς
489 4315 775 4380 ἀπέδειξαν
806 4316 977 4383 λόγοι.
1009 4315 1071 4367 Εἰ
1102 4315 1209 4384 γὰρ
1242 4314 1320 4385 τῷ
1346 4315 1538 4385 ῥήτορι
1575 4312 1725 4368 δοκεῖ
1761 4307 1841 4366 εἷ-

258 4428 350 4462 ναι
375 4408 481 4462 τῶν
506 4407 717 4475 φύντων
744 4408 917 4461 αἴτιον
945 4406 1039 4459 τὸν
1085 4406 1436 4476 παρασχόντα
1489 4405 1554 4459 τὸ
1589 4406 1834 4480 σπέρμα,

1943 3212 2015 3266 ita
2040 3220 2145 3276 est,
2177 3226 2208 3265 ο
2242 3212 2401 3267 boue.
2467 3210 2573 3265 Sed
2634 3211 2709 3265 nil
2744 3211 2920 3275 habes,
2986 3210 3161 3281 inquit
3205 3212 3516 3281 Apostolus,

1939 3306 2079 3375 quod
2118 3320 2221 3358 non
2283 3303 2660 3373 accepisti.Ex
2700 3303 2803 3357 Deo
2825 3320 3049 3375 namque
3103 3305 3303 3358 omnia.
3376 3290 3513 3357 Deus

1939 3406 2038 3453 est.
2063 3397 2152 3464 qui
2181 3396 2330 3465 dficit
2355 3396 2408 3448 iu
2440 3397 2612 3461 nobis,
2639 3406 2689 3449 et
2718 3404 2776 3449 ut
2808 3396 3046 3458 velimus,
3103 3407 3149 3449 at
3181 3405 3239 3449 ut
3279 3395 3521 3465 perﬁciu-

1942 3505 2079 3555 mus,
2116 3505 2210 3557 pro
2238 3504 2336 3542 sua
2367 3490 2420 3541 iu
2463 3504 2556 3541 nos
2585 3490 2952 3557 propensione.
2990 3488 3123 3543 Item
3160 3503 3175 3542 ι
3213 3487 3279 3541 In
3322 3491 3435 3556 ipso
3472 3495 3521 3540 ct

1942 3583 2182 3646 vivimus,
2242 3590 2291 3635 et
2328 3595 2613 3641 movemur,
2645 3588 2695 3633 et
2723 3595 2929 3633 sunttts.
2978 3578 3059 3633 Ad
3096 3592 3364 3632 summam
3388 3617 3405 3642 ,
3467 3586 3524 3630 ct

1941 3676 2180 3737 animos,
2217 3683 2270 3728 et
2297 3687 2550 3740 corpora,
2584 3679 2638 3727 et
2654 3671 2900 3725 actiones
2916 3671 3025 3725 Dco
3054 3679 3256 3737 gratas,
3285 3680 3334 3724 et
3356 3668 3521 3737 quid—

1941 3765 2074 3835 quid
2112 3766 2237 3820 boni
2258 3765 2532 3832 particeps
2561 3771 2666 3825 est,
2700 3776 2966 3830 nusquam
3002 3761 3222 3816 aliunde
3255 3761 3518 3815 mortales

1940 3858 2147 3913 habent
2206 3871 2367 3925 quam
2398 3871 2427 3908 ο
2464 3855 2593 3907 Deo.
2633 3853 2981 3923 Quapropter
3027 3862 3083 3906 et
3112 3853 3259 3919 quod
3308 3867 3340 3905 a
3366 3852 3524 3907 nobis

1942 3951 2249 4014 confertur,
2283 3958 2339 4002 et
2375 3949 2489 4017 ipsa
2521 3945 2796 4014 cupiditas
2841 3945 3189 4011 conferendi,
3260 3945 3523 4000 divinitus

1943 4044 2101 4099 nobis
2131 4042 2471 4097 conceditur.
2506 4039 2753 4104 Quorum
2804 4053 2940 4093 sane
2975 4053 3139 4093 causa
3169 4046 3297 4094 sunt
3320 4039 3525 4094 haben-

1943 4137 2024 4190 da:
2057 4134 2266 4204 gratim,
2306 4147 2412 4186 non
2449 4130 2902 4199 superbiendum.
2940 4130 3169 4201 Et‘quid
3199 4132 3312 4185 hrec
3344 4131 3525 4199 profe-

1945 4242 2005 4282 ro
2053 4228 2074 4279 ?
2100 4224 2316 4295 quando
2336 4223 2501 4276 etiam
2530 4222 2720 4276 mortis
2743 4222 2907 4276 obita:
2937 4222 2991 4275 in
3030 4221 3294 4293 martyrio
3354 4236 3522 4277 causa

1943 4320 2138 4377 referri
2163 4317 2229 4372 ad
2268 4318 2431 4371 Deum
2490 4315 2679 4379 debet,
2730 4315 3092 4384 maximasque
3144 4314 3220 4368 illi
3262 4313 3526 4370 habendae

1946 4420 2238 4484 propterea
2279 4409 2492 4479 gratiae,
2515 4408 2560 4462 si
2589 4407 2712 4476 quis
2750 4418 3007 4462 accurate
3028 4423 3142 4463 rem
3178 4408 3523 4474 consideret;

259 4506 358 4558 καὶ
386 4506 414 4557 ὁ
440 4503 597 4569 λόγος
630 4496 722 4571 ἦν,
748 4501 807 4553 οὐ
838 4499 965 4569 περὶ
989 4499 1147 4565 Θεοῦ,
1171 4500 1306 4553 ἀλλὰ
1333 4501 1465 4570 περὶ
1491 4499 1796 4569 ἀνθρώπων
1822 4514 1838 4530 ·

1948 4482 2052 4559 nec
2078 4504 2283 4559 idcirco
2320 4499 2645 4570 putandum,
2678 4507 2871 4554 nostro
2897 4499 2950 4552 in
2985 4513 3093 4554 aere
3149 4497 3317 4553 Deum
3377 4515 3520 4555 esse.

260 4599 384 4658 πῶς
405 4596 526 4665 οὐχὶ
561 4593 669 4647 τῶν
702 4596 759 4647 ὲν
780 4595 914 4663 ἡμῖν
936 4592 1159 4660 ἀγαθῶν
1182 4594 1399 4648 πάντων
1452 4591 1545 4647 τὸν
1575 4590 1712 4645 Θεὸν
1757 4591 1839 4645 αἱ·

259 4687 520 4748 τιατέονς
562 4686 692 4738 ὅντα
727 4684 828 4755 μὲν
851 4682 1205 4752 δημιουργὸν,
1266 4684 1395 4736 ὄντα
1451 4682 1510 4736 δὲ
1544 4681 1838 4752 κηδεμόνα,

262 4780 359 4834 καὶ
397 4777 625 4848 ταμίαν,
652 4777 747 4830 καὶ
773 4774 976 4844 δοτῆρα
1009 4775 1221 4827 πάντων
1255 4773 1380 4842 ἑξῆς
1417 4772 1523 4827 τῶν
1558 4775 1638 4836 εἰς
1692 4773 1841 4843 ἡμᾶς

263 4871 355 4925 ἀεὶ
382 4867 787 4938 γινομένωνΜῦ
825 4868 932 4937 μὴν
961 4865 1075 4918 ἀλλ’
1116 4866 1174 4918 ἓν
1199 4882 1259 4933 γε
1290 4865 1370 4918 ἔτι
1411 4864 1658 4918 λείπεται
1690 4865 1845 4933 βέλος

261 4962 379 5023 τοῖς
427 4958 809 5029 ὑπερηφανίαν
862 4956 1075 5010 νοσοῦσι
1107 4972 1121 4985 '
1170 4958 1263 5011 καὶ
1309 4956 1465 5009 τοῦτό
1498 4974 1560 5023 γε
1610 4955 1843 5009 ὕστατον

268 5054 370 5122 μὲν
410 5051 735 5120 (κεκένωται
758 5051 866 5121 γὰρ
896 5050 1077 5111 αὐτοῖς
1109 5048 1143 5118 η
1174 5048 1443 5118 φαρέτρα)
1473 5042 1585 5101 οἷον
1615 5047 1672 5099 δὲ
1701 5063 1845 5117 παρ-

267 5140 416 5209 έχειν
464 5137 726 5204 ἐλπίζειν,
760 5138 835 5201 ὡς
869 5138 978 5208 ἄρα
1034 5136 1295 5207 τρώσειεν
1351 5139 1573 5207 ἁφεθέν.
1630 5138 1842 5191 υῦκοῦν

266 5233 369 5285 κᾶν
421 5231 578 5284 τοῦτο
637 5233 748 5293 τοῖς
795 5230 1154 5300 προλαϐοῦσιν
1224 5229 1630 5299 ἀκολουθῆσαν,
1679 5232 1843 5303 μηδὲν

271 5322 500 5394 ἰσχῦσαν
547 5324 714 5391 ιρανῇ,
763 5319 879 5375 ἀλλ’
927 5322 1210 5392 ἄπρακτον
1252 5321 1503 5392 ἐξενεχθῇ
1554 5326 1667 5386 τοῖς
1721 5323 1844 5377 καθ’

268 5414 427 5483 ἡμῶν
486 5414 744 5480 ἀῃιεῖσιν,
782 5411 869 5482 εῖη
914 5412 980 5466 ἂν
1018 5413 1047 5465 ὀ
1103 5413 1259 5480 λόγος
1308 5409 1463 5475 οὗτος
1496 5415 1677 5480 καλῶς
1708 5417 1845 5484 ἡμῖν

269 5520 522 5572 συμπεπε
535 5505 824 5573 ρασμένος.
861 5505 971 5556 Καὶ
1000 5503 1065 5573 δὴ
1090 5504 1151 5556 τὸ
1176 5502 1327 5573 βέλος
1374 5506 1625 5568 ἐκείνοις,
1653 5505 1714 5559 τὸ
1742 5505 1845 5571 φά-

267 5611 419 5648 σκειν
461 5588 619 5664 οἶμαι
670 5595 867 5659 τοιάδε,
910 5594 989 5647 ὅτι
1042 5597 1109 5647 τὰ
1162 5598 1259 5664 μὲν
1309 5595 1617 5665 ἀνθρώποις
1669 5597 1845 5667 ἐξειρ-

266 5687 537 5755 γασμένα,
573 5688 620 5740 si
684 5685 784 5755 μὲν
832 5686 1103 5757 παραθείη
1162 5704 1245 5751 τις
1293 5688 1411 5750 ταῖς
1456 5688 1562 5741 ἀπὸ
1589 5688 1682 5741 τοῦ
1708 5690 1844 5743 Θεοῦ

267 5775 507 5851 χάριτιν,
546 5776 695 5830 οὐδὲν
749 5774 876 5831 ὄντα
914 5776 1155 5847 εῦρήτει.
1193 5775 1394 5839 Ἄλλως
1441 5775 1572 5846 γὰρ,
1622 5776 1721 5831 οὐκ
1778 5778 1844 5833 ειν

1947 4595 2083 4651 Nam
2115 4611 2147 4652 ρ.
2190 4596 2301 4649 Deo
2330 4592 2754 4663 proﬁciscuntur
2804 4591 3014 4655 omnia,
3059 4591 3519 4659 quemadmodum

1951 4689 2182 4743 antehac
2209 4687 2354 4740 clare
2376 4685 2749 4754 probavimus.
2777 4682 2989 4752 Quippe
3009 4685 3055 4736 si
3082 4681 3287 4735 oratori
3310 4685 3526 4739 videtur

1949 4794 2161 4843 eorum,
2197 4794 2313 4847 qurc
2338 4787 2466 4831 nata
2493 4776 2623 4835 sint,
2655 4774 2722 4829 ad
2777 4775 2926 4828 illum
2992 4776 3279 4828 referenda
3333 4790 3521 4842 causa,

1949 4871 2042 4939 qui
2075 4885 2258 4925 semen
2290 4869 2673 4937 suppeditarit,
2706 4866 2798 4939 ubi
2855 4866 3072 4935 quidem
3108 4880 3217 4919 non
3277 4867 3344 4921 de
3394 4869 3525 4935 Deo,

1950 4964 2044 5017 sed
2080 4961 2393 5016 hominibus
2424 4961 2661 5028 loquitur
2694 4978 2707 5012 :
2742 4974 2852 5027 quo
2907 4969 3069 5027 pacto
3125 4973 3230 5010 non
3275 4960 3523 5013 omnium

1952 5053 2295 5107 bonorumin
2330 5052 2488 5105 nobis
2514 5051 2657 5104 Deus
2686 5060 2882 5103 auctor
2943 5047 3277 5101 habendus?
3328 5050 3419 5117 qui
3474 5059 3528 5103 et

1948 5144 2131 5215 opifex
2181 5155 2369 5198 noSter
2406 5155 2519 5205 est,
2576 5152 2630 5195 et
2694 5156 2881 5193 curam
2937 5142 3107 5194 nostri
3176 5142 3341 5209 gerit,
3400 5157 3531 5211 δορα

1952 5237 2159 5305 peditat
2184 5244 2346 5303 atque
2378 5234 2610 5299 largitur
2636 5233 2843 5293 omnia,
2881 5247 3221 5302 quaacunque
3250 5244 3523 5302 perpetuo

1953 5327 2112 5382 nobis
2151 5323 2809 5380 obvettiuttt.1l£nimvero
2833 5324 2996 5377 telum
3033 5326 3210 5379 adhuc
3242 5341 3406 5380 unum
3441 5343 3529 5380 re-

1952 5424 2063 5471 stat
2127 5416 2396 5484 superbia:
2474 5416 2667 5469 morbo
2727 5414 3130 5479 laborantibus,
3202 5423 3259 5469 et
3317 5426 3531 5484 postre-

1952 5522 2103 5564 mum
2126 5508 2183 5561 id
2216 5506 2436 5575 quidem
2473 5507 2622 5575 (nam
2657 5506 2923 5560 exhausta
2962 5506 3205 5573 ipsorum
3250 5514 3331 5560 est
3395 5507 3533 5582 plia-

1955 5598 2149 5665 retra),
2185 5601 2330 5667 quod
2357 5606 2538 5653 tamen
2574 5612 2725 5667 spem
2763 5597 3011 5667 aliquam
3051 5599 3311 5666 pra-beat,
3371 5599 3529 5665 quasi

1952 5693 2150 5747 Vulnus
2173 5690 2247 5745 sit
2277 5692 2631 5765 iulliclurum,
2666 5688 2710 5745 si
2736 5692 3046 5749 emittatur.
3079 5689 3268 5759 Itaque
3320 5690 3365 5743 si
3427 5690 3527 5745 hoc

1954 5782 2117 5838 etiam
2150 5791 2399 5841 secutum
2422 5781 2811 5853 praecedentia,
2873 5781 3047 5837 nullas
3088 5780 3343 5836 habuisse
3395 5782 3535 5836 vires
