3990 6630
472 395 586 463 551

1675 390 2077 453 MANUELIS
2115 388 2571 450 PALIEOLOGI

3613 389 3736 455 552

479 508 745 582 paruerit,
764 507 857 563 sed
893 505 1108 560 irritum
1141 504 1402 561 ceciderit
1432 505 1517 572 iis,
1548 519 1576 559 a
1612 506 1808 575 quibus
1847 504 1900 559 in
1944 517 2045 558 nos

2157 497 2304 573 ἦσαν,
2336 502 2364 555 ὅ
2393 519 2457 570 γι
2503 500 2817 566 καλοῦνται,
2848 499 3090 571 χάριτες.
3119 497 3182 554 Εί
3211 499 3266 553 δὲ
3293 499 3359 570 δὴ
3409 499 3562 570 τάμὰ
3585 501 3736 569 πρὸς

481 608 770 671 torquetur
797 616 812 652 :
840 605 987 653 recte
1019 596 1424 652 scilicetoratio
1454 604 1644 651 nostra
1684 596 1943 666 perducta
1975 596 2042 650 ad

482 690 641 744 tinem
669 688 795 744 erit.
830 686 1019 740 Telum
1080 697 1260 740 autem
1296 688 1397 740 hoc
1450 685 1694 754 ipsorum
1739 693 1844 749 est,
1899 683 2044 753 quod

483 781 694 845 dicunt,
738 778 782 832 si
824 777 948 844 quis
994 776 1061 830 ab
1107 775 1417 830 hominibus
1471 776 1613 830 facta
1669 789 1792 830 cum
1847 773 2045 829 divinis

481 872 672 942 gratiis
699 868 949 923 conferat
981 885 1022 942 ;_
1052 869 1539 937 deprehensuru’m,
1588 883 1652 922 ea
1715 865 1853 921 nihil
1903 878 2041 920 esse.

483 963 614 1017 Nam
662 962 998 1030 caeteroquin
1050 975 1153 1014 non
1204 969 1410 1022 essent,
1471 959 1612 1028 quod
1679 957 2043 1028 appellantur,

481 1060 669 1129 gratim
688 1057 918 1112 scilicet.
945 1057 1014 1108 At
1037 1055 1082 1108 si
1115 1069 1230 1109 mea
1255 1070 1376 1108 cum
1409 1052 1653 1117 alterius,
1709 1061 1764 1106 et
1816 1065 1939 1121 quae
1987 1049 2047 1104 il-

482 1151 583 1203 lius
617 1158 767 1210 sunt,
796 1164 917 1202 cum
954 1147 1059 1201 tuis
1084 1187 1100 1213 ,
1140 1147 1386 1214 adeoque
1424 1157 1611 1199 nostra
1649 1145 1786 1199 inter
1815 1159 1874 1198 se
1901 1157 2048 1198 com-

481 1250 666 1309 parata
701 1239 903 1293 fuerint
948 1253 1272 1306 :magnum,
1330 1235 1607 1304 inquiunt,
1657 1235 1950 1290 discrimen
1989 1235 2045 1289 in

483 1333 568 1386 his
609 1333 1027 1400 perspiciemus.
1061 1331 1314 1395 Qumdam
1369 1330 1537 1391 enim,
1586 1329 1652 1382 ad
1692 1329 2042 1396 gehennam;

483 1426 558 1478 uti
607 1440 726 1492 qua:
764 1424 898 1476 bona
929 1432 1076 1486 sunt,
1129 1422 1194 1474 ad
1229 1435 1349 1474 eum
1382 1419 1660 1474 deducunt
1717 1419 1892 1474 locum
1929 1436 1944 1484 ;
1990 1420 2043 1472 in

480 1531 590 1584 quo
623 1515 806 1568 laetitia
843 1515 965 1569 linis
1001 1527 1198 1581 expers
1246 1521 1350 1576 est,
1407 1520 1460 1565 et
1511 1513 1653 1566 circa
1704 1511 2043 1565 Salvatorem

479 1607 679 1667 chorus
713 1603 802 1657 ille
831 1590 1132 1657 beatorum.
1159 1601 1350 1670 Itaque
1394 1601 1509 1655 ﬁeri
1563 1602 1774 1668 nequit,
1809 1611 1867 1654 ut
1899 1599 2049 1668 quid-

479 1709 700 1766 cunque
753 1696 966 1750 tandem
991 1694 1198 1760 fecero,
1227 1694 1362 1746 nihil
1393 1709 1458 1748 ex
1488 1707 1554 1748 eo
1581 1693 1714 1746 mihi
1740 1693 2043 1762 contingat.

482 1789 692 1859 Quippe
727 1789 772 1844 si
811 1788 1008 1841 malum
1034 1801 1318 1857 peregero,
1356 1786 1559 1840 vultum
1592 1785 1658 1838 ad
1721 1795 1918 1840 terram
1951 1787 2046 1839 de-

2145 594 2214 646 τά
2251 593 2446 656 δεῖνος,
2483 595 2579 646 καὶ
2605 593 2853 646 τάκείνου
2904 592 3039 661 πρὸς
3080 593 3148 645 τὰ
3178 593 3266 657 σὰ,
3321 593 3417 646 καὶ
3459 591 3600 654 ὅλως
3651 593 3738 646 τὰ

2146 685 2396 754 ἡμέτερα
2431 685 2568 755 πρὸς
2596 686 2800 754 ἄλληλα
2835 684 3178 754 συγκριθείη,
3200 683 3332 737 πολύ
3362 701 3414 737 τι
3443 685 3505 736 τὸ
3533 683 3738 752 διάφοο

2149 792 2238 846 ρον
2277 778 2334 828 ἰν
2357 777 2592 829 τουτοισὶ
2627 777 2999 848 θεωρήσομεν.
3041 776 3195 829 Ἐπεὶ
3233 776 3301 829 τὰ
3331 776 3430 845 μὲν
3455 777 3538 837 είς
3563 779 3738 839 γέεν-

2146 883 2263 930 ναν,
2295 867 2361 920 τὰ
2397 867 2454 919 δὲ
2475 869 2810 938 χρηστότερα
2867 868 3003 937 πρὸς
3057 867 3220 919 αὐτὸν
3259 866 3577 929 ἀνασιὸάζει
3627 868 3736 919 τὸν

2145 956 2346 1026 χῶρον,
2373 958 2432 1010 ἐν
2457 952 2500 1025 ᾧ
2533 958 2823 1030 φαιδρότης
2853 959 3000 1010 ἐστὶν
3023 957 3274 1026 ἄληκτος,
3303 959 3395 1010 καὶ
3431 957 3736 1025 μακαρίων

2146 1050 2308 1120 χορὸς
2330 1052 2457 1119 περὶ
2481 1050 2573 1104 τὸν
2606 1050 2852 1120 Σωτῆρα.
2909 1049 2983 1104 Ού
3017 1051 3193 1102 τοίνυν
3221 1049 3328 1103 τῶν
3357 1049 3735 1118 ἐνδεχομένων

2147 1142 2314 1206 ἐστὶν,
2354 1143 2530 1195 ὁτιοῦν
2566 1160 2632 1210 με
2667 1143 3057 1212 ἐργασάμενον,
3112 1140 3232 1211 μηδ’
3281 1140 3459 1194 ὁτιοῦν
3487 1157 3555 1210 τε
3587 1143 3736 1211 πρὸς

2147 1234 2359 1286 ἐκείνου
2391 1234 2602 1288 παθεῖν.
2647 1235 2707 1288 El
2733 1235 2841 1304 γὰρ
2865 1235 3052 1295 κακὸν,
3095 1233 3254 1302 κύψω
3301 1234 3435 1304 πρδς
3476 1235 3620 1302 τῆνο
3676 1237 3736 1287 εἰ

2146 1325 2202 1379 δὲ
2225 1327 2410 1390 καλὸν,
2443 1326 2830 1397 ὑψωθήσομαι.
2848 1326 3068 1396 Ἐπειδὴ
3113 1328 3222 1395 γὰρ
3247 1327 3443 1386 πάντες
3467 1326 3636 1394 ἐσμὲν
3666 1327 3736 1391 ἐξ

2147 1420 2265 1482 ἐνὸς
2296 1420 2637 1489 φυράματος,
2679 1419 2820 1490 χειρὶ
2851 1421 2950 1488 μιᾷ
2983 1422 3047 1489 τῇ
3077 1417 3171 1470 τοῦ
3217 1417 3352 1469 Θεοῦ
3413 1417 3738 1486 πεπλασμέ-

2147 1527 2226 1564 νοι
2261 1511 2392 1580 πρὸς
2416 1511 2474 1563 ’ἐν
2499 1528 2552 1562 τι
2580 1509 2720 1573 εἶδος
2747 1526 2763 1542 ο
2819 1508 2920 1564 εἷθ’
2969 1512 3016 1563 oi
3070 1511 3166 1578 μὲν
3220 1509 3429 1563 ἐοίκασι
3477 1512 3732 1574 πτηνοῖς,

2147 1603 2242 1657 καὶ
2295 1603 2566 1656 πολιτείαν
2621 1603 2918 1673 ἀγγελικὴν
2965 1603 3388 1668 ἐπιδείκνυνται,
3416 1605 3464 1656 οἱ
3492 1603 3548 1656 δὲ
3584 1604 3734 1671 μετὰ

2146 1694 2254 1747 τῶν
2271 1695 2448 1763 δφεων
2473 1695 2725 1765 ἓρπσυσι,
2777 1697 2872 1751 καὶ
2908 1696 3387 1764 ύπερακοντίζουσι
3411 1697 3511 1766 τὴν
3539 1698 3730 1750 αὐτῶν

2149 1787 2285 1854 πρὸς
2322 1788 2446 1850 τοὺς
2479 1777 2799 1857 ἀνθρώτῖους
2825 1789 3022 1858 μανίαν
3061 1805 3077 1821 ο
3127 1789 3254 1841 ὅταν
3311 1789 3481 1841 ταῦτα
3531 1788 3730 1841 τοῦτον

483 1883 691 1936 tnittam
725 1897 739 1933 :
773 1881 854 1935 sin
891 1879 1014 1934 boni
1055 1879 1358 1948 quidpiam,
1407 1878 1590 1930 animo
1620 1877 1839 1935 eﬂ'erat‘.
1891 1875 2040 1942 Quo-

2157 1877 2240 1949 ἔχῃ
2261 1878 2352 1932 τὸν
2388 1881 2608 1951 τρᾶπον,
2643 1881 2736 1934 καὶ
2763 1880 2814 1932 οἱ
2859 1880 2957 1949 μὲν
2986 1873 3088 1933 ὦσι
3121 1884 3302 1942 κακοὶ,
3324 1881 3376 1933 οί
3405 1879 3462 1932 δὲ
3491 1882 3592 1948 τὴν
3640 1883 3728 1934 ἐν·

483 1976 625 2030 niam
651 1973 792 2027 enim
817 1987 882 2026 ex
910 1988 1013 2026 una
1063 1987 1237 2026 massa
1297 1985 1484 2025 sumus
1535 1985 1744 2036 omnes,
1796 1985 1899 2024 una
1953 1968 2044 2024 Dei

479 2082 646 2121 manu
687 2066 752 2119 ad
786 2081 946 2118 unam
982 2065 1222 2131 speciem
1256 2062 1514 2129 formati;
1545 2062 1748 2118 deinde
1769 2079 1899 2118 vero
1951 2078 2048 2117 vo-

485 2157 728 2210 lucribus
763 2155 933 2224 aliqui
969 2154 1195 2218 similes,
1236 2153 1538 2224 angelicam
1570 2157 1735 2208 vitam
1759 2155 2044 2218 exhibent,

483 2249 609 2303 aliis
642 2251 781 2302 inter
807 2264 1020 2317 angues
1057 2248 1205 2301 humi
1253 2248 1588 2316 repentibus,
1610 2262 1911 2317 eorumque
1961 2247 2046 2302 fn—

485 2356 660 2396 rorem
687 2341 946 2395 adversus
997 2341 1250 2395 homines
1284 2341 1666 2410 superantibus
1703 2359 1718 2396 :
1769 2341 1882 2394 htcc
1917 2355 2048 2410 ergo

481 2445 605 2486 cum
633 2431 685 2484 in
713 2432 857 2483 hunc
891 2439 1199 2499 comparata
1235 2431 1340 2484 sint
1395 2430 1636 2496 modum,
1666 2441 1719 2485 et
1740 2431 1792 2485 hi
1827 2431 2044 2500 quidem

483 2523 592 2576 sint
621 2522 770 2585 mali,
796 2521 1075 2576 diversum
1124 2522 1247 2576 aliis
1294 2522 1396 2576 iter
1429 2523 1783 2586 sectantibus,
1823 2524 2044 2593 quinam

483 2627 910 2671 consentaneum
938 2626 1045 2680 est,
1101 2617 1251 2686 paria
1279 2618 1346 2670 de
1381 2632 1438 2672 se
1477 2619 1704 2681 sentire,
1733 2632 1838 2671 non
1893 2616 2046 2684 paria

485 2707 788 2761 facientes?
817 2707 1057 2771 Quorum
1094 2707 1239 2761 enim
1291 2708 1507 2763 diversa
1557 2709 1668 2763 vita
1706 2717 1813 2774 est,
1854 2722 2043 2762 eorum

485 2814 584 2852 nec
611 2800 776 2852 animi
805 2809 932 2852 sunt
955 2799 1145 2854 eodem
1177 2797 1356 2854 aﬂ‘ecti
1392 2802 1578 2854 modo.
1617 2799 1957 2868 Quapropter
1994 2807 2049 2853 et.

483 2892 577 2960 qui
602 2891 749 2944 vitiis
777 2891 1011 2954 inhiant,
1044 2900 1100 2944 et
1121 2891 1210 2958 qui
1243 2897 1432 2944 amant
1456 2889 1622 2956 bona,
1646 2891 1857 2960 seipsos
1882 2904 2048 2958 agno-

484 2993 659 3047 scent,
695 2983 771 3036 illi
811 2983 1032 3052 quidem
1063 2981 1197 3043 viris
1237 2981 1394 3037 bonis
1442 2982 1750 3044 inferiores,
1805 2982 1859 3036 hi
1914 2997 2047 3038 vero

488 3072 643 3126 malis
671 3087 729 3126 se
753 3072 1028 3134 meliores,
1055 3073 1214 3139 idque
1254 3071 1322 3125 de
1359 3072 1516 3125 iactis
1539 3071 1687 3139 ipsis.
1733 3071 1844 3127 Hoc
1867 3080 2044 3126 autem

488 3161 620 3215 nihil
668 3170 750 3215 est
781 3161 946 3224 aliud,
1003 3175 1160 3228 quam
1211 3160 1328 3215 illos
1396 3162 1595 3215 animis
1657 3161 1901 3229 deiectis,
1946 3161 2046 3216 hos

488 3254 644 3306 elatis
671 3267 814 3308 esse.
847 3253 982 3306 Nam
1013 3252 1281 3319 quomodo
1304 3267 1390 3306 res
1411 3254 1569 3306 aliter
1619 3252 1820 3306 habere
1854 3267 1911 3308 se
1925 3267 2051 3321 pos~

487 3345 604 3399 sit?
629 3345 742 3412 Ego
777 3360 908 3398 vero
936 3345 1046 3396 haec
1069 3359 1187 3411 quae
1217 3344 1316 3398 abs
1350 3352 1400 3398 te
1457 3343 1826 3412 proferuntur,
1876 3359 2052 3416 oppu-

487 3444 688 3503 gnante
706 3448 880 3488 meam
905 3433 1232 3498 orationem,
1263 3447 1369 3486 non
1401 3432 1623 3488 omnino
1661 3432 1878 3501 quidem
1937 3435 2055 3488 nul-

488 3521 592 3578 lius
615 3537 736 3578 csse
772 3524 1027 3580 momenti
1060 3521 1292 3577 dixerim
1319 3563 1337 3586 ,
1363 3525 1455 3578 sed
1512 3525 1693 3578 omnia
1727 3540 1835 3579 non
1871 3526 2057 3582 admo—

489 3618 612 3670 dum
650 3616 715 3669 ad
739 3616 814 3680 id,
857 3615 1003 3686 quod
1035 3617 1320 3684 quaeritur,
1356 3618 1645 3686 quadrare.
1667 3617 1804 3673 Nam
1829 3633 2056 3689 magno-

487 3721 614 3774 pere
648 3707 806 3774 hujus
849 3707 988 3762 l‘acta
1014 3708 1235 3763 diﬂerre
1269 3723 1298 3762 a
1332 3708 1492 3764 iactis
1520 3709 1772 3774 aliorum,
1820 3717 1874 3765 et
1915 3710 2055 3764 bona

485 3797 794 3866 facientem,
850 3803 1049 3855 bonum
1090 3800 1227 3855 eﬂici
1256 3820 1270 3867 ;
1300 3800 1659 3871 similiterque
1711 3801 1938 3866 malum,
1966 3803 2056 3870 qui

489 3890 631 3946 mala
697 3892 908 3959 faciat;
957 3893 1129 3950 cuivis
1179 3900 1263 3948 est
1313 3893 1684 3964 perspicuum.
1719 3893 1894 3948 Etiam
1928 3893 2058 3948 illud

489 3999 674 4037 verum
718 3971 829 4047 est:
861 3984 996 4038 tales
1034 3997 1063 4036 a
1105 3983 1302 4052 seipsis
1371 3984 1590 4053 agnosci
1623 3999 1640 4050 ;
1679 3984 1932 4054 quodque
1962 3985 2062 4040 hos

488 4077 769 4144 gehennaj,
814 4075 934 4130 illos
990 4075 1271 4130 beatorum
1315 4075 1590 4129 hominum
1654 4077 1856 4132 chorus
1911 4079 2061 4132 exci-

489 4169 626 4236 piat.
657 4167 760 4220 Sed
793 4165 936 4234 qnod
999 4181 1064 4220 ex
1121 4165 1204 4219 his
1254 4167 1616 4232 concluditur,
1657 4167 1910 4232 nimirum
1961 4169 2062 4222 hoc

491 4262 667 4326 ipsum
701 4271 823 4312 esse
860 4257 942 4312 vel
969 4256 1150 4312 elferri
1199 4258 1494 4324 hominem,
1534 4259 1620 4312 vel
1673 4261 1853 4314 animo
1883 4259 2062 4328 dejici,

489 4350 633 4416 quod
687 4365 808 4403 sese
834 4348 916 4402 Vel
965 4348 1186 4415 bunum,
1221 4349 1300 4403 vel
1356 4349 1554 4402 malum
1620 4365 1743 4405 esse
1801 4351 1976 4417 norit;
2011 4353 2063 4405 id

490 4439 578 4491 aio
607 4454 711 4491 non
743 4440 1109 4494 necessarium
1142 4455 1282 4503 esse,
1321 4441 1448 4495 licet
1477 4441 1528 4494 in
1558 4439 1837 4509 aliquibus
1874 4444 2064 4512 depre-

2148 1973 2333 2026 αντίαν
2380 1974 2610 2036 ἐκείνοις
2673 1973 2934 2042 τρέχουσι,
3007 1972 3126 2036 πῶς
3181 1975 3328 2034 εἰκὸς
3359 1973 3446 2024 ῖσα
3506 1975 3722 2041 φρονεῖν

2147 2064 2272 2126 τοὺς
2305 2064 2403 2117 οὐκ
2434 2063 2524 2116 ῐσα
2547 2065 2920 2133 πράττονταςς
2952 2058 3055 2118 ’Ὧν
3077 2064 3183 2134 γὰρ
3216 2064 3243 2115 ὁ
3271 2063 3380 2133 βίος
3411 2062 3716 2130 διέστηκεν,

2147 2153 2256 2206 οὐδ’
2283 2155 2349 2206 ἂν
2387 2153 2443 2206 ai
2472 2151 2686 2223 γνῶμαι
2720 2153 3047 2206 συνέλθοιεν.
3082 2154 3246 2227 Ὥστε
3280 2154 3372 2206 καὶ
3403 2154 3452 2205 οἱ
3488 2153 3628 2223 πρὸς
3659 2153 3724 2205 τὰ

2148 2243 2295 2295 κακὰ
2319 2243 2630 2311 κεχηνότες,
2665 2243 2759 2296 καὶ
2783 2244 2829 2296 σί
2863 2241 2971 2295 τῶν
2995 2241 3173 2296 καλῶν
3195 2244 3440 2311 ἐρασταὶ,
3474 2244 3621 2310 σφᾶς
3666 2260 3726 2305 γε

2147 2333 2342 2396 αὐτοὺς
2375 2333 2784 2401 ἐπιγνώσονται,
2833 2335 2882 2386 οί
2927 2333 3030 2403 μὲν
3095 2335 3202 2386 τῶν
3241 2334 3459 2400 ἀγαθῶν
3519 2334 3731 2402 ἀνδρῶν

2147 2425 2382 2493 χείρους,
2414 2427 2461 2478 oi
2490 2425 2548 2477 δέ
2582 2441 2646 2492 γε
2673 2425 2958 2493 κρείττους
2990 2426 3211 2479 ἐκείνων
3235 2427 3413 2489 ὄντας,
3446 2428 3555 2479 ἀπὸ
3623 2426 3736 2477 τῶν

2148 2516 2350 2587 ἔργων.
2386 2517 2551 2569 Τουτὶ
2575 2517 2626 2570 δ’
2652 2518 2766 2570 ἐστὶ
2792 2517 2918 2580 τοὺς
2945 2518 3042 2587 μὲν
3076 2519 3481 2582 ταπεινοῦσθαι,
3509 2519 3638 2580 τοὺς
3686 2517 3734 2569 δ’

2148 2613 2420 2684 αίρεσθαι.
2441 2614 2565 2675 Πῶς
2596 2611 2706 2681 γὰρ
2739 2612 2914 2675 ἄλλως
2941 2630 2956 2679 ;
2993 2611 3138 2681 Ἐγὼ
3171 2613 3227 2666 δέ
3255 2611 3408 2666 ταῦθ’
3440 2612 3473 2664 ἂ
3505 2613 3566 2664 σὺ
3597 2612 3732 2682 φῂς,

2147 2707 2175 2758 ὁ
2201 2703 2612 2773 διαμαχόμενὸς
2662 2721 2766 2773 μου
2803 2703 2878 2772 τῷ
2919 2701 3086 2774 λόγῳ,
3128 2704 3330 2770 ἀγεννῆ
3382 2703 3734 2755 παντάπασιν

2145 2799 2247 2852 οὐκ
2284 2798 2350 2849 ἂι
2383 2797 2594 2865 εἴποιμι
2630 2809 2646 2825 ⁶
2677 2795 2750 2866 μὴ
2783 2794 2923 2847 πάνυ
2955 2794 3009 2847 δὲ
3062 2795 3307 2865 συνᾴδειν
3355 2795 3489 2864 πρὸς
3521 2793 3577 2845 τὸ
3635 2794 3734 2861 ζη-

2148 2889 2405 2956 τούμενον
2430 2886 2670 2940 ἅπαντα.
2710 2886 2834 2939 Ὅτι
2869 2885 2968 2954 μὲν
3008 2885 3115 2954 γὰρ
3145 2885 3390 2955 διαφέρει
3431 2883 3611 2953 πολλῷ
3651 2886 3736 2952 τῷ

2155 2979 2302 3048 μέσῳ
2339 2978 2406 3031 τὰ
2447 2975 2524 3046 τῷ
2557 2977 2689 3030 δεῖνι
2716 2976 3083 3046 πεπραγμένα
3116 2976 3250 3047 πρὸς
3287 2977 3354 3029 τὰ
3381 2981 3492 3039 τοῖς
3522 2977 3731 3042 ἄλλοις,

2151 3071 2246 3123 καὶ
2274 3069 2354 3121 ὅτι
2382 3069 2448 3121 τὰ
2476 3067 2668 3138 βελτίω
2699 3067 2866 3121 καλὸν
2901 3067 2991 3120 τόν
3027 3083 3092 3134 γε
3127 3067 3379 3120 ποιοῦντα
3409 3067 3730 3138 ἐργάζεται,

2153 3159 2246 3212 καὶ
2293 3159 2358 3212 αὖ
2415 3160 2616 3229 ὁμοίιος
2671 3157 2846 3211 κακὸν
2869 3158 2937 3212 τὰ
2985 3160 3173 3230 χείρω,
3212 3158 3375 3212 παντί
3409 3177 3512 3212 που
3541 3161 3734 3227 δῆλον.

2155 3252 2264 3304 Καὶ
2290 3251 2446 3305 τοῦτο
2466 3253 2520 3304 δὲ
2545 3252 2763 3322 ἀληθὲς,
2796 3253 2873 3316 ὡς
2904 3253 3326 3320 ἐπιγινώσκουσι
3358 3256 3498 3321 σφᾶς
3529 3253 3739 3317 αὐτοὺς

2154 3343 2200 3394 οἱ
2230 3342 2460 3396 τοιοῦτοι
2489 3359 2506 3378 ο
2564 3343 2660 3396 καὶ
2691 3343 2772 3396 ὅτι
2827 3345 2953 3406 τοὺς
3009 3344 3105 3412 μὲν
3136 3347 3170 3415 ἡ
3198 3345 3414 3412 γέεννα,
3449 3346 3578 3408 τοὺς
3619 3344 3669 3398 δ’
3704 3348 3737 3398 ό

2155 3435 2314 3504 χορὸς
2355 3434 2632 3504 ἐκδέχεται
2673 3434 2783 3487 τῶν
2844 3436 3132 3502 μακαρίων
3193 3437 3421 3504 ἀνδρῶν.
3459 3436 3534 3490 To
3565 3436 3626 3489 δὲ
3668 3439 3730 3490 ἐκ

2155 3525 2358 3579 τούτων
2395 3527 2790 3596 συμπέρασμα,
2823 3527 2901 3588 ὡς
2933 3524 3076 3578 τοῦτ’
3109 3526 3258 3593 ἐστὶν
3285 3526 3611 3595 ἐπαίρεσθαι
3637 3527 3734 3579 καὶ

2155 3615 2548 3670 ταπεινοῦσθαι
2573 3617 2664 3670 τὸν
2697 3616 3006 3686 ἄνθρωπον,
3043 3615 3104 3668 τὸ
3137 3615 3332 3669 είδέναι
3361 3616 3554 3669 ἐαυτὶν
3599 3616 3733 3670 ὄντα

2160 3707 2363 3774 ἀγαθὸν
2397 3707 2429 3776 ἢ
2454 3709 2647 3772 κακὸν,
2671 3710 2771 3763 οὐκ
2800 3711 3104 3774 ἀναγκαῖον
3143 3706 3282 3764 εἷναί
3310 3725 3476 3778 φημι,
3512 3709 3570 3761 ἐν
3588 3726 3734 3762 τισιν

2160 3799 2502 3870 εὑρίσκηται,
2534 3803 2701 3871 συχνῇ
2734 3818 2840 3854 τινι
2889 3801 3198 3855 δουλεύουσι
3255 3801 3454 3874 πλάνῃ.
3515 3802 3579 3855 Εἰ
3621 3803 3734 3871 γὰρ

2160 3891 2457 3958 ἀναγκαῖον
2499 3893 2674 3956 τουτὶ,
2725 3893 2822 3945 καὶ
2865 3893 3052 3957 καλῶς
3102 3891 3481 3963 συνεπεράνθη
3532 3909 3613 3946 σοι
3665 3895 3737 3946 τὰ

2160 3983 2604 4054 προτεταγμένα,
2631 3983 2887 4054 οὐδαμῶς
2919 3982 2988 4056 ἦν
3003 3984 3511 4056 ταπεινοφροσύνην
3544 3984 3734 4056 εὑρεῖν

2161 4071 2220 4124 ἐν
2247 4071 2425 4124 οὐδενὶ
2483 4071 2594 4126 τῶν
2638 4073 2968 4144 ἀνθρώπων.
3013 4074 3221 4138 Πάντες
3262 4075 3372 4144 γάρ
3405 4075 3736 4128 ἐπίστανται

2165 4169 2306 4235 σφᾶς
2333 4168 2536 4230 αὐτοὺς
2569 4167 2737 4221 καλόν
2774 4187 2825 4222 τι
2855 4170 3192 4238 πράξαντας,
3225 4170 3258 4241 ἢ
3300 4171 3494 4224 κακόν.
3545 4170 3656 4224 Καὶ
3685 4174 3736 4223 εἰ

2165 4257 2315 4311 τοῦτ’
2346 4254 2412 4328 ἦν
2450 4259 2782 4329 ἐπαίρεσθαι
2811 4262 2942 4324 τοὺς
2966 4262 3023 4312 ἐν
3047 4263 3215 4331 ἀρετῇ
3244 4260 3480 4325 ζῶντας,
3513 4263 3572 4314 τδ
3591 4264 3736 4330 σφᾶς

2165 4350 2368 4412 αὐτοὺς
2393 4351 2748 4415 ἐπίστασθαι,
2849 4353 2912 4404 σὺ
2947 4352 3073 4422 φῂςο
3101 4353 3298 4416 πάντες
3351 4354 3408 4406 οῖ
3428 4370 3492 4421 γε
3523 4352 3739 4425 σώφρο-

2169 4457 2259 4504 νες
2308 4443 2539 4505 ἑαυτοὺς
2572 4444 3019 4511 ἐπιγνὼσκοντες
3050 4446 3264 4506 πάντως
3286 4445 3352 4497 ἂν
3394 4444 3537 4513 μέγα
3567 4448 3732 4515 ἐφρόο

491 4528 780 4593 hendatur,
840 4530 1014 4583 errori
1072 4545 1180 4582 non
1234 4529 1337 4584 levi
1389 4531 1775 4587 servientibus.
1827 4533 1960 4588 Nam
2017 4533 2054 4588 si

2167 4551 2316 4601 νουν,
2336 4536 2433 4587 καὶ
2473 4523 2533 4587 τὸ
2583 4538 2681 4604 τῆς
2714 4536 3226 4606 ταπεινοφροσύνης
3257 4538 3569 4601 ἐξαπόλωλε
3595 4540 3739 4609 χρῆν

493 4619 857 4672 necessarium
903 4619 1003 4672 hoc
1063 4619 1221 4682 foret,
1262 4634 1324 4674 ac
1364 4630 1511 4675 recte
1571 4623 1827 4676 conclusa
1881 4633 2066 4678 essent

491 4708 586 4760 abs
615 4719 688 4772 te,
719 4723 838 4776 quae
896 4724 1224 4777 prtecesscre
1261 4725 1639 4780 :nequaquam
1699 4715 1924 4770 inveniri
1960 4716 2067 4770 ullo

490 4799 545 4852 in
599 4800 816 4854 homine
883 4801 988 4855 ulla
1041 4811 1226 4870 posset
1285 4803 1584 4862 humilitas.
1641 4805 1856 4861 Norunt
1921 4809 2065 4862 enim

489 4903 700 4952 omnes,
732 4904 760 4942 a
793 4890 987 4958 seipsis
1030 4891 1111 4942 vel
1167 4891 1290 4945 boni
1356 4892 1480 4959 quid
1521 4893 1743 4959 factum,
1777 4895 1863 4950 vel
1916 4896 2064 4950 mali.

492 4981 556 5034 Et
615 4983 660 5036 si
711 4983 814 5036 hoc
846 4992 992 5037 esset
1043 4981 1224 5036 eﬂ‘erri
1280 4983 1478 5038 animis
1516 4999 1630 5047 eos.
1664 4986 1755 5056 qui
1814 4988 2066 5042 virtutem

489 5077 696 5141 colunt,
733 5076 871 5144 quod
929 5077 1142 5145 scipsos
1192 5077 1478 5141 novint,uti
1524 5088 1578 5131 tu
1613 5079 1832 5147 quidem
1883 5080 2065 5136 dicis:

489 5183 677 5221 omnes
704 5179 839 5222 sane
875 5169 1159 5236 prudentia
1213 5170 1421 5238 ρεςεόίιί
1477 5171 1684 5238 seipsos
1738 5172 2072 5242 adgnoscen-

492 5266 593 5320 tes,
655 5258 876 5312 omnino
937 5259 1220 5329 magnifice
1287 5271 1461 5317 semet
1503 5261 1776 5329 elferrent,
1829 5265 2072 5333 adeoque

493 5347 557 5398 de
583 5347 761 5401 medio
805 5349 1084 5404 tolleretur
1116 5353 1295 5406 omnis
1355 5353 1656 5409 humilitas.
1681 5356 1751 5410 At
1795 5373 1924 5412 vero
1971 5373 2071 5412 nec

493 5442 609 5506 ipse
668 5438 905 5506 ignoras,
972 5441 1329 5498 humilitatem
1403 5455 1566 5514 atque
1639 5449 1958 5504 modestiam
2017 5453 2070 5506 in

495 5542 600 5580 non
656 5531 841 5596 paucis
876 5531 1127 5599 inveniri,
1161 5535 1251 5602 qui
1289 5537 1603 5593 mortalibus
1658 5540 1709 5594 in
1755 5542 2072 5609 corporibus

495 5616 658 5670 vitam
713 5621 1095 5686 propemodum
1152 5625 1483 5691 incorporeis
1526 5627 1934 5681 convenientem
1983 5643 2073 5683 re-

495 5716 839 5776 praesentant.
888 5707 1245 5775 Quamobrem
1315 5715 1450 5769 falsa
1511 5726 1598 5772 tua
1653 5721 1927 5776 conclusio
1968 5733 2070 5790 est,

493 5817 556 5856 ac
584 5814 840 5873 praeterea
877 5819 1099 5875 prorsus
1129 5807 1388 5863 absurda.
1435 5808 1571 5866 Nam
1608 5814 1651 5869 si
1679 5814 1816 5870 alios
1845 5816 2067 5885 quidem

2171 4641 2269 4688 μα.
2318 4621 2481 4677 Ἀλλὰ
2515 4627 2626 4695 μὴν
2649 4626 2770 4678 οὐδὲ
2807 4627 2967 4688 αὐτὸς
2997 4628 3235 4696 ἀγνοεῖς,
3267 4628 3341 4690 ὡς
3380 4629 3441 4680 τὸ
3476 4629 3740 4682 ταπεινόν

2166 4714 2346 4766 τεκαὶ
2377 4715 2598 4784 μέτριον
2629 4717 2688 4767 ἐν
2713 4718 2814 4770 οὐκ
2867 4718 3074 4785 ὀλίγοις
3137 4719 3454 4788 εὑρίσκεται
3509 4721 3619 4774 τῶν
3681 4723 3740 4773 ἐν

2170 4805 2387 4878 θνητοῖς
2443 4812 2558 4870 τοῖς
2624 4809 2845 4878 σώμασι
2906 4812 3006 4880 τὴν
3067 4814 3384 4882 ἀσωμάτοις
3418 4815 3741 4881 πρέπουσαν

2171 4896 2455 4951 πολιτείαν
2520 4899 2706 4967 ὀλίγου
2762 4901 2876 4954 δεῖν
2927 4902 3382 4973 ἐπιδειξαμένων.
3430 4905 3596 4958 Ὥστε
3656 4923 3740 4958 σοι

2170 4989 2369 5058 ψευδὲς
2401 4991 2463 5042 τὸ
2506 4993 2905 5064 συμπέρασμα,
2935 4996 3031 5046 καὶ
3094 4998 3325 5066 προσέτι
3391 5001 3740 5052 παντάπασιν

2173 5082 2397 5135 ἄτοπον.
2433 5083 2494 5136 Εἰ
2528 5085 2636 5152 γὰρ
2657 5086 2783 5147 τοὺς
2815 5085 2916 5155 μὲν
2945 5087 2976 5156 ή
3005 5086 3230 5149 κόλασις
3261 5087 3590 5156 διαδέχεται,
3613 5091 3741 5155 τοὺς

2171 5175 2410 5246 ἐξαρκῆς
2444 5195 2590 5247 φημι
2623 5179 2887 5246 φαύλους,
2919 5181 3048 5243 τοὺς
3070 5181 3118 5234 δ’
3141 5184 3309 5253 ἀρετῇ
3367 5183 3743 5253 συζήσαντας,

2173 5264 2277 5322 εἶτ’
2313 5272 2647 5338 ἐπιγνόντας
2693 5273 2924 5334 ἑαυτοὺς
2957 5274 3270 5342 ἐναρέτους,
3309 5276 3409 5328 ούκ
3435 5277 3618 5330 ἔνεστι
3644 5296 3740 5330 τα-

2173 5363 2574 5430 πεινοφρονεῖν,
2611 5361 2834 5425 τούτους
2866 5363 2908 5415 δ’
2941 5361 3007 5441 at?
3042 5366 3205 5418 πάλιν
3258 5367 3571 5436 ἐγγράψαις
3604 5370 3740 5438 μετὰ

2172 5450 2284 5502 τῶν
2334 5450 2591 5517 φαύλων·
2627 5450 2752 5504 οὔτε
2804 5452 3308 5525 ταπεινοφροσύνην
3356 5455 3508 5508 ἐστιν
3561 5457 3742 5526 εὑρεῖν

2173 5542 2231 5593 ὲν
2263 5540 2341 5610 τῷ
2375 5541 2496 5611 βίῳ,
2533 5541 2645 5595 οὔτ’
2695 5544 2753 5595 ἐν
2809 5544 3126 5616 ἀνθρώποις
3181 5546 3273 5598 τὸν
3332 5547 3736 5618 σωθησόμενον.

2187 5634 2343 5687 Ἐπεὶ
2379 5635 2480 5705 τῆς
2513 5639 3026 5708 ταπεινοφροσύνης
3059 5640 3261 5710 μηκέτ’
3289 5639 3479 5711 οὗσης,
3512 5643 3621 5694 οὐδ’
3676 5642 3741 5694 ἂν

2175 5720 2254 5789 εἷς
2285 5725 2560 5797 δήπουθεν
2617 5729 2725 5781 τῶν
2769 5729 3078 5800 ἀνθρώπων
3130 5730 3387 5797 ἐσώζετο,
3422 5733 3494 5796 ὡς
3534 5732 3739 5798 ἔξεστιν

2177 5817 2378 5874 εἰδέναι
2445 5818 2636 5888 σαφῶς
2686 5820 2794 5874 ἀπὸ
2849 5822 2960 5875 τῶν
3009 5825 3140 5896 πρὶν
3194 5827 3528 5896 εἰρημένων.
3582 5824 3740 5876 Ἀλλὰ
