3990 6548
436 443 539 506 557
1854 435 2025 500 EI’IL

2142 436 2264 500 us.
3377 423 3390 429 '
3577 391 3684 497 sas

434 555 675 624 ἀγαθοὺς
710 553 884 610 εἶναι’
954 556 1018 611 Ὀ
1068 557 1176 627 γάρ
1217 555 1557 626 ἀνακρίνων
1583 573 1684 627 με,
1742 556 1926 626 φησὶν,
1974 557 2009 610 ό

2131 558 2272 612 inem
2309 554 2402 611 hic
2427 552 2637 610 dicendi
2673 549 2834 618 facio,
2865 551 2966 607 hcc
2998 566 3106 606 uno
3136 553 3394 607 duntaxat
3423 553 3638 624 adjecto
3669 573 3682 608 :

433 651 585 714 Θεός
627 649 836 702 ἐστιν’
873 649 931 712 ὃς
969 645 1078 703 οἶδε
1121 650 1219 720 μὲν
1261 649 1332 702 τὰ
1363 649 1584 704 πάντων
1630 648 1893 719 ἀκρισῶς,
1938 648 2002 700 οὗ

2130 645 2346 702 fametsi
2376 659 2567 714 magna
2603 642 2812 713 praediti
2847 643 3040 698 virtute
3077 644 3190 699 sint
3218 645 3464 700 homines
3493 646 3683 716 aliqui.

429 739 618 794 δίδωσι
647 739 704 793 δὲ
732 739 800 793 τὰ
833 740 991 810 γέρα,
1039 743 1089 795 εἰ
1126 741 1470 812 παρελήλυθέ
1511 730 1600 805 ’τις
1645 742 1772 804 τοὺς
1810 739 2006 803 ἄλλους

429 834 680 902 τρέχων·
717 833 836 886 ἀλλ’
869 829 950 898 οἷς
994 851 1058 903 γε
1111 834 1392 903 ἐξεγένετο
1424 834 1756 888 καταλαόεἶν
1795 835 2007 888 ἐκεῖνον

429 925 526 977 τὸν
569 925 767 996 χῶρον,
877 927 944 978 τὰ
979 925 1212 996 βραδεῖα
1246 927 1467 996 ἔστηκε,
1503 929 1599 980 καὶ
1651 927 1743 978 ἐπὶ
1776 924 1869 979 τοῦ
1907 925 2007 996 βα-

432 1016 856 1088 σιλείουὋρόνου
885 1019 1192 1088 καθήμενος
1221 1021 1250 1072 ὁ
1285 1019 1437 1088 Eutr};
1447 1035 1478 1088 ρ
1507 1020 1641 1088 ἡμῖν
1673 1017 2005 1087 στεφοθέτην

432 1108 632 1161 ἑαυτὸν
664 1111 780 1174 τοῖς
803 1109 1090 1178 ἀριστεῦσι
1112 1112 1365 1182 παρέχει.
1399 1109 1569 1173 Αὐτός
1603 1127 1696 1164 σου
1719 1107 1817 1179 τὴν
1848 1108 2009 1177 φίλην

430 1201 701 1270 κεφαλὴν,
735 1195 780 1256 ὦ
817 1201 1159 1272 συμϐασιλεῦ
1212 1221 1273 1255 τε
1320 1203 1415 1256 καὶ
1457 1204 1580 1267 παῖ,
1620 1202 1682 1254 ού
1732 1201 1891 1270 μόνον
1923 1199 2010 1252 ἔν-

430 1291 628 1346 ταυθοϊ
672 1296 1044 1364 στεφανῶσαι,
1074 1295 1212 1347 ἀλλὰ
1243 1295 1430 1361 κάκεί,
1472 1292 1550 1364 τῷ
1577 1293 1728 1362 καλῷ
1755 1292 2010 1361 στεφάνῳ

433 1382 542 1436 τῶν
581 1386 868 1456 μακαρίων
893 1403 906 1416 ο
933 1387 1074 1455 ὑπὲρ
1109 1377 1172 1441 οὗ
1206 1387 1304 1440 καὶ
1326 1388 1450 1451 τοὺς
1480 1386 1736 1451 πολλοὺς,
1765 1385 1863 1438 οὐκ
1891 1379 2010 1436 οἶδα

432 1475 482 1529 δ’
509 1479 557 1530 εἰ
589 1479 683 1532 καὶ
717 1478 940 1545 καλοὺς,
967 1477 1184 1546 ἀγῶνας
1213 1478 1436 1541 τούτους
1471 1476 1871 1548 ἐνεστησάμην.

2111 747 2420 794 nontamen
2455 735 2536 791 vel
2575 735 2710 790 alios
2739 735 3038 801 derideant,
3079 735 3159 790 vel
3206 739 3412 806 se'psos
3440 740 3686 808 egregius

2113 838 2326 901 putent.
2353 827 2512 896 Nam,
2540 838 2595 882 ut
2622 829 2711 883 ille
2743 829 2838 894 ait,
2880 829 2969 898 qui
3008 831 3307 900 mejudieat
3330 839 3383 886 et
3409 832 3689 886 examinat

2115 921 2257 977 Deus
2282 931 2402 988 est;
2433 923 2525 991 qui
2562 931 2811 976 accurate
2842 923 2987 976 novit
3013 924 3254 977 omnium
3295 921 3455 990 facta,
3495 938 3595 976 nec
3620 927 3688 979 iis

2119 1016 2339 1085 prannia
2379 1011 2588 1078 tribuit,
2619 1017 2708 1088 qui
2739 1018 2876 1071 alios
2908 1033 3072 1072 cursu
3107 1020 3471 1087 praetergressi
3515 1031 3644 1074 sunt
3675 1037 3689 1073 :

2114 1107 2208 1161 sed
2242 1108 2436 1176 quibus
2473 1107 2539 1162 ad
2571 1122 2694 1162 eum
2742 1107 3022 1177 pervenire
3068 1108 3244 1162 locum
3285 1108 3532 1175 contigit,
3575 1108 3691 1177 ipsa

2118 1197 2204 1252 ubi
2237 1198 2455 1266 praemia
2490 1196 2837 1262 consistunt,
2870 1207 2923 1252 et
2956 1198 3046 1252 ubi
3078 1196 3334 1252 Servator
3380 1198 3466 1252 ille
3511 1209 3695 1253 noster

2118 1291 2171 1343 in
2208 1291 2355 1358 regio
2383 1290 2674 1346 considens
2708 1290 2866 1354 solio,
2902 1291 3137 1358 seipsum
3174 1300 3550 1346 coronatur-em
3613 1291 3698 1342 vi-

2119 1382 2362 1437 ctoribus
2383 1384 2627 1438 exhibet.
2652 1380 2701 1436 ls
2722 1382 2946 1436 charum
2965 1392 3126 1450 caput
3156 1395 3325 1449 tuum,
3346 1398 3380 1436 0
3398 1385 3541 1453 regni
3567 1398 3699 1438 con-

2118 1487 2241 1528 sors
2270 1485 2322 1528 et
2350 1472 2447 1540 fili,
2479 1491 2583 1529 non
2606 1475 2696 1529 bie
2749 1478 3118 1528 tantummodo
3143 1483 3387 1538 coronet,
3414 1478 3508 1529 sed
3533 1474 3694 1528 etiam

436 1571 492 1624 in
525 1571 694 1626 altera
727 1571 860 1638 vita,
907 1581 1058 1628 serto
1107 1573 1200 1628 illo
1235 1573 1521 1629 beatorum
1567 1570 1787 1644 egregio
1822 1587 1837 1625 :
1875 1566 2028 1638 cujus
2065 1581 2197 1638 ergo
2217 1568 2524 1638 complures
2545 1567 2713 1625 bosee
2730 1569 2946 1640 quidem
2969 1570 3202 1637 labores,
3258 1570 3532 1640 sedbaud
3580 1569 3694 1626 scio

434 1683 502 1721 an
535 1667 717 1736 aliquo
745 1684 865 1722 cum
895 1683 1073 1737 Opera!
1104 1671 1299 1739 pretio,
1327 1669 1564 1739 Suscepi.

763 1811 1098 1868 ΕΠΙΛΟΓΟΣ
1130 1815 1692 1872 ΕΙΙΙΣΤΟᾹΙΜΛῙΟΣ.
1719 1821 1732 1833 ⁸

2461 1796 2811 1866 EPILOGUS
2859 1808 3336 1865 Eetsromms.

509 1947 676 2004 Ταῦθ’
713 1951 866 2019 ἡμῖν,
910 1944 955 2005 ὦ
1009 1950 1256 2018 φίλτατε,
1289 1943 1389 2024 σὴν
1431 1954 1596 2025 χάριν
1631 1953 1846 2024 εἴρηται
1890 1951 2006 2019 νῦν,

2187 1947 2311 2004 llaec
2339 1962 2370 2002 a
2389 1948 2568 2012 nobis,
2588 1946 2918 2002 clmrissime
2942 1945 3039 2010 tili,
3063 1954 3150 1999 tua
3180 1960 3322 2000 nunc
3353 1959 3514 2000 causa
3549 1946 3694 1999 dicta

434 2043 532 2094 καὶ
559 2040 620 2091 τὸ
646 2042 839 2092 πεῖσαν
871 2041 1156 2110 εἰρηκέναι
1208 2043 1434 2113 φίλτρον
1481 2045 1764 2113 ὑπερφυές
1788 2080 1804 2098 .
1843 2045 1908 2098 El
1941 2045 2018 2116 μὴ

436 2117 549 2201 γάρ
581 2130 837 2186 τοσοῦτον
867 2127 956 2203 ἦν,
979 2134 1078 2186 οὐκ
1098 2135 1166 2188 ἂν
1194 2135 1334 2206 ὑπὲρ
1365 2135 1464 2206 τῆς
1493 2136 1759 2206 ὠφελείας
1791 2140 1888 2207 τῆς
1920 2139 2020 2208 σῆς

441 2221 579 2290 πρὸς
609 2223 819 2277 τουτονὶ
845 2223 936 2276 τὸν
977 2223 1166 2293 ἀγῶνα
1195 2211 1579 2295 άπεδυσάμην,
1625 2228 1736 2281 οὐδ’
1771 2227 1838 2282 ἂν
1862 2229 2020 2298 διήρ-

441 2314 575 2368 κεσέ
610 2331 702 2384 μοι
753 2315 814 2367 τὸ
865 2316 1272 2385 προθυμεῖσθαι
1333 2317 1474 2387 μετὰ
1517 2318 1788 2388 τοσαύτης
1835 2320 2022 2389 ἀκμῆς

435 2408 566 2480 ἄχρι
593 2406 780 2470 τέλους
801 2424 817 2440 ο
870 2408 988 2461 ἀλλ’
1019 2408 1053 2478 ἢ
1103 2409 1202 2480 τὴν
1231 2410 1462 2480 πρώτην
1507 2411 1574 2464 ἂν
1610 2411 1772 2475 εὐθὺς
1803 2411 2024 2477 ἀπεπή-

435 2499 566 2561 δων.
587 2499 796 2570 συχνῶν
822 2517 913 2569 μοι
942 2500 1052 2554 τῶν
1088 2505 1535 2572 προσισταμένων
1565 2505 1956 2574 ἐπικειμένων,
1986 2506 2020 2577 ἦ

435 2597 568 2666 περὶ
596 2595 667 2648 τά
701 2594 842 2665 μέσα
890 2613 1017 2664 που,
1052 2597 1178 2650 ἀλλε
1193 2595 1473 2668 παλλὴλων
1517 2600 1626 2651 τῶν
1663 2599 1858 2653 δεινῶν
1887 2615 2022 2670 φυο-

442 2687 657 2760 μένων·
692 2689 778 2759 εἴη
804 2687 860 2741 δέ
889 2707 985 2763 pm
1013 2690 1104 2742 τὸν
1149 2686 1313 2745 ἆθλον
1346 2691 1539 2744 τοῦτον
1572 2691 1706 2760 ἡδὺν
1737 2692 2019 2761 γενέσθαι,

442 2782 542 2836 καὶ
588 2780 696 2834 τῶν
742 2782 923 2835 πόνων
975 2783 1155 2849 ἄξιον*
1208 2781 1238 2836 δ
1271 2783 1450 2855 καλῶς
1482 2783 1796 2852 ἐκϐήσεται,
1836 2785 1929 2838 σοῦ
1969 2783 2022 2854 γ’

441 2874 746 2937 ἐθέλοντος.
783 2874 844 2926 El
883 2875 994 2945 γὰρ
1023 2875 1185 2939 αὐτὸς
1232 2876 1333 2941 τὰς
1384 2877 1740 2947 παραινέσεις
1783 2878 2021 2942 ὲκείνας,

446 2965 543 3018 καὶ
575 2963 678 3018 ὅσα
707 2965 770 3035 δὴ
803 2963 920 3028 τοῖς
947 2966 1128 3034 λόγοις
1151 2966 1360 3029 τούτοις
1388 2967 1854 3039 ὲμπεριείλτιπται
1885 2969 2021 3039 πρὸς

445 3056 547 3124 τὴν
576 3055 684 3108 τῶν
715 3053 863 3124 ἠθῶν
893 3072 987 3108 σου
1030 3057 1415 3128 διακόσμησιν,
1447 3059 1548 3112 ούκ
1590 3059 1862 3129 ἀτιμάσαι
1894 3059 2021 3130 βου-

447 3146 688 3213 λεύσαιο,
725 3148 860 3203 ἀλλὰ
900 3154 1162 3220 τιμὴσαις
1187 3150 1308 3218 ξμὲν
1339 3151 1490 3220 ἡμᾶς
1534 3151 1664 3215 τοὺς
1695 3153 2022 3222 γεγεννηκῶ⁶

446 3256 570 3305 τας,
601 3241 698 3292 καὶ
721 3240 847 3304 τοὺς
875 3239 934 3305 ἐξ
961 3236 1035 3295 ὧν
1057 3243 1217 3310 ἡμεῖς
1245 3243 1476 3312 ἔφυμεν,
1506 3244 1768 3314 τιμήσαις
1797 3245 1853 3298 δὲ
1881 3261 2018 3300 σαυ-

2121 2050 2251 2098 sunt
2290 2058 2306 2108 ;
2336 2041 2587 2110 quodque
2618 2055 2717 2094 nos
2744 2038 2811 2094 ad
2872 2039 3162 2092 dicendum
3195 2037 3436 2108 impulit,
3463 2037 3698 2092 eximius

2121 2136 2177 2190 in
2213 2143 2266 2189 te
2297 2144 2479 2188 noster
2501 2148 2654 2186 antor
2679 2142 2783 2188 est.
2817 2131 3032 2200 Quippe
3059 2131 3111 2184 ni
3158 2141 3343 2186 tantus
3369 2141 3540 2197 esset,
3581 2145 3690 2185 non

2126 2243 2212 2282 me
2237 2235 2456 2296 propter
2489 2224 2782 2278 utilitatem
2834 2232 2982 2276 tuam
3030 2223 3098 2278 ad
3141 2225 3243 2278 boc
3293 2235 3570 2278 certamen
3600 2238 3699 2277 aco

2125 2319 2440 2383 cinxissem,
2463 2333 2560 2372 nec
2587 2317 2652 2371 ad
2673 2317 2836 2371 linem
2865 2332 3033 2386 usque
3055 2317 3405 2386 perdurasset
3425 2317 3572 2372 istaec
3587 2315 3700 2371 ala-

2125 2412 2310 2476 critas,
2345 2419 2496 2464 tanto
2521 2424 2644 2464 cum
2682 2412 2869 2479 vigore
2899 2409 3192 2477 conjuncta
3229 2403 3374 2486 :‘se'd
3410 2409 3496 2464 vel
3539 2409 3696 2462 initio

2126 2504 2334 2569 statim,
2367 2503 2613 2574 pluribus
2637 2500 2936 2558 obstaculis
2964 2516 3052 2556 me
3095 2501 3416 2569 urgentibus
3440 2551 3456 2574 ,
3504 2500 3586 2554 vel
3615 2499 3700 2570 ip—

2129 2613 2190 2654 so
2222 2597 2475 2653 fortassis
2513 2595 2568 2651 in
2603 2595 2804 2660 medio,
2837 2593 3246 2650 dillicultatibus
3267 2609 3398 2650 sane
3419 2594 3702 2652 continuis

2127 2689 2559 2761 emergentibus,
2581 2688 2922 2743 resiliissem.
2955 2685 3096 2756 Opto
3119 2696 3324 2750 autem,
3351 2696 3407 2740 ut
3436 2687 3538 2743 hoc
3567 2685 3699 2743 mibi

2125 2791 2402 2836 certamen
2438 2778 2910 2849 etjucundum,et
2938 2777 3227 2834 esantlatis
3277 2779 3502 2848 dignum
3545 2780 3701 2834 labo-

2131 2875 2279 2929 ribus
2307 2875 2600 2941 experiar;
2626 2873 2701 2926 uti
2728 2872 2946 2942 quidem
2977 2883 3205 2928 eventus
3239 2882 3384 2927 recte
3407 2857 3703 2943 respondeo

2129 2964 2226 3031 bit,
2255 2964 2416 3019 modo
2437 2973 2497 3018 tu
2521 2963 2683 3018 velis.
2709 2946 2922 3033 Quippe
2955 2962 3080 3018 situ
3110 2964 3349 3017 menitus
3379 2942 3616 3028 nostros.
3647 2942 3724 3018 et.

2129 3069 2466 3127 qutccunque
2493 3055 2886 3122 comprehensa
2911 3064 3044 3110 sunt
3097 3053 3216 3108 istis
3245 3055 3602 3121 orationibus,
3638 3056 3706 3109 ad

2126 3150 2432 3205 ornandum
2449 3163 2630 3204 mores
2651 3147 3089 3218 tuos,aspernari
3113 3165 3215 3209 non
3241 3150 3552 3204 decreveris
3573 3192 3588 3216 ,
3609 3148 3704 3204 sed

2130 3242 2416 3298 honestam
2447 3250 2503 3297 et
2555 3241 2750 3310 nostri.
2786 3243 2878 3311 qui
2911 3249 2962 3295 te
2989 3241 3315 3310 genuinius,
3360 3251 3415 3296 et
3442 3255 3634 3296 eorum
3674 3260 3706 3296 a

450 3331 541 3384 τὸν
583 3332 678 3385 καὶ⁸
704 3334 826 3395 τοὺς
856 3334 1148 3398 παιδευτάς
1181 3334 1447 3400 ᾶπαντας,
1497 3336 1578 3389 ἑνί
1608 3353 1686 3406 τῳ
1719 3337 1894 3408 τούτῳ
1925 3339 2021 3393 καὶ

2130 3335 2326 3405 quibus
2355 3333 2453 3404 ipsi
2475 3333 2722 3405 prognati
2751 3347 2962 3398 sumus,
2983 3342 3038 3386 et
3071 3333 3262 3386 tuimet
3287 3332 3480 3402 ipsius,
3505 3344 3559 3387 et
3585 3349 3707 3387 om-

454 3425 625 3496 μόνῳ,
675 3425 757 3496 τῷ
801 3425 878 3498 μὴ
930 3427 1098 3498 χείρω
1141 3427 1252 3480 τῶν
1283 3427 1514 3482 ἐλπίδων
1559 3429 1815 3500 φανῆναι,
1847 3429 1914 3494 ἃς
1955 3431 2020 3502 δὴ

448 3518 653 3579 πάντες
687 3519 917 3588 ἔτρεφον
952 3520 1077 3587 περὶ
1107 3520 1200 3572 σοῦ
1237 3537 1301 3589 γε
1349 3522 1417 3574 τὰ
1455 3521 1649 3591 βελτίω
1685 3523 2024 3592 μαντευόμε-

449 3626 556 3674 νοι,
584 3609 666 3663 ἔτι
697 3609 766 3663 τά
793 3611 902 3663 τῶν
936 3611 1144 3665 παίδων
1191 3611 1487 3684 ἀθύροντος
1511 3626 1526 3641 ⁸
1559 3614 1610 3667 εἰ
1638 3614 1820 3668 τοίνυν
1847 3613 2023 3670 ταῦτα

452 3708 666 3772 γένοιτο
697 3706 1115 3776 ῗσυναιρομένου
1157 3707 1314 3774 Θεοῦ,
1349 3707 1410 3762 τό
1436 3726 1496 3762 τε
1540 3709 1728 3763 λοιπὸν
1755 3706 1852 3780 τῆς
1885 3709 2024 3779 ἐμῆς

453 3798 602 3866 ζωῆς
631 3799 729 3868 ἡδὺ
765 3798 906 3868 (πῶς
936 3798 1037 3852 οῐει
1057 3799 1100 3867 ς)
1131 3802 1583 3865 κατασκευάσεις,
1612 3801 1706 3854 καὶ
1734 3801 2026 3872 λαμπρούς

456 3906 550 3960 μοι
582 3891 708 3953 τοὺς
734 3890 961 3960 μισθοὺς
987 3892 1330 3962 άποδώσεις;
1357 3893 1455 3963 οὐχ
1488 3894 1636 3956 ὅπως
1665 3895 1894 3946 τουτωνὶ
1917 3892 2026 3946 τῶν

454 3980 725 4051 ἱδρώτων,
751 3981 888 4036 ἀλλὰ
926 3982 1021 4036 καὶ⁵
1063 3983 1160 4036 τοῦ
1191 3985 1324 4054 παρ’
1369 3985 1527 4055 ἡμῶν
1575 3983 1760 4053 φῦναι,
1797 3986 1893 4041 καὶ
1929 3983 2026 4038 τοῦ

453 4072 733 4142 τραφῆναι
765 4073 1084 4142 βασιλικῶς,
1136 4076 1231 4130 καὶ
1276 4076 1698 4142 πεπαιδεῦσθαι,
1746 4079 1846 4131 καὶ
1886 4094 2029 4132 τετι-

458 4166 686 4235 μῆσθαι,
719 4167 815 4222 καὶ
838 4167 1024 4229 ά-πλῶς
1049 4167 1159 4220 τῶν
1187 4168 1330 4238 ὐπὶρ
1363 4170 1456 4222 σοῦ
1494 4186 1586 4239 μοι
1616 4170 2028 4241 πεπραγμένων

455 4259 589 4326 ἑξῆς
619 4259 895 4326 ἁπάντων,
925 4260 1026 4314 οὐκ
1078 4259 1278 4329 ὀλίγων
1317 4262 1447 4326 ἴσως
1491 4261 1684 4326 ὄντων,
1727 4262 1851 4316 οὐδὲ
1905 4280 2030 4333 σμι-

455 4353 627 4422 κρῶν.
653 4353 822 4406 Ταυτὶ
851 4353 949 4422 μὲν
983 4353 1079 4407 οὖν
1106 4349 1258 4428 ᾗπερ
1283 4354 1422 4424 ἔφην
1451 4355 1772 4426 ἐκϐήσεται,
1805 4357 1855 4409 εἰ
1889 4355 2031 4410 κατὰ

455 4442 556 4504 τάς
585 4442 806 4506 ιλπίδας
851 4443 983 4513 ἡμῖν
1008 4443 1247 4515 season.
1293 4445 1538 4518 Ὀνροήσῃ
1569 4445 1625 4500 δὲ
1681 4447 1924 4512 πάντως,
1977 4447 2030 4501 si

444 4537 574 4610 tot;
625 4535 764 4607 ὑπὲρ
820 4535 913 4589 σοῦ
947 4536 1264 4606 λεγομένοις
1295 4539 1508 4602 τούτοις
1538 4540 1911 4610 ὑποτετάχθαι
1941 4540 2032 4595 θε-

2125 3427 2272 3482 nium
2303 3425 2683 3495 magistrorum
2713 3425 2977 3480 rationem
2997 3425 3250 3480 babueris
3269 3426 3321 3479 in
3348 3425 3450 3480 hoc
3481 3442 3609 3488 uno,
3637 3439 3707 3481 ne

2125 3519 2324 3588 spebus
2345 3517 2450 3571 illis
2473 3517 2711 3572 deterior
2729 3518 2952 3582 evadas,
2974 3531 3110 3586 quas
3129 3519 3192 3573 de
3218 3529 3268 3572 te
3287 3518 3588 3588 puerilibus
3605 3518 3706 3573 ad-

2126 3610 2234 3665 huc
2258 3609 2478 3664 ludicris
2498 3612 2706 3664 intento
2723 3609 2978 3666 fovebant
3007 3623 3221 3676 omnes,
3247 3611 3448 3678 optima
3478 3626 3706 3680 qua-que

2127 3700 2232 3756 sibi
2271 3702 2620 3757 vaticinando
2651 3702 3009 3772 pollicentes:
3043 3702 3158 3757 btcc
3183 3702 3365 3772 ἰδίων,
3415 3703 3706 3771 adjuvante

2126 3796 2262 3860 Deo,
2287 3789 2332 3850 Si
2363 3797 2735 3866 contigerint;
2775 3805 2830 3850 et
2855 3796 3002 3865 quod
3028 3795 3160 3850 mibi
3191 3795 3456 3866 reliquum
3479 3795 3707 3863 est‘vizas

2129 3903 2262 3946 sane
2277 3903 2441 3961 quam
2461 3888 2760 3958 jucundum
2776 3885 2996 3952 efﬁcies,
3011 3897 3065 3943 et
3081 3888 3358 3942 mercedes
3383 3887 3512 3943 mibi
3531 3888 3708 3959 Splen-

2130 3982 2290 4037 didas
2320 3980 2618 4048 persolves,
2651 3996 2758 4035 non
2783 3995 2882 4048 pro
2926 3979 3076 4036 bisce
3102 3979 3224 4035 dico
3251 3979 3536 4035 sudoribus
3559 4019 3576 4044 ,
3608 3981 3705 4034 sed

2132 4075 2298 4131 etiam
2347 4088 2446 4144 pro
2471 4089 2561 4138 eo,
2597 4074 2738 4142 quod
2765 4083 2927 4129 natus
2946 4087 3014 4129 ex
3045 4071 3201 4128 nobis
3229 4074 3324 4139 sis,
3356 4081 3408 4128 et
3426 4073 3634 4143 regium
3657 4071 3712 4126 in

2137 4185 2341 4227 morem
2359 4171 2643 4233 educatus.
2665 4180 2720 4224 et
2745 4169 3049 4235 institutus,
3071 4180 3125 4224 et
3149 4169 3203 4223 in
3240 4167 3446 4223 honore
3468 4165 3708 4229 habitus,

2130 4272 2186 4318 et
2208 4261 2534 4332 simpliciter
2552 4260 2711 4326 adeo,
2731 4274 2829 4328 pro
2851 4260 3118 4315 universis
3144 4273 3175 4312 a
3217 4273 3301 4313 me
3331 4268 3417 4312 tua
3438 4272 3603 4313 causa
3629 4255 3677 4310 fa
3697 4286 3714 4298 ο

2137 4359 2263 4422 clis,
2285 4374 2405 4428 qum
2428 4359 2662 4413 fortasse
2689 4373 2790 4412 nec
2812 4371 2984 4428 pauca
3016 4367 3161 4421 sunt,
3180 4372 3279 4411 uec
3305 4356 3440 4412 levis
3466 4370 3710 4411 momen-

2136 4454 2196 4505 ti.
2229 4451 2296 4505 Et
2317 4451 2534 4521 quidem
2559 4461 2685 4506 sunt
2714 4451 2861 4505 istaec
2892 4450 3069 4516 illmu,
3095 4464 3260 4518 quem
3291 4448 3424 4514 disi,
3457 4457 3708 4503 eventum

2140 4543 2412 4607 habitura,
2464 4545 2509 4598 si
2542 4543 2939 4612 exspectationi
2984 4553 3186 4597 nostra:
3218 4533 3576 4597 satisfeceris.
3612 4539 3714 4595 Sa-

457 4628 656 4698 ὶήσαις
711 4627 806 4682 καὶ
834 4625 1038 4692 δείξαις
1089 4627 1272 4697 ἔργοις
1309 4630 1493 4692 αὐτοῖς
1547 4630 1638 4682 τὸν
1689 4631 1766 4694 ὡς
1809 4631 2025 4700 άληθῶς

2137 4633 2378 4691 tisfacies
2401 4643 2578 4690 autem
2602 4637 2850 4701 omnino,
2878 4636 3144 4704 siquidem
3170 4635 3254 4689 bis
3283 4643 3372 4688 tua
3397 4648 3560 4688 causa
3586 4648 3713 4703 pro-

461 4720 876 4776 ὑπακούσαντα.
923 4721 1040 4772 Κᾶν
1077 4719 1236 4774 τοῦτο
1288 4721 1503 4788 γένοιτο
1531 4721 1792 4789 τάγαθὸν,
1837 4725 1933 4777 καὶ
1961 4725 2030 4794 τῇ

462 4813 573 4864 τῶν
601 4811 821 4879 τρόπων
848 4813 1018 4880 ἀρετῇ
1067 4812 1144 4879 μὴ
1176 4810 1548 4884 καταισχύνῃς
1585 4829 1688 4881 μου
1717 4812 1818 4875 τὰς
1869 4813 2033 4882 εὐχάς

462 4906 560 4956 καὶ
589 4905 688 4968 τας
718 4902 1092 4973 παραινέσεις,
1133 4899 1191 4957 εὖ
1237 4899 1335 4957 οἷδ’
1367 4906 1449 4958 ὅτι
1499 4905 1596 4959 καὶ
1624 4905 1745 4976 Θεῷ
1791 4909 1889 4962 καὶ
1921 4909 2035 4972 τοῖς

461 4995 776 5066 ἀνθρώποις
804 4993 1106 5065 προσφιλὴς
1134 4993 1252 5067 ἔσῃ,
1288 4996 1382 5048 καὶ
1410 4996 1470 5049 τὸ
1499 4996 1806 5065 βασιλεύειν
1827 4997 2038 5069 ἀνθρώ-

462 5106 582 5142 πων
605 5087 880 5159 ἀνθρώπῳ
901 5087 1039 5154 δντι,
1073 5086 1102 5140 ὃ
1128 5085 1192 5158 δὴ
1221 5086 1484 5158 δυσχερὲς
1513 5090 1660 5141 ποιεῖ
1685 5088 1745 5142 τὸ
1771 5071 2035 5159 ὁμοφυὶς,

463 5181 641 5254 ῥᾷστα
670 5180 738 5234 ἄν
771 5197 853 5234 σοι
877 5180 1094 5249 γίνοιτο
1119 5179 1377 5249 ,πάντως,
1420 5181 1515 5234 καὶ
1559 5181 1703 5252 πρὸς
1743 5180 1907 5235 καλὸν
1941 5183 2038 5236 καὶ

461 5271 718 5326 εὔκλειαν
763 5272 1129 5341 ἀποϐήσεται.
1185 5269 1244 5326 '0
1275 5269 1386 5340 γὰρ
1435 5271 1660 5340 γονεῦσι
1712 5271 2039 5343 πειθόμενος

463 5363 712 5434 δηλονότι
743 5362 835 5416 καὶ
871 5361 1010 5434 Θεῷ.
1045 5362 1138 5434 Τῷ
1163 5363 1223 5417 δὲ
1259 5362 1488 5433 τοιούτῳ
1537 5363 1761 5433 ἄρχοντι
1787 5363 2037 5429 δικαίως,

465 5456 535 5510 ἂν
561 5455 613 5508 oi
647 5455 739 5508 ὑπ’
765 5454 932 5509 αὐτὸν
981 5453 1277 5510 πείθοιντο.
1321 5455 1398 5508 Τὸ
1445 5455 1506 5510 δὲ
1555 5455 1779 5516 τούτους
1808 5456 2040 5525 ἄγεσθαι

469 5546 613 5600 κατὰ
645 5545 741 5600 τδν
789 5545 1005 5630 ἐκείνοι»
1039 5547 1244 5601 σκοπὸν
1296 5546 1408 5600 πᾶν
1457 5545 1665 5614 ἀγαθὸν
1714 5547 2038 5616 ἐργάζεται·

467 5637 660 5709 ὥσπερ
720 5631 816 5694 οὖν
839 5640 938 5693 καὶ
971 5638 1288 5692 τούναντίον
1319 5639 1380 5692 τὸ
1411 5637 1487 5710 μὴ
1518 5638 1826 5693 πείθεσθαι.
1856 5639 1947 5709 Μὴ
1975 5638 2042 5710 δὴ

465 5729 753 5798 τηνάλλως
805 5731 955 5804 ἡμᾶς
1007 5731 1318 5798 ἀποφήναις
1367 5731 1492 5793 τοὺς
1546 5729 1688 5800 ὑπὲρ
1716 5730 1811 5784 σοῦ
1847 5730 2042 5800 λόγους

466 5821 694 5884 τούτους
709 5823 1078 5889 ἀναλωκότας,
1103 5822 1236 5894 μηδὲ
1261 5823 1416 5892 ζήτει
1439 5820 1588 5875 τοῦθ’
1608 5821 1790 5892 εὑρεῖν
1816 5825 1872 5874 ὲν
1895 5823 2038 5892 ἐμοὶ,

454 5912 780 5992 ιτδ-ποιῆσαί
809 5915 868 5968 τέ
919 5931 1063 5985 φημι
1097 5914 1192 5968 καὶ
1234 5912 1462 5978 διδάξαι.
1515 5910 1704 5984 Ἰσμεν
1740 5912 1847 5984 γὰρ
1893 5913 2040 5984 ἡμᾶς

2138 4729 2262 4784 latis
2290 4728 2671 4797 obtemperare
2699 4727 2962 4792 volueris,
2993 4738 3046 4781 et
3079 4727 3239 4781 factis
3278 4727 3410 4796 ipsis
3442 4740 3631 4793 reapse
3655 4735 3710 4779 te

2138 4835 2328 4892 parere
2356 4820 2693 4892 probaveris.
2722 4819 2877 4886 Quod
2908 4833 3040 4872 sane
3071 4819 3270 4872 bonum
3327 4816 3372 4871 si
3409 4816 3541 4870 mibi
3570 4829 3710 4870 con-

2139 4913 2343 4984 tigerit,
2389 4927 2454 4965 ac
2489 4927 2700 4966 morum
2750 4911 2950 4965 virtute
2995 4920 3116 4964 vota
3167 4907 3518 4975 monitusque
3559 4921 3711 4963 meos

2140 5021 2244 5060 non
2271 5003 2587 5060 confoderis
2617 5019 2632 5056 :
2657 5012 2767 5056 tam
2796 5003 2894 5072 ipsi
2917 5000 3046 5065 Deo,
3073 5009 3160 5055 sat
3183 4999 3320 5062 scio.
3347 5013 3510 5066 quam
3538 4997 3714 5056 botul-

2142 5098 2301 5153 nibus
2329 5096 2582 5152 amabilis
2603 5095 2714 5150 eris
2742 5113 2756 5160 ;
2784 5105 2840 5148 et
2874 5107 3047 5155 tuum,
3080 5093 3172 5161 qni
3203 5092 3365 5145 homo
3391 5105 3455 5146 es
3481 5132 3496 5156 ,
3531 5089 3582 5144 in
3607 5090 3710 5147 bo-

2141 5192 2317 5244 rnlnes
2339 5185 2648 5255 imperium,
2673 5184 2816 5252 quod
2837 5183 3054 5251 generis
3076 5181 3328 5250 cognatio
3350 5179 3566 5236 difﬁcile
3588 5181 3712 5236 red-

2141 5280 2241 5342 dit,
2297 5275 2519 5332 omnino
2573 5274 2897 5330 facillimum
2957 5271 3298 5342 experieris,
3352 5280 3712 5342 praeterquam

2141 5369 2283 5441 quod
2341 5369 2524 5425 exitus
2570 5368 2737 5423 etiam
2788 5367 2963 5437 ipsius
3010 5365 3306 5432 prmelartts
3349 5377 3404 5420 et
3447 5359 3714 5435 gloriosus

2141 5461 2269 5516 erit.
2300 5459 2434 5515 Nam
2476 5460 2569 5529 qui
2604 5459 2949 5530 parentibus.
2987 5458 3135 5513 idem
3163 5457 3360 5513 et'Deo
3387 5466 3561 5527 paret.
3590 5454 3714 5509 Tali

2144 5568 2274 5607 vero
2312 5552 2543 5622 principi
2574 5567 2680 5607 non
2713 5553 2813 5606 abs
2854 5566 2917 5606 re
2945 5548 3151 5606 subditi
3179 5565 3396 5620 quoque
3423 5548 3712 5618 parebunt.

2146 5641 2213 5697 Et
2253 5643 2575 5712 obsequium
2608 5644 2974 5707 subditorum,
3022 5642 3195 5711 ipsius
3225 5642 3472 5695 instituto
3517 5652 3716 5706 parcu-

2146 5737 2302 5798 tlum,
2333 5735 2534 5789 nullius
2580 5750 2686 5789 non
2713 5724 2873 5803 origo
2898 5735 3025 5790 boni
3059 5743 3144 5788 est
3175 5752 3189 5797 ;
3227 5733 3369 5787 sicut
3413 5740 3466 5783 et
3496 5739 3717 5784 contra-

2147 5826 2286 5880 rium
2313 5821 2532 5882 accidit.
2563 5822 2608 5876 si
2636 5837 2744 5876 non
2764 5822 3160 5891 obtemperent.
3185 5820 3329 5874 Cave
3357 5832 3540 5886 quasso
3563 5831 3715 5872 cous-

2146 5913 2380 5984 tuiscris,
2405 5921 2462 5969 ut
2486 5911 2694 5982 absque
2727 5911 2905 5968 fructu
2967 5912 3242 5967 orationes
3271 5911 3436 5966 hasce
3464 5909 3718 5965 confece-
