3990 6624
437 382 555 446 565

1648 392 1942 455 PRECES
1971 392 2406 457 ΜΑΤΠΤΙΝΕ.

3584 395 3691 460 566

432 502 539 553 καὶ
554 499 650 563 τάς
664 498 891 564 πλοκὰς,
912 501 1008 553 καὶ
1033 499 1129 564 τάς
1151 501 1427 565 ποικιλίας
1450 503 1703 571 ἐλέγξαις
1727 503 2000 573 τηνάλλως

2115 513 2170 557 et
2204 503 2478 560 versutias
2529 503 2598 558 ab
2635 504 2723 558 illa
2783 503 2985 559 frustra
3026 510 3270 573 repertas
3293 504 3531 573 arguito.
3566 521 3690 575 qua:

431 607 509 656 γε
536 591 904 663 ὲξευρημένας
931 593 1009 662 τῷ
1052 594 1383 665 πειρωμένῳ
1424 597 1563 665 πρὸς
1598 596 1657 650 σὲ
1690 595 2010 664 σοφίζεσθαι

428 683 537 738 καὶ
562 684 959 754 ἀναισχυντεῖν.
1015 683 1143 745 Εῐεν
1165 690 1365 757 ταῦτα,
1402 690 1498 744 καὶ
1532 690 1756 744 ἔσεσθαί
1803 707 1867 759 γε
1918 707 2010 744 stt-

430 778 662 830 στεύειν
691 779 935 847 ἀμεινον.

511 868 659 939 Πλὴν
678 869 864 941 ᾠήθην
902 871 1018 925 δεῖν
1048 871 1289 929 ἀνοίσειν
1322 874 1463 945 ὑπὲρ
1491 873 1730 947 ἐμαυτοῦ
1764 892 1817 929 τι
1845 874 2010 943 πλέον

423 960 534 1012 τοῦ
557 964 675 1023 ταῖς
710 961 1007 1033 ἁμαρτίαις
1038 963 1247 1037 pasam
1261 966 1426 1035 μένου
1454 967 1532 1037 τῷ
1560 969 1689 1032 τοὺς
1729 968 2009 1033 τοιούτους

427 1051 521 1116 είς
545 1051 856 1108 ἀνάπαυσιν
882 1056 1201 1127 κεκληκότι.
1244 1059 1306 1112 Ὅ
1338 1059 1520 1113 τοίνυν
1541 1058 1637 1114 ἐπὶ
1686 1062 1805 1123 τοῖς
1851 1061 2007 1131 έμοῐς

429 1143 817 1214 μακροθυμῶν
860 1144 1330 1219 πλημμελήμασι,
1363 1150 1466 1221 τὴν
1515 1150 1656 1222 ἱμὴν
1689 1151 2007 1222 περιμένων

423 1233 797 1305 ἐπιστροφὴν,
832 1233 957 1290 εἶτα
974 1239 1089 1300 τοῖς
1122 1237 1419 1309 προτέροις
1452 1238 1769 1309 ὲμμένοντι,
1801 1237 1879 1307 τῷ
1894 1237 2005 1292 τῶν

422 1326 622 1381 κακῶν
642 1329 700 1383 ιν
731 1329 843 1394 ἕξει
879 1349 947 1402 με
970 1334 1281 1402 γεγονέναι,
1312 1333 1552 1401 τρόπους
1592 1350 1687 1402 μοι
1732 1332 2003 1388 παντοδα-

420 1422 571 1483 ποὺς
602 1423 957 1491 ἐπιγνώσεως
980 1430 1297 1495 ὑπανοίγων
1322 1444 1337 1460 ·
1371 1429 1467 1482 καὶ
1502 1427 1590 1483 διὰ
1625 1428 1848 1483 πάντων
1877 1427 2005 1481 ἐνά-

418 1530 567 1580 γων,
599 1515 722 1570 ὅθεν
744 1518 843 1589 τὴν
871 1519 1048 1591 ἀρχὴν
1092 1521 1475 1575 ὲκπεπτώκειν
1524 1520 1621 1573 σοῦ
1653 1536 1716 1572 τε
1772 1520 1869 1573 καὶ
1902 1517 2003 1587 τῆς

419 1605 533 1673 σῆς
564 1606 843 1676 βασιλείας
861 1626 877 1642 ο
908 1614 937 1665 ό
959 1613 1055 1671 καὶ
1082 1614 1182 1683 τὴν
1215 1614 1461 1683 σήμερον
1477 1611 1603 1680 ἐμοὶ
1628 1610 2003 1681 χαρισάμενος

419 1701 724 1767 μετανοίας
754 1703 1035 1774 ἀφορμὴν,
1060 1705 1122 1758 τδ
1150 1704 1437 1776 καταρχὰς
1468 1721 1554 1758 σοι
1582 1704 1836 1776 κύρωσον
1871 1702 2000 1773 βού-

416 1795 601 1862 λημα,
634 1794 733 1850 καὶ
759 1796 1011 1867 καθαρὰν
1037 1799 1383 1869 ἐπιστροφήν
1411 1815 1506 1867 μοι
1529 1797 1883 1868 χορήγησον,
1902 1798 1997 1850 καὶ

2115 606 2171 650 et
2206 596 2519 664 impostnrls
2572 596 2672 660 uti,
2718 606 2773 652 et
2807 595 3154 665 impudenter
3186 595 3238 649 in
3271 604 3324 651 te
3365 594 3692 654 debaccliari

2113 698 2365 743 conatur.
2400 686 2506 743 Fac
2534 688 2633 744 ista
2662 688 2744 744 sic
2776 688 3054 753 eveniant,
3089 696 3145 743 et
3166 686 3392 743 credere
3418 688 3499 743 sic
3523 706 3696 754 crcu-

2113 787 2254 842 tura,
2281 787 2521 849 prestat.

2179 869 2547 927 Nihilominus
2593 886 2713 926 mea
2744 886 2908 937 causa
2962 871 3219 944 quiddam
3248 873 3488 943 amplius
3533 874 3601 929 ad
3635 886 3689 932 te

2111 960 2457 1017 referendum
2503 962 2713 1031 putavi,
2773 963 2868 1033 qui
2918 965 3157 1035 peccatis
3210 975 3473 1034 gravatus
3539 980 3686 1030 sum,
3726 950 3741 963 \
3832 998 3847 1035 ρ

2489 1064 2547 1111 ιιι
2603 1055 2864 1114 mortales
2918 1057 2987 1113 ad
3064 1058 3363 1128 requietem
3422 1057 3686 1119 invitasti.
3782 1118 3785 1127 ,

2107 1054 2409 1124 cuiusmodi

2106 1143 2207 1211 Qui
2237 1158 2366 1216 ergo
2396 1145 2649 1201 diuturna
2684 1147 2946 1218 patientia
2974 1148 3110 1205 meis
3145 1150 3200 1205 in
3250 1149 3459 1206 delictis
3491 1151 3686 1215 uteris,

2103 1235 2231 1291 dum
2260 1238 2668 1296 conversionem
2696 1232 2871 1296 meam
2889 1250 3197 1311 exspectas,
3234 1256 3298 1297 ac
3327 1243 3378 1298 in
3412 1242 3688 1312 prioribus

2106 1330 2300 1386 deinde
2330 1332 2696 1400 perseveranti
2720 1342 3027 1403 propterea,
3051 1333 3195 1404 quod
3225 1332 3469 1389 habitum
3503 1333 3682 1388 malo-

2107 1436 2225 1476 rum
2259 1422 2362 1479 sim
2388 1434 2733 1489 consecutus,
2762 1426 2946 1481 varios
2992 1440 3125 1481 sane
3167 1424 3357 1481 modos
3389 1426 3687 1494 agnitionis

2104 1514 2329 1581 aperis,’
2360 1516 2430 1570 ad
2464 1529 2637 1584 eaque
2656 1531 2753 1585 per
2780 1516 2964 1573 omnia
2998 1516 3233 1580 reducis,
3269 1532 3391 1587 qua:
3424 1518 3493 1572 ab
3522 1517 3678 1571 initio

2102 1606 2298 1672 arnisi,
2364 1615 2417 1662 te
2470 1609 2758 1673 videlicet.
2813 1624 3145 1680 regnumque
3216 1620 3396 1675 tuum,
3482 1612 3687 1681 quique

2102 1697 2249 1751 diem
2316 1699 2641 1754 hodiernum
2699 1700 2841 1756 mihi.
2878 1701 3137 1771 ,lsrgitus
3190 1716 3271 1764 es.
3330 1702 3681 1757 occasionem

2114 1791 2507 1857 resipiscendi,
2561 1792 2647 1848 fac
2678 1794 2913 1861 primum
2954 1794 3085 1850 illud
3148 1793 3492 1864 propositum
3528 1803 3679 1848 tuum

417 1858 676 1955 [avt-palmi
702 1858 975 1960 τοσαύτην
1002 1858 1299 1955 ἐπίδειξον,
1835 1858 2000 1959 τραύ-

2109 1882 2271 1936 rnbur
2299 1883 2511 1949 habent,
2548 1894 2603 1939 et
2633 1901 2823 1954 puram
2857 1886 2986 1940 mihi
3018 1886 3430 1941 cunversiuuem
3484 1900 3681 1955 suppe‘

416 1998 581 2050 ματι,
612 1983 853 2055 ὀργῶντι
876 2003 937 2040 τε
964 1988 1061 2040 καὶ
1088 1986 1510 2059 φλεγμαίνοντι.

502 2163 703 2218 Ῥῦσαί
743 2168 935 2237 μετῆς
970 2166 1233 2232 εἰωθυίας
1264 2168 1469 2232 κακίας
1496 2167 1717 2239 (ἡλίκης
1759 2167 1931 2238 οῦσης
1958 2167 1999 2238 !)

412 2254 519 2308 asoti.
547 2258 649 2326 τῆς
712 2260 1019 2329 συντρόφου
1065 2261 1162 2314 καὶ
1223 2260 1407 2331 δεινῆς
1450 2259 1763 2323 αὐθαδείας,
1798 2261 2004 2316 ’ὀλέσαι

342 2362 347 2365 ·
415 2347 597 2414 μόνης
632 2347 941 2420 ἀρκούσης,
986 2353 1085 2406 καὶ
1127 2351 1360 2421 προσέτι
1417 2350 1517 2405 τοῦ
1569 2350 1838 2421 βορϐόρου
1890 2352 2003 2407 τῶν

407 2441 545 2508 ἐμοὶ
572 2440 1162 2513 πεπλημμελημένων,
1213 2444 1294 2506 είς
1330 2442 1392 2497 ὃν
1443 2444 1532 2497 ἀεὶ
1576 2443 2002 2514 καλινδούμενος

407 2534 539 2589 οὐδὲ
569 2534 997 2607 ἐπαισχύνομαι,
1054 2535 1200 2590 κατά
1233 2534 1362 2597 τοὺς
1408 2535 1507 2601 τὰς
1550 2535 1760 2607 φρένας
1816 2552 2001 2607 παρα-

408 2629 739 2699 τραπέντας
764 2630 894 2702 οἴνῳ
932 2630 1153 2701 ἡνόσῳ.
1970 2650 1975 2655 ‘

489 2719 648 2773 Δίδου
680 2736 774 2787 μοι
814 2723 974 2790 χεῖρα
999 2722 1178 2792 χαμαὶ
1208 2720 1469 2791 κειμένῳ,
1512 2720 1610 2773 καὶ
1661 2717 1840 2789 δεσμά
1903 2736 1996 2788 μοι

412 2808 512 2861 λύε
543 2812 1051 2883 κακουργημάτων,
1097 2813 1237 2883 μηδὲ
1287 2812 1420 2882 γοῦν
1460 2813 1541 2878 είς
1595 2811 1722 2866 νοῦν
1751 2812 2000 2883 είληφότι

412 2901 693 2956 τοσούτων
726 2904 883 2966 ἑτῶν,
915 2904 1207 2958 ποῦ-ποτε
1257 2906 1669 2975 κατενήνεγμαι
1716 2907 1831 2959 τῶν
1882 2906 1998 2960 δει-

417 2992 550 3055 νῶν,
586 2992 684 3045 ὑπ’
712 2994 1080 3065 ἀναισθησίας
1112 2994 1387 3067 ἐσχάτης’
1425 2996 1563 3066 μηδι
1600 2995 1882 3066 δυνηθέντι
1913 3014 1999 3051 κι-

417 3079 656 3148 νηθῆναι
693 3081 828 3152 πρὸς
858 3082 918 3135 σὲ
952 3083 1265 3152 τοσύνολον,
1304 3084 1486 3157 νάρκῃ
1518 3086 1751 3156 χρονίων
1811 3084 1997 3158 πλημ-

423 3169 561 3239 μελη
573 3170 784 3239 μάτων.

490 3263 737 3320 Σπεῦσον
773 3265 875 3338 δὴ..
895 3269 989 3322 καὶ
1027 3268 1209 3323 σῶσον
1252 3267 1513 3342 θελήσας.
1551 3271 1740 3340 Ἔχεις
1796 3270 1908 3343 γὰρ
1936 3272 2001 3326 τὸ

420 3354 687 3411 δύνασθαι
722 3358 881 3412 συνὸν
903 3362 991 3415 ἀεὶ
1022 3364 1088 3432 τῇ
1117 3360 1366 3431 θελήσει.
1409 3361 1661 3434 Τάχυνον
1686 3362 1782 3418 τοῦ
1820 3365 2001 3430 ἐξελέ-

424 3446 552 3500 σθαι
590 3465 683 3517 με.
716 3451 744 3502 ό
796 3450 932 3514 Θεός
974 3469 1101 3521 μου,
1158 3451 1219 3518 ἐξ
1276 3452 1411 3522 ὕλης
1473 3453 1640 3524 βυθοῦ
1681 3456 1793 3510 τῶν
1850 3457 1999 3528 ἐμῶν

421 3537 704 3609 ἀθεμίτων
734 3540 1018 3613 πράξεων,
1054 3546 1135 3609 εἰς
1171 3546 1239 3617 ῆν
1268 3546 1411 3609 ἑκὼν
1440 3547 1744 3619 ινεπάγην,
1779 3549 1874 3603 καὶ
1896 3548 1999 3609 οὐκ

421 3632 570 3686 εστιν
610 3632 942 3699 ὕπόστασις,
976 3637 1120 3690 κατά
1152 3637 1247 3691 τὸν
1285 3637 1377 3693 σὺν
1406 3641 1707 3709 προφήτην
1770 3642 1947 3694 εἰπεῖν
1979 3655 1995 3674 ο

423 3726 628 3793 μᾶλλον
650 3726 707 3780 δὲ
743 3728 836 3781 καὶ
856 3728 1024 3796 ἔτερα
1044 3728 1379 3801 προσθῶμεν
1410 3733 1526 3793 τοῖς
1549 3731 1892 3801 είρημένοις.
1934 3726 1996 3785 οῦ

422 3818 513 3869 xxi.
540 3817 603 3870 τδ
641 3834 708 3887 με
716 3818 960 3889 μνῆσθαι
987 3819 1175 3889 μόνον,
1206 3820 1401 3890 κέρδος
1426 3821 1493 3876 ἀν
1519 3822 1724 3892 ἤνεγκε
1757 3826 1876 3888 ταῖς
1895 3823 2001 3894 ψυ-

419 3911 567 3980 χαῖς.

501 3998 887 4071 Ἐπαλαιώθην
914 4003 974 4056 ἐν
998 4004 1135 4057 πᾶσι
1167 4005 1281 4067 τοῖς
1306 4002 1527 4073 ἐχθροῖς
1556 4016 1687 4072 μουο
1720 4004 1999 4077 εγενόμην

418 4093 608 4156 αὐτοῖς
636 4093 720 4156 είς
754 4093 1166 4164 μυκτηρισμδν,
1191 4096 1289 4149 καὶ
1320 4098 1435 4158 τοις
1478 4097 1641 4155 ποσὶν
1669 4096 1855 4149 αὐτῶν
1890 4114 1997 4159 κα-

417 4182 749 4249 ταπάτημα.
793 4184 902 4239 Καὶ
927 4182 1022 4235 νῦν
1040 4200 1101 4251 γε
1134 4184 1336 4255 κέχηνε
1370 4184 1543 4253 στόμα
1580 4183 1762 4245 δεινὸν
1805 4187 1997 4250 αὐτοῖς

418 4274 521 4341 ἐμὲ
590 4276 886 4329 καταπιεῖν
929 4275 1312 4347 ἐπειγόμενον.
1347 4276 1681 4350 Φθασάτωη
1724 4280 1847 4350 χείρ
1898 4296 1995 4334 σου

417 4365 514 4417 τοῦ
548 4365 724 4421 σῶσαί
760 4383 849 4436 με,
878 4367 955 4437 μή
989 4384 1121 4421 ποτε
1154 4367 1230 4431 ώς
1255 4367 1392 4423 λέων
1422 4368 1652 4440 ἀρπάσῃ
1675 4368 1774 4443 τὴν
1809 4369 1996 4441 ψυχήν

421 4476 557 4529 μου,
594 4460 672 4530 μὴ
695 4458 851 4523 sm;
882 4460 1278 4531 λυτρουμένου,
1315 4461 1451 4531 μηδδ
1508 4443 1800 4527 σώζοντος.
1821 4464 1997 4527 Ἴασις

2102 1974 2237 2038 dita,
2264 1977 2593 2046 remediique
2621 1988 2828 2031 tantmu
2861 1979 3134 2042 exhilieto,
3187 1989 3389 2047 quanto
3424 1977 3526 2047 ipsi
3568 1979 3688 2033 vul-

2104 2067 2219 2122 neri
2258 2083 2395 2137 opus
2430 2078 2516 2123 est
2564 2070 2793 2124 tumenti
2828 2081 2883 2125 et
2912 2072 3258 2127 “aestuanti.

2172 2161 2365 2216 Libera
2398 2176 2481 2215 me
2530 2178 2559 2215 a
2588 2172 2846 2219 consueta
2896 2162 3207 2227 vitiositate,
3240 2167 3396 2233 (proh
3426 2165 3441 2219 l
3479 2176 3687 2234 quanta

2103 2252 2251 2309 istaec
2276 2254 2445 2324 est!)
2533 2264 2591 2311 et
2640 2257 2975 2335 collectanea
3034 2258 3261 2325 diraque
3317 2260 3685 2324 contumacia,

2101 2360 2223 2415 qua:
2282 2347 2348 2401 ad
2408 2348 2744 2416 perdendum
2781 2350 2865 2403 vel
2899 2349 3015 2404 sula
3057 2350 3278 2412 suﬂicit,
3328 2365 3392 2404 ac
3426 2360 3685 2419 praeterea

2099 2454 2131 2493 a
2192 2453 2351 2494 caeno
2378 2439 2703 2499 delictorum
2739 2456 3003 2507 meorum,
3051 2442 3103 2497 in
3164 2457 3271 2512 quo
3322 2457 3409 2495 me
3472 2457 3685 2512 seraper

2100 2530 2333 2587 volutari
2366 2546 2433 2587 ne
2488 2534 2644 2603 pudet
2681 2534 3159 2603 qnidem,‘eorum'
3210 2535 3263 2589 in
3304 2550 3536 2598 morem,
3592 2535 3685 2604 qui

2099 2637 2165 2679 ex
2216 2624 2363 2690 vino,
2406 2625 2486 2679 vel
2526 2628 2715 2681 mnrlio
2742 2627 3002 2697 quodam.
3030 2642 3061 2681 e
3092 2634 3358 2694 potestate
3378 2628 3683 2682 exiverunt.

2168 2714 2395 2782 Porrige
2438 2718 2571 2773 milii
2633 2735 2850 2775 manum
2908 2720 3056 2798 humi
3087 2719 3313 2788 iacenti,
3366 2718 3688 2789 \inculaque

2097 2806 2363 2864 scelerum
2397 2810 2525 2865 mihi
2560 2810 2763 2877 laxato,
2792 2812 2881 2883 qui
2920 2820 2998 2868 tot
3046 2813 3114 2868 ab
3145 2811 3307 2868 annis
3354 2825 3423 2866 ne
3467 2810 3684 2883 quidem

2098 2902 2164 2956 ad
2219 2899 2459 2957 animum
2516 2904 2785 2969 revocavi,
2843 2920 2952 2975 quo
2986 2905 3251 2961 malorum
3314 2904 3525 2963 delatus
3557 2904 3685 2960 sim.

2097 3002 2323 3063 stupore
2354 2995 2590 3065 quodam
2639 3004 2924 3061 extremo,
2957 3011 3060 3053 nec
3107 2996 3330 3053 omnino
3378 2995 3584 3051 moveri
3612 2995 3682 3051 ad

2098 3093 2153 3140 te
2191 3087 2363 3155 potui,
2398 3090 2469 3143 ob
2498 3087 2793 3159 profectam
2816 3104 2885 3146 es
2914 3090 3185 3146 diuturnis
3215 3090 3457 3162 peccatis
3484 3098 3679 3162 torpeo

2023 3205 2070 3266 ο
2102 3170 2307 3266 dinem.

2178 3264 2418 3335 Festina,
2444 3282 2651 3338 quaeso,
2686 3270 3086 3342 mequelibens
3113 3285 3296 3329 serva.
3330 3271 3508 3329 Habes
3536 3272 3681 3329 enim
3726 3313 3731 3317 -

2103 3367 2426 3427 potestatem
2452 3376 2574 3425 cum
2600 3363 2883 3420 voluntate
2914 3378 3134 3435 semper
3162 3365 3534 3434 coniunctam.
3568 3366 3677 3419 Ac-

2101 3452 2303 3520 celera,
2331 3454 2400 3508 mi
2433 3453 2593 3523 Deus,
2628 3467 2684 3509 ut
2706 3457 2906 3525 eripias
2938 3473 3024 3513 tne
3056 3459 3123 3514 de
3154 3458 3297 3512 mole
3326 3456 3554 3527 gurgitis
3584 3471 3682 3513 ne-

2100 3542 2362 3599 fariorum
2391 3544 2690 3602 facinorum
2724 3563 2994 3607 meorum.
3018 3549 3071 3606 in
3094 3564 3199 3621 qua
3227 3560 3422 3619 sponte
3468 3549 3678 3606 deﬁxus

2101 3635 2305 3702 haereo,
2332 3653 2432 3694 nec
2461 3640 2761 3696 consistere
2791 3640 2942 3707 licet,
2971 3651 3031 3697 ut
3061 3652 3153 3696 tuo
3176 3657 3300 3696 cum
3318 3653 3442 3696 vate
3464 3640 3677 3709 loquar.

2099 3731 2194 3787 Vel
2224 3732 2404 3801 potius
2432 3741 2487 3786 et
2531 3732 2637 3787 alia
2677 3748 2823 3790 nunc
2852 3734 3016 3790 dictis
3066 3734 3411 3802 adjiciamus,
3442 3748 3676 3803 quorum

2101 3822 2185 3878 \el
2245 3822 2556 3881 meminisse
2590 3825 2872 3889 duntaxat,
2900 3826 3097 3882 animis
3126 3826 3340 3882 lucrum
3402 3826 3673 3883 attulerit.

2172 4000 2316 4056 lntcr
2349 4000 2596 4057 inimicos
2631 4016 2779 4059 meos
2835 4001 3118 4060 universos
3150 4004 3443 4061 consenui.
3475 4002 3677 4063 Factus

2098 4105 2221 4145 sum
2239 4090 2321 4146 eis
2350 4090 2663 4157 ludibrium,
2689 4105 2742 4147 et
2764 4092 2996 4161 pedibus
3015 4106 3204 4149 eorum
3230 4095 3677 4163 ρωποι-,λάθοι

2097 4196 2204 4252 que
2235 4181 2413 4238 diruat
2467 4196 2615 4239 nunc
2652 4198 2714 4238 os
2767 4184 2899 4252 ipsis
2948 4184 3227 4239 diductum
3264 4195 3367 4252 est,
3401 4187 3544 4257 quod
3574 4187 3673 4241 ab-

2097 4275 2323 4330 sorbere
2375 4289 2463 4330 me
2518 4286 2798 4346 properat.
2851 4276 3152 4348 Anticipct,
3212 4294 3423 4357 quaeso,
3479 4295 3671 4336 manus

2100 4376 2210 4431 tua,
2236 4382 2344 4438 quo
2376 4383 2462 4424 me
2488 4377 2690 4435 servet,
2727 4383 2794 4424 ne
2820 4370 2998 4426 leonis
3028 4370 3202 4426 instar
3227 4372 3403 4442 rapiat
3432 4373 3670 4429 animant

2097 4476 2297 4530 meam,
2332 4476 2596 4533 nusquam
2626 4464 2941 4529 exsistente,
2987 4463 3077 4531 qui
3135 4463 3346 4528 liberet,
3371 4464 3531 4535 quive
3559 4479 3675 4519 ser-

417 4553 525 4607 οὐκ
564 4553 716 4606 εστιν
743 4553 802 4607 ἑν
826 4555 903 4625 τῇ,
920 4552 1087 4623 σαρκί
1126 4569 1229 4621 μου
1247 4568 1262 4585 ο
1293 4553 1491 4624 εἰρήνη
1512 4552 1625 4609 τῶν
1644 4552 1855 4606 ὀστέων
1886 4571 1994 4625 μου

2109 4565 2211 4611 ret.
2240 4552 2356 4610 Non
2389 4553 2498 4610 ulla
2522 4563 2603 4609 est
2633 4556 2687 4629 in
2719 4570 2883 4611 carne
2913 4569 3030 4610 mra
3065 4554 3293 4612 sanitas.
3318 4554 3430 4611 Pax
3457 4556 3671 4611 ossibus

424 4646 670 4715 μακρὰν,
705 4645 801 4699 καὶ
827 4645 938 4699 τῶν
966 4643 1181 4715 μυελῶν
1200 4645 1384 4699 αὐτῶν
1412 4644 1614 4699 ἄπεστι
1646 4644 1709 4698 τὸ
1737 4646 1997 4716 ἠρεμεῖν.

423 4738 614 4791 Πάντα
649 4736 707 4790 δὲ
730 4736 882 4807 τάμὰ
935 4736 1179 4808 ταραχή.
1226 4736 1417 4789 Πάντα
1467 4735 1650 4798 νόσος*
1690 4735 1791 4789 καὶ
1831 4736 1866 4806 ἠ
1911 4736 2001 4790 ιλ-

418 4831 541 4893 πὶς,
575 4829 638 4883 τὸ
695 4830 1045 4900 παραμύθιον
1096 4829 1207 4892 τῶν
1251 4828 1467 4893 δεινῶν,
1504 4829 1704 4899 μικροῦ
1748 4828 1867 4883 δεῖν.
1908 4844 2003 4882 πε-

424 4920 688 4992 ριῄρηται
723 4922 819 4975 καὶ
848 4919 1164 4983 ἀπόλωλεν,
1215 4920 1350 4988 ἐμοῦ
1415 4918 1867 4989 προκαλουμένου
1928 4919 2001 4974 τὰ

418 5013 537 5066 τῶν
565 5011 755 5065 κακῶν
792 5010 969 5066 αῐτια.
1028 5010 1271 5081 Ἀληθῶς
1301 5010 1413 5082 γὰρ
1469 5009 1719 5083 ὑπερῆρε
1761 5008 1862 5080 τὴν
1910 5027 2001 5063 κε-

421 5103 610 5174 φαλήν
633 5119 736 5171 μου
764 5102 835 5155 τὰ
858 5104 917 5156 ὲν
947 5104 1164 5171 ἀγνοίᾳ,
1193 5102 1289 5155 καὶ
1317 5102 1586 5172 ῥᾳθυμίᾳ,
1632 5100 1730 5155 καὶ
1771 5101 1998 5172 καιρικῇ

423 5194 720 5264 συντυχίᾳ,
776 5194 871 5249 καὶ
918 5193 1001 5247 ἐτι
1048 5191 1276 5261 γνώσει,
1304 5194 1401 5246 καὶ
1454 5192 1686 5264 σπουδῇ,
1718 5193 1813 5246 καὶ
1850 5192 2001 5247 θέσει

421 5285 799 5357 ἡμαρτημένα
830 5301 962 5355 μοι·
989 5285 1086 5338 καὶ
1113 5282 1273 5337 τοῦτό
1324 5302 1418 5355 μοι
1478 5287 1671 5353 γέγονε
1718 5284 1782 5337 τὸ
1827 5284 2002 5339 δεινὸν

425 5376 539 5431 ἀπὸ
566 5375 866 5447 προσώπου
897 5374 996 5444 τῆς
1026 5374 1218 5445 ὀργῆς,
1254 5376 1350 5428 καὶ
1391 5374 1860 5445 ἐγκαταλείψεως,
1907 5374 2003 5428 καὶ

424 5471 792 5538 ἀποστροφῆς
842 5485 963 5533 σου,
1018 5466 1129 5522 ἀπὸ
1181 5467 1473 5536 προσώπου
1527 5469 1627 5540 τῆς
1683 5466 2004 5537 ἀφροσύνης

430 5579 558 5631 μου,
610 5544 815 5631 δι⁹⁴⁵ἧν
888 5579 983 5631 μοι
1042 5560 1141 5614 καὶ
1194 5562 1244 5614 oi
1309 5561 1577 5632 μώλωπες
1641 5559 2003 5632 προσώζεσαν

426 5654 557 5725 ᾔδη,
585 5654 684 5707 καὶ
739 5655 944 5723 σέσηπε
973 5653 1042 5713 τὰ
1079 5652 1371 5725 τραύματα
1401 5653 1501 5721 τῆς
1532 5653 1732 5723 ψυχῆς.

501 5742 611 5798 Φεῦ
638 5746 762 5814 ttat!
794 5743 962 5807 τάλας
987 5742 1121 5811 εγὼ,
1152 5743 1235 5798 ὅτι
1261 5743 1356 5799 σοῦ
1393 5744 1490 5798 τοῦ
1520 5745 1732 5807 ἀγαθοῦ
1768 5744 2004 5815 ἠλλαξά-

432 5854 545 5909 μην
577 5837 819 5893 κάκιστα
844 5837 1007 5908 ἔργα,
1036 5830 1111 5894 ὧν
1138 5837 1263 5908 ἐμοὶ
1317 5836 1800 5911 προστριόομένων
1833 5853 2003 5910 κατῃ-

2100 4646 2235 4709 meis
2270 4645 2458 4711 procul
2507 4647 2681 4713 abest,
2717 4655 2773 4703 ct
2828 4647 2962 4717 ipse
3018 4648 3267 4703 medullae
3292 4647 3533 4715 requiete
3575 4663 3662 4703 ea.
3768 4690 3781 4703 .

2099 4746 2243 4795 rent.
2269 4736 2466 4793 Omnia
2488 4753 2604 4794 mea
2627 4738 2843 4795 nonnisi
2875 4740 3231 4811 perturbatio,
3283 4738 3500 4795 nonnisi
3527 4754 3673 4795 mor-

2098 4828 2236 4893 bus:
2272 4838 2326 4887 et
2378 4845 2529 4899 Spes,
2582 4832 2846 4888 malorum
2904 4832 3225 4898 remedium,
3276 4831 3671 4907 propemodum

2099 4921 2277 4978 ablata
2306 4922 2434 4978 mihi
2488 4923 2682 4994 periit,
2715 4924 2843 4978 dum
2884 4923 2996 4993 ipse
3028 4922 3297 4989 alatorum
3341 4935 3539 4977 causas
3578 4936 3672 4975 ar-

2100 5023 2280 5065 cesso.
2312 5009 2445 5064 Nam
2470 5026 2597 5067 vcre
2638 5012 3091 5069 transcenderunt
3116 5021 3280 5080 caput
3314 5026 3516 5075 meum,
3553 5026 3675 5081 quae

2100 5116 2201 5171 per
2254 5102 2670 5172 ignorationem,
2700 5112 2756 5160 et
2808 5103 3138 5167 socordiam,
3179 5112 3234 5159 et
3270 5105 3431 5158 rebus
3478 5104 3551 5157 ita
3586 5102 3671 5159 fe-

2104 5193 2375 5258 rentibus,
2413 5202 2576 5265 atque
2599 5197 2763 5251 etiam
2787 5212 2854 5253 ex
2883 5196 3051 5251 animi
3080 5195 3333 5261 scientia,
3384 5195 3568 5250 studio
3617 5202 3676 5251 ct

2101 5284 2381 5354 proposito
2405 5286 2696 5343 commissa
2721 5298 2847 5344 sunt
2871 5307 2885 5343 :
2918 5296 3199 5359 totumque
3224 5288 3425 5342 malum
3460 5290 3560 5343 hoc
3583 5302 3679 5343 ac-

2103 5376 2239 5430 cidit
2263 5376 2393 5430 milii
2426 5391 2457 5430 a
2478 5374 2621 5431 facie
2655 5377 2751 5432 ira:
2786 5388 2913 5443 tuas,
2947 5394 3013 5434 ac
3046 5378 3404 5445 desertionis,
3440 5389 3495 5434 et
3519 5392 3677 5432 aver—

2104 5469 2316 5536 siouis;
2366 5468 2662 5538 itidemque
2700 5483 2733 5525 α
2767 5469 2910 5526 facie
2961 5470 3202 5530 stultitiae
3245 5486 3401 5539 mete,
3454 5477 3677 5540 prepter

2072 5566 2077 5571 ‘
2107 5575 2267 5631 quam
2301 5570 2355 5617 et
2381 5560 2667 5616 cicatrices
2692 5575 2822 5616 mere
2851 5560 3067 5630 fmtent,
3094 5572 3148 5619 et
3194 5563 3360 5618 animi
3419 5565 3525 5619 mei
3553 5560 3673 5617 vulo

2107 5665 2238 5707 nera
2267 5659 2608 5719 putruerunt.

2143 5774 2149 5779 -
2178 5741 2278 5798 Hei
2307 5743 2439 5798 mihi
2466 5743 2686 5809 misero,
2713 5744 2861 5814 quod
2887 5754 3089 5809 tecum,
3116 5745 3207 5815 qui
3236 5743 3412 5799 bonus
3438 5756 3519 5807 es,
3548 5754 3674 5809 pes-

2106 5834 2244 5893 sima
2286 5834 2525 5895 facinora
2569 5839 2901 5895 commutavi
2943 5856 2959 5895 :
3000 5854 3122 5910 qua:
3187 5837 3317 5892 mihi
3390 5835 3676 5925 deturpato
