3990 6572
253 421 350 482 sas
1189 420 1528 483 JOANNES
1579 421 2052 484 ANAGNOSTA.
2102 415 2612 512 â€”NOTITIA.I_
3381 389 3480 476 586

249 535 395 602 gittis
426 532 667 600 impulsis
695 533 1045 598 dintolltrum,
1070 537 1440 605 machinasque
1468 553 1645 590 omnes
1675 538 1746 589 ad
1768 537 1948 590 urbem
1974 535 2318 589 excidendam
2348 542 2758 600 usurpaturum.
2791 530 2923 599 Cap.
2961 530 3048 595 l3,
3068 545 3186 583 rum
3228 545 3257 583 a
3293 526 3482 581 Turcis

252 621 448 672 urbem
487 631 798 687 superatam
830 623 1240 677 memoravisset
1260 641 1274 677 :
1296 623 1490 678 Omnes
1516 625 1696 692 itaque
1731 640 1844 687 nos,
1873 635 1930 676 ut
1949 626 2139 691 cuique
2154 624 2322 683 licuit,
2355 625 2536 691 fugam
2565 629 2916 683 maturantes,
2960 619 3053 672 alii
3079 621 3130 671 in
3149 619 3344 672 callibus
3372 633 3482 670 sese

245 707 465 768 abdere,
516 709 612 759 alii
644 708 697 759 in
731 709 998 763 cuniculos
1031 720 1078 764 et
1117 713 1360 778 sepulcra
1389 752 1404 771 ,
1451 721 1502 764 et
1545 715 1591 766 si
1618 710 1746 780 quid
1790 711 1939 764 aliud
1965 713 2129 764 saluti
2159 710 2546 764 conducibilius
2593 707 2886 773 videbatur,
2917 723 3020 759 non
3045 706 3235 773 absque
3256 716 3482 758 tremore

245 792 558 859 subrepere.
589 794 724 862 Cap.
755 795 842 858 18,
875 798 963 848 ubi
989 797 1054 850 de
1090 795 1315 852 Muratis
1344 813 1374 851 a
1411 796 1996 852 Thessalonicensibus
2033 795 2186 852 abitu
2219 797 2494 864 loquitur:
2526 795 2852 848 Primatibus
2887 795 2996 847 suis
3025 791 3337 864 [Min-atem]
3370 794 3486 859 qui-

242 880 373 932 dam
397 881 555 933 etiam
584 892 912 936 sacramento
935 883 1108 950 ferunt
1129 885 1324 938 dixisse
1351 903 1364 939 :
1396 883 1662 952 Injustum
1685 894 1784 948 est,
1829 900 1946 937 cum
2001 887 2153 938 rebus
2186 883 2576 937 debellatorum
2605 878 3218 952 [Thessalonicensium]
3253 879 3485 932 debella-

243 978 326 1018 tos
363 984 577 1037 quoque
608 969 660 1021 in
690 970 899 1023 vincula
933 973 1143 1039 conjici,
1184 981 1234 1026 et
1262 974 1439 1040 patria
1463 972 1570 1025 alio
1601 972 1856 1026 abductos
1887 972 2145 1040 spoliari:
2179 972 2474 1024 libertatem
2504 971 2682 1038 itaque
2711 968 2817 1021 illis
2847 967 3203 1026 stabiliamus,
3236 967 3282 1019 si
3300 967 3372 1018 ita
3405 969 3480 1018 vi-

242 1055 430 1112 detur.
461 1064 554 1107 aut
585 1056 696 1108 sine
724 1058 892 1123 pretio
917 1057 1038 1111 illos
1069 1058 1404 1125 accipientes,
1438 1071 1527 1112 aut
1557 1059 1690 1111 illud
1737 1075 1828 1112 nos
1863 1068 2136 1127 erogantes
2158 1073 2177 1110 :
2211 1059 2516 1110 auditorum
2551 1056 2682 1108 alios
2741 1057 3051 1108 sententiam
3080 1054 3351 1114 laudasse,
3383 1053 3487 1104 ad-

240 1139 521 1204 hortatos,
547 1151 601 1192 ut
631 1141 868 1208 faceret;
899 1143 988 1195 sed
1015 1159 1177 1196 unum
1203 1159 1268 1197 ex
1295 1145 1537 1208 ducibus,
1589 1145 1679 1211 qui
1715 1144 1976 1214 dignitate
2004 1153 2221 1198 ceteros
2253 1142 2596 1198 antecellebat
2621 1183 2634 1202 ,
2671 1159 2772 1194 non
2795 1151 3003 1194 tantum
3031 1158 3134 1194 non
3166 1141 3488 1208 approbasse

241 1227 412 1277 verba
447 1225 522 1299 de
539 1227 802 1292 libertate,
836 1231 926 1280 sed
952 1239 1000 1282 et
1020 1231 1208 1299 quibus
1234 1241 1436 1299 poterat
1474 1231 1804 1295 rationibus,
1827 1231 2104 1284 consilium
2135 1230 2388 1296 principis
2435 1229 2768 1298 impedirisse
2791 1245 2809 1281 :
2843 1239 2893 1282 et
2924 1245 3042 1281 vero
3069 1228 3266 1281 similia
3291 1227 3489 1292 dicere,

240 1313 399 1380 quod
420 1297 556 1365 alios
579 1316 822 1380 anteiret,
847 1317 985 1368 visus
1008 1297 1108 1369 est.
1142 1297 1274 1370 Erat
1312 1318 1468 1385 plane
1495 1319 1548 1371 id
1571 1332 1772 1387 quoque
1798 1316 2033 1370 meorum
2063 1316 2315 1370 scelerum
2346 1316 2574 1384 fructus,
2618 1327 2669 1367 nt
2707 1317 2817 1376 ipse
2847 1315 2973 1368 mihi
2997 1315 3216 1378 suadeo,
3243 1317 3492 1382 quemad-

246 1393 479 1452 modum
500 1409 550 1453 et
570 1416 686 1469 quo:
715 1417 921 1456 evenere
947 1404 1188 1471 reliqua;
1216 1405 1334 1458 licet
1364 1406 1602 1458 nonnulli
1653 1419 1944 1458 sermonem
1999 1403 2138 1456 hunc
2170 1419 2269 1456 non
2295 1390 2591 1468 patentibus
2629 1402 2848 1454 auribus
2869 1403 3199 1470 arripientes,
3229 1418 3391 1470 neque
3415 1419 3485 1456 se.

248 1490 517 1556 metipsos
541 1506 757 1542 causam
782 1491 945 1555 fuisse
960 1492 1294 1559 judicantes,
1355 1493 1546 1546 divinis
1571 1493 1845 1560 prteceptis
1873 1491 2143 1560 neglectis,
2191 1490 2490 1570 hominibus
2522 1501 2798 1543 eventuum
2822 1505 3015 1543 causas
3056 1489 3347 1543 ascribunt.
3381 1489 3494 1558 Ego

249 1591 407 1638 vero,
427 1578 683 1645 quidquid
709 1579 764 1630 id
785 1578 966 1646 fuerit,
993 1580 1186 1632 divinat
1213 1580 1478 1648 punitioni
1507 1590 1718 1649 prapter
1747 1595 1916 1634 meum
1942 1582 2314 1635 correctionem
2339 1581 2534 1634 tribuo.

332 1663 403 1718 V.
434 1665 565 1719 Post
597 1666 729 1731 hare,
765 1667 964 1719 nudam
1011 1667 1222 1721 civibus
1249 1666 1693 1722 Thessalonicam
1741 1665 1980 1720 Murates
2006 1667 2197 1722 incolis
2228 1669 2551 1721 instructam
2604 1665 2881 1732 cupiebat,
2932 1665 3162 1736 ideoque
3186 1667 3416 1721 diversis
3443 1665 3496 1720 in

253 1752 399 1806 locis
432 1763 843 1807 commorantes
901 1751 1421 1810 Thessalonicenses
1469 1754 1520 1807 in
1573 1753 1819 1807 eamdem
1851 1743 2160 1810 revocabat.
2202 1753 2349 1808 Inter
2405 1755 2528 1819 bos,
2559 1754 2650 1820 qui
2678 1752 3121 1807 Thessalonicam
3145 1753 3496 1822 repetierant,

257 1851 455 1906 postea
483 1853 612 1893 vero
637 1854 792 1892 suum
817 1841 867 1892 in
900 1855 1018 1894 eam
1045 1841 1275 1895 reditum
1308 1841 1665 1903 damnabant.
1701 1856 1825 1895 cum
1848 1840 2084 1897 Murates
2104 1843 2486 1911 aliquotannis
2509 1841 2706 1910 elapsis
2740 1851 2862 1910 post
2890 1839 3190 1903 excidium,
3209 1841 3494 1912 ingressus

259 1927 485 1991 urbem,
517 1927 781 1994 promissa
817 1924 1399 1984 Thessalonicensibus
1450 1944 1554 1982 non
1593 1936 1858 1992 servaret,
1893 1939 2078 1983 noster
2110 1929 2420 1998 Anagnosta
2467 1929 2588 1983 fuit.
2620 1927 2808 1982 Tradit
2841 1929 2953 1982 haec
2993 1943 3112 1997 cap.
3166 1928 3272 1983 l9:
3323 1927 3495 1982 Porro

261 2012 449 2066 abiere
466 2029 756 2080 praecones,
793 2013 1042 2083 inquiens
1060 2055 1075 2080 ,
1101 2015 1170 2068 ad
1194 2015 1362 2068 multa
1393 2016 1539 2068 illius
1563 2016 1783 2069 ditionis
1803 2015 1922 2072 loca
1944 2059 1960 2083 ,
1988 2028 2046 2070 ut
2075 2017 2277 2070 dictum
2311 2026 2387 2070 est
2412 2057 2427 2082 ,
2453 2033 2580 2086 quos
2611 2031 2843 2085 reperere
2873 2013 3376 2082 Tltessalonicenses,
3407 2017 3501 2085 qui

265 2112 394 2153 ante
454 2099 734 2154 nonnullos
766 2116 933 2154 annos
971 2117 1146 2154 rerum
1176 2103 1436 2170 angustiis
1470 2105 1633 2170 pressi
1663 2118 1727 2156 ex
1754 2120 1815 2156 ea
1847 2115 2186 2168 secesserant,
2228 2106 2388 2158 etiam
2414 2107 2460 2158 vi
2491 2103 2702 2157 reduces
2735 2103 2921 2173 fecere,
2957 2106 3187 2171 captivos
3219 2105 3338 2157 item
3368 2119 3501 2173 quo-

267 2203 372 2250 quo
404 2189 559 2240 modo
587 2188 642 2242 in
665 2188 962 2242 libertatem
989 2190 1302 2244 vindicatos.
1335 2189 1540 2245 Ibidem
1573 2191 1734 2258 paulo
1753 2199 1877 2258 post
1905 2207 1919 2244 :
1954 2189 2317 2260 Opinabamur
2357 2206 2500 2252 vero,
2535 2189 2716 2243 urbem
2747 2205 2928 2242 rursus
2952 2191 3234 2256 pristinum
3258 2191 3500 2242 decorem

275 2284 629 2343 recepturam,
667 2284 717 2328 et
749 2278 994 2341 pietatent
1042 2277 1189 2330 novis
1225 2277 1444 2346 floribus
1475 2294 1818 2340 emersurum,
1850 2288 1921 2340 et,
1954 2289 2009 2331 ut
2053 2289 2230 2342 antea,
2259 2278 2413 2348 longe
2446 2278 2650 2347 lateque
2681 2279 3081 2348 divagaturam.
3119 2277 3183 2332 Et
3209 2277 3346 2346 forte
3379 2278 3501 2346 ÎµÏ€Îµ-

259 2361 418 2416 á¼°-Î¹Î¹Î¹Î·Î¹
451 2363 742 2427 habuisset,
773 2363 828 2417 ni
859 2378 1042 2417 rursus
1073 2379 1308 2417 meorum
1361 2363 1670 2420 delictorum
1722 2367 1872 2433 copia
1895 2367 2204 2431 obstitisset,
2243 2367 2504 2434 datusque
2527 2372 2660 2420 esset
2691 2365 2842 2418 locus
2875 2366 3226 2435 improbitati.
3276 2365 3361 2420 Ex
3400 2381 3504 2430 quo

272 2451 414 2504 enim
444 2451 634 2504 civitas
691 2452 992 2518 captivitate
1019 2467 1201 2520 pressa
1254 2451 1452 2520 fuerat,
1481 2462 1530 2505 et
1562 2452 1807 2508 Murates
1839 2454 2042 2519 omnia,
2074 2464 2121 2507 et
2155 2453 2379 2520 wdiï¬cia
2405 2493 2421 2518 ,
2457 2463 2504 2506 et
2530 2454 2901 2520 possessiones,
2928 2463 2978 2506 et
3001 2467 3158 2506 sacra
3194 2453 3412 2519 templa.
3453 2471 3488 2505 Î¿

275 2535 622 2604 monasteria,
657 2548 708 2591 et
740 2554 922 2592 eorum
945 2539 1164 2602 reditus,
1206 2539 1355 2593 nobis
1395 2541 1764 2594 revertentibus
1797 2557 2003 2610 quoquo
2033 2542 2187 2595 modo
2223 2541 2402 2594 liberis
2424 2540 2580 2611 factis
2606 2539 2880 2609 magniï¬ce
2903 2547 2954 2592 et
2985 2540 3205 2608 scripto,
3227 2548 3279 2594 et
3301 2556 3504 2594 sermo-

277 2642 340 2678 ne
366 2626 620 2692 elargitus
649 2635 751 2689 est,
803 2634 853 2680 et
887 2625 1018 2681 locis
1049 2641 1115 2681 ex
1165 2628 1404 2682 omnibus
1455 2629 1856 2682 advenientibus
1899 2627 2195 2681 libertatem
2221 2629 2406 2696 palam
2426 2627 2615 2693 edixit,
2649 2638 2696 2680 et
2719 2644 2844 2681 suas
2877 2627 3083 2692 domus,
3115 2636 3165 2681 et
3183 2643 3506 2697 quotcunque

277 2713 570 2767 immobilia
595 2730 770 2768 onmes
805 2726 1204 2779 recuperarunt,
1249 2725 1298 2769 et
1323 2717 1452 2769 ordo
1505 2719 1695 2779 omnis,
1721 2725 1770 2770 et
1798 2731 1921 2785 gens
1958 2719 2198 2770 universa
2225 2716 2454 2769 civitatis
2505 2714 2731 2769 secundo
2777 2715 2959 2784 augeri
2988 2717 3329 2783 renovarique
3359 2717 3504 2796 haud

280 2801 603 2868 improspere
636 2817 856 2870 cupere,
887 2810 935 2853 et
963 2811 1147 2867 pastor
1207 2803 1351 2854 urbis
1397 2812 1625 2864 creatus.
1678 2811 1728 2856 et
1786 2803 2022 2857 Ecclesia
2078 2806 2310 2857 constitit
2368 2805 2479 2857 suis
2549 2805 2805 2858 institutis
2852 2804 3154 2872 conspicua,
3211 2817 3262 2860 et
3317 2823 3508 2859 mana.

285 2889 370 2942 chi
391 2890 713 2942 monasteria
745 2899 1043 2949 tenuerunt,
1076 2900 1121 2942 et
1153 2889 1382 2943 studiose
1406 2890 1691 2942 admodum
1716 2905 1892 2943 eorum
1925 2893 2218 2961 augmentis
2247 2891 2542 2956 inhiabant,
2583 2907 2859 2957 omnesque
2892 2908 2978 2959 spe
2993 2889 3334 2945 lactubamur
3365 2893 3502 2946 bona

282 2989 356 3042 et,
390 2990 447 3032 ut
482 2979 704 3031 breviter
737 2995 816 3033 nte
851 2978 1149 3047 expediam,
1183 2988 1401 3045 prapter
1425 2979 1689 3031 excidium
1717 2981 1863 3032 nobis
1888 2979 2145 3031 malorum
2180 2967 2454 3032 illato'rum
2487 2979 2742 3033 memoria
2769 2981 2992 3045 amissa,
3024 2981 3385 3048 gaudebamus
3408 2998 3506 3048 pro

291 3067 378 3132 iis,
407 3081 526 3136 qua:
558 3065 704 3118 nobis
741 3067 1007 3133 insperato
1034 3067 1352 3136 obtigerant,
1375 3078 1422 3119 et
1447 3067 1726 3134 pristinam
1755 3067 2060 3136 felicitatem
2114 3066 2662 3136 tranquillitatemque
2693 3077 3094 3121 consecuturum
3127 3067 3304 3120 urbem
3323 3085 3508 3136 spera-

289 3154 509 3214 bamus;
540 3154 650 3206 tuin
671 3169 736 3206 ex
759 3155 928 3219 nobis,
971 3165 1024 3206 ut
1058 3153 1334 3222 proverbio
1380 3155 1570 3223 fertur,
1593 3155 1762 3208 lorum
1791 3166 2056 3222 sumptum
2092 3163 2190 3226 est,
2222 3141 2294 3215 et,
2316 3169 2432 3223 qua
2458 3156 2870 3224 expectabantur
2907 3157 3063 3219 bona,
3096 3137 3151 3209 iit
3179 3158 3508 3212 contrarium

293 3241 607 3294 reciderunt.
635 3239 767 3309 Cap.
795 3240 867 3294 20
895 3257 908 3294 :
949 3238 1091 3294 Nam
1146 3239 1578 3295 Thessalonicam
1627 3251 1858 3309 repetens
1896 3242 2138 3297 Murates
2169 3241 2453 3315 [secundus
2481 3254 2591 3296 tum
2623 3245 2867 3299 currebat
2892 3243 2970 3298 vel
2999 3245 3184 3298 tertius
3215 3257 3330 3315 post
3369 3250 3514 3312 exci-

284 3327 440 3381 dium
467 3327 660 3399 artnus]
687 3337 746 3381 ut
765 3344 881 3384 eam
903 3329 1170 3395 inviseret,
1197 3331 1603 3398 accuratiusque
1634 3345 1714 3383 res
1736 3329 1880 3382 illius
1912 3328 2229 3393 addisceret,
2254 3340 2301 3383 et
2326 3329 2474 3384 bonis
2500 3331 2644 3384 illius
2676 3331 2963 3402 frueretur,
2992 3343 3038 3384 et
3065 3334 3363 3386 muneribus
3392 3351 3514 3386 ntu-

288 3417 462 3484 niï¬cis
495 3418 828 3470 contenderet
849 3433 965 3470 cum
992 3434 1087 3472 suo
1113 3421 1468 3488 progenitore,
1491 3421 1736 3488 illiusque
1774 3419 2005 3491 vestigiis
2036 3419 2299 3473 insisteret
2332 3436 2351 3473 :
2385 3419 2476 3488 qui
2503 3417 2877 3473 Thessalonica
2903 3420 3098 3487 potitus
3125 3423 3328 3489 gratias
3355 3423 3518 3475 innu-

286 3519 459 3557 meras
514 3502 920 3572 largitionesque
973 3507 1230 3558 maximas
1280 3506 1444 3573 fecit:
1500 3507 1872 3576 hac.inquarn,
1925 3507 2090 3576 fretus
2136 3516 2323 3570 mente,
2364 3506 2606 3576 illiusque
2657 3508 2998 3576 exsequenda
3050 3523 3218 3562 causa
3277 3511 3512 3575 veniens,

283 3592 618 3654 postmodum
642 3589 798 3644 malis
827 3590 1058 3644 aliorum
1087 3593 1472 3646 monitionibus
1509 3595 1819 3656 distractus,
1858 3595 2139 3649 consilium
2173 3597 2555 3664 pristinamquc
2588 3598 2898 3650 sententiam
2926 3607 3094 3650 mutat
3122 3614 3140 3652 :
3171 3608 3221 3652 et
3248 3615 3386 3665 quae,
3411 3617 3514 3669 quo

287 3675 436 3742 capti
462 3690 642 3727 sumus
677 3684 930 3743 tempore,
955 3691 1060 3729 non
1086 3677 1308 3746 peregit,
1335 3691 1396 3730 eo
1448 3676 1694 3743 temporis
1726 3677 1976 3744 perï¬cere
2005 3685 2296 3737 constituit.
2332 3684 2526 3754 Igitur,
2563 3687 2684 3739 licet
2717 3687 2806 3739 ille
2843 3685 3060 3748 diceret.
3087 3688 3204 3742 ideo
3234 3703 3292 3741 se
3318 3690 3516 3741 venisse

292 3772 347 3815 ut
377 3763 558 3814 urbem
589 3774 635 3814 et
659 3761 867 3831 singula
899 3763 1045 3816 illius
1074 3763 1525 3830 circumspiceret,
1546 3765 1768 3831 "otioque
1794 3774 1842 3816 et
1873 3765 2071 3824 laboris
2101 3769 2402 3826 remissione
2431 3781 2691 3833 uteretur.
2730 3771 2986 3841 bonisque
3024 3773 3168 3826 illius
3207 3774 3276 3825 ad
3305 3777 3514 3826 saturi-

294 3858 460 3904 tatem
486 3850 873 3916 luxuriaretur,
897 3852 1074 3919 sicque
1101 3867 1205 3904 non
1245 3851 1420 3904 minus
1447 3852 1499 3904 in
1532 3867 1646 3905 eam
1682 3851 1920 3906 benevole
1970 3857 2192 3924 affectus
2215 3895 2232 3920 ,
2259 3857 2477 3910 meliora
2502 3862 2764 3926 speranda
2799 3857 2948 3911 nobis
2978 3859 3032 3911 in
3061 3869 3328 3927 posterum
3354 3861 3516 3915 relin-

289 3947 512 4006 queret;
543 3938 885 3992 nihilominus
914 3939 1143 4004 primum
1174 3939 1482 3990 mandatum
1513 3937 1679 3999 dedit,
1705 3940 1841 4005 quod
1881 3955 1974 3992 nec
2005 3957 2100 4008 per
2129 3943 2395 3994 somnium
2421 3944 2632 4012 quident
2649 3944 2909 4011 quispiam
2933 3955 3282 4011 expectasset.
3316 3946 3381 4000 Id
3413 3964 3516 4000 au-

291 4037 394 4078 tem
423 4033 558 4088 erat,
595 4028 916 4078 monasteria
947 4027 1126 4078 omnia
1151 4023 1452 4094 templaque
1493 4026 1828 4092 occupanda,
1875 4040 2056 4080 eorum
2087 4029 2287 4081 reditus
2317 4045 2494 4082 ontnes
2541 4031 2996 4100 possessionesque
3021 4034 3360 4100 auferendae,
3387 4045 3434 4088 et
3461 4037 3519 4090 iu

291 4123 576 4182 angustum
601 4115 786 4180 Oppido
819 4130 900 4166 res
934 4124 1142 4168 nostras
1169 4114 1449 4182 cogendas.
1503 4112 1652 4178 Quod
1684 4129 1784 4166 non
1809 4113 1974 4166 multo
2004 4125 2118 4181 post
2147 4115 2350 4184 factum
2393 4126 2469 4170 est
2494 4117 2558 4171 ab
2589 4117 2699 4170 illis
2717 4118 3010 4188 insigniter.
3043 4119 3178 4190 Cap.
3215 4122 3280 4174 21
3312 4140 3326 4176 :
3360 4121 3520 4176 Nunc

291 4215 472 4265 porro,
511 4201 603 4268 qui
627 4219 656 4254 a
688 4201 1011 4269 longioribus
1041 4203 1148 4254 oris
1183 4201 1358 4266 illius,
1401 4213 1657 4269 compotes
1681 4199 1840 4268 ï¬‚endi
1863 4201 2126 4255 desiderio
2160 4203 2508 4267 exardebant,
2536 4221 2622 4259 eos
2652 4206 2740 4261 sui
2763 4190 3032 4271 desiderii,
3066 4211 3156 4261 sed
3192 4220 3237 4262 et
3267 4225 3363 4262 nos
3388 4227 3520 4278 quo-

290 4303 390 4355 que
429 4288 482 4339 in
502 4303 615 4340 eam
645 4289 923 4342 reditionis
947 4289 1160 4356 paenitet
1189 4305 1209 4353 ,Â°
1242 4305 1360 4342 cum
1390 4305 1504 4357 spes
1540 4289 1773 4343 melioris
1795 4298 1970 4342 status
1995 4291 2204 4359 penitus
2247 4295 2455 4346 sublata
2485 4295 2574 4346 sit.
2601 4291 2704 4349 Ubi
2739 4304 2920 4359 notes,
2959 4303 3231 4350 auctorem
3267 4307 3517 4351 nostrum

291 4375 472 4442 capite
503 4374 592 4440 20,
625 4390 748 4429 cum
767 4376 839 4431 sit
865 4374 1086 4442 dubius,
1122 4377 1297 4430 altero
1328 4393 1396 4432 an
1446 4377 1609 4432 tertio
1641 4391 1806 4440 anno,
1849 4387 1974 4445 post
2005 4379 2156 4433 urbis
2195 4379 2696 4438 Thessalonicensis
2719 4382 3019 4447 excidium,
3063 4383 3114 4436 id
3171 4393 3256 4438 est
3304 4400 3512 4439 annum

289 4458 495 4516 Christi
535 4462 696 4526 1450,
728 4478 836 4528 res,
869 4479 1009 4534 quas
1049 4465 1148 4518 hoc
1189 4465 1305 4519 loco
1341 4475 1546 4529 narrat,
1579 4465 1913 4530 acciderint;
1946 4463 2126 4519 facere
2158 4468 2313 4521 nobis
2348 4469 2565 4538 aliquod
2606 4469 2891 4534 indicium,
2920 4484 3014 4524 eas
3047 4487 3104 4524 se
3138 4471 3335 4526 litteris
3368 4487 3488 4526 com
3509 4502 3524 4512 -

261 4613 264 4616 Î¾
293 4550 512 4605 misisse
543 4559 665 4620 post
684 4565 858 4606 annos
885 4552 1276 4630 abespugpala
1307 4551 1696 4608 Thessalonica
1722 4552 1921 4621 plures,
1939 4567 2104 4631 quam
2152 4563 2260 4610 tres
2299 4565 2378 4620 ut,
2409 4568 2576 4627 quoto
2602 4573 2746 4614 anno
2762 4571 2928 4631 gestae
2950 4559 3172 4624 iuerint,
3199 4572 3388 4614 exacte
3414 4577 3521 4614 non

293 4638 525 4708 amplius
554 4639 832 4696 recordari
863 4640 1119 4708 potuerit.
1143 4621 1319 4706 ï¬nde,
1357 4657 1464 4696 non
1495 4651 1700 4696 tantum
1735 4653 1877 4694 anno
1918 4621 2119 4694 Christi
2175 4641 2331 4706 1435,
2367 4621 2459 4698 sed
2495 4637 2661 4699 etiam
2690 4621 2897 4716 aliquot
2933 4647 3092 4701 annis
3121 4621 3242 4716 post
3269 4648 3322 4701 in
3385 4647 3522 4701 vivis

292 4729 659 4796 Anagnostam
684 4736 927 4783 nostrum
954 4730 1228 4785 exstitisse
1247 4730 1490 4800 colligas.

773 4865 1002 4922 Joannis
1032 4870 1346 4939 Anagnostat
1367 4871 1584 4940 scripta.
1620 4871 1694 4926 De
1716 4874 1866 4927 rebus
1889 4863 2588 4939 Constantinopolitanorusu
2616 4866 2992 4922 Macedonicis.

369 4979 456 5035 VI.
489 4979 568 5034 Ad
597 4978 885 5048 quemdam
939 4978 1115 5032 virum
1186 4981 1534 5044 laudabilem,
1586 4983 1741 5051 cujus
1789 4995 1983 5036 nomen
2043 4979 2262 5034 silentio
2310 4977 2461 5046 tegit,
2520 4979 2884 5030 narrationem
2937 4976 3002 5029 de
3035 4985 3276 5029 extremo
3309 4975 3527 5030 excidio
3602 5025 3612 5034 ,

295 5067 704 5123 Thessalonicae
735 5067 978 5134 scripsit.
1023 5065 1135 5120 Hoc
1170 5067 1350 5124 libello
1381 5079 1589 5133 narrat,
1615 5079 1668 5123 et
1699 5070 2058 5131 obsidionem,
2085 5078 2140 5121 et
2179 5063 2638 5132 expugnationem
2669 5062 2831 5115 istius
2847 5060 2996 5115 urbis
3027 5059 3378 5116 Macedonum
3415 5063 3524 5128 pri-

297 5155 689 5222 niariae,quam
716 5155 942 5222 imperio
962 5153 1256 5209 CPolitano
1310 5155 1632 5223 subiectam,
1669 5173 1790 5211 cum
1833 5157 2091 5210 adversus
2128 5153 2336 5206 Tureas
2373 5149 2644 5220 Cpolitani
2671 5149 2961 5204 defendere
2986 5151 3121 5203 satis
3148 5166 3250 5204 non
3281 5164 3525 5218 possent,

302 5241 637 5296 Venetorum
671 5242 922 5310 potestati
965 5239 1259 5305 subditam,
1291 5258 1434 5296 anno
1474 5244 1819 5313 imperatoris
1847 5242 2072 5299 Joannis
2107 5240 2390 5306 Palazologi
2423 5237 2770 5301 JuniorislS,
2806 5236 3009 5292 Christi
3031 5237 3191 5303 M30,
3224 5237 3460 5292 Murates
3484 5239 3524 5292 ll

297 5327 600 5383 'l'urcarum
623 5329 874 5396 princeps
903 5330 1150 5382 dominio
1177 5327 1410 5383 Turcico
1444 5331 1695 5395 subjecit.
1738 5331 1946 5390 Prodiit
1968 5328 2156 5382 Graece
2177 5339 2231 5381 et
2261 5326 2469 5389 Latine,
2505 5325 2803 5394 interprete
2823 5323 3002 5382 Leone
3031 5325 3255 5392 Allatio,
3288 5329 3342 5382 in
3377 5326 3528 5395 ejus-

296 5415 420 5471 dem
477 5414 792 5486 Symmictis
814 5457 830 5484 ,
862 5415 1098 5470 Colonia!
1116 5415 1426 5486 Agrippina:
1457 5431 1552 5486 per
1587 5415 1850 5472 Jodocum
1882 5419 2222 5483 halcovium,
2252 5415 2535 5481 MDCLIlI,
2560 5419 2614 5470 in
2650 5416 2722 5488 8.,

615 5870 888 5931 Pnuoc.
923 5871 1040 5935 Gn.
1080 5866 1278 5928 CLVI.
1916 5954 1918 5956 ,

1916 5954 1918 5956 Î½
3034 5868 3109 5927 19
