3990 6598
543 423 642 488 591

1749 422 2072 485 JOANNIS
2108 425 2581 490 ANAGNOSTrE

3697 447 3814 504 59?.

537 547 598 590 ut
620 545 673 589 tu
705 542 827 589 cate
853 535 1014 600 nos1i,
1061 543 1269 589 tantum
1317 532 1581 588 malorum
1612 544 1909 590 sustineret
1950 547 2005 591 ct
2029 536 2112 592 di-

2227 540 2293 602 ὡς
2321 537 2489 606 οἶδας,
2517 544 2612 594 καὶ
2643 542 2914 613 ὁσημέραι
2948 545 3158 615 θλίψεις
3189 547 3320 617 ἡμῖν
3352 547 3618 616 ἐπήγοντο
3660 563 3812 602 πονε

537 630 616 683 ris
646 630 889 699 quotidie
932 629 1116 683 exitiis
1154 629 1392 697 undique
1429 626 1691 682 confertis
1728 626 2110 694 alﬁictaretur,

537 730 593 775 et
644 735 926 775 sermones
981 720 1134 773 ntnlti
1168 721 1553 775 conferrentur
1575 734 1810 788 quonam
1845 732 2002 789 pacto
2045 737 2109 775 ex

487 863 489 866 ι
542 821 622 866 tot
680 811 834 865 malis
888 827 1170 880 emergere
1221 825 1528 880 possemus,
1575 810 1779 865 nullum
1815 811 2111 866 remedium

539 906 888 966 occurrebat,
942 919 1042 959 nec
1085 905 1273 958 aderat
1313 905 1682 957 Averrnnctts.
1741 902 1927 972 Neque
1965 903 2110 957 enim

542 994 732 1051 Turcae
750 1011 872 1050 cum
887 995 1092 1051 Latinis
1107 995 1285 1050 ftedns
1302 997 1492 1058 iniere,
1519 995 1647 1050 licet
1667 995 1863 1064 saepius
1883 983 2114 1065 legatio-

545 1107 611 1144 ne
637 1091 803 1145 missa
827 1091 879 1144 id
899 1099 1318 1158 pertentassent,
1337 1089 1720 1158 supplicesque
1737 1090 1900 1145 etiam
1927 1104 2115 1159 rogas-

443 1213 446 1216 ~
543 1193 701 1248 sent;
726 1198 900 1254 neque
925 1193 1043 1236 erat
1073 1183 1124 1236 in
1160 1192 1346 1236 nostra
1377 1189 1668 1251 potestate,
1698 1182 1870 1250 copiis
1906 1182 2114 1238 nostris

545 1275 600 1328 in
637 1282 928 1345 angustum
960 1273 1158 1341 oppido
1188 1272 1392 1326 coactis
1413 1280 1466 1325 et
1500 1271 1941 1326 discordantibus
1971 1275 2115 1326 votis

545 1365 614 1418 ab
647 1363 890 1418 unanimi
941 1363 1211 1417 sententia
1244 1360 1542 1427 convulsis,
1576 1361 1796 1430 "aliquid
1827 1377 2014 1431 agere,
2055 1372 2116 1417 ut

547 1465 661 1510 tute
695 1455 858 1510 etiam
885 1454 1050 1518 nosti,
1075 1455 1164 1522 qui
1201 1469 1304 1508 una
1339 1451 1624 1509 nobiscum
1669 1467 1818 1518 eras,
1843 1454 2113 1510 malorum

545 1548 770 1617 perinde
811 1555 978 1614 atque
1009 1546 1097 1600 alii
1129 1553 1409 1613 expertus.

613 1641 666 1692 3.
698 1637 833 1694 Cum
859 1638 1040 1706 itaque
1074 1651 1157 1692 res
1180 1647 1386 1692 nostra:
1421 1637 1493 1692 ita
1519 1652 1579 1692 se
1614 1637 1896 1705 haberent,
1925 1649 1980 1694 et
2006 1638 2120 1694 sin-

2213 633 2465 700 ταχόθεν,
2518 635 2610 687 καὶ
2657 635 2831 701 λόγων
2861 637 3072 691 πολλῶν
3127 640 3259 706 παρ’
3299 633 3553 702 ἑκάστοις
3585 641 3704 700 πῶς
3737 645 3813 692 iv

2215 725 2554 795 ἀναθείημεν
2601 729 2946 797 γιγνομένων
2980 731 3182 799 τρόπος
3211 726 3279 800 ἦν
3327 730 3437 784 οὐδ’
3485 732 3737 784 ὁστισοῦν
3777 737 3814 785 ὁ

2209 816 2416 870 ’τούτων
2443 820 2589 887 ἡμᾶς
2620 819 2730 872 τῶν
2775 821 2966 874 δεινῶν
3002 821 3346 886 ἀπαλλάξων.
3403 821 3543 875 Οὔτε
3592 826 3701 891 γὰρ
3743 827 3810 875 οἱ

2215 907 2445 976 Τοῦρκοι
2473 912 2584 972 τοῖς
2613 910 2862 973 Λατίνοις
2912 910 3197 964 ἐϐούλοντο
3241 911 3571 964 σπείσασθαι
3603 913 3810 964 πολλά-

2216 1015 2302 1060 κις
2335 1000 2840 1071 πρεσϐευσαμένοις
2865 1003 2994 1071 περὶ
3023 1003 3216 1058 τούτου
3241 1005 3334 1057 καὶ
3355 1003 3652 1073 δεηθεῖσιν,
3682 1003 3806 1057 ob?

2215 1092 2348 1160 ἡμῖν
2373 1090 2499 1157 ἐξῆν
2537 1093 2737 1162 πρᾶξαι
2766 1095 2826 1147 τὸ
2853 1097 2990 1149 κατὰ
3030 1095 3280 1166 γνώμην,
3312 1094 3514 1161 ὀλίγοις
3538 1097 3674 1163 ἄγαν
3703 1117 3778 1149 κα

2218 1181 2506 1252 θεστηκόσι
2549 1186 2640 1237 καὶ
2683 1186 2966 1255 ἀνισότητι
3013 1186 3241 1257 γνώμης
3278 1187 3683 1254 ἀποϐεϐληκόσι
3733 1191 3810 1244 τὸ

2217 1274 2483 1343 ὁμονοεῖν,
2519 1276 2595 1340 ὡς
2638 1277 2749 1346 ἄρα
2780 1278 2872 1331 καὶ
2904 1280 2988 1332 σοὶ
3013 1279 3292 1350 γνώριμον
3323 1281 3485 1333 τοῦτο
3515 1281 3613 1333 σὺν
3665 1284 3805 1352 ἡμῖν

2216 1383 2280 1435 γε
2312 1366 2534 1422 δντικαὶ
2563 1368 2670 1422 τῶν
2699 1370 2888 1424 δεινῶν
2909 1371 3134 1426 ἐκείνων
3163 1374 3275 1436 τοῖς
3300 1373 3485 1436 ἄλλοις
3515 1375 3813 1444 παραπλη-

2220 1458 2350 1524 σίως
2385 1461 2629 1530 εἰληφότι
2657 1462 2758 1538 τὴν
2784 1455 2996 1534 πεῖραν.

2291 1636 2361 1708 γ’.
2399 1638 2586 1702 Οὕτως
2619 1633 2714 1696 οὖν
2745 1641 2880 1712 ἡμῖν
2908 1642 3149 1712 ἔχουσιν,
3185 1644 3307 1698 ὅσαι
3339 1661 3400 1698 τε
3433 1636 3574 1715 ὧραι
3623 1648 3809 1716 μυρία

544 1729 664 1797 gula
713 1737 986 1782 momenta
1030 1727 1348 1783 innumeras
1396 1742 1565 1798 prope
1615 1743 1787 1784 noxas
1825 1729 2116 1797 inferrent,

2227 1732 2290 1786 τὰ
2340 1733 2556 1803 χαλεπὰ
2591 1716 2817 1804 φέρουσι
2854 1737 2946 1789 καὶ
2982 1736 3082 1808 τὴν
3111 1739 3388 1808 σωτηρίαν
3417 1738 3808 1808 ἀπαγορεύου-

543 1824 718 1890 deque
748 1821 919 1876 salute
969 1821 1402 1888 desperaremus,
1458 1820 1658 1876 malum
1694 1821 1840 1876 aliud
1895 1833 2119 1892 repente

2227 1843 2327 1889 σιν,
2361 1827 2529 1903 κακὸν
2563 1828 2824 1900 ἐξαίφνης
2847 1828 3079 1899 ἐπῆλθεν
3099 1831 3282 1902 ἕτερον
3305 1831 3400 1884 καὶ⁵
3435 1834 3804 1903 στερροτέραν

545 1914 762 1982 irrupit,
786 1921 841 1966 et
863 1911 1178 1966 validiorem
1207 1912 1497 1966 adamante
1527 1912 1772 1967 animum
1816 1913 2118 1984 disjiciens',

2227 1920 2403 1974 είπείν
2425 1897 2734 1991 ἀδάμαντος
2763 1897 2974 1986 πλῆξα-ν
3002 1897 3204 1993 ψυχήνξ
3242 1923 3315 1976 Τὸ
3335 1924 3380 1975 δ’
3419 1918 3487 1993 ἦν
3516 1897 3670 1990 iii-.03
3695 1897 3804 1977 κα-

544 2005 671 2058 boni
732 2005 940 2058 scilicet
1004 2003 1242 2071 pastoris
1271 2011 1347 2067 et,
1395 2019 1547 2074 aeque
1579 2018 1642 2060 ac
1666 2005 1873 2075 primus
1907 2016 2112 2074 pastor,

544 2101 789 2168 quntidie
813 2100 1032 2168 profuse
1065 2101 1300 2154 animam
1337 2101 1612 2170 ponentis,
1647 2101 1829 2156 divino
1877 2101 2111 2158 consilio

543 2192 746 2255 obitus,
779 2191 854 2245 illi
879 2191 1094 2259 quidem
1125 2191 1397 2245 fortunate
1430 2190 1754 2258 succedens,
1789 2193 1946 2248 nobis
1975 2209 2107 2248 vero

543 2285 765 2350 damna,
823 2299 996 2353 eaque
1052 2284 1317 2354 ingentia,
1363 2283 1688 2351 concilians,
1731 2285 1824 2356 qui
1875 2285 2021 2343 illius
2048 2287 2115 2342 ad

547 2376 716 2433 Deum
745 2378 1022 2446 precibus,
1061 2378 1258 2446 quibus
1277 2375 1440 2431 saluti
1464 2385 1665 2433 nostra:
1700 2377 2114 2447 providebatur,

543 2471 846 2538 privamur.
879 2468 946 2523 Et
974 2469 1159 2526 divino
1185 2469 1421 2526 consilio
1459 2470 1610 2524 illum
1649 2471 1953 2540 contigisse
1983 2487 2118 2528 con-

543 2563 704 2631 jicies
744 2577 809 2616 ex
841 2562 952 2617 illis
985 2577 1104 2632 qua
1150 2561 1228 2616 illi
1259 2561 1436 2619 adhuc
1483 2564 1765 2634 superstiti
1799 2565 1944 2619 inter
1972 2579 2118 2621 som-

543 2654 802 2710 niandum
829 2665 1146 2709 evenerant.
1199 2655 1360 2712 Visus
1387 2663 1470 2711 est
1497 2656 1622 2722 sibi,
1661 2666 1955 2727 antequam
1988 2659 2117 2714 urbs

542 2744 688 2800 bello
717 2745 1050 2811 concideret,
1083 2746 1304 2801 domum
1361 2747 1682 2816 praeclaram
1717 2759 1771 2802 et
1823 2751 2116 2805 maximam

544 2838 816 2905 ingresso,
859 2838 1101 2908 singulas
1132 2838 1279 2893 illius
1306 2849 1490 2908 partes
1525 2839 1802 2907 inspicere
1835 2851 1890 2895 et
1919 2841 2116 2896 decora

547 2946 614 2986 ac
640 2930 1065 3000 magnitudinem
1081 2945 1406 3002 magnopere
1421 2932 1676 2986 demirari
1699 2950 1714 2998 ;
1743 2932 1830 2988 bis
1850 2934 2118 2989 intentum

547 3036 760 3084 vocem,
783 3021 984 3077 deforis
1002 3023 1376 3078 advenientem
1394 3023 1703 3080 inaudisse:
1736 3024 1965 3079 «Domus
1983 3026 2118 3101 haec,

547 3113 708 3181 cujus
738 3122 922 3181 partes
951 3113 1194 3182 singulas
1235 3115 1474 3170 illustres
1503 3124 1665 3183 atque
1693 3127 1950 3172 venustas
1980 3132 2119 3172 con-

554 3205 803 3258 siderans
833 3204 1146 3269 admiraris,
1174 3211 1419 3260 actutum
1449 3205 1700 3259 concidet
1726 3222 1741 3270 ;
1772 3217 1826 3260 et
1854 3220 1920 3260 ne
1955 3215 2006 3260 te
2024 3221 2118 3262 sua

523 3297 710 3350 ruina
728 3297 1017 3365 opprimat,
1045 3311 1215 3366 quam
1253 3297 1363 3352 cito
1400 3295 1547 3378 foras
1591 3297 1741 3364 eripe
1784 3307 1890 3352 te.»
1929 3297 2118 3352 Visum

554 3391 662 3444 hoc
683 3388 877 3446 etfectu
908 3404 1014 3444 non
1073 3389 1246 3444 multo
1283 3395 1407 3459 post
1441 3391 1848 3461 comprobatum
1889 3399 1994 3445 est.
2031 3391 2125 3447 Ille

551 3483 751 3560 etenim
778 3491 835 3538 ut
851 3482 1035 3552 justus
1053 3492 1337 3552 appareret
1363 3493 1417 3538 et
1447 3484 1666 3539 virtutis
1690 3499 1802 3538 sua:
1829 3485 2122 3540 multorum

551 3576 803 3631 laborum
840 3573 1068 3645 praemia
1099 3573 1350 3643 referret,
1377 3576 1573 3640 sic,uti
1606 3591 1704 3645 par
1741 3587 1880 3642 erat,
1912 3587 1966 3631 et
2001 3585 2126 3633 ante

546 3685 845 3726 commune
897 3668 1286 3734 infortunium,
1319 3669 1386 3725 ad
1411 3669 1613 3732 Deum,
1647 3685 1807 3739 quem
1834 3679 2126 3739 tantopere

534 3765 956 3833 concupiverat,
1019 3763 1290 3835 migravit.
1319 3763 1506 3833 Neque
1561 3764 1703 3818 enim
1738 3763 1947 3833 justum
1984 3764 2124 3829 apud

554 3857 722 3912 Deum
759 3857 1118 3926 reputabatur
1167 3856 1428 3910 similium
1459 3855 1722 3910 maiorum
1752 3870 1874 3909 eum
1906 3855 2128 3924 partici-

555 3963 674 4017 pem
707 3949 846 4012 ﬂeri,
873 3947 982 4003 vita
1007 3948 1273 4017 siquidem
1302 3947 1449 4002 illius
1477 3962 1583 4002 non
1612 3956 1732 4002 erat
1759 3947 1956 4002 similis
1975 3946 2123 4010 aliis,

554 4047 610 4095 et
631 4041 837 4096 semitae
867 4039 1187 4103 immutatae,
1223 4047 1418 4092 utcutn
1447 4037 1740 4093 Salomone
1767 4037 1981 4106 loquar.
2007 4037 2116 4092 Nos

553 4147 687 4185 vero
753 4131 1104 4200 improbitate
1153 4131 1308 4199 plane
1337 4129 1551 4198 repleti,
1583 4143 1638 4183 et
1687 4131 1743 4182 in
1775 4127 2128 4197 cogitationi-

553 4225 659 4277 bus
682 4223 868 4278 cordis
899 4222 1073 4277 nostri
1107 4223 1329 4290 pessimi
1359 4219 1721 4284 ambulantes,
1764 4229 1822 4273 ιιι
1856 4219 2127 4276 Jerernias

555 4315 756 4382 inquit,
798 4324 854 4367 et
908 4313 1136 4381 perinde
1187 4323 1352 4382 atque
1410 4311 1850 4381 antiquuslsrael
1889 4326 2129 4364 murmu-

560 4413 770 4467 rantes,
799 4412 857 4457 ut
890 4403 1046 4457 nobis
1078 4403 1381 4467 allubescit,
1421 4403 1585 4456 rebus
1644 4418 1751 4455 non
1786 4401 2130 4456 succedenti-

560 4497 688 4558 bus,
713 4492 838 4561 iure
873 4494 1066 4548 merito
1088 4493 1231 4547 mala
1262 4510 1324 4548 ac
1358 4493 1528 4548 solida
1579 4493 1890 4550 calamitate
1925 4502 2128 4548 macta-

2217 2011 2310 2065 λοῦ
2343 2012 2602 2081 ποιμένος
2641 2014 2736 2067 καὶ⁸
2763 2014 2903 2068 κατὰ
2936 2017 3027 2069 τὸν
3055 2015 3273 2086 πρῶτον
3295 2018 3531 2087 ποιμένα
3568 2021 3661 2087 τὴ]
3688 2018 3800 2086 {(u-

2217 2106 2318 2175 κῆν
2347 2105 2431 2175 ἐφ’
2459 2106 2696 2177 ἑκάστης
2722 2107 2956 2176 ἀφειδῶς
2983 2109 3124 2178 ὑπὲρ
3158 2109 3252 2162 τοῦ
3277 2112 3536 2180 ποιμνίου
3558 2111 3798 2172 τιθέντος

2218 2197 2361 2250 κατά
2392 2196 2534 2250 θετον
2562 2197 2813 2269 βούλημα
2834 2199 3084 2269 τελευτὴ,
3110 2202 3167 2254 ἐν
3190 2202 3341 2272 καλῴ
3366 2202 3468 2272 μὲν
3499 2203 3690 2272 ἐκείτῳ
3707 2220 3799 2269 γε-

2219 2287 2520 2358 γενημένη,
2575 2288 2774 2359 βλάϐος
2813 2288 2858 2342 δ’
2892 2291 3024 2360 ἡμῖν
3052 2291 3429 2358 ἐπενεγκοῦσα
3478 2291 3630 2356 πολὺ,
3687 2292 3798 2343 τῶν

2220 2377 2430 2430 ἐκείνου
2454 2379 2618 2433 λιτῶν
2652 2381 2790 2451 πρὸς
2832 2380 2954 2434 Θεὸν
2995 2384 3362 2453 στερηθεῖσιν,
3396 2379 3484 2446 αἷς
3520 2383 3798 2453 ἐσωζόμε-

2220 2469 2304 2522 θα.
2343 2471 2468 2524 Ὅτι
2494 2471 2550 2525 δὲ
2585 2472 2725 2526 κατὰ
2750 2473 2902 2527 θείαν
2933 2473 3074 2545 αὕτη
3103 2475 3362 2547 βούλησιν
3391 2471 3479 2547 ἦν,
3503 2475 3672 2530 ἄκουε
3704 2477 3801 2530 τού

2223 2560 2482 2629 φανέντος
2520 2561 2600 2632 τῷ
2635 2562 2900 2634 μακαρίῳ
2934 2564 3182 2634 περιόντι
3235 2565 3359 2619 κατ’
3387 2565 3522 2633 ὄναρ
3577 2564 3801 2634 ἐκείνῳ.

2190 2653 2193 2657 λ
2224 2649 2409 2716 Ἔδοξε
2445 2651 2549 2720 πρὸ
2578 2651 2672 2705 τοῦ
2693 2652 2792 2723 τὴν
2822 2653 2977 2706 πόλιν
3001 2655 3078 2724 τῷ
3106 2653 3332 2723 πολέμῳ
3354 2655 3620 2727 ληφθῆναι
3647 2650 3802 2708 οἷκον

2221 2759 2344 2795 τινα
2374 2741 2633 2814 λαμπρδν
2663 2745 2895 2799 εἰσιέναι
2928 2747 3022 2799 καὶ
3053 2746 3410 2816 παμμεγέθη,
3441 2749 3803 2818 περισκοπεῖν

2221 2851 2281 2887 τε
2313 2833 2476 2888 αὐτὸν
2497 2835 2641 2888 κατὰ
2662 2835 2825 2907 μέρος
2851 2839 2946 2890 καὶ
2975 2837 3280 2908 θαυμάζειν
3307 2840 3470 2893 αὐτο)
3492 2841 3551 2892 τό
3574 2858 3634 2892 τε
3657 2841 3801 2893 κάλ.

2221 2925 2314 2990 λος
2360 2927 2454 2980 καὶ
2487 2927 2738 2997 μέγεθος,
2795 2931 2853 2982 ἐν
2907 2930 3083 3001 τούτῳ
3136 2931 3180 2984 δ’
3214 2931 3325 2986 ὄντι
3367 2932 3551 3003 φωνὴν
3600 2933 3804 2998 ἔξωθεν

2222 3019 2508 3091 ἐνεχθῆναι
2537 3021 2805 3089 λέγουσαν
2851 3041 2868 3075 ι
2916 3025 2976 3077 ’0
3010 3025 3109 3094 μὲν
3133 3020 3278 3088 οἶκος
3306 3025 3480 3091 οὗτος,
3507 3020 3566 3080 οὗ
3589 3028 3659 3080 τὰ
3679 3025 3801 3079 καθ’

2223 3113 2472 3175 ἕκαστον,
2505 3106 2550 3167 ὦ
2587 3115 2846 3182 δέσποτα,
2901 3118 2978 3180 ὼς
3026 3117 3147 3170 λίαν
3192 3117 3426 3187 λαμπρὰ
3480 3117 3573 3170 καὶ
3625 3119 3803 3189 ὡραῖα

2226 3202 2527 3273 θαυμάζεις
2559 3206 2896 3276 περιαθρῶν,
2934 3207 3124 3261 πίπτει
3156 3207 3214 3260 τὸ
3255 3210 3438 3276 τάχος,
3480 3209 3574 3260 καὶ
3603 3209 3690 3262 ἴνα
3724 3209 3798 3278 μή

2229 3307 2288 3344 σε
2315 3291 2535 3364 καλύψῃ
2571 3293 2774 3360 πεσὼν,
2805 3293 2942 3360 ἔξιθι
2966 3295 3156 3349 τούτου
3190 3297 3421 3367 ταχέως.
3452 3317 3469 3351 ι
3506 3299 3696 3363 Οὕτως
3729 3295 3801 3351 εἴ·

2227 3398 2321 3451 χεν
2369 3383 2580 3453 ήδψις,
2628 3388 2722 3438 καὶ
2759 3387 2841 3450 είς
2870 3386 3030 3456 ἔργον
3084 3382 3223 3458 ἧκεν
3270 3390 3369 3442 οὐκ
3422 3392 3502 3452 εἰς
3560 3393 3794 3462 μακράν.

2239 3472 2477 3538 Ἐκεῖνος
2533 3475 2793 3546 μὲνγὰρ,
2835 3478 2922 3531 ἵνα
2972 3479 3224 3553 ἀναφανῇ
3285 3482 3496 3545 δίκαιος
3551 3489 3646 3537 καὶ
3691 3486 3796 3538 τῶν

2228 3563 2442 3617 πολλῶν
2465 3569 2565 3635 τῆς
2601 3568 2802 3638 ἀρετῆς
2827 3569 3040 3624 ἐκείνου
3074 3573 3338 3640 καμάτων
3363 3572 3504 3644 λάϐῃ
3530 3575 3628 3638 τὰς
3659 3578 3795 3629 ἀντι·

2227 3653 2424 3719 δόσεις,
2450 3657 2677 3722 εἰκότως
2703 3659 2847 3713 οὕτω
2877 3662 2970 3714 καὶ
3003 3664 3110 3732 πρὸ
3135 3663 3234 3733 τῆς
3270 3665 3456 3736 κοινῆς
3486 3671 3795 3739 συμφορᾶς,

2229 3747 2364 3816 πρὸς
2388 3745 2662 3804 δνέπόθει
2700 3751 2909 3822 Κύριον
2939 3754 3300 3826 ἐξεδήμησεν.
3334 3759 3407 3810 Οὐ
3451 3757 3560 3827 γὰρ
3593 3760 3795 3812 δίκαιον

2227 3837 2388 3892 τοῦτο
2428 3841 2580 3911 παρὰ
2609 3843 2730 3914 Θεῷ
2760 3844 3003 3915 κέκριτο,
3036 3848 3295 3901 τοιούτων
3329 3849 3419 3902 ἱνα
3449 3849 3643 3904 κακῶν
3690 3854 3795 3904 πεῖ-

2234 3945 2332 3998 ραν
2356 3933 2458 4001 σχῇ
2477 3935 2574 3988 καὶ
2603 3938 2915 4008 κοινωνήσῃ
2941 3938 3048 3990 τῶν
3076 3939 3208 3992 ίσων
3231 3940 3360 4010 ἡμῖν
3376 3957 3390 3970 ο
3412 3941 3673 4011 ἀνόμοιος
3698 3943 3794 4011 γὰρ

2228 4013 2299 4088 ἦν
2327 4023 2436 4082 τοῖς
2470 4023 2650 4086 ἄλλοις
2689 4026 2717 4078 ό
2766 4026 2882 4096 βίος
2915 4030 3127 4082 ἐκείνου
3163 4033 3258 4084 καὶ
3303 4031 3711 4102 ἐξηλλαγμέναι
3742 4036 3791 4087 αἱ

2230 4111 2431 4179 τρίϐοι,
2461 4114 2522 4166 τὸ
2551 4117 2902 4184 Σολομῶντος
2932 4121 3129 4176 εἰπεῖν.
3170 4121 3358 4191 Ἡμεῖς
3387 4122 3443 4176 δὲ
3473 4125 3674 4188 κακίας
3706 4127 3794 4192 γὲο

2235 4218 2427 4270 μοντες
2458 4205 2616 4269 ὅλως,
2644 4209 2740 4261 καὶ
2771 4209 2950 4263 ὀπίσω
2978 4211 3088 4264 τῶν
3116 4212 3518 4282 ἐνθυμημάτων
3547 4216 3650 4282 τῆς
3672 4231 3792 4282 καρ·

2228 4300 2342 4364 δίας
2367 4303 2523 4372 ἡμῶν
2552 4302 2649 4372 τῆς
2677 4305 2944 4373 πονηρᾶς,
2992 4303 3155 4358 τοῦτο
3194 4305 3258 4376 δὴ
3285 4307 3348 4359 τὸ
3381 4305 3475 4358 τοῦ
3494 4293 3792 4377 Ἶερεμίου,

2231 4383 2613 4462 πορευόμενοι,
2650 4394 2744 4448 καὶ
2771 4396 2915 4447 κατὰ
2939 4394 3031 4448 τὸν
3058 4397 3225 4449 πάλαι
3267 4398 3576 4465 γογγυσταὶ
3602 4399 3791 4466 τυγχὲ-

2232 4501 2416 4548 νοντες
2459 4484 2707 4555 Ἰσραὴλ,
2741 4487 2880 4540 κατὰ
2919 4490 3017 4554 τὴν
3045 4487 3324 4558 ἡμετέραν
3349 4488 3653 4558 ἐπιθυμίαν
3676 4493 3793 4542 ἀπ’,-

562 4601 709 4650 mur,
763 4594 818 4641 et
839 4585 936 4638 tali
991 4585 1114 4639 viro
1143 4584 1402 4639 orbamur
1434 4585 1526 4654 qtti
1577 4583 1726 4640 solus
1759 4583 2121 4639 alllicﬁssimis

2243 4576 2430 4631 λαύειν
2460 4578 2609 4640 ὅπως
2639 4578 2738 4632 οὐκ
2771 4577 2987 4649 ἔχωμεν
3014 4581 3123 4633 τῶν
3170 4581 3532 4650 πραγμάτων,
3579 4583 3788 4642 δικαίως

563 4680 716 4732 hisce.
743 4677 1082 4747 temporibus
1112 4677 1164 4730 in
1196 4676 1359 4729 tantis
1385 4691 1564 4729 rerum
1601 4674 2014 4730 discriminibus
2044 4691 2134 4730 so-

561 4770 748 4824 latium
796 4779 1155 4832 remanserat,
1188 4781 1377 4821 omnes
1430 4767 1698 4834 siquidem
1729 4781 1852 4819 eum
1883 4768 1958 4819 uti
1987 4767 2128 4820 vita-

562 4861 666 4914 lem
705 4860 757 4914 in
812 4859 973 4915 nobis
1026 4858 1347 4913 facultatem
1407 4858 1798 4926 reputabamus
1829 4897 1844 4922 ,
1874 4857 2131 4926 illiusque

568 4965 796 5008 mortem
885 4951 1266 5006 tantummodo
1320 4950 1966 5005 duccl‘iamuS'adversus
2033 4963 2132 5004 nos

562 5045 880 5116 iustissimae
913 5046 1146 5099 ntnninis
1178 5043 1482 5114 punitionis
1523 5042 1836 5097 exordium.
1875 5040 1988 5097 lloc
2039 5057 2132 5096 eos

571 5139 1213 5208 redarguitapertissitne
1248 5137 1336 5204 qui
1379 5136 1596 5205 indigna
1627 5136 1773 5189 dicta
1805 5136 1857 5189 in
1893 5149 2015 5189 eum
2052 5136 2133 5189 in-

563 5239 759 5298 gerunt
789 5240 844 5284 et
885 5230 1111 5284 infamia
1150 5237 1407 5292 onerant,
1431 5227 1578 5298 quod
1612 5228 1983 5298 proditionem
2021 5243 2127 5281 non

561 5319 821 5381 suaserit,
853 5327 907 5372 et
928 5321 1071 5388 quod
1099 5334 1195 5372 eos
1224 5318 1460 5388 prepriis
1493 5317 1761 5381 consiliis,
1789 5316 1950 5371 altius
1977 5318 2134 5386 quid-

560 5411 705 5480 piam
737 5411 1054 5471 meditatus,
1083 5408 1205 5477 jure
1266 5410 1606 5478 represserit.
1637 5408 1843 5478 Opinor
1877 5409 2129 5478 equidem

565 5513 685 5570 ego,
708 5514 831 5554 cum
869 5499 1028 5552 vellet
1062 5497 1205 5553 Deus
1233 5508 1289 5552 ut
1320 5499 1574 5553 omnibus
1608 5499 1975 5554 inuotesceret
2009 5500 2132 5567 quis

569 5593 650 5645 vir
673 5591 763 5646 ille
782 5604 939 5644 sacer
965 5600 1111 5644 esset
1143 5601 1193 5644 et
1229 5605 1457 5659 quorum
1489 5590 1701 5658 dignus,
1735 5592 1827 5659 qui
1869 5605 1995 5643 vero
2031 5606 2132 5641 nos

563 5695 617 5738 et
669 5682 868 5752 quibus
919 5682 1099 5751 poenis
1145 5681 1389 5744 obnoxii,
1470 5681 1670 5747 quibus
1712 5683 1946 5736 miseriis
1984 5681 2133 5748 juste

564 5774 938 5830 cxcrtteiandi.
985 5774 1037 5826 id
1089 5780 1307 5842 preptet'
1342 5789 1426 5828 res
1452 5775 1740 5843 utriusque
1767 5775 1815 5826 in
1844 5789 1956 5827 rem
1994 5774 2134 5828 utt'i-

564 5881 669 5936 que
692 5867 1044 5934 disposuisse.

2234 4669 2378 4724 oliuo
2398 4672 2764 4740 πεπράγαμεν
2789 4671 3223 4740 δυστυχέστατα,
3247 4673 3340 4726 καὶ
3366 4673 3557 4727 τούτου
3580 4675 3789 4743 τάνδρὸς

2237 4761 2604 4833 ἐστερήμεθα,
2639 4762 2800 4829 μόνου
2838 4764 3280 4832 περιλειφθέντος
3307 4767 3363 4819 ὲν
3385 4765 3652 4831 τοιούτοις
3681 4785 3788 4820 και-

2243 4854 2354 4923 ροῖς
2388 4855 2481 4906 καὶ
2503 4853 2781 4917 τοσούτοις
2809 4855 3053 4925 ἀνιαροῖς
3085 4859 3164 4920 είς
3194 4856 3566 4928 παραμύθιον.
3604 4861 3787 4918 Πάντες

2238 4945 2345 5013 γὰρ
2377 4944 2563 5015 ὥσπερ
2596 4947 2718 4998 τινὰ
2742 4946 2972 5016 δύναμιν
3009 4946 3250 5020 ζωτικὴν
3296 4933 3354 5003 ἐν
3389 4951 3516 5020 ἡμῖν
3555 4952 3785 5021 ἐνομίζο-

2241 5053 2341 5107 μεν
2377 5036 2592 5103 τοῦτον,
2645 5041 2737 5091 καὶ
2774 5040 2874 5111 τὴν
2915 5042 3170 5110 τελευτὴν
3213 5043 3426 5097 ἐκείνου
3475 5046 3643 5112 μηδὲν
3675 5044 3787 5098 ἄλλο

2237 5129 2479 5199 νομίζειν
2511 5130 2731 5200 εἴχομεν
2763 5131 2792 5200 ἢ
2818 5133 2916 5199 τῆς
2951 5132 3034 5200 ἐφ’
3065 5136 3212 5204 ἡμᾶς
3244 5134 3338 5188 τοῦ
3367 5134 3502 5188 Θεοῦ
3534 5137 3782 5191 δικαιοτά-

2237 5238 2339 5291 της
2367 5221 2617 5285 παιδείας
2659 5217 2772 5276 οἷον
2815 5225 3122 5296 προοίμιον.
3171 5227 3214 5279 Τ
3217 5225 3341 5280 οὖτο
3387 5229 3496 5280 τῶν
3525 5230 3784 5282 κατειπεῖν

2241 5313 2532 5384 ᾑρημένων
2555 5315 2765 5367 ἐκείνου
2793 5316 3130 5384 σαφέστατος
3152 5317 3392 5388 ἐλεγχος,
3426 5320 3519 5372 καὶ
3547 5321 3667 5384 τοὺς
3689 5319 3781 5371 ἁδι-

2239 5405 2358 5456 κίαν
2383 5405 2505 5458 κατ’
2528 5405 2736 5458 ἐκείνου
2764 5406 3063 5466 λαλοῦντας
3102 5409 3186 5463 ὅτι
3226 5411 3300 5480 μὴ
3333 5411 3628 5479 προδοσίαν
3652 5410 3772 5463 ἐσκέ-

2235 5495 2397 5566 ψατο,
2438 5497 2572 5567 μηδὲ
2595 5497 2704 5550 τῶν
2735 5499 2886 5566 σφίσι
2918 5500 3218 5554 δοκούντων
3251 5504 3527 5565 συνιέντας
3553 5495 3559 5502 ’
3582 5503 3769 5572 βαθύτε-

2242 5605 2355 5656 ρον,
2407 5588 2628 5650 ἐνδίκως
2673 5590 3041 5660 ἐπιστομίζει.
3096 5589 3268 5660 Οἶμαι
3305 5595 3412 5663 γὰρ
3462 5595 3592 5662 ἐγὼ,
3639 5592 3780 5653 δεῖξαι

2239 5680 2517 5749 βουληθεὶς
2547 5684 2572 5732 ό
2606 5679 2737 5743 Θεὸς
2769 5675 2880 5744 οἷος
2924 5683 3021 5750 μὲν
3062 5683 3090 5735 ό
3143 5685 3287 5749 ἱερὸς
3315 5685 3522 5751 ἐκεῖνος
3545 5685 3670 5753 ἀνὴρ
3699 5677 3776 5730 καὶ

2237 5770 2399 5821 τίνων
2428 5769 2578 5833 ἄξιος
2603 5766 2692 5839 ἦν,
2724 5766 2823 5823 οἷοι
2853 5771 2898 5824 δ’
2943 5773 3105 5840 ἡμεῖς
3130 5773 3226 5824 καὶ
3258 5774 3409 5835 τίνας
3476 5772 3766 5842 είσπρακυῆ·

2237 5881 2324 5915 ναι
2370 5863 2522 5923 δίκας
2552 5862 2750 5913 δίκαιοι
2779 5858 2941 5932 ἦμεν,
2973 5863 3060 5915 δια
3090 5863 3250 5916 τοῦτο
3277 5865 3342 5915 τὰ
3397 5862 3524 5918 καθ’
3553 5866 3778 5931 ἑκάτερ’ςίν

2245 5955 2410 6024 μέρος
2442 5953 2610 6016 οὕτως
2638 5954 2956 6025 ᾠκονόμηοε
2988 5957 3402 6026 συμφερόντως.
