3990 6574
283 442 389 504 585
1221 439 1560 502 JOANNES
1612 413 2084 502 ANAGNOS’I‘A.
2134 433 2650 528 ~NOTITIA.I‘
3413 406 3512 494 586

281 555 432 623 gittis
462 552 700 620 impulsis
729 553 1078 616 dimotttrum,
1102 556 1472 624 machinasque
1500 571 1678 609 omnes
1708 556 1778 608 ad
1800 556 1980 608 urbem
2006 553 2350 606 excidendam
2381 558 2791 617 usurpaturunt.
2823 547 2956 617 Cap.
2994 547 3080 612 1⁸5,
3101 562 3219 600 cum
3260 562 3290 600 a
3325 544 3514 599 Turcis

291 642 483 693 urbem
521 651 830 707 superatam
862 641 1273 696 memoravisset
1292 661 1306 696 :
1328 641 1522 696 Omnes
1547 644 1728 711 itaque
1763 659 1877 705 nos,
1906 653 1962 694 ut
1982 644 2170 709 cuique
2187 642 2354 702 licuit,
2387 643 2569 708 [ngam
2597 647 2949 700 maturantes,
2992 637 3085 689 alii
3111 637 3162 688 in
3181 637 3377 689 aedibus
3405 650 3516 688 sese

287 728 500 788 abdere,
549 729 645 779 alii
677 728 730 780 in
764 728 1031 782 cuniculos
1063 739 1110 782 et
1150 731 1392 798 sepulcra
1420 771 1436 790 .
1484 740 1535 783 et
1577 734 1624 784 si
1650 729 1779 799 quid
1823 728 1971 783 aliud
1998 731 2162 782 saluti
2191 728 2578 782 conducibilius
2625 725 2918 790 uidebatur,
2950 740 3052 776 non
3077 723 3268 790 absque
3289 733 3515 776 tremore

291 813 590 881 subrepere.
623 814 757 882 Cap.
788 814 874 878 18,
899 817 996 868 ubi
1021 817 1086 869 tle
1122 815 1348 871 Mnratis
1376 832 1406 870 a
1443 815 2028 870 Tltessalonicensibus
2065 813 2218 869 abitu
2251 815 2527 882 loquitur:
2559 812 2884 866 Primutibus
2921 812 3030 864 suis
3058 809 3370 881 [Mm-atem]
3402 812 3518 876 qui-

290 902 414 952 dam
433 901 589 954 etiam
617 911 945 956 sacramento
968 902 1141 971 ferunt
1162 904 1358 957 dixisse
1383 923 1396 958 :
1428 902 1695 971 lnjustum
1718 912 1816 967 est,
1862 919 1979 956 cum
2034 904 2185 956 rebus
2219 901 2609 955 debellaturum
2638 895 3251 969 [Tltessalonicmtsium]
3286 896 3518 948 debellao

294 999 376 1039 tos
407 1005 611 1057 quoque
641 989 693 1041 in
723 990 932 1042 uincula
965 992 1176 1059 conjici,
1217 1001 1267 1045 et
1295 992 1472 1059 patria
1496 991 1603 1044 alio
1635 991 1889 1044 abductos
1919 990 2178 1059 spoliari:
2212 990 2507 1042 libertatem
2537 989 2714 1055 itaque
2743 985 2850 1038 illis
2881 984 3236 1044 stabiliantus,
3269 984 3404 1036 siita
3437 986 3512 1035 ui-

293 1076 466 1133 detur.
496 1085 588 1128 aut
619 1076 730 1128 sine
758 1078 926 1144 pretio
950 1077 1071 1130 illos
1103 1077 1437 1145 accipientes,
1471 1089 1559 1130 aut
1589 1077 1724 1130 illud
1770 1093 1862 1130 nos
1897 1085 2169 1145 erogantes
2191 1090 2210 1128 :
2243 1076 2549 1128 auditorum
2584 1073 2715 1125 alios
2775 1074 3085 1125 sententiam
3113 1071 3384 1131 laudasse,
3416 1069 3520 1120 ad-

292 1159 555 1225 hortatos,
580 1171 634 1212 ut
664 1161 902 1228 faceret;
933 1163 1021 1215 sed
1049 1179 1210 1216 unum
1236 1178 1302 1216 es:
1329 1165 1570 1227 ducibus,
1623 1164 1712 1229 qui
1749 1163 2009 1232 dignitate
2038 1171 2255 1216 ctzteros
2287 1159 2630 1215 antecellebat
2653 1201 2668 1218 .
2705 1176 2805 1211 non
2828 1167 3036 1212 tantum
3064 1175 3167 1211 non
3200 1157 3522 1225 approbtsse

293 1247 449 1298 verba
482 1246 555 1318 de,
573 1247 836 1312 libertate,
869 1250 959 1300 sed
986 1257 1034 1301 et
1053 1250 1242 1318 quibus
1267 1259 1470 1318 poterat
1507 1250 1837 1314 rationibus,
1860 1249 2136 1302 consilium
2169 1248 2420 1314 principis
2469 1246 2842 1315 impedirisse:
2877 1256 2926 1299 et
2958 1261 3076 1298 vero
3103 1245 3299 1298 similia
3324 1244 3522 1308 dicere,

293 1334 436 1400 quod
457 1317 590 1386 alios
613 1335 856 1400 anteiret,
880 1337 1018 1388 visus
1041 1317 1141 1388 est.
1175 1317 1307 1388 Erat
1345 1337 1502 1404 plane
1528 1337 1581 1390 id
1604 1351 1806 1406 quoque
1831 1329 2067 1389 meorum
2096 1334 2349 1388 scelerum
2379 1334 2607 1402 fructus,
2651 1344 2702 1384 ut
2741 1334 2850 1394 ipse
2880 1333 3006 1385 mihi
3030 1331 3249 1395 suadeo,
3277 1334 3526 1399 quemad-

300 1415 512 1472 modum
533 1429 584 1474 et
603 1436 720 1489 qua:
749 1437 955 1475 evenere
981 1423 1222 1490 reliqua;
1250 1423 1368 1478 licet
1397 1424 1635 1477 nonnulli
1687 1438 1978 1477 sermonem
2033 1422 2172 1474 hunc
2204 1437 2303 1474 non
2329 1409 2624 1487 patentibus
2663 1419 2882 1472 auribus
2903 1420 3232 1488 arripientes,
3262 1435 3424 1488 neque
3449 1436 3518 1473 se-

302 1510 551 1577 metipsos
575 1526 790 1562 causam
816 1511 979 1575 fuisse
994 1511 1328 1579 judicantes,
1389 1513 1580 1566 diuinis
1605 1512 1879 1579 prleceptis
1907 1509 2177 1578 neglectis,
2225 1508 2524 1588 hominibus
2556 1519 2832 1561 eventuum
2856 1523 3048 1561 causas
3090 1507 3380 1561 ascribunt.
3415 1506 3528 1576 Ego

301 1612 445 1659 uero,
464 1598 716 1666 quidquid
744 1599 798 1650 id
819 1598 1000 1666 fuerit,
1027 1599 1220 1652 divina:
1247 1599 1512 1668 punitioui
1541 1609 1752 1668 propter
1781 1614 1950 1652 meam
1976 1601 2348 1653 correctionem
2373 1599 2567 1652 tribuo.

377 1683 441 1739 ν.
471 1685 598 1740 Post
631 1685 763 1750 base,
799 1687 998 1738 nudam
1045 1687 1256 1741 civibus
1284 1685 1728 1741 Thessalonicam
1775 1684 2014 1739 Murates
2041 1686 2231 1740 incolis
2262 1687 2585 1739 instructam
2637 1683 2914 1750 cupiebat,
2965 1683 3196 1753 ideoque
3220 1684 3450 1738 diversis
3477 1683 3529 1737 in

303 1772 437 1826 locis
470 1783 877 1827 commorantes
935 1771 1455 1829 Tltessalonicenses
1503 1773 1554 1826 in
1607 1772 1853 1826 eamdem
1885 1761 2194 1828 revocabat.
2236 1772 2383 1826 Inter
2439 1773 2562 1837 hos,
2593 1772 2683 1838 qui
2712 1770 3530 1840 Thessalonicamrepetierant,

304 1872 491 1927 postea
518 1874 646 1913 vero
671 1875 826 1912 suum
851 1861 902 1912 in
934 1875 1053 1914 eam
1079 1861 1309 1914 reditum
1343 1861 1700 1923 damnabant,
1736 1875 1859 1914 cum
1881 1859 2118 1916 Murates
2138 1861 2519 1930 aliquotannis
2544 1859 2740 1928 elapsis
2774 1869 2896 1928 Post
2924 1857 3224 1920 excidium,
3243 1858 3528 1928 ingressus

305 1948 520 2012 urbem,
552 1946 816 2014 promissa
851 1944 1433 2003 Thessalonicensibus
1483 1964 1588 2001 non
1628 1955 1892 2012 servaret,
1927 1958 2112 2001 noster
2144 1948 2455 2016 Anagnosta
2501 1947 2622 2000 fuit.
2654 1945 2842 1999 Tradit
2875 1945 2987 2000 haec
3027 1960 3147 2014 cap.
3199 1945 3306 2000 i9:
3356 1943 3528 1999 Porro

306 2033 485 2087 abiere
501 2049 791 2101 prtecones,
828 2033 1110 2103 inquiens,
1136 2035 1204 2088 ad
1229 2035 1396 2088 multa
1427 2035 1573 2088 illius
1597 2035 1817 2088 ditionis
1837 2033 1956 2089 loca
1978 2077 1994 2102 ,
2023 2046 2080 2088 ut
2109 2036 2312 2088 dictum
2345 2044 2421 2088 est
2446 2075 2461 2100 ,
2487 2051 2615 2104 quos
2645 2049 2878 2102 reperere
2906 2031 3410 2099 Thessalonicenses,
3441 2034 3535 2102 qui

309 2131 432 2172 ante
489 2120 768 2174 nonnullos
801 2136 968 2174 annos
1007 2137 1181 2174 rerum
1211 2122 1471 2189 angustiis
1504 2123 1668 2189 pressi
1697 2137 1762 2175 ea:
1789 2139 1850 2175 ea
1881 2133 2220 2186 secesserant,
2263 2125 2422 2176 etiam
2448 2125 2494 2176 oi
2525 2121 2737 2175 reduces
2769 2121 2956 2190 fecere,
2991 2123 3222 2189 captivos
3254 2122 3372 2174 item
3403 2137 3535 2190 quo-

309 2223 412 2271 quo
443 2209 594 2261 modo
623 2208 678 2262 in
700 2208 996 2262 libertatem
1024 2210 1336 2264 vindicatus.
1370 2209 1574 2264 Ibidem
1607 2210 1768 2277 paulo
1788 2218 1912 2277 post
1939 2226 1954 2264 :
1989 2208 2352 2278 Opinabamur
2391 2224 2534 2271 vero,
2569 2207 2750 2261 urbem
2781 2223 2964 2260 rursus
2987 2207 3268 2274 pristinum
3293 2208 3535 2260 decorem

316 2304 664 2363 recepturum,
702 2304 752 2348 et
784 2297 1028 2361 pietatem
1077 2297 1224 2350 nouis
1259 2297 1478 2365 fioribus
1509 2314 1853 2359 emersurum,
1885 2306 1955 2360 et,
1988 2307 2043 2350 ut
2087 2308 2264 2360 antea,
2294 2296 2448 2366 longe
2481 2296 2684 2365 lateque
2716 2296 3116 2365 diuagaturam.
3154 2295 3218 2349 Et
3243 2294 3380 2364 forte
3414 2295 3535 2363 effe-

267 2382 272 2385 ’
313 2392 456 2436 ctum
488 2383 777 2448 habuisset,
809 2383 863 2437 ni
894 2398 1077 2437 rursus
1108 2399 1343 2437 meorum
1396 2383 1705 2438 delictorum
1757 2385 1906 2452 copia
1929 2385 2240 2450 obstitisset,
2277 2385 2538 2453 datusque
2561 2390 2694 2438 esset
2726 2383 2876 2436 locus
2909 2383 3261 2452 improbitati.
3311 2382 3396 2437 Ea:
3435 2399 3538 2448 quo

309 2471 452 2524 enim
481 2471 670 2524 ciuitas
726 2471 1028 2538 captivitate
1055 2487 1236 2540 pressa
1289 2471 1486 2539 fuerat,
1515 2481 1564 2525 et
1597 2471 1842 2526 Murates
1874 2473 2076 2538 omnia,
2109 2482 2156 2526 et
2190 2471 2414 2539 a'diﬁcia
2441 2511 2456 2536 ,
2493 2480 2539 2524 et
2565 2472 2936 2538 possessiones,
2964 2481 3014 2524 et
3036 2486 3193 2524 sacra
3229 2471 3447 2536 templa.
3489 2488 3522 2522 ο

314 2555 743 2624 monasteria,“
776 2574 958 2612 eorum
980 2559 1199 2621 reditus,
1241 2558 1389 2612 nobis
1430 2558 1800 2613 revertentibus
1832 2575 2037 2630 quoquo
2068 2561 2222 2614 modo
2257 2559 2436 2613 liberis
2459 2559 2614 2630 factis
2641 2557 2914 2628 magniﬁce
2938 2565 2989 2610 et
3021 2557 3240 2626 scripto,
3263 2566 3314 2611 et
3336 2574 3539 2611 sermo-

315 2661 380 2698 ne
405 2646 657 2712 elargitus
685 2653 787 2709 est,
839 2654 889 2700 et
923 2645 1053 2700 locis
1085 2661 1150 2700 ex
1200 2647 1439 2702 omnibus
1491 2649 1891 2702 advenientibus
1934 2647 2230 2700 libertatem
2256 2647 2441 2715 palam
2461 2645 2650 2710 edixit,
2684 2656 2730 2698 et
2755 2662 2879 2699 suas
2913 2645 3118 2710 domus,
3150 2653 3200 2698 et
3219 2661 3540 2715 quotcunque

314 2733 608 2788 immobilia
632 2750 806 2788 omnes
841 2745 1238 2800 recuperarunt,
1285 2745 1332 2788 et
1358 2737 1487 2788 ordo
1541 2739 1730 2798 omnis,
1756 2745 1804 2789 et
1832 2751 1956 2804 gens
1993 2737 2233 2789 universa
2261 2735 2488 2788 civitatis
2540 2732 2766 2787 secundo
2813 2733 2994 2802 augeri
3024 2734 3364 2800 renovarique
3395 2735 3538 2814 haud

317 2821 640 2888 improspere
672 2837 892 2890 clepere,
923 2829 971 2873 et
999 2831 1182 2886 pastor
1243 2822 1387 2875 urbis
1432 2831 1660 2884 creatus,
1713 2831 1762 2875 et
1821 2823 2056 2876 Ecclesia
2113 2825 2344 2877 constitit
2403 2824 2514 2876 suis
2584 2823 2840 2876 institutis
2887 2822 3189 2889 conspicua,
3247 2835 3296 2877 et
3352 2840 3543 2876 mona-

322 2909 408 2962 chi
429 2909 750 2962 ntonasteria
781 2919 1079 2969 tenuerunt,
1111 2920 1157 2962 et
1188 2909 1418 2962 studiose
1441 2909 1726 2962 admodum
1751 2925 1928 2963 eorum
1961 2911 2253 2981 augmentis
2283 2910 2578 2974 inhiabant,
2618 2925 2894 2975 omnesque
2928 2925 3013 2976 spe
3028 2907 3369 2963 lactubamur
3401 2911 3537 2964 bona

318 3009 395 3062 et,
428 3009 484 3052 ut
518 2999 742 3051 breviter
773 3014 852 3053 me
887 2998 1184 3067 expediam,
1219 3008 1437 3065 propter
1461 2998 1724 3051 excidium
1753 3001 1898 3052 nobis
1923 2998 2182 3050 malorum
2215 2985 2489 3051 illato'runt
2523 2998 2778 3052 memoria
2804 2999 3027 3062 amissa,
3059 2999 3420 3066 gaudebamus
3443 3016 3540 3065 pro

328 3087 416 3151 iis,
445 3102 562 3156 qua:
595 3084 740 3138 nobis
779 3087 1044 3153 insperato
1070 3087 1387 3155 obtigerant,
1410 3097 1457 3139 et
1483 3087 1762 3153 pristinam
1790 3087 2096 3155 felicitatem
2149 3084 2698 3155 tranquillitatemque
2729 3096 3130 3140 consecuturum
3161 3085 3339 3156 urbem
3359 3102 3544 3153 spera-

326 3155 546 3234 bamus;
577 3174 686 3225 tuin
708 3189 773 3226 ea:
796 3175 965 3239 nobis,
1007 3185 1061 3225 ut
1094 3173 1369 3242 proverbio
1415 3175 1606 3242 fertur,
1629 3174 1798 3226 larunt
1827 3185 2091 3241 sumptum
2127 3183 2226 3244 est,
2258 3161 2329 3234 et,
2352 3187 2467 3242 quae
2494 3175 2905 3242 expectabantur
2942 3175 3098 3238 bona,
3132 3155 3186 3227 iit
3215 3176 3544 3230 contrarium

329 3261 644 3313 reciderunt.
672 3259 804 3328 Cap.
831 3260 904 3314 20
931 3277 944 3313 :
985 3257 1127 3313 Nam
1182 3259 1614 3314 Thessalonicam
1664 3271 1894 3328 repetens
1931 3261 2174 3316 Murates
2205 3260 2488 3334 [secundus
2516 3273 2627 3315 tum
2659 3265 2902 3317 currebat
2928 3262 3006 3317 uel
3035 3263 3220 3316 tertius
3251 3275 3366 3334 post
3405 3268 3550 3319 exci-

321 3347 477 3400 dium
504 3346 698 3419 annus]
725 3357 783 3400 ut
801 3364 918 3403 eam
939 3349 1206 3414 inviseret,
1233 3351 1640 3418 accuratiusque
1670 3365 1750 3402 res
1772 3349 1917 3402 illius
1948 3348 2264 3411 addisceret,
2290 3358 2336 3402 et
2362 3348 2510 3402 bonis
2535 3350 2680 3402 illius
2711 3350 2998 3420 frueretur,
3028 3361 3073 3402 et
3101 3352 3398 3404 muneribus
3428 3368 3548 3404 mu-

324 3437 499 3504 niﬁcis
532 3437 864 3490 contenderet
886 3453 1002 3490 cum
1029 3454 1124 3491 suo
1150 3440 1504 3508 progenitore,
1527 3440 1772 3507 illiusque
1810 3439 2040 3510 uestigiis
2072 3438 2335 3492 insisteret
2368 3455 2387 3492 :
2421 3438 2512 3506 qui
2539 3437 2913 3492 Thessalonica
2939 3438 3134 3506 potitus
3161 3441 3362 3507 gratias
3391 3441 3554 3493 innuo

323 3539 496 3576 meras
551 3522 956 3592 largitionesque
1009 3527 1266 3578 maximas
1316 3525 1481 3592 fecit:
1536 3529 1655 3586 hac,
1674 3526 1908 3595 inquam,
1960 3526 2126 3595 fretus
2171 3535 2359 3588 mente,
2399 3525 2641 3594 illiusque
2693 3526 3034 3595 exsequenda:
3086 3543 3253 3581 causa
3312 3529 3547 3592 veniens,

320 3612 654 3674 postmodum
679 3608 836 3664 malis
865 3610 1095 3675 aliorum
1123 3612 1509 3666 monitionibus
1545 3613 1855 3675 distractus,
1894 3615 2174 3668 consilium
2209 3615 2591 3683 pristinamque
2624 3617 2934 3668 sententiam
2962 3624 3130 3669 mutat
3159 3632 3176 3670 :
3207 3626 3256 3671 et
3284 3633 3422 3684 quat,
3447 3634 3550 3687 quo

323 3695 473 3762 capti
500 3709 679 3747 sumus
715 3704 967 3762 tempore,
991 3711 1097 3748 non
1123 3697 1345 3765 peregit,
1372 3711 1432 3749 eo
1485 3694 1731 3763 temporis
1762 3697 2012 3764 per/icere
2041 3704 2333 3756 constituit.
2369 3703 2562 3774 Igitur,
2599 3705 2720 3758 licet
2752 3705 2842 3758 ille
2879 3703 3096 3768 diceret,
3124 3706 3240 3760 ideo
3270 3721 3328 3760 se
3355 3708 3552 3759 uenisse

329 3791 384 3834 ut
415 3782 596 3834 urbem
627 3793 672 3834 et
696 3781 904 3851 singula
935 3782 1082 3835 illius
1111 3783 1562 3850 circumspiceret,
1582 3785 1805 3851 "otioque
1831 3794 1877 3836 et
1909 3784 2107 3843 laboris
2137 3788 2438 3844 remissione
2467 3800 2727 3852 uteretur,
2767 3791 3022 3860 bonisque
3059 3792 3203 3844 illius
3242 3793 3311 3843 ad
3342 3795 3550 3845 saturi-

331 3877 497 3923 tatem
524 3869 910 3936 luxuriaretur,
934 3871 1111 3939 sicque
1138 3886 1243 3924 non
1282 3871 1457 3925 minus
1483 3872 1536 3923 in
1569 3887 1684 3925 eam
1719 3871 1957 3926 benevole
2007 3877 2228 3944 aﬁ'ectus
2252 3914 2268 3940 ,
2296 3876 2513 3929 meliora
2539 3881 2800 3945 speranda
2835 3877 2984 3930 nobis
3014 3878 3068 3930 in
3097 3887 3364 3946 posterum
3390 3879 3552 3933 relin-

326 3966 549 4026 queret;
580 3957 922 4012 nihilominus
951 3959 1180 4023 primum
1211 3959 1518 4011 mandatum
1550 3957 1716 4020 dedit,
1742 3960 1877 4026 quod
1918 3974 2011 4013 nec
2041 3976 2136 4028 per
2166 3963 2432 4014 somnium
2457 3963 2946 4031 quidentquispiam
2969 3973 3318 4030 expectasset.
3353 3965 3417 4018 Id
3449 3983 3552 4019 au-

328 4057 431 4098 tem
460 4053 596 4108 erat,
632 4047 954 4098 monasteria
985 4047 1162 4098 omnia
1188 4044 1488 4114 templaque
1529 4046 1864 4112 occupanda,
1912 4061 2092 4100 eorum
2123 4049 2324 4102 reditus
2353 4065 2531 4103 omnes
2578 4051 3033 4119 possessionesque
3057 4053 3396 4118 auferendus,
3423 4064 3470 4106 et
3496 4055 3554 4108 ist

328 4142 614 4200 angustum
639 4135 824 4200 Oppido
857 4149 937 4186 res
971 4143 1179 4188 nostras
1206 4135 1486 4202 cogendas.
1540 4132 1690 4198 Quod
1721 4148 1821 4186 non
1847 4135 2010 4187 multo
2041 4145 2154 4202 post
2184 4135 2387 4205 factum
2430 4145 2506 4190 est
2531 4137 2595 4190 ab
2625 4137 2735 4190 illis
2753 4137 3047 4207 insigniter.
3080 4137 3214 4208 Cap.
3252 4140 3316 4193 21
3349 4158 3363 4194 :
3396 4139 3556 4194 Nunc

329 4235 510 4284 porro,
549 4220 641 4288 qui
664 4239 694 4272 a
726 4220 1048 4288 longioribus
1079 4221 1186 4273 oris
1219 4221 1394 4285 illius,
1438 4233 1694 4288 compotes
1718 4219 1877 4288 ﬂendi
1900 4221 2162 4276 desiderio
2197 4223 2544 4288 exardebant,
2573 4241 2659 4278 eos
2689 4225 2776 4280 sui
2800 4209 3068 4290 desiderii,
3103 4230 3192 4280 sed
3228 4238 3274 4280 et
3304 4243 3400 4280 nos
3425 4245 3556 4295 quo-

328 4322 429 4374 que
466 4307 654 4360 ineant
683 4308 960 4361 reditionis
985 4308 1197 4376 ptenitet
1227 4325 1246 4372 ,°
1279 4325 1397 4362 cum
1427 4325 1541 4376 spes
1577 4308 1810 4382 melioris
1832 4317 2006 4362 status
2032 4312 2240 4378 penitus
2283 4315 2492 4365 sublata
2522 4314 2611 4366 sit.
2639 4311 2740 4368 Ubi
2776 4323 2957 4378 notes,
2995 4322 3268 4368 auctorem
3303 4325 3554 4368 nostrum

330 4395 510 4462 capite
541 4393 630 4459 20,
663 4409 785 4448 cum
805 4395 877 4450 sit
903 4393 1124 4461 dubius,
1159 4396 1334 4449 altero
1365 4412 1434 4450 an
1483 4396 1646 4451 tertio
1678 4410 1844 4460 anno,
1887 4406 2011 4465 post
2042 4398 2193 4452 urbis
2232 4399 2732 4457 Thessalonicensis
2756 4401 3056 4466 excidium,
3100 4403 3151 4455 id
3209 4411 3292 4457 est
3341 4418 3547 4456 annum

325 4478 533 4535 Christi
573 4482 734 4546 H30,
766 4497 874 4548 res,
907 4498 1047 4552 quas
1086 4484 1186 4537 hoc
1227 4485 1342 4538 loco
1377 4493 1584 4548 narrat,
1617 4484 1950 4550 acciderint;
1983 4482 2163 4538 facere
2195 4487 2351 4540 nobis
2385 4487 2602 4556 aliquod
2643 4488 2928 4553 indicium,
2957 4503 3050 4542 eas
3085 4505 3141 4543 se
3175 4490 3372 4544 litteris
3405 4505 3524 4544 com
3545 4519 3560 4530 -

296 4631 300 4635 ι
330 4569 550 4624 misisse
581 4578 703 4639 post
723 4584 895 4626 annos
923 4571 991 4625 ab
1010 4581 1314 4648 expugpata
1345 4571 1733 4627 Thessalonica
1759 4570 1959 4640 plures,
1977 4586 2142 4649 quam
2189 4583 2297 4628 tres
2337 4584 2415 4638 ut,
2447 4587 2613 4645 quoto
2639 4591 2782 4632 anno
2799 4589 2964 4649 gestae
2987 4578 3209 4642 fuerint,
3235 4590 3425 4633 exacte
3452 4595 3558 4632 non

330 4657 563 4727 amplius
593 4658 870 4714 recordari
900 4660 1156 4727 potuerit.
1180 4640 1356 4725 finde,
1394 4677 1501 4715 non
1533 4669 1738 4715 tantum
1773 4673 1914 4713 anno
1955 4640 2156 4713 Christi
2212 4659 2368 4724 M35,
2405 4640 2496 4715 scil
2533 4655 2698 4717 etiam
2727 4640 2934 4734 aliquot
2971 4665 3129 4719 anuis
3158 4640 3279 4734 post
3307 4667 3360 4720 in
3421 4666 3559 4720 vivis

330 4747 698 4815 Anagnostant
723 4756 964 4803 nostrum
991 4749 1266 4804 exstitisse
1284 4749 1526 4819 colligas.

811 4884 1040 4940 Joannis
1070 4889 1383 4958 Anagnosta:
1404 4890 1622 4959 scripta.
1658 4891 1730 4946 De
1753 4893 1904 4946 rebus
1927 4878 2625 4957 Constantinopolitanorum
2654 4883 3028 4940 Macedonicis.

407 4998 494 5054 VI.
527 4999 606 5053 Ad
636 4997 923 5067 quemdam
977 4997 1153 5052 virum
1224 5000 1572 5063 laudabilem,
1624 5002 1780 5070 cujus
1827 5013 2021 5054 nomen
2081 4997 2299 5052 silentio
2347 4994 2499 5064 tegit,
2557 4996 2922 5048 narrationem
2974 4994 3040 5047 de
3073 5003 3313 5048 extremo
3345 4995 3564 5049 excidio
3641 5043 3650 5052 .

332 5086 742 5142 Thessalonicae
772 5086 1016 5153 scripsit.
1061 5084 1173 5140 Hoc
1207 5086 1387 5143 libello
1419 5098 1626 5152 narrat,
1653 5098 1706 5142 et
1737 5088 2096 5149 obsidionem,
2123 5095 2177 5139 et
2217 5081 2684 5151 expugnationem
2707 5079 3033 5133 istinsurhis
3065 5077 3416 5133 Macedonum
3453 5082 3562 5146 pri-

335 5174 727 5242 tuaria:,qttsm
753 5174 980 5241 imperio
1001 5173 1294 5228 CPolitano
1348 5175 1670 5242 subiectam,
1707 5191 1828 5229 cum
1871 5175 2128 5228 adversus
2166 5170 2374 5225 Tureas
2411 5167 2682 5238 Cpolitani
2709 5167 2999 5222 defendere
3024 5168 3158 5221 satis
3185 5184 3288 5221 non
3318 5181 3562 5236 possent.

339 5260 675 5315 Venetorum
709 5261 960 5329 potestati
1003 5259 1298 5324 subditam,
1329 5277 1472 5316 anno
1512 5263 1857 5332 imperatoris
1885 5260 2111 5316 Joannis
2144 5258 2428 5324 Palaeologi
2461 5255 2702 5310 iunioris
2723 5255 2808 5319 12,
2844 5254 3046 5310 Christi
3069 5254 3228 5320 H30,
3261 5255 3498 5309 Μαι-ειυς
3522 5255 3562 5309 ll

334 5347 638 5402 Turcarnm
661 5347 912 5416 princeps
941 5348 1188 5402 dominio
1215 5347 1448 5402 Turcico
1482 5349 1733 5414 subjecit.
1775 5349 1984 5409 Prodiit
2007 5346 2194 5400 Graece
2215 5356 2269 5399 et
2299 5344 2506 5407 Latine,
2542 5343 2840 5411 interprete
2861 5341 3040 5400 Leone
3069 5343 3292 5408 Allatio,
3326 5346 3379 5398 in
3415 5342 3565 5411 ejus-

333 5434 458 5490 dem
515 5433 830 5504 Symmictis
852 5477 868 5502 ,
900 5433 1137 5489 Coloniae
1154 5434 1464 5505 Agrippina:
1495 5451 1590 5504 per
1625 5434 1889 5490 Jodocum
1921 5437 2261 5501 nalcoviutn,
2290 5433 2573 5498 Μυιῖιιιι,
2598 5437 2652 5488 in
2688 5435 2760 5505 8.,

655 5889 926 5949 ΡΑτιιοι..
962 5889 1080 5953 Gn.
1119 5885 1317 5946 CLVI.
1839 5974 1874 5977 ’Δ
1926 5975 1928 5977 g

3071 5883 3147 5943 19
