3990 6578
283 438 386 499 585
1222 436 1560 499 JOANNES
1611 435 2084 499 ANAGNOSTA.
2134 460 2200 472 —
2230 430 2644 526 NOTITIAJ.
3412 405 3512 490 586

281 551 430 618 qittis
460 548 700 617 impulsis
728 549 1078 614 dimoturum,
1102 553 1472 620 machinasque
1500 568 1678 606 omnes
1708 553 1778 604 ad
1799 553 1980 606 urbem
2006 550 2350 604 excidendam
2379 556 2790 615 usurpaturum.
2821 545 2955 614 Cap.
2992 545 3080 609 13,
3100 553 3218 598 cum
3259 559 3289 598 a
3323 541 3514 596 Turcis

288 638 481 688 urbem
519 647 830 703 superatam
862 639 1272 693 memoravisset
1293 658 1306 692 :
1329 639 1522 693 Omnes
1548 641 1728 708 itaque
1762 656 1877 702 nos,
1906 651 1962 692 ut
1982 642 2171 707 cuique
2186 639 2354 699 licuit,
2386 640 2568 705 fugam
2595 644 2948 698 maturantes,
2992 634 3084 686 alii
3109 635 3161 686 in
3181 634 3376 687 tet/ibus
3404 647 3515 684 sese

283 723 499 783 abdere,
549 725 644 775 alii
677 725 730 776 in
763 725 1031 778 cuniculos
1063 736 1110 779 et
1150 728 1393 795 sepulcra
1420 768 1436 787 ,
1484 737 1534 780 et
1577 731 1624 781 si
1650 725 1778 796 quid
1822 726 1972 780 aliud
1997 728 2161 780 saluti
2191 725 2578 780 conducibilius
2625 723 2918 788 videbatur,
2949 737 3052 774 non
3077 721 3267 788 absque
3288 730 3514 773 tremore

286 809 590 876 subrepere.
622 810 756 878 Cap.
788 811 874 874 l8,
907 813 995 864 ubi
1021 813 1086 866 tle
1122 812 1348 868 Muralis
1376 829 1406 867 a
1443 812 2028 868 Tltessalonicensibus
2065 811 2218 867 abitu
2251 812 2526 880 loquitur:
2559 810 2884 862 Primutt’bus
2920 810 3028 862 suis
3057 806 3369 878 [Mnratem]
3402 809 3518 873 qni-

286 897 410 948 dam
431 897 589 949 etiam
617 908 944 952 sacramento
967 899 1140 966 ferunt
1161 901 1357 954 dixisse
1384 919 1396 954 :
1429 899 1694 968 Iujustum
1717 909 1816 963 est,
1861 916 1979 952 cum
2033 902 2185 953 rebus
2218 899 2608 952 debellatorum
2638 893 3250 967 [Tltessaloniconsitnn]
3285 893 3516 946 debella-

290 995 371 1035 tos
403 1000 610 1053 quoque
641 986 692 1037 in
721 987 931 1039 vincula
965 988 1176 1056 conjici,
1217 997 1266 1041 et
1295 990 1471 1056 patria
1496 988 1602 1040 alio
1634 987 1889 1041 abductos
1919 987 2178 1056 spoliari:
2211 987 2506 1040 libertatem
2536 987 2714 1053 itaque
2743 983 2850 1036 illis
2879 981 3235 1041 stabiliamus,
3268 981 3404 1033 siita
3437 984 3512 1032 vi-

290 1072 465 1129 detur.
494 1081 587 1124 aut
618 1071 729 1124 sine
757 1074 924 1139 pretio
949 1073 1071 1126 illos
1102 1074 1437 1141 accipientes,
1471 1086 1560 1128 aut
1589 1074 1723 1127 illud
1769 1091 1861 1128 nos
1895 1083 2208 1142 erogantes:
2243 1074 2548 1126 auditorum
2583 1072 2715 1123 alios
2774 1071 3084 1123 sententiam
3113 1069 3384 1128 laudasse,
3415 1067 3520 1118 ad-

289 1155 554 1220 bortatos,
579 1167 633 1208 ut
663 1157 901 1224 faceret;
931 1159 1020 1212 sed
1048 1175 1210 1212 unum
1235 1175 1301 1214 ex
1328 1161 1570 1224 ducibus,
1622 1161 1712 1226 qui
1748 1159 2008 1229 dignitate
2037 1168 2254 1213 ceteros
2286 1157 2629 1212 antecellebat
2652 1197 2667 1216 ,
2703 1173 2804 1209 non
2827 1165 3035 1209 tantum
3063 1172 3167 1208 non
3198 1155 3521 1222 approbasse

292 1243 446 1294 verba
481 1241 554 1315 de
572 1243 835 1308 libertate,
868 1246 958 1296 sed
985 1254 1033 1297 et
1053 1247 1241 1314 quibus
1266 1257 1469 1315 poterat
1507 1247 1836 1310 rationibus,
1859 1246 2136 1299 consilium
2168 1244 2420 1312 principis
2467 1244 2800 1312 impedirisse
2823 1259 2842 1296 :
2875 1253 2924 1296 et
2957 1259 3074 1296 vero
3101 1242 3298 1295 similia
3323 1242 3522 1306 dicere,

291 1330 434 1396 quod
454 1313 589 1381 alios
611 1331 855 1396 anteiret,
880 1333 1018 1384 visus
1041 1313 1140 1385 est.
1175 1313 1306 1385 Erat
1344 1334 1502 1401 plane
1528 1334 1580 1386 id
1604 1348 1806 1402 quoque
1831 1329 2066 1386 meorum
2095 1331 2347 1384 scelerum
2378 1331 2606 1398 fructus,
2650 1341 2702 1382 ut
2740 1332 2849 1391 ipse
2879 1329 3005 1382 milii
3029 1329 3248 1392 suadeo,
3277 1331 3525 1396 quemad-

299 1418 511 1468 modum
531 1425 582 1470 et
602 1432 720 1485 qua:
747 1433 954 1471 evenere
980 1419 1179 1486 reliqua
1201 1435 1222 1483 ,'
1249 1420 1368 1474 licet
1397 1421 1635 1473 nonnulli
1686 1434 1976 1473 sermonem
2032 1419 2170 1471 [tunc
2203 1434 2302 1471 non
2329 1405 2623 1484 patentibus
2661 1416 2880 1469 auribus
2902 1417 3231 1485 arripientes,
3261 1432 3423 1485 neque
3448 1433 3517 1470 se-

302 1506 549 1573 metipsos
574 1522 789 1558 causam
815 1506 978 1571 fuisse
993 1507 1326 1575 judicantes,
1389 1509 1580 1562 divinis
1604 1508 1878 1575 praeceptis
1906 1506 2176 1575 neglectis,
2224 1504 2522 1585 hominibus
2555 1516 2830 1558 eventuum
2855 1520 3048 1557 causas
3089 1504 3379 1557 ascribunt.
3413 1503 3527 1572 Ego

303 1608 442 1655 vero,
461 1594 716 1662 quidquid
743 1595 796 1646 id
817 1594 998 1662 fuerit,
1025 1595 1218 1648 divina:
1246 1596 1511 1664 punitioni
1540 1605 1752 1664 propter
1779 1610 1948 1649 meum
1975 1597 2347 1650 correctionem
2371 1595 2566 1649 tribuo.

376 1679 438 1734 V.
469 1681 597 1735 Post
631 1681 762 1746 hinc,
798 1682 996 1734 nudam
1045 1682 1255 1737 civibus
1283 1681 1726 1737 Thessalonicam
1774 1681 2013 1736 Murates
2039 1683 2230 1737 incolis
2261 1684 2584 1736 instructam
2636 1679 2912 1747 cupiebat,
2964 1679 3194 1749 ideoque
3219 1680 3449 1734 diversis
3475 1679 3528 1734 in

304 1769 434 1822 locis
465 1779 876 1823 commorantes
933 1767 1454 1825 Tltessalonicenses
1502 1769 1553 1822 in
1606 1769 1851 1823 eannlem
1883 1757 2193 1825 revocabat.
2234 1768 2382 1823 Inter
2437 1769 2561 1833 bos,
2592 1769 2682 1834 qui
2711 1767 3154 1822 Thessalonicam
3177 1768 3529 1836 repetierant,

305 1868 488 1922 postea
515 1870 644 1909 vero
670 1871 825 1908 suum
850 1857 900 1908 in
933 1871 1052 1910 eam
1077 1856 1308 1910 reditum
1341 1857 1698 1919 damnabunt,
1735 1871 1858 1911 cum
1881 1855 2117 1912 Murates
2137 1858 2518 1926 aliquotannis
2543 1856 2739 1924 elapsis
2772 1865 2894 1924 post
2922 1854 3222 1917 excidium,
3241 1855 3526 1926 ingressus

305 1943 517 2008 urbem,
549 1943 814 2010 promissa
850 1939 1432 1999 Thessalonicensibus
1483 1960 1588 1997 non
1627 1951 1891 2008 servaret,
1926 1955 2110 1997 noster
2143 1945 2454 2013 Anagnosta
2499 1943 2620 1998 fuit.
2653 1941 2840 1996 Tradit
2873 1943 2986 1997 haec
3025 1957 3145 2011 cap.
3198 1942 3305 1997 l9:
3355 1940 3527 1996 Porro

305 2028 482 2082 abiere
498 2045 790 2097 prwcones,
827 2029 1109 2099 inquiens,
1135 2031 1203 2084 ad
1228 2031 1396 2084 multa
1427 2031 1572 2084 illius
1597 2031 1816 2085 ditionis
1837 2030 1954 2084 loca
1976 2074 1992 2097 ,
2022 2043 2078 2085 ut
2108 2033 2310 2086 dictum
2344 2040 2420 2085 est
2445 2072 2460 2097 ,
2485 2047 2614 2101 quos
2643 2046 2876 2098 reperere
2905 2028 3408 2096 Thessaloniceuscs,
3439 2031 3533 2099 qui

307 2127 428 2168 ante
487 2115 767 2170 nonnullos
799 2132 966 2170 annos
1005 2133 1180 2170 rerum
1210 2118 1470 2185 angustiis
1503 2120 1666 2185 pressi
1697 2133 1760 2171 ex
1787 2135 1848 2171 ea
1880 2130 2219 2182 secesserant,
2261 2121 2421 2173 etiam
2447 2121 2493 2172 vi
2523 2118 2735 2172 reduces
2768 2117 2954 2187 fecere,
2990 2120 3220 2186 captivos
3252 2119 3371 2171 item
3401 2133 3534 2186 quo-

308 2219 407 2266 quo
439 2205 592 2257 modo
621 2204 676 2258 in
699 2203 994 2258 libertatem
1023 2205 1335 2260 vindicatos.
1368 2205 1573 2261 Ibidem
1606 2207 1767 2274 paulo
1787 2215 1910 2272 post.
1938 2222 1952 2260 :
1987 2205 2350 2274 Opinabamur
2390 2221 2532 2267 vero,
2569 2203 2749 2258 urbem
2780 2219 2962 2256 rursus
2985 2205 3267 2271 pristinum
3291 2205 3534 2256 decorem

314 2300 662 2359 recepturum,
700 2300 750 2344 et
782 2293 1028 2357 pietatem
1075 2292 1223 2346 novis
1258 2293 1478 2361 ﬂoribus
1508 2309 1852 2355 emersurum,
1883 2302 1954 2356 et,
1987 2304 2042 2346 ut
2086 2304 2263 2357 antea,
2293 2293 2446 2362 longe
2479 2293 2683 2362 lateque
2714 2293 3114 2362 divagaturarn.
3153 2291 3216 2346 Et
3242 2292 3379 2361 forte
3412 2291 3534 2360 effe-

311 2375 452 2432 ctum
485 2379 775 2443 habuisset,
807 2379 861 2433 ni
892 2394 1076 2432 rursus
1107 2395 1342 2433 meorum
1395 2379 1703 2435 delictorum
1756 2381 1905 2448 copia
1927 2382 2238 2446 obstitisset,
2277 2382 2536 2449 datusque
2559 2387 2692 2434 esset
2724 2379 2875 2433 locus
2907 2379 3260 2449 improbitati.
3309 2379 3394 2434 Ex
3433 2395 3537 2444 quo

307 2467 447 2520 enim
478 2467 667 2520 civitas
723 2467 1026 2534 captivitate
1053 2483 1235 2535 pressa
1287 2467 1485 2535 fuerat,
1514 2476 1563 2521 et
1596 2467 1841 2522 Murates
1873 2469 2075 2533 omnia,
2107 2478 2155 2522 et
2189 2467 2412 2536 a'diﬁcia
2439 2508 2454 2533 ,
2491 2477 2538 2520 et
2563 2468 2934 2535 possessiones,
2961 2477 3012 2520 et
3034 2482 3191 2520 sacra
3227 2467 3445 2532 templa.
3487 2484 3521 2518 ο

309 2551 656 2619 monasteria,
691 2564 741 2606 et
775 2570 956 2607 eorum
979 2555 1198 2617 reditus,
1239 2554 1388 2608 nobis
1429 2556 1798 2609 revertentibus
1830 2572 2036 2626 quoquo
2067 2541 2220 2610 modo
2256 2555 2435 2610 liberis
2457 2555 2612 2626 factis
2639 2553 2912 2624 magniﬁce
2936 2561 2988 2606 et
3019 2553 3238 2622 scripto,
3261 2562 3312 2608 et
3333 2570 3537 2608 sermo-

310 2657 374 2694 ne
400 2642 654 2708 elargitus
682 2650 785 2704 est,
837 2650 886 2695 et
922 2641 1052 2697 locis
1084 2657 1149 2696 ex
1199 2643 1438 2698 omnibus
1489 2644 1890 2698 advenientibus
1933 2642 2228 2696 libertatem
2254 2644 2440 2711 palam
2459 2641 2648 2707 edixit,
2683 2652 2728 2695 et
2753 2658 2877 2695 suas
2910 2641 3116 2706 domus,
3147 2650 3199 2695 et
3217 2657 3538 2711 quotcunque

309 2729 604 2783 immobilia
629 2746 804 2784 omnes
839 2741 1238 2794 recuperarunt,
1283 2741 1332 2784 et
1357 2732 1486 2784 ordo
1539 2734 1728 2794 omnis,
1755 2741 1803 2784 et
1831 2746 1955 2800 gens
1991 2733 2232 2785 universa
2259 2731 2486 2784 civitatis
2538 2728 2764 2783 secundo
2811 2729 2991 2799 augeri
3023 2731 3362 2797 renovarique
3393 2731 3537 2810 haud

312 2817 636 2884 improspere
669 2833 890 2886 coepere,
921 2825 969 2868 et
997 2826 1182 2882 pastor
1242 2817 1385 2870 urbis
1431 2827 1658 2879 creatus,
1712 2827 1761 2870 et
1820 2819 2055 2872 Ecclesia
2111 2820 2343 2872 constitit
2401 2820 2512 2871 suis
2582 2819 2838 2872 institutis
2885 2819 3187 2885 conspicua,
3245 2831 3294 2874 et
3350 2837 3541 2873 mona-

317 2905 403 2958 chi
424 2905 747 2958 monasteria
779 2914 1077 2965 tenuerunt,
1110 2915 1155 2957 et
1187 2904 1416 2958 studiose
1440 2904 1725 2957 admodum
1750 2920 1926 2958 eorum
1959 2907 2251 2976 augmentis
2280 2905 2576 2970 inhiabant,
2616 2921 2892 2971 omnesque
2925 2922 3011 2972 spe
3026 2903 3368 2959 lactubamur
3399 2908 3535 2960 bona

313 3005 389 3059 et,
424 3006 481 3048 ut
516 2994 738 3047 breviter
771 3009 850 3048 me
884 2993 1183 3062 expediam,
1217 3003 1436 3060 propter
1459 2994 1723 3046 excidium
1751 2996 1897 3047 nobis
1922 2994 2180 3046 malorum
2214 2981 2487 3047 illato'rum
2521 2994 2776 3047 memoria
2802 2995 3025 3059 amissa,
3057 2995 3419 3062 gaudebamus
3441 3012 3539 3062 pro

323 3083 412 3148 iis,
441 3097 559 3152 qua:
591 3081 737 3134 nobis
776 3083 1042 3149 insperato
1069 3081 1386 3150 obtigerant,
1409 3092 1456 3134 ct
1481 3081 1760 3148 pristinam
1789 3083 2094 3150 felicitatem
2148 3080 2696 3151 tranquillitatemque
2727 3092 3127 3135 consecutura»:
3158 3081 3337 3152 urbem
3357 3098 3542 3150 spera-

321 3151 543 3229 bamus;
573 3170 683 3221 tum
705 3184 770 3222 ex
793 3170 963 3234 nobis,
1005 3180 1059 3221 ut
1091 3168 1368 3237 proverbio
1414 3170 1604 3238 fertur,
1628 3169 1796 3222 larunt
1825 3181 2089 3236 sumptum
2125 3178 2224 3240 est,
2256 3155 2327 3230 et,
2351 3183 2465 3237 qute
2492 3171 2903 3237 expectabantur
2941 3171 3097 3233 bona,
3130 3151 3184 3222 iit
3213 3172 3541 3226 contrarium

324 3257 641 3310 reciderunt.
669 3255 801 3324 Cap.
829 3256 901 3310 20
928 3272 942 3308 :
982 3253 1125 3308 Nam
1181 3254 1612 3310 Thessalonicam
1662 3266 1892 3324 repetens
1930 3256 2022 3310 Mn
2035 3266 2172 3311 rates
2203 3255 2486 3329 [secundus
2514 3267 2625 3310 tum
2657 3260 2900 3312 currebat
2926 3257 3003 3312 vel
3033 3259 3218 3312 tertius
3249 3271 3363 3329 post
3403 3264 3548 3324 exei-

315 3343 473 3396 dium
501 3342 694 3415 annus]
722 3353 780 3396 ut
799 3359 916 3398 eam
937 3344 1204 3409 inviseret,
1231 3346 1637 3413 accuratiusque
1668 3360 1748 3398 res
1769 3345 1915 3397 illius
1946 3343 2263 3407 addisceret,
2288 3354 2334 3397 et
2360 3343 2508 3398 bonis
2533 3345 2678 3398 illius
2710 3346 2996 3416 frueretur,
3026 3356 3071 3398 et
3099 3347 3396 3399 muneribus
3426 3365 3547 3400 mu.

319 3433 496 3501 niﬁcis
529 3433 862 3485 contenderet
883 3448 999 3485 cum
1027 3449 1122 3487 suo
1147 3436 1502 3503 progenitore,
1525 3435 1770 3503 illiusque
1808 3433 2038 3505 vestigiis
2070 3433 2334 3488 insisteret
2366 3450 2384 3487 :
2419 3433 2510 3501 qui
2537 3431 2911 3487 Thessalonica
2937 3433 3132 3501 potitus
3158 3435 3361 3502 gratias
3389 3437 3552 3488 innu-

317 3535 492 3573 meras
548 3519 954 3587 largitionesquc
1007 3522 1264 3574 maximas
1314 3521 1478 3588 fecit:
1535 3523 1906 3590 Imc.iuquam,
1959 3522 2124 3590 fretus
2170 3530 2357 3584 mente,
2397 3520 2639 3589 illiusque
2691 3521 3032 3590 exsequenda:
3084 3537 3251 3576 causa
3310 3524 3545 3588 veniens,

315 3607 650 3670 postmodum
677 3604 832 3660 ntalis
862 3605 1092 3659 aliorum
1121 3607 1507 3662 monitionibus
1544 3609 1854 3670 distraetus,
1892 3610 2172 3663 consilium
2207 3610 2590 3677 pristinamque
2622 3612 2933 3663 sententiam
2960 3620 3127 3664 mutat
3157 3627 3174 3664 :
3205 3621 3254 3666 et
3282 3628 3420 3679 quae,
3445 3629 3548 3682 quo

319 3691 468 3758 capti
496 3705 676 3743 sumus
712 3700 964 3758 tempore,
988 3705 1095 3744 non
1121 3693 1343 3760 peregit,
1370 3707 1430 3744 eo
1483 3690 1728 3758 ιοηιροῖίι
1761 3692 2010 3758 tier/icere
2040 3699 2330 3751 constituit.
2367 3697 2560 3768 Igitur,
2597 3700 2718 3752 licet
2749 3701 2839 3752 ille
2877 3698 3094 3762 diceret,
3121 3701 3237 3755 ideo
3267 3717 3325 3754 se
3352 3703 3550 3754 venisse

325 3788 381 3830 ut
411 3777 592 3830 urbem
623 3788 669 3830 et
693 3776 902 3846 singula
933 3777 1080 3830 illius
1109 3778 1560 3844 circumspiceret,
1581 3779 1802 3844 ‘otioque
1828 3788 1876 3830 et
1907 3778 2105 3838 laboris
2135 3783 2436 3839 remissione
2466 3794 2725 3846 uteretur,
2765 3785 3020 3854 bonisque
3057 3787 3201 3838 illius
3240 3787 3308 3838 ad
3339 3791 3548 3840 saturi-

327 3873 494 3918 tatem
520 3866 908 3931 luxuriaretur,
931 3867 1109 3934 sicqne
1137 3881 1240 3918 non
1279 3866 1455 3919 minus
1481 3866 1534 3917 in
1567 3881 1682 3919 eam
1716 3865 1955 3920 benevole
2005 3870 2226 3937 affectus
2250 3907 2266 3933 ,
2294 3870 2511 3923 meliora
2536 3875 2798 3939 speranda
2833 3871 2981 3924 nobis
3012 3872 3066 3924 in
3096 3882 3362 3940 posterum
3388 3873 3550 3928 relin-

323 3961 545 4021 queret;
577 3953 919 4007 nihilominus
948 3954 1178 4018 primum
1209 3953 1516 4005 mandatum
1548 3951 1714 4014 dedit,
1739 3953 1876 4019 quod
1916 3968 2009 4006 nec
2039 3970 2135 4022 per
2164 3957 2429 4008 somnium
2455 3957 2667 4025 quidem
2683 3957 2943 4024 quispiam
2967 3967 3316 4024 expectasset.
3350 3959 3415 4013 Id
3447 3977 3550 4013 au-

326 4052 428 4094 tem
457 4048 592 4103 erat,
629 4042 951 4093 monasteria
982 4041 1160 4093 omnia
1186 4037 1486 4108 templaque
1528 4039 1863 4106 occupanda,
1910 4054 2091 4094 eorum
2121 4043 2321 4095 reditus
2351 4059 2529 4096 outues
2575 4044 3031 4113 possessionesque
3055 4047 3393 4113 auferendas,
3421 4057 3468 4101 et
3491 4049 3552 4102 ist

327 4138 610 4197 angustum
635 4130 821 4197 Oppido
854 4144 934 4181 res
969 4138 1176 4182 nostras
1204 4128 1483 4196 cogendas.
1538 4127 1687 4192 Quod
1719 4142 1819 4180 non
1845 4128 2008 4180 multo
2039 4138 2152 4194 post
2181 4129 2384 4198 factum
2428 4139 2504 4184 est
2529 4130 2593 4184 ab
2623 4130 2733 4183 illis
2751 4131 3044 4202 insigniter.
3077 4131 3211 4202 Cap.
3249 4135 3314 4187 21
3346 4152 3361 4188 :
3394 4134 3554 4188 Nunc

327 4231 507 4280 porro,
545 4216 638 4283 qui
661 4234 691 4268 a
723 4215 1046 4284 longioribus
1076 4216 1183 4268 oris
1217 4215 1392 4280 illius,
1435 4227 1693 4282 compotes
1717 4213 1875 4282 ﬂendi
1898 4215 2160 4269 desiderio
2194 4216 2542 4281 exardebant,
2571 4234 2656 4272 eos
2687 4219 2774 4274 sui
2798 4203 3065 4284 desiderii,
3100 4223 3190 4274 sed
3226 4233 3271 4275 et
3302 4238 3397 4275 nos
3423 4239 3554 4290 quo-

327 4318 425 4370 que
463 4303 516 4355 in
536 4319 651 4356 eam
680 4304 957 4356 reditionis
982 4303 1194 4370 paenitet
1224 4320 1244 4368 ;
1277 4319 1396 4356 cum
1425 4319 1539 4371 spes
1574 4303 1808 4376 melioris
1830 4311 2004 4356 status
2030 4305 2238 4373 penitus
2281 4308 2490 4359 sublata
2520 4308 2608 4359 sit.
2635 4304 2738 4362 Ubi
2773 4317 2954 4372 notes,
2993 4316 3266 4362 auctorem
3300 4320 3551 4363 nostrum

328 4391 506 4458 capite
537 4389 627 4455 20,
660 4405 782 4444 cum
802 4391 874 4446 sit
900 4389 1120 4456 dubius,
1157 4391 1332 4444 altero
1363 4407 1430 4446 an
1482 4391 1644 4446 tertio
1675 4404 1842 4454 anno,
1884 4401 2008 4459 post
2040 4392 2190 4446 urbis
2229 4393 2730 4451 Thessalonicensis
2753 4395 3053 4460 excidium,
3097 4396 3148 4449 id
3206 4405 3290 4450 est
3338 4413 3545 4451 annum

325 4473 529 4531 Christi
570 4477 730 4541 H30,
762 4493 871 4543 res,
904 4493 1044 4548 quas
1084 4479 1183 4532 hoc
1224 4480 1340 4532 loco
1375 4489 1581 4543 narrat,
1614 4478 1948 4544 acciderint;
1981 4476 2160 4532 facere
2192 4481 2348 4534 nobis
2383 4481 2600 4550 aliquod
2641 4482 2925 4547 indicium,
2955 4497 3048 4536 eas
3082 4499 3139 4537 se
3173 4484 3369 4538 litteris
3402 4500 3522 4538 com
3543 4514 3558 4524 -

296 4627 301 4631 ,
329 4565 546 4634 misisse
579 4574 700 4635 post
719 4579 893 4621 annos
920 4567 988 4621 ab
1007 4575 1312 4645 expugpata
1343 4566 1731 4622 Thessalonica
1757 4565 1956 4634 plures,
1974 4580 2139 4645 quam
2187 4577 2295 4623 tres
2334 4578 2413 4633 ut,
2445 4581 2610 4640 quoto
2636 4586 2780 4626 anno
2796 4584 2962 4643 gesta:
2984 4572 3206 4636 fuerint,
3233 4585 3423 4627 exacte
3449 4589 3556 4627 non

328 4653 560 4723 amplius
590 4654 867 4710 recordari
897 4655 1154 4722 patuerit.
1178 4635 1354 4719 Unde,
1392 4671 1499 4709 non
1531 4665 1735 4710 tantum
1770 4667 1912 4707 anno
1953 4635 2154 4707 Christi
2210 4654 2366 4719 H33,
2402 4635 2494 4710 sed
2531 4650 2696 4712 etiam
2725 4635 2932 4729 aliquot
2968 4659 3127 4713 annis
3155 4635 3277 4728 post
3304 4661 3357 4714 in
3419 4660 3557 4714 vivis

328 4743 694 4812 Anagnostam
715 4751 962 4798 nostrum
989 4743 1264 4799 exstitisse
1282 4743 1525 4813 colligas.

809 4880 1038 4936 Joannis
1068 4884 1381 4953 Anagnosta:
1403 4884 1620 4953 scripta.
1656 4885 1728 4940 De
1751 4887 1901 4940 rebus
1925 4874 2622 4952 Constantinopolitanorutu
2651 4879 3026 4936 Macedonicis.

405 4995 491 5052 Vl.
523 4995 602 5049 Ad
634 4993 920 5064 quemdam
975 4993 1152 5047 virum
1222 4994 1570 5058 laudabilem,
1622 4997 1777 5065 cujus
1825 5008 2018 5049 nomen
2079 4993 2297 5048 silentio
2345 4991 2496 5060 tegit,
2555 4993 2920 5044 narrationem
2972 4990 3038 5044 de
3071 4999 3311 5044 extremo
3344 4989 3562 5044 excidio
3637 5039 3647 5047 .

330 5083 740 5139 Thessalonicae
769 5081 1013 5148 scripsit.
1059 5080 1171 5134 Hoc
1205 5081 1385 5136 libello
1417 5092 1624 5146 narrat,
1650 5092 1704 5137 et
1735 5083 2093 5145 obsidionem,
2120 5092 2175 5136 et
2215 5077 2682 5147 expugnationem
2705 5075 3031 5131 istiusurbis
3063 5075 3414 5131 Macedontnn
3451 5077 3560 5143 pri-

332 5172 725 5238 ntariae,qnam
751 5170 976 5237 imperio
998 5168 1292 5222 CPolitano
1346 5169 1668 5236 subiectam,
1704 5186 1826 5225 cum
1867 5171 2126 5224 adversus
2163 5166 2372 5222 Turcas
2409 5165 2680 5236 Cpolitani
2707 5165 2996 5220 defendere
3022 5167 3157 5220 satis
3184 5181 3285 5219 non
3316 5179 3560 5234 possent,

337 5257 672 5312 Venetorum
706 5257 958 5324 potestati
1001 5253 1295 5319 subditam,
1327 5271 1470 5310 anno
1510 5258 1854 5326 imperatoris
1881 5257 2108 5313 Joannis
2140 5255 2425 5322 Palzeologi
2459 5254 2700 5309 Junioris
2721 5253 2806 5319 l2,
2841 5253 3044 5310 Christi
3067 5253 3226 5319 H30,
3259 5253 3496 5308 Murates
3521 5254 3560 5308 ει

332 5343 636 5399 Turcarutn
659 5343 910 5412 prium-ps
939 5344 1186 5396 dominio
1212 5341 1444 5398 Turcico
1479 5345 1730 5410 subjecit.
1773 5345 1980 5405 Prodiit
2003 5343 2191 5398 Grzece
2212 5355 2266 5397 et
2297 5342 2504 5407 Latine,
2540 5343 2838 5412 interprete
2859 5341 3038 5400 Leone
3067 5343 3290 5408 Allatio,
3324 5345 3377 5398 in
3413 5342 3564 5412 ejus-

332 5431 456 5487 dem
512 5430 828 5501 Symmictis
851 5473 866 5498 ,
899 5429 1134 5485 Coloniae
1152 5430 1460 5502 Agrippinae
1491 5447 1586 5502 per
1622 5430 1886 5487 Jodocum
1917 5434 2258 5501 naicoviutn,
2287 5433 2571 5500 MDCLIII,
2596 5437 2649 5489 in
2686 5435 2758 5507 8.⁹

652 5885 924 5944 Panos.
960 5885 1077 5949 Gn.
1117 5881 1314 5942 CLV].
1835 5971 1840 5974 Ι

1835 5971 1840 5974 _
3070 5892 3145 5952 19
