3990 6626
525 406 624 471 591
1731 404 2052 467 JOANNIS
2089 406 2562 472 ANAGNOSTrE
3735 423 3823 480 :93

519 530 580 574 ut
602 527 655 572 tu
687 525 808 572 cate
834 518 996 582 nosti,
1042 525 1250 572 tantum
1298 515 1563 570 malorum
1593 527 1890 573 sustineret
1931 529 1986 573 ct
2011 519 2094 574 ili-

2211 522 2274 584 it;
2301 519 2470 587 οἶδας,
2498 525 2593 576 καὶ
2625 523 2896 594 ὁσημέραι
2929 526 3148 596 θλίψεις
3184 525 3341 596 ἡμῖν
3376 525 3663 593 ἐπήγοντο
3701 542 3821 579 παν-

519 613 598 666 ris
628 613 871 682 quotidie
914 611 1098 665 exitiis
1135 611 1374 680 undique
1411 609 1672 665 confertis
1709 609 2091 676 amictaretur,

519 714 575 759 et
625 718 908 758 sermones
962 703 1116 756 multi
1149 703 1535 758 conferrentur
1556 717 1791 770 quonam
1825 714 1984 772 pacto
2026 719 2091 757 ex

467 846 471 850 ,
525 805 604 849 tot
661 794 816 848 malis
870 809 1152 863 emergere
1202 807 1509 863 possemus,
1556 792 1761 847 nullum
1796 793 2093 848 remedium

521 889 871 950 occurrebat,
924 902 1024 942 nec
1068 887 1256 940 aderat
1294 888 1663 940 Averrunctts.
1722 884 1908 954 Neque
1946 885 2091 939 enim

2194 615 2446 682 ταχόθεν,
2499 616 2591 669 καὶ
2639 616 2812 682 λόγων
2842 617 3052 672 πολλῶν
3109 619 3268 686 παρ’
3316 607 3598 680 ἑκάστοις
3630 618 3740 678 πῶς
3770 622 3821 668 ἰν

2196 707 2535 776 ἀναθείημεν
2583 710 2927 778 γιγνομένων
2961 713 3175 780 τρόπος
3210 706 3292 780 ἦν
3348 708 3472 762 οὐδ’
3525 710 3820 762 ὀστισοῦνό

2191 798 2398 852 ’τούτων
2425 801 2570 868 ἡμᾶς
2601 801 2711 852 τῶν
2756 802 2947 855 δεινῶν
2983 801 3369 866 ἀπαλλάξων.
3434 800 3584 853 Οὔτε
3634 804 3736 869 γάρ
3779 804 3818 852 οἱ

2196 889 2426 958 Τοῦρκοι
2455 893 2566 954 τοῖς
2594 892 2844 955 Λατίνοις
2893 891 3192 945 ἐϐούλοντο
3245 890 3611 943 σπείσασθαι
3643 891 3816 943 πολλά.

524 977 714 1034 Turcze
732 994 854 1033 cum
869 978 1075 1033 Latinis
1089 978 1268 1033 foedus
1284 979 1474 1040 iniere,
1501 977 1629 1032 licet
1648 977 1844 1046 saepius
1865 976 2095 1047 legatio-

527 1090 594 1127 ne
618 1075 785 1128 missa
809 1074 861 1127 id
881 1081 1300 1141 pertctttassent,
1318 1072 1702 1141 supplicesque
1719 1072 1881 1127 etiam
1908 1087 2097 1141 rogas-

525 1175 684 1230 sent;
709 1181 882 1236 neque
908 1176 1025 1219 erat
1055 1165 1107 1218 in
1143 1174 1328 1219 nostra
1359 1173 1650 1234 potestate,
1680 1165 1851 1232 copiis
1888 1165 2096 1220 nostris

527 1258 582 1310 in
620 1265 910 1328 augustum
943 1256 1140 1324 oppido
1171 1255 1374 1309 coactis
1395 1263 1449 1307 et
1482 1254 1922 1309 discordantibus
1954 1258 2097 1309 votis

527 1348 596 1401 ab
629 1345 872 1401 unanimi
923 1346 1193 1400 sententia
1227 1343 1524 1408 convulsis,
1560 1343 1778 1413 ‘aliquid
1809 1359 1997 1414 agere,
2037 1355 2098 1399 ut

530 1449 644 1492 tute
677 1439 840 1494 etiam
867 1437 1033 1501 nosti,
1057 1438 1146 1505 qui
1183 1452 1288 1492 una
1321 1434 1606 1491 nobiscum
1652 1449 1800 1501 cras,
1825 1436 2095 1493 malorum

527 1531 753 1600 perinde
794 1539 961 1597 atque
992 1529 1080 1583 alii
1112 1536 1392 1596 expertus.

595 1624 649 1675 3.
680 1621 815 1678 Cum
841 1621 1022 1689 itaque
1056 1635 1140 1674 res
1163 1629 1369 1675 nostras
1404 1620 1476 1674 ita
1502 1635 1562 1675 se
1597 1620 1878 1687 haberent,
1907 1631 1962 1676 et
1989 1620 2102 1676 sin-

527 1712 648 1780 gula
696 1720 969 1765 momenta
1013 1710 1331 1766 innumeras
1379 1725 1548 1781 prope
1597 1725 1770 1766 noxas
1807 1711 2098 1779 inferrent,

526 1807 701 1874 deque
731 1804 902 1859 salute
952 1804 1386 1872 desperaremns,
1441 1803 1641 1858 malum
1677 1804 1822 1859 aliud
1878 1815 2101 1874 repente

2196 997 2284 1042 κις
2316 981 2821 1052 πρεσϐευσαμένοις
2846 984 2976 1052 περὶ
3004 984 3215 1038 τούτου
3245 984 3354 1036 καὶ
3379 982 3690 1052 δεηθεῖσιν,
3719 981 3814 1034 οὖν

2196 1074 2330 1141 ἡμῖν
2355 1072 2480 1139 ἐξῆν
2519 1075 2719 1144 πρᾶξαι
2747 1077 2808 1128 τὸ
2835 1079 2972 1130 κατὰ
3012 1076 3291 1146 γνώμην,
3329 1074 3552 1141 ὀλίγοις
3575 1075 3710 1140 ἄγαν
3737 1095 3795 1128 κα

2199 1163 2488 1234 θεστηκόσι
2531 1168 2622 1218 καὶ
2665 1168 2948 1237 άνισότητι
2995 1167 3244 1238 γνώμης
3287 1166 3718 1232 ἀποϐεϐληκόσι
3765 1168 3814 1220 τὸ

2199 1257 2464 1324 ὁμονοεῖν,
2501 1258 2578 1321 ὡς
2620 1258 2730 1328 ἄρα
2762 1259 2854 1313 καὶ
2886 1261 2970 1312 σοὶ
2995 1259 3303 1331 γνώριμον
3340 1260 3518 1313 τοῦτο
3551 1260 3649 1312 σὺν
3699 1263 3808 1330 ἡμῖν

2198 1365 2261 1416 γε
2293 1348 2406 1401 ὄντι
2424 1350 2516 1403 καὶ
2544 1350 2652 1404 τῶν
2680 1351 2870 1406 δεινῶν
2890 1353 3115 1407 ἐκείνων
3148 1354 3282 1416 τοῖς
3312 1353 3518 1415 ἄλλοις
3550 1354 3814 1423 παραπλη-

2202 1440 2332 1506 σίως
2367 1443 2611 1512 εἰληφότι
2639 1444 2740 1520 τὴν
2766 1436 2979 1515 πεῖραν.

2273 1619 2343 1690 γ’.
2381 1620 2568 1684 Οὕτως
2601 1615 2696 1704 οὖν
2727 1623 2862 1693 ημῖν
2891 1623 3132 1693 ἔχουσιν,
3173 1625 3318 1678 ὅσαι
3355 1641 3423 1678 τε
3460 1616 3607 1694 ὧραι
3658 1625 3806 1694 μυρία

2201 1715 2272 1768 τὰ
2321 1715 2537 1784 χαλεπὰ
2573 1715 2799 1786 φέρουσι
2835 1718 2929 1770 καὶ
2964 1717 3064 1788 τὴν
3093 1719 3408 1789 σωτηρίαν
3441 1718 3805 1786 ἀπαγορεύον-

2203 1825 2308 1871 σιν,
2343 1808 2511 1883 κακὸν
2544 1810 2805 1881 ἐξαίφνης
2830 1810 3061 1880 ἐπῆλθεν
3081 1813 3288 1883 ἕτερον
3313 1811 3423 1864 καὶ
3460 1813 3800 1882 στερροτέραν

528 1897 746 1965 irrupit,
769 1904 824 1950 et
846 1895 1161 1949 validiorem
1190 1895 1481 1949 adamante
1509 1895 1754 1950 animum
1799 1895 2100 1966 disjiciens',

2211 1902 2385 1957 sitter
2407 1879 2716 1973 α’δάμαντος
2745 1879 2956 1967 πλῆξαν
2984 1879 3194 1974 ψυχήνξ
3239 1905 3324 1957 Τὸ
3347 1904 3398 1956 δ’
3441 1898 3514 1973 ἦν
3601 1879 3697 1954 τοῦ
3723 1921 3800 1953 κα·

527 1988 654 2042 boni
715 1987 923 2042 scilicet
987 1986 1224 2054 pastoris
1254 1993 1330 2049 et,
1377 2001 1530 2056 teque
1562 2001 1624 2042 ac
1649 1987 1856 2058 primus
1890 1999 2094 2057 pastor,

527 2084 773 2152 quntidie
797 2083 1015 2152 profuse
1047 2083 1282 2136 animam
1320 2083 1596 2152 portentis,
1631 2083 1812 2138 divino
1861 2083 2094 2140 consilio

526 2175 730 2238 obitus,
762 2175 837 2228 illi
862 2173 1076 2242 quidem
1107 2174 1380 2228 fortunate
1413 2172 1736 2240 succedens,
1771 2175 1930 2230 nobis
1957 2191 2089 2230 vero

527 2268 748 2333 damna,
805 2282 978 2336 eaque
1034 2267 1300 2337 iugentia,
1346 2266 1671 2333 concilians,
1714 2267 1806 2338 qui
1858 2268 2004 2325 illius
2031 2269 2097 2324 ad

530 2359 700 2416 Deum
729 2361 1006 2429 precibus,
1044 2360 1240 2429 quibus
1259 2358 1423 2414 saluti
1446 2368 1648 2415 nostra:
1683 2360 2096 2429 providebatur,

525 2455 829 2522 privamur.
862 2451 929 2506 Et
957 2453 1142 2508 divino
1167 2452 1404 2508 consilio
1441 2452 1593 2507 illum
1632 2454 1936 2523 contigisse
1967 2469 2101 2510 con-

527 2546 686 2614 jicies
727 2560 792 2598 ex
823 2545 935 2600 illis
968 2560 1087 2614 quat
1133 2543 1209 2599 illi
1242 2544 1418 2601 adhuc
1466 2547 1748 2616 superstiti
1783 2547 1927 2602 inter
1955 2561 2101 2603 som-

527 2637 785 2692 niandum
811 2647 1128 2692 evenerant.
1182 2638 1343 2694 Visus
1370 2645 1453 2694 est
1479 2638 1605 2704 sibi,
1644 2648 1938 2709 antequam
1971 2641 2100 2696 urbs

525 2727 672 2783 bello
701 2729 1033 2794 concideret,
1066 2728 1288 2784 domum
1343 2729 1665 2800 praeclaram
1701 2741 1755 2784 et
1807 2733 2100 2787 maximam

527 2821 799 2888 ingresso,
843 2821 1085 2892 singulas
1115 2821 1263 2876 illius
1289 2831 1473 2890 partes
1508 2821 1786 2890 inspicere
1819 2833 1873 2877 et
1903 2823 2099 2878 decora

532 2913 1048 2983 ac'maguitudinem
1065 2928 1390 2984 magnOpere
1405 2913 1660 2968 demirari
1683 2932 1698 2981 ;
1728 2914 1814 2971 bis
1833 2916 2102 2971 intentum

531 3019 744 3066 vocem,
767 3004 967 3060 deforis
986 3006 1360 3060 advenientem
1378 3005 1654 3061 inaudisse
1675 3029 1686 3063 :
1719 3007 1948 3062 «Domus
1967 3009 2102 3082 haec,

531 3097 692 3164 cujus
721 3105 906 3164 partes
935 3096 1178 3165 singulas
1218 3097 1458 3153 illustres
1486 3107 1648 3167 atque
1678 3110 1933 3154 venustas
1963 3115 2102 3154 cun-

538 3187 788 3241 sitlerans
817 3187 1129 3252 admiraris,
1158 3195 1404 3242 actutum
1432 3188 1684 3242 concidet
1710 3205 1724 3252 ;
1755 3200 1810 3243 et
1837 3203 1903 3242 ne
1939 3198 1990 3242 te
2007 3203 2103 3243 sua

535 3279 694 3333 ruina
713 3280 1000 3348 Opprimat,
1029 3294 1199 3349 quam
1237 3279 1347 3334 cito
1384 3278 1531 3360 foras
1575 3280 1725 3346 eripe
1767 3289 1873 3334 te.)
1913 3280 2102 3335 Visum

538 3374 646 3427 hoc
667 3371 862 3428 etiectu
892 3388 999 3426 non
1056 3371 1230 3427 multo
1267 3379 1392 3442 post
1425 3373 1832 3444 comprobatum
1873 3383 1978 3428 est.
2015 3373 2109 3429 ille

535 3467 736 3522 etenim
762 3475 819 3521 ut
835 3465 1019 3534 justus
1036 3475 1321 3535 appareret
1347 3475 1402 3521 et
1431 3466 1649 3521 virtutis
1675 3481 1786 3521 suae
1813 3467 2106 3522 multorum

536 3559 788 3614 laborum
825 3557 1052 3628 praemia
1083 3556 1334 3625 referret,
1360 3557 1556 3622 sic,uti
1591 3573 1688 3628 par
1725 3570 1864 3624 erat,
1895 3569 1950 3614 et
1985 3567 2110 3615 ante

530 3669 829 3709 commune
881 3651 1270 3716 infortunium,
1304 3652 1371 3707 ad
1395 3651 1596 3715 Deum,
1630 3667 1792 3721 quem
1818 3661 2109 3721 tantopere

536 3748 940 3816 concupiverat,
1003 3745 1274 3818 migravit.
1304 3745 1490 3816 Neque
1544 3746 1688 3800 enim
1723 3745 1932 3815 justum
1968 3746 2109 3811 apud

538 3841 706 3895 Deum
744 3840 1103 3910 reputabatur
1151 3839 1412 3893 similium
1444 3838 1706 3892 malorum
1736 3853 1858 3891 eum
1891 3837 2112 3905 partici-

539 3947 659 4000 pem
692 3931 831 3996 fieri,
858 3931 966 3986 vita
991 3931 1258 3999 siquidem
1286 3930 1433 3985 illius
1461 3945 1567 3984 non
1596 3939 1716 3984 erat
1743 3929 1940 3984 similis
1959 3929 2108 3992 aliis,

539 4030 595 4078 et
615 4025 821 4079 semitae
851 4021 1172 4086 immutatae,
1207 4030 1402 4074 tttcum
1431 4021 1724 4076 Salomone
1751 4019 1966 4088 loquar.
1991 4018 2101 4073 Nos

539 4130 672 4168 vero
738 4113 1089 4183 improbitate
1137 4115 1292 4182 plane
1321 4111 1535 4180 repleti,
1568 4125 1622 4165 et
1672 4113 1727 4164 in
1760 4109 2114 4179 cogitationi-

539 4208 644 4260 bus
667 4206 854 4260 cordis
884 4205 1058 4259 nostri
1091 4205 1313 4273 pessimi
1343 4201 1705 4266 ambulantes,
1749 4210 1806 4255 ttt
1841 4201 2112 4258 Jeremias

541 4298 740 4366 inquit,
783 4307 839 4350 et
893 4295 1120 4363 perinde
1171 4305 1336 4363 atque
1395 4293 1834 4364 antiquuslsrael
1873 4309 2115 4346 murmu-

545 4396 755 4449 rantes,
784 4395 842 4439 ut
875 4384 1031 4439 nobis
1063 4385 1366 4448 allubescit,
1406 4385 1571 4438 rebus
1629 4400 1735 4437 non
1771 4384 2116 4438 succedenti-

546 4480 673 4541 bus,
698 4475 822 4544 jute
859 4476 1051 4530 merito
1073 4475 1217 4529 mala
1247 4492 1309 4530 ac
1343 4475 1514 4530 solida
1565 4476 1874 4531 calamitate
1909 4485 2114 4530 macta-

2199 1993 2292 2047 λοῦ
2325 1994 2584 2063 ποιμένος
2623 1995 2718 2049 καὶ
2745 1996 2885 2050 κατὰ
2918 1999 3009 2050 τὸν
3037 1996 3276 2067 πρῶτον
3301 1997 3560 2067 ποιμένα
3598 2000 3689 2066 τῆ)
3711 1995 3793 2063 ψυ.

2200 2088 2300 2156 κῆν
2329 2088 2413 2156 ἐφ’
2442 2088 2678 2159 ἑκάστης
2704 2089 2939 2158 ἀφειδῶς
2966 2090 3107 2160 ὑπὲρ
3140 2090 3250 2143 τοῦ
3280 2092 3563 2161 ποιμνίου
3586 2090 3791 2149 τιθέντος

2200 2179 2343 2232 κατὰ
2375 2178 2516 2232 θετον
2545 2179 2795 2250 βούλημα
2817 2181 3066 2250 τελευτὴ,
3092 2183 3150 2234 ἐν
3177 2183 3351 2253 καλῷ
3379 2183 3491 2252 μὲν
3523 2181 3789 2251 ἐκείιῳγε-

2201 2269 2502 2340 γεημένη,
2558 2270 2756 2340 βλάϐος
2796 2270 2840 2323 δ’
2875 2271 3007 2342 ἡμῖν
3034 2272 3446 2339 ἐπενεγκοῦσα
3499 2270 3655 2334 πολὺ,
3703 2269 3789 2319 τῶν

2202 2359 2413 2412 ἐκείνου
2436 2361 2601 2414 λιτῶν
2635 2362 2774 2433 πρὸς
2815 2361 2936 2416 Θεὸν
2977 2365 3373 2434 στερηθεῖσιν,
3410 2359 3506 2427 αἷς
3543 2361 3787 2430 ἐσωζόμε-

2203 2451 2287 2505 θα.
2325 2453 2451 2505 Ὀτι
2476 2453 2534 2506 δὲ
2568 2454 2708 2507 κατὰ
2733 2455 2885 2508 θείαν
2916 2454 3056 2526 αὕτη
3086 2456 3371 2528 βούλησιν
3402 2452 3497 2527 ἦν,
3521 2455 3686 2509 ἄκουε
3711 2452 3788 2505 τοῦ

2205 2543 2464 2611 φανέντος
2503 2542 2584 2614 τῷ
2618 2543 2883 2615 μακαρίῳ
2917 2546 3166 2616 περιόντι
3227 2547 3367 2601 κατ’
3398 2545 3541 2612 ὄναρ
3597 2540 3787 2608 ἐκείνῳ.

2172 2635 2174 2639 ’
2207 2632 2392 2698 Ἔδοξε
2427 2633 2532 2703 πρὸ
2561 2633 2654 2686 τοῦ
2675 2633 2775 2705 τὴν
2805 2635 2960 2688 πόλιν
2983 2636 3061 2706 τῷ
3089 2635 3336 2705 πολέμῳ
3360 2635 3636 2708 ληφθῆναι
3661 2626 3787 2685 οϊκόν

2203 2741 2328 2778 τινα
2357 2724 2616 2796 λαμπρὸν
2647 2727 2878 2780 είσιέναι
2911 2729 3005 2780 καὶ
3036 2728 3420 2797 παμμεγέθη,
3453 2723 3788 2796 περισκοπεῖν

2204 2833 2264 2869 τε
2297 2815 2459 2870 αὐτὸν
2480 2817 2624 2871 κατὰ
2645 2817 2809 2888 μέρος
2834 2821 2928 2872 καὶ
2958 2819 3276 2890 θαυμάζειν
3305 2821 3481 2873 αὐτο]
3503 2820 3562 2872 τό
3584 2835 3639 2870 τε
3661 2815 3784 2868 κάλα

2204 2908 2297 2972 λος
2343 2909 2438 2962 καὶ
2470 2909 2721 2980 μέγεθος,
2778 2913 2836 2964 ἐν
2890 2911 3066 2982 τούτῳ
3119 2912 3163 2965 δ’
3201 2913 3325 2966 livet
3372 2910 3563 2983 φωνὴν
3608 2906 3786 2973 ἔξωθεν

2205 3001 2492 3073 ἐνεχθῆναι
2521 3002 2788 3070 λέγουσαν
2833 3023 2851 3056 ι
2899 3006 2960 3058 Ὀ
2993 3006 3092 3076 μὲν
3117 3001 3272 3070 οἶκος
3303 3005 3488 3070 οὗτος,
3515 2997 3574 3057 οὗ
3594 3003 3659 3055 τὰ
3677 2996 3780 3051 καθ’

2207 3095 2456 3157 ἕκαστον,
2489 3088 2534 3149 ὦ
2571 3097 2830 3163 δέσποτα,
2884 3099 2962 3160 ὡς
3009 3098 3131 3151 λίαν
3175 3098 3431 3168 λαμπρὰ
3488 3095 3579 3149 καὶ
3628 3093 3781 3162 ὡραῖα

2210 3184 2511 3256 θαυμάζεις
2543 3188 2880 3257 περιαθρῶν,
2917 3189 3107 3242 πίπτει
3140 3189 3200 3242 τὸ
3246 3192 3442 3258 τάχος,
3485 3186 3576 3239 καὶ
3604 3185 3683 3237 ίνα
3711 3179 3775 3250 μή

2213 3289 2272 3326 σε
2299 3273 2518 3346 καλύψῃ
2554 3274 2758 3341 πεσὼν,
2789 3275 2925 3341 ἔξιθι
2950 3277 3139 3331 τούτου
3173 3279 3423 3348 ταχέως.
3455 3296 3474 3329 ι
3510 3275 3687 3335 Οὕτως
3715 3264 3777 3321 εἷ-

2211 3380 2305 3433 Χεν
2353 3365 2564 3434 ήδψις,
2612 3369 2706 3420 καὶ
2743 3369 2824 3430 εἰς
2853 3368 3013 3437 ἔργον
3068 3364 3209 3439 ἦκεν
3261 3371 3366 3422 οὐκ
3423 3370 3504 3430 εἰς
3561 3363 3768 3434 μακράν.

2223 3454 2462 3520 Ἐκεῖνος
2517 3457 2777 3527 μὲνγὰρ,
2819 3459 2906 3512 ίνα
2956 3461 3210 3535 ἀναφανῇ
3277 3464 3497 3523 δίκαιος
3550 3462 3639 3512 καὶ
3679 3455 3771 3508 τῶν

2213 3545 2426 3598 πολλῶν
2449 3551 2550 3617 τῆς
2585 3550 2786 3620 ἀρετῆς
2811 3551 3024 3605 ἐκείνου
3058 3554 3334 3621 καμάτων
3360 3551 3502 3622 λάϐῃ
3528 3550 3619 3612 τὰς
3646 3549 3766 3600 ἀντι·

2212 3636 2408 3701 δόσεις,
2434 3639 2661 3703 εἰκότως
2687 3641 2831 3694 οὕτω
2861 3644 2956 3696 καὶ
2988 3645 3094 3714 πρὸ
3119 3645 3220 3714 τῆς
3259 3645 3454 3715 κοινῆς
3485 3638 3767 3710 συμφορᾶς,

2213 3729 2348 3798 πρὸς
2373 3727 2646 3785 δνέπόθει
2685 3733 2893 3804 Κύριον
2924 3736 3290 3807 ἐξεδήμησεν.
3327 3739 3403 3790 Οὐ
3449 3734 3554 3803 γὰρ
3584 3733 3765 3783 δίκαιον

2212 3819 2372 3873 τοῦτο
2412 3823 2564 3892 παρὰ
2594 3825 2714 3896 Θεῷ
2744 3826 2988 3897 κέκριτο,
3021 3829 3284 3882 τοιούτων
3321 3829 3414 3883 ἵνα
3445 3823 3629 3880 κακῶν
3670 3820 3765 3872 πεῖο

2219 3927 2317 3980 ραν
2341 3913 2442 3982 σχῇ
2463 3917 2558 3970 καὶ
2588 3919 2899 3990 κοινωνήσῃ
2925 3919 3033 3970 τῶν
3061 3920 3194 3973 ῐσων
3216 3922 3352 3991 ἡμῖν
3370 3936 3384 3950 ο
3406 3917 3653 3987 ἀνόμοιος
3674 3908 3760 3978 γάρ

2213 3995 2283 4070 ἦν
2311 4004 2420 4064 τοῖς
2455 4004 2636 4068 ἄλλοις
2674 4007 2701 4059 ὁ
2751 4007 2866 4077 βίος
2900 4011 3112 4064 ἐκείνου
3149 4015 3246 4066 καὶ
3293 4007 3686 4078 ἐξηλλαγμέναι
3715 4000 3759 4052 ai

2215 4093 2415 4161 τρίϐοι,
2446 4095 2507 4148 τὸ
2536 4098 2886 4166 Σολομῶντος
2917 4103 3114 4156 εἰπεῖν.
3155 4103 3350 4172 Ἡμεῖς
3380 4101 3436 4154 δὲ
3467 4097 3651 4156 κακίας
3679 4091 3757 4157 τέ’

2220 4200 2412 4252 μοντες
2443 4187 2601 4251 ὅλως,
2629 4189 2725 4242 καὶ
2755 4189 2936 4245 ὀπίσω
2963 4193 3074 4246 τῶν
3101 4192 3509 4263 ἐνθυμημάτων
3536 4187 3628 4252 τῆς
3647 4195 3758 4245 καρ·

2213 4283 2328 4346 δίας
2351 4285 2508 4354 ήμῶν
2537 4283 2634 4352 τῆς
2661 4286 2929 4354 πονηρᾶς,
2977 4285 3140 4338 τοῦτο
3180 4287 3246 4358 δὴ
3273 4287 3339 4340 τὸ
3371 4282 3466 4336 τοῦ
3487 4269 3753 4348 ’Ἱερεμίθω

2216 4365 2598 4444 πορευόμενοι,
2635 4375 2729 4429 καὶ
2756 4377 2900 4428 κατὰ
2925 4375 3016 4429 τὸν
3043 4378 3211 4430 πάλαι
3255 4371 3560 4446 γογγυσταὶ
3583 4361 3754 4429 τυγχά·

2218 4485 2401 4530 νοντες
2444 4466 2692 4537 Ἰσραὴλ,
2727 4467 2866 4520 κατὰ
2904 4471 3003 4536 τὴν
3031 4468 3312 4538 ἡμετέραν
3339 4461 3626 4532 ἐπιθυμίαν
3647 4458 3754 4506 ἁπι-

548 4583 694 4633 mur,
748 4578 802 4624 et
827 4567 922 4621 tali
977 4567 1099 4622 viro
1127 4566 1387 4622 orbamur
1419 4566 1510 4636 qui
1562 4566 1712 4623 solus
1744 4566 2105 4622 aillictissintis

2228 4559 2416 4613 λαῦειν
2446 4560 2595 4636 ὅπως
2625 4559 2724 4613 οὐκ
2757 4559 2973 4630 ἔχωμεν
2999 4562 3109 4614 τῶν
3156 4560 3517 4630 πραγμάτων,
3559 4545 3751 4636 δικαίως

548 4655 700 4716 hisee
728 4659 1068 4730 temporibus
1098 4659 1150 4713 in
1181 4657 1345 4712 tantis
1369 4673 1549 4712 rerum
1587 4657 1999 4712 discriminibus
2029 4673 2118 4713 so-

547 4753 733 4807 latium
781 4761 1141 4814 remanserat,
1173 4764 1363 4804 omnes
1416 4750 1683 4817 siquidem
1715 4763 1838 4802 eum
1868 4750 1942 4802 uti
1971 4749 2112 4802 vita-

547 4844 652 4898 lem
690 4843 743 4898 in
797 4842 958 4898 nobis
1012 4841 1333 4896 facultatem
1392 4840 1784 4908 reputabamus
1814 4879 1828 4904 ,
1860 4840 2117 4908 illiusque

553 4949 782 4991 mortem
871 4933 1252 4989 tantummodo
1307 4933 1952 4988 ducebamusadvcrsus
2019 4945 2117 4986 nos

548 5028 866 5098 justissima:
899 5029 1133 5082 numinis
1165 5025 1468 5096 punitionis
1509 5023 1822 5079 exordium.
1861 5022 1973 5079 iloc
2024 5039 2118 5078 eos

556 5121 829 5190 redarguit
852 5121 1199 5188 apertissime
1234 5119 1322 5185 qui
1365 5118 1582 5187 indigna
1613 5117 1758 5170 dicta
1791 5117 1843 5170 in
1879 5131 2000 5170 cum
2037 5117 2118 5170 in-

549 5222 746 5280 gerunt
776 5221 831 5266 et
871 5211 1097 5265 infamia
1135 5219 1394 5274 onerant,
1417 5209 1565 5279 quod
1598 5209 1968 5280 proditionem
2005 5225 2112 5263 non

548 5300 808 5364 suaserit,
839 5309 893 5355 et
915 5303 1057 5370 quod
1085 5315 1181 5354 eos
1210 5299 1446 5370 propriis
1479 5297 1748 5362 consiliis,
1774 5298 1936 5352 altius
1962 5299 2120 5367 quid-

547 5393 692 5462 piam
724 5393 1040 5453 meditatus,
1069 5391 1192 5458 jure
1252 5392 1593 5460 represserit.
1623 5389 1830 5460 Opinor
1863 5389 2115 5459 equidem

551 5495 672 5552 ego,
695 5496 818 5536 cum
855 5481 1015 5534 vellet
1049 5480 1192 5534 Deus
1219 5490 1275 5534 ut
1306 5480 1561 5535 omnibus
1595 5480 1961 5534 innotesceret
1995 5481 2118 5549 quis

555 5575 637 5628 vir
660 5573 750 5627 ille
770 5586 926 5625 sacer
953 5582 1098 5625 esset
1129 5583 1180 5625 et
1215 5586 1443 5640 quorum
1475 5571 1688 5640 dignus,
1722 5573 1813 5640 qui
1855 5585 1981 5624 vero
2018 5587 2118 5623 nus

550 5677 604 5720 et
656 5664 855 5734 quibus
906 5664 1086 5733 pceuis
1131 5662 1376 5725 obnoxii,
1456 5663 1656 5729 quibus
1698 5664 1932 5718 miseriis
1971 5662 2119 5729 juste

551 5756 926 5812 cxcrtteiaudi,
972 5755 1024 5807 id
1076 5761 1294 5823 pmpter
1328 5770 1412 5808 res
1439 5757 1726 5824 utriusque
1753 5756 1801 5808 in
1830 5771 1942 5808 rem
1981 5755 2120 5808 utri-

551 5863 656 5919 que
679 5849 1032 5916 disposuisse.

2220 4651 2364 4706 οὕτω
2384 4635 2750 4722 πεπράγαμεν
2774 4652 3209 4722 δυστυχέστατα,
3233 4654 3329 4707 καὶ
3355 4649 3540 4704 τούτου
3561 4635 3751 4704 τάνδρὸς

2223 4743 2588 4814 ἐστερήμεθα,
2625 4744 2786 4810 μόνου
2824 4745 3268 4812 περιλειφθέντος
3294 4748 3351 4799 ἐν
3373 4739 3620 4796 τοιούτοις
3648 4745 3748 4782 καθ

2229 4836 2340 4904 ροῖς
2373 4836 2467 4888 καὶ
2488 4834 2767 4898 τοσούτοις
2795 4835 3040 4906 ἀνιαροῖς
3071 4839 3150 4901 είς
3181 4834 3546 4909 παραμύθιον.
3578 4824 3747 4878 Πάντεὲ

2223 4927 2331 4994 γὰρ
2362 4925 2548 4997 ῶσπερ
2582 4928 2704 4980 τινὰ
2728 4927 2958 4998 δύναμιν
2996 4927 3236 5000 ζωτικὴν
3282 4911 3341 4983 έν
3375 4929 3498 4998 ἡμῖν
3533 4911 3744 4984 belli?"

2226 5034 2327 5088 μεν
2364 5017 2578 5084 τοῦτον,
2631 5021 2723 5072 καὶ
2759 5021 2860 5091 τὴν
2902 5023 3156 5090 τελευτὴν
3200 5024 3410 5077 ἐκείνου
3458 5013 3610 5086 μηδὲν
3640 5003 3746 5058 ἄλλο

2223 5110 2465 5180 νομίζειν
2497 5111 2717 5181 εἴχομεν
2748 5113 2903 5180 ἣτῆς
2937 5113 3020 5182 ἐφ’
3052 5117 3198 5185 ἡμᾶς
3230 5115 3322 5169 τοῦ
3351 5109 3482 5165 Θεοῦ
3513 5093 3739 5158 δικαιοτά-

2223 5219 2326 5272 της
2353 5202 2603 5266 παιδείας
2645 5197 2758 5257 οἷον
2801 5207 3109 5277 προοίμιον.
3158 5206 3327 5261 Τοῦτο
3372 5204 3476 5258 τῶν
3503 5185 3742 5277 κατειπεῖν

2226 5295 2518 5365 ᾑρημένων
2541 5295 2751 5348 ἐκείνου
2779 5276 3116 5365 σαφέστατος
3139 5299 3377 5369 ἐλεγχος,
3408 5292 3496 5347 καὶ
3521 5285 3628 5344 τοὺς
3650 5276 3736 5369 ἀδι-

2225 5385 2345 5438 κίαν
2369 5386 2492 5439 κατ’
2515 5386 2722 5439 ἐκείνου
2751 5386 3050 5447 λαλοῦντας
3089 5389 3172 5443 ὅτι
3213 5392 3286 5460 μὴ
3319 5380 3592 5456 προδοσίαν
3615 5365 3729 5423 ἐσκέ-

2221 5476 2383 5547 ψατο,
2424 5479 2558 5549 μηδὲ
2582 5478 2690 5531 τῶν
2721 5480 2872 5547 σφίσι
2904 5480 3205 5534 δοκούντων
3237 5482 3500 5535 συνιέντας
3525 5464 3528 5471 ’
3549 5461 3724 5549 βαθῦἶε’

2228 5587 2341 5636 ρον,
2393 5547 2615 5631 ἐνδίκως
2660 5571 3027 5640 ἐπιστομίζει.
3083 5570 3254 5641 Οἶμαι
3291 5573 3393 5640 γὰρ
3440 5562 3558 5632 ἐγὼ,
3601 5547 3734 5639 δείξξι

2225 5661 2504 5729 βουληθεὶς
2533 5665 2559 5714 ὁ
2593 5660 2724 5724 Θεὸς
2756 5656 2867 5724 οἶος
2911 5663 3008 5730 μὲν
3049 5665 3076 5716 ὁ
3130 5665 3274 5730 ἱερὸς
3301 5662 3493 5730 ἐκεῖνος
3513 5645 3630 5711 ἀνὴρ

2223 5751 2385 5802 τίνων
2415 5750 2564 5814 ἄξιος
2589 5746 2679 5820 ἦν,
2711 5746 2810 5803 οἷοι
2840 5751 2884 5804 δ’
2930 5753 3091 5820 ἡμεῖς
3117 5754 3214 5805 καὶ
3245 5754 3391 5810 τίνας
3451 5733 3720 5803 εἰσπριχτίησ

2224 5861 2312 5895 ναι
2357 5843 2510 5905 δίκας
2539 5843 2737 5894 δίκαιοι
2765 5838 2928 5913 ἦμεν.
2960 5844 3047 5895 δια
3077 5844 3238 5896 τοῦτο
3264 5845 3327 5895 τὰ
3378 5831 3493 5891 καθ’
3517 5824 3729 5883 ἐπιτεθέν

2233 5937 2396 6006 μέρος
2429 5934 2598 5997 οὕτως
2625 5935 2942 6006 ᾠκονόμησε
2975 5937 3382 6007 συμφερόντως.
