3990 6566
197 417 319 481 593
1237 420 1335 480 DE
1379 417 1695 479 EXCIDIO
1729 415 2460 480 THESSAIDNICENSI.
3353 403 3457 468 594

275 536 342 593 δ’.
383 534 716 593 Τούτουοῦν
744 535 837 590 τοῦ
869 536 1062 600 δεινοῦ,
1101 539 1199 606 τῆς
1247 539 1510 604 τελευτῆς
1564 538 1778 591 ἐκείνου
1815 539 1843 594 Α

1961 537 2016 592 4.
2044 539 2234 606 ltaque
2260 547 2368 590 tam
2396 536 2512 588 diro
2543 533 2706 594 malo,
2732 530 2880 584 obitu
2915 541 3108 596 nempe
3143 525 3310 589 illius,
3364 540 3463 577 cae.

197 635 378 703 φημὶ,
412 625 866 703 προστεθειμένου
895 635 1006 694 τοῖς
1039 631 1240 693 ἄλλοις,
1274 634 1367 683 καὶ
1413 619 1633 684 πάντων
1669 631 1779 684 τῶν

1946 630 2013 684 ris
2039 630 2338 692 adnexo,et
2358 625 2677 680 omnibusin
2699 623 2918 677 civitate
2943 619 3092 681 viris,
3115 617 3460 676 mulieribus.

200 726 266 777 ἐν
301 727 368 794 τῇ
405 723 577 784 πόλει,
628 723 837 793 ἀνδρῶν
869 721 1150 790 γυναικῶν
1182 720 1388 773 παίδων
1439 719 1686 772 Λατίνων
1720 733 1779 769 τε

1946 720 2088 778 leris.
2117 714 2595 780 Latinis,.|udaeis
2641 727 2855 780 quoque
2887 709 3041 777 ipsis,
3094 705 3459 760 miserandum

202 818 308 870 καὶ
357 818 538 868 αὐτῶν
581 817 871 874 Ἰουδαίων.
911 816 1161 878 ἐλεεινῶς
1207 814 1344 884 πρδς
1378 812 1642 881 ἀλλήλους
1669 811 1782 863 διοο

1970 810 2184 865 modmn
2214 823 2517 863 sermonem
2543 803 2973 864 conferentibus,
3003 811 3055 854 et
3084 799 3286 866 reliqua
3337 811 3422 850 om
3443 827 3456 835 -

213 909 536 977 μιλούντων,
567 909 665 960 καὶ
686 907 753 958 τὰ
777 906 876 975 μὲν
901 907 1014 960 ἀλλ’
1036 907 1136 959 ὅσα
1161 871 1386 966 τούτους
1418 871 1601 966 ἐπίεζε
1623 871 1785 969 δηλο-

1947 918 1973 956 a
1998 918 2117 972 qua:
2169 915 2265 956 eos
2294 910 2402 953 tum
2434 896 2740 964 aﬂligebaat
2773 908 2802 947 e
2829 891 3090 947 memoria
3137 887 3460 959 deponenti-
3526 871 3537 884 ’

209 1002 327 1052 νότι
357 1001 423 1067 τῇ
460 999 596 1069 λήθῃ
627 997 1135 1067 παραπεμπόντων,
1186 997 1288 1066 τὴν
1320 995 1415 1048 τοῦ
1451 994 1708 1063 ποιμένος
1731 992 1787 1045 δέ

1946 1011 2009 1059 is,
2043 994 2274 1066 pastoris
2302 992 2432 1048 tanti
2463 989 2816 1060 privationem
2845 988 2900 1040 in
2927 993 3158 1040 mentem
3211 996 3472 1036 revocan-

215 1091 477 1159 στέρησιν
518 1090 610 1142 ἐπὶ
655 1089 782 1141 νοῦν
813 1089 1203 1158 λαμϐανόντων
1248 1089 1344 1141 καὶ
1375 1087 1620 1156 συνεχῶς
1654 1102 1788 1155 προ-

1946 1089 2035 1141 bus
2065 1099 2120 1141 et
2165 1087 2364 1155 saepius
2405 1079 2810 1153 proferentibus
2865 1072 3369 1141 asserentibusque,
3409 1079 3475 1123 ut

215 1183 519 1252 φερόντων,
547 1181 646 1251 τῆς
679 1181 778 1234 τοῦ
821 1179 957 1234 Θεοῦ
985 1197 1044 1233 τε
1084 1178 1360 1242 παιδείας.
1405 1180 1482 1240 ὡς
1513 1177 1787 1247 προῦφην,

1952 1198 2000 1233 ιιι
2023 1181 2194 1244 innui,
2225 1189 2280 1233 et
2303 1193 2408 1231 non
2434 1187 2638 1230 temere
2655 1170 3008 1228 credentibus
3035 1166 3294 1221 indicium
3332 1162 3467 1216 illud

219 1277 321 1375 xui
349 1277 451 1344 τῆς
495 1272 878 1375 Ῐεγενημένης
936 1269 1189 1336 ἁλώσεως
1239 1272 1336 1326 καὶ
1365 1272 1639 1341 λεγόντων
1697 1285 1795 1340 ση-

1946 1287 2016 1328 ise
2046 1282 2100 1328 et
2128 1271 2319 1342 divina:
2351 1267 2647 1339 puuitiouis
2677 1275 2730 1320 et
2756 1260 3054 1318 subsecuti
3081 1255 3278 1312 excidii
3304 1273 3318 1320 ;
3341 1254 3471 1317 hoc,

227 1368 380 1436 μεῖον
428 1365 586 1418 τοῦτο
636 1365 729 1417 καὶ
759 1362 1150 1427 πιστευόντων,
1181 1392 1248 1404 -
1281 1361 1456 1424 οὕτως
1488 1356 1582 1415 οὖν
1613 1360 1796 1412 διατε-

1946 1380 2142 1435 nquam,
2163 1373 2304 1420 statu
2337 1376 2544 1424 rerum,
2567 1372 2688 1414 cum
2719 1356 2988 1410 modicum
3021 1361 3236 1420 tempus
3260 1346 3482 1403 interim

1899 1457 2281 1528 processisset,
2313 1453 2366 1507 in
2387 1451 2539 1522 pejus
2563 1464 2726 1519 quam
2751 1454 2908 1500 antea
2935 1457 3095 1499 ruere
3119 1439 3327 1502 omnia,
3358 1452 3480 1490 ma.

1902 1563 2005 1622 gna
2028 1547 2274 1603 confusio
2299 1544 2512 1598 animos
2536 1546 2830 1608 occupare,
2863 1549 2985 1588 rum
3017 1531 3123 1588 alia
3148 1530 3238 1584 alii
3284 1529 3482 1583 decer-

225 1660 439 1712 γματα,
491 1643 584 1695 καὶ
630 1639 893 1709 σύγχυσις
927 1635 1232 1707 πανταχοῦ,
1264 1636 1462 1691 ’ἀλλων
1515 1634 1648 1687 ἄλλα
1680 1634 1803 1702 βου.

1946 1650 2106 1698 erent
2141 1653 2241 1694 nec
2275 1644 2498 1707 possent
2527 1634 2580 1688 in
2613 1647 2774 1686 unam
2805 1633 3128 1685 sententiam
3149 1619 3442 1678 convenire
3472 1659 3486 1684 ,

227 1735 535 1804 λευομένων
564 1733 658 1787 καὶ
683 1734 849 1802 μηδὲν
877 1735 935 1786 ἐν
952 1731 1137 1800 ταυτῷ
1164 1727 1443 1782 συνελθεῖν
1468 1726 1800 1796 δυναμένων·

1946 1748 2115 1804 osque
2139 1731 2250 1786 illis
2267 1728 2357 1799 qui
2385 1727 2444 1783 in
2463 1725 2584 1781 navi
2608 1722 2853 1780 adversis
2876 1715 3297 1786 tempestatibus
3321 1721 3488 1766 utun-

230 1830 330 1881 καὶ
362 1801 751 1898 ’παραπλήσιόν
809 1842 862 1878 τι
914 1825 1030 1886 τοῖς
1084 1821 1181 1874 ἐπὶ
1215 1821 1344 1889 νηὸς
1397 1819 1805 1888 χειμαζομένης

1946 1842 2000 1881 ιιι·
2029 1839 2151 1880 cum
2183 1823 2511 1893 gubernator
2540 1817 2715 1880 abest,
2746 1828 2854 1868 non
2887 1807 3188 1872 absimiles,
3217 1803 3382 1859 variis
3402 1816 3493 1856 re-
3533 1801 3543 1814 ⁴

231 1895 571 1989 ἐπάσχομεν,
593 1918 722 1970 ὅταν
745 1918 774 1968 ὁ
805 1915 1150 1984 κυϐερνήτης
1173 1914 1286 1983 ἀπῇ
1311 1927 1326 1942 ο
1359 1911 1537 1965 πάντα
1560 1911 1668 1979 γάρ
1696 1910 1812 1962 ἐκεῖ

1946 1934 2034 1974 um
2063 1914 2314 1971 ﬂuctibus
2335 1911 2558 1983 jactari.
2588 1909 2842 1976 Namque
2869 1905 2942 1958 ibi
2974 1901 3154 1958 omnia
3201 1907 3330 1954 sunt
3379 1905 3498 1949 tur-
3534 1895 3537 1897 ’

227 2033 304 2067 τα
316 2015 481 2083 ράχου
517 2011 710 2082 μεστὰ,
737 2010 831 2064 καὶ
855 2011 886 2078 ἡ
917 2008 1051 2072 ναῦς
1083 2008 1184 2060 οὐκ
1214 2005 1412 2076 ἔχουσα
1441 2003 1534 2058 τὸν
1561 2003 1811 2056 ἰθύνοντα

1946 2027 2106 2067 οιίιιη
2133 2009 2317 2078 plena,
2347 2015 2404 2062 et
2430 2003 2609 2069 navis,
2641 2001 2874 2072 spoliata
2907 2005 3122 2053 rectore
3147 2007 3212 2047 ac
3238 1992 3288 2045 vi
3307 1999 3498 2046 vento-

228 2080 358 2168 ταῖς
388 2080 495 2156 τῶν
519 2080 735 2173 ἀνίμων
774 2101 916 2174 βίαις
939 2099 1036 2154 τοῦ
1076 2099 1265 2168 πρόσω
1286 2097 1489 2167 χωρεῖν
1518 2093 1812 2155 ἀκινδύνως

1946 2118 2035 2156 um
2062 2112 2326 2156 concussa
2351 2097 2460 2152 iter
2484 2107 2641 2149 suum
2675 2090 2996 2145 continuare
3049 2082 3253 2152 absque
3304 2080 3501 2135 discri-

231 2199 303 2252 ού
334 2171 718 2265 συγχωρεῖται.
740 2171 863 2248 Τῶν
891 2191 991 2262 μὲν
1019 2190 1110 2244 οὖν
1133 2189 1198 2259 δὴ
1223 2187 1489 2243 πλειόνων
1527 2188 1688 2255 male
1699 2202 1817 2255 ραι-

1946 2196 2062 2250 [ιίιιε
2088 2207 2200 2248 non
2234 2187 2586 2260 permittitur.
2620 2183 2756 2238 Cum
2789 2194 2918 2251 ergo
2939 2177 3185 2249 plerique
3202 2187 3349 2244 aegre
3377 2171 3494 2225 rer-

234 2291 443 2362 νόντων
476 2290 557 2342 ὅτι
590 2287 664 2358 μὴ
697 2286 879 2354 σφίσιν
906 2282 1034 2354 ἐξῆν
1064 2279 1359 2349 προδοῦναι
1394 2279 1494 2350 τὴν
1515 2279 1674 2332 πόλιν
1703 2278 1816 2340 τοῖς

1949 2295 2040 2343 ent
2064 2300 2168 2340 non
2190 2279 2419 2338 concedi
2440 2278 2544 2334 sibi
2569 2276 2764 2342 Turcis
2788 2273 2978 2328 urbem
3001 2269 3216 2331 dedere,
3247 2271 3500 2322 eventum

234 2359 531 2451 Τούρκοις,
548 2355 799 2433 δεδιότων
831 2377 962 2440 ῐσως
989 2375 1018 2428 δ
1043 2375 1268 2443 γέγονεν
1302 2374 1558 2443 ὕστερον,
1581 2369 1815 2440 ἄγγελος

1946 2373 2264 2432 ιοειιιιοιίυηι
2292 2376 2543 2426 secutum
2562 2367 3067 2438 perhorrescentes,
3089 2357 3313 2414 nuntius
3338 2355 3505 2410 adve-

3526 1039 3538 1080 ί

226 1458 456 1518 θέντων,
498 1456 592 1509 καὶ
618 1455 802 1522 ὀλίγον
830 1454 895 1524 δή
933 1469 1078 1517 τινος
1107 1455 1167 1506 ἐν
1191 1451 1268 1522 τῷ
1301 1451 1509 1522 μεταξὺ
1551 1449 1797 1520 παρελη-

224 1550 450 1613 λυθότος
473 1547 568 1601 τοῦ
600 1548 820 1620 χρόνου,
851 1549 1032 1616 χεῖρον
1060 1545 1092 1614 ἢ
1125 1545 1396 1615 πρότερον
1421 1543 1545 1612 ἔσχε
1573 1542 1644 1595 τά
1665 1542 1802 1610 πρά-

233 2473 344 2548 ἧκε
376 2477 466 2527 τὸν
517 2471 814 2542 Μουράτην
859 2468 946 2539 ἐφ’
993 2467 1141 2537 ἡμᾶς
1193 2464 1515 2534 κεκινῆσθαι
1569 2461 1812 2530 μηνύων,

236 2568 500 2620 πλεῖ-κτον
531 2565 656 2616 ὅσον
688 2559 938 2632 στρατὸν.
962 2556 1390 2626 συναγείραντα,
1436 2553 1532 2606 καὶ
1558 2552 1646 2606 διὰ
1677 2553 1812 2605 πάν-

236 2675 359 2713 των
407 2655 587 2719 καλῶς
617 2651 1158 2724 παρεσκευασμένον.
1194 2649 1319 2707 Τοῖς
1355 2648 1456 2716 μιν
1487 2642 1581 2699 οὖν
1625 2643 1818 2697 δεκτέα

240 2766 371 2812 στως
402 2748 579 2813 ἔδοξεν
625 2747 659 2816 ὴ
693 2743 922 2811 ἀγγελία
952 2741 1048 2794 καὶ
1083 2738 1321 2808 πιθανὴ,
1350 2739 1466 2798 τοῖς
1489 2735 1548 2788 δέ
1582 2734 1679 2805 μὴ,
1727 2734 1821 2787 καὶ

249 2843 492 2915 μάλιστα
535 2839 806 2900 Λατίνοις,
837 2837 945 2890 είτε
980 2832 1381 2905 μεγαλοψυχεῖν
1417 2827 1823 2899 προσποιουμέ-

242 2913 386 2997 νοις.
409 2935 518 2987 εἴτε
556 2934 754 3002 πεῖραν
778 2929 879 3000 ούκ
912 2927 1169 2996 ἐσχηκόσι
1209 2924 1320 2977 τῶν
1346 2922 1627 2992 Τούρκων,
1654 2913 1698 2986 ᾧ
1729 2919 1824 2974 καὶ

253 3027 461 3099 μᾶλλον
491 3023 667 3091 ἔγωγε
699 3021 981 3088 πείθομαι.
1014 3016 1185 3072 Πόθεν
1217 3016 1329 3085 γὰρ
1371 3013 1580 3080 είδησις
1609 3011 1822 3072 τούτοις

251 3125 315 3175 ἐν
348 3118 589 3186 θαλάττῃ
617 3115 715 3168 καὶ
742 3111 1104 3180 γεννωμένοις
1137 3109 1235 3162 καὶ
1283 3107 1364 3168 είς
1392 3105 1576 3174 γῆρας
1605 3106 1827 3158 διαιτω-

1923 2447 2004 2524 nit
2029 2467 2290 2523 Iluratem
2322 2463 2585 2518 adversus
2615 2472 2715 2513 nos
2737 2457 2843 2511 iter
2868 2465 3176 2522 capessere,
3202 2447 3499 2518 quamplu-

1922 2563 2078 2618 rimis
2105 2559 2279 2630 cupiis
2301 2565 2355 2612 et
2386 2556 2549 2611 rebus
2565 2552 2689 2608 aliis
2711 2548 2961 2605 omnibus
2993 2541 3500 2600 instructissimum.

1922 2655 2153 2723 Quidam
2184 2630 2374 2708 nuntio
2400 2649 2558 2704 tidem
2593 2658 2714 2701 esse
2750 2638 3112 2696 adhibendam
3157 2635 3346 2690 dicunt
3373 2649 3388 2694 ;
3415 2646 3508 2686 ne-

1925 2757 2056 2818 gant
2089 2747 2205 2808 alii,
2241 2755 2296 2799 et
2323 2741 2500 2797 Latini
2553 2737 2920 2808 potissimum,
2975 2732 3091 2786 sive
3147 2724 3508 2796 magnanimi-

1926 2815 2093 2895 tatem
2130 2835 2478 2898 simulantes,
2507 2833 2622 2887 sive
2651 2828 2974 2889 Turcarum,
3005 2821 3150 2895 quod
3189 2815 3507 2873 credibilius

1923 2932 2160 2992 videtur,
2195 2927 2488 2995 inexperti.
2513 2921 2761 2990 Namque
2791 2918 2935 2973 unde
2960 2916 3091 2980 illis,
3124 2913 3178 2966 in
3240 2911 3376 2965 mari
3417 2923 3509 2978 ge-

1927 3022 2060 3076 nitis
2109 3030 2164 3075 et
2191 3020 2387 3074 ultimo
2415 3017 2577 3072 etiam
2612 3011 2790 3069 aetatis
2821 3018 3064 3077 tempore
3086 3006 3252 3061 vitam
3297 3000 3508 3071 agenti-

1928 3112 2052 3176 bus,
2086 3126 2186 3166 nec
2223 3124 2328 3164 non
2353 3109 2419 3162 ad
2447 3104 2734 3160 conﬂictus
2763 3110 2818 3157 et
2844 3103 3073 3171 pugnas,
3125 3096 3324 3166 quibus
3371 3089 3513 3176 Ture

259 3215 468 3283 μένοις,
517 3185 652 3278 πρὸς
689 3202 1008 3274 συμπλοκάς
1057 3217 1116 3253 τε
1145 3200 1239 3254 καὶ
1279 3199 1483 3268 μάχας.
1513 3190 1600 3258 αἷς
1625 3196 1684 3248 τὸ
1710 3193 1818 3246 τῶν

1946 3219 2254 3274 :arumgeus
2271 3201 2460 3265 utitur,
2489 3198 2709 3268 ineptis,
2735 3208 2834 3250 nec
2852 3190 3160 3247 valentibus
3177 3201 3304 3242 cum
3350 3185 3512 3242 trire-

254 3305 520 3374 Τούρκων
547 3298 813 3369 κέχρηται
855 3294 1032 3362 γένος.
1079 3292 1296 3361 ἔχουσιν
1332 3289 1434 3342 οὐκ
1479 3283 1823 3354 ἐπιτηδείως,

258 3399 359 3452 καὶ
396 3393 526 3465 μηδέ
569 3390 884 3458 δυναμένοις
933 3386 966 3456 ἢ
1020 3383 1108 3437 διὰ
1155 3380 1400 3453 ἰνιηρῶν
1450 3377 1706 3432 ἀπελθεῖν
1752 3375 1834 3438 είς

259 3489 585 3560 ὑπερορίαν,
627 3483 768 3556 ἡνίκ’
792 3482 859 3534 ἃν
893 3479 988 3532 καὶ
1015 3477 1146 3531 ἔνθα
1177 3475 1498 3546 βούλοιντο;
1538 3469 1733 3541 μικρὸν
1775 3468 1837 3520 τὸ
1883 3496 1885 3499 -

260 3581 497 3657 μεταξὺ,
533 3579 627 3631 καὶ
674 3574 840 3627 πάλιν
881 3572 1068 3640 ἕτερος
1101 3567 1354 3634 ἄγγελος,
1387 3562 1566 3617 ταυτά
1593 3559 1671 3630 τῷ
1702 3576 1838 3630 προ-

259 3655 411 3747 τέρῳ
440 3673 534 3726 καὶ
563 3669 724 3730 αὐτὸς
757 3663 1117 3732 διαγγέλλων,
1143 3660 1237 3713 καὶ
1258 3658 1384 3720 τοὺς
1429 3656 1622 3723 λόγους
1655 3655 1839 3722 ὅρκοις

261 3745 633 3833 πιστούμενος
686 3756 1014 3826 ἀσφαλέσιν,
1066 3753 1151 3821 ἐφ’
1191 3745 1274 3812 οἷς
1328 3748 1668 3818 ἐπείσθημεν
1739 3748 1836 3815 μὲν

259 3861 456 3930 ἡμεῖς,
506 3853 674 3924 μηδὲν
721 3849 847 3904 ἄλλο
884 3844 1018 3916 παρ’
1043 3843 1176 3898 αὐτὸ
1209 3841 1620 3912 προσδοκῶντες
1665 3837 1844 3909 (τοῦτο

253 3954 381 4022 γὰρ
410 3951 438 4000 ὁ
465 3944 729 4014 πολυετὴς
768 3941 917 4010 ἡμᾶς
945 3937 1194 3991 ἐδίδασκε
1237 3933 1606 4002 συγκλεισμδς
1633 3931 1725 3983 καὶ
1773 3929 1844 3981 τά

255 4019 622 4113 πράγματα),
660 4031 991 4099 ἐπείσθησαν
1038 4029 1096 4080 δὲ
1126 4029 1224 4080 καὶ
1267 4026 1512 4085 Λατῖνοι,
1561 4022 1656 4075 καὶ
1706 4019 1846 4090 πρδς

254 4131 631 4203 παρασκευὴν
664 4127 775 4180 δεῖν
800 4121 946 4187 ἔδοξε
972 4119 1186 4182 τούτοις
1215 4113 1599 4185 διεγηγέρθαι.

350 4229 413 4276 ε’.
445 4223 552 4276 Καὶ
577 4218 640 4290 δὴ
661 4216 878 4288 πρῶτον
915 4214 1038 4284 μὲν,
1060 4207 1232 4280 οὗπερ
1280 4207 1516 4277 ἧρξαντο
1581 4204 1850 4275 πρότερον

261 4319 464 4386 ἔργου,
495 4311 629 4382 πρὸς
657 4308 935 4361 τελείωσιν
957 4304 1381 4370 σπουδαιότερον
1409 4299 1748 4368 διετέθησαν.
1777 4295 1850 4348 Τὸ

263 4407 320 4461 δ’
350 4402 416 4474 ἦν
447 4404 479 4472 ἡ
508 4403 637 4472 περὶ
662 4401 759 4463 τὰς
790 4396 1049 4461 ἐπάλξεις
1101 4394 1281 4448 αὐτῶν
1300 4392 1610 4462 ἐπιμέλεια.
1642 4386 1852 4458 Μικρὸν

266 4497 392 4567 γάρ
427 4493 660 4565 πρόσθεν
687 4491 774 4544 διά
806 4488 1083 4559 φροντίδος
1120 4485 1319 4552 πολλῆς
1343 4482 1718 4551 πεποιήκεσαν
1753 4478 1850 4540 τὰς

272 4587 537 4651 ἐπάλξεις
565 4585 659 4638 τοῦ
682 4585 893 4651 τείχους
931 4579 1132 4642 παντὸς
1181 4573 1480 4647 διαφράξαι
1516 4573 1745 4632 σανίσιν,
1775 4569 1853 4632 ὡς

195 4696 202 4704 ’
273 4688 344 4738 ἐν
384 4681 575 4734 ἀσπίσι
601 4718 615 4742 ,
655 4679 781 4739 τοὺς
822 4677 920 4745 μὲν
969 4673 1074 4740 ἔξω
1108 4671 1406 4740 πολεμίους
1452 4663 1854 4736 ἀπειργούσαις

275 4775 378 4829 τοῦ
418 4773 595 4841 βέλεσι
621 4768 943 4839 τιτρώσκειν
970 4766 1094 4826 τοὺς
1122 4763 1267 4816 ἔνδον
1296 4762 1498 4830 δεῆσαν
1546 4755 1852 4826 προκῦψαι,

275 4869 399 4926 τοῖς
433 4864 475 4916 δ’
501 4862 721 4914 ἐπὶτῶν
746 4858 940 4928 τειχῶν
971 4855 1278 4923 ἱσταμένοις
1314 4850 1513 4919 πολλὴν
1547 4848 1645 4919 τὴν
1673 4847 1856 4901 ἄδειαν

282 4956 661 5028 παρεχούσαις
711 4952 934 5022 ἀφανῶς
975 4949 1144 5013 λίθοις
1192 4945 1400 5002 ἀνωθεν
1461 4942 1680 5012 βάλλειν
1731 4940 1858 5001 τοὺς

282 5051 544 5106 ἐπιόντας
593 5045 685 5096 καὶ
735 5044 809 5111 τῷ
845 5039 1203 5111 προστυχόντι
1253 5036 1417 5089 παντὶ
1477 5031 1856 5103 προσπελάσαι

280 5145 402 5204 τοῖς
445 5139 652 5208 τείχεσι
687 5134 1071 5207 βουληθέντας.
1111 5131 1344 5182 Ἔπειτα
1378 5126 1437 5180 δὲ
1477 5127 1587 5178 δεῖν
1620 5121 1864 5192 ἀριθμῆ-

288 5250 383 5287 σαι
407 5233 529 5290 τοὺς
579 5229 781 5296 ἄνδρας
820 5224 1083 5296 ᾠήθησαν
1133 5222 1226 5275 καὶ
1258 5219 1602 5287 καταμαθεῖν
1630 5217 1678 5268 εί
1722 5213 1862 5282 πρὸς

287 5328 390 5386 τὰς
425 5323 516 5375 τοῦ
541 5322 664 5375 ὅλου
690 5320 903 5390 τείχους
926 5316 1182 5381 ἐπάλξεις
1213 5315 1310 5366 καὶ
1337 5314 1432 5365 τὸν
1454 5309 1744 5381 περίϐολον
1770 5305 1862 5359 τὸν

289 5418 430 5485 πρὸς
453 5417 682 5485 ἦπειρον
710 5412 1025 5483 ἐξαρκοῦσι.
1067 5410 1176 5462 Καὶ
1207 5409 1272 5477 δὴ
1304 5409 1497 5476 στῆναι
1526 5407 1734 5466 πάντας
1773 5404 1864 5455 ἐπὶ

289 5510 405 5560 τῶν
451 5508 649 5578 τειχῶν
690 5505 808 5576 μεθ’
856 5502 931 5558 ὢν
983 5499 1130 5574 εἶχεν
1181 5502 1414 5560 ἕκαστος
1474 5495 1864 5563 ἐπιτρέπουσιν

291 5602 495 5662 ὅπλων,
519 5600 595 5662 ὠς
615 5597 681 5652 ἂν
701 5599 793 5652 καὶ
819 5598 1099 5668 μάρτυρας
1120 5594 1244 5653 τοὺς
1270 5592 1434 5651 ίδίους
1452 5589 1648 5658 ἔχωσιν
1667 5585 1866 5653 ὀφθαλ-

301 5691 458 5761 μούς.
492 5683 568 5744 Οὗ
600 5689 664 5761 δὴ
697 5691 983 5760 γεγονότος
1030 5684 1098 5759 ἦν
1132 5688 1258 5740 ίδεῖν
1315 5681 1411 5736 ἐπὶ
1437 5681 1532 5734 δύο
1578 5679 1674 5732 καὶ
1717 5681 1864 5747 τρεῖς

297 5784 551 5848 ἐπάλξεις
605 5783 704 5836 ἕνα
761 5783 930 5852 ἀνδρα
983 5780 1294 5847 ἱστάμενον,
1346 5774 1439 5827 καὶ
1491 5769 1699 5824 τούτων
1740 5768 1868 5830 τοὺς

299 5876 519 5939 πλείους
578 5875 708 5946 μήθ’
738 5875 876 5930 ὅπλα
913 5873 1280 5943 κεκτημένους
1335 5863 1721 5938 (προαναλωσε
1763 5861 1872 5932 γὰρ

1940 3299 2116 3355 mibus
2146 3295 2252 3350 alio
2272 3301 2426 3348 extra
2459 3305 2590 3345 suos
2626 3288 2782 3351 ﬂues,
2808 3299 2866 3340 ut
2894 3283 3002 3340 illis
3024 3278 3333 3342 aliubescit,
3352 3277 3510 3332 diva-

1938 3389 2078 3461 gari,
2109 3386 2350 3456 cognitio
2404 3380 2658 3438 venerit?
2679 3379 2935 3451 exiguum
2978 3376 3114 3430 abiit
3174 3381 3400 3442 tempus
3421 3409 3436 3433 ,
3463 3377 3518 3423 et

1941 3460 2131 3534 rursus
2157 3476 2293 3532 alius
2318 3473 2538 3528 nuntius
2563 3471 2751 3526 eadem
2781 3483 2903 3537 qua:
2965 3465 3175 3536 primus
3203 3460 3514 3523 denuntiat,

1940 3581 1994 3628 et
2017 3566 2374 3639 jurejurando
2395 3566 2553 3620 ﬁdem
2572 3563 2756 3633 alligat
2779 3574 2934 3616 suam
2963 3573 2982 3623 ;
3012 3571 3120 3626 quo
3140 3569 3240 3608 nos
3259 3552 3508 3622 persuasi

1942 3675 2152 3723 sumus,
2173 3657 2306 3712 nihil
2327 3653 2472 3710 aliud
2491 3659 2874 3723 exspectantes
2900 3665 2916 3704 :
2943 3649 3046 3702 hoc
3061 3646 3205 3702 enim
3227 3642 3398 3697 nostri
3422 3655 3519 3709 per

1945 3742 2143 3806 multos
2171 3763 2345 3802 annos
2375 3748 2427 3802 iu
2469 3753 2754 3815 angustum
2810 3739 3114 3797 contractio
3146 3749 3341 3804 resque
3386 3733 3522 3801 ipsae

1944 3842 2268 3900 clamabant.
2299 3838 2596 3893 Credidere
2617 3845 2674 3889 et
2699 3834 2878 3888 Latini
2907 3850 2922 3900 ;
2957 3832 3243 3899 visumque
3275 3836 3357 3882 cst
3380 3824 3514 3890 illis,

1946 3932 2178 3989 sollicite
2205 3926 2512 3985 necessaria
2568 3935 2897 3995 praeparare.

1961 4268 1965 4272 _
2021 4201 2075 4256 5.
2109 4200 2172 4255 Et
2205 4197 2444 4270 primum
2476 4193 2720 4264 quidem,
2760 4189 2902 4262 quod
2931 4196 3086 4244 antea
3134 4184 3525 4242 inchoaveram

1949 4310 2107 4365 Opus,
2136 4289 2660 4364 propugnaculorum
2710 4286 2974 4340 duntaxat
3018 4295 3205 4336 curam
3261 4277 3526 4348 perlicere

1953 4388 2280 4444 concitatius
2308 4383 2639 4439 animantur.
2666 4378 2835 4433 Paulo
2857 4376 3000 4430 enim
3028 4383 3154 4428 ante
3169 4384 3383 4427 summo
3402 4385 3522 4421 cum

1955 4483 2137 4536 labore
2171 4495 2235 4533 ac
2271 4476 2440 4531 nimio
2464 4487 2626 4543 opere
2643 4477 2973 4526 accurarunt
3000 4476 3058 4520 ut
3089 4478 3370 4519 murorum
3399 4477 3527 4531 pra-

1960 4569 2280 4640 pugnacula,
2310 4566 2554 4619 adinstar
2585 4570 2888 4620 scutorum,
2940 4555 3136 4610 tabulis
3181 4553 3524 4612 obserarent,

1956 4677 2076 4732 qua:
2108 4659 2342 4712 advenas
2362 4657 2546 4708 hostes
2569 4651 2894 4720 impedirent
2921 4661 2986 4700 ne
3015 4645 3227 4713 sagittis
3283 4643 3450 4707 cives,
3482 4640 3528 4693 si

1958 4753 2176 4821 quando
2205 4763 2341 4818 opus
2370 4752 2516 4800 esset
2535 4743 2713 4809 capite
2739 4753 3042 4808 emergere,
3070 4737 3442 4794 vulnerarent,
3463 4733 3530 4784 iis

1958 4855 2134 4900 autem
2166 4845 2258 4910 qui
2285 4838 2455 4893 muris
2482 4836 2797 4890 insisterent
2817 4829 3127 4885 facultatem
3149 4824 3367 4878 uberem
3388 4821 3533 4876 faueo

1962 4947 2081 4991 rent
2111 4934 2247 4987 clam
2275 4947 2306 4987 e
2339 4927 2604 4998 superiori
2634 4933 2782 4994 parte
2813 4921 2958 4976 saxis
2983 4917 3333 4974 advenientes
3358 4916 3538 4982 impe-

1965 5039 2101 5090 lere,
2140 5025 2491 5090 admotosque
2517 5021 2582 5071 ad
2605 5031 2788 5071 muros
2807 5013 2968 5068 obvio
2997 5024 3211 5080 quoque
3248 5006 3528 5076 repellere.

1962 5119 2166 5174 Deinde
2189 5111 2552 5170 numerandos
2568 5122 2690 5161 esse
2709 5108 2854 5157 viros
2880 5102 3202 5163 decernunt,
3229 5108 3288 5152 ut
3319 5097 3533 5150 discant

1965 5230 2032 5268 an
2059 5210 2122 5263 ad
2140 5206 2318 5264 omnia
2340 5217 2616 5258 murorum
2639 5193 3040 5269 propugnacula
3068 5202 3123 5246 et
3150 5191 3441 5246 circuitum
3463 5189 3556 5244 ad‘

1969 5305 2358 5361 mediterranea
2391 5302 2698 5364 vergentem
2734 5288 2997 5345 sulIiciant
3025 5301 3039 5350 ;
3073 5294 3126 5337 et
3158 5283 3238 5337 sic
3270 5281 3530 5336 amnesin

1970 5398 2162 5458 muris,
2191 5391 2304 5449 suis
2329 5400 2598 5460 quemque
2632 5382 2804 5437 annis
2834 5381 3188 5441 instructum,
3221 5387 3369 5430 stare
3425 5372 3536 5426 iut-

1968 5496 2184 5558 perant,
2217 5493 2271 5536 ιιι
2299 5479 2440 5535 adid
2473 5475 2700 5530 testibus
2731 5472 2966 5541 propriis
3003 5468 3174 5524 oculis
3230 5475 3538 5521 utetentur.

1969 5579 2091 5645 Qun
2119 5577 2265 5630 facto
2283 5567 2719 5639 conspiciebatur
2742 5564 2793 5616 in
2813 5561 3022 5617 duobus
3053 5571 3109 5616 et
3133 5561 3305 5615 tribus
3338 5571 3541 5628 propu-

1971 5667 2216 5741 guaculis
2239 5678 2379 5718 unus
2404 5667 2647 5722 tantum;
2690 5668 2991 5724 eorumque
3018 5654 3193 5724 potior
3224 5667 3347 5720 pars
3362 5661 3541 5715 neque

1973 5780 2119 5818 arma
2153 5759 2506 5831 gerere,'qu:e
2523 5750 3218 5820 paupertasabsunipserat,
3244 5757 3416 5810 neque
3435 5755 3536 5806 pu-

1973 5873 2086 5927 gutr
2113 5865 2203 5910 aut
2234 5847 2508 5914 conﬂictui
2540 5854 2659 5916 apta
2691 5861 2704 5911 ;
2739 5843 3206 5909 aSsiduanamque
3225 5835 3362 5892 mala
3383 5832 3540 5888 etvi-
