3990 6584
265 438 370 499 585
1203 436 1542 499 JOANNES
1594 437 1841 500 ANAGN

1918 437 2067 499 sn.
2116 461 2183 473 —
2211 432 2577 498 NOTITIAJ
2615 519 2628 528 ν
3394 407 3494 493 586

263 551 412 618 gittis
442 548 682 616 impulsis
710 549 1059 613 dimoturum,
1084 553 1454 621 macltinasque
1482 568 1660 606 omnes
1689 554 1760 605 ad
1783 554 1961 607 urbem
1988 551 2332 605 excidendam
2362 558 2772 616 usui-poturum.
2805 547 2936 616 Cap.
2975 547 3062 611 l5,
3082 562 3200 600 cum
3241 561 3272 600 a
3306 543 3496 598 Turcis

272 637 463 688 urbem
501 647 811 704 superatam
844 639 1504 694 memoravissetzoiunes
1529 641 1710 708 itaque
1745 656 1858 703 nos,
1887 642 2152 708 utcuique
2168 641 2336 700 licuit,
2369 641 2549 707 fugant
2578 645 2931 699 maturantes,
2974 637 3066 688 alii
3091 637 3143 688 in
3163 637 3358 688 aedibus
3386 649 3497 687 sese

267 723 480 784 abdere.
530 725 626 775 alii
658 724 711 775 in
744 725 1012 779 cuniculos
1045 737 1092 779 et
1131 728 1375 794 sepulcra
1402 768 1418 787 .
1466 737 1516 780 et
1559 731 1605 782 si
1632 726 1760 796 quid
1804 727 1953 780 aliud
1979 729 2143 780 saluti
2173 727 2560 780 conducibilius
2607 724 2900 790 videbatur,
2931 740 3033 776 non
3059 723 3249 790 absque
3270 733 3497 776 tremore

271 809 572 876 subrepere.
603 809 738 878 Cap.
769 810 856 874 l8,
889 813 977 864 ubi
1002 813 1068 866 de
1104 811 1329 868 Muratis
1358 829 1388 867 tt
1425 813 2010 868 Thessalonicensibus
2047 812 2199 867 abitu
2233 813 2508 881 loquitur:
2540 811 2866 864 Primatt’bus
2901 811 3011 863 suis
3039 808 3351 880 [Min-nteit.)
3384 811 3500 875 qui-

270 897 392 948 dam
413 896 569 950 etiam
599 908 925 951 sacramento
949 898 1122 967 ferunt
1143 901 1339 954 dixisse
1365 920 1378 955 :
1410 899 1676 968 Injustum
1699 910 1798 963 est,
1843 917 1960 954 cum
2015 903 2166 954 rebus
2199 899 2590 954 debellatorum
2619 895 3232 968 [Thessalon‘ccusinm]
3267 895 3498 948 debella-

274 994 354 1035 tos
385 999 591 1053 quoque
622 985 673 1037 in
703 986 913 1039 vincula
946 988 1157 1055 conjici,
1198 997 1247 1041 et
1276 990 1452 1056 patria
1477 988 1584 1041 alio
1615 988 1870 1042 abductos
1900 988 2159 1057 spoliari:
2193 988 2488 1040 libertatem
2518 988 2696 1054 itaque
2724 985 2831 1037 illis
2861 983 3216 1043 stabiliamus,
3250 983 3296 1035 si
3314 984 3386 1034 ita
3419 986 3494 1035 vi-

273 1072 446 1129 detur.
475 1081 569 1124 aut
599 1071 710 1124 sine
738 1075 906 1139 pretio
931 1073 1052 1126 illos
1083 1074 1418 1141 accipientes,
1453 1087 1541 1128 aut
1571 1074 1705 1128 illud
1750 1091 1842 1128 nos
1877 1084 2190 1143 erogantes:
2225 1075 2530 1126 auditorum
2564 1073 2696 1124 alios
2755 1073 3066 1124 sententiam
3094 1071 3365 1130 laudasse,
3397 1070 3501 1120 ad-

271 1155 535 1220 hortatos,
561 1167 614 1208 ut
644 1157 882 1224 faceret;
913 1159 1002 1211 sed
1029 1175 1190 1212 unum
1217 1175 1282 1213 ex
1309 1161 1552 1225 ducibus,
1603 1161 1693 1226 qui
1729 1160 1990 1230 dignitate
2018 1170 2235 1214 cteteros
2267 1159 2610 1213 antecellebat
2634 1199 2648 1218 ,
2685 1175 2785 1210 non
2809 1167 3016 1211 tantum
3045 1174 3148 1211 non
3180 1158 3502 1225 approbssse

273 1243 428 1294 verba
461 1241 536 1315 de
553 1243 816 1308 libertate,
849 1247 939 1296 sed
965 1255 1014 1298 et
1034 1247 1222 1315 quibus
1247 1257 1450 1315 poterat
1488 1247 1818 1311 rationibus,
1840 1247 2117 1299 consilium
2149 1246 2401 1312 principis
2450 1245 2822 1314 impedirisse:
2857 1256 2906 1298 et
2938 1261 3056 1297 vero
3082 1245 3280 1297 similia
3305 1244 3503 1309 dicere,

273 1331 416 1396 quod
435 1313 570 1380 alios
592 1332 836 1396 anteiret,
861 1334 998 1384 visus
1021 1313 1121 1386 est.
1156 1313 1288 1385 Erat
1325 1334 1482 1402 plane
1509 1335 1562 1387 id
1584 1349 1787 1403 quoque
1812 1329 2047 1386 meorum
2077 1333 2329 1386 scelerum
2360 1332 2588 1400 fructus,
2631 1343 2683 1383 ut
2721 1333 2831 1392 ipse
2861 1332 2986 1384 mihi
3010 1331 3230 1394 suadeo,
3257 1334 3506 1398 quemad-

279 1409 493 1468 modum
513 1425 563 1469 et
583 1432 700 1485 qua:
729 1433 935 1472 evenere
961 1420 1160 1487 reliqua
1182 1435 1203 1483 ,°
1230 1420 1348 1475 licet
1378 1422 1616 1474 nonnulli
1667 1435 1958 1474 sermonem
2013 1420 2152 1472 hunc
2184 1435 2284 1472 non
2309 1407 2604 1485 patentibus
2643 1418 2862 1471 auribus
2883 1419 3212 1486 arripientes.
3243 1435 3404 1487 neque
3429 1436 3498 1472 se-

281 1505 530 1572 metipsos
555 1522 771 1557 causam
796 1507 958 1570 fuisse
973 1508 1308 1574 iudicantes,
1369 1509 1560 1562 divinis
1585 1509 1859 1576 praeceptis
1887 1507 2158 1576 neglectis.
2205 1507 2504 1586 hominibus
2537 1518 2811 1560 eventuum
2836 1522 3028 1560 causas
3070 1507 3360 1560 ascribunt.
3394 1505 3508 1575 Ego

281 1607 424 1654 vero,
443 1594 697 1661 quidquid
724 1595 777 1646 id
798 1594 979 1662 fuerit.
1005 1595 1200 1649 divinat
1227 1597 1491 1664 punitioni
1521 1606 1732 1665 propter
1761 1611 1930 1649 meum
1955 1599 2328 1651 correctionem
2353 1597 2548 1651 tribuo.

357 1679 421 1734 V.
450 1681 578 1735 Post
611 1682 743 1746 luce,
779 1682 977 1734 nudam
1025 1683 1235 1737 civibus
1263 1682 1707 1738 Thessalonicam
1755 1681 1994 1737 Murates
2020 1684 2210 1738 incolis
2242 1685 2564 1737 instructam
2618 1682 2894 1748 cupiebat,
2945 1681 3175 1751 ideoque
3199 1683 3430 1737 diversis
3456 1682 3509 1736 iu

283 1767 416 1821 locis
448 1779 857 1823 commorautes
915 1767 1434 1825 Thessalonicenses
1482 1770 1533 1823 in
1587 1769 1832 1824 eamdem
1865 1759 2173 1826 revocabat.
2216 1769 2363 1824 Inter
2418 1771 2542 1834 hos,
2573 1771 2662 1836 qui
2692 1768 3134 1823 Thessalonicam
3158 1770 3509 1838 repetierant,

285 1867 470 1922 postea
497 1870 625 1909 vero
651 1871 806 1908 suum
830 1857 880 1908 in
913 1871 1032 1910 eam
1058 1857 1288 1910 reditum
1321 1857 1679 1919 damnabunt,
1715 1871 1839 1911 cum
1861 1856 2098 1913 Murates
2118 1859 2499 1927 aliquotannis
2523 1857 2720 1926 elapsis
2753 1867 2875 1926 post
2903 1856 3203 1919 excidium,
3222 1857 3507 1928 ingressus

286 1943 499 2007 urbem,
530 1942 794 2010 promissa
830 1940 1412 1999 Thessalonicensibus
1463 1960 1568 1997 non
1607 1952 1872 2009 servaret,
1907 1955 2092 1998 noster
2124 1945 2434 2014 Anagnosta
2480 1945 2601 1998 fuit.
2633 1943 2821 1998 Tradit
2854 1945 2966 1998 haec
3006 1959 3126 2013 cap.
3179 1944 3286 1998 l9:
3336 1943 3508 1998 Porro

287 2027 464 2082 abiere
480 2045 770 2097 pra'cones,
807 2029 1089 2099 inquiens,
1115 2031 1183 2084 ad
1208 2031 1376 2084 multa
1406 2032 1552 2084 illius
1577 2031 1796 2085 ditionis
1817 2031 1936 2086 loca
1957 2075 1973 2099 ,
2002 2044 2060 2085 ut
2088 2033 2291 2086 dictum
2325 2041 2400 2086 est
2425 2073 2440 2098 ,
2466 2049 2594 2102 quos
2624 2047 2856 2100 reperere
2885 2029 3389 2098 Thessalonicenses,
3419 2033 3514 2102 qui

289 2127 410 2168 ante
467 2115 747 2170 nonnullos
779 2132 946 2170 annos
985 2133 1160 2170 rerum
1190 2119 1450 2185 angustiis
1483 2120 1647 2186 pressi
1677 2134 1741 2172 ex
1768 2136 1829 2172 ea
1861 2131 2200 2183 secesserant,
2242 2122 2402 2174 etiam
2427 2123 2474 2174 vi
2504 2119 2716 2173 reduces
2748 2119 2935 2188 fecere,
2971 2122 3200 2188 captivos
3233 2121 3351 2173 item
3381 2135 3514 2188 quo-

291 2218 389 2265 quo
421 2205 573 2256 modo
601 2204 656 2258 in
678 2203 975 2258 libertatem
1003 2205 1315 2259 vindicatos.
1348 2205 1554 2261 Ibidem
1587 2207 1747 2274 paulo
1767 2215 1891 2274 post
1919 2223 1933 2260 :
1967 2205 2331 2275 Opinabamur
2371 2222 2513 2268 vero,
2548 2205 2729 2259 urbem
2761 2221 2942 2258 rursus
2965 2206 3246 2272 pristinum
3271 2207 3514 2259 decorem

297 2300 642 2358 recepturum,
680 2300 730 2344 et
762 2294 1007 2357 pietatem
1055 2292 1203 2346 novis
1238 2294 1458 2361 floribus
1488 2310 1832 2356 emersurum,
1864 2304 1934 2356 et,
1967 2304 2023 2346 ut
2067 2305 2243 2358 antea,
2273 2294 2427 2364 longe
2460 2294 2663 2363 lateque
2694 2295 3094 2364 divagaturam.
3133 2293 3196 2348 Et
3222 2293 3360 2362 forte
3392 2294 3514 2362 effe-

294 2373 433 2431 ctum
465 2379 756 2443 habuisset,
787 2380 841 2433 ni
872 2394 1055 2433 rursus
1087 2395 1322 2433 meorum
1375 2379 1684 2435 delictorum
1736 2383 1886 2449 copia
1908 2383 2218 2448 obstitisset,
2256 2383 2516 2450 datusque
2540 2389 2672 2436 esset
2705 2381 2855 2435 locus
2887 2382 3240 2451 improbitati.
3290 2381 3374 2436 Ex
3413 2398 3517 2446 quo

290 2467 429 2519 enim
459 2466 648 2519 civitas
705 2467 1006 2534 captivitate
1033 2483 1214 2535 pressa
1267 2468 1465 2535 fuerat,
1493 2477 1543 2522 et
1576 2468 1820 2524 Muratcs
1853 2470 2055 2534 omnia,
2087 2480 2134 2523 et
2168 2468 2392 2536 nidificia
2419 2509 2434 2534 ,
2471 2479 2518 2522 et
2543 2470 2914 2536 possessiones,
2942 2480 2992 2522 et
3014 2484 3172 2522 sacra
3207 2470 3425 2534 templa.
3467 2487 3501 2522 ο

293 2550 636 2619 monasteria,
671 2564 722 2607 et
754 2570 936 2607 eorum
958 2555 1178 2617 reditus,
1219 2555 1368 2608 nobis
1409 2557 1778 2610 revertentibus
1811 2572 2016 2626 quoquo
2047 2559 2200 2611 modo
2236 2557 2415 2610 liberis
2437 2557 2592 2628 factis
2620 2555 2893 2626 magniﬁce
2916 2564 2968 2608 et
2999 2556 3218 2624 scripto,
3241 2565 3292 2610 et
3314 2573 3517 2610 sermo-

295 2657 356 2694 ne
381 2641 634 2707 elargitus
663 2650 764 2704 est,
817 2650 867 2695 et
901 2641 1032 2696 locis
1063 2657 1128 2696 ex
1178 2644 1418 2698 omnibus
1469 2645 1870 2698 advenientibus
1913 2643 2209 2697 libertatem
2235 2645 2419 2712 palam
2440 2643 2628 2709 edixit,
2663 2654 2708 2696 et
2733 2660 2857 2697 suas
2891 2643 3096 2710 domus,
3129 2653 3178 2697 et
3197 2659 3518 2714 quotcunque

294 2728 585 2783 immobilia
609 2746 784 2784 omnes
819 2741 1217 2795 recuperarunt,
1263 2741 1311 2784 et
1337 2733 1466 2785 ordo
1519 2735 1708 2795 omnis,
1735 2741 1782 2786 et
1811 2748 1935 2801 gens
1971 2735 2212 2786 universa
2239 2732 2467 2785 civitatis
2518 2730 2744 2785 secundo
2791 2731 2972 2801 augeri
3002 2733 3342 2799 renovarique
3373 2734 3517 2812 haud

297 2816 617 2883 improspere
649 2832 869 2886 cepere,
900 2826 949 2869 et
977 2827 1161 2883 pastor
1221 2818 1364 2871 urbis
1411 2829 1638 2881 creatus,
1692 2828 1741 2872 et
1799 2820 2035 2873 Ecclesia
2091 2822 2323 2874 constitit
2381 2821 2492 2874 suis
2563 2821 2818 2874 institutis
2865 2821 3167 2888 conspicua,
3225 2834 3274 2876 et
3330 2839 3521 2875 mona-

301 2904 385 2957 chi
406 2905 728 2958 monasteria
759 2915 1057 2965 tenuerunt,
1089 2916 1135 2958 et
1167 2905 1396 2959 studiose
1420 2906 1704 2958 admodum
1729 2921 1906 2960 eorum
1939 2909 2231 2978 augutentis
2261 2907 2556 2973 inhiabant,
2596 2923 2872 2973 omnesque
2905 2924 2991 2975 spe
3006 2905 3346 2962 lactubamur
3378 2910 3515 2963 bona

297 3004 371 3058 et,
404 3005 462 3048 ut
496 2994 718 3047 breviter
751 3010 830 3049 me
864 2995 1163 3063 expediant,
1197 3005 1415 3061 propter
1439 2995 1703 3048 excidium
1731 2997 1877 3049 nobis
1901 2995 2159 3048 malorum
2194 2983 2467 3048 illato'rum
2500 2996 2756 3049 memoria
2782 2998 3005 3062 amissa,
3037 2998 3398 3064 gaudebamus
3421 3015 3518 3065 pro

307 3082 393 3146 iis,
422 3097 539 3152 qua:
572 3081 718 3134 nobis
756 3083 1022 3149 insperato
1048 3083 1366 3152 obtigerant,
1388 3094 1435 3135 et
1461 3083 1739 3150 pristinam
1768 3084 2074 3152 felicitatem
2127 3082 2676 3153 tranquillitatemque
2707 3094 3107 3139 consecuturum
3140 3084 3316 3137 urbem
3336 3101 3521 3152 spera-

305 3169 523 3229 bamus;
553 3169 663 3221 tuin
685 3184 750 3222 ex
773 3171 942 3235 nobis,
985 3181 1038 3221 ut
1072 3169 1347 3238 proverbio
1393 3171 1583 3239 fertur,
1607 3171 1776 3223 lorum
1804 3182 2069 3238 sumptum
2105 3180 2204 3242 est,
2235 3159 2307 3232 et,
2330 3185 2444 3240 qua:
2471 3173 2882 3240 expectabantur
2920 3173 3076 3236 bona,
3109 3153 3164 3226 iit
3192 3175 3521 3229 contrarium

308 3256 621 3310 reciderunt.
649 3255 781 3324 Cap.
808 3256 881 3310 20
908 3273 922 3310 :
962 3253 1105 3309 Nam
1160 3255 1591 3311 Thessalonicam
1641 3268 1871 3325 repetens
1909 3258 2152 3313 Murates
2183 3258 2466 3332 [secundus
2494 3270 2604 3313 tum
2637 3263 2880 3316 currebat
2906 3261 2983 3315 vel
3013 3262 3197 3315 tertius
3228 3275 3343 3332 post
3383 3267 3527 3319 exci-

300 3343 454 3396 dium
481 3342 674 3414 annus]
702 3353 760 3397 ut
779 3360 895 3398 eam
917 3345 1184 3410 inviseret,
1211 3347 1617 3414 accuratiusque
1647 3361 1727 3399 res
1749 3346 1894 3398 illius
1925 3345 2242 3409 addisceret,
2267 3357 2314 3400 et
2339 3346 2488 3401 bonis
2513 3347 2658 3400 illius
2689 3348 2976 3419 frueretur,
3005 3360 3050 3401 et
3079 3351 3376 3404 muneribus
3405 3369 3526 3404 mu-

303 3432 476 3500 nificis
509 3433 842 3486 contenderet
862 3449 979 3486 cum
1007 3450 1101 3487 suo
1127 3436 1482 3504 progenitore,
1505 3436 1750 3503 illiusque
1788 3435 2018 3506 vestigiis
2050 3436 2312 3490 insisteret
2346 3453 2364 3490 :
2399 3437 2489 3505 qui
2516 3434 2890 3490 Thessalonica
2916 3437 3111 3504 potitus
3138 3440 3340 3506 gratias
3369 3441 3530 3492 innu-

302 3534 473 3572 meras
528 3518 933 3588 largitionesque
985 3523 1244 3574 maximas
1294 3521 1458 3589 fecit:
1513 3523 1886 3591 huc.iuquam,
1938 3524 2103 3592 fretus
2150 3533 2336 3586 mente,
2377 3523 2618 3592 illiusque
2670 3525 3012 3593 exsequenda:
3063 3541 3230 3580 causa
3289 3528 3524 3591 veniens,

300 3607 631 3668 postmodum
655 3605 812 3660 malis
841 3606 1072 3660 aliorum
1101 3609 1486 3662 monitionibus
1522 3610 1833 3671 distractus.
1871 3611 2152 3664 consilium
2186 3613 2568 3680 pristinamque
2601 3615 2912 3666 sententiam
2939 3623 3107 3668 mutat
3135 3630 3154 3668 :
3184 3625 3234 3669 et
3261 3632 3399 3682 qute,
3424 3633 3527 3686 quo

303 3691 449 3757 capti
476 3705 656 3743 sumus
691 3699 943 3758 tempore,
968 3707 1074 3745 non
1099 3693 1322 3762 peregit,
1349 3707 1409 3746 eo
1461 3691 1708 3759 tempOris
1740 3693 1990 3760 perﬁcere
2019 3701 2310 3754 constituit.
2346 3700 2540 3771 Igitur,
2577 3704 2698 3756 licet
2729 3704 2818 3756 ille
2856 3702 3074 3766 diceret,
3101 3705 3216 3758 ideo
3247 3721 3305 3758 se
3332 3707 3530 3758 venisse

309 3787 362 3829 ut
391 3777 572 3829 urbem
603 3788 649 3830 et
672 3776 880 3846 singula
912 3778 1059 3831 illius
1087 3779 1538 3846 circumspiceret,
1559 3781 1782 3847 otioque
1807 3791 1855 3833 et
1887 3781 2084 3840 laboris
2115 3785 2416 3841 remissione
2445 3798 2704 3850 uteretur,
2743 3789 2999 3858 bonisque
3037 3791 3180 3843 illius
3219 3791 3288 3842 ad
3319 3795 3527 3844 saturi-

310 3873 474 3918 tatem
500 3865 886 3932 luxuriaretur,
910 3868 1088 3934 sicque
1115 3883 1218 3921 non
1258 3868 1433 3922 minus
1460 3868 1513 3920 in
1545 3883 1660 3921 eam
1695 3868 1934 3924 benevole
1984 3873 2206 3940 aﬂ'cctus
2229 3911 2246 3937 ,
2273 3873 2490 3927 meliora
2515 3879 2777 3942 speranda
2811 3875 2960 3928 nobis
2991 3876 3045 3928 in
3075 3886 3341 3944 posterum
3368 3878 3529 3932 relin-

305 3961 524 4020 queret;
557 3953 898 4007 nihilominus
927 3955 1156 4018 primum
1187 3955 1494 4007 mandatum
1527 3954 1692 4016 dedit,
1719 3957 1854 4022 quod
1895 3971 1988 4010 nec
2019 3973 2114 4024 per
2143 3960 2408 4012 somnium
2434 3961 2646 4029 quidem
2662 3961 2922 4028 quispiam
2945 3972 3294 4028 expectasset.
3329 3963 3394 4017 Id
3425 3981 3529 4018 auo

307 4051 407 4093 tem
435 4048 572 4103 erat.
609 4043 930 4093 monasteria
961 4043 1138 4094 omnia
1165 4040 1466 4110 templaque
1506 4043 1842 4110 occupanda,
1889 4058 2070 4098 eorum
2100 4046 2300 4098 reditus
2330 4063 2508 4100 omnes
2555 4049 3010 4118 possessionesque
3034 4051 3372 4117 auferendus,
3400 4063 3447 4106 et
3473 4055 3531 4107 iss

305 4138 590 4197 angustum
615 4131 800 4196 oppido
833 4145 913 4182 res
948 4139 1155 4184 nostras
1182 4131 1462 4198 cogendas.
1517 4129 1666 4194 Quod
1697 4146 1797 4183 nati
1823 4132 1987 4184 multo
2017 4141 2132 4198 post
2161 4133 2364 4202 factum
2407 4143 2482 4188 est
2507 4134 2572 4188 ab
2602 4134 2712 4188 illis
2730 4135 3024 4206 insigniter.
3057 4136 3190 4207 Cap.
3229 4139 3293 4192 ξι
3325 4157 3340 4194 :
3373 4139 3532 4194 Nunc

306 4230 486 4279 porro,
525 4215 617 4283 qui
641 4234 670 4268 a
703 4216 1024 4284 longioribus
1055 4218 1162 4270 oris
1196 4218 1371 4281 illius,
1414 4229 1671 4285 compotes
1695 4216 1854 4285 ﬂendi
1877 4218 2139 4272 desiderio
2173 4220 2520 4284 exardebant,
2549 4238 2636 4276 eos
2665 4223 2752 4278 sui
2777 4208 3044 4288 desiderii,
3079 4229 3169 4278 sed
3205 4238 3250 4280 et
3281 4243 3376 4280 nos
3401 4244 3532 4295 quo-

305 4318 403 4369 que
441 4303 495 4354 in
515 4318 630 4355 eam
659 4304 936 4357 reditionis
961 4305 1173 4372 paenitet
1203 4321 1222 4369 ;
1255 4321 1374 4358 cum
1403 4321 1518 4373 spes
1553 4305 1786 4378 melioris
1809 4315 1983 4359 statas
2009 4309 2217 4376 penitus
2260 4312 2469 4363 sublata
2499 4311 2586 4364 sit.
2616 4308 2717 4366 Ubi
2753 4322 2932 4376 notes,
2971 4320 3244 4368 auctorem
3279 4325 3530 4368 nostrum

307 4391 485 4458 capite
515 4389 606 4455 20,
639 4404 760 4444 cum
781 4391 852 4446 sit
879 4389 1099 4456 dubius,
1135 4392 1310 4446 altero
1341 4408 1409 4447 au
1460 4393 1622 4448 tertio
1655 4407 1821 4457 anno,
1863 4404 1988 4462 post
2019 4396 2168 4450 urbis
2208 4396 2709 4454 TheSSannicensis
2732 4399 3032 4464 excidium,
3077 4401 3128 4453 id
3185 4411 3269 4455 est
3317 4417 3523 4456 annum

303 4473 508 4530 Christi
549 4477 709 4541 1450,
741 4493 850 4543 res,
883 4494 1022 4549 quas
1062 4480 1162 4534 hoc
1203 4481 1318 4534 loco
1354 4490 1560 4545 narrat,
1593 4481 1926 4546 acciderint;
1959 4479 2139 4536 facere
2171 4485 2326 4538 nobis
2362 4485 2578 4554 aliquod
2620 4486 2904 4551 indicium,
2934 4501 3027 4541 eas
3061 4504 3118 4542 se
3151 4488 3348 4543 litteris
3381 4505 3501 4544 com
3522 4519 3536 4530 ο

307 4565 526 4620 misisse
557 4573 679 4634 post
698 4580 870 4622 annos
898 4567 966 4621 ab
985 4577 1289 4645 espugtiata
1321 4567 1710 4624 Thessalonica
1735 4567 1934 4637 plures,
1953 4583 2117 4647 quam
2165 4580 2273 4626 tres
2312 4582 2391 4636 ut,
2423 4585 2589 4644 quoto
2615 4589 2758 4630 anno
2775 4588 2940 4647 gesta
2963 4576 3184 4641 fuerint,
3211 4589 3401 4632 exacte
3427 4594 3534 4632 non

306 4653 539 4722 amplius
569 4654 845 4710 recordari
875 4656 1132 4724 potuerit.
1156 4637 1332 4721 (inde,
1370 4673 1478 4712 non
1509 4667 1714 4712 tantum
1749 4670 1891 4710 anno
1931 4637 2131 4710 Christi
2188 4657 2344 4722 1435,
2381 4637 2472 4714 scil
2509 4654 2674 4715 etiam
2703 4637 2910 4732 aliquot
2946 4663 3104 4717 annis
3134 4637 3255 4733 post
3283 4665 3336 4718 in
3397 4665 3535 4719 vivis

306 4743 673 4811 Anagnostam
698 4752 940 4798 nostrum
967 4745 1242 4801 exstitisse
1260 4745 1502 4816 colligas.

786 4880 1015 4937 Joannis
1045 4886 1358 4954 Anagnosta:
1379 4887 1598 4956 scripta.
1634 4888 1707 4942 De
1729 4891 1879 4943 rebus
1902 4879 2600 4955 Constantinopolitanoruns
2629 4881 3004 4938 Macedonicis.

382 4993 469 5050 Vl.
501 4995 580 5048 Ad
611 4993 898 5063 quemdam
952 4994 1128 5048 virum
1198 4997 1547 5060 laudabilem,
1599 4999 1754 5068 cujus
1802 5010 1996 5051 nomen
2056 4996 2274 5050 silentio
2323 4993 2474 5062 tegit,
2533 4995 2897 5046 narrationem
2949 4993 3015 5046 de
3048 5001 3290 5046 extremo
3321 4993 3540 5048 excidio
3615 5043 3624 5051 ,

309 5082 717 5138 Thessalonicae
747 5081 991 5149 scripsit.
1037 5081 1148 5136 Hoc
1183 5083 1362 5140 libello
1395 5095 1602 5148 narrat,
1628 5095 1682 5139 et
1712 5086 2071 5147 obsidionem,
2097 5094 2152 5137 et
2193 5079 2650 5149 expugnationem
2682 5079 2844 5133 istius
2860 5077 3008 5132 urbis
3040 5076 3391 5132 Macedonum
3428 5081 3538 5145 pri-

311 5170 518 5234 mariae,
539 5184 702 5238 quam
728 5170 954 5238 imperio
975 5169 1270 5225 CPolitano
1323 5172 1645 5240 subiectam,
1681 5189 1803 5227 cum
1845 5173 2104 5226 adversus
2141 5169 2349 5222 Turcas
2386 5166 2657 5237 Cpolitani
2685 5167 2974 5222 defendere
2999 5168 3134 5220 satis
3161 5184 3262 5221 non
3293 5181 3538 5236 possent,

316 5255 649 5311 Venetorum
683 5258 935 5325 potestati
977 5255 1272 5321 subditam,
1304 5274 1447 5313 anno
1487 5260 1832 5328 imperatoris
1859 5258 2085 5314 Joannis
2119 5256 2402 5323 Palmologi
2436 5254 2677 5310 Junioris
2699 5255 2783 5318 12,
2819 5253 3022 5310 Christi
3044 5254 3203 5320 1450,
3237 5255 3473 5310 Murates
3497 5255 3538 5308 ει

310 5342 613 5398 Turcarutn
636 5344 887 5412 princeps
916 5345 1163 5398 dominio
1190 5344 1422 5399 Turcico
1457 5347 1707 5411 subjecit.
1750 5346 1958 5406 Prodiit
1981 5344 2168 5398 Grarce
2189 5355 2244 5398 et
2273 5342 2482 5407 Latine,
2517 5343 2816 5412 interprete
2836 5341 3014 5399 Leone
3044 5343 3268 5408 Allatio,
3301 5346 3354 5398 in
3390 5343 3540 5412 ejus-

310 5430 434 5486 dem
489 5429 804 5500 Symmictis
827 5473 843 5498 ,
875 5430 1112 5486 Coloniae
1129 5431 1438 5501 Agrippinae
1469 5448 1564 5501 per
1600 5431 1863 5488 Jodocum
1895 5435 2236 5500 nalcovium,
2265 5433 2548 5498 MDCLIII,
2573 5437 2626 5488 in
2663 5435 2735 5505 8..

628 5886 900 5946 ΡΑτιιοι.
936 5887 1053 5950 Gn.
1093 5881 1265 5944 CLVI
1279 5929 1290 5944 .
1812 5972 1822 5976 Α

1812 5972 1822 5976 Α
3045 5886 3121 5945 19
