3990 6608
547 427 647 492 591

1753 425 2076 488 JOANNIS
2112 427 2585 492 ANAGNOSTxE
3741 447 3831 502 ειη

543 550 602 594 ιιι
625 548 677 594 ιιι
709 547 830 592 cate
857 539 1019 603 nosti,
1065 546 1274 593 tantum
1321 536 1586 592 malorum
1616 548 1913 593 sustineret
1954 549 2010 594 ct
2033 539 2117 594 di-

2234 543 2298 604 ὣς
2325 539 2493 608 οἶδας,
2521 546 2616 597 καὶ
2648 544 2919 615 ὁσημέραι
2952 547 3162 617 θλίψεις
3198 548 3352 618 ἡμῖν
3387 547 3669 616 ἐπήγοντο
3707 563 3827 602 παν-

543 634 622 687 ris
651 633 894 703 quotidie
937 632 1121 686 exitiis
1159 632 1396 701 undique
1433 629 1696 686 confertis
1732 629 2114 697 alllictaretur,

542 735 598 779 et
649 739 932 778 sermones
986 723 1140 776 multi
1173 724 1558 778 conferrentur
1580 737 1814 791 quonam
1848 735 2006 793 pacto
2049 740 2114 778 ex

547 825 627 870 tot
684 814 839 869 malis
893 830 1176 884 cmergere
1225 828 1532 884 possemus,
1579 813 1784 868 nullum
1819 814 2116 869 remedium

544 910 894 971 occurrebat,
947 923 1048 962 nec
1091 908 1279 961 aderat
1318 909 1686 960 Averruncus.
1746 905 1931 975 Neque
1969 906 2114 960 enim

547 999 736 1054 Turcae
755 1015 876 1054 cum
892 999 1098 1054 Latinis
1113 999 1290 1054 fcedns
1307 999 1497 1061 iniere,
1524 998 1652 1053 licet
1671 998 1867 1067 saapins
1888 985 2119 1068 legatio-

550 1111 617 1148 ne
641 1095 808 1149 missa
833 1095 884 1148 id
904 1103 1323 1162 pertclttassent,
1342 1093 1725 1162 supplicesque
1742 1093 1905 1148 etiam
1931 1107 2120 1162 rogas-

449 1219 452 1222 ~
548 1196 706 1252 sent;
731 1202 904 1257 neque
931 1197 1048 1240 erat
1078 1187 1129 1239 in
1166 1195 1352 1240 nostra
1383 1194 1674 1255 potestate,
1703 1185 1875 1253 copiis
1911 1185 2120 1240 nostris

550 1279 604 1332 in
643 1286 933 1350 angustum
965 1277 1163 1345 oppido
1195 1276 1398 1330 coactis
1419 1283 1472 1328 et
1505 1274 1946 1330 discordantibus
1976 1278 2120 1329 votis

551 1369 619 1422 ab
653 1367 894 1422 unanimi
946 1366 1216 1420 sententia
1249 1364 1547 1430 convulsis,
1582 1364 1800 1434 “aliquid
1832 1379 2020 1434 agere,
2060 1374 2121 1420 ut

553 1469 666 1514 tute
700 1460 863 1514 etiam
890 1457 1056 1522 nosti,
1079 1459 1170 1526 qni
1206 1473 1310 1512 una
1345 1454 1630 1512 nobiscum
1675 1470 1824 1521 cras,
1848 1457 2118 1513 malorum

549 1552 776 1621 perinde
817 1559 984 1618 atque
1015 1549 1102 1604 alii
1135 1557 1415 1616 expertus.

618 1645 672 1696 3.
704 1641 839 1698 Cum
864 1642 1045 1710 itaque
1079 1655 1163 1695 res
1186 1650 1392 1696 nostra:
1427 1641 1499 1695 ita
1525 1655 1585 1696 se
1620 1641 1901 1708 haberent,
1931 1651 1985 1697 et
2012 1641 2125 1696 sin-

550 1733 670 1802 gula
719 1741 992 1786 momenta
1036 1731 1354 1786 innumeras
1402 1745 1570 1802 prope
1620 1745 1793 1787 noxas
1831 1732 2122 1800 inferrent,

549 1827 724 1895 deque
755 1825 925 1880 salute
976 1825 1409 1892 desperaremus,
1464 1823 1664 1879 malum
1700 1825 1845 1880 aliud
1899 1837 2124 1894 repente

2217 636 2469 703 ταχόθεν,
2522 637 2614 690 καὶ
2661 637 2836 703 λόγων
2865 638 3077 693 πολλῶν
3130 642 3281 707 παρ’
3327 630 3604 702 ἑκὰστοις
3635 641 3745 701 πῶς
3775 646 3827 690 ἂν

2220 727 2559 797 ἀναθείημεν
2605 731 2950 798 γιγνομένων
2985 733 3190 801 τρόπος
3225 727 3304 802 ἦν
3359 730 3481 784 οὐδ’
3533 732 3826 785 ὁστισοῦνό

2214 818 2421 872 ’τούτων
2449 822 2594 889 ἡμᾶς
2624 821 2734 874 τῶν
2779 823 2970 876 δεινῶν
3006 823 3380 887 ἀπαλλάξων.
3444 821 3592 875 Οὔτε
3640 827 3743 891 γάρ
3784 827 3824 874 oi

2219 909 2450 979 Τοῦρκοι
2478 914 2589 975 τοῖς
2617 912 2866 976 Λατίνοις
2917 912 3208 966 ἐϐούλοντο
3259 911 3617 965 σπείσασθαι
3651 913 3823 965 πολλὰ·

2221 1017 2307 1063 κις
2339 1002 2844 1074 πρεσϐευσαμένοις
2869 1004 2998 1073 περὶ
3027 1005 3231 1059 τούτου
3260 1006 3367 1058 καὶ
3390 1004 3696 1074 δεηθεῖσιν,
3724 1004 3820 1056 οὖν

2219 1095 2353 1162 ἡμῖν
2378 1093 2504 1160 ἐξῆν
2543 1095 2743 1165 πρᾶξαι
2771 1097 2831 1149 τὸ
2857 1099 2995 1151 κατὰ
3035 1097 3305 1167 γνώμην,
3341 1095 3560 1162 ὀλίγοις
3584 1096 3717 1164 ἄγαν
3745 1117 3801 1149 κα

2223 1184 2511 1255 θεστηκόσι
2553 1189 2645 1239 καὶ
2688 1188 2971 1257 ἁνισότητι
3017 1188 3259 1258 γνώμης
3291 1189 3724 1255 ,ἀποϐεϐληκόσι
3771 1191 3821 1243 τὸ

2222 1277 2488 1346 ὁμονοεῖν,
2524 1279 2600 1342 ὡς
2643 1279 2753 1348 ἄρα
2786 1280 2876 1333 καὶ
2909 1282 2993 1334 σοι
3018 1280 3317 1352 γνώριμον
3354 1281 3529 1334 τοῦτο
3560 1282 3657 1334 σὺν
3707 1285 3816 1352 ἡμῖν

2221 1385 2284 1437 γε
2317 1369 2539 1424 δντικαὶ
2567 1371 2675 1425 τῶν
2704 1372 2893 1427 δεινῶν
2913 1373 3138 1428 ἐκείνων
3168 1375 3297 1437 τοῖς
3327 1374 3527 1437 ἄλλοις
3559 1375 3820 1444 παραπλη-

2225 1461 2355 1526 σίως
2390 1464 2633 1533 εἰληφότι
2663 1464 2762 1539 τὴν
2789 1457 3002 1536 πεῖραν.

2297 1639 2366 1710 γ’.
2405 1641 2590 1704 Οὕτως
2624 1636 2719 1725 οὖν
2750 1644 2885 1713 ἡμῖν
2914 1644 3154 1714 ἔχουσιν,
3194 1645 3334 1698 ὅσαι
3370 1662 3436 1699 τε
3471 1637 3617 1716 ὧραι
3667 1647 3815 1716 μυρία

2224 1735 2295 1789 τὰ
2345 1735 2560 1805 χαλεπὰ
2597 1736 2822 1807 φέρουσι
2859 1738 2951 1791 καὶ
2988 1738 3088 1810 τὴν
3116 1738 3422 1810 σωτηρίαν
3453 1739 3812 1808 ἀπαγορεύου-

2227 1846 2332 1891 σιν,
2366 1829 2534 1904 κακὸν
2567 1831 2828 1902 ἐξαίφνης
2853 1831 3084 1901 ἐπῆλθεν
3104 1833 3305 1904 ἕτερον
3329 1833 3436 1886 καὶ
3473 1835 3809 1903 στερροτέραν

551 1918 769 1986 irrupit,
793 1925 848 1970 et
869 1915 1184 1970 validiorem
1213 1916 1504 1970 adamante
1533 1916 1777 1971 animum
1821 1916 2124 1987 disjicieus',

2234 1923 2408 1977 εἰπεῖν
2430 1900 2739 1993 α’δάμαντος
2769 1900 2979 1988 πλῆξαν
3007 1900 3214 1995 ψυχήν,
3258 1925 3341 1978 Τὸ
3363 1925 3412 1977 δ’
3453 1919 3524 1994 ἦν
3611 1900 3706 1976 .τοῦ
3729 1900 3808 1975 κα·

549 2009 677 2063 boni
739 2008 946 2062 scilicet
1010 2006 1247 2075 pastoris
1277 2015 1352 2070 et,
1400 2022 1554 2077 teque
1585 2022 1648 2063 ac
1673 2008 1879 2078 primus
1913 2019 2117 2077 pastor,

551 2105 796 2172 quntidie
819 2104 1038 2173 profuse
1071 2105 1306 2157 animam
1343 2103 1619 2174 ponentis,
1653 2103 1836 2159 divino
1883 2104 2117 2161 consilio

549 2196 753 2259 obitus,
785 2195 860 2249 illi
885 2194 1100 2262 quidem
1131 2195 1404 2249 fortunate
1437 2193 1760 2262 succedens,
1794 2195 1953 2251 nobis
1981 2211 2112 2251 vero

548 2289 771 2354 damna,
829 2303 1002 2357 eaque
1057 2287 1323 2358 ingentia,
1369 2287 1694 2354 concilians,
1737 2288 1829 2358 qui
1881 2289 2026 2346 illius
2054 2290 2120 2345 ad

553 2380 722 2437 Deum
752 2381 1028 2450 precibus,
1067 2381 1264 2450 quibus
1283 2378 1446 2435 saluti
1469 2389 1671 2436 nostra:
1707 2381 2119 2450 providebatur,

548 2475 852 2541 privamur.
886 2472 953 2526 Et
980 2473 1166 2529 divino
1190 2473 1428 2528 consilio
1465 2473 1616 2528 illum
1655 2475 1958 2544 contigisse
1989 2490 2124 2530 con-

551 2567 710 2635 jicies
750 2581 815 2619 ex
847 2565 958 2620 illis
991 2581 1110 2635 quae
1156 2564 1232 2620 illi
1265 2564 1442 2622 adhuc
1489 2567 1771 2636 superstiti
1805 2568 1950 2622 inter
1978 2582 2124 2624 som-

551 2658 808 2713 niandum
835 2668 1152 2713 evenerant.
1205 2659 1366 2715 Visus
1393 2665 1476 2714 est
1503 2659 1628 2725 sibi,
1667 2669 1960 2729 antequam
1994 2662 2123 2717 urbs

549 2747 695 2804 bello
724 2749 1056 2814 concideret,
1090 2749 1310 2804 domum
1367 2749 1688 2820 praeclaram
1723 2762 1777 2805 et
1829 2754 2123 2808 maximam

551 2842 822 2909 ingresso,
867 2842 1108 2912 singulas
1138 2841 1286 2896 illius
1313 2853 1496 2911 partes
1532 2842 1808 2910 inspicere
1841 2853 1896 2897 et
1925 2843 2122 2898 decora

555 2934 1072 3004 acmagnitudinem
1088 2948 1413 3005 magnOpere
1428 2934 1683 2989 demirari
1706 2953 1720 3001 ;
1750 2935 1836 2991 his
1856 2936 2124 2991 intentum

554 3040 767 3087 vocem.
791 3025 990 3080 deforis
1009 3027 1384 3080 advenientem
1401 3026 1676 3081 inaudisse
1697 3049 1710 3083 :
1743 3026 1971 3082 (Domus
1989 3029 2124 3103 hac,

554 3117 714 3185 cujus
744 3125 928 3185 partes
958 3117 1201 3185 singulas
1242 3117 1481 3174 illustres
1509 3127 1672 3186 atque
1700 3130 1956 3175 venustas
1986 3135 2125 3175 con-

561 3208 810 3262 siderans
839 3207 1153 3271 admiraris,
1181 3215 1427 3263 actutum
1455 3208 1707 3262 concidet
1733 3225 1747 3272 ;
1779 3220 1833 3263 et
1860 3223 1926 3262 ne
1961 3218 2013 3263 te
2030 3223 2126 3264 sua

531 3300 718 3353 ruina
736 3301 1024 3368 opprimat,
1051 3314 1222 3370 quam
1260 3300 1370 3355 cito
1407 3298 1554 3382 foras
1598 3300 1748 3366 eripe
1790 3309 1896 3354 te.»
1935 3300 2125 3355 Visum

561 3395 668 3448 hoc
690 3391 885 3448 effectu
915 3408 1022 3447 non
1081 3391 1254 3447 multo
1290 3399 1414 3462 post
1448 3393 1855 3464 comprobatum
1896 3402 2000 3449 est.
2037 3394 2132 3450 llle

558 3487 759 3542 etenim
785 3495 843 3541 ut
859 3485 1042 3555 justus
1059 3495 1343 3555 appareret
1370 3495 1424 3541 et
1455 3487 1672 3542 virtutis
1697 3501 1809 3541 suae
1836 3487 2129 3542 multorum

560 3579 811 3635 laborum
848 3577 1075 3648 praemia
1107 3576 1357 3646 referret,
1383 3579 1580 3642 sic,uti
1613 3593 1712 3648 par
1749 3589 1888 3644 erat,
1919 3589 1973 3634 et
2008 3588 2133 3636 ante

553 3689 852 3730 commune
903 3672 1294 3736 infortunium,
1327 3673 1394 3728 ad
1418 3671 1620 3735 Deum,
1653 3687 1814 3742 quem
1841 3682 2132 3741 tantopere

559 3768 963 3837 concupiverat,
1026 3766 1298 3838 migravit.
1326 3767 1514 3836 Neque
1567 3767 1710 3820 enim
1746 3765 1955 3836 justum
1991 3765 2132 3832 apud

563 3861 729 3915 Deum
767 3860 1126 3930 reputabatur
1175 3859 1435 3914 similium
1467 3858 1729 3913 malorum
1759 3873 1881 3912 eum
1914 3857 2135 3925 partici-

563 3967 682 4020 pem
715 3952 854 4015 tieri,
881 3951 989 4006 vita
1014 3951 1281 4020 siquidem
1309 3951 1456 4005 illius
1484 3965 1590 4004 non
1619 3958 1738 4005 erat
1767 3949 1963 4004 similis
1982 3949 2131 4012 aliis,

562 4049 617 4099 et
639 4045 844 4099 semitae
874 4042 1195 4106 immutatae,
1231 4050 1425 4095 utcum
1455 4040 1748 4096 Salomone
1774 4039 1989 4107 loquar.
2014 4038 2124 4094 Nos

562 4151 695 4189 vero
761 4134 1112 4203 improbitate
1160 4135 1316 4202 plane
1345 4132 1558 4200 repleti,
1591 4145 1645 4186 et
1695 4133 1750 4184 in
1783 4129 2136 4198 cogitationi—

563 4228 667 4280 bus
690 4226 876 4280 cordis
907 4225 1081 4279 nostri
1115 4225 1337 4293 pessimi
1367 4222 1728 4286 ambulantes,
1772 4231 1830 4275 ιιι
1864 4221 2135 4278 Jerernias

564 4318 764 4386 inquit,
806 4327 862 4370 et
916 4315 1144 4384 perinde
1194 4325 1360 4384 atque
1418 4315 1672 4384 antiquus
1693 4313 1857 4367 lsrael
1897 4329 2138 4366 murmu-

568 4416 778 4470 rantes,
807 4415 865 4459 ut
899 4405 1055 4460 nobis
1086 4405 1389 4468 allubescit,
1429 4405 1594 4459 rebus
1652 4420 1758 4457 non
1794 4404 2138 4458 succedenti-

569 4501 696 4563 bus,
721 4495 845 4564 jure
881 4497 1074 4550 merito
1097 4496 1239 4550 mala
1270 4513 1332 4551 ac
1367 4495 1536 4551 solida
1588 4496 1898 4552 calamitate
1933 4505 2137 4550 macta-

2222 2013 2315 2067 λοῦ
2348 2015 2607 2083 ποιμένος
2647 2016 2741 2069 καὶ
2768 2016 2908 2070 κατὰ
2941 2019 3032 2070 τὸν
3061 2017 3294 2088 πρῶτον
3319 2018 3571 2088 ποιμένα
3608 2022 3698 2087 τὴι
3721 2017 3803 2085 giu-

2223 2109 2323 2177 Χὴν
2352 2108 2436 2177 ὲφ’
2465 2109 2702 2179 ἑκάστης
2727 2109 2962 2178 ἀφειδῶς
2989 2111 3130 2181 ὑπὲρ
3165 2111 3269 2164 τοῦ
3299 2113 3573 2182 ποιμνίου
3596 2111 3800 2170 τιθέντος

2223 2199 2366 2253 κατὰ
2397 2199 2540 2253 θεῖον
2568 2199 2818 2270 βούλημα
2840 2201 3089 2271 τελευτὴ,
3115 2203 3174 2255 ἐν
3199 2203 3367 2273 καλῷ
3395 2203 3503 2273 μέν
3535 2202 3718 2271 ἐκείνῳ
3732 2218 3800 2267 γε.

2224 2290 2525 2360 γενημένη,
2581 2290 2780 2361 βλάϐος
2819 2291 2863 2344 δ’
2898 2293 3030 2362 ἡμῖν
3058 2293 3460 2360 ἐπενεγκοῦσα
3511 2291 3665 2356 πολὺ,
3712 2290 3798 2341 τῶν

2225 2380 2436 2433 ἐκείνου
2459 2381 2624 2435 λιτῶν
2658 2383 2796 2453 πρδς
2837 2382 2959 2437 θεὸν
3000 2386 3390 2455 στερηθεῖσιν,
3425 2380 3519 2448 αἷς
3555 2383 3797 2451 ἐσωζόμε-

2225 2471 2310 2525 θα.
2348 2473 2474 2526 Ὀτι
2499 2474 2557 2527 δέ
2591 2475 2731 2528 κατὰ
2756 2475 2908 2530 Θείαν
2939 2474 3079 2546 αὕτη
3109 2477 3388 2550 βούλησιν
3418 2472 3511 2549 ἦν,
3535 2476 3696 2530 ἄκουε
3721 2473 3798 2527 τοῦ

2228 2563 2488 2632 φανέντος
2526 2563 2606 2634 τῷ
2641 2564 2906 2636 μακαρίῳ
2940 2567 3190 2636 περιόντι
3248 2567 3384 2621 κατ’
3414 2566 3554 2633 ὄναρ
3609 2562 3796 2630 ἐκείνῳ.

2196 2657 2199 2659 ’
2230 2653 2415 2718 Ἔδοξε
2451 2654 2555 2723 πρὸ
2584 2653 2677 2707 τοῦ
2699 2653 2798 2726 τὴν
2828 2655 2983 2709 πόλιν
3006 2657 3084 2726 τῷ
3112 2656 3354 2726 πολέμῳ
3378 2656 3647 2728 ληφθῆναι
3672 2647 3796 2706 οῐκὲν

2227 2761 2351 2798 τινα
2381 2744 2638 2816 λαμπρὸν
2670 2747 2901 2801 εἰσιέναι
2934 2749 3028 2801 καὶ
3059 2749 3436 2818 παμμεγέθη,
3469 2744 3798 2817 περισκοπεῖν

2227 2853 2287 2889 τε
2320 2836 2482 2890 αὑτὸν
2503 2837 2646 2890 κατά
2668 2837 2832 2909 μέρος
2857 2841 2951 2892 καὶ
2980 2840 3296 2910 θαυμάζειν
3325 2841 3497 2894 auito)
3518 2840 3577 2893 τό
3598 2855 3652 2891 τε
3674 2836 3794 2889 κᾶλα

2227 2927 2320 2992 λος
2367 2929 2461 2982 καὶ
2493 2930 2744 3000 μέγεθος,
2801 2934 2859 2985 ἐν
2913 2931 3089 3003 τούτῳ
3143 2932 3188 2985 δ’
3224 2933 3345 2987 ὄντι
3390 2931 3577 3004 φωνὴν
3622 2927 3796 2994 ἔξωθεν

2229 3021 2515 3093 ἐνεχθῆναι
2543 3023 2812 3091 λέγουσαν
2857 3043 2874 3077 ι
2922 3026 2982 3079 '0
3016 3027 3115 3096 μὲν
3140 3022 3293 3090 οἶκος
3323 3026 3504 3091 οὗτος,
3531 3018 3588 3078 οὗ
3608 3024 3672 3076 τὰ
3690 3017 3792 3072 καθ’

2230 3115 2479 3177 ἕκαστον,
2512 3108 2557 3169 ὦ
2595 3117 2852 3184 δέσποτα,
2907 3120 2984 3182 ὡς
3032 3118 3153 3172 λίαν
3201 3119 3448 3189 λαμπρὰ
3504 3116 3594 3170 καὶ
3641 3114 3794 3184 ὡραῖα

2233 3204 2534 3276 θαυμάζεις
2566 3209 2903 3278 περιαθρῶν,
2940 3209 3130 3263 πίπτει
3163 3209 3224 3263 τὸ
3268 3212 3460 3278 τάχος.
3503 3207 3590 3260 καὶ
3619 3205 3696 3258 ἴνα
3724 3201 3788 3270 μή

2236 3310 2295 3346 σε
2322 3293 2542 3367 καλύψῃ
2577 3295 2781 3362 πεσὼν,
2811 3295 2948 3362 ἔξιθι
2973 3298 3162 3351 τούτου
3198 3299 3442 3369 ταχέως.
3473 3317 3490 3350 ι
3527 3296 3700 3356 Οὕτως
3729 3286 3790 3342 εἷ-

2234 3401 2328 3453 χεν
2377 3385 2587 3455 ήὸψις.
2635 3390 2728 3440 καὶ
2766 3390 2847 3451 εἰς
2876 3388 3036 3458 ἔργον
3091 3385 3232 3460 ἧκεν
3283 3391 3386 3443 οὐκ
3441 3391 3521 3451 εἰς
3576 3384 3782 3456 μακράν.

2246 3474 2484 3540 Ἐκεῖνος
2541 3477 2640 3545 μὲν
2668 3478 2800 3548 γὰρ,
2843 3480 2928 3533 ἵνα
2979 3481 3234 3556 ἀναφανῇ
3299 3484 3515 3544 δίκαιος
3566 3476 3784 3532 καὶτῶν

2235 3565 2450 3619 πολλῶν
2473 3571 2573 3637 τῆς
2608 3570 2809 3640 ἀρετῆς
2834 3571 3047 3625 ἐκείνου
3081 3575 3354 3642 καμάτων
3380 3571 3520 3644 λάϐῃ
3545 3570 3635 3632 τὰς
3662 3570 3781 3620 ἀντι-

2235 3656 2431 3721 δόσεις,
2457 3659 2684 3724 εἰκότως
2710 3661 2854 3715 οθτω
2884 3664 2978 3716 καὶ
3011 3667 3116 3734 πρὸ
3141 3665 3243 3735 τῆς
3283 3665 3473 3734 κοινῆς
3503 3660 3780 3731 συμφορίς.

2236 3749 2371 3818 πρὸς
2396 3747 2669 3805 ὂνέπόθει
2707 3753 2916 3824 Κύριον
2947 3756 3313 3827 ἐξεδήμησεν.
3348 3759 3424 3810 Οὐ
3469 3755 3572 3824 γάρ
3602 3753 3780 3804 δίκαιον

2235 3839 2396 3893 τοῦτο
2435 3843 2588 3912 παρά
2617 3845 2737 3916 Θεῷ
2767 3846 3010 3918 κέκριτο,
3043 3849 3307 3902 τοιούτων
3342 3849 3434 3902 ἶνα
3465 3844 3644 3900 κακῶν
3686 3841 3780 3892 πεῖ-

2241 3947 2340 3999 ραν
2364 3933 2465 4002 σχῇ
2485 3937 2582 3989 καὶ
2611 3939 2922 4009 κοινωνήσῃ
2948 3939 3056 3991 τῶν
3083 3940 3217 3993 τσων
3240 3941 3374 4011 ἡμῖν
3391 3956 3404 3970 ·
3427 3938 3670 4007 ἀνόμοιος
3691 3929 3776 3999 γάρ

2235 4015 2306 4090 ἦν
2334 4024 2444 4084 τοῖς
2477 4024 2659 4088 ἄλλοις
2697 4027 2725 4079 ὁ
2774 4027 2889 4097 βίος
2923 4031 3134 4084 ἐκείνου
3171 4035 3268 4086 καὶ
3315 4027 3702 4098 ἐξηλλαγμέναι
3730 4021 3774 4072 αἱ

2237 4113 2438 4181 τρίσοι,
2468 4115 2529 4168 τὸ
2559 4118 2909 4186 Σολομῶντος
2940 4123 3136 4177 εἰπεῖν.
3177 4123 3372 4193 Ἡμεῖς
3401 4121 3457 4175 δὲ
3487 4117 3669 4176 κακίας
3697 4113 3774 4178 γέ·

2243 4219 2434 4272 μοντες
2465 4207 2624 4271 ὅλως,
2652 4210 2748 4263 καὶ
2779 4210 2958 4265 ὀπίσω
2985 4213 3096 4266 τῶν
3124 4212 3528 4283 ἐνθυμημάτων
3555 4207 3645 4272 τῆς
3665 4216 3774 4266 καῖ’·

2236 4302 2350 4366 δίας
2375 4305 2530 4374 ἡμῶν
2559 4305 2657 4373 τῆς
2684 4306 2952 4374 πονηρᾶς,
3001 4304 3162 4358 τοῦτο
3203 4307 3269 4378 δὴ
3297 4307 3361 4360 τὸ
3393 4301 3487 4356 τοῦ
3506 4289 3771 4368 Ἰερεμίου.

2239 4385 2621 4465 πορευόμενοι,
2657 4396 2752 4450 καὶ
2779 4397 2923 4448 κατὰ
2947 4396 3039 4449 τὸν
3066 4398 3234 4450 πάλαι
3277 4391 3580 4466 γογγυσταὶ
3603 4381 3771 4450 τυ“ίχά’

2240 4505 2424 4550 νοντες
2467 4486 2716 4558 Ἰσραὴλ,
2749 4488 2889 4540 κατὰ
2927 4491 3025 4556 τὴν
3053 4489 3335 4558 ἡμετέραν
3360 4481 3645 4552 ἐπιθυμίαν
3665 4479 3772 4527 ἀπε·

571 4603 717 4653 mur,
771 4598 825 4644 et
848 4587 945 4641 tali
1001 4587 1122 4642 viro
1151 4587 1410 4642 orbamur
1443 4587 1534 4657 qui
1585 4585 1734 4642 solus
1767 4585 2128 4642 alﬁiclissimis

2251 4579 2438 4633 λαύειν
2469 4580 2618 4656 ὅπως
2648 4580 2747 4634 οὐκ
2780 4579 2995 4650 ἔχωμεν
3022 4583 3131 4634 τῶν
3178 4580 3538 4651 πραγμάτων,
3579 4565 3768 4657 δικαίως

571 4679 724 4736 hisee
751 4680 1090 4750 temporibus
1121 4679 1172 4733 in
1204 4679 1367 4733 tantis
1393 4693 1572 4732 rerum
1609 4677 2022 4732 discriminibus
2052 4693 2142 4733 so-

569 4773 756 4827 latium
804 4781 1164 4835 remanserat,
1197 4784 1386 4824 ontnes
1439 4771 1706 4838 siquidem
1737 4783 1860 4822 eum
1891 4771 1966 4822 uti
1995 4769 2136 4822 vita-

570 4865 674 4918 lem
713 4863 766 4918 in
819 4863 981 4918 nobis
1035 4861 1356 4916 facultatem
1415 4861 1806 4929 reputabamus
1837 4900 1852 4925 ,
1882 4860 2140 4929 illiusque

576 4968 805 5011 mortem
893 4954 1274 5009 tantummodo
1329 4953 1974 5008 ducebantus‘atlversus
2041 4966 2141 5006 "05

570 5049 888 5118 justissima:
921 5049 1155 5102 numinis
1187 5045 1491 5116 punitionis
1531 5044 1844 5099 exordium.
1883 5042 1997 5099 lloc
2047 5059 2141 5098 eos

579 5141 1222 5210 retlarguitapertissitne
1257 5139 1344 5206 qui
1388 5139 1604 5207 indigna
1636 5138 1781 5191 dicta
1813 5139 1866 5191 in
1902 5151 2023 5191 eum
2060 5138 2141 5191 in-

572 5242 768 5302 gerunt
798 5242 853 5287 et
893 5232 1120 5286 infamia
1159 5233 1416 5294 buerant,
1441 5229 1587 5299 quod
1621 5230 1992 5300 proditionem
2029 5245 2135 5282 non

571 5321 830 5384 suaserit,
861 5330 916 5375 et
937 5323 1080 5390 quod
1107 5335 1204 5375 eos
1233 5319 1469 5390 prepriis
1502 5318 1770 5383 consiliis,
1797 5319 1960 5372 altius
1985 5319 2143 5388 quid-

570 5414 714 5483 piam
746 5413 1063 5474 meditatus,
1092 5411 1214 5478 jure
1275 5412 1616 5480 t-epresserit.
1646 5409 1852 5481 Opinor
1886 5409 2138 5479 equidvm

574 5516 695 5572 ego,
717 5517 840 5556 cum
878 5501 1038 5555 vellet
1071 5501 1214 5555 Deus
1241 5510 1298 5554 ut
1329 5501 1584 5555 omnibus
1617 5501 1984 5556 innotesceret
2017 5501 2141 5569 quis

578 5596 660 5648 vir
683 5595 772 5648 ille
792 5607 949 5646 sacer
974 5603 1120 5646 esset
1152 5603 1203 5646 et
1238 5607 1466 5661 quorum
1497 5591 1711 5661 dignus,
1745 5593 1836 5660 qui
1879 5606 2004 5644 vero
2041 5607 2140 5643 nos

572 5697 627 5740 et
679 5684 878 5754 quibus
928 5685 1108 5753 poenis
1153 5683 1398 5747 obnoxii,
1479 5683 1679 5749 quibus
1721 5684 1955 5738 miseriis
1994 5683 2142 5750 jnste

574 5776 948 5833 cxcrtteiandi,
995 5775 1046 5827 id
1098 5783 1316 5843 prepter
1351 5791 1435 5829 res
1462 5777 1750 5844 utriusque
1776 5776 1824 5828 in
1854 5791 1965 5828 rcm
2003 5776 2143 5829 utri-

573 5883 678 5939 que
701 5869 1054 5936 disposuisse.

2243 4671 2386 4726 οὕτω
2407 4673 2772 4742 πεπράγαμεν
2797 4671 3232 4741 δυστυχέστατα,
3256 4674 3352 4728 καὶ
3376 4669 3560 4725 τούτου
3580 4656 3768 4724 τάνδρδῖ

2245 4762 2612 4835 ἐστερήμεθα,
2647 4763 2809 4830 μόνου
2846 4765 3290 4833 περιλειφθέντος
3316 4767 3372 4818 ἐν
3395 4759 3639 4816 τοιούτοις
3667 4764 3766 4801 και·

2251 4856 2362 4925 ροῖς
2396 4857 2490 4908 καὶ
2511 4855 2790 4918 τοσούτοις
2818 4855 3062 4926 ἀνιαροῖς
3093 4859 3172 4921 είς
3203 4853 3565 4928 παραμύθιον.
3598 4845 3765 4899 Πάντες

2246 4947 2354 5015 γὰρ
2385 4946 2572 5017 ὥσπερ
2605 4948 2726 5000 τινὰ
2751 4948 2981 5017 δύναμιν
3019 4947 3258 5020 ζωτικὴν
3305 4935 3363 5002 ἐν
3396 4947 3519 5016 ἡμῖν
3553 4931 3762 5004 ὲνομίξοο

2249 5055 2350 5108 μιν
2386 5037 2610 5110 τοῦτον,
2653 5042 2745 5092 καὶ
2782 5041 2883 5112 τὴν
2924 5043 3178 5110 τελευτὴν
3222 5043 3432 5097 ἐκείνου
3479 5033 3630 5105 μηδὲν
3659 5023 3764 5078 ἄλλο

2246 5131 2488 5201 νομίζειν
2519 5131 2740 5201 εἴχομεν
2771 5134 2925 5201 ἢτῆς
2960 5134 3042 5202 ἐφ’
3075 5137 3220 5205 ἡμᾶς
3252 5133 3345 5189 τοῦ
3373 5127 3503 5184 Θεοῦ
3532 5113 3758 5178 δικαιοτάο

2246 5239 2348 5292 της
2375 5223 2626 5286 παιδείας
2668 5218 2780 5278 οἷον
2823 5226 3132 5298 προοίμιον.
3181 5226 3349 5280 Τοῦτο
3393 5223 3496 5276 τῶν
3525 5205 3760 5298 κατειπεῖν

2249 5315 2541 5386 ᾑρημένων
2564 5316 2774 5368 ἐκείνου
2802 5296 3138 5385 σατφέστατος
3161 5319 3398 5388 ἐλεγχος,
3428 5311 3516 5366 καὶ
3540 5304 3648 5363 τοὺς
3669 5296 3755 5388 ὸδξσ

2247 5406 2368 5458 κίαν
2392 5406 2514 5459 κατ’
2537 5407 2744 5459 ἐκείνου
2773 5407 3072 5468 λαλοῦντας
3112 5409 3195 5463 ὅτι
3235 5411 3308 5480 μὴ
3340 5399 3612 5475 προδοσίαν
3635 5394 3747 5442 ἐσκε-

2245 5497 2406 5568 ψατον
2447 5498 2581 5568 μηδὲ
2605 5498 2712 5551 τῶν
2743 5500 2894 5568 σφίσι
2927 5501 3228 5554 δοκούντων
3259 5500 3520 5554 συνιέντας
3569 5480 3744 5579 βαθῦῖε·

2251 5607 2364 5658 ρον,
2416 5589 2637 5652 ἐνδίκως
2683 5591 3050 5660 ἐπιστομίζει.
3105 5590 3276 5661 Οἶμαι
3313 5591 3414 5658 γὰρ
3460 5580 3578 5650 ἐγὼ,
3621 5572 3755 5657 δεῖξλξ

2248 5681 2526 5750 βουληθεὶς
2556 5685 2581 5734 ὁ
2615 5679 2747 5744 Θεὸς
2779 5677 2890 5745 οἶος
2933 5683 3031 5751 μὲν
3071 5685 3099 5736 ὁ
3152 5685 3294 5749 ἱερὸς
3322 5680 3513 5747 ἐκεῖνος
3532 5664 3650 5730 ἀνὴρ

2246 5772 2408 5823 τίνων
2437 5771 2587 5834 ἄξιος
2613 5767 2702 5841 ἦν,
2733 5767 2832 5824 οἷοι
2863 5771 2907 5825 δ’
2952 5773 3114 5841 ἡμεῖς
3139 5774 3236 5825 κα)⁴
3266 5772 3410 5829 τίνας
3471 5750 3740 5821 εὶσπρηίλὛ

2247 5883 2334 5917 ναι
2379 5865 2532 5925 δίκας
2562 5863 2760 5915 δίκαιοι
2789 5859 2950 5933 ἦμεν,
2982 5863 3069 5915 διὰ
3099 5863 3259 5915 τοῦτο
3285 5863 3346 5914 τὰ
3397 5848 3513 5909 καθ’
3536 5844 3750 5902 ézatif'?”

2255 5958 2418 6027 μέρος
2451 5955 2620 6017 οὕτως
2647 5956 2966 6026 ᾠκονόμηαε
2998 5956 3401 6027 συμφερόντως.
