3990 6550
223 382 362 446 593

1281 392 1378 451 DE
1422 391 1738 454 EXCIDIO
1772 391 2061 455 TUESSA
2075 395 2503 456 LONICENSI.

3397 389 3500 454 594

313 502 384 558 δ’.
425 503 630 558 Τούτου
666 503 759 559 οὖν
786 505 879 559 τοῦ
911 506 1104 570 δεινοῦ,
1143 509 1241 577 τῆς
1289 511 1552 577 τελευτῆς
1606 513 1820 566 ἐκείνου

2002 514 2057 568 4.
2086 517 2275 583 Itaque
2302 526 2410 568 tam
2437 515 2554 568 diro
2584 514 2748 576 malo,
2773 512 2922 566 obitu
2957 525 3150 580 nempe
3185 510 3352 575 illius,
3406 526 3504 564 cae-

215 601 418 668 φημὶ,
453 594 908 670 προστεθειμένον
937 605 1048 664 τοῖς
1080 602 1280 665 ἄλλοις,
1315 607 1408 656 καὶ
1455 594 1675 658 πάντων
1711 606 1820 658 τῶν

217 690 300 742 ὲν
339 692 409 760 τῇ
446 690 618 752 πόλει,
669 691 878 761 ἀνδρῶν
910 692 1190 759 γυναικῶν
1222 692 1429 746 παίδων
1480 693 1727 747 Λατίνων
1761 709 1820 745 τε

217 783 345 834 καὶ
397 784 578 835 αὐτῶν
621 784 912 844 Ἰουδαίων,
951 786 1202 849 ἐλεεινῶς
1248 786 1384 856 πρδς
1417 786 1682 854 ἀλλήλους
1709 785 1822 838 διο-

227 873 576 942 μιλούντων,
607 876 704 928 καὶ
726 875 793 926 τὰ
817 875 916 944 μὲν
940 875 1053 929 ἀλλ’
1075 877 1175 929 ὅσα
1201 877 1426 938 τούτους
1457 875 1640 939 ἐπίεζε
1670 874 1824 944 δηλο-

220 967 364 1016 νότι
395 969 462 1033 τῇ
499 965 636 1036 λήθῃ
666 968 1174 1035 παραπεμπόντων,
1225 969 1326 1038 τὴν
1359 967 1453 1020 toﬁ
1490 969 1747 1036 ποιμένος
1770 967 1825 1020 δέ

229 1057 516 1124 στέρησιν
556 1058 649 1109 ἐπὶ
693 1057 820 1109 νοῦν
851 1058 1242 1127 λαμσανόντων
1286 1062 1383 1113 καὶ
1413 1061 1658 1130 συνεχῶς
1692 1077 1826 1130 προ-

227 1148 557 1217 φερόντων,
585 1149 684 1218 τῆς
717 1149 816 1202 τοῦ
858 1149 995 1203 Θεοῦ
1022 1168 1081 1203 τε
1121 1150 1398 1214 παιδείας,
1443 1153 1520 1213 ὡς
1551 1152 1824 1220 προῦφην,

229 1243 488 1309 καὶτῆς
540 1241 916 1312 γεγενημένης
973 1241 1226 1307 ἁλώσεως
1276 1244 1373 1298 καὶ
1402 1245 1676 1314 λεγόντων
1734 1261 1831 1314 ση-

238 1334 417 1401 μεῖον
465 1332 623 1385 τοῦτο
672 1333 765 1384 καὶ
795 1332 1187 1398 πιστευόντων,
1217 1364 1284 1376 —-
1318 1333 1492 1397 οὕτως
1525 1330 1618 1388 οὖν
1649 1334 1832 1387 διατεο

237 1423 491 1484 θέντων,
534 1424 628 1476 καὶ
654 1423 838 1490 ὀλίγου
866 1423 930 1493 δή
968 1441 1114 1488 τινος
1143 1427 1203 1477 ἐν
1227 1423 1304 1494 τῷ
1337 1424 1544 1494 μεταξὺ
1587 1424 1832 1495 παρελη-

234 1515 487 1579 λυθότος
509 1513 604 1567 τοῦ
635 1516 855 1586 χρόνου,
886 1518 1067 1586 χεῖρον
1095 1515 1128 1584 ἢ
1159 1517 1431 1586 πρότερον
1455 1517 1580 1585 ἔσχε
1608 1517 1678 1570 τὰ
1700 1517 1838 1586 πρά-

235 1626 473 1677 γματα,
525 1609 619 1662 καὶ
664 1606 927 1677 σύγχυσις
962 1607 1266 1677 πανταχοῦ,
1298 1609 1497 1663 ’ἄλλων
1549 1609 1682 1661 ἄλλα
1714 1609 1837 1678 βου-

237 1701 570 1771 λευομένων
598 1701 691 1754 καὶ
716 1703 882 1770 μηδέν
910 1704 969 1756 ἐν
986 1701 1171 1771 ταυτῷ
1199 1700 1477 1754 συνελθεῖν
1501 1701 1834 1770 δυναμένων·

241 1796 359 1847 καὶ
399 1793 785 1864 παραπλήσιόν
842 1811 895 1846 τι
947 1795 1063 1855 τοῖς
1117 1793 1214 1846 ἐπὶ
1249 1793 1377 1861 νηὸς
1430 1793 1839 1862 χειμαζομένης

243 1889 278 1939 ὲ
294 1886 603 1955 πάσχομεν,
625 1886 754 1938 ὅταν
778 1887 807 1938 ὁ
838 1884 1183 1955 κυϐερνήτης
1205 1887 1319 1955 ἀπῇ
1343 1899 1358 1914 '
1391 1885 1569 1938 πάντα
1593 1885 1700 1953 γάρ
1728 1885 1844 1937 ἐκεῖ

243 1997 329 2032 τα
341 1981 512 2048 ράχου
549 1978 741 2049 μεστά,
769 1980 863 2033 καὶ⁵
887 1980 918 2047 ἠ
949 1978 1083 2042 ναῦς
1115 1979 1216 2031 οὐκ
1246 1977 1444 2048 ἔχουσα
1472 1977 1566 2031 τὸν
1593 1977 1843 2030 ἰθύνοντα

243 2074 387 2134 ταῖς
418 2071 526 2122 τῶν
550 2071 766 2140 ἀνέμων
805 2069 948 2143 θίαις
971 2069 1068 2124 τοῦ
1108 2071 1296 2139 πρόσω
1318 2071 1520 2139 χωρεῖν
1549 2069 1844 2130 ἀκινδύνως

247 2163 327 2215 οὐ
360 2165 747 2231 συγχωρεῖται.
771 2161 893 2216 τῶν
922 2160 1022 2231 μὲν
1050 2159 1142 2214 οὖν
1163 2161 1230 2231 δὴ
1254 2160 1520 2214 πλειόνων
1557 2162 1847 2230 δυσχεραι-

250 2256 473 2326 νόντων
506 2256 588 2308 ὅτι
619 2255 694 2326 μὴ
727 2255 909 2322 σφίσιν
936 2252 1065 2324 ἐξῆν
1094 2251 1389 2320 προδοῦναι
1423 2251 1524 2324 τὴν
1545 2253 1704 2306 πόλιν
1733 2254 1846 2316 τοῖς

250 2347 828 2416 Τούρκοις,δεδιότων
860 2346 992 2409 ῐσως
1019 2345 1048 2398 δ
1073 2345 1297 2413 γέγονεν
1332 2347 1588 2416 ὕστερον,
1611 2344 1844 2415 ἄγγελος

248 2437 370 2513 ἧκε
405 2441 496 2492 τδν
545 2439 842 2509 Μουράτην
887 2437 976 2507 ἐφ’
1023 2437 1170 2507 ἡμᾶς
1223 2437 1544 2506 κεκινῆσθαι
1597 2437 1840 2504 μηνύων,

253 2533 528 2585 πλεῖστον
559 2532 684 2584 ὅσον
716 2528 966 2600 στρατὸν.
991 2527 1418 2598 συναγείραντα,
1464 2527 1560 2579 καὶ
1586 2527 1675 2581 διὰ
1705 2529 1841 2580 πάν-

253 2641 386 2678 των
435 2622 614 2686 καλῶς
645 2621 1186 2692 παρεσκευασμένον.
1222 2621 1347 2679 Τοῖς
1383 2621 1484 2688 μὲν
1515 2616 1608 2674 οὖν
1652 2619 1846 2673 δεκτέα

256 2732 398 2777 πως
429 2714 606 2780 ἐδοξεν
651 2715 685 2783 ή
720 2713 949 2780 ἀγγελία
979 2711 1075 2764 καὶ
1111 2709 1348 2781 πιθανὴ,
1377 2712 1492 2772 τοῖς
1516 2709 1574 2762 δὲ
1609 2709 1706 2780 μὴ,
1753 2711 1848 2763 καὶ

264 2809 519 2880 μάλιστα
561 2807 833 2868 Λατίνοις,
863 2807 972 2859 είτε
1007 2804 1407 2874 μεγαλοψυχεῖν
1442 2803 1850 2873 προσποιουμέ-

257 2920 412 2963 νοις,
435 2903 542 2954 εἴτε
581 2902 779 2969 πεῖραν
803 2898 905 2970 ούκ
938 2898 1195 2967 ἐσχηκόσι
1235 2896 1345 2949 τῶν
1372 2895 1653 2965 Τούρκων,
1681 2888 1724 2962 ᾧ
1755 2896 1850 2950 καὶ

268 2992 486 3064 μᾶλλον
516 2990 692 3058 ἔγωγε
724 2990 1006 3058 πείθομαι.
1041 2987 1210 3042 Πόθεν
1243 2987 1354 3058 γάρ
1395 2986 1605 3055 εῐδησις
1634 2987 1848 3048 τούτοις

266 3089 335 3140 ἐν
371 3085 612 3153 θαλάττῃ
643 3083 739 3135 καὶ
765 3081 1130 3149 γεννωμένοις
1162 3081 1259 3134 καὶ
1307 3080 1388 3141 είς
1417 3079 1601 3148 γῆρας
1630 3080 1851 3133 διαιτω-

1925 607 2054 661 teris
2079 608 2379 672 adnexo,et
2399 605 2718 659 omnibusin
2741 605 2959 658 civitate
2983 603 3133 664 viris,
3156 601 3500 662 mulieribus,

1924 697 2128 764 pueris,
2157 694 2635 760 Latinis,Judaeis
2681 709 2896 763 quoque
2927 693 3081 760 ipsis,
3135 691 3500 745 miserandum

1925 789 1978 843 in
2010 787 2224 842 modum
2253 803 2558 842 sermonem
2583 786 3012 847 conferentibus,
3043 795 3094 838 et
3124 783 3326 850 reliqua
3376 798 3463 836 om
3483 814 3497 822 -

1925 879 2012 934 nia
2037 896 2156 949 qure
2209 894 2304 935 eos
2333 890 2442 932 tom
2473 877 2778 946 aﬂligebant
2812 891 2841 930 e
2868 875 3129 930 memoria
3175 874 3499 944 deponentio
3566 859 3576 872 ’

1927 972 2048 1036 bus,
2082 973 2313 1043 pastoris
2341 973 2471 1028 tanti
2502 971 2854 1040 privationem
2884 971 2938 1024 in
2965 977 3197 1024 mentem
3250 982 3511 1021 revocan-

1931 1064 2073 1118 tibus
2103 1077 2157 1119 et
2203 1067 2402 1134 saepius
2443 1061 2848 1133 proferentibus
2902 1057 3407 1126 asserentibosque,
3446 1065 3513 1109 ut

1927 1157 2038 1227 jam
2061 1158 2231 1222 innoi,
2263 1167 2317 1212 et
2341 1173 2445 1211 non
2472 1168 2675 1211 temere
2691 1153 3045 1210 credentibus
3071 1151 3330 1205 iudicium
3368 1149 3505 1203 illud

1931 1265 2053 1306 esse
2082 1259 2136 1305 et
2165 1250 2356 1322 divina:
2388 1248 2684 1319 punitiouis
2713 1257 2765 1302 et
2792 1244 3092 1300 subsecuti‘
3117 1241 3314 1296 excidii
3341 1258 3354 1306 ;
3377 1240 3507 1303 hoc,

1934 1343 2178 1412 inquam,
2199 1351 2340 1398 statu
2374 1356 2580 1404 rerum,
2603 1353 2724 1394 cum
2754 1339 3023 1392 modicum
3057 1344 3272 1404 tempus
3296 1333 3518 1388 interim

1934 1434 2316 1504 processisset,
2349 1433 2402 1486 in
2422 1431 2574 1502 pejus
2598 1445 2760 1500 quam
2785 1437 2943 1483 antea
2970 1441 3129 1482 ruere
3153 1424 3362 1487 omnia,
3393 1439 3515 1476 ma-

1937 1540 2040 1598 gna
2063 1525 2309 1581 confusio
2333 1524 2546 1577 animos
2571 1534 2864 1589 occupare,
2896 1533 3020 1571 cum
3051 1515 3157 1571 alia
3181 1515 3272 1570 alii
3317 1515 3516 1569 decer-

1940 1628 2140 1674 nerent
2175 1632 2276 1672 nec
2309 1624 2532 1686 possent
2561 1614 2614 1668 in
2648 1627 2808 1666 unam
2839 1618 3162 1668 sententiam
3183 1606 3475 1663 convenire
3505 1646 3520 1670 ,

1941 1725 2149 1781 nosque
2173 1709 2283 1764 illis
2300 1707 2390 1778 qui
2419 1706 2478 1762 in
2497 1706 2618 1761 navi
2641 1704 2886 1762 adversis
2909 1700 3330 1769 tempestatibus
3354 1707 3521 1752 utun-

3565 1026 3576 1066 i

1945 1813 2033 1859 tur
2061 1817 2184 1857 cum
2215 1801 2545 1872 gubernator
2573 1798 2748 1862 abest,
2779 1810 2887 1850 non
2920 1791 3221 1856 absimiles,
3250 1789 3414 1844 variis
3435 1803 3525 1842 re-
3566 1789 3576 1800 ‘

1949 1911 2066 1951 rum
2095 1893 2346 1949 ﬂuctibus
2367 1891 2590 1963 jactari.
2621 1889 2874 1957 Namque
2901 1887 2975 1940 lbi
3006 1885 3186 1942 omnia
3233 1893 3362 1939 sunt
3411 1891 3530 1935 tur-

1945 1989 2138 2044 barum
2165 1987 2348 2057 plena,
2379 1995 2435 2042 et
2462 1984 2641 2049 navis,
2673 1982 2906 2053 spoliata
2938 1989 3154 2036 rectore
3179 1992 3244 2032 ac
3269 1977 3320 2031 vi
3338 1985 3530 2031 vento-

1945 2095 2066 2135 rum
2093 2091 2357 2134 concussa
2383 2077 2491 2131 iter
2515 2088 2672 2129 suum
2707 2072 3027 2126 continuare
3081 2066 3284 2137 absque
3335 2066 3531 2120 discri-

1946 2173 2093 2227 mine
2119 2186 2229 2225 non
2265 2167 2617 2239 permittitur.
2650 2164 2787 2220 Cum
2819 2177 2948 2234 ergo
2969 2160 3216 2232 plerique
3233 2173 3379 2229 aegre
3407 2157 3525 2211 fcr-

1949 2273 2069 2320 rent
2094 2278 2197 2318 non
2220 2259 2448 2316 concedi
2469 2259 2573 2315 sibi
2599 2257 2794 2313 Turcis
2818 2256 3008 2310 urbem
3031 2253 3246 2315 dedere,
3277 2258 3530 2307 eventum

1947 2352 2294 2426 postmodum
2321 2357 2572 2406 secutum
2590 2349 3096 2419 perhorrescentes,
3119 2341 3343 2398 nuntius
3367 2341 3534 2396 adve-

1950 2447 2032 2501 nit
2057 2445 2318 2501 Moratem
2350 2443 2613 2498 adversus
2643 2454 2743 2495 nos
2765 2439 2872 2494 iter
2896 2450 3204 2506 capessere,
3231 2433 3528 2503 quamplu-

1950 2541 2106 2595 rimis
2132 2537 2307 2609 copiis
2329 2545 2383 2592 et
2414 2537 2577 2591 rebus
2593 2533 2716 2590 aliis
2738 2531 2989 2587 omnibus
3021 2527 3529 2584 instructissimum.

1949 2631 2180 2700 Quidam
2211 2609 2401 2686 nuntio
2427 2629 2584 2684 ﬁdem
2619 2641 2740 2682 esse
2777 2622 3140 2679 adhibendam
3185 2621 3373 2675 dicunt
3400 2635 3416 2681 :
3443 2633 3537 2673 ne-

1951 2735 2083 2795 gant
2115 2725 2232 2788 alii,
2267 2734 2322 2778 et
2349 2721 2526 2776 Latini
2579 2719 2946 2790 potissimum,
3002 2716 3117 2770 sive
3174 2711 3535 2782 magnanimi-

1952 2827 2119 2872 tatem
2156 2815 2504 2879 simulantes,
2533 2815 2648 2868 sive
2678 2810 3000 2873 Torcarum,
3031 2805 3176 2879 quod
3215 2802 3533 2859 credibilius

1949 2910 2185 2970 videtur,
2221 2907 2513 2975 inexperti.
2539 2903 2787 2972 Namque
2817 2901 2960 2956 unde
2986 2901 3116 2965 illis,
3149 2898 3203 2952 in
3265 2897 3402 2951 mari
3441 2910 3535 2965 ge-

1952 3000 2084 3054 nitis
2133 3009 2189 3054 et
2215 2999 2412 3053 ultimo
2440 2997 2602 3053 etiam
2638 2994 2815 3050 aetatis
2845 3001 3088 3061 tempore
3111 2991 3276 3046 vitam
3321 2987 3534 3057 agenti-

1952 3089 2076 3154 bus,
2109 3104 2210 3145 nec
2245 3104 2351 3144 non
2377 3089 2443 3142 ad
2471 3086 2759 3142 conﬂictus
2787 3093 2842 3140 et
2869 3087 3097 3154 pugnas,
3149 3082 3348 3152 quibus
3396 3077 3538 3133 Tur-

274 3181 492 3248 μένοις,
541 3175 675 3245 πρὸς
713 3171 1032 3242 συμπλοκάς
1081 3188 1140 3223 τε
1169 3171 1263 3224 καὶ
1302 3171 1506 3240 μάχας.
1537 3164 1624 3232 αἷς
1649 3171 1708 3224 τὸ
1735 3169 1843 3222 τῶν

1955 3198 2130 3240 carum
2146 3197 2276 3252 gens
2294 3181 2484 3245 utitur,
2513 3180 2733 3249 ineptis,
2758 3191 2858 3233 nec
2875 3175 3184 3231 valentibus
3201 3187 3328 3228 cum
3375 3159 3540 3228 trire-°

270 3270 542 3340 Τούρκων
570 3265 836 3336 κέχρηται
878 3264 1055 3332 γένος,
1103 3261 1320 3332 ἔχουσιν
1355 3261 1458 3315 οὐκ
1502 3259 1846 3329 ἐπιτηδείως,

273 3364 380 3416 καὶ
417 3360 548 3430 μηδέ
591 3358 906 3426 δυναμένοις
955 3356 988 3425 ἢ
1043 3354 1131 3408 διά
1178 3352 1424 3424 τριηρῶν
1472 3351 1730 3406 ἀπελθεῖν
1776 3351 1857 3414 είς

275 3455 606 3524 ὑπερορίαν,
649 3452 790 3523 ἡνίκ’
813 3451 880 3503 ἂν
915 3449 1010 3502 καὶ
1037 3447 1168 3501 ἔνθα
1199 3447 1520 3517 βούλοιντο;
1560 3444 1755 3515 μικρὸν
1797 3444 1859 3496 τὸ
1905 3472 1907 3474 -

277 3546 518 3621 μεταξὺ,
553 3546 647 3598 καὶ
695 3542 860 3595 πάλιν
903 3541 1089 3610 ἕτερος
1123 3538 1375 3606 ἄγγελος,
1409 3536 1587 3590 ταυτά
1615 3535 1692 3604 τῷ
1724 3551 1860 3606 προ-

275 3643 431 3711 τέρῳ
461 3639 554 3693 καὶ
584 3637 744 3699 αὐτὸς
778 3633 1137 3702 διαγγέλλων,
1163 3631 1405 3692 καὶτοὺς
1451 3629 1642 3696 λόγους
1675 3630 1860 3697 ὅρκοις

280 3729 653 3799 πιστούμενος
706 3725 1034 3795 ἀσφαλέσιν,
1085 3723 1170 3792 ἐφ’
1211 3717 1294 3785 οἷς
1349 3721 1688 3791 ἐπείσθημεν
1759 3723 1856 3790 μὲν

279 3825 475 3893 ἡμεῖς,
525 3820 693 3890 μηδὲν
740 3817 866 3872 ἀλλο
905 3814 1038 3886 παρ’
1061 3814 1195 3868 αὐτὸ
1228 3813 1639 3884 προσδοκῶντες
1684 3812 1863 3883 (τοῦτο

281 3918 399 3986 γὰρ
428 3916 457 3965 ό
483 3911 748 3980 πολυετὴς
787 3910 936 3979 ἡμᾶς
964 3907 1212 3960 ἐδίδασκε
1256 3905 1624 3976 συγκλεισμδς
1653 3905 1744 3957 καὶ
1792 3905 1863 3956 τὰ

283 4002 640 4077 πράγματα),
678 4000 1008 4067 ἐπείσθησαν
1055 3999 1114 4051 δέ
1144 4000 1242 4051 καὶ
1285 3997 1530 4058 Λατῖνοι,
1579 3996 1674 4048 καὶ
1725 3994 1864 4065 πρδς

283 4097 649 4168 παρασκευὴν
682 4093 792 4147 δεῖν
817 4089 964 4155 εδοξε
990 4089 1203 4153 τούτοις
1232 4086 1617 4156 διεγηγέρθαι.

365 4194 428 4241 ε’.
461 4189 568 4242 Καὶ
593 4185 656 4256 δὴ
679 4184 895 4255 πρῶτον
933 4183 1055 4252 μὲν,
1077 4177 1250 4250 οὗπερ
1297 4179 1534 4249 ἧρξαντο
1598 4177 1867 4248 πρότερον

287 4283 478 4349 ἔργου,
512 4278 644 4348 πρὸς
673 4275 952 4328 τελείωσιν
973 4273 1397 4342 σπουδαιότερον
1425 4271 1765 4340 διετέθησαν.
1793 4270 1867 4323 Τὸ

288 4371 337 4426 δ’
365 4367 431 4440 ἦν
462 4370 494 4437 ἡ
524 4369 652 4438 περὶ
678 4367 775 4430 τὰς
806 4364 1064 4429 ἐπάλξεις
1116 4365 1296 4418 αὐτῶν
1315 4364 1626 4433 ἐπιμέλεια.
1657 4360 1867 4432 Μικρὸν

289 4461 406 4532 γάρ
441 4459 674 4530 πρόσθεν
702 4458 790 4511 διά
821 4457 1098 4526 φροντίδος
1135 4456 1334 4523 πολλῆς
1358 4454 1734 4523 πεποιήκεσαν
1768 4453 1866 4514 τὰς

293 4553 551 4617 ἐπάλξεις
579 4551 673 4604 τοῦ
697 4552 908 4619 τείχους
946 4549 1146 4611 παντὸς
1196 4545 1494 4618 διαφράξαι
1531 4547 1760 4606 σανίσιν,
1790 4543 1868 4607 ὡς

225 4661 232 4668 “
295 4653 356 4702 ἐν
397 4647 628 4709 ἀσπίσι,
668 4646 795 4706 τοὺς
835 4644 934 4713 μὲν
982 4641 1088 4709 ἔξω
1122 4643 1420 4710 πολεμίους
1466 4637 1868 4708 ἀπειργούσαις

295 4740 389 4793 τοῦ
429 4739 608 4806 βέλεσι
634 4736 956 4806 τιτρώσκειν
983 4735 1108 4796 τοὺς
1135 4733 1280 4786 ἔνδον
1309 4733 1511 4802 δεῆσαν
1559 4729 1864 4799 προκῦψαι,

295 4835 411 4892 τοῖς
444 4830 486 4882 δ’
512 4829 732 4881 ἐπὶτῶν
758 4826 953 4896 τειχῶν
983 4825 1290 4893 ἱσταμένοις
1327 4822 1525 4891 πολλὴν
1559 4821 1657 4892 τὴν
1685 4820 1869 4874 ἄδειαν

300 4923 672 4995 παρεχούσαις
722 4921 945 4990 ἀφανῶς
987 4918 1156 4982 λίθοις
1204 4917 1412 4972 ἀνωθεν
1473 4915 1692 4984 βάλλειν
1742 4914 1870 4975 τοὺς

301 5017 553 5074 ἐπιόντας
603 5013 695 5064 καὶ
744 5013 819 5080 τῷ
855 5008 1214 5080 προστυχόντι
1263 5008 1428 5060 παντὶ
1488 5005 1868 5076 προσπελάσαι

301 5111 412 5169 τοῖς
455 5106 661 5175 τείχεσι
697 5102 1081 5174 βουληθέντας.
1122 5101 1354 5152 Ἔπειτα
1389 5099 1448 5152 δὲ
1487 5099 1598 5151 δεῖν
1630 5095 1874 5166 ἀριθμῆ-

308 5215 394 5251 σαι
416 5199 538 5256 τοὺς
588 5197 790 5263 ἀνδρας
829 5193 1093 5265 ᾠήθησαν
1143 5193 1237 5245 καὶ
1268 5192 1612 5259 καταμαθεῖν
1640 5191 1688 5242 εί
1731 5187 1872 5256 πρὸς

306 5291 400 5351 τὰς
433 5289 524 5341 τοῦ
549 5288 672 5342 ὅλου
699 5288 911 5357 τείχους
935 5286 1191 5351 ἐπάλξεις
1222 5285 1319 5337 καὶ
1347 5285 1441 5337 τὸν
1463 5283 1753 5354 περίϐολον
1779 5279 1871 5333 τὸν

309 5382 438 5450 πρὸς
461 5383 690 5452 ἤπειρον
718 5381 1033 5452 ἐξαρκοῦσι.
1077 5380 1185 5432 Καὶ
1215 5379 1281 5448 δὴ
1313 5381 1506 5448 στῆναι
1535 5380 1742 5439 πάντας
1781 5378 1872 5428 ἐπὶ

308 5475 413 5524 τῶν
459 5475 656 5544 τειχῶν
697 5473 815 5544 μεθ’
864 5471 939 5526 ὢν
991 5468 1138 5543 εἶχεν
1189 5472 1422 5532 ἕκαστος
1482 5468 1872 5536 ἐπιτρέπουσιν

310 5565 502 5627 ὅπλων,
527 5565 602 5628 ὡς
622 5565 688 5619 ἂν
707 5567 800 5619 καὶ
825 5567 1107 5637 μάρτυρας
1127 5564 1252 5622 τοὺς
1277 5563 1441 5623 ἰδίους
1459 5561 1655 5630 ἔχωσιν
1675 5558 1874 5626 ὀφθαλ-

317 5657 465 5725 μούς.
499 5650 575 5710 Οὗ
606 5657 671 5728 δὴ
703 5659 990 5727 γεγονότος
1036 5654 1105 5728 ἦν
1139 5657 1266 5710 ίδεῖν
1321 5653 1417 5707 ἐπὶ
1443 5652 1539 5706 δύο
1585 5651 1680 5704 καὶ
1723 5654 1871 5720 τρεῖς

313 5749 557 5814 ἐπάλξεις
611 5749 710 5803 ἕνα
767 5751 936 5821 ἀνδρα
989 5749 1300 5817 ἱστάμενον,
1352 5745 1445 5797 καὶ
1497 5741 1704 5795 τούτων
1745 5741 1873 5804 τοὺς

315 5840 525 5904 πλείους
583 5842 714 5912 μήθ’
743 5843 882 5897 ὅπλα
919 5842 1286 5913 κεκτημένους
1341 5835 1726 5910 (προανάλωσε
1769 5835 1878 5906 γὰρ

1963 3276 2139 3331 mibus
2168 3274 2274 3328 alio
2294 3281 2450 3328 extra
2482 3287 2612 3326 suos
2649 3270 2805 3334 lines,
2831 3281 2889 3323 ut
2917 3267 3025 3324 illis
3047 3265 3356 3328 allubescit,
3375 3265 3534 3319 diva-

1960 3366 2100 3438 gari,
2131 3366 2373 3435 cognitio
2427 3364 2636 3419 venerit
2657 3363 2680 3416 ‘l
2701 3362 2957 3434 exiguum
3000 3361 3136 3414 abiit
3197 3366 3422 3428 tempus
3444 3397 3458 3421 ,
3485 3364 3541 3410 et

1963 3469 2152 3511 rursus
2179 3455 2315 3512 alios
2340 3454 2560 3508 nuntius
2585 3453 2773 3507 eadem
2804 3467 2925 3520 qua:
2987 3449 3197 3520 primus
3225 3447 3537 3511 denuntiat,

1961 3557 2015 3604 et
2038 3546 2396 3615 jurejurando
2416 3546 2574 3600 tidem
2593 3543 2776 3614 alligat
2800 3557 2955 3598 suam
2984 3557 3003 3606 ;
3033 3555 3142 3610 quo
3162 3555 3261 3594 nos
3280 3540 3530 3609 persuasi

1963 3651 2173 3701 sumus,
2194 3635 2327 3690 nihil
2347 3634 2492 3688 aliud
2512 3641 2894 3704 exspectantes
2920 3648 2936 3686 :
2963 3633 3067 3686 boc
3081 3621 3226 3686 enim
3248 3629 3419 3684 nostri
3443 3643 3541 3697 per
3560 3651 3567 3666 π

1965 3719 2163 3783 multos
2191 3741 2365 3781 annos
2397 3727 2448 3781 in
2489 3735 2773 3796 angustum
2829 3723 3134 3780 contractio
3166 3735 3361 3790 resque
3407 3721 3542 3789 ipsae

1963 3820 2287 3876 clamabant.
2319 3817 2615 3873 Credidere
2636 3826 2693 3870 et
2719 3815 2897 3870 Latini
2926 3833 2941 3883 ;
2977 3815 3263 3885 visumque
3295 3825 3377 3869 cst
3400 3812 3533 3879 illis,

1965 3909 2196 3965 sollicite
2224 3906 2532 3963 necessaria
2587 3917 2916 3976 praeparare.

1978 4244 1982 4248 ‘
2038 4178 2091 4233 5.
2126 4178 2189 4233 Et
2223 4175 2461 4248 primum
2493 4173 2736 4244 quidem,
2777 4173 2920 4243 quod
2948 4180 3104 4227 antea
3151 4169 3543 4226 inchoaveram

1966 4286 2123 4341 opus,
2152 4268 2676 4340 propugnaculorum
2727 4267 2990 4320 duntaxat
3035 4279 3221 4319 curam
3277 4263 3542 4333 perlicere

1969 4365 2295 4420 concitatius
2323 4361 2655 4416 animantur.
2683 4358 2851 4414 Paulo
2873 4359 3016 4412 enim
3045 4366 3170 4412 ante
3184 4370 3398 4411 summo
3418 4371 3538 4407 cum

1969 4458 2151 4512 labore
2186 4472 2250 4510 ac
2286 4454 2455 4508 nimio
2479 4467 2642 4523 opere
2659 4460 2989 4507 accuraront
3016 4459 3073 4503 ut
3105 4464 3384 4503 murorum
3415 4463 3543 4516 pra-

1974 4546 2294 4616 pugnacula.
2323 4544 2569 4598 atlinsmr
2600 4551 2903 4602 scutorum,
2955 4539 3151 4594 tabulis
3195 4538 3539 4599 obserarent,

1969 4652 2089 4707 qua:
2121 4636 2356 4689 advenas
2375 4635 2560 4686 hostes
2583 4632 2907 4700 impedirent
2937 4644 3000 4682 ne
3029 4629 3240 4696 sagittis
3296 4628 3464 4694 cives,
3497 4627 3542 4679 si

1971 4729 2189 4796 quando
2218 4741 2354 4794 opus
2383 4731 2530 4779 esset
2549 4723 2728 4789 capite
2753 4735 3056 4790 emergere,
3083 4721 3455 4780 vulnerarent,
3477 4719 3543 4770 iis

1971 4831 2147 4875 autem
2179 4821 2271 4887 qui
2298 4816 2468 4871 muris
2495 4816 2810 4869 insisterent
2830 4811 3139 4866 facultatem
3161 4809 3379 4862 uberem
3400 4807 3562 4882 fat-eo,

1974 4924 2093 4966 rent
2121 4911 2259 4964 clam
2287 4924 2318 4965 e
2351 4906 2617 4977 superiori
2646 4915 2794 4973 parte
2825 4903 2970 4958 saxis
2995 4901 3345 4956 advenientes
3369 4901 3548 4968 impe-

1976 5014 2112 5067 tere,
2151 5001 2504 5068 admotosqne
2529 5000 2594 5051 ad
2617 5011 2800 5051 muros
2818 4995 2980 5050 obvio
3009 5007 3222 5062 quoque
3259 4991 3539 5060 repellere.

1972 5095 2176 5150 Deinde
2199 5090 2564 5146 numerandos
2579 5101 2701 5141 esse
2721 5089 2865 5138 viros
2890 5084 3213 5146 decernunt,
3240 5093 3299 5136 ut
3329 5082 3544 5136 discant

1975 5206 2042 5244 an
2069 5187 2132 5239 ad
2151 5183 2330 5241 omnia
2351 5197 2628 5236 murorum
2649 5175 3050 5249 propugnacula
3079 5185 3134 5229 et
3160 5175 3451 5230 circuitum
3472 5176 3564 5230 ad‘

1979 5281 2368 5336 mediterranea
2400 5282 2708 5343 vergentem
2744 5270 3007 5326 solliciant
3033 5283 3048 5333 ;
3083 5277 3135 5320 et
3167 5267 3247 5322 sic
3279 5267 3539 5321 omnesiu

1978 5375 2170 5436 muris,
2201 5368 2313 5426 suis
2339 5379 2607 5438 quemque
2642 5363 2812 5416 armis
2843 5362 3198 5424 instructum,
3230 5371 3378 5414 stare
3433 5357 3543 5411 im-

1976 5473 2192 5533 perant,
2225 5471 2279 5513 Ill
2308 5463 2374 5513 ad
2395 5457 2448 5512 id
2481 5454 2709 5509 testibus
2739 5453 2974 5522 propriis
3011 5452 3182 5507 oculis
3238 5459 3546 5506 uterentur.

1977 5554 2098 5620 Quo
2128 5553 2272 5607 facto
2291 5546 2728 5617 coospiciebatur
2751 5545 2800 5597 in
2820 5543 3030 5599 duobus
3060 5555 3116 5599 et
3140 5545 3313 5598 tribus
3345 5557 3548 5612 propu-

1977 5644 2224 5716 gnaculis
2247 5657 2386 5696 unus
2411 5646 2655 5702 tantum;
2697 5649 2998 5705 eorumque
3026 5637 3201 5706 potior
3231 5651 3354 5703 pars
3369 5647 3548 5700 neque

1980 5755 2126 5792 arma
2161 5738 2512 5807 gerere,'qu:e
2530 5737 2816 5800 paupertas
2829 5730 3226 5799 absumpserat,
3251 5742 3422 5795 neque
3442 5741 3542 5792 pn-

1978 5848 2092 5902 gua-
2119 5840 2209 5885 aut
2241 5827 2514 5891 conﬂictui
2546 5833 2665 5895 apta
2696 5842 2710 5891 ;
2745 5824 2960 5879 aSsitlua
2979 5839 3212 5892 namque
3232 5820 3369 5875 mala
3390 5818 3546 5874 etvi-
