3990 6586
371 388 470 455 3.99

368 619 446 665 ms
497 603 799 661 alteriusve
848 611 1278 671 iusimulatores.
1328 617 1562 677 Ubinam
1611 628 1781 682 eratis
1811 643 1931 693 vos,

369 708 489 746 cum
516 694 627 752 haec
658 695 897 756 Murates
920 703 1181 760 oli‘erebat
1202 707 1226 761 ?
1247 708 1436 766 Nonne
1461 711 1514 767 in
1546 715 1702 780 urbe,
1737 725 1790 771 et
1835 734 1933 775 ve-

366 786 495 839 stris
529 801 592 841 ea
632 790 856 847 auribus
872 795 1219 863 usurpastis?
1249 798 1363 863 Qua
1398 800 1564 871 igitur
1597 806 1809 861 ratione
1839 822 1931 863 ρος

367 874 552 941 gitatis
585 882 668 933 usi
706 895 809 936 non
837 884 974 939 estis
998 884 1021 939 ἲ
1050 885 1253 953 Quare,
1283 888 1353 947 de
1382 893 1578 960 quibus
1610 894 1746 953 alios
1773 896 1930 954 ineu-

366 967 503 1022 satis
550 971 691 1037 qttod
724 988 831 1028 non
880 976 1131 1046 fecerint,
1166 995 1262 1035 vos
1308 983 1439 1051 ipsi,
1472 987 1759 1041 occasione
1800 1004 1929 1059 pre-

366 1070 548 1118 mente
593 1074 648 1119 et
696 1067 846 1122 nullo
891 1069 1242 1139 impediente,
1282 1090 1391 1131 non
1440 1078 1745 1147 perfecistis
1763 1081 1928 1140 Hum

366 1155 512 1209 enim
555 1156 733 1214 nullus
766 1172 954 1230 pastor
991 1172 1106 1220 erat
1139 1166 1401 1237 (namque
1428 1179 1557 1227 ante
1585 1187 1679 1228 sex
1714 1189 1930 1231 menses

364 1245 509 1302 inter
544 1250 696 1307 vivos
718 1267 840 1310 esse
861 1254 1144 1329 desierat),
1176 1276 1275 1316 nec
1301 1262 1435 1316 dira:
1464 1279 1637 1335 neque
1663 1266 1788 1336 alia,
1811 1282 1931 1337 quae

364 1356 461 1392 vos
483 1347 778 1399 recensetis
808 1357 862 1401 et
892 1362 988 1415 per
1006 1350 1203 1420 digitos
1228 1365 1418 1409 exacte
1437 1359 1759 1414 numeratis.
1790 1362 1930 1426 Quid

364 1436 531 1505 igitur
553 1438 707 1493 vobis
734 1439 1117 1509 impedimento
1146 1445 1267 1511 fuit,
1292 1457 1385 1501 aut
1416 1449 1570 1518 cujus
1598 1466 1736 1521 opus
1763 1469 1930 1509 even-

365 1528 492 1582 tus?
519 1528 751 1599 Nullius,
782 1535 1008 1603 quilibet
1052 1541 1405 1607 respondebit
1433 1542 1519 1611 pie
1554 1559 1666 1599 rem
1704 1560 1929 1617 compu-

363 1631 510 1687 laus,
540 1639 705 1693 quam
746 1636 950 1682 nostrae
990 1630 1383 1699 improbitatis,
1411 1648 1530 1703 quae
1555 1636 1622 1690 ab
1651 1637 1929 1695 iracundia

366 1713 601 1770 liberum
636 1716 802 1772 Deum
836 1720 891 1774 in
941 1721 1276 1776 iracundiam
1316 1726 1504 1790 movit,
1553 1736 1607 1780 et
1650 1730 1718 1783 ad
1759 1730 1932 1785 nostri

364 1807 730 1875 puuitionem,
775 1812 867 1880 qui
902 1812 1210 1870 incorrecte
1242 1817 1498 1884 labimur,
1539 1822 1821 1887 excitavit,
1871 1833 1930 1878 ut

363 1900 433 1951 ad
466 1903 832 1972 nosmetipsos
868 1905 1158 1963 redeuntes
1210 1911 1264 1965 in
1313 1922 1593 1981 posterum
1632 1915 1930 1985 sapiamus.

363 1990 525 2055 Quod
557 1992 602 2046 si
635 1994 760 2063 quis
787 2004 1039 2053 anteacta
1091 2007 1335 2070 tempora
1371 2017 1807 2062 commemorans
1836 2009 1938 2064 ite-

364 2100 484 2139 rum
525 2087 681 2144 nobls
728 2100 986 2161 opponat,
1026 2101 1081 2147 et
1128 2097 1336 2163 pastori
1384 2112 1603 2153 causam
1652 2101 1929 2172 appingat,

363 2180 456 2246 qni
504 2181 704 2235 dedere
758 2198 817 2238 se
867 2186 1197 2253 volentibus,
1252 2190 1524 2244 sententia
1572 2192 1735 2246 etiam
1784 2193 1931 2260 data,

366 2275 720 2343 contradixit,
763 2277 1085 2334 insanientis
1121 2280 1475 2349 cogitationes
1524 2285 1771 2353 suscipit.
1817 2286 1935 2340 Pri-

369 2380 519 2419 mum
566 2368 707 2421 enim
758 2383 862 2424 non
897 2370 1124 2426 addecet
1160 2373 1475 2443 pontiﬁcem
1514 2390 1696 2431 rerum
1738 2378 1936 2433 milita-

370 2460 511 2511 rium
548 2473 700 2524 cura,
729 2462 949 2516 ethunc
977 2463 1193 2533 quidem
1221 2472 1575 2533 tyrannorum
1611 2482 1763 2523 more
1785 2471 1936 2537 prin-

372 2550 554 2617 cipztltt
581 2551 803 2620 pellere,
837 2553 985 2608 illum
1012 2564 1198 2610 contra
1232 2556 1285 2610 in
1306 2557 1706 2627 possessionem
1732 2560 1937 2615 immit-

374 2652 510 2705 tere,
529 2653 578 2696 et
605 2645 964 2701 mutationum
988 2660 1051 2702 ac
1078 2647 1305 2704 caedium
1329 2663 1432 2705 nec
1452 2666 1559 2705 non
1585 2651 1929 2717 damnorum,

367 2750 510 2803 quas,
552 2736 677 2789 dtnn
706 2752 890 2793 rerum
928 2748 1104 2796 status
1134 2742 1481 2809 immutatur,
1515 2744 1792 2809 eveniunt,
1831 2760 1932 2799 au-

368 2836 576 2879 ctorem
612 2842 733 2882 esse
768 2845 782 2881 :
831 2844 1004 2900 neque
1032 2832 1174 2886 enim
1212 2834 1325 2900 ipse
1360 2835 1411 2887 in
1447 2838 1813 2905 tyrannicum,
1837 2836 1931 2891 sed

368 2920 421 2971 in
453 2922 807 2986 sacerdotale,
839 2932 893 2976 et
942 2924 1086 2978 mitis
1136 2924 1372 2991 Domini,
1408 2934 1462 2981 et
1491 2928 1580 2997 qui
1612 2943 1797 2997 pacem
1836 2928 1933 2984 de-

368 3011 707 3078 praedicavit,
739 3013 899 3082 cujus
920 3015 1165 3083 vestigiis
1192 3017 1443 3073 insistere
1474 3021 1651 3073 modis
1678 3020 1931 3075 omnibus

368 3113 423 3154 et
459 3104 604 3158 dicta
644 3104 891 3175 factaque
919 3109 1070 3177 sequi
1106 3109 1288 3178 debet,
1319 3113 1511 3165 solium
1555 3122 1926 3182 promovetur.

1553 417 1877 481 JUANNIS
1921 426 2390 493 ANAGNOST/E

418 509 538 563 Sed
570 525 691 564 cum
723 512 825 569 huc
852 521 1215 589 pervenerim,
1248 524 1433 592 paucis
1464 534 1800 601 compellabo
1831 537 1928 592 ltu-
1959 544 2001 597 Α
2054 559 2062 565 ’

3484 451 3598 512 (κισ

2116 542 2255 593 Ἀλλ’
2284 547 2514 600 ἐνταῦθα
2550 550 2746 618 μικρὸν
2777 551 3047 621 ἐρήσομαι
3083 553 3204 617 τοὺς
3233 559 3608 627 κατηγοροῦν·
3664 590 3665 593 η

2034 650 2133 693 τας
2176 636 2269 688 τοῦ
2310 636 2478 701 δεῖνος
2517 640 2613 693 καὶ
2651 641 2749 711 τῆς
2788 642 2979 707 δεῖνος.
3015 645 3124 699 Ποῦ
3166 646 3288 700 ποθ’
3322 649 3481 716 ὑμεῖς
3505 646 3607 720 ἦτε

2033 725 2117 777 ὅθ’
2158 727 2185 778 ὁ
2233 727 2532 800 Μουράτης
2579 732 2646 784 τὰ
2694 733 2919 787 τοιαῦτα
2953 736 3263 806 ὑπέσχετο;
3309 739 3411 792 οὐκ
3442 741 3501 793 ἐν
3540 744 3605 812 τῇ

2033 817 2210 882 πόλει,
2234 820 2324 871 καὶ
2357 821 2621 891 αὐτήκοοι
2647 823 2757 876 τῶν
2784 828 3245 896 κηρυττομένων;
3278 830 3395 893 πῶς
3422 830 3458 884 ἃ
3488 832 3603 884 διε-

2033 906 2268 971 νοεῖσθε,
2292 909 2393 963 οὒκ
2423 911 2505 973 εἰς
2529 910 2705 981 πέρας
2735 913 3011 983 ἠγάγετες
3042 915 3160 978 πῶς
3180 915 3273 969 οὖν
3302 918 3402 970 οὐκ
3433 919 3606 988 ὲΧρίΓ

2035 1000 2199 1051 σασθε
2228 998 2306 1062 τῷ
2338 998 2627 1071 λογισμῷς
2663 1002 2779 1066 πῶς
2804 1003 2840 1058 ἃ
2874 1003 2983 1057 τῶν
3012 1004 3188 1061 ἄλλων
3242 1010 3604 1076 κατηγορεῖτε

2035 1088 2110 1157 μὴ
2147 1091 2528 1160 πεπραχότων,
2564 1093 2722 1162 ὑμεῖς
2776 1095 2875 1147 οὐκ
2924 1095 3231 1166 ἐπράξατε,
3255 1096 3451 1166 καιροῦ
3499 1115 3604 1150 κα-

2030 1174 2256 1241 λοῦντος
2295 1181 2391 1233 καὶ
2428 1181 2540 1236 τῶν
2572 1184 2952 1253 ἀπειργόντων
2982 1187 3083 1238 οὐκ
3111 1185 3312 1251 ὅντωνς
3342 1188 3471 1240 τότε
3492 1188 3607 1255 γάρ

2032 1271 2239 1340 ποιμὴν
2270 1272 2368 1326 οὐκ
2405 1269 2471 1343 ἦν
2511 1274 2710 1344 (μῆνας
2762 1276 2871 1342 γὰρ
2922 1271 3070 1346 εἶχεν
3120 1277 3181 1342 ἐξ
3220 1280 3510 1347 γενόμενος
3546 1280 3612 1343 ἐξ

2031 1361 2359 1433 ἀνθρώπων)
2408 1366 2529 1417 οὐδὲ
2563 1367 2715 1436 ἀραὶ,
2763 1367 2876 1419 οὐδ’
2906 1369 2984 1420 ὂσ’
3033 1367 3178 1436 ἕτερ’
3209 1369 3607 1438 ἁπαριθμεῖτε.

2034 1452 2102 1506 Τί
2126 1453 2309 1505 λοιπὸν
2339 1455 2401 1507 τὸ
2449 1456 2700 1509 κωλῦσαν
2729 1458 2871 1528 ὑμᾶς
2901 1454 3007 1529 ἧνς
3042 1460 3074 1529 ἦ
3108 1461 3256 1522 τίνος
3302 1462 3462 1527 ἔργον
3504 1462 3607 1514 ὅσα

2037 1544 2387 1614 συμϐέϐηκεν
2417 1563 2431 1611 ;
2468 1547 2714 1613 Οὐδενὸς,
2736 1550 2843 1612 πᾶς
2869 1567 2951 1613 τις
2991 1551 3057 1605 ἂν
3084 1552 3226 1604 ετποι
3258 1551 3611 1619 λογιζόμενος

2030 1635 2296 1698 εὐσεϐῶς.
2325 1637 2355 1706 ἢ
2385 1639 2481 1706 τῆς
2510 1639 2670 1706 ἡμῶν
2700 1641 2979 1710 ἁμαρτίας
3013 1642 3247 1695 ἑκάστου
3273 1643 3362 1694 τὸν
3398 1644 3607 1712 ἀόργη-

2034 1743 2126 1777 τον
2165 1727 2245 1789 εἰς
2274 1728 2445 1796 ὀργὴν
2489 1730 2614 1782 καθ’
2641 1732 2799 1800 ἡμῶν
2836 1732 3157 1801 κινησάσης,
3189 1735 3438 1787 παιδείαν
3467 1736 3606 1804 ἡμῖν

2034 1818 2355 1885 ἐπενεγκεῖν
2396 1821 2678 1873 πταίουσιν
2725 1822 3052 1891 ἀδιόρθωτα,
3089 1826 3173 1878 ἵνα
3226 1826 3356 1894 γοῦν
3395 1827 3609 1878 ἑαυτῶν

2034 1910 2321 1979 γενόμενοι
2350 1912 2561 1963 καὶτοῦ
2595 1912 2786 1966 λοιποῦ
2819 1917 3286 1986 σωφρονήσωμεν.
3332 1918 3393 1969 Ei
3434 1919 3490 1972 δέ
3525 1934 3612 1979 τις

2033 2002 2145 2055 τῶν
2186 2006 2316 2071 πρὶν
2371 2003 2845 2072 ἀπομνημονεύων
2894 2009 3101 2075 χρόνων
3136 2009 3230 2059 καὶ
3280 2007 3443 2061 πάλιν
3474 2010 3611 2075 ἡμῖν

2034 2088 2314 2161 ἀντιλέγῃ,
2359 2091 2453 2143 καὶ
2498 2093 2575 2161 τῷ
2610 2094 2830 2161 ποιμένι
2881 2093 2979 2163 τὴν
3033 2096 3215 2148 αἰτίαν
3260 2098 3465 2167 ἐπάγῃ,
3494 2101 3614 2160 τοῖς

2035 2182 2390 2251 προδεδόσθαι
2412 2182 2661 2236 ἐθέλουσι
2688 2184 2763 2254 μὴ
2789 2185 2857 2238 τὰ
2884 2186 2974 2240 ῖσα
3000 2188 3331 2255 φρονήσαντι
3361 2189 3456 2241 καὶ
3482 2189 3609 2257 βου-

2032 2272 2373 2343 λευσαμένῳ,
2413 2277 2741 2343 μεμηνότος,
2777 2273 2954 2346 οίμαι,
2991 2280 3251 2349 κέκτηται
3282 2280 3610 2350 λογισμούς.

2036 2365 2261 2433 Πρῶτον
2302 2367 2401 2433 μὲν
2451 2368 2559 2435 γὰρ
2608 2368 2668 2419 οὐ
2704 2368 2797 2421 τοῦ
2847 2370 3129 2439 σχήματος
3167 2372 3262 2425 τοῦ
3304 2375 3616 2444 ἀρχιερέως

2037 2457 2421 2526 στρατηγικῶν
2455 2460 2801 2527 πραγμάτιον
2829 2461 3356 2531 ἀντιλαμϐάνεσθαι,
3395 2467 3488 2517 καὶ
3519 2468 3615 2518 τὸν

2037 2545 2135 2613 μὲν
2162 2545 2498 2616 τυραννικῶς
2527 2547 2748 2613 ἐξωθεῖν
2779 2551 2879 2618 τῆς
2912 2555 3113 2623 ἀρχῆς,
3140 2555 3233 2607 τὸν
3262 2556 3319 2608 δέ
3351 2556 3612 2611 ἀντεισά-

2034 2653 2175 2701 γειν,
2205 2639 2298 2690 καὶ
2324 2641 2671 2709 πραγμάτων
2701 2642 2796 2693 καὶ
2824 2644 2988 2710 φόνου
3009 2646 3104 2698 καὶ
3133 2644 3370 2715 ζημιῶν,
3402 2648 3614 2699 τούτων

2033 2731 2095 2800 δὴ
2119 2732 2231 2784 τῶν
2260 2733 2318 2783 ἐν
2339 2734 2460 2793 ταῖς
2487 2732 2809 2801 ἐναλλαγαῖς
2830 2736 2941 2788 τῶν
2964 2737 3148 2806 ἀρχῶν
3174 2740 3608 2807 συμϐαινόντων,

2035 2820 2211 2874 αἴτιον
2236 2821 2570 2879 δείκνυσθαι.
2605 2825 2681 2878 Οὐ
2714 2827 2823 2896 γὰρ
2867 2828 2959 2881 ἐπὶ
3012 2828 3201 2900 θρόνον
3244 2831 3407 2883 αὑτὸν
3452 2834 3616 2885 καθί-

2035 2913 2190 2974 ζουσι
2240 2916 2589 2984 τυραννικὸν,
2638 2917 2754 2970 ἁλλ’
2795 2920 2890 2973 ἐπὶ
2929 2920 3119 2991 θρόνον
3169 2925 3461 2994 ἱερατικὸν,
3512 2928 3612 2981 καὶ

2035 3007 2316 3059 Δεσπότου
2351 3009 2557 3075 πραέος
2592 3010 2688 3063 καὶ
2738 3012 2961 3084 εἰρήνην
2988 3014 3320 3082 διδάξαντος.
3372 3020 3479 3071 Καὶ
3528 3019 3617 3071 δεῖ

2036 3096 2229 3151 τοῦτον
2260 3102 2326 3153 ἐκ
2352 3102 2554 3165 παντὸς
2583 3104 2788 3175 τρόπου
2822 3107 3132 3175 μιμεῖσθαι,
3168 3109 3261 3161 καὶ
3301 3110 3477 3178 λόγοις
3510 3113 3609 3165 ἐ...

364 3193 631 3264 Deinceps
661 3197 787 3266 quid
819 3196 907 3253 ille
936 3199 1155 3254 molitus
1186 3202 1311 3256 est?
1340 3205 1420 3256 An
1454 3203 1597 3272 quod
1630 3205 1682 3257 in
1720 3206 1926 3273 legibus

2041 3191 2134 3242 καὶ
2168 3191 2506 3262 πράγμασιν.
2535 3195 2835 3251 Ἔπειτα...
2868 3198 3007 3269 ὅπερ
3042 3199 3341 3271 εἰργαστος
3382 3204 3461 3256 ὄτι
3493 3207 3614 3266 τοῖς

366 3288 570 3342 divinis
599 3289 895 3359 perdurare
929 3293 1339 3359 adhortabatur,
1381 3309 1485 3349 non
1520 3310 1551 3349 a
1598 3296 1932 3366 principibus

364 3377 799 3442 tleSt-iscendum,
833 3394 969 3448 quos
986 3381 1149 3435 veluti
1185 3398 1213 3433 a
1246 3382 1356 3437 Deo
1390 3395 1665 3453 prometos
1693 3398 1929 3438 exoscu-

364 3470 579 3524 landum
604 3487 722 3527 esse
753 3472 1024 3528 docebat?
1051 3473 1113 3528 Et
1137 3483 1313 3529 tamen
1338 3476 1388 3530 in
1417 3476 1544 3545 quid
1575 3475 1719 3529 aliud
1752 3474 1824 3530 illi
1853 3476 1935 3530 in-

360 3564 720 3618 cumbendum
774 3575 913 3624 erat,
936 3566 1023 3619 cui
1076 3565 1380 3621 mortalium
1427 3567 1620 3621 animas
1643 3582 1737 3636 per
1765 3565 1934 3621 Deum

361 3666 518 3708 crant
542 3655 865 3711 concreditae
885 3658 909 3710 τ
931 3657 1283 3712 Nihilominus
1315 3658 1423 3724 ille,
1441 3658 1542 3713 hoc
1566 3657 1728 3713 modo
1756 3658 1937 3727 dispo-

362 3743 648 3810 situsJere
675 3746 898 3816 singulis
924 3748 1079 3801 annis
1111 3748 1179 3802 ab
1199 3748 1332 3804 urbe
1361 3750 1617 3804 recedere
1651 3751 1858 3804 volebat
1882 3760 1936 3803 et

364 3836 416 3888 in
454 3836 685 3902 patriam
717 3840 1090 3904 reverti,lorte
1121 3849 1180 3894 ut
1211 3855 1306 3895 nos
1326 3851 1505 3896 nostra
1532 3856 1928 3896 accuraremus.

367 3924 474 3979 Sed
513 3944 686 3998 neque
720 3930 817 3983 bac
855 3932 1064 3985 ratione
1109 3932 1249 3999 passi
1280 3933 1435 3987 estis.
1480 3932 1557 3986 lta
1586 3941 1767 3987 mente
1795 3947 1925 3988 non-

364 4022 497 4073 nulli
531 4022 735 4088 prasditi
766 4033 933 4090 _sunt,
981 4039 1101 4092 qua:
1146 4039 1269 4078 cum
1302 4024 1545 4091 quolibet
1576 4025 1929 4079 mutationem

365 4114 633 4168 subeunte
683 4129 804 4169 sese
840 4116 1088 4169 immutat
1133 4127 1187 4170 ct
1223 4119 1411 4171 variat.
1453 4117 1557 4171 Sed
1609 4117 1703 4185 qui
1728 4116 1925 4171 similia

364 4204 668 4269 proferunt,
720 4206 983 4260 rationem
1022 4208 1205 4261 animo
1236 4210 1458 4276 agitent,
1512 4224 1617 4277 qua
1651 4222 1713 4261 ea
1760 4222 1930 4262 euutt-

365 4298 542 4363 liam;
575 4312 674 4351 nos
709 4314 835 4353 vero
882 4301 948 4352 ad
983 4298 1317 4370 propositum
1359 4308 1717 4354 revertamur.

2042 3280 2136 3333 τοῦ
2175 3282 2310 3336 Θεοῦ
2361 3284 2549 3352 νόμοις
2595 3286 2858 3356 ἐμμένειν
2905 3290 3158 3361 παρῄνει.
3204 3296 3295 3348 καὶ
3328 3294 3424 3364 τὴν
3455 3296 3616 3347 εὐσέ-

2042 3375 2198 3427 ϐειαν
2233 3377 2582 3432 συνεϐούλευε
2635 3382 2711 3450 μὴ
2761 3383 3067 3453 προέσθαι;
3122 3387 3204 3440 ὅτι
3254 3388 3327 3458 μὴ
3378 3388 3618 3453 κατεξα-

2044 3465 2328 3519 νὲστασθαι
2356 3466 2466 3521 τῶν
2496 3470 2796 3539 ἀρχόντων,
2839 3473 2975 3526 ἀλλὰ
3016 3474 3241 3538 τούτους
3268 3479 3343 3539 ὼς
3386 3480 3447 3530 ἐκ
3473 3478 3616 3530 Θεοῦ

2044 3557 2451 3627 πριϐληθέντας
2500 3562 2752 3615 ἐδίδασκε
2789 3564 3074 3634 στέργειν;
3121 3568 3216 3619 καὶ
3267 3568 3321 3620 τί
3370 3584 3433 3634 γε
3478 3568 3618 3621 ἄλλο

2044 3650 2323 3721 προσῆκεν
2352 3653 2563 3723 ἐκείνῳ,
2598 3655 2775 3725 ψυχὰς
2804 3658 3110 3730 ἀνθρώπων
3147 3660 3282 3730 πρὸς
3318 3659 3453 3713 Θεοῦ
3484 3677 3619 3712 πισ-

2041 3743 2286 3796 τευθέντι
2308 3762 2321 3809 ;
2343 3744 2541 3815 Ὅμως
2560 3747 2769 3811 ἐκεῖνος
2796 3750 2890 3802 καὶ
2912 3748 3085 3813 οὕτως
3113 3750 3250 3820 ἔχων
3270 3752 3351 3818 ἐφ’
3376 3752 3614 3805 ἑκάστου

2042 3832 2229 3903 σχεδὸν
2264 3833 2421 3898 ἔτους
2464 3836 2619 3906 ἠξίου
2677 3839 2775 3908 τὴν
2820 3839 2975 3891 πόλιν
3016 3842 3303 3894 ἀπολιπεῖν
3337 3844 3431 3893 καὶ
3470 3844 3615 3911 προς

2039 3926 2138 3995 τὴν
2162 3927 2535 3998 ἐνεγκαμένην
2558 3929 2838 3997 γενέσθαι,
2874 3931 3003 3995 ἴσως
3030 3932 3098 3984 ἵν’
3125 3934 3286 4000 ἡμεῖς
3313 3933 3454 4004 ὑπὲρ
3477 3936 3614 3986 ἐαυ-

2038 4016 2148 4068 τῶν
2179 4018 2571 4088 φροντίσωμεν.
2611 4020 2752 4073 Ἀλλ’
2778 4021 2887 4073 οὐδ’
2918 4022 3087 4085 οὕτως
3115 4023 3421 4093 ἠνείχεσθε.
3449 4023 3613 4079 Οὕτω

2039 4108 2267 4177 γνώμης
2321 4109 2467 4181 τινὲς
2519 4114 2892 4181 τετυχήκεσαν
2947 4114 3085 4185 πρὸς
3145 4118 3255 4169 πᾶν
3312 4116 3488 4170 ὁτιοῦν
3544 4118 3612 4170 τὸ

2040 4199 2272 4267 τρεπτὸν
2314 4201 2655 4271 κεκτημένης
2702 4205 2795 4255 καὶ
2849 4205 3446 4275 συμμεταϐαλλομένης
3494 4208 3617 4267 τοῖς

2041 4292 2252 4358 καιροῖς
2280 4292 2367 4342 καὶ
2392 4294 2501 4353 τοῖς
2532 4293 2877 4363 πράγμασιν.
2917 4295 3061 4347 Ἀλλ’
3083 4298 3132 4347 οἰ
3165 4298 3263 4366 μὲν
3287 4297 3352 4349 τὰ
3383 4295 3620 4350 τοιαῦτα.

2042 4382 2220 4448 λέγειν
2261 4382 2575 4453 ὁρμώμενοι
2616 4385 2927 4454 λογίσαιντό
2968 4404 3169 4442 ποτε...
3211 4390 3373 4459 ἡμεῖς
3410 4388 3469 4441 δέ
3498 4388 3616 4444 τῶν

2045 4475 2421 4543 προκειμένων
2441 4476 2696 4545 ἐχόμεθα.

438 4567 491 4618 tl.
543 4564 678 4621 Cum
730 4581 858 4621 vero
908 4567 1011 4623 alia
1048 4582 1210 4638 atque
1241 4570 1344 4624 alia
1397 4572 1535 4633 vice,
1590 4568 1732 4639 quod
1766 4582 1927 4638 supra

2114 4566 2180 4621 θ’.
2218 4565 2440 4633 Πρῶτον
2474 4567 2568 4618 καὶ⁵
2612 4566 2867 4639 δεύτερον
2902 4571 2930 4623 ό
2968 4568 3266 4640 Μουράτης
3306 4571 3613 4641 πεπραχὼς

368 4663 941 4726 ρηιιιιηεηιοῐονίιιιιιε,
979 4665 1221 4719 Murates
1274 4664 1597 4734 peregisset,
1642 4663 1933 4731 missisque

373 4773 494 4809 rum
525 4756 738 4826 sagittis
776 4759 830 4810 in
866 4757 1057 4811 urbem
1089 4757 1335 4825 plurimis
1372 4754 1590 4817 litteris,
1629 4755 1840 4818 eadem,
1881 4764 1936 4809 et

374 4851 536 4904 simili
564 4850 941 4921 jurejurando,
968 4850 1408 4905 denuntiantibns
1431 4862 1493 4902 ac
1516 4846 1934 4909 stabilientibus,

371 4945 503 4997 niltil
557 4946 847 5011 proliceret
878 4942 1076 5013 (neque
1109 4943 1252 4996 enim
1289 4940 1515 4994 facultas
1548 4948 1664 4993 erat
1704 4938 1937 5003 civibus,

368 5037 585 5093 etiamsi
620 5037 947 5101 voluissent,
978 5034 1320 5097 Latinorum,
1355 5042 1411 5085 ct
1432 5034 1743 5101 prazdonum
1767 5030 1937 5101 potis-

365 5132 566 5184 sivnutn
600 5129 923 5183 adstantium
949 5125 1476 5194 custodientiumque
1505 5132 1673 5187 metu,
1699 5136 1791 5175 sua
1815 5136 1940 5175 sen-

377 5224 548 5277 tentia
583 5222 849 5291 intrepide
875 5222 998 5288 uti),
1036 5220 1101 5273 ad
1138 5220 1333 5272 bellum
1382 5218 1581 5272 invitus
1608 5215 1934 5283 accingitur,

348 5344 351 5345 ν
380 5332 483 5369 non
529 5324 736 5368 tantum
770 5313 1110 5367 contumacia
1140 5321 1302 5381 atque
1330 5310 1677 5365 contentione
1722 5307 1938 5361 inhabi-

378 5410 615 5463 tantium
645 5417 824 5462 motus
845 5414 1103 5475 quantum
1131 5403 1436 5457 istiusmodi
1467 5412 1745 5454 successu.
1772 5397 1938 5452 Navis

374 5512 596 5569 repente
626 5498 937 5567 comparuit
959 5496 1174 5559 Latina,
1211 5494 1480 5547 frumento
1500 5499 1715 5553 onusta,
1747 5490 1813 5542 ad
1845 5503 1939 5541 ur-

368 5592 491 5644 bum
554 5591 788 5661 indigam
823 5589 1178 5656 adnaviguns.
1215 5585 1406 5637 Statim
1440 5592 1601 5651 atque
1632 5597 1749 5635 eam
1779 5581 1934 5646 vidit,

373 5684 687 5753 suspicatur
732 5683 916 5751 copias
945 5681 1238 5735 auxiliares
1269 5684 1322 5730 et
1350 5692 1503 5731 arma
1531 5690 1627 5744 pro
1657 5673 1939 5728 bellatori-

374 5774 478 5827 bus
525 5773 689 5837 vclti;
724 5773 896 5841 deque
928 5770 1153 5824 victoria
1204 5767 1415 5831 dubius,
1464 5767 1507 5820 si
1538 5766 1938 5820 commilitones

376 5869 877 5930 introduccrcntur,
934 5863 1057 5919 tatis
1101 5861 1403 5916 conandum
1455 5872 1572 5914 esse
1625 5859 1831 5913 viribus
1885 5868 1939 5914 et

2043 4659 2182 4725 ὅπερ
2214 4659 2557 4728 εἰρήκειμεν,
2588 4661 2680 4713 καὶ
2711 4662 3017 4731 γράμματα
3044 4666 3155 4726 τοῖς
3185 4664 3365 4732 βέλεσι
3392 4680 3608 4732 πεπομ-

2046 4747 2159 4815 φὼς
2190 4748 2339 4811 ἐντὸς
2386 4744 2633 4815 πλεῖστα,
2676 4754 2790 4814 τοῖς
2836 4752 3021 4815 αὐτοῖς
3061 4753 3246 4823 ὅρκοις
3294 4754 3386 4807 καὶ
3431 4754 3616 4809 ταῦτα

2046 4840 2380 4909 συνδηύμενα
2429 4843 2523 4893 καί⁵
2578 4845 2645 4895 τά
2692 4844 2834 4896 αὐτὰ
2877 4843 3303 4912 διαγγέλλοντα,
3353 4846 3426 4909 ὡς
3477 4848 3613 4915 ἤνυε

2044 4935 2203 4985 πλέον
2232 4937 2385 4987 οὺῖὲν
2417 4935 2500 5002 (οὐ
2551 4936 2658 5004 γὰρ
2707 4936 2836 5006 ἐξῆν
2892 4936 3240 5006 βουλομένοις
3284 4920 3394 5000 τοῖς
3437 4941 3494 4989 ἐν
3540 4941 3610 5007 τῇ

2046 5029 2196 5079 πόλει
2224 5030 2301 5098 τῷ
2338 5028 2443 5080 τῶν
2481 5028 2728 5081 Λατίνων
2774 5028 2903 5091 δέει,
2937 5030 3029 5081 καὶ
3072 5030 3307 5096 μάλιστα
3335 5032 3437 5081 τῶν
3470 5047 3616 5097 συμ-

2044 5122 2472 5188 ποριστιιρένων
2508 5122 2691 5182 αὐτοῖς
2719 5121 2811 5172 ἐπὶ
2840 5122 3053 5190 φυλακῇ
3093 5121 3327 5191 λῃστῶν,
3359 5124 3424 5190 τῇ
3457 5120 3613 5186 σφῶν

2046 5213 2215 5275 ἀδεῶς
2241 5212 2549 5280 χρήσασθαι
2576 5216 2813 5283 γνώμῃ),
2840 5214 3099 5283 τρέπεται
3140 5213 3248 5264 τότ’
3274 5215 3331 5277 ἐξ
3368 5214 3614 5281 ἀνάγκης

2045 5307 2134 5357 ἐπὶ
2165 5307 2223 5356 τὸ
2257 5308 2534 5375 πολεμεῖν,
2562 5306 2683 5359 οὐδὲ
2712 5308 2833 5359 τότε
2872 5307 3122 5359 τοσοῦτον
3173 5308 3281 5360 ἀπὸ
3312 5307 3408 5374 τῆς
3454 5308 3615 5361 ἀπειο
3714 5317 3723 5322 ’

2045 5396 2195 5457 θείας
2226 5395 2335 5448 τῶν
2370 5396 2519 5449 ἔνδον
2560 5397 2776 5465 καὶτῆς
2817 5397 3119 5459 ἐνστάσεως
3151 5397 3274 5448 ὅσον
3302 5399 3366 5449 ἐκ
3392 5398 3613 5452 τούτου.

2053 5487 2251 5549 Ὀλκὰς
2282 5487 2455 5558 ἐφάνη
2496 5505 2579 5550 τις
2608 5487 2868 5557 ἐξαπίνης
2911 5485 3176 5555 Λατινικὴ
3229 5490 3373 5539 σῖτον
3412 5488 3617 5556 ἔχουσα

2044 5582 2239 5649 φόρτον
2261 5580 2355 5632 καὶ
2385 5581 2685 5650 κομίζουσα
2704 5581 2892 5634 τοῦτον
2919 5581 3024 5652 [ἐν]
3044 5584 3110 5650 τῇ
3136 5581 3287 5635 πόλει
3306 5581 3613 5651 χρῃζούσῃ.

2042 5675 2105 5725 Οἱ
2133 5673 2178 5724 δ’
2208 5673 2558 5727 ὑπετόπασαν
2606 5675 2810 5743 ταύτην
2856 5675 3053 5738 ἰδόντες
3102 5676 3424 5743 συμμάχους
3464 5673 3618 5743 ἔχειν

2046 5766 2139 5819 καὶ
2165 5764 2302 5819 ὅπλα
2333 5766 2420 5818 διὰ
2455 5767 2546 5818 τὸν
2595 5767 2853 5835 πόλεμον.
2897 5768 2991 5819 καὶ
3038 5766 3271 5825 δεδιότες
3304 5764 3402 5833 τὴν
3438 5758 3619 5834 ἧτταν

2048 5859 2368 5929 συμμαχίας
2401 5860 2491 5911 ἐπὶ
2536 5860 2636 5926 τὴν
2674 5860 2828 5912 πόλιν
2860 5858 3139 5923 ἐλθούσης,
3172 5857 3266 5921 ὅλη
3296 5856 3405 5907 δεῖν
3439 5856 3617 5921 ᾤοντο
