3990 6570
383 405 482 472 ϐαι

1408 413 1500 472 DE
1545 415 1712 474 EXCI
1732 417 1858 476 D10
1898 417 2183 477 TUESSA
2197 417 2339 478 LON
2355 417 2602 479 ICENSI

3510 413 3624 475 ι’οὲ

384 525 699 595 χρήσασθαι
725 525 790 595 τῇ
826 524 1029 578 τούτων
1051 527 1277 596 δυνάμει
1311 531 1401 581 καὶ
1431 547 1492 582 πε
1506 534 1556 599 pi.
1589 533 1655 585 τὰ.
1687 533 1956 602 πολεμικὰ
1987 583 1990 591 ,

2093 532 2390 589 militaribus
2423 535 2636 589 artibus
2677 531 3117 602 pertentaudum,
3154 537 3444 596 antequam
3476 530 3632 582 navis

386 619 555 692 τέχνῃ
582 620 712 687 πρὶν
747 619 846 688 τὴν
889 619 1090 674 ὁλκάδα
1129 621 1584 690 καθορμισθῆναι.
1622 624 1833 692 Μικρὸν
1863 625 1964 693 μὲν

387 706 482 764 οῦν
505 711 793 782 πρότερον,
821 712 908 765 ὅτε
937 714 1032 766 καὶ
1052 713 1178 775 τοὺς
1209 715 1458 782 κήρυκας
1482 713 1752 785 ἔπεμπεν.
1771 717 1967 771 ὑπεισ-

391 801 669 870 ιρχόμενοι
703 802 766 854 τὸ
795 801 1159 872 προτείχισμα
1195 805 1361 872 μέρος
1415 804 1526 858 τῶν
1585 806 1968 876 πολεμούντων

391 893 531 962 ἀωρὶ
559 892 667 945 τῶν
701 895 935 962 νυκτῶν,
965 896 1060 949 καὶ
1099 894 1252 948 τοῦθ’
1292 896 1694 967 ὑπορύττοντες
1728 901 1785 952 ὲν
1813 899 1969 972 ἀδείᾳ

393 982 538 1052 (οὔτε
568 985 675 1052 γὰρ
707 986 795 1039 ιπ’
837 987 983 1051 αὐτῷ
1013 987 1257 1055 φύλακες
1301 983 1466 1058 ἦσαν,
1512 989 1614 1044 οὐκ
1645 991 1969 1059 ἀρκούντων

395 1075 499 1126 τῶν
531 1074 702 1140 ἔνδον,
753 1075 866 1130 οὔτ’
915 1077 1141 1144 ἐξωθεῖν
1184 1079 1382 1140 αὐτοὺς
1431 1081 1580 1151 εἶχεν
1625 1081 1806 1144 οὐδεὶς
1855 1079 1966 1135 οὐδ’

395 1167 861 1227 3πωσοῦν,τούτου
896 1167 1406 1238 προ6ε6).ημένου>;
1442 1172 1614 1226 πολλὰ
1650 1172 1841 1226 τούτου
1871 1189 1971 1226 κα-

392 1256 672 1311 τέσπασαν
703 1259 784 1320 είς
814 1257 1011 1329 ἔδαφος
1039 1261 1201 1330 μέρη,
1234 1259 1364 1314 ὥστ’
1386 1263 1531 1332 ἔχειν
1559 1263 1786 1316 εἰσιέναι
1816 1279 1970 1332 παμ-

396 1349 622 1417 πληθεῖς
661 1351 721 1404 ἂν
747 1349 824 1419 τῷ
861 1351 1067 1418 μεταξῦ
1094 1352 1204 1406 τῶν
1247 1355 1446 1424 τειχῶν
1491 1355 1661 1421 τόπῳ,
1694 1355 1972 1422 κλίμακάς

398 1456 458 1490 τε
490 1441 808 1509 εἰσκομίσαι
844 1441 961 1511 μετ’
1006 1443 1312 1513 εὐχερείας,
1353 1445 1448 1496 καὶ
1475 1444 1702 1507 ταύταις
1737 1445 1799 1497 τὸ
1829 1446 1969 1513 μέγα

398 1533 578 1600 τεῖχος
602 1532 959 1603 ἐπαναϐῆναι.
987 1533 1228 1604 Βάσιμον
1258 1533 1352 1587 οὖν
1379 1535 1440 1588 τὸ
1468 1535 1572 1602 ἔξω
1601 1537 1972 1606 πεποιήκεσαν

401 1621 750 1693 διατείχισμα
805 1625 996 1678 τοῦτον
1040 1625 1132 1679 τὸν
1181 1627 1403 1694 τρόπον,
1452 1628 1549 1680 καί⁸
1604 1627 1704 1695 τῆς
1738 1627 1972 1694 ,τοξικῆς

405 1713 667 1777 πολλάκις
701 1715 801 1783 τῆς
845 1715 1080 1786 ἡμέρας,
1112 1717 1248 1770 ἀλλά
1288 1718 1352 1788 δὴ
1391 1719 1486 1770 καὶ
1527 1719 1626 1790 τῆς
1652 1719 1847 1783 νυκτὸς
1872 1722 1972 1774 οὐκ

405 1805 664 1872 ἧμέλουν,
696 1808 792 1861 τοῦ
837 1808 1038 1878 μικροῦ
1069 1808 1282 1880 τείχους
1320 1811 1405 1863 ὅτε
1439 1811 1578 1880 πρὸς
1621 1813 1974 1866 κατάπτωσιν

402 1896 571 1966 ᾔεσαν
597 1914 613 1931 ο
644 1899 763 1977 πῶς
796 1899 905 1970 γὰρ
941 1899 1006 1953 ἂν
1037 1900 1159 1970 ἔχον
1191 1902 1335 1969 μετά
1366 1901 1612 1965 πλείονος
1648 1903 1975 1974 ὑπορύττειν

402 1988 588 2050 ἀδείας
627 1988 782 2050 αὐτὸ,
825 1991 952 2054 τοὺς
980 1991 1078 2046 ἐπὶ
1115 1990 1210 2045 τοῦ
1260 1992 1505 2062 μείζονος
1549 1992 1763 2063 τείχους
1807 1994 1855 2047 εί
1901 1994 1974 2065 μὴ

403 2082 515 2140 τοῖς
556 2079 764 2146 βέλεσιν
800 2083 1064 2152 ἀπεῖργον
1105 2081 1181 2153 μὴ
1230 2083 1355 2139 κατ’
1388 2083 1568 2139 αὐτῶν
1613 2087 1719 2152 καὶ,
1754 2086 1976 2149 τούτους

408 2171 842 2243 ὁμοίωςχίορεῖν
876 2175 972 2227 καὶ
1003 2173 1072 2228 τὰ
1116 2175 1478 2245 παραπλήσια
1507 2176 1676 2245 δρᾷν;
1707 2177 1854 2245 Πλὴν
1883 2181 1978 2231 καὶ

405 2262 581 2325 οὕτως
614 2263 726 2316 οὐδ’
755 2265 919 2332 ἡμεῖς
962 2262 1274 2335 ὴμελοῦμεν
1313 2264 1406 2318 τοῦ
1437 2267 1580 2319 κατά
1617 2265 1850 2335 δύναμιν
1883 2266 1944 2336 ἔρ

409 2364 531 2423 γου.
568 2356 737 2409 Πλέον
769 2357 825 2410 δὲ
866 2357 975 2409 τῶν
1010 2357 1186 2410 ἄλλων
1219 2356 1509 2437 ἐχρώμεθα
1560 2359 1627 2429 τῇ
1669 2358 1981 2432 καλουμένῃ

411 2448 606 2512 σκευῇ,
641 2440 712 2517 ἧς
731 2441 866 2516 ἦχον
896 2445 996 2516 μὲν
1024 2447 1298 2516 ἠκούομεν
1331 2447 1510 2516 μόνον,
1555 2449 1715 2518 ἔργον
1742 2449 1794 2502 δὲ
1831 2450 1982 2503 οὐδέ-

410 2537 531 2591 ποτ’
561 2539 773 2608 εῖδομέν
797 2556 851 2592 τι
880 2539 1152 2609 λαμπρὸν,
1183 2540 1278 2592 καὶ
1308 2541 1481 2593 ταῦτα
1515 2540 1722 2609 πολλῆς
1762 2543 1819 2594 ὲν
1848 2543 1982 2612 ἡμῖν

410 2625 579 2695 οῦσης
615 2628 712 2698 τῆς
739 2628 1153 2700 ἐσκευασμένης
1185 2629 1434 2700 βοτάνης,
1469 2629 1706 2694 ἀφειδῶς
1742 2648 1802 2685 τε
1841 2633 1984 2686 κατὰ

415 2721 596 2774 πάντα
623 2720 813 2790 καιρὸν
844 2721 1297 2791 ἀναλισκομένης.

491 2811 542 2867 ι’.
573 2813 738 2867 Ταῦτ’
777 2813 870 2867 οῦν
903 2815 994 2867 ἐπὶ
1023 2815 1202 2886 τρισὶν
1236 2811 1377 2886 ἦσαν
1422 2818 1659 2887 ἡμέραις
1701 2819 1989 2888 γινόμενα.

414 2904 527 2959 Καὶ
560 2905 865 2975 τηνικαῦτα
899 2905 960 2974 δή
995 2923 1138 2970 τινες
1167 2907 1222 2960 ἓν
1252 2925 1360 2960 τισι
1391 2908 1498 2961 τῶν
1532 2910 1725 2979 τειχῶν
1763 2911 1986 2978 μέρεσιν

415 2997 616 3061 ἔξωθεν
663 2999 794 3070 περὶ
852 2998 1024 3070 μέσας
1069 2998 1266 3062 νύκτας
1329 3001 1519 3064 ίόντες,
1566 3002 1664 3070 τῆς
1713 3003 1988 3074 ἡμετέρας

415 3090 706 3161 κηδόμενοι
759 3091 1068 3162 σωτηρίας,
1119 3093 1301 3146 πᾶσαν
1355 3095 1487 3163 ἡμῖν
1551 3093 1688 3163 πρὸς
1747 3094 1983 3163 πόλεμον

2071 624 2122 678 in
2157 633 2370 692 portum
2420 640 2540 680 sese
2585 625 2836 694 recipiat,
2890 623 3154 678 decernit.
3214 621 3382 674 Paulo
3417 635 3632 687 quoque

2069 727 2216 777 ante.
2255 732 2378 772 eum
2415 732 2695 788 praecones
2749 717 3010 781 mitteret,
3064 714 3304 769 hostium
3356 727 3548 766 manus
3577 712 3632 765 in

2069 809 2394 865 exteriorem
2419 824 2632 864 murum
2659 809 2798 864 clam
2828 809 3073 874 irrepens
3095 813 3258 862 nocte
3283 805 3630 871 intempesta,

2067 917 2304 973 eumque
2331 917 2428 971 pro
2457 911 2592 958 nutu
2641 899 2939 956 suffodiens
2967 900 3166 966 (neque
3206 895 3354 952 enim
3380 893 3634 949 custodes

2069 997 2318 1059 aderant,
2338 994 2640 1050 imminutis
2655 991 3079 1055 habitatoribus,
3101 999 3156 1046 et
3176 990 3266 1058 qui
3291 987 3436 1042 intus
3457 993 3639 1049 erant,

2069 1099 2166 1140 eos
2193 1085 2342 1141 foras
2377 1084 2600 1154 pellere,
2641 1099 2766 1141 cum
2809 1083 2955 1138 obvii
2987 1081 3379 1147 obiicerentur,
3414 1075 3639 1130 minime

2069 1177 2346 1246 valebant)
2372 1178 2637 1246 potiorem
2666 1160 2810 1231 illius
2831 1183 3039 1243 partem
3067 1172 3121 1227 in
3144 1171 3320 1228 solum
3344 1167 3641 1236 disiecere,

2069 1277 2128 1322 ιιι
2162 1269 2276 1336 jam
2319 1267 2504 1325 aditus
2545 1265 2964 1336 quamplurimis
2988 1264 3042 1318 in
3077 1261 3312 1318 medium
3351 1258 3492 1312 inter
3523 1269 3642 1309 mu.

2075 1375 2164 1412 ros
2183 1359 2421 1429 spatium
2445 1369 2674 1428 pateret.
2699 1358 3004 1426 liccrctque
3029 1363 3144 1410 tuto
3167 1353 3348 1409 scalas
3379 1348 3638 1405 invehere

2072 1459 2124 1502 et
2170 1467 2422 1522 magnum
2458 1466 2676 1506 murum
2723 1449 3020 1505 ascendere
3059 1445 3408 1516 (exteriorem
3458 1442 3642 1510 itaque

2074 1560 2287 1598 murum
2322 1544 2618 1608 hocmodo
2653 1544 2895 1613 pervium
2933 1540 3037 1596 sibi
3066 1539 3304 1604 fecere);
3367 1545 3424 1590 et
3445 1533 3644 1602 sa-pius

2074 1633 2308 1687 interdiu
2328 1633 2560 1703 sagittas
2581 1632 2883 1702 impellere,
2909 1644 2940 1683 a
2965 1642 3194 1698 quarum
3213 1626 3364 1696 jactu
3391 1638 3458 1679 ne
3479 1631 3643 1677 noctu

2075 1725 2295 1792 quidem
2332 1725 2635 1790 abstinere,
2661 1724 2791 1778 dum
2833 1723 2899 1776 ad
2932 1734 3160 1790 parvum
3196 1733 3410 1772 murum
3444 1717 3496 1770 in
3529 1715 3648 1784 plac

2077 1833 2201 1870 num
2226 1815 2611 1872 effundendum
2651 1813 2971 1886 procedunt.
2996 1811 3113 1878 Quo
3133 1809 3335 1865 etenim
3377 1818 3535 1876 pacto
3558 1822 3645 1862 se-

2077 1923 2209 1961 cure
2244 1908 2394 1962 illum
2426 1906 2696 1962 suffodere
2731 1904 3054 1974 potuissent,
3090 1901 3142 1957 ni
3169 1903 3228 1956 in
3252 1899 3458 1966 majore
3483 1911 3648 1953 mro

2077 2009 2285 2054 stantes
2315 1998 2562 2053 homines
2588 1997 2784 2067 jaculis
2828 1994 3173 2063 impedirent,
3217 2007 3285 2045 ne
3313 1990 3435 2045 illos
3463 1987 3642 2043 adorti

2078 2091 2280 2146 similia
2306 2091 2775 2153 machinarentur,
2804 2097 2858 2142 et
2885 2083 3167 2141 facerent?
3191 2088 3440 2136 Attamen
3470 2094 3650 2148 neque

2079 2185 2182 2238 ista
2211 2185 2444 2246 ratione,
2474 2197 2541 2236 ne
2565 2196 2700 2251 opus
2726 2187 2968 2234 nostrum
2994 2192 3089 2246 pro
3113 2175 3320 2230 viribus
3344 2185 3654 2242 ageremus,

2080 2274 2394 2331 effecerunt.
2429 2274 2535 2328 Sed
2569 2281 2696 2327 ante
2709 2271 2826 2336 ralia
2857 2284 2924 2325 eo
2954 2268 3242 2322 utebamur
3269 2265 3649 2325 instrumento,

2082 2367 2235 2436 cujus
2284 2365 2570 2434 strepitum
2631 2372 2840 2417 tantum
2900 2360 3131 2414 auribus
3187 2353 3647 2428 percipiebamus,

2081 2457 2282 2511 fat-tum
2313 2470 2464 2520 vero,
2497 2453 2639 2523 quod
2669 2451 2918 2520 equidem
2962 2449 3289 2505 iunotuisset
3314 2485 3330 2512 ,
3373 2457 3656 2514 nunquam

2083 2550 2334 2616 vidimus,
2385 2549 2508 2602 licet
2541 2546 2778 2614 pulveris
2824 2541 3116 2613 praeparati
3151 2538 3311 2608 copia
3345 2535 3648 2601 abundaret

2083 2649 2138 2694 et
2171 2636 2394 2707 largiter
2430 2633 2758 2707 profuseque
2785 2631 2936 2687 omni
2996 2638 3235 2696 tempore
3266 2625 3653 2678 insumeretur.

2158 2813 2248 2870 10.
2299 2812 2422 2868 Ηίεο
2476 2810 2641 2882 igitur
2697 2807 2938 2864 triduum
2992 2804 3338 2874 gerebantur.
3393 2795 3652 2852 Nonnulli

2087 2899 2344 2974 deindeps
2393 2905 2447 2960 in
2508 2913 2765 2959 externas
2817 2897 2959 2953 muri
3020 2904 3203 2966 partes
3271 2899 3429 2948 nocte
3475 2887 3653 2942 media

2089 2996 2382 3068 progressi,
2438 2995 2505 3049 de
2565 2995 2740 3048 salute
2795 2999 2978 3046 nostra
3008 2984 3265 3049 solliciti,
3334 2981 3654 3037 universum

2088 3089 2386 3146 exercitum
2418 3088 2760 3157 peditesque,
2790 3082 2880 3152 qui
2939 3078 3202 3134 Muratem
3262 3072 3656 3144 sequebantur,

421 3181 876 3254 παρεσκευάσθαι
922 3184 1022 3252 τὴν
1054 3186 1316 3253 στρατιάν
1349 3184 1830 3254 προαγγέλλουσιν,
1866 3186 1990 3238 ὅσον
2014 3215 2059 3272 c
2093 3179 2159 3236 ad
2211 3179 2559 3252 pugnandum
2618 3190 2741 3232 esse
2819 3171 3200 3243 paratissimos
3256 3163 3644 3235 praenuntiant,

415 3292 479 3327 τε
519 3276 647 3344 περὶ
683 3275 774 3327 τὸν
822 3275 1119 3340 Μουράτην
1164 3276 1357 3341 πεζὸν,
1416 3278 1512 3330 καὶ
1566 3279 1664 3346 τῆς
1721 3278 1989 3347 τετάρτης

419 3367 637 3439 ἡμέρας
687 3367 1067 3438 διαυγασάσης
1098 3366 1386 3438 βούλεσθαι
1432 3369 1554 3422 καθ’
1584 3369 1740 3438 ἡμῶν
1768 3371 1865 3441 ὅλῃ
1899 3370 1991 3423 δυ-

419 3460 586 3528 νάμει
629 3459 1032 3530 κεχωρηκέναι,
1060 3460 1150 3513 καὶ
1184 3461 1259 3524 ὡς
1289 3459 1447 3513 πλοῖα
1487 3463 1990 3531 παρασκευάσειαν,

421 3554 519 3608 καὶ
550 3553 763 3616 τούτοις
805 3555 874 3607 ἶν’
911 3553 1144 3619 ἀπὸ-τοῦ
1177 3553 1319 3606 κατά
1353 3553 1624 3608 θάλατταν
1656 3553 1860 3624 μέρους
1891 3555 1996 3607 idv-

419 3662 515 3709 τες
558 3646 692 3714 πρδ;
744 3643 926 3704 διττὰς
984 3644 1368 3711 ἀναγκάσωσιν
1425 3645 1573 3713 ἡμᾶς
1630 3643 1996 3714 ἀσχοληθῖψαι

423 3735 737 3804 φροντίδας.
779 3736 842 3788 ’Ὀ
871 3737 964 3788 καὶ
995 3735 1202 3806 σφόδρα
1237 3735 1332 3798 τὰς
1375 3735 1650 3806 ἡμετέρας
1682 3734 1861 3804 ψυχὰς
1889 3734 2000 3786 διε-

423 3829 630 3897 τάραξε
660 3826 755 3880 καὶ
783 3829 864 3888 είς
901 3826 1135 3896 ἀπορίαν
1187 3826 1440 3880 ἐνέϐαλεν
1481 3827 1633 3896 ὅσην,
1676 3825 1751 3890 ὼς
1795 3824 1998 3896 βλάϐην

424 3919 559 3988 ἡμῖν
591 3918 890 3989 δυνάμενον
917 3919 976 3971 ού
1005 3918 1106 3988 τὴν
1139 3919 1408 3990 τυχοῦσαν
1449 3920 1774 3987 ἐπαγαγεῖν.
1807 3917 1998 3986 Δείλης

429 4007 721 4078 τοιγαροῦν
766 4009 997 4079 ταυτησὶ
1032 4009 1409 4079 γεγενημένης
1457 4008 1559 4077 τῆς
1595 4006 1878 4075 ἀγγελίας,
1906 3991 2009 4060 καί

431 4101 651 4154 πάντων
681 4102 840 4170 ἡμῶν
892 4102 950 4155 ὲν
992 4101 1317 4172 περιστάσει
1373 4102 1467 4154 καὶ
1513 4099 1800 4170 λογισμοῖς
1833 4100 2001 4154 ὄντων

433 4194 550 4254 πῶς
581 4193 648 4246 ἂν
675 4193 1056 4262 διατεθείημεν
1097 4193 1234 4264 πρδς
1282 4194 1373 4246 τδν
1419 4194 1680 4264 πόλεμον,
1726 4196 1909 4264 πάσης
1942 4209 2001 4244 τε

435 4284 620 4353 σχεδὸν
648 4284 867 4352 ἡλικίας
892 4283 1058 4352 οὔσης
1105 4285 1162 4336 ὲν
1205 4283 1561 4356 ὲγρηγόρσει,
1606 4284 1822 4354 δεήσεις
1851 4285 2004 4337 ἐκτε-

433 4375 542 4435 νεῖς
572 4372 689 4443 Θεῷ
719 4373 811 4427 καὶ
839 4371 918 4442 τῷ
949 4369 1261 4442 μυροὸλύτῃ
1289 4372 1529 4441 μάρτυρι
1560 4370 1681 4424 καθ’
1711 4372 1839 4440 ὅλην
1865 4370 2006 4424 ὲκεί-

435 4482 530 4535 νην
565 4466 950 4534 προσαγόντων
979 4464 1079 4533 τὴν
1112 4462 1283 4516 νύκτα
1315 4462 1539 4534 (πάντες
1569 4462 1677 4534 γὰρ
1709 4463 1911 4534 ᾔδεσαν
1947 4465 2003 4515 ἐν

2095 3273 2387 3342 Statimque
2443 3280 2606 3340 atque
2633 3268 2747 3323 dies
2799 3274 3026 3337 quartus
3073 3261 3338 3326 illuxerit,
3399 3257 3661 3311 adversus

2097 3384 2194 3422 nus
2225 3367 2436 3422 eunetis
2457 3363 2662 3418 viribus
2707 3359 3106 3431 aggressionem
3163 3354 3466 3414 facturum;
3500 3358 3664 3400 naves

2096 3474 2310 3532 quoque
2369 3468 2724 3526 praeparasse,
2766 3452 2964 3521 quibus
3011 3464 3108 3519 per
3157 3459 3311 3526 mare
3358 3444 3667 3509 irrumpens

2097 3551 2294 3622 duplici
2329 3565 2426 3604 nos
2481 3547 2730 3600 molestia
2785 3544 3090 3598 amictaret.
3136 3537 3244 3592 Sed
3297 3533 3666 3622 maximopere

2101 3619 2336 3696 rationes
2396 3647 2609 3693 nostras
2676 3634 3045 3693 conturbavit,
3103 3637 3508 3696 suspensosque
3574 3620 3663 3674 diu

2100 3735 2274 3789 tenuit
2301 3732 2527 3794 animos,
2558 3740 2808 3798 tanquam
2841 3724 2984 3794 quod
3019 3725 3208 3789 ingens
3241 3722 3654 3786 apportaturum

2099 3831 2243 3878 esset
2267 3821 2507 3888 malum;
2569 3829 2624 3874 et
2673 3814 3023 3872 discruciatis
3081 3819 3301 3880 pectore
3350 3804 3660 3859 consistere

2100 3913 2313 3970 consilii
2363 3912 2500 3967 nihil
2560 3915 2791 3981 poterat.
2855 3905 2968 3961 Hoc
3030 3911 3254 3971 accepto
3319 3895 3526 3953 nuntio.
3574 3891 3676 3948 sub

2100 4021 2404 4077 vesperam,
2441 4019 2565 4058 cum
2609 3999 2778 4056 variis
2841 3995 3260 4053 necessitatibus
3318 4001 3664 4059 urgeremur,

2102 4099 2638 4166 distraheremurque
2690 4089 3176 4162 sollicitudinibus
3208 4099 3315 4154 quo
3367 4081 3670 4179 pactojnos

2105 4193 2158 4244 in
2193 4189 2330 4244 bello
2373 4198 2708 4258 gereremus,
2736 4189 2790 4237 et
2814 4180 2990 4237 omnis
3040 4177 3314 4232 hominum
3363 4181 3496 4225 aetas
3563 4177 3679 4222 etri-

2103 4283 2316 4355 gilaret,
2371 4293 2559 4351 preces
2614 4275 2724 4332 Deo
2779 4283 2836 4330 et
2903 4269 3219 4342 ntyroblytae
3291 4261 3544 4355 martyri;
3585 4273 3680 4355 per

2107 4349 2274 4428 tutam
2303 4349 2454 4427 illam
2487 4379 2697 4426 noctem
2762 4365 3116 4425 eﬂundimus,
3162 4360 3454 4414 imminens
3502 4349 3677 4420 siqui-

2108 4467 2228 4518 dem
2262 4461 2556 4533 periculum
2589 4467 2910 4526 certumque
2943 4464 3070 4508 ante
3105 4449 3294 4506 oculos
3327 4454 3468 4503 erat.
3497 4442 3676 4497 Latini

436 4555 552 4626 χρῷ
602 4554 698 4608 τοῦ
744 4555 994 4608 κινδύνου
1042 4553 1487 4626 καθεστηκέναι),
1520 4556 1570 4607 οἰ
1613 4555 1834 4607 Λατῖνοι
1884 4555 1990 4623 περ

2111 4571 2240 4611 vero
2291 4561 2499 4624 partem
2565 4550 2766 4604 littoris
2833 4546 3128 4618 pendentes
3191 4540 3437 4604 maximi,
3511 4535 3680 4589 trium

437 4646 634 4700 πολλοῦ
679 4647 740 4698 τὸ
782 4647 876 4699 τοῦ
909 4645 1158 4714 αἰγιαλοῦ
1209 4643 1526 4715 ποιούμενοι
1570 4645 1735 4715 μέρος
1774 4645 1860 4697 διὰ
1909 4647 2006 4702 τὰς

434 4741 583 4808 τρεῖς
613 4737 669 4790 αἲ
701 4739 954 4808 παρῆσαν
979 4739 1044 4807 τῇ
1077 4737 1226 4790 πόλει
1248 4737 1518 4807 τριήρεις,
1548 4735 1624 4808 μὴ
1654 4736 1824 4806 πυρξς
1846 4735 2008 4804 ἔργον

435 4830 636 4890 ταύτας
678 4828 922 4890 ἐλθόντες
967 4829 1016 4881 oi
1064 4827 1298 4897 Τοῦρκοι
1348 4815 1641 4898 ποιήσωσι,
1692 4829 1818 4889 τοὺς
1855 4827 2010 4896 σφῶν

435 4922 680 4987 τοξότας,
714 4921 1152 4990 μεμερισμένους
1187 4920 1346 4982 ὄντας
1380 4921 1474 4972 ἐπὶ
1504 4917 1718 4988 φυλακῇ
1747 4918 1856 4971 τῶν
1901 4934 2010 4972 τει-

438 5012 569 5082 χῶν,
599 5012 982 5082 ὑπαναχωρεῖν
1028 5011 1224 5074 αὐτοὺς
1277 5010 1583 5081 περιιόντες
1634 5009 2008 5079 ἐπέσκηπτον,

437 5102 548 5155 τῶν
573 5103 747 5157 ἄλλων
773 5104 870 5174 τὴν
895 5104 1086 5173 σκέψιν
1113 5103 1317 5170 ταύτην
1349 5103 1424 5173 μὴ
1450 5103 1851 5170 γινωσκόντων,
1886 5104 2013 5173 μηδ’

441 5196 578 5265 ὅπερ
627 5194 856 5258 ἐκείνοις
902 5197 934 5263 ἡ
969 5195 1076 5248 ἀπὸ
1125 5194 1231 5247 τῶν
1270 5193 1466 5263 τειχῶν
1517 5193 1768 5264 βούλεται
1803 5193 2015 5262 άναχώο

447 5303 624 5356 ρησις.
674 5286 736 5339 Ei
782 5287 892 5354 γὰρ
917 5286 1173 5356 καθαρῶς
1219 5285 1490 5354 ἐγύμνουν
1541 5285 1600 5338 τὺ
1641 5288 1891 5356 πρᾶγμα,
1939 5285 2014 5349 ὡς

444 5379 534 5428 ἐπὶ
561 5374 775 5446 φυλακῇ
807 5375 900 5427 τοῦ
927 5375 1148 5443 λιμένος
1183 5373 1405 5426 καὶτῶν
1434 5373 1679 5442 τριηρῶν
1713 5370 2014 5425 καταϐιϐά-

447 5467 599 5530 ζουσι
634 5467 858 5528 τούτους
906 5464 1000 5518 τοῦ
1049 5464 1285 5535 τείχους,
1342 5463 1620 5524 εὐέλπιδες
1665 5462 1731 5516 ἂν
1777 5459 1918 5532 ἦσαν
1965 5463 2014 5515 oi

447 5557 926 5629 περιλελειμμένοι
954 5558 1030 5624 τῷ
1055 5557 1248 5626 τείχει,
1279 5556 1372 5609 καὶ
1401 5555 1502 5607 ούκ
1534 5555 1600 5607 ἂν
1628 5558 1808 5623 φυγὴν
1836 5553 2015 5606 αὐτῶν

448 5651 824 5704 ὑπετὸπασαν.
858 5647 1002 5701 Ἀλλ’
1027 5648 1230 5719 ἣκιστα
1267 5646 1492 5714 γέγονεν
1520 5643 1684 5705 οὕτω,
1720 5643 2017 5696 κάντεῦθεν

449 5744 483 5814 ὴ
514 5745 735 5795 ἐκείνων
765 5743 870 5793 ἀπὸ
900 5738 991 5792 τοῦ
1023 5739 1237 5808 τείχους
1267 5739 1554 5800 διάστασις
1601 5735 1803 5790 δειλίαν
1829 5735 1890 5788 ού
1920 5735 2016 5804 τὴν

449 5836 720 5890 τυγοῦσσν
754 5837 866 5886 sui-
901 5833 1158 5887 ἁπάντων
1189 5832 1350 5890 ἐνῆκε
1399 5830 1620 5890 ψυχαῖς.
1653 5829 1749 5882 καὶ
1781 5827 1922 5881 κατά
1957 5826 2017 5880 τδ

2117 4645 2418 4703 triremium
2463 4656 2649 4707 causa,
2713 4639 2933 4710 quaejin
2993 4637 3181 4690 urbem
3239 4634 3677 4700 penetraverant,

2116 4749 2182 4789 ne
2210 4747 2303 4786 eas
2330 4731 2561 4785 ﬂammis
2611 4744 2711 4784 suo
2774 4727 3008 4781 adventu
3059 4723 3254 4775 Turca:
3300 4721 3678 4777 absumerent,

2115 4823 2425 4893 sagittarios
2483 4823 2549 4874 ad
2610 4818 2918 4874 custodiam
3001 4826 3282 4868 murorum
3367 4806 3684 4876 dispartitos

2115 4915 2394 4979 secedere,
2448 4913 2552 4968 alio
2601 4922 2763 4982 atque
2823 4909 2932 4963 alio
2995 4906 3312 4976 migrantes,
3381 4901 3685 4971 jusserunt,

2121 5007 2338 5075 reliquis
2372 5020 2590 5059 causam
2619 5005 2693 5058 rei
2727 4999 3106 5073 ignorantibus
3132 5004 3186 5050 et
3238 4994 3367 5063 quid
3428 5007 3460 5046 e
3515 4991 3687 5044 muris

2117 5095 2351 5153 secessio
2382 5097 2652 5150 inuueret.
2686 5091 2896 5146 Etenim
2927 5090 2969 5142 si
3002 5088 3203 5142 factum
3227 5083 3385 5152 plane
3433 5083 3671 5149 aperuis-

2119 5195 2258 5253 sent,
2290 5189 2355 5241 ad
2387 5185 2799 5242 custodiendum
2829 5183 3039 5238 scilicet
3062 5188 3274 5250 portum
3330 5186 3385 5229 et
3437 5173 3686 5228 triremes

2120 5280 2466 5333 eosamuris
2528 5273 2766 5342 avocari,
2832 5272 2922 5344 qui
2987 5273 3038 5325 in
3088 5269 3257 5323 muris
3325 5263 3685 5321 defendendis

2122 5379 2514 5432 remanserant.
2541 5385 2634 5439 spe
2685 5383 2789 5423 non
2837 5365 2976 5420 mala
3041 5361 3245 5426 iactati,
3307 5359 3484 5427 fugam
3543 5355 3688 5408 illam

2121 5479 2242 5518 esse
2269 5460 2528 5532 suspicati
2567 5476 2672 5514 non
2708 5459 2956 5512 fuissent.
2992 5454 3096 5511 Sed
3135 5453 3188 5508 id
3217 5453 3324 5506 alio
3353 5450 3517 5504 modo
3563 5461 3688 5500 ere-

2123 5557 2222 5620 nit,
2247 5565 2302 5609 et
2332 5569 2519 5608 eorum
2551 5568 2579 5606 a
2613 5553 2782 5606 muris
2806 5563 3056 5604 secessus
3089 5545 3382 5600 maximum
3445 5541 3499 5594 in
3561 5552 3690 5607 pec-

2124 5658 2241 5702 tora
2282 5647 2520 5702 omnium
2554 5656 2755 5700 metum
2814 5642 3019 5714 injecit,
3053 5643 3188 5695 adeo
3220 5649 3279 5692 ut
3337 5635 3507 5689 media
3569 5633 3687 5700 ipsa

2124 5750 2282 5796 nocte
2329 5739 2454 5810 fuga
2497 5737 2802 5794 clanculum
2827 5741 3068 5804 arrepta,
3094 5747 3197 5786 non
3219 5744 3382 5800 parva
3408 5739 3686 5782 murorum

2126 5841 2279 5889 oarte
2305 5832 2543 5890 deserta.
2576 5830 2796 5884 domum
2852 5829 3176 5882 remearent.
3230 5817 3353 5873 llzec
3407 5813 3687 5882 potissima

3396 5963 3413 5992 \
