3990 6584
325 432 448 494 sas
1282 429 1621 492 JOANNES
1673 402 2146 492 ANAGNOSTA.
2195 452 2262 465 —-
2291 423 2708 518 NOTI’I‘IAJ'
3474 395 3574 482 586

331 545 492 612 ginis
522 542 760 610 impulsis
789 542 1139 607 dimoturum,
1163 545 1533 614 machinasque
1561 561 1739 598 omnes
1769 546 1839 597 ad
1862 546 2041 598 urbem
2067 543 2412 596 excidendam
2441 549 2852 607 usurpaturum.
2885 537 3017 606 Cap.
3054 537 3141 601 15,
3162 551 3280 590 cum
3322 551 3351 590 a
3385 533 3575 588 Turcis

341 632 544 683 urbem
582 640 891 697 superatam
923 632 1366 686 memoravisset:
1389 631 1583 686 Omnes
1609 633 1790 700 itaque
1824 648 1938 695 nos,
1967 642 2024 684 ut
2043 634 2231 698 cuique
2247 632 2416 691 licuit,
2448 631 2629 698 fugam
2658 635 3010 690 maturantes,
3053 626 3146 678 alii
3171 627 3224 678 in
3243 626 3438 678 (edibus
3466 639 3576 676 sese

335 717 561 778 abdere,
611 719 705 769 alii
738 718 790 769 in
825 718 1092 772 cuniculos
1125 729 1172 772 et
1211 721 1454 787 sepulcra
1482 761 1497 780 .
1545 729 1596 772 et
1638 723 1685 774 si
1712 718 1840 788 quid
1884 718 2032 772 aliud
2059 720 2222 772 saluti
2252 717 2640 771 conducibilius
2687 715 2979 780 videbatur,
3011 729 3113 766 non
3139 713 3329 780 absque
3349 723 3576 765 tremore

339 803 652 870 subrepere.
683 803 817 872 Cap.
849 804 935 868 l8,
969 807 1058 858 ubi
1083 806 1148 859 de
1183 804 1408 860 Muralis
1437 821 1468 860 a
1504 805 2089 860 Thessalonicensibus
2126 803 2279 858 abitu
2313 805 2588 871 loquitur:
2620 801 2946 855 Primntibus
2981 801 3090 854 suis
3119 798 3431 870 [Moralem]
3463 801 3580 864 qui-

340 891 473 942 dam
494 890 650 944 etiam
679 901 1006 945 sacramento
1029 892 1202 960 ferunt
1223 893 1419 947 dixisse
1445 912 1457 948 :
1490 891 1756 960 Injustum
1779 901 1878 955 est,
1923 908 2040 945 cum
2095 893 2246 945 rebus
2279 890 2670 944 debellaturum
2700 884 3312 959 [Tltessaloniceusitnu]
3347 885 3578 938 debella-

344 988 434 1029 tos
465 993 671 1047 quoque
702 979 753 1031 in
784 979 993 1032 vincula
1027 981 1237 1048 conjici,
1278 990 1327 1034 et
1357 982 1533 1048 patria
1557 981 1664 1033 alio
1696 980 1950 1033 abductos
1981 979 2239 1048 spoliari:
2273 979 2568 1032 libertatem
2597 978 2776 1045 itaque
2804 975 2911 1028 illis
2941 973 3296 1033 stabiliamus,
3330 973 3466 1025 siita
3498 975 3574 1024 vi-

343 1066 527 1122 detur.
557 1074 649 1118 aut
680 1065 791 1118 sine
819 1068 987 1133 pretio
1011 1066 1132 1120 illos
1163 1067 1498 1134 accipientes,
1533 1079 1621 1120 aut
1651 1067 1785 1120 illud
1831 1083 1922 1120 nos
1957 1075 2270 1134 erogantes:
2305 1065 2610 1118 auditorum
2645 1063 2776 1114 alios
2835 1063 3146 1114 sententiam
3174 1061 3445 1120 laudasse,
3477 1059 3581 1110 ud-

342 1149 616 1214 Itortatos,
641 1160 695 1202 ut
725 1150 963 1218 faceret;
993 1152 1082 1205 sed
1109 1168 1271 1205 unum
1297 1167 1362 1206 es:
1389 1153 1632 1216 ducibus,
1683 1153 1773 1218 qui
1810 1152 2070 1222 dignitate
2098 1161 2315 1206 ceteros
2347 1149 2729 1208 antecellebat,
2766 1165 2865 1201 non
2889 1157 3097 1201 tantum
3125 1164 3228 1200 non
3260 1147 3582 1214 approbasse

345 1237 510 1288 verba
543 1235 617 1308 de
634 1237 897 1302 libertate,
930 1240 1020 1290 sed
1047 1247 1095 1290 et
1114 1239 1302 1308 quibus
1328 1249 1530 1307 poterat
1569 1239 1898 1304 rationibus,
1921 1239 2197 1292 consilium
2230 1237 2482 1304 principis
2530 1236 2862 1304 impedirisse
2885 1251 2903 1288 :
2937 1245 2986 1288 et
3019 1251 3136 1288 vero
3163 1234 3360 1288 similia
3385 1234 3583 1298 dicere,

345 1325 496 1390 quod
517 1307 651 1374 alios
673 1325 917 1389 anteiret,
942 1327 1079 1377 visus
1102 1307 1202 1378 est.
1235 1323 1369 1378 Erat
1406 1326 1563 1394 plane
1589 1327 1642 1379 id
1665 1341 1868 1396 quoque
1893 1321 2128 1378 meorum
2157 1324 2410 1377 scelerum
2440 1323 2669 1392 fructus,
2712 1334 2763 1374 ut
2802 1324 2911 1383 ipse
2941 1322 3067 1375 milii
3091 1321 3310 1384 suadeo,
3338 1323 3586 1388 quemad-

353 1403 574 1462 modum
594 1418 644 1462 et
664 1425 781 1478 qua:
809 1427 1016 1465 evenere
1042 1413 1283 1480 reliqua;
1311 1413 1429 1467 licet
1459 1414 1696 1467 nonnulli
1748 1427 2039 1466 sermonem
2093 1411 2232 1464 hunc
2265 1427 2364 1464 non
2390 1399 2685 1476 patentibus
2723 1409 2942 1462 auribus
2963 1409 3293 1476 arripientes,
3323 1424 3485 1477 neque
3510 1425 3579 1462 se-

355 1499 611 1566 metipsos
636 1515 852 1551 causam
877 1500 1040 1565 fuisse
1055 1501 1389 1568 iudicantes,
1450 1502 1641 1555 divinis
1666 1501 1940 1568 prwceptis
1969 1499 2238 1568 neglectis,
2286 1498 2585 1578 hominibus
2617 1509 2892 1550 eventuum
2916 1513 3109 1550 causas
3151 1496 3441 1549 ascribunt.
3475 1495 3588 1564 Ego

356 1601 505 1648 vero,
524 1587 778 1655 quidquid
805 1588 858 1640 id
879 1587 1061 1656 fuerit,
1087 1589 1280 1642 divinw
1308 1589 1572 1657 punitioni
1602 1599 1813 1658 propter
1842 1604 2011 1642 meam
2037 1590 2409 1642 correctionem
2433 1588 2629 1642 tribuo.

437 1673 502 1728 V.
531 1675 659 1729 Post
692 1675 824 1740 hare,
860 1675 1058 1728 nudam
1107 1675 1317 1730 civibus
1344 1675 1788 1730 Thessalonicam
1836 1673 2075 1729 Murates
2101 1676 2291 1730 incolis
2322 1677 2645 1729 instructam
2698 1672 2974 1740 cupiebat,
3025 1673 3256 1742 ideoque
3280 1673 3510 1727 diversis
3537 1671 3590 1726 in

359 1761 498 1816 locis
529 1772 938 1816 commorantes
996 1761 1516 1818 Thessalonicenses
1563 1763 1615 1816 in
1668 1761 1914 1816 eamdem
1946 1751 2255 1818 revocabat.
2297 1761 2444 1815 lnter
2499 1762 2623 1826 bos,
2654 1761 2744 1828 qui
2773 1759 3215 1814 Thessalonicam
3239 1761 3590 1829 repetierant,

361 1861 551 1916 postea
579 1864 707 1902 vero
733 1865 887 1902 suum
912 1851 962 1902 in
995 1865 1114 1904 eam
1140 1849 1370 1904 reditum
1403 1850 1760 1912 damnabunt,
1796 1865 1921 1904 cum
1943 1849 2180 1906 Murates
2199 1851 2580 1919 aliquotanuis
2605 1849 2801 1918 elapsis
2834 1858 2956 1917 post
2984 1847 3284 1909 excidium,
3303 1847 3588 1918 ingressus

363 1937 581 2002 urbem,
612 1936 876 2003 promissa
912 1933 1494 1992 Thessalonicensibus
1545 1953 1649 1990 non
1689 1944 1953 2000 servaret,
1988 1948 2172 1990 noster
2204 1937 2516 2006 Anagnosta
2562 1936 2682 1990 fuit.
2714 1935 2902 1989 Tradit
2935 1935 3047 1990 haec
3087 1950 3206 2004 cap.
3259 1935 3366 1989 19:
3417 1933 3589 1988 Porro

364 2023 546 2077 abiere
562 2039 852 2091 pra'cones,
889 2023 1170 2093 inquiens,
1196 2024 1265 2077 ad
1289 2024 1457 2078 multa
1488 2025 1634 2077 illius
1658 2024 1878 2078 ditionis
1899 2023 2017 2077 loca
2039 2067 2055 2091 ,
2083 2035 2140 2077 ut
2169 2025 2372 2078 dictum
2406 2034 2482 2078 est
2507 2065 2522 2090 ,
2548 2040 2676 2094 quos
2705 2039 2938 2091 reperere
2967 2021 3470 2088 Tltessalonicenses,
3501 2023 3595 2092 qui

367 2121 493 2162 ante
550 2109 829 2163 nonnullos
861 2125 1028 2163 annos
1067 2126 1242 2164 rerum
1272 2112 1532 2178 angustiis
1565 2113 1729 2178 pressi
1759 2126 1822 2164 ea:
1849 2128 1911 2164 ea
1942 2122 2281 2175 secesserant,
2323 2114 2483 2166 etiam
2508 2114 2556 2165 vi
2586 2111 2797 2164 reduces
2830 2110 3016 2179 fecere,
3052 2113 3281 2178 captivos
3313 2111 3432 2163 item
3463 2125 3596 2178 quo-

369 2213 471 2261 quo
503 2199 655 2250 modo
683 2198 739 2251 in
761 2197 1057 2251 libertatem
1085 2199 1397 2252 vindicatos.
1430 2198 1635 2254 Ibidem
1668 2199 1829 2267 paulo
1849 2207 1972 2266 post
2000 2215 2015 2252 :
2049 2196 2413 2267 Opinabamur
2453 2213 2594 2260 vero,
2631 2196 2811 2250 urbem
2843 2212 3023 2249 rursus
3047 2197 3328 2264 pristinum
3353 2197 3596 2250 decorem

377 2294 725 2353 recepturum,
763 2293 812 2337 et
845 2287 1090 2350 pietatem
1137 2285 1285 2338 novis
1321 2287 1540 2354 ﬂoribus
1570 2303 1914 2349 emersurum,
1946 2295 2016 2349 et,
2049 2296 2104 2338 ut
2148 2297 2325 2350 antea,
2355 2285 2508 2355 longe
2541 2285 2745 2354 lateque
2777 2285 3176 2354 divagaturam.
3214 2284 3278 2338 Et
3304 2284 3441 2354 forte
3474 2284 3596 2352 θηξ-

372 2366 514 2426 ctum
548 2373 838 2436 habuisset,
869 2372 923 2426 ni
954 2387 1137 2426 rursus
1169 2387 1404 2426 meorum
1457 2372 1765 2427 delictorum
1817 2374 1967 2441 copia
1990 2375 2300 2439 obstitisset,
2338 2374 2599 2442 datusque
2622 2379 2754 2427 esset
2786 2371 2936 2426 locus
2970 2373 3321 2442 improbitati.
3371 2371 3456 2426 Ea:
3495 2388 3598 2436 quo

368 2461 511 2514 enim
541 2460 730 2513 civitas
786 2460 1088 2527 captivitate
1115 2476 1297 2528 pressa
1349 2460 1547 2528 fuerat,
1576 2470 1625 2513 et
1657 2459 1902 2515 Murates
1935 2462 2138 2526 omnia,
2169 2472 2217 2515 et
2250 2459 2475 2528 nidiﬁcia
2501 2500 2516 2525 ,
2553 2469 2600 2513 et
2625 2461 2997 2527 possessiones,
3024 2470 3074 2513 et
3096 2475 3253 2513 sacra
3289 2460 3507 2526 templa,
3549 2477 3582 2512 e-

372 2544 718 2613 monasteria,
738 2557 804 2600 ~et
836 2563 1018 2601 eorum
1041 2548 1260 2610 reditus,
1301 2547 1450 2601 nobis
1491 2549 1860 2602 revertentibus
1893 2564 2098 2619 quoquo
2129 2550 2282 2602 modo
2318 2547 2497 2601 liberis
2520 2547 2675 2619 factis
2702 2546 2975 2616 magniﬁce
2999 2554 3050 2599 et
3081 2547 3300 2615 scripto,
3323 2555 3374 2601 et
3396 2563 3599 2601 sermo-

373 2651 438 2688 ne
463 2635 716 2701 elargitus
745 2643 847 2698 est,
899 2643 948 2689 et
984 2635 1114 2690 locis
1146 2649 1211 2690 ea:
1261 2636 1500 2690 omnibus
1551 2637 1952 2691 advenientibus
1995 2635 2291 2689 libertatem
2317 2637 2502 2704 palam
2522 2634 2710 2700 edixit,
2745 2645 2791 2687 et
2816 2651 2939 2688 suas
2973 2633 3178 2699 domus,
3210 2643 3260 2687 et
3279 2650 3601 2704 quacunque

372 2722 667 2777 immobilia
693 2739 866 2778 omnes
901 2735 1299 2788 recuperarunt,
1345 2733 1394 2778 et
1419 2725 1548 2777 ordo
1602 2727 1790 2788 omnis,
1817 2733 1865 2778 et
1893 2739 2018 2794 gens
2054 2726 2294 2778 universa
2322 2723 2549 2776 civitatis
2600 2721 2827 2776 secundo
2873 2722 3054 2792 augeri
3085 2723 3425 2790 renovarique
3455 2724 3599 2803 haud

375 2810 700 2878 improspere
732 2826 952 2880 cepere,
983 2819 1031 2862 et
1059 2819 1243 2876 pastor
1303 2811 1447 2864 urbis
1493 2821 1720 2872 creatus,
1774 2821 1824 2864 et
1881 2812 2117 2866 Ecclesia
2174 2813 2406 2866 constitit
2464 2813 2575 2864 suis
2645 2812 2900 2864 institutis
2948 2811 3250 2878 conspicua,
3307 2824 3357 2866 et
3413 2830 3603 2865 mona-

381 2898 468 2951 chi
489 2899 811 2951 monasteria
841 2907 1139 2958 tenuerunt,
1172 2909 1218 2951 et
1249 2897 1478 2952 studiose
1503 2898 1787 2950 admodum
1812 2913 1989 2952 eorum
2022 2901 2313 2971 augmentis
2343 2899 2639 2964 inhiabant,
2679 2914 2954 2964 omnesque
2988 2915 3074 2966 spe
3089 2896 3429 2952 lactubamur
3461 2900 3597 2953 bona

376 2999 454 3052 et,
488 2985 545 3042 ut
579 2988 801 3040 breviter
833 3003 912 3042 me
947 2988 1246 3056 expediant,
1279 2997 1498 3054 prapter
1521 2987 1786 3040 excidium
1813 2989 1960 3041 nobis
1984 2988 2242 3040 malorum
2276 2975 2550 3040 illato'rum
2583 2987 2839 3040 memoria
2865 2989 3088 3052 amissa,
3120 2988 3480 3054 gaudebamus
3504 3005 3600 3054 pro

388 3076 476 3141 iis,
505 3091 622 3146 qua:
655 3074 800 3128 nobis
838 3076 1104 3142 insperato
1131 3076 1448 3145 obtigerant,
1471 3086 1518 3128 et
1544 3075 1823 3142 pristinam
1851 3076 2156 3144 felicitatem
2210 3073 2758 3144 tranquillitatemque
2789 3085 3190 3129 consecutura»:
3219 3074 3400 3146 urbem
3419 3091 3604 3143 spera-

385 3143 606 3222 bamus;
637 3163 746 3215 tuin
767 3178 833 3216 ea:
855 3164 1026 3228 nobis,
1067 3175 1122 3214 ut
1155 3143 1430 3231 proverbio
1476 3164 1667 3232 fertur,
1690 3143 1859 3216 lorum
1888 3174 2152 3230 sumptum
2188 3172 2287 3234 est,
2318 3149 2389 3224 et,
2412 3176 2527 3231 qua:
2554 3143 2966 3231 expectabantur
3003 3164 3159 3226 bona,
3192 3143 3246 3216 iit
3275 3165 3604 3218 contrarium

390 3251 704 3303 reciderunt.
732 3248 864 3318 Cap.
891 3250 964 3304 20
991 3266 1005 3303 :
1045 3247 1188 3302 Nam
1243 3249 1675 3304 Thessalonicam
1725 3260 1954 3318 repetens
1993 3250 2234 3305 Murates
2265 3249 2549 3323 [secundus
2576 3261 2688 3304 tum
2719 3253 2963 3306 currebat
2989 3251 3066 3306 vel
3095 3253 3280 3305 tertius
3310 3264 3426 3323 post
3465 3257 3610 3318 exci-

379 3337 537 3390 dium
565 3336 757 3408 annus]
785 3347 843 3390 ut
861 3353 978 3392 eam
1000 3338 1267 3403 inviseret,
1295 3341 1700 3407 accuratiusque
1730 3355 1810 3392 res
1832 3338 1977 3390 illius
2009 3337 2325 3401 addisceret,
2350 3348 2397 3391 et
2422 3337 2570 3392 bonis
2595 3339 2741 3392 illius
2773 3339 3059 3409 frueretur,
3088 3350 3134 3391 et
3162 3341 3458 3393 muneribus
3488 3358 3609 3393 mu-

384 3426 559 3494 niﬁcis
592 3427 925 3479 contenderet
946 3442 1062 3479 cum
1090 3443 1184 3480 suo
1210 3429 1565 3496 progenitore,
1587 3429 1833 3496 illiusque
1870 3427 2101 3498 vestigiis
2133 3427 2396 3481 insisteret
2428 3444 2447 3481 :
2481 3427 2572 3495 qui
2599 3425 2973 3480 Thessalonica
2999 3427 3194 3494 potitus
3221 3429 3423 3496 gratias
3451 3430 3614 3482 innu-

382 3527 557 3565 meras
611 3511 1016 3581 largitionesque
1069 3515 1328 3566 maximas
1377 3515 1541 3581 fecit:
1597 3515 1968 3583 ltuc,inquam,
2021 3515 2187 3583 fretus
2233 3523 2420 3577 mente,
2459 3514 2701 3583 illiusque
2753 3515 3094 3583 exsequenda:
3146 3531 3314 3570 causa
3372 3518 3608 3581 veniens,

378 3600 715 3663 postmodum
739 3597 895 3653 malis
925 3599 1156 3653 aliorum
1184 3601 1569 3655 monitionibus
1606 3603 1916 3664 distractus,
1954 3603 2236 3656 consilium
2269 3604 2651 3671 pristinamque
2685 3605 2995 3657 sententiam
3022 3614 3190 3658 mtttat
3218 3621 3236 3658 :
3267 3615 3316 3660 et
3344 3622 3481 3673 quin,
3507 3623 3610 3676 qtto

382 3683 533 3751 capti
559 3698 740 3736 sumus
775 3692 1028 3752 tempore,
1052 3699 1158 3738 non
1183 3686 1406 3754 peregit,
1433 3700 1492 3738 eo
1545 3683 1792 3751 temporis
1823 3685 2073 3753 per/icere
2103 3693 2393 3744 constituit.
2429 3691 2622 3762 Igitur,
2660 3694 2780 3747 licet
2813 3694 2902 3746 ille
2940 3691 3157 3756 diceret,
3184 3695 3300 3749 ideo
3330 3711 3388 3748 se
3414 3697 3613 3748 venisse

389 3780 445 3823 ut
476 3770 656 3823 urbem
687 3781 732 3823 et
756 3769 965 3839 singula
996 3771 1143 3824 illius
1171 3772 1622 3838 circumspiceret,
1642 3773 1866 3839 otioque
1891 3782 1938 3824 et
1970 3772 2168 3832 laboris
2198 3777 2498 3833 remissione
2527 3789 2788 3841 uteretur,
2827 3779 3082 3849 bonisque
3120 3781 3264 3833 illius
3303 3781 3371 3832 ad
3401 3785 3610 3834 saturi-

392 3866 558 3912 tatem
584 3859 971 3925 luxuriaretur,
995 3860 1172 3928 sicque
1199 3875 1303 3913 non
1343 3860 1518 3913 minus
1544 3860 1597 3912 in
1629 3875 1744 3913 eam
1779 3859 2017 3914 benevole
2067 3865 2289 3932 a/I’ectus
2313 3903 2330 3928 ,
2357 3864 2574 3918 meliora
2599 3870 2861 3933 speranda
2895 3865 3044 3920 nobis
3075 3867 3128 3919 in
3159 3876 3424 3934 posterum
3450 3868 3612 3922 relin-

386 3954 609 4015 queret;
641 3947 982 4000 nihilominus
1012 3947 1241 4012 primum
1272 3947 1579 4000 mandatum
1611 3946 1776 4008 dedit,
1802 3948 1938 4014 quod
1979 3963 2072 4001 nec
2103 3964 2198 4016 per
2227 3951 2492 4003 somnium
2517 3951 3006 4020 quidemquispium
3029 3963 3378 4020 expectasset.
3413 3953 3477 4008 Id
3509 3972 3612 4008 au-

359 4026 362 4027 ⁷
388 4046 492 4088 tem
520 4041 656 4096 erat,
693 4036 1014 4087 monasteria
1045 4035 1223 4087 omnia
1249 4032 1549 4102 templaque
1590 4034 1925 4101 occupanda,
1973 4049 2154 4088 eorum
2184 4037 2384 4090 reditus
2414 4053 2591 4091 omnes
2639 4039 3094 4108 possessionesque
3118 4042 3456 4108 auferendas,
3483 4053 3531 4096 et
3557 4045 3615 4097 iu

387 4131 674 4190 angustum
700 4123 884 4190 Oppido
917 4138 998 4175 res
1032 4132 1239 4177 nostras
1266 4123 1546 4190 cogendas.
1601 4120 1750 4186 Quod
1781 4137 1881 4174 natt
1907 4123 2071 4175 multo
2101 4133 2215 4190 post
2245 4124 2448 4193 factum
2491 4134 2566 4179 est
2591 4125 2656 4179 ab
2686 4125 2796 4178 illis
2814 4126 3108 4196 insigniter.
3141 4127 3274 4197 Cap.
3312 4129 3376 4182 21
3409 4147 3423 4183 :
3457 4128 3616 4183 Nunc

388 4224 570 4274 porro,
609 4209 701 4277 qui
725 4227 754 4262 a
787 4209 1108 4277 longioribus
1139 4210 1246 4262 oris
1281 4210 1456 4274 illius,
1499 4220 1756 4276 compotes
1779 4207 1938 4276 ﬂendi
1961 4210 2223 4264 desiderio
2258 4212 2604 4276 exardebant,
2633 4230 2720 4267 eos
2749 4214 2837 4269 sui
2861 4198 3128 4279 desiderii,
3163 4219 3253 4268 sed
3289 4227 3334 4270 et
3365 4233 3460 4270 nos
3485 4233 3616 4285 quo-

387 4311 488 4364 que
525 4296 579 4348 in
599 4311 714 4348 eam
743 4297 1020 4350 reditionis
1045 4297 1258 4364 paenitet
1287 4313 1306 4361 ;
1340 4313 1459 4350 cum
1488 4313 1602 4365 spes
1637 4297 1871 4369 melioris
1893 4306 2067 4351 status
2093 4300 2302 4367 penitus
2344 4304 2552 4354 sublata
2583 4303 2670 4354 sit.
2699 4299 2800 4357 Ubi
2837 4311 3017 4367 notes,
3055 4311 3328 4358 auctorem
3363 4315 3614 4358 nostrum

389 4384 570 4451 capite
600 4382 690 4448 20,
724 4398 846 4437 cum
865 4384 937 4439 sit
964 4382 1184 4449 dubius,
1220 4384 1394 4438 altero
1426 4401 1494 4439 an
1545 4385 1707 4440 tertio
1739 4399 1905 4448 anno,
1946 4395 2072 4454 post
2103 4387 2254 4442 urbis
2293 4388 2793 4446 Thessalonicensis
2815 4390 3116 4454 excidium,
3161 4391 3212 4444 id
3269 4400 3353 4446 est
3401 4408 3608 4446 annum

385 4467 593 4524 Christi
633 4470 794 4534 M50,
826 4485 934 4536 res,
967 4486 1107 4541 quas
1146 4473 1246 4526 hoc
1287 4473 1402 4526 loco
1439 4482 1644 4537 narrat,
1677 4473 2012 4538 acciderint;
2044 4471 2224 4527 facere
2255 4477 2411 4529 nobis
2446 4476 2662 4546 aliquod
2703 4477 2988 4542 indicium,
3017 4492 3111 4532 eas
3145 4495 3202 4532 se
3236 4479 3432 4534 litteris
3465 4495 3584 4534 cont
3606 4509 3620 4520 -

349 4625 352 4627 Α
389 4559 610 4626 misisse
641 4567 764 4628 post
783 4573 956 4614 annos
983 4560 1051 4614 ab
1070 4569 1375 4638 expuggata
1406 4559 1794 4616 Thessalonica
1820 4559 2020 4628 plures,
2038 4575 2202 4638 quam
2250 4572 2358 4618 tres
2397 4573 2475 4628 ul,
2507 4576 2674 4635 quoto
2699 4580 2842 4620 anno
2859 4579 3025 4638 gesta:
3047 4568 3269 4632 fuerint,
3296 4580 3486 4622 exacte
3511 4584 3618 4622 non

388 4647 624 4716 amplius
653 4647 930 4703 recordari
960 4649 1217 4716 potuerit.
1241 4629 1418 4714 ﬁnde,
1456 4666 1562 4704 non
1594 4658 1799 4704 tantum
1833 4662 1976 4702 anno
2016 4629 2217 4702 Christi
2273 4649 2429 4714 1455,
2465 4629 2557 4705 sed
2593 4645 2758 4706 etiam
2787 4629 2994 4724 aliquot
3031 4655 3189 4708 anuis
3218 4629 3339 4723 post
3367 4656 3420 4708 in
3482 4655 3620 4709 vivis

387 4737 758 4805 Anaguostam
782 4745 1025 4792 nostrum
1052 4737 1328 4792 exstitisse
1345 4738 1588 4808 colligas.

871 4873 1100 4930 Joannis
1131 4878 1444 4947 Anagnosta:
1465 4878 1683 4948 scripta.
1719 4879 1792 4934 De
1815 4882 1964 4935 rebus
1988 4871 2685 4946 Constantinopolitanorum
2713 4873 3089 4929 Macedonicis.

469 4987 554 5043 VI.
586 4988 666 5042 Ad
696 4986 983 5057 quemdam
1037 4987 1214 5040 virum
1284 4989 1633 5052 laudabilem,
1685 4991 1840 5060 cujus
1887 5002 2082 5044 nomen
2142 4987 2360 5042 silentio
2408 4984 2559 5052 tegit,
2617 4986 2982 5037 narrationem
3035 4984 3101 5037 de
3133 4993 3374 5037 extremo
3406 4984 3624 5038 excidio
3701 5033 3710 5041 .

391 5076 802 5132 Thessalonicae
832 5075 1076 5143 scripsit.
1121 5073 1233 5129 Hoc
1269 5075 1448 5132 libello
1480 5087 1687 5140 narrat,
1714 5086 1767 5131 et
1798 5077 2157 5138 obsidionem,
2183 5085 2238 5128 et
2279 5070 2744 5139 expugnationem
2767 5069 3094 5124 istiusurbis
3125 5067 3476 5123 Macedonum
3513 5071 3623 5136 pri-
3716 5126 3718 5128 τ

393 5164 603 5229 marite,
625 5178 788 5232 quam
814 5164 1039 5232 imperio
1060 5162 1356 5217 CPolitauo
1409 5164 1731 5232 subiectam,
1768 5180 1889 5219 cum
1931 5165 2190 5217 adversus
2227 5159 2435 5213 Turcas
2471 5157 2742 5228 Cpolitani
2769 5158 3059 5213 defendere
3085 5159 3219 5212 satis
3246 5175 3348 5211 non
3379 5171 3623 5226 possent,

398 5251 735 5306 Venetorum
769 5251 1020 5319 potestati
1063 5248 1358 5313 subditam,
1390 5266 1533 5304 anno
1573 5252 1918 5320 imperatoris
1945 5249 2172 5306 Joannis
2205 5247 2488 5314 Palaeologi
2521 5245 2763 5300 Juuioris
2784 5245 2869 5310 l2,
2904 5245 3106 5302 Christi
3130 5245 3288 5311 1430,
3321 5245 3558 5300 Murates
3582 5245 3622 5299 ll

392 5337 698 5392 Turcarum
721 5338 972 5405 princeps
1001 5339 1248 5392 dominio
1275 5336 1508 5391 Turcico
1543 5338 1793 5403 subjecit.
1836 5338 2045 5398 Prodiit
2067 5336 2255 5390 Graece
2276 5346 2330 5389 et
2360 5333 2567 5397 Latine,
2603 5333 2901 5403 interprete
2921 5333 3100 5390 Leone
3129 5335 3352 5399 Allatio,
3386 5337 3439 5389 in
3475 5333 3626 5403 ejus-

392 5425 520 5480 dem
575 5423 891 5494 Symtuictis
913 5466 928 5491 ,
961 5424 1197 5480 Coloniae
1215 5424 1524 5494 Agrippinae
1556 5440 1651 5493 per
1686 5423 1949 5480 lodocum
1981 5427 2322 5492 unicoviutu,
2351 5423 2712 5490 MDt1L|||,in
2749 5426 2821 5496 8._

715 5879 987 5938 ΡΛτιιοι..
1023 5879 1140 5942 Gtt.
1179 5874 1377 5936 CLVI.
1899 5964 1906 5967 _
2127 5964 2130 5966 γ

1899 5964 1906 5967 _
2127 5964 2130 5966 γ
3131 5875 3207 5934 19
