3990 6678
504 439 603 505 591

1709 438 2032 501 JOANNIS
2067 441 2541 506 ANAGNOSTJZ

3647 460 3758 515 £92

499 563 559 607 ut
581 562 634 606 ιιι
666 560 787 605 cate
813 552 976 616 nosti,
1021 560 1229 606 tantum
1277 549 1542 604 malorum
1571 562 1868 606 sustineret
1909 564 1965 608 ct
1989 553 2072 608 di-

2188 556 2253 618 ὥς
2280 553 2449 621 οἶδας,
2477 560 2572 610 καὶ
2603 558 2875 628 ὁσημέραι
2908 561 3118 629 θλέᾦεις
3147 563 3279 631 ἡμῖν
3310 562 3577 629 ἐπήγοντο
3615 576 3754 613 παν-

498 647 578 700 ris
606 647 850 716 quotidie
893 645 1077 700 exitiis
1113 646 1352 714 undique
1388 643 1651 698 confertis
1687 643 2070 711 aﬂlictaretur,

497 747 553 792 et
604 751 887 791 sermones
941 736 1095 789 multi
1128 738 1513 791 conferrentur
1535 751 1769 804 quonam
1803 749 1962 806 pacto
2004 754 2070 792 ex

503 839 583 883 lul
639 828 794 882 malis
847 843 1130 897 emergere
1179 841 1488 897 possemus,
1533 826 1740 881 nullum
1774 828 2071 882 remedium

499 923 848 982 occurrebat,
902 936 1002 976 nec
1045 921 1234 974 aderat
1272 922 1641 974 Averruncus.
1700 919 1888 988 Neque
1923 920 2070 974 enim

502 1012 691 1068 Turcae
709 1029 832 1067 cum
847 1011 1052 1067 Latinis
1067 1012 1245 1066 ftedns
1262 1013 1452 1074 iniere,
1479 1012 1606 1067 licet
1626 1012 1823 1080 saepius
1843 1011 2074 1081 legatio-

505 1125 571 1161 ne
596 1108 763 1162 missa
787 1108 839 1161 id
859 1116 1278 1175 pertentassent,
1296 1106 1680 1175 supplicesque
1696 1107 1860 1162 etiam
1886 1121 2075 1175 rogas-

504 1210 662 1265 sent;
686 1215 860 1271 neque
885 1210 1003 1253 erat
1033 1200 1084 1252 iu
1120 1209 1306 1252 nostra
1337 1208 1628 1268 potestate,
1658 1199 1830 1266 copiis
1866 1199 2075 1254 nostris

505 1293 561 1345 in
598 1299 888 1362 angustum
920 1290 1118 1358 oppido
1149 1290 1353 1343 coactis
1374 1298 1427 1342 et
1460 1288 1901 1344 discordantibus
1932 1293 2075 1343 votis

506 1383 575 1435 ab
608 1380 850 1435 unanimi
901 1380 1172 1434 sententia
1204 1378 1503 1443 convulsis,
1539 1378 1756 1448 aliquid
1787 1393 1975 1448 agere,
2015 1389 2076 1434 ut

509 1483 623 1528 tute
656 1473 819 1529 etiam
846 1472 1012 1536 nosti,
1035 1473 1125 1540 qui
1162 1487 1266 1526 una
1300 1469 1585 1526 nobiscum
1630 1484 1779 1534 cras,
1803 1471 2073 1527 malorum

506 1565 732 1634 perinde
773 1573 940 1631 atque
971 1563 1058 1618 alii
1091 1571 1371 1630 expertus.

575 1659 628 1709 3.
659 1655 794 1712 Cum
820 1656 1001 1723 itaque
1035 1669 1119 1709 res
1142 1664 1348 1709 nostra:
1382 1653 1454 1708 ita
1481 1669 1540 1710 se
1574 1654 1856 1721 baberent,
1885 1666 1940 1711 et
1967 1655 2080 1710 sin-

506 1747 626 1814 gula
675 1754 948 1800 momenta
992 1744 1310 1800 innumeras
1357 1759 1526 1815 prope
1575 1759 1748 1800 noras
1786 1745 2077 1813 inferrent,

505 1841 680 1908 deque
710 1839 882 1893 salute
932 1838 1364 1906 desperaremus,
1420 1837 1620 1893 malum
1655 1839 1801 1893 aliud
1856 1850 2080 1908 repente

2172 650 2425 716 ταχόθεν,
2477 652 2570 703 καὶ
2616 651 2792 716 λόγων
2821 653 3033 706 πολλῶν
3087 656 3219 720 παρ’
3258 653 3511 716 ἑκάστοις
3544 653 3656 713 ττιῖις
3686 657 3754 702 ἂν

2174 741 2514 810 ἁναθείημεν
2561 745 2906 812 γιγνομένων
2940 747 3141 814 τρόπος
3170 741 3239 814 ἦν
3287 745 3395 798 οὖδ⁹
3444 744 3691 798 ἐστισοῧν
3723 748 3756 796 ὁ

2172 833 2377 886 τούτων
2403 836 2549 903 ἡμᾶς
2579 835 2690 887 τῶν
2734 837 2926 889 δεινῶν
2963 836 3306 900 ἀπαλλάξων.
3362 836 3500 890 Οὔτε
3550 839 3657 904 γὰρ
3702 839 3752 886 οἱ

2174 923 2405 992 Τοῦρκοι
2433 928 2544 988 τοῖς
2572 927 2822 989 Λατίνοις
2873 925 3157 980 ἐϐούλοντο
3201 926 3528 979 σπείσασθαι
3562 926 3754 977 πολλά-

2175 1031 2262 1076 κις
2294 1017 2801 1087 πρεσϐευσαμένοις
2825 1019 2955 1086 περὶ
2983 1019 3176 1071 τούτου
3201 1019 3294 1072 καὶ
3314 1018 3610 1088 δεηθεῖσιν,
3642 1015 3750 1070 οὖν

2174 1109 2309 1176 ἡμῖν
2333 1107 2459 1174 ἐξῆν
2497 1109 2697 1178 πρᾶξαι
2726 1112 2787 1163 τὸ
2813 1113 2951 1164 κατὰ
2991 1111 3241 1180 γνώμην,
3272 1110 3472 1176 ὀλίγοις
3495 1111 3635 1175 ἄγαν
3666 1129 3734 1162 κα

2177 1198 2467 1269 θεστηκόσι
2509 1203 2600 1253 καὶ
2644 1203 2927 1271 ἀνισότητι
2973 1202 3202 1272 γνιῖιμης
3239 1202 3647 1268 ἀποϐεϐληκόσι
3700 1203 3760 1256 τὸ

2177 1291 2444 1359 ὁμονοεῖν.
2479 1293 2556 1356 ὡς
2598 1293 2709 1362 ἄρα
2741 1295 2832 1347 καὶ
2865 1296 2950 1348 σοὶ
2974 1294 3252 1365 γνώριμον
3285 1296 3442 1348 τοῦτο
3473 1296 3572 1348 σὺν
3626 1297 3758 1365 ἡμῖν

2176 1399 2240 1451 γε
2271 1383 2385 1436 δντι
2402 1385 2494 1438 καὶ
2523 1385 2631 1439 τῶν
2659 1386 2849 1440 δεινῶν
2869 1388 3094 1442 ἐκείνων
3124 1389 3235 1450 τοῖς
3261 1388 3443 1451 ἄλλοις
3472 1388 3767 1458 παραπλη-

2180 1475 2311 1540 σίως
2345 1478 2589 1546 εἰληφότι
2617 1479 2719 1553 τὴν
2745 1471 2958 1550 πεῖραν.

2252 1653 2322 1724 γ’.
2359 1656 2546 1718 Οὕτως
2579 1651 2675 1712 οὖν
2705 1658 2841 1728 ἡμῖν
2870 1658 3110 1728 ἔχουσιν,
3146 1659 3269 1712 ὅσαι
3300 1676 3360 1712 τε
3391 1651 3532 1729 ὧραι
3589 1661 3774 1728 μυρία

2179 1749 2250 1803 τὰ
2300 1749 2516 1819 χαλεπὰ
2551 1751 2777 1821 φέρουσι
2814 1753 2907 1805 καὶ
2943 1752 3043 1824 τὴν
3071 1754 3348 1823 σωτηρίαν
3376 1753 3773 1822 ἀπαγορεύου-

2181 1860 2288 1906 σιν,
2321 1843 2490 1917 κακὸν
2523 1845 2784 1916 ἐξαίφνης
2808 1845 3040 1915 ἐπῆλθεν
3059 1847 3244 1916 ἕτερον
3266 1847 3360 1899 καὶ
3393 1849 3772 1917 στερροτέραν

508 1932 725 1999 irrupit,
749 1939 804 1984 et
825 1929 1140 1984 validiorem
1168 1930 1459 1983 adamante
1489 1929 1733 1984 animum
1777 1929 2079 2000 disjiciens',

2188 1937 2363 1991 ειπειν
2385 1914 2694 2007 ι’δάμαντος
2724 1914 2936 2002 mea“
2963 1914 3165 2009 ψυχήνζ
3203 1938 3276 1992 Τὸ
3296 1939 3341 1991 δ’
3378 1933 3445 2008 ἦν
3473 1914 3505 2004 ἦ
3529 1914 3636 1990 τοῦ
3667 1914 3775 1990 κα·

507 2023 633 2077 boni
694 2022 902 2076 scilicet
966 2021 1203 2088 pastoris
1232 2028 1308 2084 et,
1355 2036 1509 2090 aeque
1540 2035 1603 2076 ac
1627 2023 1834 2092 primus
1867 2033 2072 2091 pastor,

506 2118 751 2186 quatidie
775 2117 994 2186 profuse
1026 2119 1261 2170 animam
1298 2117 1574 2187 ponentis,
1608 2117 1791 2172 divino
1839 2118 2072 2174 consilio

505 2209 708 2272 obitus,
740 2209 815 2263 illi
841 2208 1055 2276 quidem
1087 2207 1359 2262 fortunate
1391 2207 1716 2275 succedens,
1749 2210 1908 2265 nobis
1936 2225 2068 2265 vero

505 2303 727 2367 damna,
784 2316 957 2370 eaque
1013 2301 1279 2371 ingentia,
1324 2301 1649 2368 concilians,
1692 2303 1785 2372 qui
1836 2303 1983 2359 illius
2008 2304 2076 2359 ad

509 2393 678 2450 Deum
707 2395 984 2463 precibus,
1022 2395 1219 2463 quibus
1238 2392 1401 2448 saluti
1424 2403 1626 2450 nostra;
1661 2395 2074 2464 providebatur,

505 2488 808 2554 privamur.
841 2485 908 2540 Et
935 2487 1121 2542 divino
1145 2486 1382 2542 consilio
1419 2487 1571 2541 illum
1610 2489 1914 2558 contigisse
1944 2504 2079 2544 con-

505 2580 665 2649 jicies
705 2594 770 2632 ex
802 2579 913 2634 illis
946 2594 1065 2649 qua
1111 2578 1188 2633 illi
1219 2578 1397 2636 adhuc
1444 2581 1726 2650 superstiti
1761 2581 1906 2636 inter
1933 2596 2078 2638 som-

507 2671 763 2726 niandum
790 2682 1107 2726 evenerant.
1159 2673 1322 2728 Visus
1348 2679 1431 2728 est
1458 2673 1584 2739 sibi,
1622 2683 1916 2744 antequam
1949 2677 2078 2731 urbs

505 2761 651 2817 bello
679 2763 1011 2828 concideret,
1043 2763 1266 2818 domum
1322 2764 1644 2834 praeclaram
1679 2776 1733 2819 et
1784 2768 2078 2822 maximam

507 2855 778 2922 ingresso,
821 2855 1063 2925 singulas
1094 2855 1241 2910 illius
1267 2866 1451 2925 partes
1486 2856 1763 2924 inspicere
1796 2868 1852 2911 et
1881 2857 2077 2912 decora

511 2963 576 3003 ac
601 2947 1027 3017 magnitudinem
1042 2962 1368 3018 magnOpere
1383 2948 1638 3003 demirari
1661 2967 1676 3015 ;
1705 2949 1792 3005 bis
1811 2950 2080 3005 intentum

510 3053 722 3101 vocem,
745 3037 946 3093 deforis
964 3040 1338 3094 advenientem
1357 3040 1632 3096 inaudisse
1653 3063 1665 3097 :
1697 3041 1926 3096 «Domus
1945 3043 2080 3117 hate,

509 3131 669 3199 cujus
699 3139 884 3198 partes
913 3130 1156 3199 singulas
1197 3132 1436 3187 illustres
1464 3141 1627 3201 atque
1655 3144 1912 3188 venustas
1941 3149 2080 3189 con-

516 3221 766 3276 siderans
795 3221 1108 3285 admiraris,
1136 3229 1382 3278 actutum
1411 3222 1662 3276 concidet
1688 3239 1702 3287 ;
1734 3235 1788 3277 et
1815 3237 1881 3277 ne
1917 3232 1969 3276 te
1985 3238 2081 3278 sua

515 3314 673 3367 ruina
691 3314 979 3382 opprimat,
1007 3328 1178 3383 quam
1215 3313 1325 3369 cito
1363 3312 1509 3394 foras
1553 3313 1703 3381 eripe
1745 3324 1851 3368 te.»
1891 3315 2080 3369 Visum

516 3407 624 3461 hoc
645 3405 840 3462 effectu
871 3422 977 3460 non
1035 3406 1208 3461 multo
1245 3413 1370 3476 post
1403 3407 1810 3478 comprobatum
1851 3417 1955 3463 est.
1993 3408 2087 3464 Ille

513 3500 714 3556 ctenim
741 3509 798 3555 ut
814 3499 997 3569 justus
1015 3509 1298 3569 appareret
1325 3509 1379 3556 ct
1409 3501 1628 3556 virtutis
1653 3515 1764 3556 sua:
1790 3503 2084 3557 multorum

515 3593 766 3648 laborum
803 3591 1030 3662 praemia
1062 3590 1312 3659 referret,
1339 3593 1535 3657 sic,uti
1568 3607 1666 3662 par
1703 3604 1842 3658 erat,
1873 3604 1929 3648 et
1963 3603 2088 3650 ante

510 3702 807 3743 commune
859 3685 1249 3750 infortunium,
1282 3686 1349 3741 ad
1373 3686 1575 3749 Deum,
1609 3701 1770 3756 quem
1796 3696 2088 3756 tantopere

515 3782 919 3850 concupiverat,
982 3780 1252 3852 migravit.
1281 3780 1468 3850 Neque
1523 3781 1666 3835 enim
1701 3779 1910 3850 justum
1947 3780 2086 3846 apud

517 3874 685 3929 Deum
722 3873 1082 3943 reputabatur
1129 3873 1390 3928 similium
1422 3872 1684 3927 malorum
1714 3887 1836 3926 eum
1869 3871 2090 3940 partici-

518 3980 637 4034 pem
671 3965 809 4030 fleri,
836 3964 944 4020 vita
969 3965 1236 4034 siquidem
1264 3964 1412 4019 illius
1439 3979 1545 4018 non
1574 3973 1694 4019 erat
1721 3964 1918 4018 similis
1937 3963 2086 4026 aliis,

517 4063 573 4112 et
594 4059 800 4112 semitae
830 4055 1150 4120 immutatae,
1186 4064 1380 4108 ntcum
1409 4054 1703 4110 Salomone
1730 4053 1944 4121 loquar.
1969 4052 2079 4108 Nos

517 4163 651 4202 vero
717 4147 1067 4216 improbitate
1115 4148 1271 4216 plane
1300 4145 1514 4214 repleti,
1546 4159 1601 4199 et
1650 4147 1706 4198 in
1737 4144 2091 4213 cogitationi-

521 4241 623 4294 bus
645 4239 832 4294 cordis
863 4238 1036 4293 nostri
1070 4239 1292 4306 pessimi
1322 4235 1683 4300 ambulantes,
1727 4245 1785 4289 nt
1819 4235 2090 4293 Jeremias

520 4331 719 4400 inquit,
762 4341 817 4384 et
871 4329 1099 4397 perinde
1149 4339 1315 4397 atque
1373 4327 1812 4398 antiquuslsrael
1851 4343 2092 4381 murmu-

524 4429 734 4482 rantes,
763 4429 820 4473 ut
854 4419 1010 4474 nobis
1041 4419 1345 4483 allubescit,
1385 4419 1549 4472 rebus
1607 4434 1714 4471 non
1749 4419 2093 4473 succedenti-

524 4513 652 4575 bus,
677 4508 800 4578 jure
837 4511 1029 4564 merito
1052 4510 1194 4564 mala
1225 4526 1287 4565 ne
1322 4509 1491 4566 solida
1543 4510 1852 4565 calamitate
1887 4519 2092 4565 macta-

527 4617 672 4666 ntur,
727 4611 781 4658 et
805 4601 900 4655 tali
956 4601 1077 4656 viro
1106 4601 1365 4656 orbamur
1397 4601 1489 4671 qui
1539 4601 1689 4658 solus
1721 4600 2094 4656 alllictissintis

527 4696 679 4750 hisce
707 4693 1045 4764 temporibus
1075 4693 1127 4748 in
1160 4693 1322 4746 tantis
1348 4708 1526 4746 rerum
1564 4692 1976 4746 discriminibus
2007 4707 2096 4747 so-

525 4786 712 4840 latium
759 4795 1118 4848 remanserat,
1151 4798 1340 4838 omnes
1393 4784 1660 4851 siquidem
1692 4798 1815 4836 eum
1845 4784 1920 4836 uti
1949 4784 2091 4836 vita-

526 4878 630 4931 lem
669 4877 722 4931 in
776 4875 936 4932 nobis
990 4874 1311 4930 facultatem
1369 4875 1761 4943 reputabamus
1791 4914 1806 4939 ,
1837 4874 2094 4942 illiusque

532 4982 761 5025 mortem
849 4967 1230 5022 tantummodo
1284 4967 1928 5022 ducebamnsadversus
1997 4979 2096 5020 nos

527 5061 844 5131 justissima:
877 5062 1111 5115 numinis
1142 5059 1446 5130 punitionis
1486 5058 1799 5113 exordium.
1838 5056 1951 5113 lloc
2002 5073 2096 5112 eos

535 5154 807 5224 redarguit
830 5154 1178 5222 apertissime
1212 5152 1300 5219 qui
1343 5152 1559 5221 indigna
1591 5152 1736 5205 dicta
1768 5153 1821 5205 in
1857 5165 1978 5205 eum
2015 5152 2096 5204 in-

528 5255 724 5314 gerunt
754 5255 808 5300 et
849 5245 1076 5299 infamia
1114 5253 1371 5307 onerant,
1395 5243 1542 5313 quod
1576 5244 1946 5314 proditionem
1984 5259 2090 5296 non

526 5334 786 5397 suaserit,
817 5342 871 5388 et
893 5336 1035 5404 quod
1063 5349 1160 5389 eos
1188 5333 1424 5404 propriis
1457 5332 1726 5396 consiliis,
1753 5331 1914 5386 altius
1941 5333 2097 5401 quid-

526 5427 670 5496 piam
702 5427 1018 5488 meditatus,
1047 5425 1169 5494 jure
1230 5425 1571 5494 represserit.
1601 5423 1808 5493 Opinor
1841 5423 2093 5492 equidem

530 5530 650 5586 ego,
673 5531 796 5570 cum
833 5516 992 5570 vellet
1026 5515 1169 5570 Deus
1197 5524 1253 5568 ut
1284 5514 1539 5568 omnibus
1572 5513 1938 5568 innotesceret
1972 5515 2096 5583 quis

534 5609 615 5662 vir
638 5608 727 5662 ille
748 5622 903 5661 sacer
929 5618 1075 5661 esset
1107 5618 1157 5660 et
1193 5621 1421 5675 quorum
1453 5604 1666 5673 dignus,
1699 5607 1791 5673 qui
1833 5619 1960 5657 vero
1996 5621 2096 5657 nos

528 5711 582 5752 et
634 5699 833 5768 quibus
883 5699 1062 5768 pmnis
1109 5696 1354 5759 obnoxii,
1435 5696 1634 5763 quibus
1676 5697 1910 5750 miseriis
1949 5696 2097 5763 juste

529 5790 904 5844 cverueiandi.
950 5790 1002 5842 id
1054 5796 1271 5858 propter
1306 5805 1391 5843 res
1417 5791 1704 5858 utriusque
1731 5789 1780 5841 in
1809 5805 1920 5842 rem
1959 5789 2098 5842 utri-

529 5895 634 5951 que
657 5882 1009 5949 disposuisse.

2177 2027 2270 2082 λοῦ
2303 2029 2563 2098 ποιμένος
2602 2031 2696 2083 καὶ
2723 2031 2864 2084 κατὰ
2897 2033 2989 2084 τὸν
3016 2031 3235 2101 πρῶτον
3257 2033 3490 2102 ποιμένα
3527 2036 3625 2101 τὴι
3655 2033 3771 2099 2,22)-

2178 2123 2279 2191 χὴν
2307 2123 2392 2192 ἐφ’
2419 2123 2657 2194 ἑκάστης
2682 2123 2917 2192 ἀφειδῶς
2944 2125 3086 2194 ὑπὲρ
3119 2125 3214 2178 τοῦ
3240 2127 3495 2196 ποιμνίου
3517 2126 3772 2187 τιθέντος

2179 2214 2321 2267 κατὰ
2352 2213 2495 2267 θεῖον
2523 2214 2774 2286 βούλημα
2796 2216 3045 2285 τελευτὴ,
3071 2218 3128 2269 ὲν
3151 2217 3301 2287 καλῷ
3327 2218 3427 2286 μὲν
3458 2217 3656 2286 ἐκεί-,ῳ
3674 2235 3770 2282 γε-

2179 2304 2480 2374 γενημένη,
2536 2305 2735 2376 βλάϐος
2774 2305 2819 2358 δ’
2853 2307 2986 2377 ἡμῖν
3013 2307 3389 2374 ὲπενεγκοῦσα
3437 2306 3594 2370 πολὺ,
3650 2306 3768 2358 τῶν

2180 2394 2391 2447 ἐκείνου
2414 2395 2580 2449 λιτῶν
2613 2397 2752 2468 πρὸς
2793 2396 2915 2451 θεὸν
2956 2400 3323 2469 στερηθεῖσιν,
3356 2394 3444 2462 αῖς
3480 2399 3767 2468 ἐσωζόμεο

2181 2485 2265 2539 Θα.
2303 2487 2429 2540 Ὅτι
2455 2488 2512 2541 δὲ
2547 2489 2686 2542 κατὰ
2711 2490 2864 2544 θείαν
2895 2489 3035 2560 αὕτη
3065 2491 3323 2562 βούλησιν
3351 2487 3440 2562 ἦν,
3463 2490 3632 2545 ἄκουε
3665 2491 3770 2544 τοῦ

2183 2577 2443 2646 φανέντος
2481 2577 2562 2649 τῷ
2597 2579 2862 2650 μακαρίῳ
2895 2581 3143 2650 περιόντι
3195 2581 3320 2635 κατ’
3347 2581 3482 2648 δναρ
3537 2578 3768 2648 ἐκείνῳ.

2185 2667 2370 2733 Ἔδοξε
2405 2668 2511 2738 πρὸ
2539 2668 2633 2722 τοῦ
2654 2669 2754 2740 τὴν
2783 2670 2939 2722 πόλιν
2962 2671 3039 2740 τῷ
3067 2670 3294 2739 πολέμῳ
3315 2670 3582 2742 ληφθῆναι
3610 2664 3770 2722 οἷκον

2182 2775 2306 2812 τινα
2335 2759 2594 2831 λαμπρὸν
2625 2761 2856 2815 εἰσιέναι
2889 2763 2983 2815 καὶ
3015 2762 3370 2832 παμμεγέθη,
3401 2764 3770 2832 περισκοπεῖν

2182 2868 2242 2904 τε
2275 2851 2438 2904 αὐτὸν
2458 2852 2602 2905 κατὰ
2623 2852 2787 2924 μέρος
2812 2856 2907 2907 καὶ¹
2935 2855 3242 2924 θαυμάζειν
3268 2855 3431 2908 αύτο]
3453 2856 3511 2908 τό
3534 2872 3591 2907 τε
3615 2855 3769 2906 κάλ-

2182 2942 2276 3006 λος
2322 2944 2416 2996 καὶ
2448 2945 2700 3014 μέγεθος,
2757 2948 2815 3000 ἐν
2868 2946 3044 3017 τούτῳ
3097 2947 3142 3000 δ’
3175 2947 3286 3001 ὄντι
3328 2947 3512 3018 φωνὴν
3558 2945 3769 3012 ἔξωθεν

2183 3036 2470 3107 ἐνεχθῆναι
2499 3037 2767 3105 λέγουσαν
2812 3058 2829 3091 ι
2877 3041 2938 3094 Ὀ
2971 3041 3070 3110 μὲν
3095 3037 3239 3103 οἶκος
3267 3040 3441 3106 οὗτος,
3468 3035 3526 3094 οὗ
3547 3041 3616 3094 τὰ
3636 3039 3768 3092 καθ’

2185 3130 2434 3192 ἕκαστον,
2467 3123 2512 3184 ὦ
2549 3132 2809 3198 δέσποτα,
2863 3134 2939 3196 ὥς
2987 3133 3108 3186 λίαν
3154 3133 3387 3203 λαμπρὰ
3441 3132 3533 3185 καὶ
3582 3133 3769 3202 ὡραῖα

2188 3219 2490 3291 θαυμάζεις
2521 3223 2858 3292 περιαθρῶν,
2895 3223 3086 3277 πίπτει
3118 3223 3176 3276 τὸ
3216 3226 3400 3292 τάχος.
3441 3223 3532 3275 καὶ
3561 3223 3648 3275 ἵνα
3683 3223 3766 3292 μή

2191 3324 2250 3361 σε
2277 3308 2497 3382 καλύψῃ
2532 3309 2736 3377 πεσὼν,
2767 3310 2904 3376 ἔξιθι
2928 3311 3117 3366 τούτου
3151 3313 3383 3382 ταχέως.
3413 3332 3430 3365 ι
3467 3313 3652 3376 Οὕτως
3690 3308 3769 3364 εῖ-

2189 3415 2284 3468 χεν
2331 3401 2364 3468 ἠ
2395 3400 2542 3470 ὄψις,
2590 3404 2684 3454 καὶ
2721 3404 2802 3465 είς
2831 3403 2991 3472 ἔργον
3046 3399 3184 3474 ἧκεν
3231 3405 3330 3457 οὐκ
3384 3407 3463 3467 εἰς
3519 3405 3764 3474 μακράν.

2201 3489 2440 3554 Ἐκεῖνος
2496 3492 2755 3562 μὲνγὰρ,
2797 3494 2884 3547 τνα
2934 3495 3186 3569 ἀναφανῇ
3246 3498 3457 3560 δίκαιος
3510 3502 3604 3550 καὶ
3647 3500 3767 3552 τῶν

2190 3579 2404 3633 πολλῶν
2428 3585 2527 3652 τῆς
2563 3585 2764 3655 ἀρετῆς
2789 3585 3002 3640 ἐκείνου
3036 3588 3300 3656 καμάτων
3325 3587 3464 3660 λάϐῃ
3489 3588 3584 3651 τὰς
3615 3591 3768 3642 ἀντι-

2190 3670 2386 3735 δόσεις,
2412 3674 2639 3738 εἰκότως
2665 3675 2810 3729 οὕτω
2839 3678 2933 3730 καὶ
2965 3680 3072 3748 πρδ
3097 3679 3195 3749 τῆς
3232 3681 3417 3750 κοινῆς
3447 3684 3769 3752 συμφορᾶς,

2191 3763 2326 3832 πρὸς
2351 3762 2624 3820 evndem
2662 3768 2872 3838 Κύριον
2902 3770 3262 3841 ὲξεδήμησεν.
3295 3773 3369 3826 Οὐ
3413 3772 3520 3842 γὰρ
3550 3773 3772 3825 δίκαιον

2190 3854 2350 3908 τοῦτο
2390 3858 2543 3927 παρὰ
2572 3859 2693 3930 Θεῷ
2723 3861 2965 3931 κέκριτο,
2999 3863 3257 3916 τοιούτοιν
3290 3863 3381 3918 ἶνα
3411 3863 3599 3917 κακῶν
3645 3869 3773 3918 πεῖ-

2196 3961 2295 4014 ραν
2319 3949 2420 4016 σχῇ
2440 3951 2536 4004 καὶ
2566 3953 2878 4024 κοινωνήσῃ
2903 3953 3011 4005 τῶν
3038 3954 3171 4007 ῐσων
3193 3955 3322 4024 ἡμῖν
3338 3971 3352 3985 ·
3375 3955 3629 4026 ἀνόμοιος
3653 3956 3771 4026 γὰρ

2190 4029 2260 4104 ἦν
2289 4039 2398 4098 τοῖς
2432 4039 2614 4102 ἄλλοις
2652 4042 2680 4093 ὁ
2729 4041 2844 4112 βίος
2879 4046 3089 4098 ἐκείνου
3125 4049 3221 4099 καὶ
3265 4046 3671 4116 ἐξηλλαγμέναι
3709 4052 3770 4102 αἱ

2193 4127 2393 4195 τρίϐοι,
2424 4129 2484 4182 τὸ
2515 4132 2864 4201 Σολομῶντος
2895 4137 3091 4191 εἰπεῖν.
3133 4137 3322 4206 Ἡμεῖς
3349 4137 3406 4190 δὲ
3436 4139 3630 4200 κακίας
3663 4142 3772 4205 γέο

2197 4234 2389 4287 μοντες
2421 4221 2579 4286 ὅλως,
2607 4224 2704 4278 καὶ
2734 4225 2914 4279 ὀπίσω
2941 4227 3050 4280 τῶν
3079 4227 3480 4297 ἐνθυμημάτων
3508 4229 3606 4294 τῆς
3628 4246 3774 4296 καρ-

2191 4317 2305 4381 δίας
2329 4319 2486 4389 ἡμῶν
2515 4319 2612 4388 τῆς
2640 4321 2907 4388 πονηρᾶς,
2955 4319 3118 4372 τοῦτο
3157 4321 3222 4392 δὴ
3248 4322 3311 4374 τὸ
3343 4319 3438 4373 τοῦ
3457 4308 3773 4390 Ἰερεμίου,

2193 4400 2576 4480 πορευόμενοι,
2613 4410 2707 4464 καὶ
2735 4411 2878 4463 κατὰ
2903 4410 2994 4463 τὸν
3021 4412 3189 4464 πάλαι
3230 4412 3536 4480 γογγυσταὶ
3561 4415 3775 4479 τυγχά-

2195 4519 2379 4565 νοντες
2421 4501 2670 4572 Ἰσραὴλ,
2705 4503 2843 4555 κατὰ
2882 4505 2980 4570 τὴν
3009 4503 3287 4573 ἡμετέραν
3312 4502 3610 4573 ἐπιθυμίαν
3635 4505 3777 4554 ἀπ’,-

2130 4611 2172 4666 υ
2205 4593 2393 4647 λαύειν
2423 4594 2572 4670 ὅπως
2603 4594 2701 4648 οὐκ
2735 4593 2950 4665 ἔχωμεν
2977 4597 3086 4648 τῶν
3133 4596 3495 4665 πραγμάτων,
3539 4596 3774 4658 δικαίως

2198 4685 2342 4740 οὕτω
2361 4688 2727 4756 πεπράγαμεν
2752 4687 3186 4756 δυστυχέστατα,
3210 4689 3304 4742 καὶ
3329 4687 3519 4741 τούτου
3541 4689 3775 4757 τάνδρὸς

2200 4776 2567 4848 ἐστερήμεθα,
2602 4779 2764 4845 μόνου
2801 4778 3243 4847 περιλειφθέντος
3270 4782 3326 4833 ἐν
3349 4781 3611 4843 τοιούτοις
3643 4798 3776 4833 και-

2207 4871 2317 4939 ροῖς
2351 4871 2445 4922 καὶ
2467 4869 2744 4932 τοσούτοις
2773 4870 3017 4940 ἀνιαροῖς
3049 4873 3128 4935 είς
3157 4871 3528 4943 παραμύθιον.
3563 4873 3774 4936 Πάντες

2201 4961 2309 5029 γὰρ
2341 4960 2527 5031 ῶσπερ
2560 4963 2682 5014 τινὰ
2706 4962 2936 5032 δύναμιν
2973 4961 3213 5034 ζωτικὴν
3260 4949 3318 5017 έν
3351 4966 3480 5034 ἡμῖν
3518 4965 3773 5033 ἐνομίζο-

2204 5069 2305 5122 μεν
2341 5052 2556 5119 τοῦτον,
2608 5057 2700 5106 καὶ
2737 5055 2838 5126 τὴν
2879 5057 3132 5124 τελευτὴν
3177 5057 3389 5111 ἐκείνου
3439 5059 3604 5126 μηδὲν
3639 5057 3776 5112 ἄλλο

2200 5145 2443 5215 νομίζειν
2475 5145 2694 5216 εἴχομεν
2726 5147 2880 5214 ἢτῆς
2915 5147 2998 5216 ἐφ’
3029 5151 3175 5219 ἡμᾶς
3207 5148 3300 5203 τοῦ
3329 5148 3466 5203 Θεοῦ
3498 5151 3773 5203 δικαιοτά-

2200 5254 2303 5307 της
2331 5237 2581 5300 παιδείας
2623 5231 2736 5292 οἷον
2778 5241 3086 5311 προοίμιον.
3135 5239 3304 5294 Τοῦτο
3351 5242 3459 5295 τῶν
3489 5245 3775 5295 κατειπεῖν

2204 5329 2496 5400 ᾑρημένων
2519 5329 2729 5382 ἐκείνου
2757 5331 3093 5399 σαφέστατος
3116 5332 3357 5402 ἔλεγχος,
3389 5334 3483 5386 καὶ
3510 5333 3634 5396 τοὺς
3660 5335 3774 5388 ἀδι-

2203 5420 2323 5472 κίαν
2347 5420 2469 5473 κατ’
2492 5421 2699 5473 ἐκείνου
2728 5420 3027 5481 λαλοῦντας
3066 5423 3150 5476 ὅτι
3190 5426 3264 5494 μὴ
3297 5424 3590 5493 προδοσίαν
3617 5428 3763 5478 ὲσκέ-

2199 5510 2361 5581 ψατο,
2402 5512 2536 5583 μηδὲ
2559 5513 2667 5565 τῶν
2698 5514 2850 5581 σφίσι
2882 5514 3182 5568 δοκούντων
3214 5519 3490 5578 συνιέντας
3516 5509 3523 5517 ’
3545 5516 3764 5585 pas-32:.

2206 5621 2319 5672 ρον,
2371 5603 2592 5666 ἐνδίκως
2637 5605 3005 5674 ἐπιστομίζει.
3061 5603 3232 5675 Οἶμαι
3269 5608 3375 5677 γὰρ
3425 5607 3555 5674 ἐγὼ,
3606 5608 3779 5670 δεῖξαι

2203 5695 2481 5764 βουληθεὶς
2511 5699 2536 5747 ό
2571 5693 2702 5758 Θεὸς
2733 5690 2844 5758 οἷος
2888 5690 2997 5764 μὲν
3027 5698 3054 5749 ὁ
3107 5699 3250 5764 ἱερὸς
3279 5699 3485 5764 ἐκεῖνος
3507 5696 3646 5766 ἀνὴρ
3681 5697 3777 5748 καὶ

2201 5785 2363 5836 τίνων
2392 5784 2542 5848 ἄξιος
2567 5781 2656 5854 ἦν,
2688 5781 2787 5838 οἷοι
2817 5785 2862 5838 δ’
2907 5787 3068 5854 ἡμεῖς
3094 5788 3191 5838 κοιλ⁹
3222 5787 3373 5847 τίνας
3438 5789 3767 5855 εἰσπραχθῇ.

2202 5897 2289 5929 ναι
2335 5879 2487 5938 δίκας
2517 5877 2715 5929 δίκαιοι
2743 5873 2906 5947 ἦμεν.
2937 5877 3024 5929 διὰ
3055 5877 3214 5929 τοῦτο
3241 5879 3306 5928 τὰ
3360 5874 3486 5930 καθ’
3513 5877 3784 5948 ἑκάτερον

2210 5971 2373 6040 μέρος
2406 5969 2574 6031 οὕτως
2602 5969 2920 6039 ᾠκονόμησε
2952 5970 3365 6040 συμφερόντως.
