  <div class='ocr_page' id='page_1' title='image "/cluster/home/n/w/nwhite01/storage/ocr_20150623/156/hvd.32044019208438/424.png"; bbox 0 0 3990 6552; ppageno 0'>
   <div class='ocr_carea' id='block_1_1' title="bbox 202 389 3483 466">
    <p class='ocr_par' dir='ltr' id='par_1_1' title="bbox 202 389 3483 466">
     <span class='ocr_line' id='line_1_1' title="bbox 202 389 3483 466; baseline 0.003 -14"><span class='ocrx_word' id='word_1_1' title='bbox 202 389 342 454; x_wconf 74' lang='lat'><strong>593</strong></span> <span class='ocrx_word' id='word_1_2' title='bbox 1263 400 1360 460; x_wconf 86' lang='lat' dir='ltr'><strong>DE</strong></span> <span class='ocrx_word' id='word_1_3' title='bbox 1405 401 1720 462; x_wconf 79' lang='lat' dir='ltr'><strong>EXCIDIO</strong></span> <span class='ocrx_word' id='word_1_4' title='bbox 1755 399 2044 464; x_wconf 74' lang='lat' dir='ltr'><strong>THESSA</strong></span> <span class='ocrx_word' id='word_1_5' title='bbox 2058 404 2486 466; x_wconf 81' lang='lat' dir='ltr'><strong>LONICENSI.</strong></span> <span class='ocrx_word' id='word_1_6' title='bbox 3380 399 3483 463; x_wconf 68' lang='grc'><strong>594</strong></span> 
     </span>
    </p>
   </div>
   <div class='ocr_carea' id='block_1_2' title="bbox 295 509 1837 592">
    <p class='ocr_par' dir='ltr' id='par_1_2' title="bbox 295 509 1803 586">
     <span class='ocr_line' id='line_1_2' title="bbox 295 509 1803 586; baseline 0.006 -22"><span class='ocrx_word' id='word_1_7' title='bbox 295 509 365 566; x_wconf 87' lang='grc' dir='ltr'><strong>δ’.</strong></span> <span class='ocrx_word' id='word_1_8' title='bbox 407 510 740 567; x_wconf 76' lang='grc' dir='ltr'>Τούτουόὗν</span> <span class='ocrx_word' id='word_1_9' title='bbox 769 512 862 567; x_wconf 81' lang='grc' dir='ltr'>τοῦ</span> <span class='ocrx_word' id='word_1_10' title='bbox 894 514 1087 579; x_wconf 80' lang='grc' dir='ltr'>δεινοῦ,</span> <span class='ocrx_word' id='word_1_11' title='bbox 1125 518 1224 586; x_wconf 79' lang='grc' dir='ltr'>τῆς</span> <span class='ocrx_word' id='word_1_12' title='bbox 1272 520 1536 586; x_wconf 78' lang='grc' dir='ltr'><strong>τελευτῆς</strong></span> <span class='ocrx_word' id='word_1_13' title='bbox 1589 521 1803 574; x_wconf 85' lang='grc' dir='ltr'>ἐκείνου</span> 
     </span>
    </p>
   </div>
   <div class='ocr_carea' id='block_1_3' title="bbox 1939 509 3488 592">
    <p class='ocr_par' dir='ltr' id='par_1_3' title="bbox 1985 519 3488 592">
     <span class='ocr_line' id='line_1_3' title="bbox 1985 519 3488 592; baseline -0.001 -17"><span class='ocrx_word' id='word_1_14' title='bbox 1985 522 2040 578; x_wconf 64' lang='lat'><strong>5.</strong></span> <span class='ocrx_word' id='word_1_15' title='bbox 2068 525 2258 592; x_wconf 84' lang='lat' dir='ltr'><strong>itaque</strong></span> <span class='ocrx_word' id='word_1_16' title='bbox 2285 535 2392 578; x_wconf 88' lang='lat' dir='ltr'><strong>tam</strong></span> <span class='ocrx_word' id='word_1_17' title='bbox 2420 525 2537 578; x_wconf 91' lang='lat' dir='ltr'><strong>diro</strong></span> <span class='ocrx_word' id='word_1_18' title='bbox 2567 523 2730 585; x_wconf 87' lang='lat' dir='ltr'><strong>malo,</strong></span> <span class='ocrx_word' id='word_1_19' title='bbox 2757 521 2905 576; x_wconf 92' lang='lat' dir='ltr'><strong>obitu</strong></span> <span class='ocrx_word' id='word_1_20' title='bbox 2940 535 3132 590; x_wconf 85' lang='lat' dir='ltr'><strong>nempe</strong></span> <span class='ocrx_word' id='word_1_21' title='bbox 3168 519 3335 584; x_wconf 79' lang='lat' dir='ltr'><strong>illius,</strong></span> <span class='ocrx_word' id='word_1_22' title='bbox 3390 535 3488 574; x_wconf 69' lang='lat' dir='ltr'><strong>ete-</strong></span> 
     </span>
    </p>
   </div>
   <div class='ocr_carea' id='block_1_4' title="bbox 197 601 1837 680">
    <p class='ocr_par' dir='ltr' id='par_1_4' title="bbox 197 601 1803 677">
     <span class='ocr_line' id='line_1_4' title="bbox 197 601 1803 677; baseline 0.009 -24"><span class='ocrx_word' id='word_1_23' title='bbox 197 609 400 675; x_wconf 63' lang='grc' dir='ltr'>φημὶ,</span> <span class='ocrx_word' id='word_1_24' title='bbox 435 608 890 677; x_wconf 84' lang='grc' dir='ltr'>προστεθειμένου</span> <span class='ocrx_word' id='word_1_25' title='bbox 919 613 1031 672; x_wconf 85' lang='grc' dir='ltr'>τοῖς</span> <span class='ocrx_word' id='word_1_26' title='bbox 1064 610 1263 673; x_wconf 78' lang='grc' dir='ltr'>ἄλλοις,</span> <span class='ocrx_word' id='word_1_27' title='bbox 1298 615 1391 665; x_wconf 76' lang='grc' dir='ltr'>καὶ</span> <span class='ocrx_word' id='word_1_28' title='bbox 1438 601 1658 667; x_wconf 73' lang='grc' dir='ltr'>πάντων</span> <span class='ocrx_word' id='word_1_29' title='bbox 1694 615 1803 667; x_wconf 87' lang='grc' dir='ltr'><strong>τῶν</strong></span> 
     </span>
    </p>
   </div>
   <div class='ocr_carea' id='block_1_5' title="bbox 1939 601 3484 680">
    <p class='ocr_par' dir='ltr' id='par_1_5' title="bbox 1939 611 3484 680">
     <span class='ocr_line' id='line_1_5' title="bbox 1939 611 3484 680; baseline -0.005 -11"><span class='ocrx_word' id='word_1_30' title='bbox 1939 616 2037 670; x_wconf 72' lang='lat' dir='ltr'><strong>eris</strong></span> <span class='ocrx_word' id='word_1_31' title='bbox 2063 617 2361 680; x_wconf 84' lang='lat' dir='ltr'><strong>adnexo,et</strong></span> <span class='ocrx_word' id='word_1_32' title='bbox 2382 614 2701 669; x_wconf 80' lang='lat' dir='ltr'><strong>omnibusin</strong></span> <span class='ocrx_word' id='word_1_33' title='bbox 2723 615 2942 668; x_wconf 92' lang='lat' dir='ltr'><strong>civitate</strong></span> <span class='ocrx_word' id='word_1_34' title='bbox 2966 613 3116 675; x_wconf 90' lang='lat' dir='ltr'><strong>viris,</strong></span> <span class='ocrx_word' id='word_1_35' title='bbox 3139 611 3484 672; x_wconf 77' lang='lat' dir='ltr'><strong>mulieribus,</strong></span> 
     </span>
    </p>
   </div>
   <div class='ocr_carea' id='block_1_6' title="bbox 200 697 1837 773">
    <p class='ocr_par' dir='ltr' id='par_1_6' title="bbox 200 697 1802 769">
     <span class='ocr_line' id='line_1_6' title="bbox 200 697 1802 769; baseline 0.003 -20"><span class='ocrx_word' id='word_1_36' title='bbox 200 697 283 749; x_wconf 72' lang='grc' dir='ltr'>ὲν</span> <span class='ocrx_word' id='word_1_37' title='bbox 319 700 390 767; x_wconf 80' lang='grc' dir='ltr'>τῇ</span> <span class='ocrx_word' id='word_1_38' title='bbox 427 698 600 760; x_wconf 86' lang='grc' dir='ltr'>πόλει,</span> <span class='ocrx_word' id='word_1_39' title='bbox 651 699 861 769; x_wconf 82' lang='grc' dir='ltr'>ἀνδρῶν</span> <span class='ocrx_word' id='word_1_40' title='bbox 892 700 1173 768; x_wconf 89' lang='grc' dir='ltr'>γυναικῶν</span> <span class='ocrx_word' id='word_1_41' title='bbox 1205 701 1411 754; x_wconf 82' lang='grc' dir='ltr'>παίδων</span> <span class='ocrx_word' id='word_1_42' title='bbox 1462 702 1710 756; x_wconf 79' lang='grc' dir='ltr'><strong>Λατίνων</strong></span> <span class='ocrx_word' id='word_1_43' title='bbox 1743 718 1802 754; x_wconf 87' lang='grc' dir='ltr'><strong>τε</strong></span> 
     </span>
    </p>
   </div>
   <div class='ocr_carea' id='block_1_7' title="bbox 1939 697 3483 773">
    <p class='ocr_par' dir='ltr' id='par_1_7' title="bbox 1945 702 3483 772">
     <span class='ocr_line' id='line_1_7' title="bbox 1945 702 3483 772; baseline -0.002 -16"><span class='ocrx_word' id='word_1_44' title='bbox 1945 706 2110 765; x_wconf 89' lang='lat' dir='ltr'><strong>ueris,</strong></span> <span class='ocrx_word' id='word_1_45' title='bbox 2138 704 2618 769; x_wconf 83' lang='lat' dir='ltr'><strong>Latinis,.|udaeis</strong></span> <span class='ocrx_word' id='word_1_46' title='bbox 2663 718 2878 772; x_wconf 85' lang='lat' dir='ltr'><strong>quoque</strong></span> <span class='ocrx_word' id='word_1_47' title='bbox 2910 702 3064 770; x_wconf 84' lang='lat' dir='ltr'><strong>ipsis,</strong></span> <span class='ocrx_word' id='word_1_48' title='bbox 3117 702 3483 755; x_wconf 85' lang='lat' dir='ltr'><strong>miserandum</strong></span> 
     </span>
    </p>
   </div>
   <div class='ocr_carea' id='block_1_8' title="bbox 201 791 1837 865">
    <p class='ocr_par' dir='ltr' id='par_1_8' title="bbox 201 791 1805 865">
     <span class='ocr_line' id='line_1_8' title="bbox 201 791 1805 865; baseline 0.002 -23"><span class='ocrx_word' id='word_1_49' title='bbox 201 791 324 842; x_wconf 71' lang='grc' dir='ltr'>καὶ</span> <span class='ocrx_word' id='word_1_50' title='bbox 379 791 560 842; x_wconf 79' lang='grc' dir='ltr'>αὐτῶν</span> <span class='ocrx_word' id='word_1_51' title='bbox 603 792 894 851; x_wconf 81' lang='grc' dir='ltr'>Ἰουδαίων,</span> <span class='ocrx_word' id='word_1_52' title='bbox 933 794 1184 857; x_wconf 74' lang='grc' dir='ltr'><strong>ἐλεεινῶς</strong></span> <span class='ocrx_word' id='word_1_53' title='bbox 1230 795 1366 865; x_wconf 86' lang='grc' dir='ltr'>πρδς</span> <span class='ocrx_word' id='word_1_54' title='bbox 1400 795 1665 864; x_wconf 76' lang='grc' dir='ltr'><strong>ἀλλήλους</strong></span> <span class='ocrx_word' id='word_1_55' title='bbox 1692 794 1805 846; x_wconf 82' lang='grc' dir='ltr'>διο-</span> 
     </span>
    </p>
   </div>
   <div class='ocr_carea' id='block_1_9' title="bbox 1939 791 3479 865">
    <p class='ocr_par' dir='ltr' id='par_1_9' title="bbox 1939 793 3479 860">
     <span class='ocr_line' id='line_1_9' title="bbox 1939 793 3479 860; baseline -0.004 -10"><span class='ocrx_word' id='word_1_56' title='bbox 1939 814 1960 850; x_wconf 84' lang='grc' dir='ltr'><strong>ιι</strong></span> <span class='ocrx_word' id='word_1_57' title='bbox 1992 797 2206 851; x_wconf 84' lang='lat' dir='ltr'><strong>tnodum</strong></span> <span class='ocrx_word' id='word_1_58' title='bbox 2235 813 2540 852; x_wconf 87' lang='lat' dir='ltr'><strong>sermonem</strong></span> <span class='ocrx_word' id='word_1_59' title='bbox 2565 796 2994 857; x_wconf 78' lang='lat' dir='ltr'><strong>conferentibus,</strong></span> <span class='ocrx_word' id='word_1_60' title='bbox 3025 804 3077 848; x_wconf 91' lang='lat' dir='ltr'><strong>et</strong></span> <span class='ocrx_word' id='word_1_61' title='bbox 3107 793 3309 860; x_wconf 85' lang='lat' dir='ltr'><strong>reliqua</strong></span> <span class='ocrx_word' id='word_1_62' title='bbox 3359 807 3446 846; x_wconf 91' lang='lat' dir='ltr'><strong>om</strong></span> <span class='ocrx_word' id='word_1_63' title='bbox 3466 824 3479 832; x_wconf 68' lang='grc' dir='ltr'><strong>ρ</strong></span> 
     </span>
    </p>
   </div>
   <div class='ocr_carea' id='block_1_10' title="bbox 212 867 1837 958">
    <p class='ocr_par' dir='ltr' id='par_1_10' title="bbox 212 880 1806 953">
     <span class='ocr_line' id='line_1_10' title="bbox 212 880 1806 953; baseline 0.001 -20"><span class='ocrx_word' id='word_1_64' title='bbox 212 880 557 948; x_wconf 82' lang='grc' dir='ltr'>μιλούντων,</span> <span class='ocrx_word' id='word_1_65' title='bbox 590 883 686 936; x_wconf 73' lang='grc' dir='ltr'>καὶ</span> <span class='ocrx_word' id='word_1_66' title='bbox 709 883 775 934; x_wconf 82' lang='grc' dir='ltr'>τὰ</span> <span class='ocrx_word' id='word_1_67' title='bbox 799 883 898 951; x_wconf 83' lang='grc' dir='ltr'>μὲν</span> <span class='ocrx_word' id='word_1_68' title='bbox 922 883 1036 937; x_wconf 75' lang='grc' dir='ltr'>ἄλλ’</span> <span class='ocrx_word' id='word_1_69' title='bbox 1059 885 1158 937; x_wconf 83' lang='grc' dir='ltr'>ὅσα</span> <span class='ocrx_word' id='word_1_70' title='bbox 1183 885 1408 947; x_wconf 82' lang='grc' dir='ltr'>τούτους</span> <span class='ocrx_word' id='word_1_71' title='bbox 1440 884 1623 948; x_wconf 75' lang='grc' dir='ltr'>ἐπίεζε</span> <span class='ocrx_word' id='word_1_72' title='bbox 1653 882 1806 953; x_wconf 85' lang='grc' dir='ltr'>δηλο-</span> 
     </span>
    </p>
   </div>
   <div class='ocr_carea' id='block_1_11' title="bbox 1939 867 3559 958">
    <p class='ocr_par' dir='ltr' id='par_1_11' title="bbox 1939 867 3559 958">
     <span class='ocr_line' id='line_1_11' title="bbox 1939 867 3559 958; baseline -0.004 -17"><span class='ocrx_word' id='word_1_73' title='bbox 1939 887 1995 942; x_wconf 51' lang='lat' dir='ltr'><strong>tia</strong></span> <span class='ocrx_word' id='word_1_74' title='bbox 2020 905 2138 958; x_wconf 73' lang='lat' dir='ltr'><strong>quae</strong></span> <span class='ocrx_word' id='word_1_75' title='bbox 2191 903 2286 944; x_wconf 90' lang='lat' dir='ltr'><strong>eos</strong></span> <span class='ocrx_word' id='word_1_76' title='bbox 2315 899 2423 942; x_wconf 92' lang='lat' dir='ltr'><strong>tum</strong></span> <span class='ocrx_word' id='word_1_77' title='bbox 2455 886 2761 955; x_wconf 77' lang='lat' dir='ltr'><strong>aﬂligebaat</strong></span> <span class='ocrx_word' id='word_1_78' title='bbox 2795 900 2823 940; x_wconf 93' lang='lat' dir='ltr'><strong>e</strong></span> <span class='ocrx_word' id='word_1_79' title='bbox 2851 885 3111 940; x_wconf 85' lang='lat' dir='ltr'><strong>memoria</strong></span> <span class='ocrx_word' id='word_1_80' title='bbox 3158 883 3482 954; x_wconf 84' lang='lat' dir='ltr'><strong>deponenti-</strong></span> <span class='ocrx_word' id='word_1_81' title='bbox 3549 867 3559 881; x_wconf 67' lang='grc'><em>’</em></span> 
     </span>
    </p>
   </div>
   <div class='ocr_carea' id='block_1_12' title="bbox 206 963 1837 1052">
    <p class='ocr_par' dir='ltr' id='par_1_12' title="bbox 206 972 1808 1046">
     <span class='ocr_line' id='line_1_12' title="bbox 206 972 1808 1046; baseline 0.003 -22"><span class='ocrx_word' id='word_1_82' title='bbox 206 974 345 1024; x_wconf 72' lang='grc' dir='ltr'>νότι</span> <span class='ocrx_word' id='word_1_83' title='bbox 377 976 444 1041; x_wconf 78' lang='grc' dir='ltr'>τῇ</span> <span class='ocrx_word' id='word_1_84' title='bbox 481 972 617 1044; x_wconf 82' lang='grc' dir='ltr'><strong>λήθῃ</strong></span> <span class='ocrx_word' id='word_1_85' title='bbox 649 975 1156 1042; x_wconf 80' lang='grc' dir='ltr'><strong>παραπεμπόντων,</strong></span> <span class='ocrx_word' id='word_1_86' title='bbox 1207 977 1308 1046; x_wconf 80' lang='grc' dir='ltr'>τὴν</span> <span class='ocrx_word' id='word_1_87' title='bbox 1341 976 1436 1029; x_wconf 82' lang='grc' dir='ltr'>τοῦ</span> <span class='ocrx_word' id='word_1_88' title='bbox 1472 977 1729 1046; x_wconf 80' lang='grc' dir='ltr'><strong>ποιμένος</strong></span> <span class='ocrx_word' id='word_1_89' title='bbox 1752 976 1808 1029; x_wconf 72' lang='grc' dir='ltr'><strong>δέ</strong></span> 
     </span>
    </p>
   </div>
   <div class='ocr_carea' id='block_1_13' title="bbox 1939 963 3557 1052">
    <p class='ocr_par' dir='ltr' id='par_1_13' title="bbox 1939 963 3557 1052">
     <span class='ocr_line' id='line_1_13' title="bbox 1939 963 3557 1052; baseline -0.004 -19"><span class='ocrx_word' id='word_1_90' title='bbox 1939 997 2030 1045; x_wconf 51' lang='lat' dir='ltr'><strong>ius,</strong></span> <span class='ocrx_word' id='word_1_91' title='bbox 2064 982 2294 1052; x_wconf 74' lang='lat' dir='ltr'><strong>pastoris</strong></span> <span class='ocrx_word' id='word_1_92' title='bbox 2323 982 2452 1036; x_wconf 89' lang='lat' dir='ltr'><strong>tanti</strong></span> <span class='ocrx_word' id='word_1_93' title='bbox 2484 981 2836 1049; x_wconf 78' lang='lat' dir='ltr'><strong>privationem</strong></span> <span class='ocrx_word' id='word_1_94' title='bbox 2866 980 2920 1033; x_wconf 87' lang='lat' dir='ltr'><strong>in</strong></span> <span class='ocrx_word' id='word_1_95' title='bbox 2948 987 3179 1034; x_wconf 79' lang='lat' dir='ltr'><strong>mentem</strong></span> <span class='ocrx_word' id='word_1_96' title='bbox 3232 992 3494 1032; x_wconf 77' lang='lat' dir='ltr'><strong>revocan-</strong></span> 
     </span>
    </p>
   </div>
   <div class='ocr_carea' id='block_1_14' title="bbox 215 1035 1837 1142">
    <p class='ocr_par' dir='ltr' id='par_1_14' title="bbox 215 1063 1808 1138">
     <span class='ocr_line' id='line_1_14' title="bbox 215 1063 1808 1138; baseline 0.005 -23"><span class='ocrx_word' id='word_1_97' title='bbox 215 1063 497 1132; x_wconf 79' lang='grc' dir='ltr'><strong>στέρησιν</strong></span> <span class='ocrx_word' id='word_1_98' title='bbox 538 1065 630 1117; x_wconf 75' lang='grc' dir='ltr'><strong>ἐπὶ</strong></span> <span class='ocrx_word' id='word_1_99' title='bbox 675 1065 802 1117; x_wconf 82' lang='grc' dir='ltr'>νοῦν</span> <span class='ocrx_word' id='word_1_100' title='bbox 833 1065 1224 1134; x_wconf 81' lang='grc' dir='ltr'>λαμϐανόντων</span> <span class='ocrx_word' id='word_1_101' title='bbox 1269 1070 1365 1121; x_wconf 74' lang='grc' dir='ltr'>καὶ</span> <span class='ocrx_word' id='word_1_102' title='bbox 1396 1069 1640 1138; x_wconf 85' lang='grc' dir='ltr'>συνεχῶς</span> <span class='ocrx_word' id='word_1_103' title='bbox 1674 1086 1808 1138; x_wconf 87' lang='grc' dir='ltr'>πρυ-</span> 
     </span>
    </p>
   </div>
   <div class='ocr_carea' id='block_1_15' title="bbox 1939 1035 3559 1142">
    <p class='ocr_par' dir='ltr' id='par_1_15' title="bbox 1939 1035 3559 1142">
     <span class='ocr_line' id='line_1_15' title="bbox 1939 1035 3559 1142; baseline -0.003 -19"><span class='ocrx_word' id='word_1_104' title='bbox 1939 1072 2055 1128; x_wconf 74' lang='lat' dir='ltr'><strong>ibus</strong></span> <span class='ocrx_word' id='word_1_105' title='bbox 2085 1086 2139 1128; x_wconf 93' lang='lat' dir='ltr'><strong>et</strong></span> <span class='ocrx_word' id='word_1_106' title='bbox 2185 1075 2385 1142; x_wconf 75' lang='lat' dir='ltr'><strong>saepius</strong></span> <span class='ocrx_word' id='word_1_107' title='bbox 2427 1071 2830 1142; x_wconf 81' lang='lat' dir='ltr'><strong>proferentibus</strong></span> <span class='ocrx_word' id='word_1_108' title='bbox 2884 1067 3389 1136; x_wconf 86' lang='lat' dir='ltr'><strong>asserentibusque,</strong></span> <span class='ocrx_word' id='word_1_109' title='bbox 3429 1075 3495 1120; x_wconf 93' lang='lat' dir='ltr'><strong>ut</strong></span> <span class='ocrx_word' id='word_1_110' title='bbox 3547 1035 3559 1078; x_wconf 52' lang='grc' dir='ltr'>π</span> 
     </span>
    </p>
   </div>
   <div class='ocr_carea' id='block_1_16' title="bbox 213 1156 1837 1236">
    <p class='ocr_par' dir='ltr' id='par_1_16' title="bbox 213 1156 1806 1229">
     <span class='ocr_line' id='line_1_16' title="bbox 213 1156 1806 1229; baseline 0.003 -22"><span class='ocrx_word' id='word_1_111' title='bbox 213 1156 538 1224; x_wconf 79' lang='grc' dir='ltr'>φερόντων,</span> <span class='ocrx_word' id='word_1_112' title='bbox 566 1156 666 1225; x_wconf 83' lang='grc' dir='ltr'>τῆς</span> <span class='ocrx_word' id='word_1_113' title='bbox 699 1156 798 1210; x_wconf 83' lang='grc' dir='ltr'>τοῦ</span> <span class='ocrx_word' id='word_1_114' title='bbox 840 1156 976 1211; x_wconf 82' lang='grc' dir='ltr'><strong>Θεοῦ</strong></span> <span class='ocrx_word' id='word_1_115' title='bbox 1004 1175 1063 1211; x_wconf 88' lang='grc' dir='ltr'><strong>τε</strong></span> <span class='ocrx_word' id='word_1_116' title='bbox 1104 1159 1380 1222; x_wconf 79' lang='grc' dir='ltr'>παιδείας,</span> <span class='ocrx_word' id='word_1_117' title='bbox 1425 1161 1502 1221; x_wconf 85' lang='grc' dir='ltr'><strong>ὡς</strong></span> <span class='ocrx_word' id='word_1_118' title='bbox 1533 1160 1806 1229; x_wconf 76' lang='grc' dir='ltr'>προθφην,</span> 
     </span>
    </p>
   </div>
   <div class='ocr_carea' id='block_1_17' title="bbox 1939 1156 3486 1236">
    <p class='ocr_par' dir='ltr' id='par_1_17' title="bbox 1939 1158 3486 1232">
     <span class='ocr_line' id='line_1_17' title="bbox 1939 1158 3486 1232; baseline -0.005 -13"><span class='ocrx_word' id='word_1_119' title='bbox 1939 1182 2020 1219; x_wconf 87' lang='lat' dir='ltr'><strong>am</strong></span> <span class='ocrx_word' id='word_1_120' title='bbox 2043 1166 2213 1232; x_wconf 90' lang='lat' dir='ltr'><strong>innui,</strong></span> <span class='ocrx_word' id='word_1_121' title='bbox 2245 1176 2299 1221; x_wconf 92' lang='lat' dir='ltr'><strong>et</strong></span> <span class='ocrx_word' id='word_1_122' title='bbox 2323 1182 2427 1220; x_wconf 91' lang='lat' dir='ltr'><strong>non</strong></span> <span class='ocrx_word' id='word_1_123' title='bbox 2455 1176 2657 1220; x_wconf 90' lang='lat' dir='ltr'><strong>temere</strong></span> <span class='ocrx_word' id='word_1_124' title='bbox 2673 1163 3027 1220; x_wconf 87' lang='lat' dir='ltr'><strong>credentibus</strong></span> <span class='ocrx_word' id='word_1_125' title='bbox 3053 1161 3313 1215; x_wconf 80' lang='lat' dir='ltr'><strong>iudiciuin</strong></span> <span class='ocrx_word' id='word_1_126' title='bbox 3351 1158 3486 1212; x_wconf 89' lang='lat' dir='ltr'><strong>illud</strong></span> 
     </span>
    </p>
   </div>
   <div class='ocr_carea' id='block_1_18' title="bbox 216 1248 1837 1332">
    <p class='ocr_par' dir='ltr' id='par_1_18' title="bbox 216 1248 1813 1322">
     <span class='ocr_line' id='line_1_18' title="bbox 216 1248 1813 1322; baseline 0.003 -21"><span class='ocrx_word' id='word_1_127' title='bbox 216 1250 470 1317; x_wconf 75' lang='grc' dir='ltr'>καὶτῆς</span> <span class='ocrx_word' id='word_1_128' title='bbox 521 1248 898 1320; x_wconf 75' lang='grc' dir='ltr'><strong>γεγενημένης</strong></span> <span class='ocrx_word' id='word_1_129' title='bbox 956 1249 1208 1315; x_wconf 77' lang='grc' dir='ltr'><strong>ἁλώσεως</strong></span> <span class='ocrx_word' id='word_1_130' title='bbox 1258 1251 1355 1305; x_wconf 74' lang='grc' dir='ltr'>καὶ</span> <span class='ocrx_word' id='word_1_131' title='bbox 1384 1252 1658 1322; x_wconf 88' lang='grc' dir='ltr'>λεγόντων</span> <span class='ocrx_word' id='word_1_132' title='bbox 1716 1269 1813 1322; x_wconf 84' lang='grc' dir='ltr'>ση-</span> 
     </span>
    </p>
   </div>
   <div class='ocr_carea' id='block_1_19' title="bbox 1939 1248 3489 1332">
    <p class='ocr_par' dir='ltr' id='par_1_19' title="bbox 1939 1250 3489 1332">
     <span class='ocr_line' id='line_1_19' title="bbox 1939 1250 3489 1332; baseline -0.004 -22"><span class='ocrx_word' id='word_1_133' title='bbox 1939 1273 2036 1314; x_wconf 72' lang='lat' dir='ltr'><strong>:sso</strong></span> <span class='ocrx_word' id='word_1_134' title='bbox 2064 1268 2118 1314; x_wconf 89' lang='lat' dir='ltr'><strong>et</strong></span> <span class='ocrx_word' id='word_1_135' title='bbox 2147 1259 2338 1332; x_wconf 67' lang='lat' dir='ltr'><strong>divinae</strong></span> <span class='ocrx_word' id='word_1_136' title='bbox 2369 1257 2666 1328; x_wconf 87' lang='lat' dir='ltr'><strong>puuitionis</strong></span> <span class='ocrx_word' id='word_1_137' title='bbox 2695 1267 2749 1311; x_wconf 90' lang='lat' dir='ltr'><strong>et</strong></span> <span class='ocrx_word' id='word_1_138' title='bbox 2775 1254 3074 1309; x_wconf 70' lang='lat' dir='ltr'><strong>subsecuti‘</strong></span> <span class='ocrx_word' id='word_1_139' title='bbox 3099 1251 3296 1306; x_wconf 79' lang='lat' dir='ltr'><strong>excidii</strong></span> <span class='ocrx_word' id='word_1_140' title='bbox 3322 1268 3335 1316; x_wconf 91' lang='lat'><strong>;</strong></span> <span class='ocrx_word' id='word_1_141' title='bbox 3360 1250 3489 1314; x_wconf 82' lang='lat' dir='ltr'><strong>hoc,</strong></span> 
     </span>
    </p>
   </div>
   <div class='ocr_carea' id='block_1_20' title="bbox 225 1337 1837 1420">
    <p class='ocr_par' dir='ltr' id='par_1_20' title="bbox 225 1337 1814 1409">
     <span class='ocr_line' id='line_1_20' title="bbox 225 1337 1814 1409; baseline 0.003 -19"><span class='ocrx_word' id='word_1_142' title='bbox 225 1341 398 1409; x_wconf 82' lang='grc' dir='ltr'>μεῖον</span> <span class='ocrx_word' id='word_1_143' title='bbox 445 1339 604 1392; x_wconf 81' lang='grc' dir='ltr'>τοῦτο</span> <span class='ocrx_word' id='word_1_144' title='bbox 653 1341 746 1392; x_wconf 81' lang='grc' dir='ltr'>καὶ</span> <span class='ocrx_word' id='word_1_145' title='bbox 777 1339 1168 1405; x_wconf 83' lang='grc' dir='ltr'>πιστευόντων,</span> <span class='ocrx_word' id='word_1_146' title='bbox 1199 1371 1266 1383; x_wconf 89' lang='grc'><strong>-</strong></span> <span class='ocrx_word' id='word_1_147' title='bbox 1300 1340 1474 1405; x_wconf 78' lang='grc' dir='ltr'>οὕτως</span> <span class='ocrx_word' id='word_1_148' title='bbox 1507 1337 1600 1396; x_wconf 82' lang='grc' dir='ltr'>οὖν</span> <span class='ocrx_word' id='word_1_149' title='bbox 1631 1342 1814 1395; x_wconf 82' lang='grc' dir='ltr'>διατε-</span> 
     </span>
    </p>
   </div>
   <div class='ocr_carea' id='block_1_21' title="bbox 1939 1337 3500 1420">
    <p class='ocr_par' dir='ltr' id='par_1_21' title="bbox 1941 1342 3500 1420">
     <span class='ocr_line' id='line_1_21' title="bbox 1941 1342 3500 1420; baseline -0.006 -16"><span class='ocrx_word' id='word_1_150' title='bbox 1941 1366 2160 1420; x_wconf 88' lang='lat' dir='ltr'><strong>nquam,</strong></span> <span class='ocrx_word' id='word_1_151' title='bbox 2181 1359 2321 1406; x_wconf 90' lang='lat' dir='ltr'><strong>statu</strong></span> <span class='ocrx_word' id='word_1_152' title='bbox 2355 1365 2561 1414; x_wconf 90' lang='lat' dir='ltr'><strong>rerum,</strong></span> <span class='ocrx_word' id='word_1_153' title='bbox 2585 1363 2706 1403; x_wconf 91' lang='lat' dir='ltr'><strong>cum</strong></span> <span class='ocrx_word' id='word_1_154' title='bbox 2736 1347 3005 1402; x_wconf 86' lang='lat' dir='ltr'><strong>modicum</strong></span> <span class='ocrx_word' id='word_1_155' title='bbox 3039 1354 3253 1414; x_wconf 83' lang='lat' dir='ltr'><strong>tempus</strong></span> <span class='ocrx_word' id='word_1_156' title='bbox 3277 1342 3500 1398; x_wconf 87' lang='lat' dir='ltr'><strong>interim</strong></span> 
     </span>
    </p>
   </div>
   <div class='ocr_carea' id='block_1_22' title="bbox 225 1430 1815 1503">
    <p class='ocr_par' dir='ltr' id='par_1_22' title="bbox 225 1430 1815 1503">
     <span class='ocr_line' id='line_1_22' title="bbox 225 1430 1815 1503; baseline 0 -19"><span class='ocrx_word' id='word_1_157' title='bbox 225 1431 472 1492; x_wconf 81' lang='grc' dir='ltr'>θέντων,</span> <span class='ocrx_word' id='word_1_158' title='bbox 515 1431 609 1483; x_wconf 77' lang='grc' dir='ltr'>καὶ</span> <span class='ocrx_word' id='word_1_159' title='bbox 635 1430 819 1498; x_wconf 87' lang='grc' dir='ltr'>όλίγου</span> <span class='ocrx_word' id='word_1_160' title='bbox 847 1430 912 1501; x_wconf 87' lang='grc' dir='ltr'><strong>δή</strong></span> <span class='ocrx_word' id='word_1_161' title='bbox 950 1447 1096 1495; x_wconf 87' lang='grc' dir='ltr'>τινος</span> <span class='ocrx_word' id='word_1_162' title='bbox 1126 1434 1184 1484; x_wconf 76' lang='grc' dir='ltr'><strong>ἐν</strong></span> <span class='ocrx_word' id='word_1_163' title='bbox 1208 1431 1286 1501; x_wconf 85' lang='grc' dir='ltr'>τῷ</span> <span class='ocrx_word' id='word_1_164' title='bbox 1319 1432 1526 1502; x_wconf 78' lang='grc' dir='ltr'>μεταξὺ</span> <span class='ocrx_word' id='word_1_165' title='bbox 1569 1431 1815 1503; x_wconf 74' lang='grc' dir='ltr'>παρελησ-</span> 
     </span>
    </p>
   </div>
   <div class='ocr_carea' id='block_1_23' title="bbox 221 1521 1819 1594">
    <p class='ocr_par' dir='ltr' id='par_1_23' title="bbox 221 1521 1819 1594">
     <span class='ocr_line' id='line_1_23' title="bbox 221 1521 1819 1594; baseline 0.003 -20"><span class='ocrx_word' id='word_1_166' title='bbox 221 1523 468 1586; x_wconf 80' lang='grc' dir='ltr'>λυθότος</span> <span class='ocrx_word' id='word_1_167' title='bbox 489 1521 584 1574; x_wconf 81' lang='grc' dir='ltr'><strong>τοῦ</strong></span> <span class='ocrx_word' id='word_1_168' title='bbox 616 1523 836 1594; x_wconf 87' lang='grc' dir='ltr'>χρόνου,</span> <span class='ocrx_word' id='word_1_169' title='bbox 867 1525 1048 1593; x_wconf 85' lang='grc' dir='ltr'>χεῖρον</span> <span class='ocrx_word' id='word_1_170' title='bbox 1076 1523 1109 1592; x_wconf 75' lang='grc' dir='ltr'>ἢ</span> <span class='ocrx_word' id='word_1_171' title='bbox 1141 1524 1412 1593; x_wconf 89' lang='grc' dir='ltr'>πρότερον</span> <span class='ocrx_word' id='word_1_172' title='bbox 1437 1523 1561 1593; x_wconf 71' lang='grc' dir='ltr'>ἔσχε</span> <span class='ocrx_word' id='word_1_173' title='bbox 1589 1525 1660 1577; x_wconf 84' lang='grc' dir='ltr'>τὰ</span> <span class='ocrx_word' id='word_1_174' title='bbox 1681 1525 1819 1594; x_wconf 83' lang='grc' dir='ltr'>πρά-</span> 
     </span>
    </p>
   </div>
   <div class='ocr_carea' id='block_1_24' title="bbox 221 1613 1819 1686">
    <p class='ocr_par' dir='ltr' id='par_1_24' title="bbox 221 1613 1819 1686">
     <span class='ocr_line' id='line_1_24' title="bbox 221 1613 1819 1686; baseline 0.001 -18"><span class='ocrx_word' id='word_1_175' title='bbox 221 1633 454 1684; x_wconf 80' lang='grc' dir='ltr'>γματα,</span> <span class='ocrx_word' id='word_1_176' title='bbox 506 1616 599 1669; x_wconf 86' lang='grc' dir='ltr'>καὶ</span> <span class='ocrx_word' id='word_1_177' title='bbox 645 1613 909 1685; x_wconf 84' lang='grc' dir='ltr'>σύγχυσις</span> <span class='ocrx_word' id='word_1_178' title='bbox 943 1615 1248 1685; x_wconf 74' lang='grc' dir='ltr'>πανταχοῦ,</span> <span class='ocrx_word' id='word_1_179' title='bbox 1280 1617 1478 1671; x_wconf 76' lang='grc' dir='ltr'>’ἄλλων</span> <span class='ocrx_word' id='word_1_180' title='bbox 1530 1616 1664 1669; x_wconf 73' lang='grc' dir='ltr'>ἄλλα</span> <span class='ocrx_word' id='word_1_181' title='bbox 1695 1617 1819 1686; x_wconf 84' lang='grc' dir='ltr'>βου-</span> 
     </span>
    </p>
   </div>
   <div class='ocr_carea' id='block_1_25' title="bbox 221 1707 1815 1778">
    <p class='ocr_par' dir='ltr' id='par_1_25' title="bbox 221 1707 1815 1778">
     <span class='ocr_line' id='line_1_25' title="bbox 221 1707 1815 1778; baseline 0 -18"><span class='ocrx_word' id='word_1_182' title='bbox 221 1709 550 1778; x_wconf 80' lang='grc' dir='ltr'>λευομένων</span> <span class='ocrx_word' id='word_1_183' title='bbox 579 1708 673 1762; x_wconf 73' lang='grc' dir='ltr'><strong>καὶ</strong></span> <span class='ocrx_word' id='word_1_184' title='bbox 697 1710 864 1778; x_wconf 81' lang='grc' dir='ltr'>μηδὲν</span> <span class='ocrx_word' id='word_1_185' title='bbox 891 1712 950 1763; x_wconf 86' lang='grc' dir='ltr'><strong>ἐν</strong></span> <span class='ocrx_word' id='word_1_186' title='bbox 967 1709 1152 1778; x_wconf 89' lang='grc' dir='ltr'>ταυτῷ</span> <span class='ocrx_word' id='word_1_187' title='bbox 1180 1707 1458 1761; x_wconf 79' lang='grc' dir='ltr'>συνελθεῖν</span> <span class='ocrx_word' id='word_1_188' title='bbox 1482 1708 1815 1778; x_wconf 78' lang='grc' dir='ltr'>δυναμένων·</span> 
     </span>
    </p>
   </div>
   <div class='ocr_carea' id='block_1_26' title="bbox 225 1800 1820 1871">
    <p class='ocr_par' dir='ltr' id='par_1_26' title="bbox 225 1800 1820 1871">
     <span class='ocr_line' id='line_1_26' title="bbox 225 1800 1820 1871; baseline -0.001 -17"><span class='ocrx_word' id='word_1_189' title='bbox 225 1803 340 1854; x_wconf 76' lang='grc' dir='ltr'>καὶ</span> <span class='ocrx_word' id='word_1_190' title='bbox 381 1800 766 1871; x_wconf 79' lang='grc' dir='ltr'>παραπλήσιόν</span> <span class='ocrx_word' id='word_1_191' title='bbox 823 1819 876 1853; x_wconf 90' lang='grc' dir='ltr'><strong>τι</strong></span> <span class='ocrx_word' id='word_1_192' title='bbox 929 1802 1044 1863; x_wconf 87' lang='grc' dir='ltr'>τοῖς</span> <span class='ocrx_word' id='word_1_193' title='bbox 1099 1800 1194 1853; x_wconf 83' lang='grc' dir='ltr'>ἐπὶ</span> <span class='ocrx_word' id='word_1_194' title='bbox 1230 1800 1358 1868; x_wconf 81' lang='grc' dir='ltr'>νηὸς</span> <span class='ocrx_word' id='word_1_195' title='bbox 1411 1801 1820 1871; x_wconf 82' lang='grc' dir='ltr'>χειμαζομένης</span> 
     </span>
    </p>
   </div>
   <div class='ocr_carea' id='block_1_27' title="bbox 227 1891 1825 1962">
    <p class='ocr_par' dir='ltr' id='par_1_27' title="bbox 227 1891 1825 1962">
     <span class='ocr_line' id='line_1_27' title="bbox 227 1891 1825 1962; baseline -0.002 -15"><span class='ocrx_word' id='word_1_196' title='bbox 227 1897 262 1947; x_wconf 72' lang='grc' dir='ltr'>ὲ</span> <span class='ocrx_word' id='word_1_197' title='bbox 278 1893 584 1962; x_wconf 75' lang='grc' dir='ltr'>πάσχομεν,</span> <span class='ocrx_word' id='word_1_198' title='bbox 605 1893 734 1946; x_wconf 82' lang='grc' dir='ltr'>ὅταν</span> <span class='ocrx_word' id='word_1_199' title='bbox 759 1894 788 1945; x_wconf 84' lang='grc' dir='ltr'><strong>ὁ</strong></span> <span class='ocrx_word' id='word_1_200' title='bbox 819 1891 1164 1962; x_wconf 75' lang='grc' dir='ltr'>κυϐερνήτης</span> <span class='ocrx_word' id='word_1_201' title='bbox 1186 1894 1300 1962; x_wconf 72' lang='grc' dir='ltr'>ἀπῇ</span> <span class='ocrx_word' id='word_1_202' title='bbox 1325 1907 1339 1921; x_wconf 92' lang='grc'><strong>·</strong></span> <span class='ocrx_word' id='word_1_203' title='bbox 1373 1892 1550 1945; x_wconf 85' lang='grc' dir='ltr'>πάντα</span> <span class='ocrx_word' id='word_1_204' title='bbox 1574 1893 1682 1961; x_wconf 78' lang='grc' dir='ltr'><strong>γὰρ</strong></span> <span class='ocrx_word' id='word_1_205' title='bbox 1709 1893 1825 1945; x_wconf 83' lang='grc' dir='ltr'>ἐκεῖ</span> 
     </span>
    </p>
   </div>
   <div class='ocr_carea' id='block_1_28' title="bbox 226 1985 1824 2056">
    <p class='ocr_par' dir='ltr' id='par_1_28' title="bbox 226 1985 1824 2056">
     <span class='ocr_line' id='line_1_28' title="bbox 226 1985 1824 2056; baseline -0.001 -17"><span class='ocrx_word' id='word_1_206' title='bbox 226 1988 492 2056; x_wconf 75' lang='grc' dir='ltr'>ταράχου</span> <span class='ocrx_word' id='word_1_207' title='bbox 529 1985 722 2056; x_wconf 77' lang='grc' dir='ltr'>μεστὰ,</span> <span class='ocrx_word' id='word_1_208' title='bbox 749 1987 844 2040; x_wconf 82' lang='grc' dir='ltr'>καὶ</span> <span class='ocrx_word' id='word_1_209' title='bbox 868 1988 899 2054; x_wconf 79' lang='grc' dir='ltr'>ἡ</span> <span class='ocrx_word' id='word_1_210' title='bbox 930 1985 1064 2050; x_wconf 80' lang='grc' dir='ltr'>ναῦς</span> <span class='ocrx_word' id='word_1_211' title='bbox 1095 1986 1197 2039; x_wconf 77' lang='grc' dir='ltr'>οὐκ</span> <span class='ocrx_word' id='word_1_212' title='bbox 1227 1985 1426 2056; x_wconf 72' lang='grc' dir='ltr'>ἔχουσα</span> <span class='ocrx_word' id='word_1_213' title='bbox 1454 1985 1547 2040; x_wconf 75' lang='grc' dir='ltr'><strong>τὸν</strong></span> <span class='ocrx_word' id='word_1_214' title='bbox 1574 1985 1824 2038; x_wconf 69' lang='grc' dir='ltr'>ἰθύνοντα</span> 
     </span>
    </p>
   </div>
   <div class='ocr_carea' id='block_1_29' title="bbox 226 2075 1825 2150">
    <p class='ocr_par' dir='ltr' id='par_1_29' title="bbox 226 2075 1825 2150">
     <span class='ocr_line' id='line_1_29' title="bbox 226 2075 1825 2150; baseline -0.002 -18"><span class='ocrx_word' id='word_1_215' title='bbox 226 2082 369 2141; x_wconf 76' lang='grc' dir='ltr'>ταῖς</span> <span class='ocrx_word' id='word_1_216' title='bbox 399 2079 506 2130; x_wconf 87' lang='grc' dir='ltr'><strong>τῶν</strong></span> <span class='ocrx_word' id='word_1_217' title='bbox 530 2079 747 2147; x_wconf 79' lang='grc' dir='ltr'>ἀνέμων</span> <span class='ocrx_word' id='word_1_218' title='bbox 786 2077 928 2150; x_wconf 65' lang='grc' dir='ltr'>βίαις</span> <span class='ocrx_word' id='word_1_219' title='bbox 951 2075 1048 2131; x_wconf 77' lang='grc' dir='ltr'><strong>τοῦ</strong></span> <span class='ocrx_word' id='word_1_220' title='bbox 1088 2078 1277 2146; x_wconf 86' lang='grc' dir='ltr'>πρόσω</span> <span class='ocrx_word' id='word_1_221' title='bbox 1299 2079 1502 2146; x_wconf 89' lang='grc' dir='ltr'>χωρεῖν</span> <span class='ocrx_word' id='word_1_222' title='bbox 1530 2076 1825 2139; x_wconf 79' lang='grc' dir='ltr'>ἀκινδύνως</span> 
     </span>
    </p>
   </div>
   <div class='ocr_carea' id='block_1_30' title="bbox 229 2167 1828 2239">
    <p class='ocr_par' dir='ltr' id='par_1_30' title="bbox 229 2167 1828 2239">
     <span class='ocr_line' id='line_1_30' title="bbox 229 2167 1828 2239; baseline -0.001 -16"><span class='ocrx_word' id='word_1_223' title='bbox 229 2171 308 2223; x_wconf 80' lang='grc' dir='ltr'>οὐ</span> <span class='ocrx_word' id='word_1_224' title='bbox 342 2172 728 2238; x_wconf 82' lang='grc' dir='ltr'>συγχωρεῖται.</span> <span class='ocrx_word' id='word_1_225' title='bbox 751 2169 874 2223; x_wconf 89' lang='grc' dir='ltr'>Τῶν</span> <span class='ocrx_word' id='word_1_226' title='bbox 902 2167 1002 2239; x_wconf 68' lang='grc' dir='ltr'>μὲν</span> <span class='ocrx_word' id='word_1_227' title='bbox 1031 2167 1122 2221; x_wconf 75' lang='grc' dir='ltr'>οὖν</span> <span class='ocrx_word' id='word_1_228' title='bbox 1144 2167 1210 2238; x_wconf 83' lang='grc' dir='ltr'>δὴ</span> <span class='ocrx_word' id='word_1_229' title='bbox 1235 2167 1501 2222; x_wconf 82' lang='grc' dir='ltr'>πλειόνων</span> <span class='ocrx_word' id='word_1_230' title='bbox 1538 2169 1828 2238; x_wconf 64' lang='grc' dir='ltr'>ὼσχεραι-</span> 
     </span>
    </p>
   </div>
   <div class='ocr_carea' id='block_1_31' title="bbox 232 2259 1827 2332">
    <p class='ocr_par' dir='ltr' id='par_1_31' title="bbox 232 2259 1827 2332">
     <span class='ocr_line' id='line_1_31' title="bbox 232 2259 1827 2332; baseline -0.002 -16"><span class='ocrx_word' id='word_1_231' title='bbox 232 2263 453 2332; x_wconf 77' lang='grc' dir='ltr'>νόντων</span> <span class='ocrx_word' id='word_1_232' title='bbox 487 2263 567 2315; x_wconf 83' lang='grc' dir='ltr'>ὃτι</span> <span class='ocrx_word' id='word_1_233' title='bbox 599 2262 674 2332; x_wconf 78' lang='grc' dir='ltr'><strong>μὴ</strong></span> <span class='ocrx_word' id='word_1_234' title='bbox 708 2261 889 2329; x_wconf 79' lang='grc' dir='ltr'>σφίσιν</span> <span class='ocrx_word' id='word_1_235' title='bbox 917 2259 1045 2331; x_wconf 78' lang='grc' dir='ltr'>ἐξῆν</span> <span class='ocrx_word' id='word_1_236' title='bbox 1075 2259 1370 2327; x_wconf 82' lang='grc' dir='ltr'>προδοῦναι</span> <span class='ocrx_word' id='word_1_237' title='bbox 1405 2259 1505 2330; x_wconf 82' lang='grc' dir='ltr'>τὴν</span> <span class='ocrx_word' id='word_1_238' title='bbox 1526 2261 1685 2314; x_wconf 85' lang='grc' dir='ltr'>πόλιν</span> <span class='ocrx_word' id='word_1_239' title='bbox 1715 2262 1827 2323; x_wconf 83' lang='grc' dir='ltr'>τοῖς</span> 
     </span>
    </p>
   </div>
   <div class='ocr_carea' id='block_1_32' title="bbox 232 2352 1826 2424">
    <p class='ocr_par' dir='ltr' id='par_1_32' title="bbox 232 2352 1826 2424">
     <span class='ocr_line' id='line_1_32' title="bbox 232 2352 1826 2424; baseline -0.003 -16"><span class='ocrx_word' id='word_1_240' title='bbox 232 2355 540 2424; x_wconf 85' lang='grc' dir='ltr'>Τούρκοις,</span> <span class='ocrx_word' id='word_1_241' title='bbox 557 2354 808 2408; x_wconf 85' lang='grc' dir='ltr'>δεδιότων</span> <span class='ocrx_word' id='word_1_242' title='bbox 840 2354 972 2416; x_wconf 72' lang='grc' dir='ltr'>ἴσως</span> <span class='ocrx_word' id='word_1_243' title='bbox 999 2352 1029 2406; x_wconf 88' lang='grc' dir='ltr'><strong>δ</strong></span> <span class='ocrx_word' id='word_1_244' title='bbox 1053 2353 1278 2420; x_wconf 84' lang='grc' dir='ltr'>γέγονεν</span> <span class='ocrx_word' id='word_1_245' title='bbox 1312 2353 1569 2423; x_wconf 81' lang='grc' dir='ltr'>ὕστερον,</span> <span class='ocrx_word' id='word_1_246' title='bbox 1592 2352 1826 2422; x_wconf 75' lang='grc' dir='ltr'>ἄγγελος</span> 
     </span>
    </p>
   </div>
   <div class='ocr_carea' id='block_1_33' title="bbox 230 2443 1821 2520">
    <p class='ocr_par' dir='ltr' id='par_1_33' title="bbox 230 2443 1821 2520">
     <span class='ocr_line' id='line_1_33' title="bbox 230 2443 1821 2520; baseline -0.003 -20"><span class='ocrx_word' id='word_1_247' title='bbox 230 2444 352 2520; x_wconf 77' lang='grc' dir='ltr'><strong>ἧκε</strong></span> <span class='ocrx_word' id='word_1_248' title='bbox 385 2449 476 2499; x_wconf 79' lang='grc' dir='ltr'><strong>τὸν</strong></span> <span class='ocrx_word' id='word_1_249' title='bbox 525 2446 822 2516; x_wconf 80' lang='grc' dir='ltr'>Μουράτην</span> <span class='ocrx_word' id='word_1_250' title='bbox 868 2445 956 2515; x_wconf 78' lang='grc' dir='ltr'>ἐφ’</span> <span class='ocrx_word' id='word_1_251' title='bbox 1003 2445 1150 2514; x_wconf 77' lang='grc' dir='ltr'>ἡμᾶς</span> <span class='ocrx_word' id='word_1_252' title='bbox 1203 2444 1525 2514; x_wconf 82' lang='grc' dir='ltr'>κεκινῆσθαι</span> <span class='ocrx_word' id='word_1_253' title='bbox 1578 2443 1821 2512; x_wconf 80' lang='grc' dir='ltr'>μηνύων,</span> 
     </span>
    </p>
   </div>
   <div class='ocr_carea' id='block_1_34' title="bbox 235 2534 1822 2607">
    <p class='ocr_par' dir='ltr' id='par_1_34' title="bbox 235 2534 1822 2607">
     <span class='ocr_line' id='line_1_34' title="bbox 235 2534 1822 2607; baseline -0.004 -14"><span class='ocrx_word' id='word_1_254' title='bbox 235 2540 508 2593; x_wconf 74' lang='grc' dir='ltr'>πλεῖττον</span> <span class='ocrx_word' id='word_1_255' title='bbox 539 2539 664 2591; x_wconf 78' lang='grc' dir='ltr'>ὅσον</span> <span class='ocrx_word' id='word_1_256' title='bbox 696 2535 946 2607; x_wconf 77' lang='grc' dir='ltr'>στρατὸν.</span> <span class='ocrx_word' id='word_1_257' title='bbox 971 2534 1398 2604; x_wconf 86' lang='grc' dir='ltr'>συναγείραντα,</span> <span class='ocrx_word' id='word_1_258' title='bbox 1445 2534 1540 2586; x_wconf 71' lang='grc' dir='ltr'>καὶ</span> <span class='ocrx_word' id='word_1_259' title='bbox 1567 2534 1656 2588; x_wconf 77' lang='grc' dir='ltr'><strong>διὰ</strong></span> <span class='ocrx_word' id='word_1_260' title='bbox 1686 2536 1822 2588; x_wconf 82' lang='grc' dir='ltr'>πάν-</span> 
     </span>
    </p>
   </div>
   <div class='ocr_carea' id='block_1_35' title="bbox 234 2623 1827 2700">
    <p class='ocr_par' dir='ltr' id='par_1_35' title="bbox 234 2623 1827 2700">
     <span class='ocr_line' id='line_1_35' title="bbox 234 2623 1827 2700; baseline -0.004 -15"><span class='ocrx_word' id='word_1_261' title='bbox 234 2649 366 2686; x_wconf 82' lang='grc' dir='ltr'><strong>των</strong></span> <span class='ocrx_word' id='word_1_262' title='bbox 414 2629 594 2694; x_wconf 86' lang='grc' dir='ltr'>καλῶς</span> <span class='ocrx_word' id='word_1_263' title='bbox 625 2628 1167 2700; x_wconf 75' lang='grc' dir='ltr'>παρεσκευασμένον.</span> <span class='ocrx_word' id='word_1_264' title='bbox 1203 2628 1328 2686; x_wconf 81' lang='grc' dir='ltr'>Τοῖς</span> <span class='ocrx_word' id='word_1_265' title='bbox 1363 2629 1464 2695; x_wconf 84' lang='grc' dir='ltr'><strong>μέν</strong></span> <span class='ocrx_word' id='word_1_266' title='bbox 1496 2623 1589 2680; x_wconf 80' lang='grc' dir='ltr'>οὖν</span> <span class='ocrx_word' id='word_1_267' title='bbox 1633 2627 1827 2680; x_wconf 76' lang='grc' dir='ltr'>δεκτέα</span> 
     </span>
    </p>
   </div>
   <div class='ocr_carea' id='block_1_36' title="bbox 237 2716 1829 2790">
    <p class='ocr_par' dir='ltr' id='par_1_36' title="bbox 237 2716 1829 2790">
     <span class='ocr_line' id='line_1_36' title="bbox 237 2716 1829 2790; baseline -0.005 -14"><span class='ocrx_word' id='word_1_268' title='bbox 237 2739 377 2784; x_wconf 73' lang='grc' dir='ltr'><strong>πως</strong></span> <span class='ocrx_word' id='word_1_269' title='bbox 408 2721 586 2787; x_wconf 75' lang='grc' dir='ltr'>ἔδοξεν</span> <span class='ocrx_word' id='word_1_270' title='bbox 631 2722 665 2790; x_wconf 85' lang='grc' dir='ltr'><strong>ή</strong></span> <span class='ocrx_word' id='word_1_271' title='bbox 700 2719 929 2787; x_wconf 82' lang='grc' dir='ltr'>ἀγγελία</span> <span class='ocrx_word' id='word_1_272' title='bbox 959 2718 1056 2772; x_wconf 76' lang='grc' dir='ltr'>καὶ</span> <span class='ocrx_word' id='word_1_273' title='bbox 1091 2717 1328 2788; x_wconf 82' lang='grc' dir='ltr'>πιθανὴ,</span> <span class='ocrx_word' id='word_1_274' title='bbox 1357 2719 1473 2779; x_wconf 87' lang='grc' dir='ltr'>τοῖς</span> <span class='ocrx_word' id='word_1_275' title='bbox 1497 2716 1554 2770; x_wconf 82' lang='grc' dir='ltr'>δὲ</span> <span class='ocrx_word' id='word_1_276' title='bbox 1590 2717 1686 2787; x_wconf 78' lang='grc' dir='ltr'>μὴ,</span> <span class='ocrx_word' id='word_1_277' title='bbox 1734 2717 1829 2770; x_wconf 73' lang='grc' dir='ltr'>καὶ</span> 
     </span>
    </p>
   </div>
   <div class='ocr_carea' id='block_1_37' title="bbox 245 2810 1830 2887">
    <p class='ocr_par' dir='ltr' id='par_1_37' title="bbox 245 2810 1830 2887">
     <span class='ocr_line' id='line_1_37' title="bbox 245 2810 1830 2887; baseline -0.004 -18"><span class='ocrx_word' id='word_1_278' title='bbox 245 2816 498 2887; x_wconf 78' lang='grc' dir='ltr'>μάλιστα</span> <span class='ocrx_word' id='word_1_279' title='bbox 541 2814 812 2875; x_wconf 85' lang='grc' dir='ltr'>Λατίνοις,</span> <span class='ocrx_word' id='word_1_280' title='bbox 842 2814 952 2867; x_wconf 87' lang='grc' dir='ltr'>εῐτε</span> <span class='ocrx_word' id='word_1_281' title='bbox 987 2811 1388 2882; x_wconf 81' lang='grc' dir='ltr'>μεγαλοψυχεῖν</span> <span class='ocrx_word' id='word_1_282' title='bbox 1423 2810 1830 2880; x_wconf 83' lang='grc' dir='ltr'>προσποιουμέ-</span> 
     </span>
    </p>
   </div>
   <div class='ocr_carea' id='block_1_38' title="bbox 239 2895 1830 2977">
    <p class='ocr_par' dir='ltr' id='par_1_38' title="bbox 239 2895 1830 2977">
     <span class='ocr_line' id='line_1_38' title="bbox 239 2895 1830 2977; baseline -0.005 -14"><span class='ocrx_word' id='word_1_283' title='bbox 239 2927 390 2970; x_wconf 84' lang='grc' dir='ltr'>νοις.</span> <span class='ocrx_word' id='word_1_284' title='bbox 414 2909 522 2961; x_wconf 74' lang='grc' dir='ltr'>εἴτε</span> <span class='ocrx_word' id='word_1_285' title='bbox 562 2909 759 2976; x_wconf 84' lang='grc' dir='ltr'>πεῖραν</span> <span class='ocrx_word' id='word_1_286' title='bbox 783 2905 884 2977; x_wconf 60' lang='lat' dir='ltr'><strong>of»:</strong></span> <span class='ocrx_word' id='word_1_287' title='bbox 918 2905 1175 2974; x_wconf 75' lang='grc' dir='ltr'>ἐσχηκόσι</span> <span class='ocrx_word' id='word_1_288' title='bbox 1215 2903 1325 2956; x_wconf 87' lang='grc' dir='ltr'><strong>τῶν</strong></span> <span class='ocrx_word' id='word_1_289' title='bbox 1352 2903 1633 2972; x_wconf 83' lang='grc' dir='ltr'>Τούρκων,</span> <span class='ocrx_word' id='word_1_290' title='bbox 1660 2895 1704 2969; x_wconf 80' lang='grc' dir='ltr'>ᾧ</span> <span class='ocrx_word' id='word_1_291' title='bbox 1735 2903 1830 2957; x_wconf 74' lang='grc' dir='ltr'>καὶ</span> 
     </span>
    </p>
   </div>
   <div class='ocr_carea' id='block_1_39' title="bbox 249 2993 1828 3072">
    <p class='ocr_par' dir='ltr' id='par_1_39' title="bbox 249 2993 1828 3072">
     <span class='ocr_line' id='line_1_39' title="bbox 249 2993 1828 3072; baseline -0.003 -20"><span class='ocrx_word' id='word_1_292' title='bbox 249 2999 465 3072; x_wconf 70' lang='grc' dir='ltr'>μᾶλλον</span> <span class='ocrx_word' id='word_1_293' title='bbox 495 2996 672 3065; x_wconf 67' lang='grc' dir='ltr'>ἔγωγε</span> <span class='ocrx_word' id='word_1_294' title='bbox 704 2997 986 3064; x_wconf 86' lang='grc' dir='ltr'>πείθομαι.</span> <span class='ocrx_word' id='word_1_295' title='bbox 1021 2994 1190 3049; x_wconf 85' lang='grc' dir='ltr'>Πόθεν</span> <span class='ocrx_word' id='word_1_296' title='bbox 1223 2995 1334 3065; x_wconf 77' lang='grc' dir='ltr'>γὰρ</span> <span class='ocrx_word' id='word_1_297' title='bbox 1375 2993 1585 3062; x_wconf 84' lang='grc' dir='ltr'>εῐδησις</span> <span class='ocrx_word' id='word_1_298' title='bbox 1614 2994 1828 3055; x_wconf 82' lang='grc' dir='ltr'>τούτοις</span> 
     </span>
    </p>
   </div>
   <div class='ocr_carea' id='block_1_40' title="bbox 245 3078 1831 3160">
    <p class='ocr_par' dir='ltr' id='par_1_40' title="bbox 245 3078 1831 3160">
     <span class='ocr_line' id='line_1_40' title="bbox 245 3078 1831 3160; baseline -0.006 -13"><span class='ocrx_word' id='word_1_299' title='bbox 245 3097 313 3148; x_wconf 83' lang='grc' dir='ltr'><strong>ἐν</strong></span> <span class='ocrx_word' id='word_1_300' title='bbox 349 3092 592 3160; x_wconf 72' lang='grc' dir='ltr'>θαλάττῃ</span> <span class='ocrx_word' id='word_1_301' title='bbox 622 3089 718 3142; x_wconf 79' lang='grc' dir='ltr'>καὶ</span> <span class='ocrx_word' id='word_1_302' title='bbox 746 3078 1110 3156; x_wconf 71' lang='grc' dir='ltr'>γεννωμένοις</span> <span class='ocrx_word' id='word_1_303' title='bbox 1142 3087 1239 3141; x_wconf 79' lang='grc' dir='ltr'>καὶ</span> <span class='ocrx_word' id='word_1_304' title='bbox 1287 3087 1368 3149; x_wconf 81' lang='grc' dir='ltr'><strong>είς</strong></span> <span class='ocrx_word' id='word_1_305' title='bbox 1397 3086 1581 3156; x_wconf 82' lang='grc' dir='ltr'>γῆρας</span> <span class='ocrx_word' id='word_1_306' title='bbox 1610 3088 1831 3140; x_wconf 85' lang='grc' dir='ltr'>διαιτω-</span> 
     </span>
    </p>
   </div>
   <div class='ocr_carea' id='block_1_41' title="bbox 1916 1434 3496 1513">
    <p class='ocr_par' dir='ltr' id='par_1_41' title="bbox 1916 1434 3496 1513">
     <span class='ocr_line' id='line_1_41' title="bbox 1916 1434 3496 1513; baseline -0.008 -15"><span class='ocrx_word' id='word_1_307' title='bbox 1916 1443 2298 1513; x_wconf 87' lang='lat' dir='ltr'><strong>processisset,</strong></span> <span class='ocrx_word' id='word_1_308' title='bbox 2331 1441 2384 1495; x_wconf 92' lang='lat' dir='ltr'><strong>in</strong></span> <span class='ocrx_word' id='word_1_309' title='bbox 2404 1439 2556 1510; x_wconf 80' lang='lat' dir='ltr'><strong>pejus</strong></span> <span class='ocrx_word' id='word_1_310' title='bbox 2581 1455 2742 1509; x_wconf 87' lang='lat' dir='ltr'><strong>quam</strong></span> <span class='ocrx_word' id='word_1_311' title='bbox 2767 1446 2925 1492; x_wconf 82' lang='lat' dir='ltr'><strong>antea</strong></span> <span class='ocrx_word' id='word_1_312' title='bbox 2952 1451 3111 1492; x_wconf 89' lang='lat' dir='ltr'><strong>ruere</strong></span> <span class='ocrx_word' id='word_1_313' title='bbox 3135 1434 3344 1496; x_wconf 82' lang='lat' dir='ltr'><strong>omnia.</strong></span> <span class='ocrx_word' id='word_1_314' title='bbox 3375 1449 3496 1486; x_wconf 83' lang='lat' dir='ltr'><strong>ma-</strong></span> 
     </span>
    </p>
   </div>
   <div class='ocr_carea' id='block_1_42' title="bbox 1919 1524 3498 1606">
    <p class='ocr_par' dir='ltr' id='par_1_42' title="bbox 1919 1524 3498 1606">
     <span class='ocr_line' id='line_1_42' title="bbox 1919 1524 3498 1606; baseline -0.008 -17"><span class='ocrx_word' id='word_1_315' title='bbox 1919 1548 2022 1606; x_wconf 89' lang='lat' dir='ltr'><strong>gna</strong></span> <span class='ocrx_word' id='word_1_316' title='bbox 2045 1533 2290 1589; x_wconf 75' lang='lat' dir='ltr'><strong>confusio</strong></span> <span class='ocrx_word' id='word_1_317' title='bbox 2315 1533 2528 1586; x_wconf 90' lang='lat' dir='ltr'><strong>animos</strong></span> <span class='ocrx_word' id='word_1_318' title='bbox 2553 1537 2846 1598; x_wconf 86' lang='lat' dir='ltr'><strong>occupare,</strong></span> <span class='ocrx_word' id='word_1_319' title='bbox 2879 1542 3001 1580; x_wconf 75' lang='lat' dir='ltr'><strong>cum</strong></span> <span class='ocrx_word' id='word_1_320' title='bbox 3032 1525 3139 1580; x_wconf 90' lang='lat' dir='ltr'><strong>alia</strong></span> <span class='ocrx_word' id='word_1_321' title='bbox 3164 1524 3254 1579; x_wconf 81' lang='lat' dir='ltr'><strong>alii</strong></span> <span class='ocrx_word' id='word_1_322' title='bbox 3299 1524 3498 1578; x_wconf 86' lang='lat' dir='ltr'><strong>decer-</strong></span> 
     </span>
    </p>
   </div>
   <div class='ocr_carea' id='block_1_43' title="bbox 1921 1615 3501 1694">
    <p class='ocr_par' dir='ltr' id='par_1_43' title="bbox 1921 1615 3501 1694">
     <span class='ocr_line' id='line_1_43' title="bbox 1921 1615 3501 1694; baseline -0.008 -12"><span class='ocrx_word' id='word_1_323' title='bbox 1921 1636 2122 1682; x_wconf 90' lang='lat' dir='ltr'><strong>nerent</strong></span> <span class='ocrx_word' id='word_1_324' title='bbox 2157 1640 2257 1680; x_wconf 90' lang='lat' dir='ltr'><strong>nec</strong></span> <span class='ocrx_word' id='word_1_325' title='bbox 2291 1632 2514 1694; x_wconf 88' lang='lat' dir='ltr'><strong>possent</strong></span> <span class='ocrx_word' id='word_1_326' title='bbox 2543 1623 2596 1677; x_wconf 93' lang='lat' dir='ltr'><strong>in</strong></span> <span class='ocrx_word' id='word_1_327' title='bbox 2629 1636 2790 1676; x_wconf 90' lang='lat' dir='ltr'><strong>unam</strong></span> <span class='ocrx_word' id='word_1_328' title='bbox 2821 1626 3144 1676; x_wconf 74' lang='lat' dir='ltr'><strong>sententiam</strong></span> <span class='ocrx_word' id='word_1_329' title='bbox 3164 1615 3456 1672; x_wconf 88' lang='lat' dir='ltr'><strong>convenire</strong></span> <span class='ocrx_word' id='word_1_330' title='bbox 3487 1655 3501 1680; x_wconf 90' lang='lat'><strong>,</strong></span> 
     </span>
    </p>
   </div>
   <div class='ocr_carea' id='block_1_44' title="bbox 1923 1709 3502 1789">
    <p class='ocr_par' dir='ltr' id='par_1_44' title="bbox 1923 1709 3502 1789">
     <span class='ocr_line' id='line_1_44' title="bbox 1923 1709 3502 1789; baseline -0.011 -14"><span class='ocrx_word' id='word_1_331' title='bbox 1923 1733 2130 1789; x_wconf 89' lang='lat' dir='ltr'><strong>nosque</strong></span> <span class='ocrx_word' id='word_1_332' title='bbox 2154 1717 2265 1772; x_wconf 88' lang='lat' dir='ltr'><strong>illis</strong></span> <span class='ocrx_word' id='word_1_333' title='bbox 2281 1715 2371 1786; x_wconf 87' lang='lat' dir='ltr'><strong>qui</strong></span> <span class='ocrx_word' id='word_1_334' title='bbox 2401 1714 2460 1771; x_wconf 89' lang='lat' dir='ltr'><strong>in</strong></span> <span class='ocrx_word' id='word_1_335' title='bbox 2478 1715 2600 1770; x_wconf 84' lang='lat' dir='ltr'><strong>navi</strong></span> <span class='ocrx_word' id='word_1_336' title='bbox 2623 1713 2867 1772; x_wconf 77' lang='lat' dir='ltr'><strong>adversis</strong></span> <span class='ocrx_word' id='word_1_337' title='bbox 2891 1709 3312 1778; x_wconf 71' lang='lat' dir='ltr'><strong>tempestatibus</strong></span> <span class='ocrx_word' id='word_1_338' title='bbox 3335 1716 3502 1762; x_wconf 80' lang='lat' dir='ltr'><strong>utun-</strong></span> 
     </span>
    </p>
   </div>
   <div class='ocr_carea' id='block_1_45' title="bbox 1925 1798 3557 1880">
    <p class='ocr_par' dir='ltr' id='par_1_45' title="bbox 1925 1798 3557 1880">
     <span class='ocr_line' id='line_1_45' title="bbox 1925 1798 3557 1880; baseline -0.01 -13"><span class='ocrx_word' id='word_1_339' title='bbox 1925 1821 2015 1867; x_wconf 88' lang='lat' dir='ltr'><strong>tur</strong></span> <span class='ocrx_word' id='word_1_340' title='bbox 2043 1825 2165 1865; x_wconf 90' lang='lat' dir='ltr'><strong>cum</strong></span> <span class='ocrx_word' id='word_1_341' title='bbox 2197 1809 2526 1880; x_wconf 91' lang='lat' dir='ltr'><strong>gubernator</strong></span> <span class='ocrx_word' id='word_1_342' title='bbox 2554 1806 2729 1870; x_wconf 84' lang='lat' dir='ltr'><strong>abest,</strong></span> <span class='ocrx_word' id='word_1_343' title='bbox 2761 1819 2868 1858; x_wconf 93' lang='lat' dir='ltr'><strong>non</strong></span> <span class='ocrx_word' id='word_1_344' title='bbox 2902 1800 3202 1865; x_wconf 88' lang='lat' dir='ltr'><strong>absimiles,</strong></span> <span class='ocrx_word' id='word_1_345' title='bbox 3231 1799 3396 1853; x_wconf 90' lang='lat' dir='ltr'><strong>variis</strong></span> <span class='ocrx_word' id='word_1_346' title='bbox 3415 1812 3506 1852; x_wconf 83' lang='lat' dir='ltr'><strong>re-</strong></span> <span class='ocrx_word' id='word_1_347' title='bbox 3547 1798 3557 1810; x_wconf 80' lang='lat'>‘</span> 
     </span>
    </p>
   </div>
   <div class='ocr_carea' id='block_1_46' title="bbox 1930 1889 3550 1972">
    <p class='ocr_par' dir='ltr' id='par_1_46' title="bbox 1930 1889 3550 1972">
     <span class='ocr_line' id='line_1_46' title="bbox 1930 1889 3550 1972; baseline -0.009 -14"><span class='ocrx_word' id='word_1_348' title='bbox 1930 1919 2048 1959; x_wconf 75' lang='lat' dir='ltr'><strong>run:</strong></span> <span class='ocrx_word' id='word_1_349' title='bbox 2077 1899 2571 1972; x_wconf 79' lang='lat' dir='ltr'><strong>ﬂuctibusjactari.</strong></span> <span class='ocrx_word' id='word_1_350' title='bbox 2602 1898 2855 1966; x_wconf 84' lang='lat' dir='ltr'><strong>Namque</strong></span> <span class='ocrx_word' id='word_1_351' title='bbox 2883 1896 2956 1949; x_wconf 89' lang='lat' dir='ltr'><strong>ibi</strong></span> <span class='ocrx_word' id='word_1_352' title='bbox 2987 1895 3167 1950; x_wconf 85' lang='lat' dir='ltr'><strong>omnia</strong></span> <span class='ocrx_word' id='word_1_353' title='bbox 3214 1903 3342 1948; x_wconf 89' lang='lat' dir='ltr'><strong>sunt</strong></span> <span class='ocrx_word' id='word_1_354' title='bbox 3393 1901 3510 1945; x_wconf 88' lang='lat' dir='ltr'><strong>tur-</strong></span> <span class='ocrx_word' id='word_1_355' title='bbox 3547 1889 3550 1894; x_wconf 85' lang='grc'><em>’</em></span> 
     </span>
    </p>
   </div>
   <div class='ocr_carea' id='block_1_47' title="bbox 1926 1987 3511 2065">
    <p class='ocr_par' dir='ltr' id='par_1_47' title="bbox 1926 1987 3511 2065">
     <span class='ocr_line' id='line_1_47' title="bbox 1926 1987 3511 2065; baseline -0.009 -13"><span class='ocrx_word' id='word_1_356' title='bbox 1926 1997 2118 2052; x_wconf 87' lang='lat' dir='ltr'><strong>barum</strong></span> <span class='ocrx_word' id='word_1_357' title='bbox 2145 1995 2330 2065; x_wconf 88' lang='lat' dir='ltr'><strong>plena,</strong></span> <span class='ocrx_word' id='word_1_358' title='bbox 2360 2003 2416 2050; x_wconf 91' lang='lat' dir='ltr'><strong>et</strong></span> <span class='ocrx_word' id='word_1_359' title='bbox 2443 1992 2622 2059; x_wconf 82' lang='lat' dir='ltr'><strong>navis,</strong></span> <span class='ocrx_word' id='word_1_360' title='bbox 2654 1991 2887 2062; x_wconf 87' lang='lat' dir='ltr'><strong>spoliata</strong></span> <span class='ocrx_word' id='word_1_361' title='bbox 2919 1998 3134 2045; x_wconf 87' lang='lat' dir='ltr'><strong>rectore</strong></span> <span class='ocrx_word' id='word_1_362' title='bbox 3159 2001 3224 2041; x_wconf 91' lang='lat' dir='ltr'><strong>ac</strong></span> <span class='ocrx_word' id='word_1_363' title='bbox 3250 1987 3301 2040; x_wconf 88' lang='lat' dir='ltr'><strong>vi</strong></span> <span class='ocrx_word' id='word_1_364' title='bbox 3319 1995 3511 2041; x_wconf 88' lang='lat' dir='ltr'><strong>vento-</strong></span> 
     </span>
    </p>
   </div>
   <div class='ocr_carea' id='block_1_48' title="bbox 1926 2075 3512 2146">
    <p class='ocr_par' dir='ltr' id='par_1_48' title="bbox 1926 2075 3512 2146">
     <span class='ocr_line' id='line_1_48' title="bbox 1926 2075 3512 2146; baseline -0.01 -3"><span class='ocrx_word' id='word_1_365' title='bbox 1926 2103 2047 2143; x_wconf 89' lang='lat' dir='ltr'><strong>rum</strong></span> <span class='ocrx_word' id='word_1_366' title='bbox 2074 2099 2337 2142; x_wconf 86' lang='lat' dir='ltr'><strong>concussa</strong></span> <span class='ocrx_word' id='word_1_367' title='bbox 2364 2085 2472 2139; x_wconf 89' lang='lat' dir='ltr'><strong>iter</strong></span> <span class='ocrx_word' id='word_1_368' title='bbox 2495 2096 2654 2137; x_wconf 89' lang='lat' dir='ltr'><strong>suum</strong></span> <span class='ocrx_word' id='word_1_369' title='bbox 2688 2081 3008 2136; x_wconf 79' lang='lat' dir='ltr'><strong>continuare</strong></span> <span class='ocrx_word' id='word_1_370' title='bbox 3061 2075 3265 2146; x_wconf 83' lang='lat' dir='ltr'><strong>absque</strong></span> <span class='ocrx_word' id='word_1_371' title='bbox 3315 2075 3512 2130; x_wconf 78' lang='lat' dir='ltr'><strong>discri-</strong></span> 
     </span>
    </p>
   </div>
   <div class='ocr_carea' id='block_1_49' title="bbox 1927 2167 3505 2247">
    <p class='ocr_par' dir='ltr' id='par_1_49' title="bbox 1927 2167 3505 2247">
     <span class='ocr_line' id='line_1_49' title="bbox 1927 2167 3505 2247; baseline -0.01 -12"><span class='ocrx_word' id='word_1_372' title='bbox 1927 2180 2074 2235; x_wconf 89' lang='lat' dir='ltr'><strong>mine</strong></span> <span class='ocrx_word' id='word_1_373' title='bbox 2099 2194 2210 2233; x_wconf 90' lang='lat' dir='ltr'><strong>non</strong></span> <span class='ocrx_word' id='word_1_374' title='bbox 2245 2176 2598 2247; x_wconf 89' lang='lat' dir='ltr'><strong>permittitur.</strong></span> <span class='ocrx_word' id='word_1_375' title='bbox 2631 2173 2767 2228; x_wconf 88' lang='lat' dir='ltr'><strong>Cum</strong></span> <span class='ocrx_word' id='word_1_376' title='bbox 2800 2185 2928 2243; x_wconf 90' lang='lat' dir='ltr'><strong>ergo</strong></span> <span class='ocrx_word' id='word_1_377' title='bbox 2951 2169 3196 2240; x_wconf 86' lang='lat' dir='ltr'><strong>plerique</strong></span> <span class='ocrx_word' id='word_1_378' title='bbox 3213 2182 3360 2238; x_wconf 68' lang='lat' dir='ltr'><strong>aegre</strong></span> <span class='ocrx_word' id='word_1_379' title='bbox 3387 2167 3505 2220; x_wconf 81' lang='lat' dir='ltr'><strong>fer-</strong></span> 
     </span>
    </p>
   </div>
   <div class='ocr_carea' id='block_1_50' title="bbox 1930 2261 3510 2328">
    <p class='ocr_par' dir='ltr' id='par_1_50' title="bbox 1930 2261 3510 2328">
     <span class='ocr_line' id='line_1_50' title="bbox 1930 2261 3510 2328; baseline -0.012 0"><span class='ocrx_word' id='word_1_380' title='bbox 1930 2281 2051 2328; x_wconf 90' lang='lat' dir='ltr'><strong>rent</strong></span> <span class='ocrx_word' id='word_1_381' title='bbox 2075 2286 2177 2326; x_wconf 91' lang='lat' dir='ltr'><strong>non</strong></span> <span class='ocrx_word' id='word_1_382' title='bbox 2200 2267 2429 2324; x_wconf 85' lang='lat' dir='ltr'><strong>concedi</strong></span> <span class='ocrx_word' id='word_1_383' title='bbox 2450 2267 2554 2322; x_wconf 85' lang='lat' dir='ltr'><strong>sibi</strong></span> <span class='ocrx_word' id='word_1_384' title='bbox 2579 2266 2774 2322; x_wconf 81' lang='lat' dir='ltr'><strong>Turcis</strong></span> <span class='ocrx_word' id='word_1_385' title='bbox 2799 2264 2988 2318; x_wconf 87' lang='lat' dir='ltr'><strong>urbem</strong></span> <span class='ocrx_word' id='word_1_386' title='bbox 3011 2261 3225 2324; x_wconf 88' lang='lat' dir='ltr'><strong>dedere,</strong></span> <span class='ocrx_word' id='word_1_387' title='bbox 3257 2267 3510 2316; x_wconf 85' lang='lat' dir='ltr'><strong>eventum</strong></span> 
     </span>
    </p>
   </div>
   <div class='ocr_carea' id='block_1_51' title="bbox 1928 2350 3514 2434">
    <p class='ocr_par' dir='ltr' id='par_1_51' title="bbox 1928 2350 3514 2434">
     <span class='ocr_line' id='line_1_51' title="bbox 1928 2350 3514 2434; baseline -0.008 -18"><span class='ocrx_word' id='word_1_388' title='bbox 1928 2360 2274 2434; x_wconf 88' lang='lat' dir='ltr'><strong>postmodum</strong></span> <span class='ocrx_word' id='word_1_389' title='bbox 2302 2365 2552 2414; x_wconf 91' lang='lat' dir='ltr'><strong>secutum</strong></span> <span class='ocrx_word' id='word_1_390' title='bbox 2570 2357 3076 2426; x_wconf 86' lang='lat' dir='ltr'><strong>perhorrescentes,</strong></span> <span class='ocrx_word' id='word_1_391' title='bbox 3099 2350 3323 2406; x_wconf 87' lang='lat' dir='ltr'><strong>nuntius</strong></span> <span class='ocrx_word' id='word_1_392' title='bbox 3348 2350 3514 2404; x_wconf 82' lang='lat' dir='ltr'><strong>adve-</strong></span> 
     </span>
    </p>
   </div>
   <div class='ocr_carea' id='block_1_52' title="bbox 1932 2443 3508 2514">
    <p class='ocr_par' dir='ltr' id='par_1_52' title="bbox 1932 2443 3508 2514">
     <span class='ocr_line' id='line_1_52' title="bbox 1932 2443 3508 2514; baseline -0.01 -5"><span class='ocrx_word' id='word_1_393' title='bbox 1932 2455 2013 2509; x_wconf 89' lang='lat' dir='ltr'><strong>nit</strong></span> <span class='ocrx_word' id='word_1_394' title='bbox 2038 2453 2298 2509; x_wconf 76' lang='lat' dir='ltr'><strong>Muratem</strong></span> <span class='ocrx_word' id='word_1_395' title='bbox 2330 2451 2593 2506; x_wconf 87' lang='lat' dir='ltr'><strong>adversus</strong></span> <span class='ocrx_word' id='word_1_396' title='bbox 2623 2463 2724 2504; x_wconf 85' lang='lat' dir='ltr'><strong>nos</strong></span> <span class='ocrx_word' id='word_1_397' title='bbox 2746 2448 2852 2502; x_wconf 88' lang='lat' dir='ltr'><strong>iter</strong></span> <span class='ocrx_word' id='word_1_398' title='bbox 2877 2458 3184 2514; x_wconf 88' lang='lat' dir='ltr'><strong>capessere,</strong></span> <span class='ocrx_word' id='word_1_399' title='bbox 3211 2443 3508 2512; x_wconf 86' lang='lat' dir='ltr'><strong>quamplu-</strong></span> 
     </span>
    </p>
   </div>
   <div class='ocr_carea' id='block_1_53' title="bbox 1931 2535 3508 2617">
    <p class='ocr_par' dir='ltr' id='par_1_53' title="bbox 1931 2535 3508 2617">
     <span class='ocr_line' id='line_1_53' title="bbox 1931 2535 3508 2617; baseline -0.009 -15"><span class='ocrx_word' id='word_1_400' title='bbox 1931 2548 2086 2602; x_wconf 90' lang='lat' dir='ltr'><strong>rimis</strong></span> <span class='ocrx_word' id='word_1_401' title='bbox 2113 2545 2287 2617; x_wconf 90' lang='lat' dir='ltr'><strong>c0piis</strong></span> <span class='ocrx_word' id='word_1_402' title='bbox 2309 2553 2362 2600; x_wconf 92' lang='lat' dir='ltr'><strong>et</strong></span> <span class='ocrx_word' id='word_1_403' title='bbox 2393 2545 2557 2599; x_wconf 89' lang='lat' dir='ltr'><strong>rebus</strong></span> <span class='ocrx_word' id='word_1_404' title='bbox 2572 2541 2697 2598; x_wconf 88' lang='lat' dir='ltr'><strong>aliis</strong></span> <span class='ocrx_word' id='word_1_405' title='bbox 2719 2539 2970 2596; x_wconf 86' lang='lat' dir='ltr'><strong>omnibus</strong></span> <span class='ocrx_word' id='word_1_406' title='bbox 3001 2535 3508 2593; x_wconf 80' lang='lat' dir='ltr'><strong>instructissimum.</strong></span> 
     </span>
    </p>
   </div>
   <div class='ocr_carea' id='block_1_54' title="bbox 1930 2617 3516 2707">
    <p class='ocr_par' dir='ltr' id='par_1_54' title="bbox 1930 2617 3516 2707">
     <span class='ocr_line' id='line_1_54' title="bbox 1930 2617 3516 2707; baseline -0.008 -14"><span class='ocrx_word' id='word_1_407' title='bbox 1930 2639 2161 2707; x_wconf 81' lang='lat' dir='ltr'><strong>Quidam</strong></span> <span class='ocrx_word' id='word_1_408' title='bbox 2191 2617 2381 2694; x_wconf 73' lang='lat' dir='ltr'><strong>nuntio</strong></span> <span class='ocrx_word' id='word_1_409' title='bbox 2407 2637 2565 2692; x_wconf 77' lang='lat' dir='ltr'><strong>(idem</strong></span> <span class='ocrx_word' id='word_1_410' title='bbox 2599 2649 2721 2690; x_wconf 91' lang='lat' dir='ltr'><strong>esse</strong></span> <span class='ocrx_word' id='word_1_411' title='bbox 2757 2630 3120 2687; x_wconf 85' lang='lat' dir='ltr'><strong>adhibendam</strong></span> <span class='ocrx_word' id='word_1_412' title='bbox 3165 2629 3353 2683; x_wconf 85' lang='lat' dir='ltr'><strong>dicunt</strong></span> <span class='ocrx_word' id='word_1_413' title='bbox 3379 2645 3395 2690; x_wconf 82' lang='lat'><strong>;</strong></span> <span class='ocrx_word' id='word_1_414' title='bbox 3422 2641 3516 2682; x_wconf 83' lang='lat' dir='ltr'><strong>ne-</strong></span> 
     </span>
    </p>
   </div>
   <div class='ocr_carea' id='block_1_55' title="bbox 1932 2720 3514 2802">
    <p class='ocr_par' dir='ltr' id='par_1_55' title="bbox 1932 2720 3514 2802">
     <span class='ocr_line' id='line_1_55' title="bbox 1932 2720 3514 2802; baseline -0.009 -16"><span class='ocrx_word' id='word_1_415' title='bbox 1932 2742 2064 2802; x_wconf 87' lang='lat' dir='ltr'><strong>gant</strong></span> <span class='ocrx_word' id='word_1_416' title='bbox 2096 2733 2212 2795; x_wconf 89' lang='lat' dir='ltr'><strong>alii,</strong></span> <span class='ocrx_word' id='word_1_417' title='bbox 2247 2741 2302 2786; x_wconf 92' lang='lat' dir='ltr'><strong>et</strong></span> <span class='ocrx_word' id='word_1_418' title='bbox 2329 2729 2506 2784; x_wconf 87' lang='lat' dir='ltr'><strong>Latini</strong></span> <span class='ocrx_word' id='word_1_419' title='bbox 2559 2727 2926 2798; x_wconf 86' lang='lat' dir='ltr'><strong>potissimum,</strong></span> <span class='ocrx_word' id='word_1_420' title='bbox 2981 2725 3097 2779; x_wconf 88' lang='lat' dir='ltr'><strong>sive</strong></span> <span class='ocrx_word' id='word_1_421' title='bbox 3153 2720 3514 2790; x_wconf 78' lang='lat' dir='ltr'><strong>magnanimi—</strong></span> 
     </span>
    </p>
   </div>
   <div class='ocr_carea' id='block_1_56' title="bbox 1932 2811 3513 2887">
    <p class='ocr_par' dir='ltr' id='par_1_56' title="bbox 1932 2811 3513 2887">
     <span class='ocr_line' id='line_1_56' title="bbox 1932 2811 3513 2887; baseline -0.009 -8"><span class='ocrx_word' id='word_1_422' title='bbox 1932 2834 2099 2879; x_wconf 90' lang='lat' dir='ltr'><strong>tatem</strong></span> <span class='ocrx_word' id='word_1_423' title='bbox 2136 2823 2483 2886; x_wconf 88' lang='lat' dir='ltr'><strong>simulantes,</strong></span> <span class='ocrx_word' id='word_1_424' title='bbox 2513 2822 2628 2876; x_wconf 90' lang='lat' dir='ltr'><strong>sive</strong></span> <span class='ocrx_word' id='word_1_425' title='bbox 2658 2818 2980 2882; x_wconf 90' lang='lat' dir='ltr'><strong>Turcarum,</strong></span> <span class='ocrx_word' id='word_1_426' title='bbox 3010 2814 3155 2887; x_wconf 79' lang='lat' dir='ltr'><strong>quod</strong></span> <span class='ocrx_word' id='word_1_427' title='bbox 3194 2811 3513 2868; x_wconf 81' lang='lat' dir='ltr'><strong>credibilius</strong></span> 
     </span>
    </p>
   </div>
   <div class='ocr_carea' id='block_1_57' title="bbox 1929 2906 3514 2982">
    <p class='ocr_par' dir='ltr' id='par_1_57' title="bbox 1929 2906 3514 2982">
     <span class='ocr_line' id='line_1_57' title="bbox 1929 2906 3514 2982; baseline -0.007 -14"><span class='ocrx_word' id='word_1_428' title='bbox 1929 2917 2165 2978; x_wconf 85' lang='lat' dir='ltr'><strong>videtur,</strong></span> <span class='ocrx_word' id='word_1_429' title='bbox 2201 2914 2493 2982; x_wconf 84' lang='lat' dir='ltr'><strong>inexperti.</strong></span> <span class='ocrx_word' id='word_1_430' title='bbox 2519 2910 2766 2980; x_wconf 81' lang='lat' dir='ltr'><strong>Namque</strong></span> <span class='ocrx_word' id='word_1_431' title='bbox 2797 2909 2940 2964; x_wconf 87' lang='lat' dir='ltr'><strong>unde</strong></span> <span class='ocrx_word' id='word_1_432' title='bbox 2965 2908 3096 2973; x_wconf 89' lang='lat' dir='ltr'><strong>illis,</strong></span> <span class='ocrx_word' id='word_1_433' title='bbox 3128 2907 3182 2960; x_wconf 90' lang='lat' dir='ltr'><strong>in</strong></span> <span class='ocrx_word' id='word_1_434' title='bbox 3243 2906 3382 2959; x_wconf 91' lang='lat' dir='ltr'><strong>mari</strong></span> <span class='ocrx_word' id='word_1_435' title='bbox 3421 2919 3514 2973; x_wconf 85' lang='lat' dir='ltr'><strong>ge-</strong></span> 
     </span>
    </p>
   </div>
   <div class='ocr_carea' id='block_1_58' title="bbox 1932 2995 3513 3068">
    <p class='ocr_par' dir='ltr' id='par_1_58' title="bbox 1932 2995 3513 3068">
     <span class='ocr_line' id='line_1_58' title="bbox 1932 2995 3513 3068; baseline -0.008 -7"><span class='ocrx_word' id='word_1_436' title='bbox 1932 3007 2064 3060; x_wconf 85' lang='lat' dir='ltr'><strong>nitis</strong></span> <span class='ocrx_word' id='word_1_437' title='bbox 2113 3015 2169 3061; x_wconf 87' lang='lat' dir='ltr'><strong>et</strong></span> <span class='ocrx_word' id='word_1_438' title='bbox 2194 3006 2392 3060; x_wconf 91' lang='lat' dir='ltr'><strong>ultimo</strong></span> <span class='ocrx_word' id='word_1_439' title='bbox 2419 3005 2581 3060; x_wconf 91' lang='lat' dir='ltr'><strong>etiam</strong></span> <span class='ocrx_word' id='word_1_440' title='bbox 2617 3002 2794 3058; x_wconf 64' lang='lat' dir='ltr'><strong>aetatis</strong></span> <span class='ocrx_word' id='word_1_441' title='bbox 2825 3009 3067 3068; x_wconf 88' lang='lat' dir='ltr'><strong>tempore</strong></span> <span class='ocrx_word' id='word_1_442' title='bbox 3091 2999 3256 3054; x_wconf 91' lang='lat' dir='ltr'><strong>vitam</strong></span> <span class='ocrx_word' id='word_1_443' title='bbox 3300 2995 3513 3065; x_wconf 57' lang='lat' dir='ltr'><strong>agenti.</strong></span> 
     </span>
    </p>
   </div>
   <div class='ocr_carea' id='block_1_59' title="bbox 1932 3085 3516 3162">
    <p class='ocr_par' dir='ltr' id='par_1_59' title="bbox 1932 3085 3516 3162">
     <span class='ocr_line' id='line_1_59' title="bbox 1932 3085 3516 3162; baseline -0.008 -12"><span class='ocrx_word' id='word_1_444' title='bbox 1932 3096 2056 3162; x_wconf 91' lang='lat' dir='ltr'><strong>bus,</strong></span> <span class='ocrx_word' id='word_1_445' title='bbox 2089 3111 2190 3152; x_wconf 90' lang='lat' dir='ltr'><strong>nec</strong></span> <span class='ocrx_word' id='word_1_446' title='bbox 2225 3111 2331 3151; x_wconf 93' lang='lat' dir='ltr'><strong>non</strong></span> <span class='ocrx_word' id='word_1_447' title='bbox 2356 3096 2423 3150; x_wconf 88' lang='lat' dir='ltr'><strong>ad</strong></span> <span class='ocrx_word' id='word_1_448' title='bbox 2451 3093 2738 3149; x_wconf 85' lang='lat' dir='ltr'><strong>conﬂictus</strong></span> <span class='ocrx_word' id='word_1_449' title='bbox 2767 3101 2822 3148; x_wconf 91' lang='lat' dir='ltr'><strong>et</strong></span> <span class='ocrx_word' id='word_1_450' title='bbox 2847 3094 3077 3162; x_wconf 69' lang='lat' dir='ltr'><strong>pugnas,</strong></span> <span class='ocrx_word' id='word_1_451' title='bbox 3128 3090 3328 3160; x_wconf 84' lang='lat' dir='ltr'><strong>quibus</strong></span> <span class='ocrx_word' id='word_1_452' title='bbox 3375 3085 3516 3141; x_wconf 85' lang='lat' dir='ltr'><strong>Tur-</strong></span> 
     </span>
    </p>
   </div>
   <div class='ocr_carea' id='block_1_60' title="bbox 251 3167 1837 3260">
    <p class='ocr_par' dir='ltr' id='par_1_60' title="bbox 251 3171 1822 3255">
     <span class='ocr_line' id='line_1_60' title="bbox 251 3171 1822 3255; baseline -0.006 -17"><span class='ocrx_word' id='word_1_453' title='bbox 251 3188 470 3255; x_wconf 83' lang='grc' dir='ltr'>μὲνοις,</span> <span class='ocrx_word' id='word_1_454' title='bbox 519 3182 654 3252; x_wconf 82' lang='grc' dir='ltr'>πρὸς</span> <span class='ocrx_word' id='word_1_455' title='bbox 693 3179 1012 3249; x_wconf 80' lang='grc' dir='ltr'>συμπλοκάς</span> <span class='ocrx_word' id='word_1_456' title='bbox 1061 3195 1120 3230; x_wconf 89' lang='grc' dir='ltr'><strong>τε</strong></span> <span class='ocrx_word' id='word_1_457' title='bbox 1149 3178 1243 3232; x_wconf 76' lang='grc' dir='ltr'>καὶ</span> <span class='ocrx_word' id='word_1_458' title='bbox 1282 3178 1486 3248; x_wconf 81' lang='grc' dir='ltr'>μάχας.</span> <span class='ocrx_word' id='word_1_459' title='bbox 1516 3171 1604 3240; x_wconf 72' lang='grc' dir='ltr'><strong>αἷς</strong></span> <span class='ocrx_word' id='word_1_460' title='bbox 1629 3178 1688 3230; x_wconf 82' lang='grc' dir='ltr'><strong>τὺ</strong></span> <span class='ocrx_word' id='word_1_461' title='bbox 1714 3177 1822 3229; x_wconf 86' lang='grc' dir='ltr'><strong>τῶν</strong></span> 
     </span>
    </p>
   </div>
   <div class='ocr_carea' id='block_1_61' title="bbox 1939 3167 3519 3260">
    <p class='ocr_par' dir='ltr' id='par_1_61' title="bbox 1939 3167 3519 3260">
     <span class='ocr_line' id='line_1_61' title="bbox 1939 3167 3519 3260; baseline -0.009 -12"><span class='ocrx_word' id='word_1_462' title='bbox 1939 3204 2256 3260; x_wconf 76' lang='lat' dir='ltr'><strong>:arumgeus</strong></span> <span class='ocrx_word' id='word_1_463' title='bbox 2274 3189 2463 3252; x_wconf 86' lang='lat' dir='ltr'><strong>utitur,</strong></span> <span class='ocrx_word' id='word_1_464' title='bbox 2493 3187 2712 3256; x_wconf 85' lang='lat' dir='ltr'><strong>ineptis,</strong></span> <span class='ocrx_word' id='word_1_465' title='bbox 2738 3198 2837 3240; x_wconf 92' lang='lat' dir='ltr'><strong>nec</strong></span> <span class='ocrx_word' id='word_1_466' title='bbox 2855 3182 3164 3238; x_wconf 86' lang='lat' dir='ltr'><strong>valentibus</strong></span> <span class='ocrx_word' id='word_1_467' title='bbox 3181 3195 3308 3235; x_wconf 88' lang='lat' dir='ltr'><strong>eum</strong></span> <span class='ocrx_word' id='word_1_468' title='bbox 3353 3167 3519 3236; x_wconf 53' lang='lat' dir='ltr'><strong>trireJ</strong></span> 
     </span>
    </p>
   </div>
   <div class='ocr_carea' id='block_1_62' title="bbox 246 3266 1826 3348">
    <p class='ocr_par' dir='ltr' id='par_1_62' title="bbox 246 3266 1826 3348">
     <span class='ocr_line' id='line_1_62' title="bbox 246 3266 1826 3348; baseline -0.009 -17"><span class='ocrx_word' id='word_1_469' title='bbox 246 3278 521 3348; x_wconf 75' lang='grc' dir='ltr'>Τούρκων</span> <span class='ocrx_word' id='word_1_470' title='bbox 549 3272 816 3343; x_wconf 84' lang='grc' dir='ltr'>κέχρηται</span> <span class='ocrx_word' id='word_1_471' title='bbox 858 3271 1034 3338; x_wconf 78' lang='grc' dir='ltr'>γένος,</span> <span class='ocrx_word' id='word_1_472' title='bbox 1082 3269 1299 3339; x_wconf 67' lang='grc' dir='ltr'>ἔχουσιν</span> <span class='ocrx_word' id='word_1_473' title='bbox 1336 3269 1438 3322; x_wconf 82' lang='grc' dir='ltr'>οὐκ</span> <span class='ocrx_word' id='word_1_474' title='bbox 1482 3266 1826 3336; x_wconf 67' lang='grc' dir='ltr'>ἐπιτηδείως,</span> 
     </span>
    </p>
   </div>
   <div class='ocr_carea' id='block_1_63' title="bbox 248 3358 1837 3438">
    <p class='ocr_par' dir='ltr' id='par_1_63' title="bbox 248 3358 1837 3438">
     <span class='ocr_line' id='line_1_63' title="bbox 248 3358 1837 3438; baseline -0.008 -15"><span class='ocrx_word' id='word_1_475' title='bbox 248 3373 359 3424; x_wconf 73' lang='grc' dir='ltr'>καὶ</span> <span class='ocrx_word' id='word_1_476' title='bbox 396 3367 527 3438; x_wconf 75' lang='grc' dir='ltr'>μηδὲ</span> <span class='ocrx_word' id='word_1_477' title='bbox 570 3365 886 3433; x_wconf 84' lang='grc' dir='ltr'>δυναμένοις</span> <span class='ocrx_word' id='word_1_478' title='bbox 935 3363 968 3433; x_wconf 77' lang='grc' dir='ltr'><strong>ἢ</strong></span> <span class='ocrx_word' id='word_1_479' title='bbox 1023 3361 1111 3415; x_wconf 77' lang='grc' dir='ltr'><strong>διὰ</strong></span> <span class='ocrx_word' id='word_1_480' title='bbox 1158 3360 1403 3431; x_wconf 60' lang='grc' dir='ltr'>τριηρῶν</span> <span class='ocrx_word' id='word_1_481' title='bbox 1452 3358 1710 3413; x_wconf 74' lang='grc' dir='ltr'>ἀπελθεῖν</span> <span class='ocrx_word' id='word_1_482' title='bbox 1755 3358 1837 3420; x_wconf 87' lang='grc' dir='ltr'><strong>είς</strong></span> 
     </span>
    </p>
   </div>
   <div class='ocr_carea' id='block_1_64' title="bbox 250 3451 1838 3532">
    <p class='ocr_par' dir='ltr' id='par_1_64' title="bbox 250 3451 1838 3532">
     <span class='ocr_line' id='line_1_64' title="bbox 250 3451 1838 3532; baseline -0.01 -14"><span class='ocrx_word' id='word_1_483' title='bbox 250 3462 585 3532; x_wconf 71' lang='grc' dir='ltr'>ὑπερορίαν,</span> <span class='ocrx_word' id='word_1_484' title='bbox 628 3459 769 3530; x_wconf 76' lang='grc' dir='ltr'>ἡνίκ’</span> <span class='ocrx_word' id='word_1_485' title='bbox 793 3458 859 3511; x_wconf 77' lang='grc' dir='ltr'>ἂν</span> <span class='ocrx_word' id='word_1_486' title='bbox 895 3457 990 3510; x_wconf 75' lang='grc' dir='ltr'>καὶ</span> <span class='ocrx_word' id='word_1_487' title='bbox 1016 3455 1147 3509; x_wconf 75' lang='grc' dir='ltr'>ἔνθα</span> <span class='ocrx_word' id='word_1_488' title='bbox 1179 3454 1456 3524; x_wconf 84' lang='grc' dir='ltr'>βούλοιντο</span> <span class='ocrx_word' id='word_1_489' title='bbox 1484 3469 1500 3517; x_wconf 89' lang='lat'><strong>;</strong></span> <span class='ocrx_word' id='word_1_490' title='bbox 1539 3451 1735 3522; x_wconf 84' lang='grc' dir='ltr'>μικρὸν</span> <span class='ocrx_word' id='word_1_491' title='bbox 1777 3451 1838 3503; x_wconf 77' lang='grc' dir='ltr'>τὸ</span> 
     </span>
    </p>
   </div>
   <div class='ocr_carea' id='block_1_65' title="bbox 253 3542 1839 3629">
    <p class='ocr_par' dir='ltr' id='par_1_65' title="bbox 253 3542 1839 3629">
     <span class='ocr_line' id='line_1_65' title="bbox 253 3542 1839 3629; baseline -0.01 -20"><span class='ocrx_word' id='word_1_492' title='bbox 253 3553 496 3629; x_wconf 77' lang='grc' dir='ltr'>μεταξὺ,</span> <span class='ocrx_word' id='word_1_493' title='bbox 532 3554 626 3605; x_wconf 65' lang='grc' dir='ltr'><strong>καὶ</strong></span> <span class='ocrx_word' id='word_1_494' title='bbox 674 3550 839 3603; x_wconf 84' lang='grc' dir='ltr'>πάλιν</span> <span class='ocrx_word' id='word_1_495' title='bbox 882 3549 1069 3618; x_wconf 70' lang='grc' dir='ltr'>ἔτερος</span> <span class='ocrx_word' id='word_1_496' title='bbox 1103 3545 1354 3613; x_wconf 75' lang='grc' dir='ltr'>ἄγγελος,</span> <span class='ocrx_word' id='word_1_497' title='bbox 1389 3543 1566 3597; x_wconf 83' lang='grc' dir='ltr'>ταυτὰ</span> <span class='ocrx_word' id='word_1_498' title='bbox 1594 3542 1671 3612; x_wconf 85' lang='grc' dir='ltr'>τῷ</span> <span class='ocrx_word' id='word_1_499' title='bbox 1703 3558 1839 3612; x_wconf 87' lang='grc' dir='ltr'>προ-</span> 
     </span>
    </p>
   </div>
   <div class='ocr_carea' id='block_1_66' title="bbox 251 3636 1839 3720">
    <p class='ocr_par' dir='ltr' id='par_1_66' title="bbox 251 3636 1839 3720">
     <span class='ocr_line' id='line_1_66' title="bbox 251 3636 1839 3720; baseline -0.011 -17"><span class='ocrx_word' id='word_1_500' title='bbox 251 3651 410 3720; x_wconf 78' lang='grc' dir='ltr'>τέρῳ</span> <span class='ocrx_word' id='word_1_501' title='bbox 441 3646 532 3700; x_wconf 70' lang='grc' dir='ltr'>καὶ</span> <span class='ocrx_word' id='word_1_502' title='bbox 563 3644 723 3706; x_wconf 78' lang='grc' dir='ltr'>αὐτὸς</span> <span class='ocrx_word' id='word_1_503' title='bbox 757 3641 1117 3709; x_wconf 82' lang='grc' dir='ltr'>διαγγέλλων,</span> <span class='ocrx_word' id='word_1_504' title='bbox 1143 3638 1384 3700; x_wconf 78' lang='grc' dir='ltr'>καὶτοὺς</span> <span class='ocrx_word' id='word_1_505' title='bbox 1429 3636 1621 3704; x_wconf 86' lang='grc' dir='ltr'>λόγους</span> <span class='ocrx_word' id='word_1_506' title='bbox 1655 3637 1839 3704; x_wconf 82' lang='grc' dir='ltr'>ὅρκοις</span> 
     </span>
    </p>
   </div>
   <div class='ocr_carea' id='block_1_67' title="bbox 256 3724 1836 3806">
    <p class='ocr_par' dir='ltr' id='par_1_67' title="bbox 256 3724 1836 3806">
     <span class='ocr_line' id='line_1_67' title="bbox 256 3724 1836 3806; baseline -0.008 -13"><span class='ocrx_word' id='word_1_507' title='bbox 256 3737 632 3806; x_wconf 82' lang='grc' dir='ltr'>πιστούμενος</span> <span class='ocrx_word' id='word_1_508' title='bbox 685 3733 1013 3802; x_wconf 75' lang='grc' dir='ltr'>ἀσφαλέσιν,</span> <span class='ocrx_word' id='word_1_509' title='bbox 1065 3731 1150 3800; x_wconf 72' lang='grc' dir='ltr'>ἐφ’</span> <span class='ocrx_word' id='word_1_510' title='bbox 1190 3724 1273 3792; x_wconf 75' lang='grc' dir='ltr'><strong>οἷς</strong></span> <span class='ocrx_word' id='word_1_511' title='bbox 1327 3729 1668 3798; x_wconf 76' lang='grc' dir='ltr'>ἐπείσθημεν</span> <span class='ocrx_word' id='word_1_512' title='bbox 1737 3730 1836 3797; x_wconf 79' lang='grc' dir='ltr'>μὲν</span> 
     </span>
    </p>
   </div>
   <div class='ocr_carea' id='block_1_68' title="bbox 256 3819 1841 3900">
    <p class='ocr_par' dir='ltr' id='par_1_68' title="bbox 256 3819 1841 3900">
     <span class='ocr_line' id='line_1_68' title="bbox 256 3819 1841 3900; baseline -0.006 -17"><span class='ocrx_word' id='word_1_513' title='bbox 256 3833 454 3900; x_wconf 76' lang='grc' dir='ltr'>ἡμεῖς,</span> <span class='ocrx_word' id='word_1_514' title='bbox 503 3827 672 3897; x_wconf 84' lang='grc' dir='ltr'>μηδὲν</span> <span class='ocrx_word' id='word_1_515' title='bbox 719 3824 845 3879; x_wconf 66' lang='grc' dir='ltr'>ἄλλο</span> <span class='ocrx_word' id='word_1_516' title='bbox 883 3821 1016 3893; x_wconf 86' lang='grc' dir='ltr'>παρ’</span> <span class='ocrx_word' id='word_1_517' title='bbox 1041 3821 1174 3876; x_wconf 80' lang='grc' dir='ltr'>αὐτὸ</span> <span class='ocrx_word' id='word_1_518' title='bbox 1207 3821 1618 3891; x_wconf 84' lang='grc' dir='ltr'>προσδοκῶντες</span> <span class='ocrx_word' id='word_1_519' title='bbox 1663 3819 1841 3891; x_wconf 80' lang='grc' dir='ltr'>(τοῦτο</span> 
     </span>
    </p>
   </div>
   <div class='ocr_carea' id='block_1_69' title="bbox 258 3913 1841 3993">
    <p class='ocr_par' dir='ltr' id='par_1_69' title="bbox 258 3913 1841 3993">
     <span class='ocr_line' id='line_1_69' title="bbox 258 3913 1841 3993; baseline -0.008 -17"><span class='ocrx_word' id='word_1_520' title='bbox 258 3925 377 3993; x_wconf 79' lang='grc' dir='ltr'>γὰρ</span> <span class='ocrx_word' id='word_1_521' title='bbox 407 3923 435 3973; x_wconf 84' lang='grc' dir='ltr'><strong>ὁ</strong></span> <span class='ocrx_word' id='word_1_522' title='bbox 462 3918 728 3988; x_wconf 76' lang='grc' dir='ltr'>πολυετὴς</span> <span class='ocrx_word' id='word_1_523' title='bbox 766 3917 914 3986; x_wconf 80' lang='grc' dir='ltr'>ἡμᾶς</span> <span class='ocrx_word' id='word_1_524' title='bbox 943 3915 1192 3968; x_wconf 78' lang='grc' dir='ltr'>ἐδίδασκε</span> <span class='ocrx_word' id='word_1_525' title='bbox 1235 3913 1603 3983; x_wconf 79' lang='grc' dir='ltr'>συγκλεισμδς</span> <span class='ocrx_word' id='word_1_526' title='bbox 1631 3913 1723 3964; x_wconf 79' lang='grc' dir='ltr'>καὶ</span> <span class='ocrx_word' id='word_1_527' title='bbox 1770 3913 1841 3964; x_wconf 68' lang='grc' dir='ltr'><strong>τὰ</strong></span> 
     </span>
    </p>
   </div>
   <div class='ocr_carea' id='block_1_70' title="bbox 261 4003 1842 4084">
    <p class='ocr_par' dir='ltr' id='par_1_70' title="bbox 261 4003 1842 4084">
     <span class='ocr_line' id='line_1_70' title="bbox 261 4003 1842 4084; baseline -0.01 -17"><span class='ocrx_word' id='word_1_528' title='bbox 261 4009 619 4084; x_wconf 76' lang='grc' dir='ltr'>πράγματα),</span> <span class='ocrx_word' id='word_1_529' title='bbox 657 4007 988 4075; x_wconf 77' lang='grc' dir='ltr'>ἐπείσθησαν</span> <span class='ocrx_word' id='word_1_530' title='bbox 1034 4006 1094 4058; x_wconf 77' lang='grc' dir='ltr'>δὲ</span> <span class='ocrx_word' id='word_1_531' title='bbox 1123 4007 1220 4058; x_wconf 80' lang='grc' dir='ltr'>καὶ</span> <span class='ocrx_word' id='word_1_532' title='bbox 1264 4004 1508 4065; x_wconf 89' lang='grc' dir='ltr'>Λατῖνοι,</span> <span class='ocrx_word' id='word_1_533' title='bbox 1558 4003 1653 4056; x_wconf 72' lang='grc' dir='ltr'><strong>καὶ</strong></span> <span class='ocrx_word' id='word_1_534' title='bbox 1703 4003 1842 4072; x_wconf 65' lang='grc' dir='ltr'>πρδς</span> 
     </span>
    </p>
   </div>
   <div class='ocr_carea' id='block_1_71' title="bbox 260 4093 1596 4176">
    <p class='ocr_par' dir='ltr' id='par_1_71' title="bbox 260 4093 1596 4176">
     <span class='ocr_line' id='line_1_71' title="bbox 260 4093 1596 4176; baseline -0.009 -16"><span class='ocrx_word' id='word_1_535' title='bbox 260 4104 628 4176; x_wconf 78' lang='grc' dir='ltr'>παρασκευὴν</span> <span class='ocrx_word' id='word_1_536' title='bbox 660 4101 771 4154; x_wconf 83' lang='grc' dir='ltr'>δεῖν</span> <span class='ocrx_word' id='word_1_537' title='bbox 796 4097 942 4163; x_wconf 72' lang='grc' dir='ltr'>ἔδοξε</span> <span class='ocrx_word' id='word_1_538' title='bbox 969 4096 1182 4160; x_wconf 82' lang='grc' dir='ltr'>τούτοις</span> <span class='ocrx_word' id='word_1_539' title='bbox 1211 4093 1596 4164; x_wconf 88' lang='grc' dir='ltr'>διεγηγέρθαι.</span> 
     </span>
    </p>
   </div>
   <div class='ocr_carea' id='block_1_72' title="bbox 344 4183 1845 4263">
    <p class='ocr_par' dir='ltr' id='par_1_72' title="bbox 344 4183 1845 4263">
     <span class='ocr_line' id='line_1_72' title="bbox 344 4183 1845 4263; baseline -0.007 -14"><span class='ocrx_word' id='word_1_540' title='bbox 344 4201 408 4248; x_wconf 85' lang='grc' dir='ltr'><strong>ε’.</strong></span> <span class='ocrx_word' id='word_1_541' title='bbox 439 4196 546 4248; x_wconf 72' lang='grc' dir='ltr'><strong>Καὶ</strong></span> <span class='ocrx_word' id='word_1_542' title='bbox 572 4191 874 4263; x_wconf 68' lang='grc' dir='ltr'>δήπρῶτον</span> <span class='ocrx_word' id='word_1_543' title='bbox 911 4190 1034 4258; x_wconf 79' lang='grc' dir='ltr'>μὲν,</span> <span class='ocrx_word' id='word_1_544' title='bbox 1055 4183 1228 4257; x_wconf 76' lang='grc' dir='ltr'>οὗπερ</span> <span class='ocrx_word' id='word_1_545' title='bbox 1275 4186 1512 4256; x_wconf 80' lang='grc' dir='ltr'>ήρξαντο</span> <span class='ocrx_word' id='word_1_546' title='bbox 1577 4185 1845 4256; x_wconf 84' lang='grc' dir='ltr'>πρότερον</span> 
     </span>
    </p>
   </div>
   <div class='ocr_carea' id='block_1_73' title="bbox 266 4277 1844 4356">
    <p class='ocr_par' dir='ltr' id='par_1_73' title="bbox 266 4277 1844 4356">
     <span class='ocr_line' id='line_1_73' title="bbox 266 4277 1844 4356; baseline -0.007 -15"><span class='ocrx_word' id='word_1_547' title='bbox 266 4289 457 4356; x_wconf 75' lang='grc' dir='ltr'>ἔργου,</span> <span class='ocrx_word' id='word_1_548' title='bbox 489 4285 623 4355; x_wconf 72' lang='grc' dir='ltr'>πρὸς</span> <span class='ocrx_word' id='word_1_549' title='bbox 652 4282 931 4336; x_wconf 84' lang='grc' dir='ltr'>τελείωσιν</span> <span class='ocrx_word' id='word_1_550' title='bbox 951 4281 1375 4349; x_wconf 74' lang='grc' dir='ltr'>σπουδαιότερον</span> <span class='ocrx_word' id='word_1_551' title='bbox 1404 4279 1744 4348; x_wconf 79' lang='grc' dir='ltr'>διετέθησαν.</span> <span class='ocrx_word' id='word_1_552' title='bbox 1772 4277 1844 4330; x_wconf 88' lang='grc' dir='ltr'><strong>Τὸ</strong></span> 
     </span>
    </p>
   </div>
   <div class='ocr_carea' id='block_1_74' title="bbox 266 4368 1845 4446">
    <p class='ocr_par' dir='ltr' id='par_1_74' title="bbox 266 4368 1845 4446">
     <span class='ocr_line' id='line_1_74' title="bbox 266 4368 1845 4446; baseline -0.008 -14"><span class='ocrx_word' id='word_1_553' title='bbox 266 4378 316 4432; x_wconf 82' lang='grc' dir='ltr'>δ’</span> <span class='ocrx_word' id='word_1_554' title='bbox 343 4374 410 4446; x_wconf 72' lang='grc' dir='ltr'>ἦν</span> <span class='ocrx_word' id='word_1_555' title='bbox 440 4377 472 4444; x_wconf 81' lang='grc' dir='ltr'>ἡ</span> <span class='ocrx_word' id='word_1_556' title='bbox 502 4376 630 4445; x_wconf 71' lang='grc' dir='ltr'>περὶ</span> <span class='ocrx_word' id='word_1_557' title='bbox 657 4374 753 4437; x_wconf 78' lang='grc' dir='ltr'>τὰς</span> <span class='ocrx_word' id='word_1_558' title='bbox 785 4371 1043 4436; x_wconf 76' lang='grc' dir='ltr'>ἐπάλξεις</span> <span class='ocrx_word' id='word_1_559' title='bbox 1094 4371 1275 4425; x_wconf 83' lang='grc' dir='ltr'>αὐτῶν</span> <span class='ocrx_word' id='word_1_560' title='bbox 1294 4371 1604 4440; x_wconf 83' lang='grc' dir='ltr'>ἐπιμέλεια.</span> <span class='ocrx_word' id='word_1_561' title='bbox 1635 4368 1845 4439; x_wconf 77' lang='grc' dir='ltr'>Μικρὸν</span> 
     </span>
    </p>
   </div>
   <div class='ocr_carea' id='block_1_75' title="bbox 268 4460 1844 4538">
    <p class='ocr_par' dir='ltr' id='par_1_75' title="bbox 268 4460 1844 4538">
     <span class='ocr_line' id='line_1_75' title="bbox 268 4460 1844 4538; baseline -0.008 -16"><span class='ocrx_word' id='word_1_562' title='bbox 268 4469 385 4538; x_wconf 74' lang='grc' dir='ltr'><strong>γὰρ</strong></span> <span class='ocrx_word' id='word_1_563' title='bbox 420 4466 654 4538; x_wconf 85' lang='grc' dir='ltr'>πρόσθεν</span> <span class='ocrx_word' id='word_1_564' title='bbox 681 4465 768 4518; x_wconf 74' lang='grc' dir='ltr'>διὰ</span> <span class='ocrx_word' id='word_1_565' title='bbox 799 4463 1076 4534; x_wconf 83' lang='grc' dir='ltr'>φροντίδος</span> <span class='ocrx_word' id='word_1_566' title='bbox 1113 4463 1312 4530; x_wconf 83' lang='grc' dir='ltr'>πολλῆς</span> <span class='ocrx_word' id='word_1_567' title='bbox 1337 4461 1712 4531; x_wconf 79' lang='grc' dir='ltr'>πεποιήκεσαν</span> <span class='ocrx_word' id='word_1_568' title='bbox 1746 4460 1844 4522; x_wconf 72' lang='grc' dir='ltr'>τὰς</span> 
     </span>
    </p>
   </div>
   <div class='ocr_carea' id='block_1_76' title="bbox 273 4551 1845 4625">
    <p class='ocr_par' dir='ltr' id='par_1_76' title="bbox 273 4551 1845 4625">
     <span class='ocr_line' id='line_1_76' title="bbox 273 4551 1845 4625; baseline -0.006 -13"><span class='ocrx_word' id='word_1_569' title='bbox 273 4560 529 4624; x_wconf 69' lang='grc' dir='ltr'>ἐπάλξεις</span> <span class='ocrx_word' id='word_1_570' title='bbox 557 4558 651 4611; x_wconf 81' lang='grc' dir='ltr'><strong>τοῦ</strong></span> <span class='ocrx_word' id='word_1_571' title='bbox 675 4559 887 4625; x_wconf 86' lang='grc' dir='ltr'>τείχους</span> <span class='ocrx_word' id='word_1_572' title='bbox 924 4555 1124 4618; x_wconf 76' lang='grc' dir='ltr'>παντὸς</span> <span class='ocrx_word' id='word_1_573' title='bbox 1174 4552 1473 4625; x_wconf 78' lang='grc' dir='ltr'>διαφράξαι</span> <span class='ocrx_word' id='word_1_574' title='bbox 1509 4554 1738 4613; x_wconf 89' lang='grc' dir='ltr'>σανίσιν,</span> <span class='ocrx_word' id='word_1_575' title='bbox 1768 4551 1845 4615; x_wconf 85' lang='grc' dir='ltr'>ὠς</span> 
     </span>
    </p>
   </div>
   <div class='ocr_carea' id='block_1_77' title="bbox 203 4644 1845 4720">
    <p class='ocr_par' dir='ltr' id='par_1_77' title="bbox 203 4644 1845 4720">
     <span class='ocr_line' id='line_1_77' title="bbox 203 4644 1845 4720; baseline -0.009 -10"><span class='ocrx_word' id='word_1_576' title='bbox 203 4667 211 4675; x_wconf 88' lang='grc'><em>’</em></span> <span class='ocrx_word' id='word_1_577' title='bbox 273 4659 336 4710; x_wconf 77' lang='grc' dir='ltr'><strong>ἐν</strong></span> <span class='ocrx_word' id='word_1_578' title='bbox 376 4653 566 4706; x_wconf 78' lang='grc' dir='ltr'>ἀσπίσι</span> <span class='ocrx_word' id='word_1_579' title='bbox 593 4692 607 4716; x_wconf 91' lang='grc'><strong>,</strong></span> <span class='ocrx_word' id='word_1_580' title='bbox 647 4653 773 4714; x_wconf 77' lang='grc' dir='ltr'>τοὺς</span> <span class='ocrx_word' id='word_1_581' title='bbox 813 4651 912 4720; x_wconf 80' lang='grc' dir='ltr'>μὲν</span> <span class='ocrx_word' id='word_1_582' title='bbox 960 4648 1066 4716; x_wconf 72' lang='grc' dir='ltr'><strong>ἔξω</strong></span> <span class='ocrx_word' id='word_1_583' title='bbox 1100 4649 1399 4717; x_wconf 84' lang='grc' dir='ltr'>πολεμίους</span> <span class='ocrx_word' id='word_1_584' title='bbox 1445 4644 1845 4716; x_wconf 79' lang='grc' dir='ltr'>ἁπειργούσαις</span> 
     </span>
    </p>
   </div>
   <div class='ocr_carea' id='block_1_78' title="bbox 274 4736 1842 4814">
    <p class='ocr_par' dir='ltr' id='par_1_78' title="bbox 274 4736 1842 4814">
     <span class='ocr_line' id='line_1_78' title="bbox 274 4736 1842 4814; baseline -0.008 -13"><span class='ocrx_word' id='word_1_585' title='bbox 274 4747 368 4801; x_wconf 81' lang='grc' dir='ltr'>τοῦ</span> <span class='ocrx_word' id='word_1_586' title='bbox 408 4745 586 4814; x_wconf 80' lang='grc' dir='ltr'>βέλεσι</span> <span class='ocrx_word' id='word_1_587' title='bbox 613 4743 934 4814; x_wconf 82' lang='grc' dir='ltr'>τιτρώσκειν</span> <span class='ocrx_word' id='word_1_588' title='bbox 961 4742 1086 4803; x_wconf 82' lang='grc' dir='ltr'>τοὺς</span> <span class='ocrx_word' id='word_1_589' title='bbox 1113 4740 1258 4793; x_wconf 77' lang='grc' dir='ltr'>ἔνδον</span> <span class='ocrx_word' id='word_1_590' title='bbox 1287 4741 1490 4809; x_wconf 83' lang='grc' dir='ltr'>δεῆσαν</span> <span class='ocrx_word' id='word_1_591' title='bbox 1538 4736 1842 4807; x_wconf 80' lang='grc' dir='ltr'>προκῦψαι,</span> 
     </span>
    </p>
   </div>
   <div class='ocr_carea' id='block_1_79' title="bbox 274 4829 1846 4904">
    <p class='ocr_par' dir='ltr' id='par_1_79' title="bbox 274 4829 1846 4904">
     <span class='ocr_line' id='line_1_79' title="bbox 274 4829 1846 4904; baseline -0.007 -13"><span class='ocrx_word' id='word_1_592' title='bbox 274 4842 390 4900; x_wconf 86' lang='grc' dir='ltr'>τοῖς</span> <span class='ocrx_word' id='word_1_593' title='bbox 423 4837 464 4889; x_wconf 80' lang='grc' dir='ltr'>δ’</span> <span class='ocrx_word' id='word_1_594' title='bbox 491 4837 711 4888; x_wconf 73' lang='grc' dir='ltr'>ἐπὶτῶν</span> <span class='ocrx_word' id='word_1_595' title='bbox 737 4833 930 4904; x_wconf 85' lang='grc' dir='ltr'>τειχῶν</span> <span class='ocrx_word' id='word_1_596' title='bbox 961 4832 1268 4900; x_wconf 77' lang='grc' dir='ltr'>ίσταμένοις</span> <span class='ocrx_word' id='word_1_597' title='bbox 1304 4829 1503 4899; x_wconf 77' lang='grc' dir='ltr'>πολλὴν</span> <span class='ocrx_word' id='word_1_598' title='bbox 1538 4829 1635 4899; x_wconf 80' lang='grc' dir='ltr'>τὴν</span> <span class='ocrx_word' id='word_1_599' title='bbox 1662 4829 1846 4882; x_wconf 69' lang='grc' dir='ltr'>ἄδειαν</span> 
     </span>
    </p>
   </div>
   <div class='ocr_carea' id='block_1_80' title="bbox 279 4922 1848 5002">
    <p class='ocr_par' dir='ltr' id='par_1_80' title="bbox 279 4922 1848 5002">
     <span class='ocr_line' id='line_1_80' title="bbox 279 4922 1848 5002; baseline -0.006 -18"><span class='ocrx_word' id='word_1_600' title='bbox 279 4930 650 5002; x_wconf 66' lang='grc' dir='ltr'>παρεχούσαις</span> <span class='ocrx_word' id='word_1_601' title='bbox 700 4927 924 4997; x_wconf 70' lang='grc' dir='ltr'>ἀφανῶς</span> <span class='ocrx_word' id='word_1_602' title='bbox 965 4925 1133 4990; x_wconf 86' lang='grc' dir='ltr'>λίθοις</span> <span class='ocrx_word' id='word_1_603' title='bbox 1182 4924 1391 4980; x_wconf 79' lang='grc' dir='ltr'>ἄνωθεν</span> <span class='ocrx_word' id='word_1_604' title='bbox 1451 4923 1670 4992; x_wconf 80' lang='grc' dir='ltr'>βάλλειν</span> <span class='ocrx_word' id='word_1_605' title='bbox 1720 4922 1848 4983; x_wconf 73' lang='grc' dir='ltr'>τοὺς</span> 
     </span>
    </p>
   </div>
   <div class='ocr_carea' id='block_1_81' title="bbox 279 5013 1845 5087">
    <p class='ocr_par' dir='ltr' id='par_1_81' title="bbox 279 5013 1845 5087">
     <span class='ocr_line' id='line_1_81' title="bbox 279 5013 1845 5087; baseline -0.008 -10"><span class='ocrx_word' id='word_1_606' title='bbox 279 5023 532 5081; x_wconf 77' lang='grc' dir='ltr'>ἐπιόντας</span> <span class='ocrx_word' id='word_1_607' title='bbox 581 5021 673 5071; x_wconf 73' lang='grc' dir='ltr'>καὶ</span> <span class='ocrx_word' id='word_1_608' title='bbox 723 5019 797 5087; x_wconf 81' lang='grc' dir='ltr'><strong>τῷ</strong></span> <span class='ocrx_word' id='word_1_609' title='bbox 835 5016 1192 5087; x_wconf 73' lang='grc' dir='ltr'>προστυχόντι</span> <span class='ocrx_word' id='word_1_610' title='bbox 1241 5016 1406 5068; x_wconf 68' lang='grc' dir='ltr'>παντὶ</span> <span class='ocrx_word' id='word_1_611' title='bbox 1466 5013 1845 5083; x_wconf 83' lang='grc' dir='ltr'>προσπελάσαι</span> 
     </span>
    </p>
   </div>
   <div class='ocr_carea' id='block_1_82' title="bbox 279 5103 1850 5182">
    <p class='ocr_par' dir='ltr' id='par_1_82' title="bbox 279 5103 1850 5182">
     <span class='ocr_line' id='line_1_82' title="bbox 279 5103 1850 5182; baseline -0.007 -16"><span class='ocrx_word' id='word_1_612' title='bbox 279 5118 390 5177; x_wconf 82' lang='grc' dir='ltr'>τοῖς</span> <span class='ocrx_word' id='word_1_613' title='bbox 433 5113 639 5182; x_wconf 84' lang='grc' dir='ltr'>τείχεσι</span> <span class='ocrx_word' id='word_1_614' title='bbox 675 5109 1058 5181; x_wconf 83' lang='grc' dir='ltr'>βουληθέντας.</span> <span class='ocrx_word' id='word_1_615' title='bbox 1099 5109 1332 5160; x_wconf 84' lang='grc' dir='ltr'>Ἔπειτα</span> <span class='ocrx_word' id='word_1_616' title='bbox 1367 5105 1426 5159; x_wconf 83' lang='grc' dir='ltr'><strong>δέ</strong></span> <span class='ocrx_word' id='word_1_617' title='bbox 1465 5106 1575 5158; x_wconf 84' lang='grc' dir='ltr'>δεῖν</span> <span class='ocrx_word' id='word_1_618' title='bbox 1608 5103 1850 5174; x_wconf 84' lang='grc' dir='ltr'>ἀριθμῆ-</span> 
     </span>
    </p>
   </div>
   <div class='ocr_carea' id='block_1_83' title="bbox 285 5197 1896 5272">
    <p class='ocr_par' dir='ltr' id='par_1_83' title="bbox 285 5197 1896 5272">
     <span class='ocr_line' id='line_1_83' title="bbox 285 5197 1896 5272; baseline -0.007 -12"><span class='ocrx_word' id='word_1_619' title='bbox 285 5206 516 5263; x_wconf 61' lang='lat' dir='ltr'><strong>actaeo-3:</strong></span> <span class='ocrx_word' id='word_1_620' title='bbox 566 5203 768 5270; x_wconf 78' lang='grc' dir='ltr'>ἄνδρας</span> <span class='ocrx_word' id='word_1_621' title='bbox 807 5200 1070 5272; x_wconf 79' lang='grc' dir='ltr'>ᾠήθησαν</span> <span class='ocrx_word' id='word_1_622' title='bbox 1120 5200 1214 5252; x_wconf 79' lang='grc' dir='ltr'>καὶ</span> <span class='ocrx_word' id='word_1_623' title='bbox 1246 5199 1590 5266; x_wconf 78' lang='grc' dir='ltr'>καταμαθεῖν</span> <span class='ocrx_word' id='word_1_624' title='bbox 1618 5199 1666 5250; x_wconf 86' lang='grc' dir='ltr'><strong>εί</strong></span> <span class='ocrx_word' id='word_1_625' title='bbox 1709 5197 1848 5266; x_wconf 73' lang='grc' dir='ltr'>πρὸς</span> <span class='ocrx_word' id='word_1_626' title='bbox 1893 5223 1896 5226; x_wconf 80' lang='lat'><strong><em>~</em></strong></span> 
     </span>
    </p>
   </div>
   <div class='ocr_carea' id='block_1_84' title="bbox 283 5288 1848 5364">
    <p class='ocr_par' dir='ltr' id='par_1_84' title="bbox 283 5288 1848 5364">
     <span class='ocr_line' id='line_1_84' title="bbox 283 5288 1848 5364; baseline -0.004 -15"><span class='ocrx_word' id='word_1_627' title='bbox 283 5299 378 5358; x_wconf 75' lang='grc' dir='ltr'>τὰς</span> <span class='ocrx_word' id='word_1_628' title='bbox 411 5296 502 5348; x_wconf 69' lang='grc' dir='ltr'>τοῦ</span> <span class='ocrx_word' id='word_1_629' title='bbox 527 5296 649 5349; x_wconf 82' lang='grc' dir='ltr'>ὅλου</span> <span class='ocrx_word' id='word_1_630' title='bbox 676 5295 889 5364; x_wconf 84' lang='grc' dir='ltr'>τείχους</span> <span class='ocrx_word' id='word_1_631' title='bbox 912 5294 1168 5358; x_wconf 74' lang='grc' dir='ltr'>ἐπάλξεις</span> <span class='ocrx_word' id='word_1_632' title='bbox 1200 5293 1296 5344; x_wconf 67' lang='grc' dir='ltr'>καὶ</span> <span class='ocrx_word' id='word_1_633' title='bbox 1325 5292 1419 5344; x_wconf 74' lang='grc' dir='ltr'>τὸν</span> <span class='ocrx_word' id='word_1_634' title='bbox 1441 5291 1731 5361; x_wconf 76' lang='grc' dir='ltr'>περίϐολον</span> <span class='ocrx_word' id='word_1_635' title='bbox 1757 5288 1848 5342; x_wconf 81' lang='grc' dir='ltr'>τὸν</span> 
     </span>
    </p>
   </div>
   <div class='ocr_carea' id='block_1_85' title="bbox 284 5386 1850 5459">
    <p class='ocr_par' dir='ltr' id='par_1_85' title="bbox 284 5386 1850 5459">
     <span class='ocr_line' id='line_1_85' title="bbox 284 5386 1850 5459; baseline -0.003 -18"><span class='ocrx_word' id='word_1_636' title='bbox 284 5389 416 5457; x_wconf 70' lang='grc' dir='ltr'>πρὸς</span> <span class='ocrx_word' id='word_1_637' title='bbox 439 5390 667 5459; x_wconf 69' lang='grc' dir='ltr'>ἤπειρον</span> <span class='ocrx_word' id='word_1_638' title='bbox 695 5388 1010 5459; x_wconf 80' lang='grc' dir='ltr'>ἐξαρκοῦσι.</span> <span class='ocrx_word' id='word_1_639' title='bbox 1053 5387 1162 5439; x_wconf 76' lang='grc' dir='ltr'><strong>Καὶ</strong></span> <span class='ocrx_word' id='word_1_640' title='bbox 1193 5386 1258 5455; x_wconf 79' lang='grc' dir='ltr'>δὴ</span> <span class='ocrx_word' id='word_1_641' title='bbox 1290 5388 1484 5455; x_wconf 71' lang='grc' dir='ltr'>στῆναι</span> <span class='ocrx_word' id='word_1_642' title='bbox 1512 5388 1720 5448; x_wconf 84' lang='grc' dir='ltr'>πάντας</span> <span class='ocrx_word' id='word_1_643' title='bbox 1759 5387 1850 5438; x_wconf 68' lang='grc' dir='ltr'>ἐπὶ</span> 
     </span>
    </p>
   </div>
   <div class='ocr_carea' id='block_1_86' title="bbox 283 5475 1850 5552">
    <p class='ocr_par' dir='ltr' id='par_1_86' title="bbox 283 5475 1850 5552">
     <span class='ocr_line' id='line_1_86' title="bbox 283 5475 1850 5552; baseline -0.002 -20"><span class='ocrx_word' id='word_1_644' title='bbox 283 5481 391 5532; x_wconf 69' lang='grc' dir='ltr'>τιῖιν</span> <span class='ocrx_word' id='word_1_645' title='bbox 437 5483 634 5552; x_wconf 86' lang='grc' dir='ltr'>τειχῶν</span> <span class='ocrx_word' id='word_1_646' title='bbox 675 5481 793 5550; x_wconf 84' lang='grc' dir='ltr'>μεθ’</span> <span class='ocrx_word' id='word_1_647' title='bbox 841 5477 916 5534; x_wconf 84' lang='grc' dir='ltr'><strong>ῶν</strong></span> <span class='ocrx_word' id='word_1_648' title='bbox 967 5475 1116 5551; x_wconf 79' lang='grc' dir='ltr'>εῖχεν</span> <span class='ocrx_word' id='word_1_649' title='bbox 1167 5479 1399 5539; x_wconf 77' lang='grc' dir='ltr'>ἕκαστος</span> <span class='ocrx_word' id='word_1_650' title='bbox 1459 5476 1850 5544; x_wconf 84' lang='grc' dir='ltr'>ἐπιτρέπουσιν</span> 
     </span>
    </p>
   </div>
   <div class='ocr_carea' id='block_1_87' title="bbox 285 5567 1851 5645">
    <p class='ocr_par' dir='ltr' id='par_1_87' title="bbox 285 5567 1851 5645">
     <span class='ocr_line' id='line_1_87' title="bbox 285 5567 1851 5645; baseline -0.004 -19"><span class='ocrx_word' id='word_1_651' title='bbox 285 5574 480 5634; x_wconf 81' lang='grc' dir='ltr'>ὃπλων,</span> <span class='ocrx_word' id='word_1_652' title='bbox 505 5573 580 5636; x_wconf 83' lang='grc' dir='ltr'><strong>ὡς</strong></span> <span class='ocrx_word' id='word_1_653' title='bbox 599 5572 666 5626; x_wconf 80' lang='grc' dir='ltr'>ἂν</span> <span class='ocrx_word' id='word_1_654' title='bbox 685 5575 778 5627; x_wconf 65' lang='grc' dir='ltr'><strong>κα)⁵</strong></span> <span class='ocrx_word' id='word_1_655' title='bbox 802 5574 1084 5645; x_wconf 79' lang='grc' dir='ltr'>μάρτυρας</span> <span class='ocrx_word' id='word_1_656' title='bbox 1104 5572 1229 5631; x_wconf 73' lang='grc' dir='ltr'>τοὺς</span> <span class='ocrx_word' id='word_1_657' title='bbox 1255 5570 1418 5631; x_wconf 88' lang='grc' dir='ltr'>ίδίους</span> <span class='ocrx_word' id='word_1_658' title='bbox 1436 5569 1633 5638; x_wconf 76' lang='grc' dir='ltr'>ἔχωσιν</span> <span class='ocrx_word' id='word_1_659' title='bbox 1651 5567 1851 5635; x_wconf 79' lang='grc' dir='ltr'>ὀφθαλ-</span> 
     </span>
    </p>
   </div>
   <div class='ocr_carea' id='block_1_88' title="bbox 292 5658 1848 5736">
    <p class='ocr_par' dir='ltr' id='par_1_88' title="bbox 292 5658 1848 5736">
     <span class='ocr_line' id='line_1_88' title="bbox 292 5658 1848 5736; baseline -0.002 -21"><span class='ocrx_word' id='word_1_660' title='bbox 292 5664 443 5733; x_wconf 83' lang='grc' dir='ltr'>μούς.</span> <span class='ocrx_word' id='word_1_661' title='bbox 477 5658 552 5718; x_wconf 76' lang='grc' dir='ltr'>Οὗ</span> <span class='ocrx_word' id='word_1_662' title='bbox 584 5665 648 5736; x_wconf 85' lang='grc' dir='ltr'>δὴ</span> <span class='ocrx_word' id='word_1_663' title='bbox 681 5667 966 5736; x_wconf 86' lang='grc' dir='ltr'>γεγονότος</span> <span class='ocrx_word' id='word_1_664' title='bbox 1013 5661 1082 5736; x_wconf 83' lang='grc' dir='ltr'>ἦν</span> <span class='ocrx_word' id='word_1_665' title='bbox 1116 5665 1242 5718; x_wconf 88' lang='grc' dir='ltr'>ίδεῖν</span> <span class='ocrx_word' id='word_1_666' title='bbox 1299 5661 1394 5715; x_wconf 71' lang='grc' dir='ltr'>ἐπὶ</span> <span class='ocrx_word' id='word_1_667' title='bbox 1420 5661 1516 5714; x_wconf 85' lang='grc' dir='ltr'><strong>δύο</strong></span> <span class='ocrx_word' id='word_1_668' title='bbox 1562 5660 1658 5713; x_wconf 76' lang='grc' dir='ltr'>καὶ</span> <span class='ocrx_word' id='word_1_669' title='bbox 1700 5663 1848 5729; x_wconf 84' lang='grc' dir='ltr'>τρεῖς</span> 
     </span>
    </p>
   </div>
   <div class='ocr_carea' id='block_1_89' title="bbox 288 5750 1850 5828">
    <p class='ocr_par' dir='ltr' id='par_1_89' title="bbox 288 5750 1850 5828">
     <span class='ocr_line' id='line_1_89' title="bbox 288 5750 1850 5828; baseline -0.004 -20"><span class='ocrx_word' id='word_1_670' title='bbox 288 5756 535 5820; x_wconf 78' lang='grc' dir='ltr'>ἐπάλξεις</span> <span class='ocrx_word' id='word_1_671' title='bbox 589 5757 687 5810; x_wconf 67' lang='grc' dir='ltr'>ἕνα</span> <span class='ocrx_word' id='word_1_672' title='bbox 744 5759 912 5828; x_wconf 78' lang='grc' dir='ltr'>ἄνδρα</span> <span class='ocrx_word' id='word_1_673' title='bbox 965 5757 1278 5825; x_wconf 75' lang='grc' dir='ltr'>ἱστάμενον,</span> <span class='ocrx_word' id='word_1_674' title='bbox 1329 5753 1422 5807; x_wconf 67' lang='grc' dir='ltr'><strong>καὶ</strong></span> <span class='ocrx_word' id='word_1_675' title='bbox 1474 5750 1682 5804; x_wconf 88' lang='grc' dir='ltr'>τούτων</span> <span class='ocrx_word' id='word_1_676' title='bbox 1722 5751 1850 5813; x_wconf 79' lang='grc' dir='ltr'>τοὺς</span> 
     </span>
    </p>
   </div>
   <div class='ocr_carea' id='block_1_90' title="bbox 289 5845 1854 5921">
    <p class='ocr_par' dir='ltr' id='par_1_90' title="bbox 289 5845 1854 5921">
     <span class='ocr_line' id='line_1_90' title="bbox 289 5845 1854 5921; baseline -0.001 -21"><span class='ocrx_word' id='word_1_677' title='bbox 289 5847 503 5911; x_wconf 76' lang='grc' dir='ltr'>πλείους</span> <span class='ocrx_word' id='word_1_678' title='bbox 561 5849 690 5920; x_wconf 71' lang='grc' dir='ltr'>μήθ’</span> <span class='ocrx_word' id='word_1_679' title='bbox 720 5850 858 5904; x_wconf 62' lang='grc' dir='ltr'>ὅπλα</span> <span class='ocrx_word' id='word_1_680' title='bbox 896 5850 1262 5921; x_wconf 70' lang='grc' dir='ltr'>κεκτημένους</span> <span class='ocrx_word' id='word_1_681' title='bbox 1317 5845 1703 5918; x_wconf 77' lang='grc' dir='ltr'>(προαναλωσε</span> <span class='ocrx_word' id='word_1_682' title='bbox 1745 5845 1854 5916; x_wconf 74' lang='grc' dir='ltr'><strong>γὰρ</strong></span> 
     </span>
    </p>
   </div>
   <div class='ocr_carea' id='block_1_91' title="bbox 1943 3272 3513 3341">
    <p class='ocr_par' dir='ltr' id='par_1_91' title="bbox 1943 3272 3513 3341">
     <span class='ocr_line' id='line_1_91' title="bbox 1943 3272 3513 3341; baseline -0.008 -2"><span class='ocrx_word' id='word_1_683' title='bbox 1943 3283 2119 3338; x_wconf 86' lang='lat' dir='ltr'><strong>mibus</strong></span> <span class='ocrx_word' id='word_1_684' title='bbox 2148 3281 2254 3336; x_wconf 86' lang='lat' dir='ltr'><strong>alio</strong></span> <span class='ocrx_word' id='word_1_685' title='bbox 2274 3287 2428 3335; x_wconf 82' lang='lat' dir='ltr'><strong>extra</strong></span> <span class='ocrx_word' id='word_1_686' title='bbox 2461 3293 2591 3333; x_wconf 87' lang='lat' dir='ltr'><strong>suos</strong></span> <span class='ocrx_word' id='word_1_687' title='bbox 2629 3277 2784 3341; x_wconf 86' lang='lat' dir='ltr'><strong>lines,</strong></span> <span class='ocrx_word' id='word_1_688' title='bbox 2810 3289 2868 3330; x_wconf 93' lang='lat' dir='ltr'><strong>ut</strong></span> <span class='ocrx_word' id='word_1_689' title='bbox 2897 3275 3004 3331; x_wconf 84' lang='lat' dir='ltr'><strong>illis</strong></span> <span class='ocrx_word' id='word_1_690' title='bbox 3026 3272 3335 3336; x_wconf 86' lang='lat' dir='ltr'><strong>allubescit,</strong></span> <span class='ocrx_word' id='word_1_691' title='bbox 3354 3273 3513 3327; x_wconf 87' lang='lat' dir='ltr'><strong>diva-</strong></span> 
     </span>
    </p>
   </div>
   <div class='ocr_carea' id='block_1_92' title="bbox 1939 3368 3520 3445">
    <p class='ocr_par' dir='ltr' id='par_1_92' title="bbox 1939 3368 3520 3445">
     <span class='ocr_line' id='line_1_92' title="bbox 1939 3368 3520 3445; baseline -0.006 -17"><span class='ocrx_word' id='word_1_692' title='bbox 1939 3374 2080 3445; x_wconf 86' lang='lat' dir='ltr'><strong>gari,</strong></span> <span class='ocrx_word' id='word_1_693' title='bbox 2111 3373 2352 3442; x_wconf 81' lang='lat' dir='ltr'><strong>cognitio</strong></span> <span class='ocrx_word' id='word_1_694' title='bbox 2407 3371 2615 3426; x_wconf 86' lang='lat' dir='ltr'><strong>venerit</strong></span> <span class='ocrx_word' id='word_1_695' title='bbox 2635 3369 2660 3423; x_wconf 74' lang='grc' dir='ltr'><strong>ί</strong></span> <span class='ocrx_word' id='word_1_696' title='bbox 2680 3369 2936 3441; x_wconf 88' lang='lat' dir='ltr'><strong>exiguum</strong></span> <span class='ocrx_word' id='word_1_697' title='bbox 2979 3368 3115 3422; x_wconf 90' lang='lat' dir='ltr'><strong>abiit</strong></span> <span class='ocrx_word' id='word_1_698' title='bbox 3177 3374 3401 3436; x_wconf 83' lang='lat' dir='ltr'><strong>tempus</strong></span> <span class='ocrx_word' id='word_1_699' title='bbox 3422 3405 3437 3429; x_wconf 92' lang='lat'><strong>,</strong></span> <span class='ocrx_word' id='word_1_700' title='bbox 3464 3373 3520 3418; x_wconf 84' lang='lat' dir='ltr'><strong>et</strong></span> 
     </span>
    </p>
   </div>
   <div class='ocr_carea' id='block_1_93' title="bbox 1941 3455 3515 3527">
    <p class='ocr_par' dir='ltr' id='par_1_93' title="bbox 1941 3455 3515 3527">
     <span class='ocr_line' id='line_1_93' title="bbox 1941 3455 3515 3527; baseline -0.008 -9"><span class='ocrx_word' id='word_1_701' title='bbox 1941 3476 2131 3518; x_wconf 85' lang='lat' dir='ltr'><strong>rursus</strong></span> <span class='ocrx_word' id='word_1_702' title='bbox 2159 3463 2294 3518; x_wconf 87' lang='lat' dir='ltr'><strong>alius</strong></span> <span class='ocrx_word' id='word_1_703' title='bbox 2319 3461 2539 3516; x_wconf 89' lang='lat' dir='ltr'><strong>nuntius</strong></span> <span class='ocrx_word' id='word_1_704' title='bbox 2563 3460 2751 3514; x_wconf 90' lang='lat' dir='ltr'><strong>eadem</strong></span> <span class='ocrx_word' id='word_1_705' title='bbox 2783 3474 2904 3527; x_wconf 66' lang='lat' dir='ltr'><strong>qua:</strong></span> <span class='ocrx_word' id='word_1_706' title='bbox 2966 3457 3176 3527; x_wconf 89' lang='lat' dir='ltr'><strong>primus</strong></span> <span class='ocrx_word' id='word_1_707' title='bbox 3204 3455 3515 3519; x_wconf 82' lang='lat' dir='ltr'><strong>denuntiat,</strong></span> 
     </span>
    </p>
   </div>
   <div class='ocr_carea' id='block_1_94' title="bbox 1940 3549 3508 3622">
    <p class='ocr_par' dir='ltr' id='par_1_94' title="bbox 1940 3549 3508 3622">
     <span class='ocr_line' id='line_1_94' title="bbox 1940 3549 3508 3622; baseline -0.007 -11"><span class='ocrx_word' id='word_1_708' title='bbox 1940 3565 1994 3611; x_wconf 87' lang='lat' dir='ltr'><strong>et</strong></span> <span class='ocrx_word' id='word_1_709' title='bbox 2017 3553 2374 3622; x_wconf 79' lang='lat' dir='ltr'><strong>jurejurando</strong></span> <span class='ocrx_word' id='word_1_710' title='bbox 2395 3554 2553 3608; x_wconf 82' lang='lat' dir='ltr'><strong>ﬁdem</strong></span> <span class='ocrx_word' id='word_1_711' title='bbox 2572 3551 2756 3622; x_wconf 77' lang='lat' dir='ltr'><strong>alligat</strong></span> <span class='ocrx_word' id='word_1_712' title='bbox 2779 3565 2934 3606; x_wconf 86' lang='lat' dir='ltr'><strong>suam</strong></span> <span class='ocrx_word' id='word_1_713' title='bbox 2963 3565 2982 3614; x_wconf 82' lang='lat'><strong>;</strong></span> <span class='ocrx_word' id='word_1_714' title='bbox 3012 3563 3122 3618; x_wconf 83' lang='lat' dir='ltr'><strong>quo</strong></span> <span class='ocrx_word' id='word_1_715' title='bbox 3140 3562 3240 3602; x_wconf 90' lang='lat' dir='ltr'><strong>nos</strong></span> <span class='ocrx_word' id='word_1_716' title='bbox 3260 3549 3508 3616; x_wconf 75' lang='lat' dir='ltr'><strong>persuasi</strong></span> 
     </span>
    </p>
   </div>
   <div class='ocr_carea' id='block_1_95' title="bbox 1941 3629 3544 3712">
    <p class='ocr_par' dir='ltr' id='par_1_95' title="bbox 1941 3629 3544 3712">
     <span class='ocr_line' id='line_1_95' title="bbox 1941 3629 3544 3712; baseline -0.007 -12"><span class='ocrx_word' id='word_1_717' title='bbox 1941 3659 2152 3709; x_wconf 82' lang='lat' dir='ltr'><strong>sumus,</strong></span> <span class='ocrx_word' id='word_1_718' title='bbox 2173 3643 2306 3698; x_wconf 84' lang='lat' dir='ltr'><strong>nihil</strong></span> <span class='ocrx_word' id='word_1_719' title='bbox 2327 3641 2471 3696; x_wconf 87' lang='lat' dir='ltr'><strong>aliud</strong></span> <span class='ocrx_word' id='word_1_720' title='bbox 2491 3649 2874 3712; x_wconf 79' lang='lat' dir='ltr'><strong>exspectantes</strong></span> <span class='ocrx_word' id='word_1_721' title='bbox 2899 3656 2914 3694; x_wconf 87' lang='lat'><strong>:</strong></span> <span class='ocrx_word' id='word_1_722' title='bbox 2942 3641 3045 3694; x_wconf 89' lang='lat' dir='ltr'><strong>boc</strong></span> <span class='ocrx_word' id='word_1_723' title='bbox 3060 3629 3205 3694; x_wconf 85' lang='lat' dir='ltr'><strong>enim</strong></span> <span class='ocrx_word' id='word_1_724' title='bbox 3227 3637 3397 3692; x_wconf 91' lang='lat' dir='ltr'><strong>nostri</strong></span> <span class='ocrx_word' id='word_1_725' title='bbox 3421 3651 3519 3705; x_wconf 90' lang='lat' dir='ltr'><strong>per</strong></span> <span class='ocrx_word' id='word_1_726' title='bbox 3541 3659 3544 3662; x_wconf 52' lang='grc' dir='ltr'><em>η</em></span> 
     </span>
    </p>
   </div>
   <div class='ocr_carea' id='block_1_96' title="bbox 1944 3726 3522 3803">
    <p class='ocr_par' dir='ltr' id='par_1_96' title="bbox 1944 3726 3522 3803">
     <span class='ocr_line' id='line_1_96' title="bbox 1944 3726 3522 3803; baseline -0.005 -13"><span class='ocrx_word' id='word_1_727' title='bbox 1944 3726 2142 3790; x_wconf 82' lang='lat' dir='ltr'><strong>multos</strong></span> <span class='ocrx_word' id='word_1_728' title='bbox 2170 3749 2344 3789; x_wconf 90' lang='lat' dir='ltr'><strong>annos</strong></span> <span class='ocrx_word' id='word_1_729' title='bbox 2375 3735 2427 3789; x_wconf 93' lang='lat' dir='ltr'><strong>iu</strong></span> <span class='ocrx_word' id='word_1_730' title='bbox 2467 3742 2753 3803; x_wconf 86' lang='lat' dir='ltr'><strong>angustum</strong></span> <span class='ocrx_word' id='word_1_731' title='bbox 2808 3732 3112 3788; x_wconf 87' lang='lat' dir='ltr'><strong>contractio</strong></span> <span class='ocrx_word' id='word_1_732' title='bbox 3145 3743 3340 3799; x_wconf 89' lang='lat' dir='ltr'><strong>resque</strong></span> <span class='ocrx_word' id='word_1_733' title='bbox 3385 3729 3522 3797; x_wconf 66' lang='lat' dir='ltr'><strong>ipsae</strong></span> 
     </span>
    </p>
   </div>
   <div class='ocr_carea' id='block_1_97' title="bbox 1942 3820 3512 3893">
    <p class='ocr_par' dir='ltr' id='par_1_97' title="bbox 1942 3820 3512 3893">
     <span class='ocr_line' id='line_1_97' title="bbox 1942 3820 3512 3893; baseline -0.004 -10"><span class='ocrx_word' id='word_1_734' title='bbox 1942 3827 2266 3883; x_wconf 80' lang='lat' dir='ltr'><strong>clamabant.</strong></span> <span class='ocrx_word' id='word_1_735' title='bbox 2297 3825 2593 3880; x_wconf 85' lang='lat' dir='ltr'><strong>Credidere</strong></span> <span class='ocrx_word' id='word_1_736' title='bbox 2615 3833 2672 3879; x_wconf 89' lang='lat' dir='ltr'><strong>et</strong></span> <span class='ocrx_word' id='word_1_737' title='bbox 2697 3823 2876 3878; x_wconf 83' lang='lat' dir='ltr'><strong>Latini</strong></span> <span class='ocrx_word' id='word_1_738' title='bbox 2905 3841 2920 3891; x_wconf 89' lang='lat'><strong>;</strong></span> <span class='ocrx_word' id='word_1_739' title='bbox 2955 3824 3242 3893; x_wconf 85' lang='lat' dir='ltr'><strong>visumque</strong></span> <span class='ocrx_word' id='word_1_740' title='bbox 3274 3832 3356 3877; x_wconf 87' lang='lat' dir='ltr'><strong>est</strong></span> <span class='ocrx_word' id='word_1_741' title='bbox 3378 3820 3512 3887; x_wconf 84' lang='lat' dir='ltr'><strong>illis,</strong></span> 
     </span>
    </p>
   </div>
   <div class='ocr_carea' id='block_1_98' title="bbox 1943 3914 2894 3984">
    <p class='ocr_par' dir='ltr' id='par_1_98' title="bbox 1943 3914 2894 3984">
     <span class='ocr_line' id='line_1_98' title="bbox 1943 3914 2894 3984; baseline -0.004 -11"><span class='ocrx_word' id='word_1_742' title='bbox 1943 3916 2174 3973; x_wconf 91' lang='lat' dir='ltr'><strong>sollicite</strong></span> <span class='ocrx_word' id='word_1_743' title='bbox 2202 3914 2510 3971; x_wconf 83' lang='lat' dir='ltr'><strong>necessaria</strong></span> <span class='ocrx_word' id='word_1_744' title='bbox 2565 3926 2894 3984; x_wconf 71' lang='lat' dir='ltr'><strong>praeparare.</strong></span> 
     </span>
    </p>
   </div>
   <div class='ocr_carea' id='block_1_99' title="bbox 1957 4178 3521 4256">
    <p class='ocr_par' dir='ltr' id='par_1_99' title="bbox 1957 4178 3521 4256">
     <span class='ocr_line' id='line_1_99' title="bbox 1957 4178 3521 4256; baseline -0.007 -15"><span class='ocrx_word' id='word_1_745' title='bbox 1957 4251 1960 4256; x_wconf 36' lang='grc'><strong>,</strong></span> <span class='ocrx_word' id='word_1_746' title='bbox 2015 4186 2070 4241; x_wconf 83' lang='grc'><strong>5.</strong></span> <span class='ocrx_word' id='word_1_747' title='bbox 2104 4186 2167 4241; x_wconf 87' lang='grc' dir='ltr'>Ει</span> <span class='ocrx_word' id='word_1_748' title='bbox 2201 4184 2439 4256; x_wconf 87' lang='lat' dir='ltr'><strong>primum</strong></span> <span class='ocrx_word' id='word_1_749' title='bbox 2472 4181 2715 4252; x_wconf 85' lang='lat' dir='ltr'><strong>quidem,</strong></span> <span class='ocrx_word' id='word_1_750' title='bbox 2755 4181 2898 4252; x_wconf 91' lang='lat' dir='ltr'><strong>quod</strong></span> <span class='ocrx_word' id='word_1_751' title='bbox 2926 4189 3082 4236; x_wconf 87' lang='lat' dir='ltr'><strong>antea</strong></span> <span class='ocrx_word' id='word_1_752' title='bbox 3130 4178 3521 4234; x_wconf 83' lang='lat' dir='ltr'><strong>inchoaveram</strong></span> 
     </span>
    </p>
   </div>
   <div class='ocr_carea' id='block_1_100' title="bbox 1944 4272 3520 4349">
    <p class='ocr_par' dir='ltr' id='par_1_100' title="bbox 1944 4272 3520 4349">
     <span class='ocr_line' id='line_1_100' title="bbox 1944 4272 3520 4349; baseline -0.006 -15"><span class='ocrx_word' id='word_1_753' title='bbox 1944 4294 2101 4349; x_wconf 92' lang='lat' dir='ltr'><strong>opus,</strong></span> <span class='ocrx_word' id='word_1_754' title='bbox 2130 4276 2655 4349; x_wconf 77' lang='lat' dir='ltr'><strong>propugnaculorum</strong></span> <span class='ocrx_word' id='word_1_755' title='bbox 2705 4276 2968 4329; x_wconf 81' lang='lat' dir='ltr'><strong>duntaxat</strong></span> <span class='ocrx_word' id='word_1_756' title='bbox 3013 4289 3200 4328; x_wconf 90' lang='lat' dir='ltr'><strong>curam</strong></span> <span class='ocrx_word' id='word_1_757' title='bbox 3256 4272 3520 4342; x_wconf 86' lang='lat' dir='ltr'><strong>perlicere</strong></span> 
     </span>
    </p>
   </div>
   <div class='ocr_carea' id='block_1_101' title="bbox 1947 4367 3516 4427">
    <p class='ocr_par' dir='ltr' id='par_1_101' title="bbox 1947 4367 3516 4427">
     <span class='ocr_line' id='line_1_101' title="bbox 1947 4367 3516 4427; baseline -0.01 0"><span class='ocrx_word' id='word_1_758' title='bbox 1947 4373 2273 4427; x_wconf 89' lang='lat' dir='ltr'><strong>concitatius</strong></span> <span class='ocrx_word' id='word_1_759' title='bbox 2301 4370 2633 4424; x_wconf 87' lang='lat' dir='ltr'><strong>animantur.</strong></span> <span class='ocrx_word' id='word_1_760' title='bbox 2660 4367 2829 4422; x_wconf 89' lang='lat' dir='ltr'><strong>Paulo</strong></span> <span class='ocrx_word' id='word_1_761' title='bbox 2851 4367 2994 4420; x_wconf 90' lang='lat' dir='ltr'><strong>enim</strong></span> <span class='ocrx_word' id='word_1_762' title='bbox 3023 4376 3148 4420; x_wconf 83' lang='lat' dir='ltr'><strong>ante</strong></span> <span class='ocrx_word' id='word_1_763' title='bbox 3163 4379 3377 4420; x_wconf 90' lang='lat' dir='ltr'><strong>summo</strong></span> <span class='ocrx_word' id='word_1_764' title='bbox 3397 4380 3516 4417; x_wconf 84' lang='lat' dir='ltr'><strong>cum</strong></span> 
     </span>
    </p>
   </div>
   <div class='ocr_carea' id='block_1_102' title="bbox 1948 4463 3521 4531">
    <p class='ocr_par' dir='ltr' id='par_1_102' title="bbox 1948 4463 3521 4531">
     <span class='ocr_line' id='line_1_102' title="bbox 1948 4463 3521 4531; baseline -0.008 -12"><span class='ocrx_word' id='word_1_765' title='bbox 1948 4465 2130 4519; x_wconf 85' lang='lat' dir='ltr'><strong>labore</strong></span> <span class='ocrx_word' id='word_1_766' title='bbox 2165 4480 2228 4518; x_wconf 90' lang='lat' dir='ltr'><strong>ac</strong></span> <span class='ocrx_word' id='word_1_767' title='bbox 2264 4463 2433 4516; x_wconf 88' lang='lat' dir='ltr'><strong>nimio</strong></span> <span class='ocrx_word' id='word_1_768' title='bbox 2458 4475 2620 4531; x_wconf 92' lang='lat' dir='ltr'><strong>opere</strong></span> <span class='ocrx_word' id='word_1_769' title='bbox 2637 4468 2967 4515; x_wconf 87' lang='lat' dir='ltr'><strong>accurarunt</strong></span> <span class='ocrx_word' id='word_1_770' title='bbox 2993 4468 3052 4512; x_wconf 90' lang='lat' dir='ltr'><strong>ut</strong></span> <span class='ocrx_word' id='word_1_771' title='bbox 3083 4473 3363 4512; x_wconf 90' lang='lat' dir='ltr'><strong>murorum</strong></span> <span class='ocrx_word' id='word_1_772' title='bbox 3393 4472 3521 4526; x_wconf 84' lang='lat' dir='ltr'><strong>pra-</strong></span> 
     </span>
    </p>
   </div>
   <div class='ocr_carea' id='block_1_103' title="bbox 1952 4547 3518 4624">
    <p class='ocr_par' dir='ltr' id='par_1_103' title="bbox 1952 4547 3518 4624">
     <span class='ocr_line' id='line_1_103' title="bbox 1952 4547 3518 4624; baseline -0.007 -16"><span class='ocrx_word' id='word_1_773' title='bbox 1952 4554 2272 4624; x_wconf 81' lang='lat' dir='ltr'><strong>pugnacula,</strong></span> <span class='ocrx_word' id='word_1_774' title='bbox 2302 4553 2547 4606; x_wconf 79' lang='lat' dir='ltr'><strong>atlinstar</strong></span> <span class='ocrx_word' id='word_1_775' title='bbox 2578 4559 2881 4611; x_wconf 89' lang='lat' dir='ltr'><strong>scutorum,</strong></span> <span class='ocrx_word' id='word_1_776' title='bbox 2933 4547 3130 4603; x_wconf 82' lang='lat' dir='ltr'><strong>tabulis</strong></span> <span class='ocrx_word' id='word_1_777' title='bbox 3174 4547 3518 4608; x_wconf 87' lang='lat' dir='ltr'><strong>obserarent,</strong></span> 
     </span>
    </p>
   </div>
   <div class='ocr_carea' id='block_1_104' title="bbox 1948 4636 3520 4714">
    <p class='ocr_par' dir='ltr' id='par_1_104' title="bbox 1948 4636 3520 4714">
     <span class='ocr_line' id='line_1_104' title="bbox 1948 4636 3520 4714; baseline -0.005 -18"><span class='ocrx_word' id='word_1_778' title='bbox 1948 4660 2067 4714; x_wconf 86' lang='lat' dir='ltr'><strong>quae</strong></span> <span class='ocrx_word' id='word_1_779' title='bbox 2099 4644 2334 4698; x_wconf 88' lang='lat' dir='ltr'><strong>advenas</strong></span> <span class='ocrx_word' id='word_1_780' title='bbox 2353 4643 2538 4696; x_wconf 86' lang='lat' dir='ltr'><strong>hostes</strong></span> <span class='ocrx_word' id='word_1_781' title='bbox 2561 4640 2886 4709; x_wconf 87' lang='lat' dir='ltr'><strong>impedirent</strong></span> <span class='ocrx_word' id='word_1_782' title='bbox 2914 4653 2978 4692; x_wconf 91' lang='lat' dir='ltr'><strong>ne</strong></span> <span class='ocrx_word' id='word_1_783' title='bbox 3007 4638 3218 4706; x_wconf 76' lang='lat' dir='ltr'><strong>sagittis</strong></span> <span class='ocrx_word' id='word_1_784' title='bbox 3275 4637 3442 4703; x_wconf 86' lang='lat' dir='ltr'><strong>cives,</strong></span> <span class='ocrx_word' id='word_1_785' title='bbox 3475 4636 3520 4689; x_wconf 88' lang='lat' dir='ltr'><strong>si</strong></span> 
     </span>
    </p>
   </div>
   <div class='ocr_carea' id='block_1_105' title="bbox 1949 4729 3522 4804">
    <p class='ocr_par' dir='ltr' id='par_1_105' title="bbox 1949 4729 3522 4804">
     <span class='ocr_line' id='line_1_105' title="bbox 1949 4729 3522 4804; baseline -0.008 -12"><span class='ocrx_word' id='word_1_786' title='bbox 1949 4738 2166 4804; x_wconf 80' lang='lat' dir='ltr'><strong>quando</strong></span> <span class='ocrx_word' id='word_1_787' title='bbox 2195 4750 2332 4804; x_wconf 91' lang='lat' dir='ltr'><strong>opus</strong></span> <span class='ocrx_word' id='word_1_788' title='bbox 2361 4741 2508 4789; x_wconf 86' lang='lat' dir='ltr'><strong>esset</strong></span> <span class='ocrx_word' id='word_1_789' title='bbox 2526 4733 2705 4798; x_wconf 87' lang='lat' dir='ltr'><strong>capite</strong></span> <span class='ocrx_word' id='word_1_790' title='bbox 2731 4746 3034 4800; x_wconf 90' lang='lat' dir='ltr'><strong>emergere,</strong></span> <span class='ocrx_word' id='word_1_791' title='bbox 3061 4730 3434 4790; x_wconf 84' lang='lat' dir='ltr'><strong>vulnerarent,</strong></span> <span class='ocrx_word' id='word_1_792' title='bbox 3455 4729 3522 4780; x_wconf 89' lang='lat' dir='ltr'><strong>iis</strong></span> 
     </span>
    </p>
   </div>
   <div class='ocr_carea' id='block_1_106' title="bbox 1948 4817 3524 4896">
    <p class='ocr_par' dir='ltr' id='par_1_106' title="bbox 1948 4817 3524 4896">
     <span class='ocr_line' id='line_1_106' title="bbox 1948 4817 3524 4896; baseline -0.008 -12"><span class='ocrx_word' id='word_1_793' title='bbox 1948 4840 2125 4884; x_wconf 88' lang='lat' dir='ltr'><strong>autem</strong></span> <span class='ocrx_word' id='word_1_794' title='bbox 2156 4831 2249 4896; x_wconf 91' lang='lat' dir='ltr'><strong>qui</strong></span> <span class='ocrx_word' id='word_1_795' title='bbox 2275 4826 2446 4880; x_wconf 89' lang='lat' dir='ltr'><strong>muris</strong></span> <span class='ocrx_word' id='word_1_796' title='bbox 2473 4825 2788 4879; x_wconf 86' lang='lat' dir='ltr'><strong>insisterent</strong></span> <span class='ocrx_word' id='word_1_797' title='bbox 2809 4821 3117 4876; x_wconf 84' lang='lat' dir='ltr'><strong>facultatem</strong></span> <span class='ocrx_word' id='word_1_798' title='bbox 3139 4819 3358 4873; x_wconf 89' lang='lat' dir='ltr'><strong>uberem</strong></span> <span class='ocrx_word' id='word_1_799' title='bbox 3378 4817 3524 4872; x_wconf 61' lang='lat' dir='ltr'><strong>fat-eo</strong></span> 
     </span>
    </p>
   </div>
   <div class='ocr_carea' id='block_1_107' title="bbox 1951 4911 3528 4986">
    <p class='ocr_par' dir='ltr' id='par_1_107' title="bbox 1951 4911 3528 4986">
     <span class='ocr_line' id='line_1_107' title="bbox 1951 4911 3528 4986; baseline -0.008 -11"><span class='ocrx_word' id='word_1_800' title='bbox 1951 4933 2071 4975; x_wconf 87' lang='lat' dir='ltr'><strong>rent</strong></span> <span class='ocrx_word' id='word_1_801' title='bbox 2099 4920 2236 4973; x_wconf 85' lang='lat' dir='ltr'><strong>clam</strong></span> <span class='ocrx_word' id='word_1_802' title='bbox 2264 4934 2296 4974; x_wconf 81' lang='grc' dir='ltr'><strong>θ</strong></span> <span class='ocrx_word' id='word_1_803' title='bbox 2329 4916 2594 4986; x_wconf 88' lang='lat' dir='ltr'><strong>superiori</strong></span> <span class='ocrx_word' id='word_1_804' title='bbox 2624 4924 2773 4984; x_wconf 85' lang='lat' dir='ltr'><strong>parte</strong></span> <span class='ocrx_word' id='word_1_805' title='bbox 2803 4913 2948 4968; x_wconf 82' lang='lat' dir='ltr'><strong>saxis</strong></span> <span class='ocrx_word' id='word_1_806' title='bbox 2973 4911 3323 4966; x_wconf 85' lang='lat' dir='ltr'><strong>advenientes</strong></span> <span class='ocrx_word' id='word_1_807' title='bbox 3348 4911 3528 4980; x_wconf 84' lang='lat' dir='ltr'><strong>impe-</strong></span> 
     </span>
    </p>
   </div>
   <div class='ocr_carea' id='block_1_108' title="bbox 1954 5003 3517 5078">
    <p class='ocr_par' dir='ltr' id='par_1_108' title="bbox 1954 5003 3517 5078">
     <span class='ocr_line' id='line_1_108' title="bbox 1954 5003 3517 5078; baseline -0.006 -10"><span class='ocrx_word' id='word_1_808' title='bbox 1954 5022 2090 5076; x_wconf 79' lang='lat' dir='ltr'><strong>tere,</strong></span> <span class='ocrx_word' id='word_1_809' title='bbox 2129 5011 2481 5078; x_wconf 87' lang='lat' dir='ltr'><strong>admotosque</strong></span> <span class='ocrx_word' id='word_1_810' title='bbox 2506 5010 2571 5061; x_wconf 92' lang='lat' dir='ltr'><strong>ad</strong></span> <span class='ocrx_word' id='word_1_811' title='bbox 2595 5021 2778 5061; x_wconf 88' lang='lat' dir='ltr'><strong>muros</strong></span> <span class='ocrx_word' id='word_1_812' title='bbox 2796 5005 2958 5059; x_wconf 92' lang='lat' dir='ltr'><strong>obvio</strong></span> <span class='ocrx_word' id='word_1_813' title='bbox 2987 5018 3200 5072; x_wconf 90' lang='lat' dir='ltr'><strong>quoque</strong></span> <span class='ocrx_word' id='word_1_814' title='bbox 3237 5003 3517 5071; x_wconf 85' lang='lat' dir='ltr'><strong>repellere.</strong></span> 
     </span>
    </p>
   </div>
   <div class='ocr_carea' id='block_1_109' title="bbox 1951 5093 3522 5159">
    <p class='ocr_par' dir='ltr' id='par_1_109' title="bbox 1951 5093 3522 5159">
     <span class='ocr_line' id='line_1_109' title="bbox 1951 5093 3522 5159; baseline -0.008 0"><span class='ocrx_word' id='word_1_815' title='bbox 1951 5104 2154 5159; x_wconf 87' lang='lat' dir='ltr'><strong>Deinde</strong></span> <span class='ocrx_word' id='word_1_816' title='bbox 2177 5100 2541 5156; x_wconf 85' lang='lat' dir='ltr'><strong>numerandos</strong></span> <span class='ocrx_word' id='word_1_817' title='bbox 2557 5111 2678 5151; x_wconf 89' lang='lat' dir='ltr'><strong>esse</strong></span> <span class='ocrx_word' id='word_1_818' title='bbox 2699 5099 2843 5148; x_wconf 86' lang='lat' dir='ltr'><strong>viros</strong></span> <span class='ocrx_word' id='word_1_819' title='bbox 2868 5094 3190 5156; x_wconf 88' lang='lat' dir='ltr'><strong>decernunt,</strong></span> <span class='ocrx_word' id='word_1_820' title='bbox 3218 5102 3277 5146; x_wconf 87' lang='lat' dir='ltr'><strong>ut</strong></span> <span class='ocrx_word' id='word_1_821' title='bbox 3307 5093 3522 5147; x_wconf 86' lang='lat' dir='ltr'><strong>discant</strong></span> 
     </span>
    </p>
   </div>
   <div class='ocr_carea' id='block_1_110' title="bbox 1951 5185 3542 5259">
    <p class='ocr_par' dir='ltr' id='par_1_110' title="bbox 1951 5185 3542 5259">
     <span class='ocr_line' id='line_1_110' title="bbox 1951 5185 3542 5259; baseline -0.008 -6"><span class='ocrx_word' id='word_1_822' title='bbox 1951 5215 2020 5253; x_wconf 84' lang='lat' dir='ltr'><strong>an</strong></span> <span class='ocrx_word' id='word_1_823' title='bbox 2047 5196 2110 5248; x_wconf 89' lang='lat' dir='ltr'><strong>ad</strong></span> <span class='ocrx_word' id='word_1_824' title='bbox 2128 5193 2306 5250; x_wconf 86' lang='lat' dir='ltr'><strong>omnia</strong></span> <span class='ocrx_word' id='word_1_825' title='bbox 2328 5207 2605 5245; x_wconf 85' lang='lat' dir='ltr'><strong>murorum</strong></span> <span class='ocrx_word' id='word_1_826' title='bbox 2627 5185 3028 5259; x_wconf 83' lang='lat' dir='ltr'><strong>prepugnacula</strong></span> <span class='ocrx_word' id='word_1_827' title='bbox 3057 5195 3111 5239; x_wconf 89' lang='lat' dir='ltr'><strong>et</strong></span> <span class='ocrx_word' id='word_1_828' title='bbox 3138 5186 3428 5240; x_wconf 90' lang='lat' dir='ltr'><strong>circuitum</strong></span> <span class='ocrx_word' id='word_1_829' title='bbox 3451 5188 3542 5242; x_wconf 81' lang='lat' dir='ltr'><strong>ad&#39;</strong></span> 
     </span>
    </p>
   </div>
   <div class='ocr_carea' id='block_1_111' title="bbox 1956 5278 3518 5352">
    <p class='ocr_par' dir='ltr' id='par_1_111' title="bbox 1956 5278 3518 5352">
     <span class='ocr_line' id='line_1_111' title="bbox 1956 5278 3518 5352; baseline -0.008 -7"><span class='ocrx_word' id='word_1_830' title='bbox 1956 5291 2345 5346; x_wconf 84' lang='lat' dir='ltr'><strong>mediterranea</strong></span> <span class='ocrx_word' id='word_1_831' title='bbox 2378 5292 2686 5352; x_wconf 80' lang='lat' dir='ltr'><strong>vergentem</strong></span> <span class='ocrx_word' id='word_1_832' title='bbox 2721 5280 2984 5335; x_wconf 70' lang='lat' dir='ltr'><strong>suliiciant</strong></span> <span class='ocrx_word' id='word_1_833' title='bbox 3011 5294 3026 5343; x_wconf 91' lang='lat'><strong>;</strong></span> <span class='ocrx_word' id='word_1_834' title='bbox 3059 5288 3113 5331; x_wconf 91' lang='lat' dir='ltr'><strong>et</strong></span> <span class='ocrx_word' id='word_1_835' title='bbox 3145 5278 3225 5332; x_wconf 89' lang='lat' dir='ltr'><strong>sic</strong></span> <span class='ocrx_word' id='word_1_836' title='bbox 3257 5279 3518 5332; x_wconf 88' lang='lat' dir='ltr'><strong>omnesin</strong></span> 
     </span>
    </p>
   </div>
   <div class='ocr_carea' id='block_1_112' title="bbox 1956 5369 3522 5447">
    <p class='ocr_par' dir='ltr' id='par_1_112' title="bbox 1956 5369 3522 5447">
     <span class='ocr_line' id='line_1_112' title="bbox 1956 5369 3522 5447; baseline -0.01 -10"><span class='ocrx_word' id='word_1_837' title='bbox 1956 5383 2147 5446; x_wconf 91' lang='lat' dir='ltr'><strong>muris,</strong></span> <span class='ocrx_word' id='word_1_838' title='bbox 2177 5378 2290 5436; x_wconf 87' lang='lat' dir='ltr'><strong>suis</strong></span> <span class='ocrx_word' id='word_1_839' title='bbox 2315 5389 2584 5447; x_wconf 85' lang='lat' dir='ltr'><strong>quemque</strong></span> <span class='ocrx_word' id='word_1_840' title='bbox 2619 5373 2790 5427; x_wconf 75' lang='lat' dir='ltr'><strong>artnis</strong></span> <span class='ocrx_word' id='word_1_841' title='bbox 2820 5371 3176 5434; x_wconf 89' lang='lat' dir='ltr'><strong>instructum,</strong></span> <span class='ocrx_word' id='word_1_842' title='bbox 3208 5381 3356 5425; x_wconf 87' lang='lat' dir='ltr'><strong>stare</strong></span> <span class='ocrx_word' id='word_1_843' title='bbox 3411 5369 3522 5423; x_wconf 84' lang='lat' dir='ltr'><strong>iut-</strong></span> 
     </span>
    </p>
   </div>
   <div class='ocr_carea' id='block_1_113' title="bbox 1953 5462 3525 5542">
    <p class='ocr_par' dir='ltr' id='par_1_113' title="bbox 1953 5462 3525 5542">
     <span class='ocr_line' id='line_1_113' title="bbox 1953 5462 3525 5542; baseline -0.008 -15"><span class='ocrx_word' id='word_1_844' title='bbox 1953 5481 2168 5542; x_wconf 85' lang='lat' dir='ltr'><strong>perant,</strong></span> <span class='ocrx_word' id='word_1_845' title='bbox 2202 5480 2255 5523; x_wconf 86' lang='grc' dir='ltr'><strong>ιιι</strong></span> <span class='ocrx_word' id='word_1_846' title='bbox 2284 5467 2426 5523; x_wconf 83' lang='lat' dir='ltr'><strong>adid</strong></span> <span class='ocrx_word' id='word_1_847' title='bbox 2459 5464 2686 5518; x_wconf 88' lang='lat' dir='ltr'><strong>testibus</strong></span> <span class='ocrx_word' id='word_1_848' title='bbox 2717 5463 2952 5532; x_wconf 85' lang='lat' dir='ltr'><strong>propriis</strong></span> <span class='ocrx_word' id='word_1_849' title='bbox 2989 5462 3160 5517; x_wconf 86' lang='lat' dir='ltr'><strong>oculis</strong></span> <span class='ocrx_word' id='word_1_850' title='bbox 3216 5470 3525 5518; x_wconf 77' lang='lat' dir='ltr'><strong>uterentur.</strong></span> 
     </span>
    </p>
   </div>
   <div class='ocr_carea' id='block_1_114' title="bbox 1954 5553 3526 5629">
    <p class='ocr_par' dir='ltr' id='par_1_114' title="bbox 1954 5553 3526 5629">
     <span class='ocr_line' id='line_1_114' title="bbox 1954 5553 3526 5629; baseline -0.005 -15"><span class='ocrx_word' id='word_1_851' title='bbox 1954 5563 2075 5629; x_wconf 85' lang='lat' dir='ltr'><strong>Quo</strong></span> <span class='ocrx_word' id='word_1_852' title='bbox 2104 5562 2250 5616; x_wconf 81' lang='lat' dir='ltr'><strong>facto</strong></span> <span class='ocrx_word' id='word_1_853' title='bbox 2267 5556 2705 5627; x_wconf 87' lang='lat' dir='ltr'><strong>conspiciebatur</strong></span> <span class='ocrx_word' id='word_1_854' title='bbox 2728 5554 2778 5607; x_wconf 89' lang='lat' dir='ltr'><strong>in</strong></span> <span class='ocrx_word' id='word_1_855' title='bbox 2797 5553 3006 5609; x_wconf 85' lang='lat' dir='ltr'><strong>duobus</strong></span> <span class='ocrx_word' id='word_1_856' title='bbox 3038 5564 3093 5609; x_wconf 89' lang='lat' dir='ltr'><strong>et</strong></span> <span class='ocrx_word' id='word_1_857' title='bbox 3118 5555 3290 5609; x_wconf 88' lang='lat' dir='ltr'><strong>tribus</strong></span> <span class='ocrx_word' id='word_1_858' title='bbox 3323 5569 3526 5624; x_wconf 87' lang='lat' dir='ltr'><strong>propu-</strong></span> 
     </span>
    </p>
   </div>
   <div class='ocr_carea' id='block_1_115' title="bbox 1954 5648 3526 5725">
    <p class='ocr_par' dir='ltr' id='par_1_115' title="bbox 1954 5648 3526 5725">
     <span class='ocr_line' id='line_1_115' title="bbox 1954 5648 3526 5725; baseline -0.006 -20"><span class='ocrx_word' id='word_1_859' title='bbox 1954 5653 2200 5725; x_wconf 86' lang='lat' dir='ltr'><strong>gnaculis</strong></span> <span class='ocrx_word' id='word_1_860' title='bbox 2223 5665 2363 5705; x_wconf 91' lang='lat' dir='ltr'><strong>unus</strong></span> <span class='ocrx_word' id='word_1_861' title='bbox 2388 5657 2632 5711; x_wconf 83' lang='lat' dir='ltr'><strong>tantum;</strong></span> <span class='ocrx_word' id='word_1_862' title='bbox 2675 5660 2975 5716; x_wconf 89' lang='lat' dir='ltr'><strong>eorumque</strong></span> <span class='ocrx_word' id='word_1_863' title='bbox 3002 5648 3178 5717; x_wconf 91' lang='lat' dir='ltr'><strong>potior</strong></span> <span class='ocrx_word' id='word_1_864' title='bbox 3208 5662 3332 5714; x_wconf 84' lang='lat' dir='ltr'><strong>pars</strong></span> <span class='ocrx_word' id='word_1_865' title='bbox 3347 5659 3526 5712; x_wconf 85' lang='lat' dir='ltr'><strong>neque</strong></span> 
     </span>
    </p>
   </div>
   <div class='ocr_carea' id='block_1_116' title="bbox 1956 5741 3520 5816">
    <p class='ocr_par' dir='ltr' id='par_1_116' title="bbox 1956 5741 3520 5816">
     <span class='ocr_line' id='line_1_116' title="bbox 1956 5741 3520 5816; baseline -0.009 -15"><span class='ocrx_word' id='word_1_866' title='bbox 1956 5764 2103 5802; x_wconf 83' lang='lat' dir='ltr'><strong>arma</strong></span> <span class='ocrx_word' id='word_1_867' title='bbox 2137 5747 2489 5816; x_wconf 68' lang='lat' dir='ltr'><strong>gerere,&#39;qua2</strong></span> <span class='ocrx_word' id='word_1_868' title='bbox 2506 5747 2793 5810; x_wconf 87' lang='lat' dir='ltr'><strong>paupertas</strong></span> <span class='ocrx_word' id='word_1_869' title='bbox 2806 5741 3203 5809; x_wconf 85' lang='lat' dir='ltr'><strong>absumpserat,</strong></span> <span class='ocrx_word' id='word_1_870' title='bbox 3229 5752 3400 5806; x_wconf 78' lang='lat' dir='ltr'><strong>neque</strong></span> <span class='ocrx_word' id='word_1_871' title='bbox 3419 5752 3520 5803; x_wconf 85' lang='lat' dir='ltr'><strong>pu-</strong></span> 
     </span>
    </p>
   </div>
   <div class='ocr_carea' id='block_1_117' title="bbox 1955 5829 3524 5912">
    <p class='ocr_par' dir='ltr' id='par_1_117' title="bbox 1955 5829 3524 5912">
     <span class='ocr_line' id='line_1_117' title="bbox 1955 5829 3524 5912; baseline -0.006 -20"><span class='ocrx_word' id='word_1_872' title='bbox 1955 5857 2069 5912; x_wconf 73' lang='lat' dir='ltr'><strong>gua-</strong></span> <span class='ocrx_word' id='word_1_873' title='bbox 2095 5850 2186 5894; x_wconf 91' lang='lat' dir='ltr'><strong>aut</strong></span> <span class='ocrx_word' id='word_1_874' title='bbox 2217 5836 2491 5900; x_wconf 87' lang='lat' dir='ltr'><strong>conﬂictui</strong></span> <span class='ocrx_word' id='word_1_875' title='bbox 2523 5844 2642 5905; x_wconf 84' lang='lat' dir='ltr'><strong>apta</strong></span> <span class='ocrx_word' id='word_1_876' title='bbox 2674 5852 2687 5901; x_wconf 86' lang='lat'>;</span> <span class='ocrx_word' id='word_1_877' title='bbox 2721 5835 2938 5890; x_wconf 77' lang='lat' dir='ltr'><strong>aSsidua</strong></span> <span class='ocrx_word' id='word_1_878' title='bbox 2955 5850 3188 5903; x_wconf 84' lang='lat' dir='ltr'><strong>namque</strong></span> <span class='ocrx_word' id='word_1_879' title='bbox 3209 5831 3346 5886; x_wconf 77' lang='lat' dir='ltr'><strong>mala</strong></span> <span class='ocrx_word' id='word_1_880' title='bbox 3367 5829 3524 5885; x_wconf 87' lang='lat' dir='ltr'><strong>etvi-</strong></span> 
     </span>
    </p>
   </div>
  </div>
