3990 6584
585 417 684 483 591

1791 419 2113 483 JOANNIS
2149 422 2622 487 ANAGNOSTJ'E
3741 447 3826 502 ενι

580 541 639 584 ιιι
663 539 715 584 tu
747 537 868 584 cate
895 531 1056 596 nosti,
1103 539 1310 585 tantum
1358 529 1623 584 malorum
1653 541 1950 586 sustineret
1991 544 2046 588 et
2071 534 2154 589 rli-

2264 537 2334 600 ὡς
2362 534 2530 603 οἶδας,
2558 541 2653 592 καὶ
2684 539 2955 611 ὁσημέραι
2989 543 3197 614 θλίψεις
3226 545 3372 615 ἡμῖν
3406 545 3673 614 ἐπήγοντο
3708 562 3822 600 παν·

579 625 658 678 ris
688 625 931 694 quotidie
974 624 1158 678 exitiis
1195 625 1433 693 undique
1470 623 1733 679 confertis
1769 623 2150 692 amictaretur,

578 725 634 770 et
685 730 968 770 sermones
1023 715 1175 768 multi
1209 717 1850 785 conferrenturquonam
1885 729 2043 786 pacto
2086 734 2151 772 ex

526 857 529 861 λ
583 816 663 861 ιυι
720 805 874 860 malis
928 822 1211 876 emergere
1261 821 1568 876 possemus,
1616 807 1820 862 nullum
1856 809 2152 863 remedium

579 901 929 961 occurrebat,
983 914 1082 954 nec
1126 899 1314 954 aderat
1353 901 1722 954 Averruncus.
1781 899 1968 969 Neque
2005 900 2150 954 enim

582 989 772 1046 Turcaa
790 1006 912 1045 cum
927 989 1132 1046 Latinis
1148 991 1326 1046 fmdus
1343 992 1533 1055 iniere,
1560 991 1687 1047 licet
1707 992 1903 1060 saepius
1923 979 2154 1062 legatio~

585 1101 651 1139 ne
676 1086 842 1140 missa
867 1086 918 1140 id
939 1095 1358 1154 pertrnlassent,
1377 1085 1760 1155 supplicesque
1777 1087 1940 1142 etiam
1966 1102 2155 1156 rogas-

583 1188 741 1243 sent;
765 1193 940 1248 neque
966 1189 1083 1232 erat
1113 1179 1164 1231 in
1201 1187 1386 1232 nostra
1418 1187 1708 1247 potestate,
1738 1179 1910 1247 copiis
1947 1179 2154 1235 nostris

585 1270 640 1323 in
677 1277 968 1340 angustum
1000 1269 1198 1337 oppido
1229 1269 1432 1323 coactis
1454 1275 1507 1321 et
1540 1268 1981 1324 discordantibus
2012 1273 2155 1324 vctis

585 1361 654 1413 ab
687 1358 930 1414 unanimi
981 1359 1251 1413 sententia
1285 1357 1582 1424 convulsis,
1617 1357 1835 1428 ‘aiiquid
1867 1373 2054 1428 agere,
2096 1369 2156 1414 ut

588 1461 701 1505 tute
735 1451 898 1507 etiam
925 1450 1091 1514 nosti,
1115 1452 1204 1519 qui
1241 1465 1345 1505 una
1380 1447 1664 1506 nobiscum
1710 1464 1858 1515 cras,
1883 1451 2152 1508 malorum

585 1543 811 1612 perinde
852 1552 1018 1610 atque
1050 1542 1138 1596 alii
1170 1550 1450 1609 expertus.

653 1636 707 1687 3.
738 1633 873 1690 Cum
900 1634 1080 1702 itaque
1114 1648 1198 1687 res
1220 1643 1426 1688 nostra:
1462 1633 1533 1688 ita
1560 1649 1619 1689 se
1655 1633 1936 1701 baberent,
1965 1646 2020 1691 et
2047 1635 2160 1691 sin-

584 1724 705 1793 gula
753 1733 1027 1777 momenta
1071 1723 1388 1779 innumeras
1437 1738 1605 1794 prope
1655 1739 1826 1780 noxas
1865 1725 2156 1794 inferrent,

584 1819 758 1886 deque
789 1817 959 1871 salute
1010 1817 1442 1885 desperaremus,
1499 1816 1698 1872 malum
1734 1819 1880 1873 aliud
1935 1830 2158 1888 repente

2255 631 2506 698 ταχόθεν,
2559 633 2651 685 καλ⁵
2697 632 2872 699 λόγων
2901 634 3113 689 πολλῶν
3167 639 3305 705 παρ’
3349 631 3612 700 ἑκάστοις
3641 639 3745 699 πῶς
3773 643 3823 689 iv

2255 723 2594 793 άναθείημεν
2642 727 2986 795 γιγνομένων
3021 730 3220 798 τρόπος
3251 724 3326 799 ἦν
3379 729 3495 782 οὐδ’
3545 730 3823 784 ὁστισοῦνό

2249 814 2457 867 ’τούτων
2484 817 2630 885 ἡμᾶς
2660 817 2770 869 τῶν
2815 819 3006 872 δεινῶν
3042 819 3400 884 ἀπαλλάξων.
3461 820 3600 874 Οὔτε
3647 825 3744 890 γάρ
3784 825 3822 873 ni

2255 904 2486 974 Τοῦρκοι
2513 909 2625 970 τοῖς
2652 908 2902 972 Λατίνοις
2952 908 3236 963 ἐϐούλοντο
3285 909 3626 963 σπείσασθαι
3657 912 3822 963 πολλὰ·

2257 1012 2343 1058 κις
2375 997 2880 1069 πρεσϐευσαμένοις
2905 1001 3034 1069 περὶ
3063 1001 3257 1056 τούτου
3285 1003 3387 1056 καὶ
3410 1001 3701 1072 δεηθεῖσιν,
3728 1002 3820 1055 οὖν

2255 1089 2389 1156 ἡμῖν
2413 1088 2538 1155 ἐξῆν
2577 1091 2777 1160 πρᾶξαι
2806 1093 2866 1145 τὸ
2893 1095 3030 1147 κατὰ
3070 1093 3328 1164 γνώμην,
3363 1093 3572 1160 ὀλίγοις
3595 1095 3722 1161 ἄγαν
3748 1115 3803 1148 κα

2258 1179 2546 1250 θεστηκόσι
2589 1184 2680 1235 καὶ
2723 1184 3006 1254 άνισότητι
3053 1184 3284 1256 γνώμης
3315 1185 3729 1252 ,ἀποϐεϐληκόσι
3774 1190 3822 1241 τὸ

2257 1272 2523 1340 ὁμονοεῖν,
2559 1274 2636 1337 ὡς
2678 1275 2788 1344 ἄρα
2820 1277 2912 1329 καὶ
2944 1279 3028 1330 σοὶ
3053 1276 3340 1348 γνώριμον
3375 1278 3542 1331 τοῦτο
3573 1279 3665 1332 σὺν
3713 1282 3818 1350 ἡμῖν

2256 1380 2320 1432 γε
2351 1363 2573 1419 ὅντικαὶ
2603 1366 2710 1421 τῶν
2738 1368 2928 1423 δεινῶν
2949 1369 3174 1425 ἐκείνων
3203 1373 3321 1434 τοῖς
3350 1371 3542 1434 ἄλλοις
3572 1373 3822 1442 παραπλη-

2259 1455 2390 1521 σίως
2425 1459 2668 1528 εἰληφότι
2697 1459 2797 1537 τὴν
2824 1453 3037 1532 πεῖραν.

2331 1634 2400 1705 γ’.
2438 1636 2625 1700 Οὕτως
2658 1631 2754 1721 οὖν
2785 1640 2920 1710 ἡμῖν
2948 1639 3188 1711 ἔχουσιν,
3225 1642 3357 1696 ὅσαι
3392 1659 3454 1696 τε
3489 1634 3629 1713 ὧραι
3677 1645 3819 1713 μυρία

2258 1729 2329 1784 τὰ
2379 1730 2595 1800 χαλεπὰ
2631 1732 2856 1802 φέρουσι
2893 1734 2986 1787 καὶ
3022 1735 3121 1806 τὴν
3150 1737 3441 1807 σωτηρίαν
3471 1736 3816 1806 ἀπαγορεῦον-

2261 1841 2366 1886 σιν,
2401 1824 2568 1900 κακὸν
2601 1826 2862 1898 ἐξαίφνης
2887 1827 3118 1897 ἐπῆλθεν
3137 1829 3330 1900 ἕτερον
3354 1829 3456 1882 καὶ
3491 1833 3814 1900 στερροτέραν

586 1909 803 1977 irrupit,
827 1917 882 1962 et
903 1907 1218 1962 validiorem
1247 1908 1538 1962 adamante
1566 1909 1811 1964 animum
1855 1910 2158 1980 disjiciens',

2266 1917 2442 1972 είπεῖν
2465 1895 2773 1989 δι’δάμαντος
2802 1895 3014 1984 me.»
3041 1895 3243 1992 ψυχήνζ
3285 1921 3364 1975 Τδ
3386 1922 3434 1974 δ’
3473 1917 3542 1992 ἦν
3570 1895 3715 1988 ι’τος,
3735 1895 3814 1973 ξι.

584 2000 710 2054 boni
772 2000 980 2054 scilicet
1044 1998 1281 2067 pastoris
1311 2007 1386 2063 et,
1434 2015 1586 2070 aeque
1618 2015 1682 2056 ac
1706 2002 1913 2072 primus
1947 2013 2151 2071 pastor,

583 2097 829 2164 quotidie
853 2095 1072 2164 profuse
1104 2096 1339 2149 animam
1377 2096 1652 2166 ponentis,
1687 2097 1869 2153 divino
1916 2098 2150 2155 consilio

583 2187 786 2250 obitus,
818 2187 894 2241 illi
919 2186 1133 2254 quidem
1164 2187 1436 2242 fortunate
1470 2187 1793 2255 succedens,
1827 2189 1986 2245 nobis
2014 2205 2146 2245 vero

583 2280 804 2345 damna,
862 2295 1034 2349 eaque
1090 2280 1356 2350 ingentia,
1402 2279 1728 2348 concilians,
1770 2282 1862 2352 qui
1915 2283 2060 2340 illius
2087 2285 2153 2339 ad

587 2371 756 2428 Deum
785 2373 1061 2441 precibus,
1100 2373 1297 2442 quibus
1316 2371 1479 2428 saluti
1503 2381 1704 2429 nostra:
1739 2374 2152 2444 providebatur,

581 2466 885 2532 privamur.
919 2463 985 2518 Et
1013 2465 1198 2521 divino
1223 2465 1460 2522 consilio
1497 2466 1648 2520 illum
1687 2468 1992 2538 contigisse
2023 2484 2157 2526 con-

583 2558 742 2626 jicies
783 2572 848 2611 ex
879 2557 990 2612 illis
1023 2573 1143 2627 quas
1189 2556 1266 2611 illi
1298 2557 1474 2615 adhuc
1522 2561 1804 2630 superstiti
1838 2561 1983 2616 inter
2011 2575 2156 2618 som-

583 2649 840 2704 niandum
867 2659 1184 2704 evenerant.
1238 2651 1399 2707 Visus
1425 2659 1508 2707 est
1535 2652 1661 2718 sibi,
1700 2663 1993 2723 antequam
2027 2655 2156 2710 urbs

581 2738 728 2795 bello
756 2741 1088 2806 concideret,
1121 2741 1343 2797 domum
1400 2742 1721 2812 praeclaram
1756 2755 1810 2798 et
1862 2748 2156 2802 maximam

584 2833 854 2900 ingresso,
898 2833 1140 2904 singulas
1171 2834 1318 2889 illius
1344 2844 1528 2904 partes
1563 2835 1840 2903 inspicere
1874 2847 1928 2890 et
1957 2837 2154 2893 decora

586 2940 652 2980 ac
679 2925 1104 2995 magnitudinem
1119 2941 1445 2997 magnopere
1459 2927 1715 2982 demirari
1738 2946 1753 2994 ;
1783 2928 1868 2984 bis
1889 2930 2156 2986 intentum

586 3031 798 3078 vocem,
821 3016 1022 3072 deforis
1041 3019 1416 3073 advenientem
1433 3019 1708 3075 inaudisse
1730 3043 1741 3076 :
1774 3020 2003 3076 «Domus
2021 3023 2156 3098 haec,

585 3108 746 3176 cujus
776 3116 960 3176 partes
990 3109 1232 3177 singulas
1274 3110 1512 3166 illustres
1541 3121 1703 3180 atque
1733 3123 1988 3168 venustas
2017 3129 2156 3168 con-

592 3199 842 3253 sirlerans
871 3199 1184 3264 admiraris,
1213 3207 1458 3256 actutum
1487 3201 1739 3255 concidet
1765 3219 1779 3266 ;
1810 3214 1864 3256 et
1892 3216 1958 3256 ne
1993 3212 2045 3257 te
2062 3218 2157 3258 sua

561 3292 748 3345 vruina
767 3292 1054 3360 opprimat,
1083 3307 1253 3361 quam
1291 3292 1402 3347 cito
1439 3291 1585 3374 foras
1629 3293 1780 3360 eripe
1821 3303 1928 3348 te.»
1967 3294 2156 3349 Visum

592 3385 700 3438 hoc
721 3383 916 3440 effectu
947 3400 1053 3439 non
1110 3384 1285 3440 multo
1320 3391 1446 3455 post
1479 3386 1887 3457 comprobatum
1927 3396 2032 3442 est.
2068 3388 2163 3444 Ille

589 3478 790 3554 etenim
816 3486 874 3532 ut
889 3477 1073 3547 justus
1091 3488 1374 3547 appareret
1401 3487 1455 3534 et
1486 3480 1704 3535 virtutis
1729 3495 1840 3534 suae
1867 3481 2160 3536 multorum

591 3570 842 3626 laborum
879 3569 1106 3640 praemia
1137 3568 1388 3638 referret,
1414 3571 1611 3635 sic,uti
1644 3586 1743 3640 par
1779 3583 1918 3638 erat,
1949 3583 2004 3628 ct
2039 3582 2164 3630 ante

584 3680 883 3721 commune
934 3663 1324 3728 infortunium,
1357 3664 1424 3720 ad
1449 3663 1650 3728 Deum,
1684 3680 1845 3734 quem
1871 3675 2162 3735 tantopere

590 3760 994 3828 concupiverat,
1057 3758 1328 3830 migravit.
1357 3758 1544 3828 Neque
1598 3759 1741 3813 enim
1776 3758 1985 3829 justum
2021 3759 2162 3826 apud

592 3852 759 3906 Deum
796 3851 1156 3921 reputabatur
1205 3851 1465 3906 similium
1497 3851 1759 3906 maiorum
1789 3866 1911 3905 eum
1944 3851 2165 3918 partici-

593 3957 712 4011 pem
745 3943 883 4007 fieri,
910 3942 1019 3998 vita
1044 3943 1310 4012 siquidem
1339 3942 1486 3998 illius
1514 3957 1620 3997 non
1649 3951 1769 3997 erat
1796 3943 1993 3998 similis
2012 3943 2161 4006 aliis,

591 4041 647 4090 et
668 4036 874 4090 semitae
904 4034 1224 4098 immutatae,
1260 4042 1454 4087 utcum
1484 4033 1778 4088 Salomone
1804 4033 2018 4101 loquar.
2043 4031 2154 4088 Nos

591 4141 724 4180 vero
791 4125 1141 4194 improbitate
1189 4127 1345 4194 plane
1374 4125 1588 4193 repleti,
1621 4138 1675 4178 et
1725 4126 1780 4177 in
1813 4123 2166 4192 cogitationi-

595 4219 697 4271 bus
719 4218 905 4273 cordis
936 4217 1110 4271 nostri
1144 4217 1366 4285 pessimi
1396 4215 1758 4280 ambulautes,
1801 4224 1859 4268 ut
1893 4214 2164 4272 Jeremias

595 4309 793 4377 inquit,
835 4319 890 4362 et
944 4307 1173 4376 perinde
1223 4317 1389 4376 atque
1447 4306 1886 4376 antiquuslsrael
1926 4323 2166 4360 murmu-

597 4407 808 4460 rantes,
836 4407 894 4451 ut
927 4397 1083 4452 nobis
1114 4398 1418 4461 allubescit,
1458 4398 1622 4452 rebus
1681 4413 1788 4450 non
1823 4397 2167 4452 succedenti-

598 4491 724 4553 bus,
750 4487 874 4556 jure
910 4489 1102 4543 merito
1125 4488 1268 4542 mala
1299 4506 1360 4544 ac
1395 4489 1565 4544 solida
1617 4489 1926 4545 calamitate
1961 4499 2166 4544 macta-

2255 2007 2349 2062 λοῦ
2381 2010 2641 2079 ποιμένος
2680 2012 2774 2064 καὶ
2801 2013 2942 2066 κατὰ
2975 2015 3066 2066 τὸν
3094 2013 3319 2084 πρῶτον
3343 2016 3586 2085 ποιμένα
3622 2019 3708 2084 τὴ)
3730 2015 3810 2083 ψυ-

2257 2103 2357 2172 Χὴν
2386 2103 2470 2172 ὲφ’
2498 2104 2736 2176 ἑκάστης
2761 2105 2995 2174 ἀφειδῶς
3022 2107 3163 2176 ὑπὲρ
3197 2107 3296 2160 τοῦ
3324 2110 3590 2180 ποιμνίου
3611 2109 3808 2168 τιθέντος

2257 2194 2400 2248 κατὰ
2431 2194 2573 2248 θεῖον
2601 2195 2851 2267 βούλημα
2873 2197 3122 2267 τελευτὴ,
3149 2199 3206 2252 ἐν
3229 2200 3390 2270 καλῷ
3417 2200 3522 2270 μὲν
3553 2200 3728 2269 ἐκείιῳ
3742 2216 3808 2264 γε-

2258 2285 2558 2356 γενημένη,
2614 2286 2812 2357 βλάϐος
2852 2286 2896 2340 δ’
2930 2288 3063 2359 ἡμῖν
3091 2289 3481 2357 ἐπενεγκοῦσα
3531 2289 3678 2353 πολὺ,
3723 2287 3806 2338 τῶν

2258 2375 2469 2428 ἐκείνου
2492 2376 2657 2431 λιτῶν
2691 2379 2829 2449 πρὸς
2870 2378 2992 2432 θεὸν
3033 2382 3413 2451 στερηθεῖσιν,
3447 2377 3538 2444 αῖς
3573 2381 3806 2449 ἐσωζόμεο

2259 2465 2343 2520 θα.
2381 2468 2507 2521 Ὀτι
2532 2469 2589 2522 δέ
2623 2469 2764 2524 κατὰ
2789 2471 2941 2525 θείαν
2972 2470 3112 2542 αὕτη
3142 2473 3412 2545 βούλησιν
3441 2469 3530 2545 ἦν,
3554 2472 3710 2527 ἄκουε
3733 2471 3806 2524 τοῦ

2261 2557 2520 2626 φανέντος
2558 2558 2639 2630 τῷ
2673 2560 2938 2631 μακαρίῳ
2973 2563 3220 2632 περιόντι
3275 2564 3408 2618 κατ’
3438 2563 3572 2630 ὄναρ
3625 2558 3806 2627 ἐκείνῳ.

2262 2647 2448 2714 Ἔδοξε
2483 2649 2588 2718 πρὸ
2616 2649 2710 2702 τοῦ
2731 2649 2830 2722 τὴν
2860 2651 3015 2704 πόλιν
3039 2653 3116 2722 τῷ
3144 2653 3380 2722 πολέμῳ
3403 2652 3663 2724 ληφθῆναι
3687 2645 3806 2703 οἶκόν

2260 2756 2383 2792 τινα
2413 2738 2671 2812 λαμπρὸν
2702 2743 2933 2797 είσιέναι
2967 2745 3060 2797 καὶ
3091 2745 3459 2814 παμμεγέθη,
3491 2743 3807 2814 περισκοπεῖν

2259 2848 2320 2884 τε
2352 2830 2514 2885 αὑτὸν
2535 2833 2679 2886 κατὰ
2700 2833 2863 2904 μέρος
2889 2837 2983 2888 καὶ
3013 2835 3324 2906 θαυμάζειν
3352 2838 3519 2891 αὐτο]
3540 2837 3596 2889 τό
3618 2853 3669 2888 τε
3690 2833 3805 2886 κά).-

2260 2921 2352 2986 λος
2399 2924 2493 2977 καὶ
2525 2925 2776 2995 μέγεθος,
2832 2929 2891 2980 ἐν
2944 2927 3121 2999 τούτῳ
3174 2929 3218 2981 δ’
3252 2930 3371 2984 ὄντι
3415 2928 3596 3001 φωνὴν
3640 2925 3807 2992 ἔξωθεν

2260 3015 2547 3088 ἐνεχθῆναι
2575 3017 2842 3086 λέγουσαν
2887 3039 2905 3073 ι
2953 3022 3014 3075 '0
3047 3022 3147 3092 μέν
3172 3018 3322 3086 οἶκος
3351 3023 3526 3088 οὗτος,
3553 3015 3608 3075 οὗ
3628 3021 3690 3074 τὰ
3707 3015 3804 3070 καθ’

2261 3110 2511 3172 ἕκαστον,
2543 3103 2588 3164 ὦ
2625 3112 2884 3179 δέσποτα,
2938 3115 3015 3177 ῶς
3064 3115 3185 3168 λίαν
3230 3115 3472 3186 λαμπρὰ
3527 3113 3614 3166 καὶ
3659 3111 3806 3180 ὡραῖα

2265 3198 2565 3270 θαυμάζεις
2597 3204 2934 3273 περιαθρῶν,
2971 3205 3161 3258 πίπτει
3194 3205 3252 3258 τὸ
3296 3209 3484 3275 τάχος,
3526 3204 3612 3257 καὶ
3640 3203 3714 3255 ίνα
3741 3198 3802 3268 μή

2267 3304 2326 3340 σε
2353 3288 2572 3362 καλύψῃ
2609 3290 2812 3357 πεσὼν,
2843 3291 2979 3358 ἔξιθι
3003 3293 3192 3347 τούτου
3227 3295 3467 3366 ταχέως.
3497 3313 3514 3347 ι
3550 3293 3718 3353 Οὕτως
3745 3283 3803 3340 εἴ·

2265 3395 2360 3448 χεν
2407 3380 2618 3450 ἠδψις,
2666 3385 2760 3435 καὶ
2797 3385 2878 3447 εἰς
2907 3384 3066 3452 ἔργον
3121 3380 3259 3456 ἧκεν
3311 3389 3413 3440 οὐκ
3467 3389 3546 3449 είς
3599 3381 3798 3453 μακράν.

2277 3468 2516 3535 Ἐκεῖνος
2571 3473 2830 3543 μὲνγὰρ,
2873 3475 2959 3528 ῐνα
3009 3477 3261 3551 ἀναφανῇ
3327 3481 3538 3540 δίκαιος
3589 3480 3674 3530 καὶ
3712 3474 3800 3527 τῶν

2266 3559 2480 3614 πολλῶν
2503 3566 2604 3632 τῆς
2638 3565 2839 3635 ἀρετῆς
2865 3566 3077 3621 ἐκείνου
3111 3571 3382 3638 καμάτων
3407 3568 3545 3640 λάϐῃ
3569 3567 3656 3630 τὰς
3683 3567 3798 3618 ἀντι·

2265 3650 2461 3715 δόσεις,
2487 3654 2714 3719 εἰκότως
2741 3656 2884 3711 οὕτω
2914 3659 3008 3711 καὶ
3041 3662 3147 3730 πρὸ
3172 3661 3270 3730 τῆς
3311 3663 3498 3732 κοινῆς
3528 3657 3797 3728 συμφορᾶς.

2267 3743 2401 3812 πρὸς
2426 3741 2699 3800 δνέπόθει
2737 3749 2946 3819 Κύριον
2977 3751 3341 3823 ἐξεδήμησεν.
3376 3757 3450 3807 Οὐ
3494 3752 3596 3821 γὰρ
3625 3750 3798 3801 δίκαιον

2265 3833 2425 3888 τοῦτο
2466 3837 2618 3907 παρὰ
2647 3840 2767 3910 Θεῷ
2797 3841 3040 3912 κέκριτο,
3073 3845 3336 3899 τοιούτων
3370 3846 3460 3900 ἶνα
3491 3842 3667 3897 κακῶν
3707 3839 3797 3890 tsi-

2271 3941 2370 3993 ραν
2393 3927 2495 3997 σχῇ
2515 3932 2611 3984 καὶ
2641 3934 2952 4005 κοινωνήσῃ
2978 3935 3085 3986 τῶν
3113 3937 3246 3989 ῐσων
3267 3938 3401 4008 ἡμῖν
3417 3953 3431 3967 ·
3453 3935 3692 4005 ἀνόμοιος
3712 3927 3795 3997 γάρ

2265 4009 2336 4084 ἦν
2363 4019 2474 4078 τοῖς
2507 4019 2688 4083 ἄλλοις
2726 4023 2754 4074 ὀ
2803 4022 2918 4093 βίος
2952 4027 3163 4080 ἐκείνου
3200 4031 3296 4082 καὶ
3343 4025 3724 4096 ἐξηλλαγμέναι
3751 4018 3793 4070 αἱ

2267 4107 2468 4175 τρίσοι,
2498 4109 2559 4163 τὸ
2588 4113 2938 4181 Σολομῶντος
2969 4119 3165 4173 εἰπεῖν.
3206 4119 3399 4188 Ἡμεῖς
3427 4119 3483 4171 δέ
3512 4115 3691 4174 κακίας
3718 4111 3794 4175 Υέ’

2272 4214 2464 4266 μοντες
2495 4201 2653 4266 ὅλως,
2681 4205 2777 4258 καὶ
2808 4205 2987 4260 ὀπίσω
3014 4208 3125 4262 τῶν
3152 4209 3554 4279 ἐνθυμημάτων
3580 4205 3669 4270 τῆς
3687 4214 3793 4263 κερ·

2265 4297 2380 4361 δίας
2403 4299 2560 4370 ἡμῶν
2589 4299 2686 4369 τῆς
2713 4302 2981 4369 πονηρᾶς,
3029 4300 3191 4354 τοῦτο
3231 4303 3296 4374 δὴ
3324 4305 3388 4357 τὸ
3419 4299 3512 4353 τοῦ
3535 4286 3791 4365 Ἱερεμίαν.

2269 4379 2650 4460 πορευόμενοι,
2686 4391 2780 4445 καὶ
2808 4392 2952 4444 κατὰ
2976 4391 3067 4445 τὸν
3094 4393 3261 4447 πάλαι
3305 4389 3605 4463 γογγυσταὶ
3627 4380 3791 4448 τυγχά-

2269 4499 2453 4545 νοντες
2496 4481 2744 4552 Ἰσραὴλ,
2777 4483 2917 4536 κατὰ
2955 4486 3053 4552 τὴν
3081 4484 3362 4554 ἡμετέραν
3387 4479 3668 4550 ἐπιθυμίαν
3689 4476 3793 4524 tim-

599 4595 745 4644 mur,
800 4590 854 4636 et
877 4579 973 4634 tali
1029 4580 1150 4634 viro
1179 4579 1438 4635 orbamur
1471 4580 1562 4650 qui
1613 4579 1763 4636 solus
1795 4578 2159 4636 afﬂictissimis

2279 4573 2467 4628 λαύειν
2497 4575 2646 4638 ὅπως
2676 4575 2775 4629 οὐκ
2808 4574 3023 4646 ἔχωμεν
3050 4578 3159 4630 τῶν
3206 4577 3564 4647 πραγμάτων,
3604 4564 3790 4622 δικαίως

599 4667 752 4728 hisee
779 4672 1118 4742 temporibus
1148 4672 1200 4726 in
1233 4671 1396 4725 tantis
1421 4687 1600 4725 rerum
1637 4670 2050 4726 discriminibus
2081 4687 2159 4727 εοε

2271 4665 2415 4720 οὕτω
2435 4669 2800 4738 πεπράγαμεν
2825 4667 3260 4737 δυστυχέστατα,
3283 4671 3378 4724 καὶ
3403 4667 3585 4722 τούτου
3605 4654 3790 4723 τάνδρὸς

597 4765 784 4819 latium
832 4773 1192 4827 remanserat,
1224 4777 1413 4817 omnes
1466 4763 1733 4830 siquidem
1765 4777 1888 4816 eum
1919 4764 1994 4815 uti
2023 4763 2164 4816 vita-

598 4856 702 4909 lem
740 4855 794 4910 in
848 4855 1008 4910 nobis
1062 4853 1383 4908 facultatem
1443 4854 1834 4922 reputabamus
1865 4893 1879 4918 ,
1911 4853 2168 4922 illiusque

603 4960 832 5003 mortem
921 4947 1302 5000 tantummodo
1357 4946 2002 5001 ducebamusatlversus
2069 4960 2168 5001 nos

597 5040 916 5109 justissima:
949 5041 1182 5095 mnniuis
1214 5038 1519 5108 punitionis
1559 5037 1872 5093 exordium.
1911 5036 2024 5093 iloc
2075 5053 2168 5092 eos

606 5133 878 5203 redarguit
901 5133 1249 5201 apertissime
1284 5132 1372 5198 qui
1415 5131 1632 5200 indigna
1663 5131 1808 5185 dicta
1840 5133 1893 5185 in
1929 5145 2050 5185 cunt
2087 5132 2168 5184 in-

599 5235 795 5292 gerunt
825 5234 880 5279 et
919 5224 1147 5278 infamia
1185 5232 1443 5286 onerant,
1467 5222 1615 5293 quod
1647 5223 2018 5294 proditionem
2056 5239 2162 5277 non

597 5314 856 5376 suaserit,
888 5322 943 5367 et
964 5316 1107 5382 quod
1135 5328 1231 5368 eos
1260 5313 1495 5382 propriis
1529 5312 1797 5377 consiliis,
1824 5312 1986 5366 altius
2012 5313 2169 5381 quid-

596 5406 740 5475 piam
772 5407 1090 5466 meditatus,
1118 5403 1241 5472 jure
1301 5405 1642 5473 represserit.
1673 5403 1879 5474 Opinor
1912 5403 2165 5474 equidem

600 5508 720 5564 ego,
743 5510 866 5549 cum
905 5494 1064 5548 vellet
1098 5493 1240 5548 Deus
1267 5503 1324 5547 ut
1355 5494 1610 5548 omnibus
1643 5494 2010 5549 innotesceret
2043 5495 2168 5563 quis

603 5588 686 5640 vir
708 5586 798 5640 ille
818 5600 975 5639 sacer
1001 5596 1146 5640 esset
1178 5597 1228 5639 et
1263 5600 1492 5654 quorum
1523 5585 1736 5654 dignus,
1771 5587 1862 5654 qui
1905 5600 2030 5638 vero
2067 5601 2167 5638 nos

597 5689 652 5732 et
703 5678 904 5747 quibus
955 5678 1133 5747 ptnnis
1179 5677 1424 5739 obnoxii,
1505 5677 1705 5743 quibus
1746 5678 1981 5732 miseriis
2019 5677 2168 5744 jnste

598 5769 974 5826 excruciaudi.
1020 5770 1072 5822 id
1123 5777 1342 5838 pr0plcr
1377 5784 1461 5823 res
1487 5770 1775 5838 utriusque
1802 5769 1850 5822 in
1879 5785 1991 5822 rem
2029 5771 2169 5823 utri-

598 5873 704 5930 que
726 5862 1078 5929 disposuisse.

2273 4757 2639 4829 ἐστερήμεθα,
2675 4759 2836 4825 μόνου
2874 4760 3317 4829 περιλειφθέντος
3344 4765 3400 4816 ἐν
3421 4758 3664 4814 τοιούτοις
3691 4763 3789 4800 καισ

2279 4850 2390 4919 ροῖς
2425 4851 2517 4903 καί⁵
2539 4849 2817 4913 τοσούτοις
2845 4851 3090 4922 ἀνιαροῖς
3121 4855 3200 4917 είς
3230 4851 3591 4925 παραμύθιον.
3623 4843 3788 4896 Πάντες

2274 4941 2381 5009 γὰρ
2413 4940 2599 5012 ῶσπερ
2632 4943 2753 4995 τινὰ
2779 4943 3008 5012 δύναμιν
3045 4943 3286 5016 ζωτικὴν
3332 4929 3390 4999 ἐν
3423 4945 3546 5014 ἡμῖν
3580 4930 3786 5002 ἐνομίζο·

2276 5049 2377 5102 μεν
2414 5032 2638 5112 τοῦτον,
2681 5037 2773 5087 καὶ
2810 5037 2910 5107 τὴν
2951 5039 3205 5106 τελευτὴν
3249 5039 3459 5092 ἐκείνου
3506 5031 3656 5103 μηδὲν
3685 5021 3788 5077 ἄλλο

2273 5125 2515 5195 νομίζειν
2547 5125 2767 5197 εἴχομεν
2798 5128 2952 5196 ἣτῆς
2986 5129 3069 5197 ἐφ’
3101 5132 3247 5200 ἡμᾶς
3279 5131 3372 5186 τοῦ
3401 5124 3530 5182 Θεοῦ
3560 5112 3783 5176 δικαιοτά-

2273 5234 2376 5287 της
2402 5218 2653 5281 παιδείας
2695 5213 2808 5272 οἷον
2850 5223 3158 5292 προοίμιον.
3207 5222 3376 5276 Τοῦτο
3421 5221 3524 5274 τῶν
3551 5203 3784 5268 κατειπεῖν

2276 5309 2568 5380 ᾑρημένων
2591 5311 2800 5363 ἐκείνου
2829 5311 3164 5380 σαφέστατος
3188 5314 3426 5385 ἐλεγχος,
3456 5309 3544 5364 καὶ
3568 5303 3675 5362 τοὺς
3697 5295 3782 5385 ἀδγ.

2275 5400 2394 5452 κίαν
2419 5401 2540 5454 κατ’
2563 5401 2770 5454 ἐκείνου
2800 5401 3098 5463 λαλοῦντας
3138 5405 3222 5459 ὅτι
3261 5409 3335 5476 μὴ
3367 5397 3639 5473 προδοσίαν
3662 5384 3774 5441 saxi-

2271 5491 2432 5562 ψατο,
2473 5493 2606 5564 μηδὲ
2631 5493 2738 5546 τῶν
2769 5496 2921 5562 σφίσι
2953 5496 3254 5551 δοκούντων
3286 5498 3548 5551 συνιέντας
3572 5479 3770 5554 ’βαθθτὺ

2277 5602 2390 5652 ρον,
2442 5584 2663 5647 ἐνδίκως
2709 5587 3076 5656 ἐπιστομίζει.
3132 5587 3303 5657 Οἶμαι
3340 5589 3441 5656 γὰρ
3488 5579 3606 5648 ἐγὼ,
3649 5565 3781 5658 ariis!

2274 5677 2553 5745 βουληθεὶς
2581 5680 2607 5728 ὁ
2641 5675 2773 5740 Θεὸς
2805 5672 2916 5740 οἷος
2959 5679 3057 5747 μὲν
3097 5681 3124 5732 ὁ
3178 5681 3322 5746 ἱερὸς
3349 5679 3541 5746 ἐκεῖνος
3561 5663 3678 5729 ἀνὴρ

2272 5766 2434 5818 τίνων
2463 5766 2612 5830 ἄξιος
2638 5762 2727 5836 ἦν,
2759 5762 2858 5819 οἶοι
2888 5767 2932 5820 δ’
2978 5769 3139 5836 ἡμεῖς
3165 5771 3262 5821 καὶ
3293 5770 3438 5827 τίνας
3499 5750 3768 5820 simpli“?

2273 5877 2360 5911 ναι
2405 5859 2557 5919 δίκας
2587 5859 2785 5910 δίκαιοι
2814 5855 2976 5929 ἦμεν.
3008 5859 3094 5911 διὰ
3125 5860 3286 5912 τοῦτο
3312 5861 3374 5912 τά
3425 5847 3541 5908 καθ’
3565 5842 3779 5901 ἑκάτερῖν

2281 5951 2444 6021 μέρος
2476 5949 2645 6012 οὕτως
2672 5951 2990 6022 ᾠκονόμησε
3023 5953 3429 6023 συμφερόντως.
