3990 6568
234 423 357 488 593
1276 431 1373 491 DE
1416 430 1732 492 EXCIDIO
1767 428 2057 494 TUESSA
2071 431 2498 493 LONICENSI.
3393 422 3495 486 ενι

315 543 379 599 δ’.
418 543 753 600 Τούτουόὗν
781 545 874 600 τοῦ
907 546 1099 611 δεινοῦ,
1138 549 1237 617 τῆς
1285 551 1548 616 τελευτῆς
1601 551 1816 604 ὲκείνου
1852 582 1864 608 Α

1997 551 2053 606 4.
2081 554 2270 620 Itaque
2297 562 2404 604 tam
2433 551 2549 604 diro
2580 550 2744 611 malo,
2769 547 2917 602 obitu
2953 559 3145 614 nempe
3181 543 3347 608 illius,
3403 559 3500 596 ca:-

226 642 412 708 φημὶ,
447 641 904 710 προστεθειμένον
932 645 1044 704 τοῖς
1077 641 1276 705 ἄλλοις,
1311 646 1404 696 καὶ
1451 631 1670 696 πάντων
1707 644 1815 697 τῶν

1967 644 2050 698 ετίε
2075 645 2375 707 adnexo,et
2395 640 2714 696 omnibusin
2737 640 2954 694 civitate
2979 637 3128 700 viris,
3152 635 3497 695 mulieribus,

227 731 304 783 ἓν
335 733 403 800 τῇ
439 731 612 793 πόλει,
665 731 874 801 ἀνδρῶν
905 731 1186 800 γυναικῶν
1219 731 1424 785 παίδων
1475 731 1722 785 Λατίνων
1755 747 1816 784 τε

1967 734 2124 793 ueris,
2152 731 2631 796 Latinis,.ludaeis
2677 743 2891 798 quoque
2923 727 3077 795 ipsis,
3130 725 3496 779 miserandum

227 824 342 876 καὶ
392 825 574 876 αὐτῶν
616 825 908 883 Ἰουδαίων,
947 825 1198 888 ἐλεεινῶς
1244 825 1380 896 πρδς
1414 825 1678 893 ἀλλήλους
1705 824 1818 876 διοο

1967 845 1974 877 ι
2006 825 2219 879 modum
2248 839 2553 879 sermonem
2578 821 3008 882 conferentibus,
3038 829 3090 872 et
3119 818 3322 884 reliqua
3373 831 3459 869 om
3479 847 3492 855 -

236 915 571 983 μιλούντων,
602 917 700 968 καὶ
722 916 788 967 τὰ
813 915 912 983 μὲν
936 915 1049 969 ἀλλ’
1072 916 1171 969 ὅσα
1197 890 1422 977 τούτους
1453 890 1636 978 ἐπίεζε
1667 912 1820 982 δηλοο

1967 917 2008 971 ia
2033 933 2151 986 quae
2204 931 2300 972 eos
2329 926 2437 968 tum
2469 913 2774 982 aﬂligebaut
2808 925 2837 965 e
2865 909 3124 965 memoria
3171 907 3496 978 deponenti-
3562 890 3572 904 ”

230 1009 360 1058 νότι
391 1009 457 1075 τῇ
495 1005 630 1077 λήθῃ
662 1007 1170 1075 παραπεμπόντων,
1221 1007 1323 1077 τὴν
1355 1006 1450 1060 τοῦ
1487 1007 1743 1075 ποιμένος
1766 1005 1822 1058 δὲ

1967 1027 2043 1074 us,
2077 1010 2309 1080 pastoris
2337 1009 2467 1064 tanti
2498 1007 2850 1076 privationem
2880 1005 2934 1058 in
2962 1011 3193 1058 mentem
3246 1015 3507 1055 revocan-

237 1098 510 1166 στέρησιν
552 1098 644 1150 ἐπὶ
689 1097 816 1149 νοῦν
847 1097 1238 1167 λαμϐανόντων
1283 1101 1380 1152 καὶ
1410 1099 1655 1168 συνεχῶς
1689 1115 1822 1168 πρυ-

1970 1101 2069 1156 bus
2099 1114 2154 1156 et
2199 1103 2398 1170 saepius
2441 1097 2844 1170 profcrentibus
2898 1091 3404 1160 asserentibusque,
3443 1098 3510 1143 ut

235 1190 552 1258 φερόντων,
580 1189 680 1258 τῆς
714 1189 814 1242 τοῦ
855 1188 992 1243 Θεοῦ
1019 1207 1078 1243 τε
1118 1190 1395 1253 παιδείας,
1440 1191 1517 1252 ὡς
1547 1189 1821 1259 προῦφην,

1967 1211 2034 1247 nn
2057 1195 2228 1259 innui,
2259 1203 2314 1248 et
2337 1209 2441 1247 non
2469 1203 2672 1247 temere
2688 1187 3042 1246 credentibus
3068 1185 3328 1240 indicium
3365 1182 3502 1237 illud

237 1283 351 1336 καὶ
381 1283 484 1350 τῆς
535 1281 912 1352 γεγενημένης
970 1279 1223 1346 ἁλώσεως
1273 1283 1369 1336 καὶ
1399 1282 1673 1352 λεγόντων
1730 1297 1827 1351 ση-

1967 1301 2050 1341 sse
2079 1295 2133 1341 et
2162 1286 2353 1356 divina:
2385 1283 2680 1355 punitiouis
2710 1291 2763 1337 et
2789 1278 3088 1335 subsecuti
3115 1275 3312 1331 excidii
3337 1293 3351 1340 ;
3375 1274 3504 1337 hoc,

246 1375 412 1442 μεῖον
460 1372 619 1425 τοῦτο
668 1372 761 1425 καὶ
792 1371 1183 1436 πιστευόντων,
1214 1402 1282 1414 -
1315 1371 1490 1434 οὕτως
1522 1367 1615 1426 οὖν
1647 1371 1829 1424 διατεο

1967 1393 2175 1449 ‘iquam,
2197 1387 2336 1434 statu
2370 1391 2576 1439 rerum,
2600 1389 2721 1429 eum
2751 1373 3020 1426 modicum
3054 1379 3269 1438 tempus
3293 1366 3516 1422 interim

245 1465 487 1525 Θέντων,
529 1464 624 1516 καὶ
651 1463 834 1530 ὀλίγου
863 1463 928 1532 δή
965 1479 1112 1526 τινος
1141 1465 1200 1516 ἐν
1224 1461 1301 1532 τῷ
1334 1461 1542 1532 μεταξὺ
1585 1460 1830 1531 παρεληο

1971 1471 2314 1534 rocessisset,
2346 1469 2399 1522 in
2419 1466 2572 1538 pejus
2596 1481 2758 1535 quam
2783 1471 2940 1518 antea
2967 1476 3127 1516 ruere
3151 1458 3360 1521 omnia,
3391 1472 3512 1510 ma.

242 1557 482 1619 >.υθότος
505 1554 600 1607 τοῦ
632 1555 852 1626 χρόνου,
883 1557 1064 1624 χεῖρον
1092 1553 1125 1623 ἢ
1157 1555 1428 1624 πρότερον
1452 1553 1577 1622 ἔσχε
1605 1553 1676 1606 τὰ
1698 1553 1835 1622 πρά-

1973 1577 2037 1617 na
2060 1561 2306 1617 confusio
2331 1559 2544 1613 animus
2568 1569 2862 1624 occupare,
2894 1567 3017 1605 cum
3048 1549 3154 1606 alia
3180 1549 3270 1603 atii
3315 1548 3514 1602 decer—

241 1667 470 1718 γματα,
522 1650 616 1702 καὶ
661 1647 924 1717 σύγχυσις
959 1645 1264 1716 πανταχοῦ,
1296 1647 1494 1700 ’ἄλλων
1546 1645 1680 1698 ἄλλα
1712 1646 1836 1714 βου-

1967 1664 2138 1710 terent
2173 1667 2272 1708 nec
2307 1659 2530 1722 possent
2559 1649 2612 1704 in
2645 1663 2806 1702 unam
2837 1652 3160 1702 sententiam
3181 1639 3473 1697 convenire
3503 1678 3518 1704 ,

243 1742 566 1811 λευομένων
595 1740 689 1794 καὶ
713 1742 880 1810 μηδὲν
907 1743 966 1794 ὲν
983 1740 1168 1809 ταυτῷ
1196 1737 1474 1792 συνελθεῖν
1499 1738 1832 1807 δυναμένων·

1967 1761 2147 1816 uosque
2169 1745 2280 1800 illis
2298 1743 2388 1814 qui
2416 1741 2475 1798 in
2494 1741 2616 1796 navi
2639 1739 2884 1798 adversis
2907 1734 3328 1803 tempestatibus
3351 1740 3518 1786 utun-

246 1836 358 1888 καὶ
396 1833 782 1904 παραπλήσιόν
839 1850 892 1885 τι
945 1833 1060 1894 τοῖς
1115 1831 1212 1884 ἐπὶ
1246 1831 1374 1899 νηὸς
1427 1830 1837 1900 χειμαζομένης

1969 1855 2032 1893 ur
2060 1853 2181 1892 cum
2213 1836 2542 1907 gubernator
2571 1832 2746 1896 abest,
2777 1845 2884 1884 non
2918 1825 3219 1890 absimiles,
3248 1823 3412 1877 variis
3433 1836 3524 1875 re-
3563 1821 3574 1834 ‘

249 1930 284 1980 ὲ
300 1926 600 1995 πάσχομεν,
623 1925 752 1978 ὃταν
775 1926 804 1976 ό
835 1922 1181 1993 κυϐερνήτης
1203 1924 1317 1993 ἀπῇ
1341 1937 1356 1952 ο
1389 1921 1567 1976 πάντα
1591 1922 1698 1990 γάρ
1726 1922 1842 1974 ἐκεῖ

1967 1947 2064 1987 um
2093 1928 2344 1984 ﬂuetibus
2365 1926 2588 1998 jactari.
2618 1924 2872 1991 Namque
2899 1921 2972 1974 ibi
3004 1919 3184 1976 omnia
3231 1926 3360 1973 sunt
3409 1924 3527 1968 tur-
3563 1913 3568 1917 ’

248 2021 509 2088 ταράχου
546 2017 739 2088 μεστὰ,
767 2018 861 2071 καὶ
885 2019 916 2086 ἡ
947 2016 1081 2080 ναῦς
1113 2017 1214 2070 οὐκ
1244 2015 1442 2086 ἔχουσα
1471 2015 1564 2069 τὸν
1591 2015 1841 2067 ἰθύνοντα

1967 2040 2136 2080 tarum
2163 2023 2347 2092 plena,
2377 2029 2432 2077 et
2459 2018 2639 2084 navis,
2671 2017 2904 2088 spoliata
2936 2023 3152 2070 rectore
3177 2025 3241 2066 ac
3267 2011 3318 2064 vi
3336 2018 3528 2064 vento-

249 2115 386 2174 ταῖς
415 2111 523 2162 τῶν
547 2111 765 2180 ἀνόμων
803 2108 946 2181 βιίαις
969 2107 1066 2162 τοῦ
1106 2109 1294 2177 πρόσω
1316 2109 1519 2177 χωρεῖν
1548 2105 1842 2167 ἀκινδύνως

1967 2131 2064 2170 ἰιηι
2092 2126 2355 2169 concussa
2381 2111 2489 2166 iter
2513 2123 2671 2164 suum
2705 2106 3025 2160 continuare
3079 2100 3282 2171 absque
3333 2099 3529 2154 discri-

3561 1058 3573 1100 ί

253 2204 328 2256 ού
361 2204 745 2271 συγχωρεῖται.
769 2200 892 2254 Τῶν
921 2198 1020 2270 μὲν
1049 2198 1140 2252 οὖν
1162 2198 1228 2269 δὴ
1253 2198 1519 2252 πλειόνων
1557 2199 1846 2267 δυσχεραι-

255 2297 471 2366 νόντων
504 2296 585 2348 ὅτι
617 2294 692 2365 μὴ
725 2293 907 2361 σφίσιν
935 2290 1064 2362 ἐξῆν
1093 2289 1388 2358 προδοῦναι
1423 2289 1523 2360 τὴν
1544 2291 1703 2343 πόλιν
1732 2291 1844 2352 τοῖς

253 2388 558 2457 Τούρκοις,
575 2386 827 2440 δεδιότων
859 2385 991 2448 ἴσως
1018 2383 1048 2436 δ
1072 2383 1297 2451 γέγονεν
1331 2384 1587 2453 ὕστερον,
1611 2381 1844 2451 ἄγγελος

252 2478 370 2554 ἧκε
403 2483 494 2533 τὸν
543 2478 840 2548 Μουράτην
886 2476 974 2546 ἐφ’
1022 2475 1170 2546 ἡμᾶς
1222 2473 1544 2544 κεκινῆσθαι
1597 2472 1840 2541 μηνύων,

255 2574 526 2627 πλεῖστον
558 2572 682 2624 ὅσον
715 2567 964 2640 στρατὸν.
989 2565 1418 2635 συναγείραντα,
1463 2564 1560 2616 καὶ
1586 2563 1675 2617 διά
1705 2564 1840 2616 πάν-

253 2683 385 2719 των
433 2663 613 2726 καλῶς
643 2659 1186 2732 παρεσκευασμένον.
1222 2659 1348 2717 Τοῖς
1383 2658 1484 2725 μὲν
1515 2652 1608 2710 οὖν
1652 2655 1846 2709 δεκτέα

257 2773 397 2817 πως
427 2755 604 2820 ἔδοξεν
651 2755 684 2824 ἡ
719 2751 948 2819 ἀγγελία
979 2749 1074 2803 καὶ
1110 2747 1348 2817 πιθανὴ,
1377 2749 1493 2808 τοῖς
1516 2745 1575 2799 δὲ
1609 2745 1706 2816 μὴ,
1753 2747 1848 2799 καὶ

264 2849 517 2920 μάλιστα
561 2847 832 2907 Λατίνοις,
862 2845 971 2898 εῐτε
1006 2841 1408 2913 μεγαλοψυχεῖν
1443 2839 1850 2909 προσποιουμέ-

257 2960 412 3003 νοις,
435 2942 542 2994 εῐτε
581 2941 778 3008 πεῖραν
803 2937 904 3008 ούκ
937 2935 1195 3005 ἐσχηκόσι
1236 2933 1345 2986 τῶν
1372 2932 1654 3001 Τούρκων,
1681 2924 1724 2998 ᾧ
1755 2931 1850 2986 καὶ

267 3033 486 3106 μᾶλλον
515 3029 692 3097 ἔγωγε
724 3028 1006 3095 πείθομαι.
1040 3024 1211 3080 Πόθεν
1243 3024 1355 3094 γὰρ
1396 3023 1606 3090 εῐδησις
1635 3022 1848 3083 τούτοις

265 3131 334 3181 ὲν
371 3125 612 3192 θαλάττῃ
643 3121 739 3174 καὶ
766 3119 1130 3187 γεννωμένοις
1163 3117 1260 3171 καὶ
1309 3117 1389 3178 είς
1417 3115 1602 3184 γῆρας
1631 3116 1853 3169 διαιτω-

1944 2208 2092 2264 mine
2118 2221 2228 2261 non
2263 2202 2616 2274 permittitur.
2649 2199 2785 2254 Cum
2818 2210 2946 2268 ergo
2969 2194 3214 2265 plerique
3231 2205 3377 2262 aegre
3405 2190 3522 2243 fcr-

1947 2309 2068 2356 rent
2093 2313 2196 2354 non
2219 2294 2448 2352 concedi
2469 2293 2572 2349 sibi
2597 2291 2792 2347 Turcis
2817 2289 3006 2344 urbem
3029 2286 3244 2349 dedere,
3275 2290 3529 2340 eventum

1946 2387 2292 2463 postmodum
2321 2391 2571 2441 secutum
2589 2382 3095 2452 perhorrescentes,
3118 2375 3342 2431 nuntius
3366 2374 3533 2428 adve-

1950 2483 2031 2538 nit
2056 2481 2318 2537 Lluratem
2349 2477 2612 2533 adversus
2643 2488 2742 2528 nos
2765 2473 2870 2527 iter
2895 2483 3204 2540 capessere,
3229 2466 3526 2536 quamplu-

1949 2576 2105 2631 rimis
2132 2573 2306 2645 copiis
2328 2580 2382 2627 et
2413 2572 2576 2626 rebus
2591 2567 2720 2623 aliis
2737 2564 2988 2621 omnibus
3019 2559 3527 2617 instructissimum.

1949 2667 2180 2736 Quidam
2209 2644 2400 2721 nuntio
2427 2664 2584 2719 ﬁdem
2619 2674 2740 2716 esse
2776 2656 3138 2712 adhibendam
3183 2653 3372 2708 dicunt
3399 2668 3414 2713 ;
3441 2665 3536 2705 ne-

1951 2769 2082 2830 gant
2115 2760 2231 2823 alii,
2267 2769 2321 2813 et
2349 2756 2525 2811 Latini
2579 2752 2946 2824 potissimum,
3001 2749 3117 2803 sive
3173 2743 3534 2814 magnanimi-

1952 2862 2118 2907 tatem
2156 2850 2504 2913 simulantes,
2533 2849 2648 2902 sive
2677 2844 3000 2906 Turcarum,
3030 2838 3175 2912 quod
3215 2834 3532 2892 credibilius

1949 2945 2185 3005 videtur,
2220 2940 2513 3009 inexperti.
2538 2937 2786 3006 Namque
2817 2935 2961 2990 unde
2986 2934 3116 2998 illis,
3149 2931 3203 2985 in
3265 2929 3402 2983 mari
3441 2942 3534 2997 ge-

1953 3035 2084 3088 nitis
2134 3043 2189 3088 et
2215 3033 2412 3087 ultimo
2441 3031 2602 3087 etiam
2637 3028 2815 3084 aetatis
2845 3035 3088 3094 tempore
3111 3023 3276 3078 vitam
3321 3019 3533 3089 agenti-

1953 3124 2076 3188 bus,
2110 3139 2210 3179 nec
2246 3138 2352 3178 non
2377 3123 2444 3176 ad
2472 3119 2760 3176 conﬂictus
2788 3127 2843 3173 et
2868 3119 3098 3188 pugnas,
3149 3114 3348 3184 quibus
3396 3109 3537 3164 Tur-

272 3221 491 3289 μένοις,
540 3214 675 3285 πρὸς
713 3209 1033 3280 συμπλοκάς
1081 3225 1142 3260 τε
1170 3208 1264 3262 καὶ
1303 3208 1508 3277 μάχας.
1537 3200 1626 3268 αἷς
1650 3207 1709 3259 τὸ
1736 3205 1844 3258 τῶν

1967 3233 2131 3275 tarum
2147 3232 2277 3287 gens
2295 3215 2485 3279 utitur,
2513 3213 2732 3282 ineptis,
2759 3224 2858 3265 nec
2877 3207 3184 3264 valentibus
3201 3219 3329 3259 cum
3374 3203 3535 3259 trire-

268 3311 542 3380 Τούρκων
570 3304 837 3376 κέχρηται
879 3301 1056 3370 γένος,
1103 3299 1320 3369 ἔχουσιν
1357 3298 1459 3351 οὐκ
1503 3295 1848 3365 ἒπιτηδείως,

270 3406 381 3458 καὶ
418 3400 548 3472 μηδὲ
591 3397 906 3465 δυναμένοις
955 3394 989 3464 ἢ
1044 3392 1132 3446 διὰ
1179 3389 1425 3461 ⁴ιεριηριῖίιν
1474 3387 1731 3442 ἀπελθεῖν
1777 3386 1859 3449 είς

272 3496 606 3566 ὑπερορίαν,
650 3491 791 3564 ἡνίκ’
815 3490 881 3543 ἂν
916 3487 1012 3542 καὶ
1038 3485 1169 3540 ἔνθα
1201 3484 1480 3556 βούλοιντο
1507 3499 1522 3546 ;
1561 3479 1757 3551 μικρὸν
1799 3479 1861 3532 τὸ

275 3587 648 3663 μεταξὺμιαὶ
695 3582 861 3636 πάλιν
903 3581 1090 3649 ἔτερος
1125 3576 1377 3643 ἄγγελος,
1411 3572 1589 3627 ταυτά
1616 3570 1694 3640 τῷ
1726 3586 1862 3641 προ-

273 3684 432 3753 τέρῳ
463 3679 555 3733 καὶ
585 3677 746 3739 αὐτὸς
779 3671 1139 3741 διαγγέλλων,
1165 3669 1260 3722 καὶ
1281 3667 1407 3730 τοὺς
1452 3665 1644 3732 λόγους
1678 3665 1862 3732 ὅρκοις

278 3770 654 3839 πιστούμενος
707 3765 1036 3834 ἀσφαλέσιν,
1087 3762 1173 3831 ἐφ’
1213 3755 1296 3822 οἷς
1350 3758 1690 3827 ἐπείσθημεν
1761 3758 1858 3826 μὲν

277 3866 477 3934 ἡμεῖς,
527 3860 695 3930 μηδὲν
742 3856 868 3911 ἄλλο
906 3853 1039 3925 παρ’
1063 3853 1197 3906 αὐτὸ
1230 3850 1641 3922 προσδοκῶντες
1687 3849 1865 3919 (τοῦτο

279 3959 400 4027 γὰρ
431 3957 459 4006 ό
485 3950 750 4020 πολυετὴς
789 3949 938 4017 ἡμᾶς
967 3946 1215 3999 ἐδίδασκε
1258 3942 1627 4012 συγκλεισμὸς
1655 3942 1747 3993 καὶ
1794 3940 1866 3992 τὰ

282 4042 643 4118 πράγματα),
680 4038 1011 4106 ἐπείσθησαν
1058 4037 1118 4089 δὲ
1147 4038 1244 4089 καὶ
1287 4035 1532 4095 Λατῖνοι,
1582 4032 1676 4084 καὶ
1727 4030 1867 4101 προς

281 4137 650 4209 παρασκευὴν
684 4133 795 4186 δεῖν
820 4128 966 4194 εδοξε
992 4127 1206 4190 τούτοις
1234 4123 1620 4193 διεγηγέρθαι.

369 4234 432 4282 ε’.
464 4229 571 4282 Καὶ
595 4225 659 4296 δὴ
681 4222 898 4294 πρῶτον
935 4221 1059 4290 μὲν,
1080 4214 1252 4288 οὗπερ
1299 4216 1536 4286 ἤρξαντο
1601 4213 1870 4284 πρότερον

286 4324 481 4390 ἔργου,
514 4318 648 4388 πρὸς
676 4314 955 4368 τελείωσιν
975 4311 1400 4379 σπουδαιότερον
1428 4307 1768 4377 διετέθησαν.
1796 4306 1870 4359 Τὸ

287 4412 339 4466 δ’
368 4407 434 4479 ἦν
465 4410 498 4478 ἡ
527 4409 655 4478 περὶ
681 4407 778 4469 τὰς
809 4403 1068 4468 ἐπάλξεις
1119 4402 1300 4455 αὐτῶν
1319 4400 1630 4470 ἐπιμέλεια.
1660 4396 1871 4468 Μικρὸν

289 4502 410 4572 γὰρ
445 4499 678 4571 πρόσθεν
706 4498 793 4550 διὰ
825 4495 1101 4566 φροντίδος
1138 4493 1338 4560 πολλῆς
1361 4491 1738 4560 πεποιήκεσαν
1771 4489 1869 4550 τὰς

293 4593 554 4657 ἐπάλξεις
583 4591 677 4645 τοῦ
700 4591 911 4657 τείχους
949 4587 1149 4650 παντὸς
1199 4581 1499 4654 διαφράξαι
1534 4583 1764 4642 σανίσιν,
1794 4579 1871 4643 ὡς

221 4701 230 4710 ’
295 4693 361 4744 ὲν
401 4687 632 4749 ἀσπίσι,
673 4685 798 4746 τοὺς
839 4684 939 4752 μὲν
986 4680 1091 4747 ἔξω
1126 4679 1424 4747 πολεμίους
1470 4673 1872 4745 ἀπειργούσαις

295 4780 394 4835 τοῦ
435 4779 612 4846 βέλεσι
639 4775 960 4846 τιτρώσκειν
987 4774 1112 4834 τοὺς
1139 4771 1283 4824 ἔνδον
1312 4770 1515 4839 δεῆσαν
1564 4765 1868 4836 προκῦψαι,

295 4875 415 4932 τοῖς
449 4870 490 4922 δ’
517 4869 737 4921 ἐπὶτῶν
763 4865 957 4935 τειχῶν
987 4863 1294 4930 ἱσταμένοις
1330 4859 1530 4928 πολλὴν
1565 4857 1662 4928 τὴν
1690 4857 1873 4911 ἄδειαν

301 4963 676 5035 παρεχούσαις
726 4959 950 5029 ἀφανῶς
992 4956 1159 5020 λίθοις
1207 4954 1416 5010 ἀνωθεν
1477 4952 1698 5022 βάλλειν
1748 4950 1874 5011 τοὺς

301 5057 558 5114 ἐπιόντας
608 5053 700 5104 καὶ
749 5052 824 5118 τῷ
860 5046 1218 5118 προστυχόντι
1268 5045 1432 5097 παντὶ
1492 5041 1873 5113 προσπελάσαι

301 5151 417 5210 τοῖς
461 5147 666 5215 τείχεσι
701 5141 1086 5214 βουληθέντας.
1127 5138 1360 5190 Ἔπειτα
1393 5135 1453 5188 δὲ
1492 5135 1603 5187 δεῖν
1636 5131 1880 5202 ἀριθμῆ-

307 5255 398 5293 σαι
422 5239 544 5296 τοὺς
592 5236 795 5303 ἄνδρας
834 5232 1097 5303 ᾠήθησαν
1148 5230 1241 5282 καὶ
1273 5228 1618 5295 καταμαθεῖν
1646 5228 1694 5278 εί
1737 5224 1878 5293 πρὸς
1918 5249 1925 5252 -

305 5333 406 5390 τὰς
439 5329 529 5380 τοῦ
554 5328 676 5382 ὅλου
702 5327 916 5396 τείχους
940 5324 1196 5389 ἐπάλξεις
1227 5322 1324 5374 καὶ
1353 5322 1446 5373 τὸν
1469 5319 1759 5390 περίϐολον
1785 5316 1876 5369 τὸν

307 5422 444 5490 πρὸς
467 5423 694 5491 ἤπειρον
723 5420 1038 5491 ἐξαρκοῦσι.
1080 5418 1190 5470 Καὶ
1220 5417 1286 5486 δὴ
1318 5418 1512 5484 στῆναι
1541 5417 1749 5475 πάντας
1787 5414 1878 5464 ἐπὶ

305 5516 420 5566 τῶν
465 5515 662 5584 τειχῶν
703 5513 821 5583 μεθ’
869 5509 944 5566 ὦν
995 5507 1143 5582 εἶχεν
1194 5509 1427 5570 ἕκαστος
1488 5504 1878 5573 ἐπιτρέπουσιν

306 5607 508 5667 ὅπλων,
533 5606 607 5668 ὡς
627 5605 694 5660 ἂν
713 5607 806 5660 καὶ
831 5606 1110 5676 μάρτυρας
1131 5603 1257 5661 τοὺς
1283 5601 1447 5661 ίδίους
1466 5599 1661 5668 ἔχωσιν
1680 5594 1880 5662 ὀφθαλ-

314 5697 471 5767 μούς.
505 5691 580 5751 05
612 5697 676 5768 δὴ
709 5698 995 5767 γεγονότος
1041 5692 1110 5766 ἦν
1143 5697 1271 5749 ἰδεῖν
1328 5691 1424 5746 ἐπὶ
1449 5691 1544 5744 δύο
1590 5687 1686 5741 καὶ
1729 5690 1876 5757 τρεῖς

309 5789 563 5854 ἐπάλξεις
617 5789 716 5842 ἕνα
773 5791 941 5860 ἀνδρα
993 5788 1306 5856 ἱστάμενον,
1358 5783 1451 5836 καὶ
1503 5778 1711 5832 τούτων
1752 5778 1880 5840 τοὺς

311 5882 531 5944 πλείους
589 5882 720 5953 μήθ’
749 5882 888 5937 ὅπλα
924 5881 1291 5952 κεκτημένους
1347 5872 1732 5946 (προανὰλωσε
1775 5872 1884 5942 γὰρ

1964 3310 2140 3366 mibus
2169 3308 2275 3363 alio
2295 3315 2450 3362 extra
2483 3320 2613 3360 suos
2650 3303 2806 3366 ﬂues,
2831 3314 2890 3356 ut
2917 3300 3025 3356 illis
3047 3296 3357 3360 allubescit,
3376 3295 3534 3350 diva-

1961 3401 2102 3473 gari,
2133 3399 2374 3469 cognitio
2428 3395 2682 3452 venerit?
2702 3394 2958 3467 exiguum
3001 3393 3136 3446 abiit
3197 3398 3422 3460 tempus
3444 3427 3459 3452 ,
3486 3395 3541 3441 et

1964 3504 2154 3546 rursus
2181 3489 2316 3546 alius
2341 3487 2562 3542 nuntius
2585 3486 2774 3540 eadem
2804 3499 2926 3552 qua
2988 3481 3198 3552 primus
3226 3479 3538 3542 denuntiat.

1962 3592 2016 3639 et
2039 3580 2397 3650 jurejurando
2417 3580 2575 3633 ﬁdem
2594 3577 2778 3647 alligat
2801 3590 2956 3630 suam
2985 3589 3004 3638 ;
3035 3588 3143 3642 quo
3162 3587 3262 3626 nos
3281 3571 3530 3640 persuasi

1964 3686 2175 3736 sumus,
2195 3669 2329 3724 nihil
2349 3667 2494 3722 aliud
2514 3674 2896 3737 exspectantes
2921 3681 2936 3718 :
2964 3665 3068 3718 boe
3083 3652 3227 3718 enim
3249 3661 3420 3716 nostri
3444 3674 3541 3728 per
3562 3683 3568 3688 τ

1967 3753 2165 3818 multos
2193 3775 2367 3815 annos
2398 3761 2450 3815 in
2490 3767 2775 3829 angustum
2831 3756 3136 3812 contractio
3168 3767 3362 3822 resque
3408 3752 3544 3820 ipsa:

1965 3855 2290 3911 clamabant.
2321 3851 2616 3907 Credidere
2638 3859 2695 3904 et
2720 3849 2899 3903 Latini
2928 3865 2943 3916 ;
2978 3848 3264 3917 visumque
3297 3855 3379 3900 est
3401 3843 3535 3909 illis,

1967 3944 2199 4001 sollicite
2226 3940 2534 3998 necessaria
2589 3950 2918 4009 praeparare.

1981 4280 1985 4284 _
2041 4213 2094 4268 5.
2129 4213 2191 4268 Et
2225 4211 2462 4282 primum
2496 4206 2739 4278 quidem,
2779 4205 2922 4276 quod
2950 4212 3106 4259 antea
3154 4201 3545 4258 inchoaveram

1969 4321 2126 4376 opus,
2155 4301 2680 4376 propugnaculorum
2729 4300 2994 4353 duntaxat
3037 4311 3224 4351 curam
3281 4294 3546 4364 perlicere

1972 4399 2298 4454 concitatius
2327 4395 2657 4450 animantur.
2685 4391 2854 4446 Paulo
2877 4390 3020 4444 enim
3048 4399 3174 4444 ante
3188 4402 3402 4443 summo
3421 4403 3541 4438 cum

1974 4493 2155 4547 labore
2190 4506 2254 4544 ac
2290 4489 2458 4542 nimio
2482 4500 2644 4556 opere
2661 4492 2992 4539 accurarunt
3019 4491 3077 4534 ut
3109 4495 3389 4535 murorum
3418 4494 3546 4548 prn-

1978 4580 2298 4651 pugnacula,
2327 4578 2572 4631 adinstar
2603 4583 2907 4634 scutorum,
2959 4571 3156 4626 tabulis
3200 4570 3543 4630 obserarent,

1973 4687 2093 4742 quae
2125 4669 2564 4724 advenasbostes
2587 4665 2912 4733 impedirent
2941 4677 3005 4716 ne
3033 4661 3246 4730 sagittis
3301 4660 3468 4724 cives,
3501 4658 3546 4711 si

1975 4765 2193 4832 quando
2221 4777 2358 4830 opus
2387 4766 2534 4814 esset
2552 4758 2730 4823 capite
2757 4768 3060 4822 emergere,
3088 4753 3460 4811 vulnerarent,
3481 4751 3548 4802 iis

1974 4867 2152 4911 autem
2183 4857 2275 4922 qui
2301 4851 2471 4906 muris
2499 4850 2814 4904 insisterent
2835 4845 3144 4900 facultatem
3166 4841 3384 4895 uberem
3405 4839 3566 4912 faces

1979 4960 2098 5002 rent
2126 4947 2263 5000 clam
2291 4960 2322 5000 θ
2354 4940 2621 5013 superiori
2651 4948 2799 5008 parte
2830 4936 2976 4991 saxis
3000 4934 3350 4989 advenientes
3375 4934 3554 5001 impe-

1981 5050 2117 5102 tere,
2156 5037 2508 5104 admotosque
2533 5035 2598 5086 ad
2621 5045 2805 5086 muros
2823 5028 2984 5083 obvio
3014 5040 3228 5095 quoque
3265 5024 3544 5094 repellere.

1978 5130 2181 5186 Deinde
2203 5125 2568 5182 numerandos
2584 5137 2706 5176 esse
2725 5123 2870 5172 viros
2895 5118 3218 5180 decernunt,
3245 5125 3304 5169 ut
3335 5115 3549 5169 discant

1979 5241 2048 5278 an
2074 5221 2137 5274 ad
2155 5220 2334 5276 omnia
2355 5232 2632 5272 murorum
2654 5209 3056 5284 propugnacula
3084 5219 3139 5262 et
3166 5209 3456 5264 circuitum
3478 5209 3568 5262 ad

1984 5317 2373 5371 mediterranea
2406 5317 2713 5378 vergentem
2749 5304 3054 5367 Sllmt‘janl;
3088 5312 3141 5354 et
3173 5301 3253 5355 sic
3285 5300 3546 5355 omnesin

1983 5410 2176 5472 muris,
2206 5404 2318 5462 suis
2344 5414 2612 5473 quemque
2647 5397 2818 5452 armis
2848 5395 3204 5458 instructum,
3236 5404 3384 5447 stare
3439 5390 3550 5444 im-

1982 5507 2197 5568 perant,
2231 5506 2284 5548 ut
2313 5492 2454 5548 adid
2487 5489 2714 5544 testibus
2745 5488 2980 5556 prOpriis
3017 5485 3188 5540 oculis
3244 5493 3553 5540 uterentur.

1983 5589 2104 5656 Qun
2134 5588 2279 5641 facto
2296 5581 2733 5652 conspiciebatur
2756 5578 2807 5631 in
2826 5577 3036 5632 duobus
3067 5588 3122 5632 et
3146 5578 3319 5632 tribus
3352 5590 3554 5645 propu-

1984 5679 2230 5751 gnaculis
2253 5691 2392 5731 unus
2417 5681 2662 5737 tantum;
2704 5683 3004 5739 eorumque
3031 5671 3207 5740 potior
3237 5680 3554 5736 pursneqnc

1986 5790 2133 5828 arma
2167 5773 2519 5843 gerere,'qusz
2537 5771 2822 5834 paupertas
2835 5764 2964 5818 absu
2977 5769 3232 5832 mpserat,
3257 5774 3428 5827 neque
3449 5773 3549 5824 pu-

1985 5883 2098 5938 gna-
2125 5876 2217 5921 aut
2247 5861 2521 5925 conﬂictui
2553 5869 2672 5930 apta
2703 5876 2717 5925 ;
2751 5858 2967 5913 aSsidua
2985 5871 3218 5924 namque
3238 5852 3375 5907 mala
3397 5849 3552 5905 etvi-
