3990 6592
474 379 574 447 539

471 609 550 656 [us
600 593 902 652 alteriusve
951 601 1382 661 insimulatores.
1431 607 1666 666 Ubinam
1714 618 1884 672 eratis
1913 633 2034 683 vos,

471 699 592 738 rum
619 693 731 743 haec
762 686 1000 747 Murates
1023 693 1329 752 offerebat?
1350 698 1540 756 Nonne
1564 702 1618 757 in
1650 705 1806 770 urbe,
1840 715 1894 761 et
1938 723 2037 765 ve-

469 787 513 830 st
527 777 599 830 ris
632 791 696 832 ea
735 780 960 838 auribus
975 786 1324 854 usurpastis?
1352 789 1466 854 Qua
1501 791 1668 861 igitur
1700 795 1914 852 ratione
1943 812 2034 853 co-

470 865 656 933 gitatis
689 873 772 924 usi
809 886 912 927 non
941 874 1124 930 estis?
1154 875 1357 944 Quare,
1387 879 1456 937 de
1486 883 1682 950 quibus
1713 884 1850 942 alios
1877 885 2034 944 ineu-

470 958 607 1012 satis
654 961 795 1029 quod
828 978 935 1019 non
983 966 1234 1036 fecerint,
1269 984 1366 1026 vos
1412 973 1543 1042 ipsi,
1575 977 1863 1031 occasione
1904 993 2032 1049 pre-

470 1060 652 1110 mente
697 1064 752 1110 et
799 1057 950 1112 nullo
994 1059 1346 1130 impediente,
1386 1080 1494 1122 non
1544 1067 1848 1137 perfecistis
1867 1071 2032 1130 Num

470 1145 616 1200 enim
658 1147 837 1204 nullus
869 1163 1058 1221 pastor
1095 1162 1210 1210 erat
1243 1156 1504 1228 (namque
1532 1169 1661 1218 ante
1689 1177 1783 1218 sex
1817 1179 2034 1222 menses

468 1237 613 1300 inter
648 1240 800 1297 vivos
821 1257 944 1300 esse
965 1245 1248 1319 desierat),
1279 1266 1378 1307 nec
1405 1251 1538 1307 dine
1567 1269 1741 1325 neque
1767 1255 1892 1326 alia,
1915 1272 2035 1328 quae

469 1347 565 1383 vos
587 1337 882 1390 recensetis
912 1347 965 1392 et
996 1353 1092 1405 per
1110 1341 1308 1410 digitos
1332 1355 1522 1400 exacte
1541 1349 1863 1404 numeratis.
1893 1351 2034 1416 Quid

468 1427 636 1496 igitur
657 1429 811 1484 vobis
837 1429 1222 1500 impedimento
1250 1435 1370 1502 fuit,
1396 1447 1488 1492 aut
1520 1439 1674 1508 cujus
1701 1457 1840 1511 opus
1866 1459 2035 1499 even-

469 1519 597 1573 tus?
623 1519 856 1590 Nullius,
885 1526 1112 1594 quilibet
1156 1530 1509 1598 respondebit
1537 1533 1623 1602 pie
1659 1549 1771 1589 rem
1807 1551 2034 1608 compn-

467 1622 615 1678 tans,
645 1630 810 1684 quam
850 1626 1054 1673 nostra:
1094 1620 1488 1689 improbitatis,
1515 1639 1634 1693 quae
1659 1626 1726 1680 ab
1755 1627 2033 1685 iracundia

469 1703 706 1761 liberum
740 1706 907 1762 Deum
940 1711 995 1764 in
1046 1711 1380 1767 iracundiam
1419 1715 1608 1781 movit,
1657 1726 1711 1771 et
1753 1720 1822 1773 ad
1863 1721 2037 1775 nostri

468 1797 834 1865 puuitionem,
879 1803 972 1871 qui
1006 1803 1315 1861 incorrecte
1347 1807 1602 1875 labimur,
1643 1812 1926 1877 excitavit,
1975 1824 2035 1868 ut

465 1890 537 1942 ad
569 1893 937 1963 nosmetipsos
972 1896 1262 1953 redeuntes
1314 1901 1369 1955 ln
1417 1912 1698 1971 posterum
1736 1905 2034 1975 sapiamus.

467 1980 630 2046 Quod
662 1983 707 2036 si
739 1984 865 2053 quis
893 1995 1144 2044 anteacta
1195 1997 1439 2061 tempora
1475 2007 1912 2052 commemorans
1939 1999 2042 2054 ite-

468 2091 589 2130 rum
629 2078 786 2134 nobls
832 2091 1090 2152 opponat,
1130 2091 1185 2138 et
1232 2087 1440 2154 pastori
1489 2103 1708 2144 causam
1756 2091 2034 2162 appingat,

467 2170 561 2237 qui
609 2171 808 2226 dedere
861 2187 922 2229 se
971 2176 1302 2244 volentibus,
1357 2181 1629 2235 sententia
1677 2181 1840 2237 etiam
1889 2183 2036 2250 data,

470 2265 825 2333 contradixit,
868 2267 1190 2325 insanientis
1225 2271 1580 2341 cogitationes
1628 2275 1876 2344 suscipit.
1921 2277 2040 2330 Pri-

474 2371 624 2410 mum
670 2358 812 2412 enim
862 2374 968 2415 non
1001 2360 1229 2417 addecet
1264 2363 1580 2433 pontiﬁcem
1618 2381 1801 2422 rerum
1842 2368 2041 2423 milita-

475 2451 616 2502 rium
653 2464 805 2516 cura,
834 2459 888 2506 et
911 2452 1054 2507 hunc
1081 2453 1297 2524 quidem
1325 2462 1679 2525 tyrannorum
1715 2472 1868 2514 more
1890 2461 2040 2527 prin-

477 2541 659 2608 cipzitu
686 2541 908 2610 pellere,
942 2543 1090 2598 illum
1117 2554 1303 2600 contra
1337 2546 1389 2601 in
1411 2547 1811 2618 possessionem
1837 2550 2041 2605 immit-

479 2642 616 2696 tore,
633 2643 683 2687 et
709 2635 1068 2691 mutationum
1093 2651 1156 2692 ac
1182 2638 1410 2695 caedium
1433 2653 1536 2696 nec
1557 2656 1663 2696 non
1690 2641 2034 2708 damnorum,

472 2741 615 2792 que,
657 2727 782 2780 dum
812 2742 995 2784 rerum
1032 2738 1209 2786 status
1238 2733 1586 2799 immutatur,
1620 2734 1897 2799 eveniunt,
1936 2749 2038 2789 au-

473 2826 681 2870 ctorem
717 2832 838 2872 esse
873 2835 888 2872 :
936 2834 1109 2890 neque
1137 2823 1279 2877 enim
1317 2824 1430 2891 ipse
1466 2826 1516 2878 in
1552 2829 1918 2896 tyrannicum,
1941 2825 2036 2881 sed

472 2910 526 2961 in
558 2912 912 2977 sacerdotale,
944 2921 998 2967 et
1047 2915 1191 2968 mitis
1241 2915 1478 2981 Domini,
1513 2925 1567 2971 et
1595 2917 1686 2987 qui
1717 2933 1902 2987 pacem
1941 2918 2038 2974 de-

473 3002 812 3069 praedicavit,
845 3003 1004 3073 cujus
1025 3005 1270 3074 vestigiis
1298 3007 1548 3062 insistere
1580 3011 1756 3063 modis
1783 3010 2037 3066 omnibus

473 3103 528 3144 et
565 3094 710 3149 dicta
749 3094 996 3166 factaque
1024 3099 1175 3167 sequi
1211 3099 1393 3167 debet,
1425 3102 1616 3155 solium
1659 3113 2031 3172 promovetur.

1657 408 1980 471 JUANNIS
2024 416 2494 482 ANAGNOST/E

521 500 642 554 Sed
673 515 794 555 cum
827 502 928 559 huc
955 511 1318 580 pervenerim,
1351 515 1536 582 paucis
1567 524 1904 592 compellabo
1934 527 2032 581 hu-
2062 533 2105 587 Α
2157 548 2166 556 '

3473 443 3487 451 ’
3591 440 3694 501 ὅθθ

2219 532 2359 584 Ἀλλ’
2387 536 2618 590 ἐνταῦθα
2654 539 2850 607 μικρὸν
2881 529 3150 610 ἐρήσομαι
3185 542 3310 606 τοὺς
3340 548 3702 616 κατηγοροῦν-

2137 639 2236 684 τας
2279 625 2372 678 τοῦ
2413 625 2582 691 δεῖνος
2621 629 2717 682 καὶ
2754 630 2853 700 τῆς
2891 631 3083 696 δεῖνος.
3118 634 3226 688 Ποῦ
3269 635 3397 689 ποθ’
3432 637 3590 704 ὑμεῖς
3613 635 3702 709 ἦτε

2135 714 2220 768 ὅθ’
2261 717 2289 768 ὁ
2336 716 2636 790 Μουράτης
2683 721 2750 773 τά
2797 722 3023 776 τοιαῦτα
3057 725 3373 795 ὑπέσχετος
3420 727 3523 781 οὐκ
3553 729 3610 782 ἑν
3645 733 3701 802 τῇ

2137 807 2314 872 πόλει,
2338 809 2429 861 καὶ
2461 810 2725 880 αὐτήκοοι
2751 812 2861 866 τῶν
2887 817 3317 885 κηρυττομένων
3339 836 3354 882 ;
3389 819 3508 881 πῶς
3534 818 3569 873 ἀ
3597 821 3699 873 διε-

2136 896 2372 961 νοεῖσθε,
2395 898 2497 952 οὐκ
2526 900 2610 962 είς
2633 901 2808 971 πέρας
2839 903 3115 972 ἠγάγετες
3145 904 3264 967 πῶς
3285 903 3384 958 οὖν
3414 906 3515 958 οὒκ
3545 908 3702 978 ἐχρή-

2139 989 2302 1040 σασθε
2332 987 2410 1052 τῷ
2442 988 2731 1061 λογισμῷς
2767 991 2883 1055 πῶς
2908 993 2944 1047 ἃ
2977 992 3088 1046 τῶν
3116 993 3294 1049 ἄλλων
3351 999 3699 1065 κατηγορεῖτε

2139 1077 2215 1147 μὴ
2250 1081 2632 1150 πεπραχότων,
2667 1083 2826 1152 ὑμεῖς
2879 1084 2979 1136 οὐκ
3028 1084 3340 1155 ἐπράξατε,
3365 1085 3563 1154 καιροῦ
3609 1103 3700 1138 κα-

2134 1164 2360 1231 λοῦντος
2399 1171 2495 1223 καὶ
2531 1171 2644 1225 τῶν
2676 1173 3056 1242 ἀπειργόντων
3086 1176 3187 1227 οὒκ
3214 1174 3424 1239 δντωνς
3455 1176 3582 1228 τότε·
3602 1177 3701 1245 γὰρ

2136 1261 2343 1330 ποιμὴν
2373 1262 2472 1316 οὐκ
2509 1258 2576 1333 ἦν
2615 1263 2814 1335 (μῆνας
2865 1266 2975 1332 γὰρ
3026 1261 3174 1335 εἶχεν
3198 1336 3199 1339 η
3224 1265 3287 1330 ἓξ
3327 1269 3619 1335 γενόμενος
3650 1268 3705 1331 ἐξ

2135 1351 2464 1423 ἀνθρώπων)
2513 1355 2634 1408 οὐδὲ
2667 1357 2820 1424 ἀραὶ,
2867 1357 2980 1408 οὐδ’
3009 1357 3088 1409 ὅσ’
3136 1357 3284 1425 ἕτερ’
3316 1357 3699 1427 ἀπαριθμεῖτε.

2114 1442 2206 1496 ,Τί
2229 1443 2413 1496 λοιπὸν
2443 1445 2505 1497 τὸ
2552 1445 2805 1499 κωλῦσαν
2833 1447 2976 1517 ὑμᾶς
3005 1443 3111 1518 ἦν;
3145 1449 3178 1518 ἢ
3213 1449 3366 1511 τίνος
3415 1451 3574 1516 ἔργον
3613 1451 3700 1502 ὅσα

2141 1534 2492 1604 συμϐἐόηκεν
2521 1552 2534 1600 ;
2572 1536 2818 1602 Οὐδενὸς,
2840 1539 2948 1601 πᾶς
2973 1556 3056 1602 τις
3095 1540 3161 1593 ἂν
3188 1541 3336 1593 εῖποι
3369 1539 3701 1608 λογιζόμενος

2135 1625 2400 1688 εὐσεϐῶς.
2429 1627 2460 1696 ἢ
2489 1629 2585 1696 τῆς
2613 1629 2774 1696 ἡμῶν
2805 1631 3083 1699 ἁμαρτίας
3117 1631 3358 1684 ἑκάστου
3385 1631 3477 1683 τὸν
3512 1632 3699 1700 ἀόργη-

2139 1733 2231 1768 τον
2269 1716 2349 1778 είς
2378 1717 2550 1787 ὀργὴν
2593 1719 2718 1771 καθ’
2746 1721 2904 1790 ήμῶν
2940 1721 3263 1790 κινησάσης,
3297 1723 3550 1792 παιδείαν
3578 1724 3697 1792 ἡμῖν

2137 1807 2460 1875 ἐπενεγκεῖν
2499 1811 2783 1864 πταίουσιν
2829 1812 3157 1881 ἀδιόρθωτα,
3193 1815 3281 1867 ἵνα
3336 1813 3471 1883 γοῦν
3509 1814 3699 1866 ἑαυτῶν

2138 1900 2426 1969 γενόμενοι
2454 1901 2666 1954 καὶτοῦ
2700 1901 2891 1956 λοιποῦ
2924 1906 3399 1976 σωφρονήσωμεν.
3445 1906 3506 1958 Εί
3546 1906 3599 1960 δέ
3629 1921 3701 1966 τις

2137 1992 2250 2046 τῶν
2291 1997 2421 2061 πρὶν
2475 1993 2950 2062 ἀπομνημονεύων
2999 1998 3206 2064 χρόνων
3240 1998 3341 2049 καὶ
3393 1995 3556 2050 πάλιν
3584 1997 3700 2063 ἡμῖν

2137 2078 2418 2152 ἀντιλέγῃ,
2463 2080 2558 2132 καὶ
2602 2082 2680 2151 τῷ
2713 2084 2934 2151 ποιμένι
2986 2082 3084 2152 τὴν
3137 2085 3326 2138 αἰτίαν
3372 2086 3576 2156 ἐπάγῃ,
3602 2088 3701 2146 τοῖς

2139 2171 2494 2242 προδεδόσθαι
2516 2171 2765 2226 ἐθέλουσι
2792 2173 2868 2244 μὴ
2894 2174 2962 2227 τὰ
2989 2175 3078 2230 ῖσα
3105 2177 3445 2244 φρονήσαντι
3474 2177 3567 2229 καὶ
3591 2176 3698 2244 βου-

2137 2263 2478 2334 λευσαμένῳ,
2517 2266 2845 2334 μεμηνότος,
2881 2262 3059 2336 οῐμαι,
3095 2269 3363 2339 κέκτηται
3394 2268 3697 2338 λογισμούς.

2140 2355 2366 2424 Πρῶτον
2406 2356 2506 2423 μὲν
2555 2357 2664 2425 γὰρ
2713 2359 2772 2410 οὐ
2808 2357 2902 2411 τοῦ
2952 2360 3234 2429 σχήματος
3275 2361 3374 2414 τοῦ
3417 2362 3702 2432 ἀρχιερέως

2141 2447 2526 2516 στρατηγικῶν
2559 2450 2906 2517 πραγμάτων
2933 2450 3468 2521 ἀντιλαμϐάνεσθαι,
3509 2453 3596 2505 καὶ
3622 2453 3700 2504 τὸν

2141 2535 2240 2604 μὲν
2266 2529 2603 2606 τυραννικῶς
2632 2536 2853 2604 ἐξωθεῖν
2883 2540 2984 2608 τῆς
3017 2543 3218 2612 ἀρχῆς,
3245 2544 3344 2597 τδν
3373 2544 3431 2597 δὲ
3464 2543 3698 2596 ἀντεισά-

2139 2633 2282 2691 γειν,
2309 2629 2404 2681 καὶ
2429 2631 2777 2699 πραγμάτων
2806 2631 2901 2684 καὶ
2929 2634 3093 2700 φόνου
3115 2636 3209 2688 καὶ
3238 2633 3482 2704 ζημιῶν,
3514 2634 3700 2686 τούτων

2138 2722 2200 2790 δὴ
2223 2721 2336 2774 τῶν
2365 2722 2423 2773 ἐν
2443 2723 2566 2783 ταῖς
2591 2721 2914 2791 ἐναλλαγαῖς
2934 2725 3046 2778 τῶν
3068 2726 3253 2795 ἀρχῶν
3283 2744 3348 2779 συ
3357 2727 3695 2796 μϐαινόντων,

2140 2811 2316 2864 αἴτιον
2341 2811 2676 2869 δείκνυσθαι.
2711 2814 2786 2868 Οὐ
2819 2816 2928 2886 γὰρ
2973 2817 3065 2871 ἐπὶ
3118 2817 3311 2890 θρόνον
3355 2819 3518 2872 αὑτὸν
3560 2817 3700 2872 καθί-

2139 2903 2296 2964 ζουσι
2345 2906 2695 2974 τυραννικὸν,
2743 2907 2860 2961 ἀλλ’
2901 2910 2995 2962 ἐπὶ
3034 2910 3224 2981 θρόνον
3278 2912 3568 2983 ἱερατικὸν,
3614 2912 3697 2964 καὶ

2140 2997 2421 3048 Δεσπότου
2456 2999 2662 3065 πραέος
2698 2999 2794 3053 καὶ
2843 3001 3066 3073 εἰρήνην
3093 3004 3432 3071 διδάξαντος.
3483 3007 3583 3059 Καὶ
3627 3002 3701 3055 δεῖ

2141 3086 2334 3142 τοῦτον
2365 3091 2431 3143 ἐκ
2457 3092 2659 3156 παντὸς
2689 3094 2894 3165 τρόπου
2927 3097 3238 3164 μιμεῖσθαι,
3277 3097 3372 3150 καὶ
3412 3098 3582 3165 λόγοις
3611 3097 3694 3148 ἑ...

469 3183 737 3254 Deinceps
767 3187 892 3256 quid
924 3187 1012 3243 ille
1041 3189 1260 3244 molitus
1291 3192 1416 3246 est?
1445 3184 1526 3247 An
1560 3193 1702 3262 quod
1736 3195 1787 3248 in
1825 3195 2032 3264 legibus

2146 3181 2240 3232 καὶ
2274 3181 2612 3252 πράγμασιν.
2641 3183 2941 3240 Ἔπειτα...
2973 3187 3113 3259 ὅπερ
3147 3188 3452 3260 είργαστο;
3492 3191 3568 3243 ὅτι
3597 3190 3698 3247 τοῖς

471 3279 676 3333 divinis
705 3279 1000 3348 perdurare
1033 3283 1445 3348 adhortabatur,
1486 3299 1591 3340 non
1625 3299 1655 3339 a
1703 3287 2038 3356 principibus

470 3368 905 3433 desitiscendum,
938 3384 1074 3439 quos
1092 3371 1255 3425 veluti
1291 3388 1320 3424 a
1352 3372 1462 3427 Deo
1495 3385 1771 3443 promatos
1797 3387 2034 3428 exoscu-

469 3461 685 3515 landnm
709 3477 829 3518 esse
859 3462 1130 3518 docebat?
1156 3464 1218 3519 Et
1242 3473 1419 3520 tamen
1443 3467 1494 3520 in
1521 3466 1650 3535 quid
1680 3465 1824 3520 aliud
1857 3464 1930 3520 illi
1958 3466 2040 3519 in-

466 3554 826 3608 cnmbendum
879 3565 1019 3614 erat.
1041 3556 1130 3609 cui
1182 3555 1485 3611 mortalium
1533 3557 1726 3612 animae
1749 3571 1843 3626 per
1871 3555 2041 3612 Deum

467 3656 624 3699 erant
648 3645 972 3702 concreditae
991 3647 1016 3700 ἵ
1036 3647 1389 3702 Nihilominus
1421 3647 1529 3714 ille,
1547 3649 1648 3703 hoc
1671 3647 1834 3704 modo
1861 3647 2043 3718 dispo-

468 3733 754 3800 sizusJere
780 3736 1004 3807 singulis
1029 3738 1186 3792 annis
1216 3738 1284 3793 ab
1304 3739 1438 3794 urbe
1467 3740 1724 3794 recedere
1756 3740 1964 3802 volebat
1987 3749 2042 3794 et

469 3826 522 3878 in
560 3827 791 3892 patriam
823 3829 1196 3894 reverti,forte
1227 3839 1286 3884 ut
1317 3845 1412 3885 nos
1432 3841 1611 3886 nostra
1638 3846 2035 3886 accuraremus.

474 3915 580 3969 Sed
618 3933 792 3988 neque
825 3921 924 3974 hac
961 3921 1170 3975 ratione
1215 3921 1356 3989 passi
1386 3923 1540 3977 estis.
1585 3922 1663 3977 Ita
1692 3930 1873 3978 mente
1901 3937 2032 3977 non-

470 4012 604 4064 nulli
637 4012 841 4078 pradili
871 4023 1040 4080 ,sunt,
1086 4028 1207 4082 quae
1252 4029 1374 4068 cum
1408 4014 1651 4081 quolibet
1681 4015 2034 4068 mutationem

471 4103 739 4158 subeunte
789 4119 910 4159 sese
945 4105 1194 4159 immutat
1239 4117 1294 4161 et
1329 4109 1517 4161 variat.
1559 4106 1663 4160 Sed
1713 4107 1810 4176 qui
1833 4105 2032 4161 similia

471 4193 774 4260 proferunt,
825 4197 1089 4250 rationem
1128 4198 1312 4251 animo
1342 4200 1564 4266 agitent,
1618 4213 1723 4267 qua
1757 4211 1819 4251 ea
1865 4212 2036 4251 enun-

471 4289 649 4354 ti.mt;
680 4301 780 4342 nos
815 4304 941 4343 vero
987 4291 1054 4342 ad
1089 4288 1423 4360 propositum
1466 4297 1822 4344 revertamur.

2147 3270 2242 3323 τοῦ
2280 3271 2416 3326 Θεοῦ
2467 3274 2654 3343 νόμοις
2699 3276 2963 3346 ἐμμένειν
3010 3279 3264 3351 παρῄνει,
3314 3284 3406 3337 καὶ
3437 3281 3532 3350 τὴν
3560 3278 3698 3332 εὐσέ-

2148 3365 2304 3418 ϐειαν
2339 3367 2688 3422 συνεϐούλευε
2741 3372 2816 3440 μὴ
2867 3372 3172 3442 προέσθαι;
3227 3375 3314 3429 ὅτι
3364 3376 3438 3446 μὴ
3487 3372 3699 3435 κατεξει·

2149 3456 2433 3509 νὲστασθαι
2462 3456 2572 3511 τῶν
2602 3459 2902 3529 ἀρχόντων,
2944 3462 3080 3516 ἀλλὰ
3121 3463 3350 3528 τούτους
3377 3467 3453 3527 ὼς
3493 3466 3553 3516 ὲκ
3576 3459 3696 3514 Θεοῦ

2149 3547 2557 3617 πρ’,6).ηθὲντας
2606 3551 2858 3604 ἐδίδασκε
2894 3553 3180 3624 στέργεινς
3227 3557 3326 3608 καὶ
3377 3555 3431 3608 τί
3478 3571 3538 3620 γε
3581 3550 3698 3604 ἀλλο

2149 3640 2429 3710 προσῆκεν
2458 3642 2669 3714 ἐκείνῳ,
2703 3645 2880 3714 ψυχὰς
2909 3647 3216 3718 ἀνθρώπων
3253 3649 3391 3720 πρὸς
3427 3644 3557 3699 Θεοῦ
3586 3657 3696 3695 πισ-

2147 3731 2392 3786 τευθέντι
2413 3751 2427 3799 ;
2448 3733 2647 3804 Ὅμως
2665 3737 2874 3800 ἐκεῖνος
2901 3739 2996 3791 καὶ
3017 3737 3190 3802 οὕτως
3218 3739 3359 3808 ἔχων
3378 3739 3459 3806 ἐφ’
3483 3738 3694 3790 ἑκάστου

2148 3822 2334 3892 σχεδὸν
2369 3823 2527 3887 ἔτους
2571 3826 2724 3895 ἠξίου
2782 3829 2881 3898 τὴν
2925 3828 3081 3881 πόλιν
3121 3830 3412 3883 ἀπολιπεῖν
3445 3828 3536 3879 καὶ
3572 3824 3694 3892 πρὸς

2144 3915 2244 3985 τὴν
2267 3916 2640 3987 ἐνεγκαμένην
2664 3918 2943 3986 γενέσθαι,
2979 3919 3110 3983 ἴσως
3136 3921 3204 3972 ἵν’
3230 3923 3395 3989 ἡμεῖς
3421 3919 3557 3988 ὑπὲρ
3577 3919 3693 3968 ἐαυ-

2143 4005 2254 4057 τῶν
2285 4007 2677 4077 φροντίσωμεν.
2716 4009 2858 4061 Ἀλλ’
2883 4009 2992 4062 οὐδ’
3023 4011 3192 4074 οὔτως
3221 4009 3525 4082 ὴνεὶχεσθε.
3550 4005 3691 4060 οὕτω

2144 4096 2373 4167 γνώμης
2427 4098 2572 4163 τινὲς
2624 4103 2998 4171 τετυχήκεσαν
3053 4103 3190 4174 πρὸς
3251 4107 3364 4157 πᾶν
3419 4100 3588 4155 ὁτιοῦν
3635 4095 3690 4148 τὸ

2147 4188 2378 4256 τρεπτὺν
2419 4190 2761 4260 κεκτημένης
2807 4194 2900 4245 καὶ
2954 4191 3548 4262 συμμεταϐαλλομένης
3592 4185 3693 4244 τθῑς

2147 4282 2358 4348 καιροῖς
2385 4281 2472 4332 καὶ
2498 4283 2606 4342 τοῖς
2638 4282 2983 4352 πράγμασιν.
3023 4283 3167 4336 Ἀλλ’
3189 4287 3238 4336 oi
3271 4286 3370 4354 μὲν
3393 4283 3458 4334 τά
3488 4274 3694 4332 τοιαῦτα

2149 4372 2326 4438 λέγειν
2367 4371 2682 4442 ὁρμώμενοι
2721 4374 3033 4443 λογίσαιντό
3073 4392 3276 4430 ποτε...
3319 4376 3478 4447 ἡμεῖς
3513 4371 3568 4423 δὲ
3595 4365 3690 4419 τῶν

2151 4465 2527 4533 προκειμένων
2547 4465 2802 4535 ἐχόμεθα.

544 4557 598 4608 tl.
649 4553 784 4611 Cum
835 4571 964 4611 vero
1014 4557 1117 4613 alia
1154 4572 1317 4628 atque
1347 4559 1451 4614 alia
1503 4561 1641 4622 vice,
1691 4554 1838 4627 quod
1872 4572 2033 4627 supra

2221 4555 2286 4610 θ’.
2324 4555 2546 4624 Πρῶτον
2579 4557 2674 4608 καὶ
2717 4556 2973 4628 δεύτερον
3009 4559 3036 4612 ὁ
3073 4557 3372 4629 Μουράτης
3411 4547 3687 4623 πεπραχὼς

473 4653 1048 4717 ι·‹ιιιιιηειηοτονίιιιιιε,
1085 4655 1326 4708 Murates
1379 4653 1703 4724 peregisset,
1748 4652 2040 4720 missisque

479 4762 600 4799 rum
631 4746 844 4816 sagittis
883 4749 936 4801 in
973 4747 1163 4801 urbem
1196 4746 1442 4816 plurimis
1477 4743 1697 4808 litteris,
1735 4745 1946 4808 eadem,
1987 4753 2043 4798 et

481 4840 643 4895 simili
670 4840 1048 4911 jurejurando,
1074 4840 1514 4895 denuntiantibus
1537 4851 1599 4892 ac
1622 4836 2041 4899 stabilientibus,

477 4935 610 4987 nihil
663 4935 954 5002 proliceret
984 4932 1183 5003 (neque
1215 4932 1359 4986 enim
1395 4930 1621 4984 facultas
1655 4937 1770 4983 erat
1811 4928 2044 4993 civibus,

474 5027 692 5084 etiamsi
727 5026 1054 5090 voluissent,
1084 5024 1426 5087 Latinorum,
1461 5031 1517 5075 ct
1538 5023 1850 5091 praedonum
1873 5019 2043 5091 potis-

472 5121 672 5174 simum
707 5118 1030 5172 adstantium
1055 5115 1582 5184 custodientiumqne
1611 5121 1780 5176 metu,
1805 5126 1897 5166 sua
1921 5125 2047 5165 sen-

484 5214 654 5267 tentia
689 5212 956 5280 intrepide
982 5211 1105 5276 uti),
1143 5209 1208 5262 ad
1245 5210 1440 5262 bellum
1488 5208 1688 5262 invitus
1715 5205 2040 5273 accingitur,

486 5322 591 5358 non
636 5313 844 5357 tantum
877 5301 1218 5357 contumacia
1248 5310 1409 5370 atque
1437 5299 1784 5354 contentione
1829 5296 2045 5350 inhabi-

2150 4648 2289 4716 ὅπερ
2320 4648 2663 4718 εἰρήκειμεν,
2693 4650 2786 4702 καὶ
2817 4651 3122 4720 γράμματα
3150 4654 3262 4715 τοῖς
3291 4651 3469 4721 βέλεσι
3495 4657 3684 4707 usual”

2152 4737 2265 4805 φὼς
2297 4737 2445 4800 ἐντὸς
2491 4731 2740 4805 πλεῖστα,
2782 4743 2896 4803 τοῖς
2942 4742 3127 4804 αὐτοῖς
3168 4742 3352 4812 ὅρκοις
3399 4738 3488 4792 καὶ
3531 4731 3686 4786 ταῦτα

2152 4830 2486 4898 συνδούμενα
2534 4831 2629 4882 καὶ
2684 4833 2751 4885 τὰ
2798 4833 2940 4885 αὐτὰ
2983 4833 3408 4900 διαγγέλλοντα.
3455 4829 3526 4890 ὡς
3572 4825 3684 4893 flim

2150 4923 2309 4976 πλέον
2339 4926 2492 4977 οὐίὲν
2523 4923 2606 4992 (οὐ
2657 4925 2765 4993 γάρ
2813 4925 2942 4994 ἐξῆν
2998 4924 3346 4995 βουλομένοις
3389 4904 3506 4982 ἑοῖς
3533 4920 3588 4969 ἐν
3625 4910 3682 4977 τῇ

2152 5018 2302 5068 πόλει
2331 5018 2408 5087 τῷ
2444 5017 2550 5069 τῶν
2587 5017 2834 5070 Λατίνων
2880 5016 3008 5079 δέει,
3042 5019 3136 5070 καὶ
3177 5018 3410 5084 μάλιστα
3438 5014 3535 5063 τῶν
3564 5022 3684 5070 cui“

2151 5112 2579 5177 παρισταμένων
2615 5109 2798 5170 αὐτοῖς
2824 5109 2918 5161 ἐπὶ
2946 5111 3160 5179 φυλακῇ
3198 5108 3430 5180 λῃστῶν,
3461 5104 3522 5171 τῇ
3551 5108 3682 5161 σφων

2152 5202 2322 5264 ἀδεῶς
2347 5202 2656 5270 χρήσασθαι
2682 5205 2919 5271 γνώμῃ),
2946 5202 3206 5270 τρέπεται
3246 5201 3353 5252 τότ’
3377 5199 3433 5260 ἐξ
3468 5191 3682 5254 ἀνάγκης
3744 5271 3750 5277 _

2151 5296 2242 5346 ἐπὶ
2271 5296 2330 5346 τὸ
2365 5297 2641 5364 πολεμεῖν,
2668 5294 2790 5347 οὐδὲ
2819 5295 2939 5347 τότε
2978 5295 3228 5348 τοσοῦτον
3279 5294 3385 5348 ἀπὸ
3414 5289 3507 5355 τῆς
3547 5285 3680 5334 ἀπει-

485 5399 722 5451 tautium
753 5405 932 5450 motus
953 5402 1210 5464 quantum
1237 5393 1543 5447 istiusmodi
1574 5402 1853 5444 successu.
1879 5387 2040 5441 Navis

2152 5385 2302 5447 θείας
2332 5385 2442 5438 τῶν
2477 5384 2626 5437 ἔνδον
2665 5385 2882 5453 καὶτῆς
2923 5385 3225 5447 ὲνστάσεως
3257 5385 3377 5437 ὅσον
3403 5383 3466 5432 ἑκ
3490 5383 3678 5427 τούτουο

482 5499 704 5559 rcpcnte
733 5487 1044 5556 comparuit
1066 5485 1281 5548 Latina,
1318 5482 1587 5536 frumento
1606 5488 1822 5542 onusta,
1854 5479 1920 5531 ad
1951 5492 2046 5531 ur-

476 5581 599 5634 hom
661 5579 895 5650 indigam
929 5578 1286 5646 adnavigans.
1322 5574 1514 5626 Statim
1547 5581 1708 5640 atque
1739 5585 1856 5624 eam
1885 5570 2041 5635 vidit,

479 5673 794 5743 suspicatur
839 5672 1024 5741 cepias
1053 5671 1346 5725 auxiliares
1375 5674 1429 5720 et
1458 5680 1611 5719 arma
1638 5678 1734 5732 pro
1765 5661 2046 5717 bellatori-

480 5763 584 5818 bus
631 5763 795 5828 vehi;
831 5763 1003 5832 deque
1036 5759 1261 5813 victoria
1311 5756 1522 5820 duhius,
1571 5755 1614 5809 si
1646 5755 2045 5809 commilitones

2160 5476 2358 5538 Ὀλκὰς
2389 5476 2562 5546 ἐφάνη
2602 5493 2686 5538 τις
2715 5474 2974 5545 ἐξαπίνης
3017 5473 3283 5542 Λατινικὴ
3333 5476 3472 5524 σῖτον
3508 5465 3679 5532 ἔχουσα

2151 5571 2346 5638 φόρτον
2368 5569 2462 5621 καὶ
2492 5569 2792 5638 κομίζουσα
2810 5569 2999 5622 τοῦτον
3025 5569 3132 5640 [ἐν]
3151 5571 3216 5638 τῇ
3243 5568 3389 5622 πόλει
3407 5553 3675 5633 χρῃξοῦσῐλο

2149 5664 2212 5715 Οἱ
2239 5661 2285 5713 δ’
2314 5662 2665 5716 ὑπετόπασαν
2713 5663 2917 5731 ταύτην
2963 5663 3160 5726 ίδόντες
3208 5661 3518 5731 συμμάχους
3554 5646 3678 5715 ἔχειν

2153 5755 2246 5807 καὶ
2271 5753 2409 5807 ὅπλα
2440 5755 2528 5807 6ιά
2561 5755 2653 5807 τὸν
2702 5755 2960 5823 πόλεμον.
3003 5756 3098 5807 καὶ
3145 5753 3374 5811 δεδιότες
3405 5745 3498 5814 τὴν
3529 5733 3675 5808 ἧτταν

483 5859 985 5920 introducerentur,
1042 5852 1165 5908 tntis
1209 5849 1510 5906 conandum
1562 5861 1680 5903 esse
1731 5847 1938 5903 viribus
1993 5857 2040 5902 et

2154 5847 2474 5917 συμμαχίας
2508 5849 2598 5900 ἐπὶ
2643 5848 2744 5915 τὴν
2781 5848 2936 5900 πόλιν
2967 5845 3246 5910 ἐλθούσης,
3279 5843 3370 5906 ὅλη
3399 5838 3500 5891 δεῖν
3530 5834 3674 5894 lim”
