3990 6554
378 386 477 452 ϐίίι

1401 395 1494 454 DE
1539 397 1706 456 EXCI
1725 399 1852 458 DIO
1891 400 2177 460 THESSA
2191 400 2333 461 [ΟΝ
2349 400 2596 462 ICENSI

3505 397 3618 460 ι’οὲ

379 506 694 576 χρήσασθαι
720 507 783 575 τῇ
820 505 1022 559 τούτων
1044 509 1270 578 δυνάμει
1304 513 1394 563 καὶ
1424 516 1549 582 περὶ
1583 514 1648 567 τὰ
1680 516 1950 584 πολεμικά

2084 515 2384 572 militaribus
2417 518 2630 572 artibus
2671 515 3111 585 pertentandum,
3147 520 3438 581 antequam
3470 514 3626 566 uaris

381 600 551 672 τέχνῃ
576 600 706 668 πρὶν
741 600 839 669 τὴν
883 601 1083 655 ὁλκάδα
1122 603 1578 672 καθορμισθῆναι.
1615 606 1826 674 Μικρὸν
1857 607 1958 675 μὲν

381 687 478 744 οῦν
500 692 786 763 πρότερον,
815 692 901 746 ὅτε
930 695 1025 746 καὶ
1046 695 1172 756 τοὺς
1202 697 1451 764 κήρυκας
1475 695 1745 766 ἔπεμπεν.
1765 699 1960 754 ὑπεισ-

385 782 663 852 ερχὸμενοι
696 783 759 835 τὸ
788 783 1152 854 προτείχισμα
1188 786 1354 854 μέρος
1409 787 1519 841 τῶν
1579 789 1962 858 πολεμούντων

386 874 527 942 ἀωρὶ
553 873 660 927 τῶν
694 876 928 942 νυκτῶν,
958 877 1053 930 καὶ
1092 876 1246 930 τοῦθ’
1285 878 1687 948 ὑπορύττοντες
1721 883 1778 935 ὲν
1805 881 1962 954 ἀδείᾳ

386 963 532 1033 (οὔτε
562 967 669 1032 γὰρ
701 967 788 1020 ιπ’
829 968 976 1032 αύτῷ
1006 968 1250 1036 φύλακες
1295 964 1459 1039 ἦσαν,
1506 971 1607 1025 οὐκ
1638 973 1962 1041 ἀρκούντων

389 1055 495 1107 τῶν
526 1055 696 1121 ἔνδον,
746 1057 859 1110 οὔτ’
907 1058 1134 1124 ἐξωθεῖν
1177 1060 1374 1122 αὐτοὺς
1424 1063 1573 1132 εἶχεν
1619 1063 1799 1126 οὐδεὶς
1847 1063 1959 1117 οὐδ’

389 1147 854 1208 5πωσοῦν,τούτου
888 1149 1399 1220 προ6ε6).ημένου);
1435 1154 1607 1208 πολλὰ
1643 1155 1834 1208 τούτου
1865 1171 1964 1208 κα-

384 1236 666 1291 τέσπασαν
695 1241 776 1302 είς
807 1239 1003 1310 έδαφος
1031 1242 1194 1312 μέρη,
1227 1240 1357 1296 ὥστ’
1379 1245 1524 1314 ἔχειν
1552 1245 1779 1298 εἰσιέναι
1809 1261 1963 1314 παμ-

389 1329 615 1397 πληθεῖς
654 1333 714 1384 ἑν
740 1331 817 1400 τῷ
853 1333 1059 1400 μεταξὺ
1087 1334 1196 1387 τῶν
1240 1336 1439 1406 τειχῶν
1483 1337 1654 1403 τόπῳ,
1687 1337 1964 1404 κλίμακάς

391 1437 452 1471 τε
486 1422 801 1490 εἰσκομίσαι
836 1422 954 1492 μετ’
997 1424 1305 1495 εὐχερείας,
1345 1427 1440 1478 καὶ
1468 1426 1694 1489 ταύταις
1730 1428 1791 1480 τὸ
1821 1428 1961 1495 μέγα

393 1514 571 1581 τεῖχος
595 1514 952 1584 ἐπαναϐῆναι.
980 1515 1221 1586 Βάσιμον
1251 1514 1344 1569 οῦν
1372 1517 1432 1570 τὸ
1461 1518 1564 1584 ἔξω
1594 1519 1965 1588 πεποιήκεσαν

395 1603 743 1674 διατείχισμα
798 1606 989 1660 τοῦτον
1033 1607 1124 1661 τὸν
1173 1609 1395 1676 τρόπον,
1444 1611 1541 1662 καὶ
1597 1610 1697 1677 τῆς
1742 1609 1964 1676 τοξικῆς

399 1694 660 1758 πολλάκις
693 1697 793 1764 τῆς
837 1697 1072 1768 ἡμέρας,
1104 1698 1240 1752 ἀλλά
1280 1700 1344 1770 δὴ
1384 1701 1479 1753 καὶ⁵
1520 1701 1618 1771 τῆς
1645 1702 1839 1765 νυκτὸς
1864 1704 1964 1756 οὐκ

399 1786 657 1852 ἢμέλουν,
689 1789 785 1842 τοῦ
829 1790 1030 1861 μικροῦ
1061 1791 1273 1862 τείχους
1311 1793 1397 1845 ὅτε
1430 1794 1570 1862 πρδς
1613 1795 1966 1849 κατάπτωσιν

395 1877 564 1947 ⁴ῇεειςιν
590 1895 606 1912 ·
637 1879 755 1958 πῶς
788 1881 897 1952 γάρ
932 1881 997 1935 ἂν
1029 1882 1151 1952 ἔχον
1183 1884 1327 1951 μετὰ
1359 1883 1604 1947 πλείονος
1640 1885 1967 1956 ὑπορύττειν

396 1968 581 2031 ἀδείας
619 1970 774 2032 αὐτὸ,
817 1973 944 2036 τοὺς
972 1973 1069 2027 ἐπὶ
1107 1973 1202 2027 τοῦ
1251 1974 1497 2044 μείζονος
1540 1975 1755 2045 τείχους
1799 1977 1847 2030 εί
1893 1977 1966 2048 μὴ

397 2062 508 2121 τοῖς
547 2061 756 2128 βέλεσιν
792 2064 1056 2133 ἀπεῖργον
1097 2063 1173 2135 μὴ
1221 2065 1347 2121 κατ’
1380 2066 1560 2120 αὐτῶν
1605 2069 1711 2135 καὶ,
1746 2068 1969 2132 τούτους

401 2152 833 2224 ὁμοίως’χίι›ρεῖν
868 2157 964 2208 καὶ
994 2155 1064 2209 τὰ
1107 2157 1469 2227 παραπλήσια
1499 2158 1667 2227 δρᾷν;
1699 2159 1846 2228 Πλὴν
1875 2164 1970 2214 καὶ

399 2243 573 2306 οὕτως
605 2245 717 2297 οὐδ’
747 2246 911 2314 ⁴ίιμεῖς
953 2244 1266 2316 ὴμελοῦμεν
1304 2246 1397 2300 τοῦ
1428 2249 1572 2301 κατὰ
1609 2248 1842 2318 δύναμιν
1875 2249 1936 2318 ἔρ

401 2343 523 2404 γου.
560 2337 728 2390 Πλέον
761 2338 816 2391 δὲ
857 2338 966 2390 τῶν
1002 2338 1177 2392 ἀλλων
1210 2338 1500 2420 ἐχρώμεθα
1552 2341 1618 2410 τῇ
1660 2340 1972 2414 καλουμένῃ

404 2429 598 2494 σκευῇ,
633 2421 704 2498 ἦς
723 2421 858 2498 ἦχον
888 2427 987 2498 μὲν
1015 2428 1290 2498 ἠκούομεν
1322 2429 1502 2498 μόνον,
1546 2431 1706 2500 ἔργον
1733 2431 1785 2484 δὲ
1822 2433 1974 2486 οὐδέ-

403 2519 522 2571 ποτ’
552 2520 764 2588 εἴδομέν
789 2538 843 2574 τι
872 2521 1143 2591 λαμπρὸν,
1174 2522 1269 2574 καὶ
1299 2523 1472 2575 ταῦτα
1507 2522 1714 2592 πολλῆς
1753 2525 1810 2576 ἐν
1839 2526 1974 2595 ἡμῖν

402 2606 571 2676 οῦσης
607 2609 704 2678 τῆς
730 2609 1144 2682 ἐσκευασμένης
1176 2610 1426 2681 βοτάνης,
1461 2612 1697 2676 ἀφειδῶς
1734 2630 1793 2667 τε
1833 2616 1975 2668 κατὰ

405 2701 588 2754 πάντα
615 2701 804 2771 καιρὸν
835 2703 1288 2774 ἀναλισκομένης.

483 2792 534 2848 ι’.
566 2794 728 2848 Ταῦτ’
767 2794 860 2848 οῦν
895 2796 984 2848 ἐπὶ
1014 2797 1194 2867 τρισὶν
1226 2793 1368 2868 ἦσαν
1413 2800 1650 2869 ἡμέραις
1692 2801 1980 2870 γινόμενα.

406 2885 519 2939 Καὶ
552 2886 856 2955 τηνικαῦτα
889 2887 951 2955 δή
985 2905 1129 2951 τινες
1158 2889 1213 2941 έν
1243 2907 1351 2942 τισι
1382 2890 1490 2943 τῶν
1523 2892 1716 2961 τειχῶν
1754 2893 1978 2961 μέρεσιν

407 2977 607 3042 ἔξωθεν
654 2980 784 3051 περὶ
843 2979 1014 3051 μέσας
1059 2980 1257 3044 νύκτας
1319 2982 1510 3046 ίὸντες,
1557 2984 1655 3052 τῆς
1703 2984 1979 3056 ἡμετέρας

407 3071 697 3141 κηδόμενοι
749 3073 1058 3143 σωτηρίας.
1110 3075 1291 3128 πᾶσαν
1345 3076 1478 3145 ἡμῖν
1542 3075 1678 3145 πρὸς
1725 3076 1974 3145 ,πόλεμον

2064 607 2115 661 in
2151 616 2364 674 portum
2413 623 2534 663 sese
2579 608 2830 678 recipiat,
2884 607 3148 662 decernit.
3208 605 3376 658 Paulo
3410 619 3626 671 quoque

2062 709 2210 760 ante.
2249 715 2371 756 cum
2409 715 2688 770 praecones
2742 701 3005 765 mitteret,
3057 697 3298 753 hostium
3350 711 3542 750 manus
3571 696 3626 749 in

2061 792 2387 848 exteriorem
2413 807 2626 848 murum
2653 792 2792 848 clam
2821 792 3066 858 irrepens
3089 797 3251 846 nocte
3277 788 3624 855 intempesta,

2060 899 2298 956 eumque
2324 901 2421 954 pro
2451 893 2585 941 nutu
2634 883 2933 940 suﬂ‘odiens
2960 884 3159 949 (neque
3199 879 3347 935 enim
3374 877 3627 933 custodes

2062 979 2312 1042 adﬂant,
2331 978 2633 1034 imminutis
2649 975 3073 1039 habitatoribus,
3094 982 3149 1030 et
3169 974 3260 1042 qui
3285 971 3429 1026 intus
3451 977 3631 1033 erant,

2062 1082 2159 1124 eos
2187 1068 2335 1124 foras
2370 1067 2593 1137 pellere,
2634 1083 2760 1124 cum
2803 1066 2949 1122 obvii
2980 1065 3372 1131 obiicerentur,
3408 1060 3632 1114 minime

2061 1160 2340 1228 valebant)
2365 1161 2630 1229 potiorem
2660 1142 2804 1214 illius
2825 1167 3032 1227 partem
3061 1156 3114 1211 in
3137 1155 3313 1211 solum
3338 1151 3633 1220 disiecere,

2062 1260 2121 1304 ut
2154 1251 2268 1318 iam
2311 1251 2498 1308 aditus
2538 1249 2957 1319 quamplurimis
2981 1248 3035 1302 in
3071 1245 3306 1301 medium
3345 1243 3486 1296 inter
3517 1255 3635 1294 mu-

2068 1357 2157 1396 ros
2176 1342 2414 1412 spatium
2437 1351 2667 1411 pateret.
2692 1342 2997 1410 liceretque
3021 1347 3136 1393 tuto
3160 1337 3342 1393 scalas
3372 1333 3632 1389 invehere

2065 1442 2117 1484 et
2162 1449 2414 1506 magnum
2451 1449 2668 1490 murum
2715 1433 3012 1488 ascendere
3052 1429 3400 1499 (exteriorem
3451 1426 3635 1494 itaque

2066 1543 2279 1580 murum
2314 1527 2610 1588 hocmodo
2645 1527 2888 1596 pervium
2925 1525 3030 1580 sibi
3059 1522 3297 1589 fecere);
3361 1529 3417 1574 et
3438 1517 3637 1586 sa-pius

2067 1616 2302 1670 interdiu
2321 1616 2552 1686 sagittas
2574 1615 2876 1685 impellere,
2902 1628 2934 1667 ιι
2957 1626 3187 1682 quarum
3206 1610 3358 1680 jactu
3383 1622 3450 1663 ne
3472 1615 3635 1662 noctu

2067 1708 2288 1776 quidem
2324 1707 2628 1774 abstinere,
2654 1708 2783 1762 dum
2826 1707 2892 1759 ad
2925 1718 3152 1774 parvum
3188 1717 3402 1756 murum
3436 1700 3488 1755 in
3521 1699 3641 1768 pla-

2070 1816 2193 1853 num
2218 1798 2604 1854 ell'undendum
2643 1797 2964 1868 procedunt.
2989 1795 3105 1862 Quo
3125 1793 3328 1849 etenim
3369 1803 3527 1860 pacto
3551 1806 3637 1846 se-

2069 1905 2201 1944 cure
2236 1891 2387 1945 illum
2418 1889 2688 1946 suffodere
2723 1888 3046 1958 potuissent,
3083 1885 3135 1940 ni
3162 1887 3220 1940 in
3243 1882 3450 1950 majore
3475 1895 3640 1938 muro

2069 1991 2277 2036 stantes
2307 1981 2554 2036 homines
2580 1980 2776 2050 jaculis
2820 1977 3166 2046 impedirent,
3209 1991 3277 2029 ne
3306 1975 3428 2029 illos
3455 1972 3634 2027 adorti

2070 2074 2272 2130 similia
2298 2074 2766 2136 machinarentur,
2796 2081 2851 2126 et
2877 2067 3159 2124 facerent?
3183 2072 3433 2120 Attamen
3462 2079 3643 2133 neque

2071 2168 2174 2221 ista
2203 2167 2436 2228 ratione,
2467 2181 2533 2219 ne
2557 2179 2692 2234 opus
2719 2171 2960 2218 nostrum
2986 2175 3081 2230 pro
3105 2159 3312 2215 viribus
3336 2170 3647 2227 ageremus,

2072 2257 2386 2314 eﬁ'ecerunt.
2421 2257 2527 2310 Sed
2560 2264 2688 2310 ante
2701 2255 2817 2323 ,alia
2849 2267 2916 2309 eo
2946 2252 3234 2306 utebamur
3260 2249 3641 2310 instrumento,

2073 2350 2227 2418 cujus
2276 2347 2563 2417 strepitum
2623 2355 2832 2400 tantum
2892 2344 3123 2398 auribus
3179 2337 3640 2412 percipiebamus,

2073 2440 2273 2494 fartum
2305 2453 2456 2504 vero,
2489 2437 2631 2506 quod
2661 2435 2910 2504 equidem
2953 2433 3280 2488 innotuisset
3306 2465 3338 2497 ,.
3364 2442 3648 2498 nunquam

2075 2533 2325 2598 vidimus,
2376 2532 2500 2586 licet
2533 2529 2770 2597 pulveris
2816 2525 3108 2597 prmparati
3143 2523 3302 2592 copia
3336 2519 3640 2574 abundaret

2074 2632 2129 2676 et
2163 2619 2386 2690 largiter
2421 2617 2750 2690 profuseque
2777 2614 2927 2670 omni
2987 2621 3226 2680 tempore
3257 2608 3642 2662 insumeretur.

2149 2797 2239 2853 lO.
2291 2795 2414 2851 liene
2467 2793 2632 2864 igitur
2689 2791 2930 2847 triduum
2983 2787 3330 2858 gerebantur.
3385 2779 3645 2836 Nonnulli

2078 2882 2336 2956 deinceps
2384 2887 2438 2942 in
2499 2896 2756 2942 externas
2809 2881 2950 2936 muri
3011 2889 3194 2950 partes
3263 2883 3420 2932 nocte
3467 2871 3644 2927 media

2080 2979 2372 3050 progressi,
2429 2978 2496 3032 de
2556 2978 2730 3031 salute
2785 2983 2969 3029 nostra
2999 2967 3256 3033 solliciti,
3325 2965 3645 3021 universum

2079 3072 2377 3128 exercitum
2410 3071 2750 3140 peditesque,
2781 3066 2872 3136 qui
2930 3062 3193 3117 Muratem
3252 3057 3647 3128 sequebantur,

413 3162 867 3234 παρεσκευάσθαι
913 3165 1012 3233 τὴν
1045 3167 1306 3235 στρατιάν
1340 3166 1821 3236 προαγγέλλουσι-ι.
1857 3169 1980 3221 ὅσον

2084 3162 2150 3218 ad
2203 3163 2550 3234 pugnandum
2609 3173 2731 3215 esse
2810 3155 3190 3226 paratissimos
3247 3147 3634 3219 praenuntiant,

407 3272 470 3308 τε
510 3256 638 3325 περὶ
673 3257 764 3308 τὸν
813 3257 1110 3322 Μουράτην
1155 3258 1348 3322 πεζὸν,
1407 3260 1502 3312 καὶ
1556 3260 1654 3328 τῆς
1712 3260 1980 3330 τετάρτης

410 3348 627 3419 ἡμέρας
677 3348 1058 3420 διαυγασάσης
1088 3348 1377 3419 βούλεσθαι
1423 3350 1544 3404 καθ’
1575 3350 1730 3420 ἡμῶν
1758 3353 1856 3423 ὅλη
1889 3353 1982 3405 δυ-

410 3441 576 3508 νάμει
619 3441 1022 3512 κεχωρηκέναι,
1051 3442 1141 3495 καὶ
1174 3442 1249 3506 ὡς
1279 3441 1437 3495 πλοῖα
1477 3445 1981 3513 παρασκευάσειαν,

413 3535 512 3588 καὶ
542 3534 753 3597 τούτοις
795 3536 864 3589 ἵν’
901 3535 1134 3600 ἀπὸτοῦ
1167 3534 1309 3588 κατὰ
1343 3534 1614 3591 θάλατταν
1646 3535 1850 3605 μέρους
1881 3537 1986 3589 ίύν-

410 3643 507 3689 τες
550 3627 682 3694 πρὸς
734 3625 916 3685 διττὰς
974 3625 1358 3692 ἀναγκάσωσιν
1415 3627 1564 3695 ἡμᾶς
1621 3625 1986 3696 mxumam

415 3716 727 3785 φροντίδας.
769 3717 832 3769 Ὃ
861 3718 954 3769 καὶ
985 3717 1192 3787 σφόδρα
1227 3717 1322 3780 τὰς
1365 3717 1640 3788 ἡμετέρας
1672 3717 1852 3786 ψυχὰς
1879 3717 1990 3768 διε-

414 3809 621 3876 τάραξε
651 3807 745 3860 καὶ
773 3810 854 3870 είς
891 3809 1126 3878 ἀπορίαν
1176 3807 1430 3862 ἐνέϐαλεν
1471 3809 1624 3878 ὅσην,
1666 3808 1741 3871 ὡς
1785 3807 1988 3879 βλάϐην

413 3899 550 3968 ἡμῖν
580 3899 880 3970 δυνάμενον
906 3901 966 3952 ού
995 3900 1096 3970 τὴν
1129 3899 1398 3971 τυχοῦσαν
1439 3902 1764 3968 ἐπαγαγεῖν.
1797 3900 1988 3968 Δείλης

418 3988 710 4058 τοιγαροῦν
756 3991 987 4061 ταυτησὶ
1022 3991 1398 4060 γεγενημένης
1447 3990 1549 4059 τῆς
1585 3988 1867 4057 ἀγγελίας,
1896 3973 1998 4042 καί

419 4082 641 4134 πάντων
671 4083 830 4151 ἡμῶν
882 4083 940 4136 ἐν
982 4082 1306 4154 περιστάσει
1363 4083 1456 4136 καὶ
1503 4081 1790 4152 λογισμοῖς
1823 4083 1991 4136 ὄντων

422 4174 540 4235 πῶς
571 4173 636 4227 ἂν
664 4174 1046 4243 διατεθείημεν
1086 4175 1224 4246 πρὶς
1271 4176 1362 4228 τδν
1408 4176 1669 4246 πόλεμον,
1716 4178 1899 4246 πάσης
1932 4191 1991 4227 τε

423 4265 609 4334 σχεδὸν
637 4265 856 4333 ἡλικίας
882 4264 1048 4334 οῦσης
1095 4267 1152 4317 ἐν
1195 4265 1550 4338 ὲγρηγόρσει,
1596 4267 1811 4336 δεήσεις
1841 4267 1993 4320 ἐκτε-

421 4356 531 4416 νεῖς
561 4353 679 4424 Θεῷ
708 4354 801 4408 καὶ
829 4353 906 4423 τῷ
938 4351 1251 4424 μυροὸλύτῃ
1279 4355 1518 4422 μάρτυρι
1550 4353 1671 4406 καθ’
1700 4354 1829 4422 ὃλην
1855 4353 1996 4406 ὲκεί-

423 4463 519 4515 νην
554 4447 940 4516 προσαγόντων
968 4445 1068 4515 τὴν
1101 4444 1272 4498 νύκτα
1305 4444 1528 4516 (πάντες
1559 4444 1666 4516 γὰρ
1698 4445 1901 4516 ᾔδεσαν
1936 4448 1993 4498 ὲν

2085 3255 2378 3325 Statimque
2434 3263 2597 3323 atque
2624 3251 2738 3306 dies
2790 3258 3016 3320 quartus
3064 3245 3328 3310 illuxerit,
3390 3242 3652 3295 adversus

2087 3367 2185 3405 nos
2215 3349 2426 3404 cunctis
2448 3347 2652 3401 viribus
2697 3343 3096 3414 aggressionem
3154 3339 3456 3399 facturum;
3491 3343 3654 3384 naves

2086 3457 2301 3514 quoque
2360 3452 2714 3509 praeparasse,
2756 3435 2954 3505 quibus
3001 3447 3100 3502 per
3149 3443 3301 3510 ntare
3349 3428 3658 3493 irrumpens

2088 3533 2285 3604 duplici
2320 3548 2416 3587 nos
2472 3529 2720 3584 molestia
2775 3527 3080 3581 alllictaret.
3127 3522 3234 3576 Sed
3289 3517 3656 3584 maximopere

2090 3603 2327 3679 rationes
2386 3630 2599 3676 nostras
2667 3618 3036 3677 conturbavit,
3093 3621 3498 3681 suspensosque
3564 3605 3654 3657 diu

2091 3718 2264 3772 tenuit
2291 3715 2518 3778 animos,
2548 3723 2800 3782 tanquam
2831 3708 2975 3778 quod
3008 3708 3199 3773 ingens
3231 3707 3644 3770 apportaturum

2089 3815 2233 3860 esset
2257 3805 2497 3871 malum;
2559 3812 2615 3858 et
2664 3798 3013 3856 discruciatis
3071 3803 3291 3864 pectore
3341 3788 3650 3843 consistere

2090 3897 2303 3952 consilii
2353 3895 2490 3950 nihil
2550 3899 2780 3964 poterat.
2845 3889 2958 3945 Hoc
3020 3895 3244 3956 accepto
3309 3880 3518 3937 nuntio-
3564 3875 3666 3932 sub

2090 4004 2394 4060 vesperam,
2431 4003 2555 4042 cum
2599 3983 2768 4039 variis
2831 3979 3250 4037 necessitatibus
3309 3985 3654 4043 urgeremur,

2092 4082 2628 4149 distraheremurque
2680 4073 3133 4131 sollicitudinibus
3198 4083 3305 4138 quo
3357 4065 3535 4137 pacto}
3559 4075 3660 4115 nos

2095 4176 2148 4227 in
2183 4172 2320 4228 bello
2363 4182 2698 4241 gereremus,
2726 4173 2781 4220 et
2804 4164 2981 4220 omnis
3030 4161 3303 4216 hominum
3353 4165 3486 4210 uetas
3553 4150 3670 4206 evi-

2093 4266 2306 4338 gilaret,
2361 4276 2548 4334 preces
2604 4259 2714 4316 Deo
2769 4267 2826 4314 et
2893 4253 3208 4326 myroblytae
3281 4246 3533 4338 martyri
3575 4257 3670 4338 per

2097 4335 2264 4411 tutam
2299 4356 2444 4410 illam
2476 4362 2687 4409 noctem
2752 4349 3106 4409 elIundimus,
3153 4345 3444 4399 imminens
3492 4335 3667 4405 siqui-

2098 4450 2218 4502 dem
2251 4444 2545 4516 periculum
2579 4450 2899 4510 certumque
2933 4449 3060 4493 ante
3095 4434 3284 4490 oculos
3317 4438 3458 4487 erat.
3487 4427 3666 4481 Latini

424 4535 541 4606 χρῷ
591 4535 687 4589 τοῦ
734 4536 983 4589 κινδύνου
1031 4535 1476 4608 καθεστηκέναι),
1508 4537 1559 4590 οἱ
1603 4538 1823 4589 Λατῖνοι
1873 4538 1980 4606 περ

2100 4553 2229 4594 vero
2281 4544 2489 4608 partem
2555 4534 2756 4588 littoris
2823 4531 3118 4602 pendentes
3180 4524 3426 4588 tuaximi,
3500 4519 3670 4574 trium

426 4627 623 4681 πολλοῦ
669 4627 729 4679 τὸ
771 4628 865 4680 τοῦ
898 4627 1146 4695 αίγια).οῦ
1198 4626 1514 4697 ποιούμενοι
1559 4627 1724 4698 μέρος
1763 4627 1849 4680 διὰ
1899 4630 1995 4686 τὰς

423 4722 572 4790 τρεῖς
603 4718 658 4772 αῖ
690 4720 943 4788 παρῆσαν
969 4721 1034 4788 τῇ
1066 4719 1216 4771 πόλει
1237 4719 1507 4788 τριήρεις,
1537 4718 1613 4790 μὴ
1642 4719 1813 4789 πυρδς
1836 4718 1997 4788 ἔργον

425 4811 625 4872 ταύτας
668 4809 912 4872 ἐλθόντες
957 4810 1006 4862 οί
1053 4808 1288 4878 Τοῦρκοι
1337 4798 1630 4880 ποιήσωσι,
1681 4811 1807 4872 τοὺς
1845 4809 1998 4879 σφῶν

424 4902 670 4968 τοξότας,
704 4902 1141 4972 μεμερισμένους
1175 4901 1335 4964 ὄντας
1368 4903 1462 4954 ἐπὶ
1493 4900 1707 4970 φυλακῇ
1736 4901 1845 4954 τῶν
1891 4918 1998 4955 τει-

427 4993 558 5063 χῶν,
589 4993 970 5063 ὑπαναχωρεῖν
1016 4993 1213 5055 αὐτοὺς
1266 4992 1572 5062 περιιόντες
1622 4991 1997 5061 ἐπέσκηπτον,

426 5083 536 5136 rth
561 5083 736 5138 ἄλλων
762 5085 858 5154 τὴν
883 5085 1074 5154 σκέψιν
1102 5085 1306 5152 ταύτην
1339 5085 1413 5155 μὴ
1438 5085 1839 5152 γινωσκόντων,
1874 5087 2002 5156 μηδ’

428 5177 566 5246 ὅπερ
616 5175 844 5240 ἐκείνοις
890 5175 1064 5244 ὴάπὸ
1113 5175 1220 5228 τῶν
1259 5175 1455 5245 τειχῶν
1506 5175 1756 5246 βούλεται
1792 5177 2004 5245 ἀναχώ-

434 5283 613 5336 ρησις.
663 5267 725 5320 El
771 5268 879 5335 γὰρ
904 5267 1161 5338 καθαρῶς
1207 5266 1478 5335 ἐγύμνουν
1529 5268 1589 5320 τὸ
1629 5270 1880 5338 πρᾶγμα,
1927 5269 2003 5332 ὡς

432 5360 522 5408 ἐπὶ
550 5354 764 5426 φυλακῇ
795 5356 888 5408 τοῦ
915 5357 1137 5426 λιμένος
1172 5355 1264 5408 καὶ
1287 5356 1394 5406 τῶν
1423 5355 1667 5425 τριηρῶν
1701 5353 2002 5408 καταϐιϐά-

436 5447 588 5511 (ovat
623 5448 846 5510 τούτους
894 5446 988 5500 τοῦ
1038 5445 1274 5517 τείχους,
1331 5445 1608 5507 εὐέλπιδες
1653 5445 1720 5499 ἂν
1765 5442 1907 5515 ἦσαν
1953 5447 2002 5498 οί

435 5539 915 5610 περιλελειμμένοι
942 5540 1018 5606 τῷ
1043 5539 1237 5608 τείχει,
1267 5538 1361 5591 καὶ
1389 5537 1491 5589 οὐκ
1523 5537 1588 5589 ἂν
1617 5541 1796 5606 φυγὴν
1825 5536 2003 5589 αὐτῶν

438 5633 812 5685 eruditae-av.
846 5629 990 5682 Ἀλλ’
1016 5629 1219 5700 ἥκιστα
1255 5628 1480 5696 γέγονεν
1508 5626 1672 5688 οὕτω,
1709 5625 2005 5679 κάντεῦθεν

437 5725 472 5794 η
502 5726 724 5776 ἐκείνων
753 5725 858 5774 ἀπὸ
889 5719 979 5773 τοῦ
1011 5719 1226 5789 τείχους
1256 5721 1542 5782 διάστασις
1589 5717 1791 5772 δειλίαν
1817 5719 1878 5771 ού
1908 5718 2005 5787 τὴν

440 5817 708 5870 τυχοῦσαν
742 5818 854 5867 τιῖη
889 5814 1146 5868 ἁπάντων
1178 5813 1337 5871 ἐνῆκε
1387 5811 1608 5872 ψυχαῖς.
1641 5811 1737 5865 καὶ
1769 5810 1909 5864 κατὰ
1945 5809 2004 5863 τδ

2106 4628 2407 4686 triremium
2453 4639 2638 4690 causa,
2703 4623 2923 4693 quaziin
2982 4621 3170 4674 urbem
3228 4619 3666 4684 penetraverant,

2105 4733 2171 4772 ne
2199 4731 2292 4770 eas
2319 4715 2550 4769 ﬂammis
2600 4728 2700 4768 suo
2764 4711 2998 4764 adventu
3049 4707 3243 4759 Turcae
3289 4705 3668 4762 absumerent,

2104 4806 2414 4876 sagittarios
2463 4807 2538 4858 ad
2599 4802 2908 4858 custodiam
2990 4810 3270 4852 murorum
3356 4791 3673 4860 dispertitos

2103 4899 2383 4962 secedere,
2437 4897 2541 4952 alio
2591 4906 2752 4966 atque
2812 4893 2921 4946 alio
2985 4890 3301 4960 migrantes,
3370 4885 3674 4955 jusserunt,

2109 4990 2327 5058 reliquis
2361 5004 2579 5042 causam
2607 4988 2682 5041 rei
2716 4983 3094 5056 ignorantibus
3121 4987 3175 5034 ct
3227 4978 3356 5047 quid
3417 4991 3448 5029 e
3505 4975 3676 5028 muris

2106 5079 2340 5136 secessio
2370 5080 2640 5133 innueret.
2675 5075 2884 5130 Etenim
2915 5074 2958 5126 si
2992 5072 3192 5126 factum
3216 5067 3374 5136 plane
3422 5067 3661 5133 aperuisv

2107 5179 2247 5236 sent,
2278 5172 2344 5224 ad
2375 5168 2788 5225 custodiendum
2817 5167 3028 5222 scilicet
3051 5172 3263 5233 portum
3319 5170 3374 5213 et
3425 5157 3675 5213 triremes

2109 5263 2454 5317 eusamuris
2516 5257 2754 5324 avocari,
2821 5256 2910 5328 qui
2975 5257 3026 5309 in
3077 5253 3246 5306 muris
3314 5248 3674 5304 defendendis

2111 5363 2502 5416 remanserant,
2528 5368 2623 5422 spe
2673 5367 2777 5406 nou
2826 5349 2964 5404 mala
3030 5344 3234 5410 iactati,
3295 5345 3472 5411 fugam
3531 5339 3677 5393 illam

2109 5462 2231 5501 esse
2257 5443 2516 5516 suspicati
2555 5459 2660 5498 non
2696 5442 2944 5496 fuissent.
2980 5437 3085 5495 Sed
3123 5437 3176 5492 id
3206 5436 3312 5490 alio
3341 5435 3506 5488 modo
3551 5445 3678 5486 eve-

2112 5539 2210 5603 nit,
2235 5548 2291 5592 et
2320 5552 2507 5592 eorum
2539 5551 2567 5588 a
2601 5537 2771 5589 muris
2794 5547 3045 5589 secessus
3077 5529 3370 5584 maximum
3433 5525 3487 5579 in
3549 5537 3678 5592 pec-

2112 5641 2230 5686 tora
2271 5631 2508 5685 omnium
2543 5639 2743 5684 metum
2802 5627 3006 5698 injecit,
3041 5627 3176 5679 adeo
3209 5633 3267 5676 ut
3324 5620 3496 5673 media
3559 5618 3676 5685 ipsa

2113 5733 2270 5779 nocte
2317 5722 2442 5794 fuga
2485 5721 2790 5776 clanculum
2815 5726 3056 5788 arrepta,
3081 5732 3185 5771 non
3207 5729 3371 5784 parva
3397 5724 3674 5768 murorum

2115 5825 2267 5872 oarte
2293 5816 2531 5874 deserta.
2565 5813 2784 5867 domum
2840 5813 3164 5866 remearent.
3218 5802 3341 5858 lltec
3395 5799 3675 5867 potissima

3384 5947 3401 5980 \
