3990 6556
364 400 551 464 ~60?

1646 407 1972 472 JOANNIS
2000 412 2480 479 ΑΝΑΘΝυΞΤιΕ

3573 430 3672 490 δικ

442 511 589 577 λίθος
619 514 749 568 ἄνευ
778 516 982 571 σκοποῦ
1016 517 1310 593 ἀφιέμενος
1348 526 1411 576 ἐκ
1462 526 1647 595 χειρὸς
1695 530 2008 600 ναρκώσης,
2041 532 2137 584 τοῦ
2171 532 2487 601 πέμποντος
2556 536 2655 605 οὐχ
2714 538 2848 607 ὀρᾷν
2901 538 3201 609 δυναμένου
3245 538 3383 608 πρὸς
3408 524 3549 593 ’τίνα
3590 544 3671 594 καὶ

444 608 517 675 πῆ
554 608 742 663 τοῦτον
790 612 1027 681 ἁφίησις
1736 638 1739 641 ’

517 701 626 755 lloc
663 715 887 773 propter
918 708 1162 763 hosﬁbus
1194 713 1366 765 mollis
1390 716 1640 769 omnibus
1672 728 1893 773 strenue
1944 734 1999 774 se

2180 718 2365 789 Ταύτῃ
2394 737 2476 773 τοι
2528 717 2621 774 οὖν
2652 722 2762 775 τῶν
2797 723 3073 789 πολεμίων
3130 724 3217 779 διὰ
3254 726 3479 779 πάντων
3534 728 3663 797 ίσχυ·

442 797 750 862 gcrentibus
771 806 827 850 ct
860 813 1088 867 pugnam
1123 802 1405 872 diligenter
1434 813 1909 875 prosequentibus,
1954 820 2009 867 et

445 889 600 941 nobis
633 891 881 945 omnibus
916 892 1233 951 discrimine
1288 909 1543 969 metuque
1592 907 1904 971 prostratis,
1956 917 2010 962 et

443 979 564 1033 aliis
595 979 735 1034 bello
770 984 926 1035 linem
962 986 1259 1049 positurum
1288 989 1549 1047 Muratem
1586 997 2006 1066 suspicantibus,

443 1070 566 1124 aliis
599 1080 839 1128 nostrum
870 1077 1141 1132 excidium
1173 1086 1619 1149 exspectantibus
1650 1089 2004 1144 contenden-

447 1162 696 1231 tibusque
731 1179 979 1232 prorsum
1034 1171 1226 1225 urbem
1267 1174 1597 1243 capiendam
1679 1194 1823 1235 esse.
1907 1180 2000 1237 Sic

446 1255 607 1309 rebus
645 1271 704 1310 se
736 1257 1083 1327 habentibus,
1113 1272 1166 1317 et
1200 1266 1353 1320 nobis
1383 1272 1715 1334 perturbatis
1744 1282 1796 1326 et
1868 1274 2005 1328 insi-

442 1350 622 1410 gnitcr
652 1347 1055 1412 confusis,eum
1096 1356 1293 1422 partim
1350 1372 1542 1428 pugnae
1605 1361 2005 1432 incumberent,

441 1438 634 1502 partim
690 1449 967 1508 torpentes
1014 1458 1347 1514 cessassent,
1428 1455 1624 1520 partint
1679 1456 2003 1525 sagittarum

439 1525 639 1581 ictibus
673 1534 899 1586 mortem
939 1538 1321 1606 oppetiissent,
1351 1544 1547 1611 partim
1582 1562 1613 1600 e
1662 1551 1833 1603 muris
1878 1550 2004 1620 luga

441 1633 560 1672 sese
588 1624 974 1689 surripuissent
1003 1630 1371 1702 continuoque
1404 1638 1769 1706 surriperent,
1810 1644 2007 1700 timore

440 1709 679 1765 smtione
712 1714 922 1781 relicta,
953 1719 1193 1774 nondum
1213 1725 1394 1790 quarti
1428 1726 1533 1781 diei
1562 1729 1695 1783 hora
1729 1737 2009 1799 prteterie-

510 2182 594 2237 13.
628 2184 762 2240 Cum
799 2190 851 2244 in
886 2193 1051 2249 multa
1083 2196 1201 2254 loca
1234 2202 1410 2259 scalas
1459 2207 1846 2282 adduxissent,
1903 2232 2003 2273 nec

437 2286 658 2341 possent
690 2293 783 2334 eas
811 2282 1006 2340 alicubi
1066 2304 1223 2346 muro
1284 2297 1599 2367 appiugere,
1628 2317 1659 2357 e
1721 2309 2005 2375 superiore

434 2377 592 2434 parte
622 2369 826 2441 depulsi
855 2376 1081 2448 ideoque
1108 2393 1253 2437 metu
1287 2393 1530 2456 oppressi
1568 2393 1740 2449 labori
1790 2369 2002 2453 renun-

437 2456 910 2520 tiarunt:alicubi
966 2470 1388 2533 aﬂixarnmeum
1457 2487 1749 2542 nonnullos
1801 2492 2002 2559 gradus

435 2550 829 2617 ascendissent,
851 2571 954 2610 non
980 2570 1204 2629 potuere
1223 2565 1430 2623 facinus
1447 2572 1751 2642 absolvere,
1778 2581 2001 2644 quibus-

435 2636 558 2691 dam
583 2642 705 2697 aliis
735 2646 1157 2709 animosiorilms
1189 2656 1240 2711 in
1272 2658 1377 2713 illis
1411 2664 1659 2729 partibus
1690 2671 2004 2727 consisteno

437 2729 602 2791 tibus.
633 2746 682 2788 et
712 2738 859 2794 saxis
891 2750 1055 2812 atque
1085 2745 1353 2816 lapidibus
1376 2766 1500 2808 cum
1540 2754 1671 2824 ipsis
1722 2761 1885 2817 scalis
1911 2765 2004 2819 de-

430 2820 747 2889 jicientibus
772 2840 826 2885 et
855 2832 1340 2896 internecantibus.
1359 2842 1494 2899 Cum
1522 2820 1703 2918 itaque
1734 2849 1850 2908 haec
1877 2868 2006 2911 suc-

430 2913 693 2972 cederent
721 2933 773 2975 et
804 2923 875 2978 illi
904 2926 1113 2982 insania
1148 2932 1291 3000 pleni
1323 2935 1591 3003 furerent.
1654 2958 1762 2998 non
1795 2948 2005 3004 medio-

432 3019 581 3059 crem
607 3008 883 3067 infamiam
918 3018 1021 3072 sibi
1057 3018 1284 3092 irrogari
1319 3028 1421 3081 rati
1456 3010 1502 3084 si
1534 3032 1821 3089 victoriam
1893 3055 1997 3092 non

434 3105 825 3163 reportassent,
855 3103 1125 3164 curiosius
1159 3110 1571 3187 investigantes,
1616 3123 1826 3178 scalam
1881 3125 2002 3182 Tri-

432 3188 590 3250 gonio
610 3190 903 3259 applicant,
926 3196 1081 3266 cujus
1108 3204 1336 3273 angulus
1360 3218 1480 3263 erat
1507 3225 1573 3266 ex
1592 3214 1756 3278 turri.
1786 3232 1885 3272 nec
1907 3234 2002 3286 po-

431 3284 844 3339 teratascensns
874 3285 1145 3359 impediri,
1166 3297 1507 3363 potissimum
1535 3318 1657 3358 cum
1685 3306 1997 3369 hominibus

430 3384 653 3437 prorsus
687 3376 1030 3445 vidttaretttr;
1064 3387 1337 3456 pedesque
1375 3392 1641 3450 audacior
1662 3398 1809 3465 aliis,
1863 3418 1991 3460 ense
2019 3415 2066 3479 α

431 3458 688 3516 dentibus
715 3475 917 3533 rarpto,
949 3469 1176 3542 vitaeque
1204 3485 1428 3533 mortem
1448 3495 1792 3553 praeponens,
1819 3490 1993 3546 solum

431 3560 490 3601 ut
518 3549 856 3612 fortitudinis
921 3559 1121 3617 famam
1173 3566 1280 3623 sibi
1343 3549 1711 3643 compararet,
1774 3580 1994 3638 fidentia

429 3659 588 3711 quam
628 3650 860 3704 maxima
896 3669 1111 3709 murum
1144 3661 1409 3727 ascendit,
1445 3668 1663 3723 nemine
1695 3670 1743 3724 id
1777 3686 1998 3741 persen-

432 3740 597 3792 tiente
630 3742 851 3804 civium,
884 3746 1013 3813 quin
1037 3748 1160 3804 aliis
1189 3751 1242 3805 in
1270 3752 1404 3810 locis
1427 3757 1681 3815 hostibus
1703 3777 1993 3821 ascensum

428 3830 809 3899 prohibebant.
837 3835 887 3890 Is
917 3836 1098 3895 Latini
1135 3843 1275 3898 inter
1301 3854 1715 3921 propugnacula
1753 3858 1993 3914 confossi

431 3920 741 3979 vulneribus
768 3936 822 3981 et
857 3940 1160 3988 extremum
1197 3937 1459 4007 spirantis
1499 3956 1662 4016 caput
1693 3947 1994 4007 abscissum

431 4012 576 4067 inter
597 4019 948 4087 confligentes
972 4026 1219 4095 projecit,
1273 4032 1508 4090 innuens
1532 4012 1590 4091 se
1620 4040 1791 4109 partis
1852 4042 1995 4099 illius

430 4108 680 4172 potitum,
713 4122 766 4166 et
788 4112 1020 4171 desertis
1057 4120 1228 4175 muris
1255 4123 1416 4190 plane
1447 4142 1640 4186 omnes
1700 4132 1754 4187 in
1806 4133 1990 4205 fugam

429 4214 552 4254 sese
584 4204 789 4258 reditus
814 4207 1159 4268 immemores
1189 4218 1506 4285 conjecisse.
1549 4220 1702 4278 Diem
1738 4234 1850 4280 tum
1871 4243 1999 4297 ape-

430 4292 606 4348 riebat
660 4301 859 4355 ntcnsis
891 4302 1119 4360 Martius
1176 4321 1449 4366 nonumet
1505 4314 1819 4373 vicesimum
1869 4323 1997 4377 anni

430 4384 569 4439 6938
603 4388 825 4458 (Christi
860 4393 1043 4462 M30).
1068 4398 1247 4465 Quare
1284 4401 1372 4456 ille
1402 4405 1615 4473 pedites
1672 4423 1866 4466 omnes
1900 4415 1998 4468 ad-

406 4477 678 4545 hortans,
735 4492 788 4537 et
833 4486 1157 4544 destitutum
1213 4505 1244 4544 a
1280 4494 1660 4553 defensoribus
1692 4500 1869 4555 locum
1921 4504 1997 4559 si-

427 4573 711 4640 gnificans,
755 4588 812 4630 ut
844 4578 987 4634 illico
1030 4584 1393 4641 escenderent
1458 4588 1719 4647 clamare.
1778 4595 1882 4661 llli,
1938 4608 1997 4652 ut

429 4676 694 4731 poterant.
719 4670 899 4724 subito
929 4674 1088 4730 scalis
1124 4678 1394 4735 universis
1417 4682 1650 4739 admotis
1682 4687 1994 4756 frequentes

2117 808 2224 878 ρῶν
2279 810 2662 879 δεικνυμένων,
2693 812 2788 866 τοῦ
2846 814 3085 883 πολέμου
3136 832 3193 867 τε
3239 816 3509 885 μηδαμῶς
3550 820 3665 885 ἀμε-

2111 898 2367 963 λούντων,
2406 906 2498 957 καὶ
2532 905 2752 957 πάντων
2800 906 2959 973 ἡμῶν
3002 907 3061 959 ἐν
3093 908 3318 977 ταράχῳ
3367 908 3548 977 πολλῷ
3587 913 3672 962 καὶ

2113 989 2265 1059 φόϐῳ
2296 990 2744 1061 καθεστηκότων,
2784 995 2875 1046 καὶ
2916 994 3027 1047 τῶν
3067 996 3166 1063 μὲν
3214 995 3535 1050 παύσασθαι
3586 1000 3672 1052 τοῦ

2110 1081 2368 1151 πολεμεῖν
2400 1083 2492 1135 τὸν
2519 1084 2816 1156 Μουράτην
2865 1086 3261 1154 ὑπονοούντων,
3310 1087 3423 1140 τῶν
3471 1088 3527 1141 δὲ
3586 1091 3672 1157 τὴν

2109 1173 2389 1243 ἡμετέραν
2415 1174 2695 1229 ἀπώλειαν
2727 1178 3181 1246 προσδοκώντων,
3216 1178 3312 1231 καὶ
3350 1180 3672 1249 διατεινομέ-

2110 1280 2217 1316 νων
2256 1264 2329 1334 μὴ
2356 1264 2422 1317 ἂν
2456 1265 2631 1329 ἄλλως
2684 1268 2935 1334 γενέσθαι
2968 1268 3002 1339 ἢ
3045 1269 3145 1339 τὴν
3177 1269 3333 1321 πόλιν
3385 1270 3605 1334 ἁλῶναι,
3633 1300 3669 1310 ι-

2062 1378 2067 1383 ι
2110 1354 2284 1420 οὕτως
2310 1353 2405 1411 οὖν
2438 1357 2547 1411 τῶν
2573 1360 3288 1431 πραγμάτωνδιακειμένων
3340 1363 3437 1415 καί⁵
3484 1364 3670 1431 πολλῆς

2109 1448 2165 1500 ἐν
2191 1450 2326 1518 ἡμῖν
2362 1450 2681 1521 συγχύσεως
2710 1453 2897 1522 οὗσης,
2927 1454 3041 1507 τῶν
3090 1454 3193 1523 μὲν
3241 1455 3385 1524 πρὸς
3419 1456 3478 1508 τὸ
3528 1461 3673 1507 πολε-

2112 1540 2236 1607 μεῖν
2269 1541 2395 1603 ἴσως
2420 1543 2856 1613 ἀσχολουμένων,
2898 1544 3008 1598 τῶν
3034 1545 3090 1597 δὲ
3148 1546 3667 1616 καταναρκωθέντων

2110 1630 2384 1697 καθάπαξ,
2419 1633 2620 1701 ἐτέρων
2639 1635 2695 1687 δὲ
2725 1638 2839 1698 τοῖς
2862 1637 2969 1688 ἀπὸ
2999 1637 3108 1689 τῶν
3138 1638 3311 1706 βελῶν
3374 1639 3669 1709 τραύμασιν

2090 1722 2577 1791 ἐναποθανόντων,
2627 1725 2785 1779 ἐνίων
2814 1727 2872 1780 δὲ
2918 1730 3013 1779 καὶ
3058 1731 3373 1797 φευγόντων
3413 1731 3519 1781 ἀπὸ
3574 1732 3673 1783 τῶν

2108 1814 2324 1883 τειχῶν,
2363 1818 2561 1883 μηκέτι
2598 1820 2783 1886 μένειν
2815 1821 2995 1871 ἐκεῖσε
3048 1820 3369 1888 δυναμένων
3431 1822 3535 1873 ὑπὸ
3587 1826 3670 1873 τοῦ

2108 1905 2284 1970 δέους,
2348 1908 2490 1962 οὔτω
2547 1911 2644 1980 τῆς
2697 1913 2966 1982 τετάρτης
3014 1914 3045 1981 ἡ
3101 1914 3256 1982 τρίτη
3307 1914 3668 1983 παρελήλυθεν

2111 1995 2249 2067 ὥρα,
2278 1996 2373 2052 καὶ
2403 2001 2435 2070 ή
2466 2002 2625 2064 πόλις
2653 2003 2755 2071 φεῦ
2784 2005 2798 2058 ι
2824 2004 2975 2072 παρὰ
3006 2004 3116 2057 τῶν
3162 2006 3442 2075 πολεμίων
3500 2008 3669 2060 τοῦτον

2036 2064 2079 2122 Β
2107 2064 2252 2143 ἐάλω
2287 2092 2377 2144 τὸν
2423 2064 2658 2165 τρόπον.

2181 2181 2271 2250 ιγ’.
2301 2182 2390 2247 Ὠς
2412 2186 2491 2247 είς
2522 2186 2693 2239 πολλὰ
2723 2187 2823 2251 τὰς
2850 2188 3129 2259 κλίμακας
3184 2184 3328 2260 ἦσαν
3358 2194 3669 2263 κομίσαντες

2108 2273 2273 2343 μέρη,
2300 2276 2394 2327 καὶ
2420 2279 2495 2346 πῇ
2526 2278 2742 2345 ἐγγίσαι
2772 2278 2849 2349 τῷ
2902 2282 3071 2352 τείχει
3115 2281 3318 2345 ταύτας
3369 2285 3469 2337 οὐκ
3506 2286 3665 2355 ἔσχον,

2104 2363 2476 2419 ἀπωθούντων
2508 2367 2619 2418 τῶν
2649 2368 2781 2434 ἄνω,
2822 2370 3016 2439 μέχρις
3054 2365 3113 2423 οὗ
3148 2373 3527 2443 κατενάρκησε
3560 2374 3667 2425 τού-

2103 2470 2230 2517 τους
2254 2458 2281 2508 ό
2328 2456 2511 2525 φόϐος,
2545 2457 2623 2528 πῆ
2653 2458 2710 2510 δὲ
2742 2459 2925 2524 θέντες
2974 2462 3068 2514 καί
3102 2479 3253 2525 τινας
3286 2464 3667 2533 ἀναϐεϐηκότες

2107 2544 2373 2616 βαθμίδας
2414 2548 2514 2602 οὐκ
2553 2550 2781 2621 ίσχυταν
2823 2553 2883 2604 τὸ
2940 2556 3246 2627 ἐγχείρημα
3301 2564 3662 2629 συμπεραναι,

2104 2642 2266 2695 τινῶν
2296 2644 2564 2715 εὐψυχίαν
2621 2647 2760 2718 ὑπὲρ
2822 2650 2951 2709 τοὺς
3009 2651 3203 2714 ἄλλους
3266 2658 3566 2726 κτωμένων
3610 2659 3660 2709 ἐν

2103 2733 2335 2797 ἐκείνοις
2357 2740 2466 2799 τοῖς
2498 2738 2721 2809 μέρεσιν
2740 2739 3090 2809 εὑρεθέντων,
3117 2744 3209 2797 καὶ
3226 2745 3399 2810 λίθοις
3440 2748 3660 2818 χερμάσι

2106 2828 2601 2900 καταϐεϐληκότων
2642 2832 2758 2903 ἅμα
2814 2836 2935 2898 ταῖς
2994 2835 3219 2907 κλίμαξι
3276 2840 3523 2908 τούτους,
3582 2842 3660 2894 καὶ

2103 2919 2330 2985 πολλοὺς
2360 2920 2420 2975 τὸ
2444 2922 2543 2992 ζῇν
2582 2925 2995 2995 ἐζημιωκότων,
3027 2956 3083 2968 --
3109 2930 3185 2993 ὡς
3209 2929 3303 2984 οὖν
3335 2934 3479 2985 οὕτω
3504 2933 3656 2985 ταῦτα

2101 3012 2332 3080 γένοιτο,
2365 3016 2463 3068 καὶ
2490 3016 2720 3085 πλήρεις
2748 3012 2891 3087 ἦσαν
2944 3020 3144 3075 ἐκεῖνοι
3197 3021 3379 3093 θυμοῦ
3413 3027 3429 3094 (
3457 3025 3528 3094 μὴ
3573 3024 3659 3076 οὐκ

2100 3106 2288 3178 ὀλίγην
2338 3108 2572 3178 ἡγοῦντο
2599 3112 2705 3181 γὰρ
2748 3112 3010 3183 ὀφλήσειν
3069 3115 3335 3187 αἰσχύνην
3393 3117 3660 3188 ἡττημένοι

2099 3202 2433 3270 φανέντες),
2489 3204 2912 3276 περιεργότερον
2961 3210 3385 3278 στοχασάμενοι,
3437 3214 3525 3264 καὶ
3566 3210 3659 3261 τῶν

2100 3292 2385 3360 κλιμάκων
2418 3293 2543 3364 μίαν
2574 3295 2794 3349 κατὰτὸ
2824 3297 3128 3367 Τριγὼνιον
3165 3299 3375 3367 θέντες,
3404 3296 3463 3357 οὗ
3499 3302 3653 3371 γωνία

2099 3398 2183 3446 τις
2206 3380 2273 3455 ἦν
2302 3386 2367 3437 ἐκ
2405 3385 2640 3456 πύργου,
2672 3389 2765 3442 κα)⁸
2829 3388 2929 3442 οὐκ
2967 3382 3117 3460 εῖχεν
3166 3391 3288 3446 ὅθεν
3337 3394 3405 3448 ἄν
3449 3412 3527 3453 τις
3575 3393 3660 3460 τῆς

2104 3476 2294 3529 ἀνόδου
2319 3476 2561 3531 κωλύσαι
2582 3478 2672 3531 τὸν
2692 3480 3075 3551 ἀναϐαίνοντα,
3111 3485 3207 3538 καὶ
3235 3485 3409 3558 πολλή
3460 3503 3539 3549 τις
3562 3484 3659 3537 τῶν

2104 3569 2409 3641 ἀνθρώπων
2452 3570 2751 3641 ἐτύγχανεν
2804 3573 3031 3644 ἐρημία,
3090 3575 3298 3646 τόλμην
3336 3578 3510 3648 ψυχῆς
3563 3575 3659 3627 τῶν

2105 3661 2281 3715 ἄλλων
2314 3679 2398 3725 τις
2451 3662 2635 3727 πεζῶν
2688 3664 3204 3735 ἐνδειξάμενος,.τδ
3243 3669 3397 3736 ξίφος
3439 3667 3659 3723 ἐνδακὼν

2104 3757 2211 3815 τοῖς
2237 3754 2416 3808 ὀδοῦσι
2441 3758 2533 3810 καὶ
2561 3757 2620 3809 τὺ
2661 3759 2845 3812 θανεῖν
2868 3759 3247 3829 άνϐῃρημένο;
3279 3762 3374 3815 τοῦ
3428 3762 3544 3831 ζῇν,
3582 3759 3657 3809 ίνα

2110 3844 2272 3915 μόνον
2299 3847 2551 3919 ἀνδρείας
2578 3848 2740 3914 δόξαν
2784 3850 3101 3919 κομίσηται,
3137 3852 3259 3922 μεθ’
3310 3854 3441 3923 ὅσης
3489 3855 3549 3906 ἄν
3584 3866 3657 3909 τις

2106 3938 2250 3991 εῐποι
2294 3938 2393 4009 τῆς
2451 3939 2742 4007 εὐτολμίας
2795 3940 2855 3993 τὸ
2906 3944 3083 4010 τεῖχος
3127 3944 3479 4014 ἀναϐεϐήκει,
3546 3938 3656 4009 μηδ’

2103 4030 2416 4084 οὑτινοσοῦν
2463 4031 2794 4101 αἰσθομένου
2827 4032 2935 4085 τῶν
2993 4033 3162 4097 ἔνδον,
3227 4036 3322 4088 καὶ
3372 4035 3490 4088 κατ’
3544 4032 3655 4086 ἄλλο

2106 4124 2273 4195 μέρος
2298 4125 2405 4177 τῶν
2436 4125 2699 4178 ἐναντίων
2728 4122 3040 4194 τηρούντων
3074 4126 3174 4196 τὴν
3214 4126 3422 4181 ἄνοδον.
3448 4127 3657 4180 Λατῖνον

2103 4216 2197 4270 οὖν
2214 4219 2375 4281 εὐθὺς
2398 4220 2456 4270 ἐν
2485 4220 2605 4281 ταῖς
2634 4217 3036 4287 πυργοϐάρεσιν
3094 4218 3345 4289 εὑρηκὼς
3394 4216 3648 4287 τετρωριέ⁶
3682 4246 3691 4279 ι

2104 4328 2194 4365 νον
2239 4310 2466 4378 εναγγος
2505 4309 2600 4363 καὶ
2646 4312 2713 4363 τὰ
2767 4310 2978 4363 λοίσθια
3028 4310 3274 4375 πνέοντα,
3332 4315 3516 4363 τούτου
3558 4304 3689 4374 τὴνί

2103 4402 2347 4471 κεφαλὴν
2376 4402 2628 4472 ἐκτεμὼν
2657 4400 2765 4454 τῶν
2797 4399 3175 4470 πολεμούντων
3208 4403 3288 4463 είς
3356 4404 3514 4469 μέσον
3555 4414 3644 4449 κα·
3675 4400 3684 4434 -‘

2101 4494 2346 4565 τέρριψε,
2374 4494 2551 4559 δείξας
2579 4495 2723 4555 ὅπως
2760 4510 2819 4545 τε
2850 4491 2943 4545 τοῦ
2980 4493 3180 4562 μέρους
3232 4494 3442 4546 ἐκείνου
3467 4488 3680 4557 κεκρά-,

2100 4603 2235 4655 τηκε
2279 4585 2373 4637 καὶ
2401 4586 2475 4647 ὡς
2507 4587 2574 4639 τὰ
2623 4586 2778 4654 τείχη
2831 4584 3031 4646 πάντες
3077 4584 3431 4646 ἀπολιπόντες
3472 4582 3667 4659 ᾤχοντο·

2102 4681 2531 4751 ἀμεταστρεπτί.
2580 4680 2837 4749 Ἑννάτην
2866 4676 2968 4749 ἦγε
2987 4681 3079 4732 καὶ
3099 4681 3351 4749 εἰκοστὴν
3381 4683 3409 4733 ὁ
3430 4680 3651 4745 Μάρτιος

427 4762 742 4823 ascendere,
774 4762 1007 4820 clamore
1039 4772 1339 4838 etstrepitu
1374 4774 1466 4843 qui
1499 4779 1766 4846 tympanis
1841 4782 1991 4835 corio

2103 4778 2245 4841 τότε,
2278 4772 2398 4835 ἔτος
2438 4773 2494 4824 δέ
2531 4773 2854 4843 τριακοστὸν
2887 4771 3075 4841 ὄγδοον
3121 4771 3257 4843 πρὸς
3310 4772 3390 4840 τῷ
3453 4770 3650 4833 ἑξακισ-

427 4850 686 4905 conlectis
723 4852 939 4907 elicitur
965 4872 979 4921 ;
1004 4854 1105 4910 huc
1131 4857 1270 4912 idem
1312 4862 1458 4914 enim
1486 4862 1629 4916 inter
1679 4864 1990 4921 bellandum

427 4944 661 4996 tuaxime
687 4947 896 5001 animos
926 4950 1189 5005 concutit.
1225 4950 1379 5006 Multi
1409 4953 1577 5008 etiam
1610 4962 1815 5011 temere
1882 4973 1995 5011 au-

428 5036 719 5105 dacterque
748 5041 993 5095 manibus
1018 5043 1311 5111 etgenibus
1337 5055 1576 5115 reptare,
1607 5047 1760 5116 gravi
1808 5048 1985 5104 aliena

426 5130 529 5181 sibi
557 5136 904 5197 comparandi
940 5134 1030 5187 siti
1056 5151 1339 5202 succensa,
1360 5146 1415 5191 et
1445 5152 1542 5205 per
1575 5140 1991 5208 propugnacula

428 5219 574 5273 intro
604 5235 725 5275 sese
757 5226 990 5279 mittere.
1018 5227 1212 5283 Verum
1240 5232 1438 5299 quibus
1461 5249 1559 5304 per
1596 5236 1771 5292 scalas
1796 5253 1993 5294 ascen-

428 5326 521 5365 sus
553 5326 657 5366 t:on
701 5316 1135 5387 permittebatur,
1190 5337 1287 5391 per
1358 5341 1636 5382 murorum
1695 5328 1992 5393 foramina,

428 5422 548 5474 qua:
574 5409 739 5463 multa
767 5407 1085 5477 eﬂ‘oderant,
1115 5417 1166 5468 in
1206 5415 1393 5470 urbem
1427 5419 1644 5474 solliciti
1680 5422 1992 5491 immigrare

430 5496 571 5551 alius
601 5497 766 5551 alium
790 5501 951 5553 celeri
983 5518 1145 5557 cursu
1171 5514 1224 5558 et
1242 5505 1421 5562 citatis
1452 5511 1709 5578 passibus
1730 5527 1992 5581 superare

429 5590 783 5657 contendens,
822 5593 1069 5647 manilms
1102 5612 1261 5651 erases
1324 5599 1583 5661 ferentes,
1614 5612 1668 5656 et
1703 5605 1856 5672 quasi
1890 5604 1992 5659 de-

428 5693 707 5737 certantes
733 5685 857 5754 quis
885 5688 1031 5753 prior
1060 5686 1182 5743 aliis
1214 5688 1266 5742 in
1310 5690 1551 5747 habitata
1576 5695 1728 5749 urbis
1758 5697 1875 5749 loca
1938 5706 1995 5751 et

431 5786 584 5826 orant
621 5777 950 5829 maritimam
987 5790 1324 5845 precurrcret
1363 5798 1375 5833 τ
1440 5796 1506 5835 eo
1532 5784 1675 5836 enim
1726 5786 1990 5849 potiorem

433 5867 631 5922 civium
668 5880 900 5934 partem,
937 5877 991 5925 ct
1022 5871 1253 5928 maxime
1279 5870 1520 5938 Latinos,
1556 5884 1773 5941 propter
1834 5878 1993 5933 trire-

2103 4865 2357 4936 χιλιοστῷ
2406 4862 2805 4933 ἐννακοσιοστῷ
2858 4864 3184 4931 ἐνειστήκει.
3239 4858 3649 4932 Παραθαῤῥύνις

2099 4958 2278 5010 τοίνυν
2317 4957 2524 5018 ἐκεῖνος
2572 4956 2775 5016 πάντας
2806 4954 3015 5019 πεζοὺς
3060 4954 3122 5006 τὸ
3166 4955 3326 5022 τάχος
3356 4970 3414 5006 τε
3464 4948 3647 5003 ἀνιέναι

2101 5048 2228 5100 ἐϐόα
2250 5047 2343 5100 καὶ
2368 5048 2466 5116 τὴν
2498 5046 2739 5114 ἐρημίαν
2768 5044 2980 5115 ἐδήλου.
3018 5045 3082 5097 Ol
3110 5043 3156 5097 δ’
3197 5042 3272 5105 ὡς
3299 5037 3440 5111 εἶχον
3489 5038 3647 5134 πασας

2102 5142 2444 5211 παραχρῆμα
2498 5139 2776 5209 κλίμακας
2850 5137 3053 5203 θέντες,
3114 5135 3296 5205 συχνοὶ
3370 5135 3437 5187 δι’
3486 5130 3648 5181 αὐτῶν

2101 5233 2412 5285 ἀναϐαίνειν
2433 5231 2721 5301 ἠπείγοντο
2757 5231 2853 5283 σὺν
2886 5228 2981 5298 βοῇ
3022 5228 3115 5283 καὶ
3137 5227 3215 5296 τῷ
3251 5227 3356 5321 τῶν
3412 5216 3648 5321 άπδξέξ⁶

2103 5327 2203 5396 ῥης
2230 5325 2529 5395 τυμπάνων
2552 5325 2669 5394 ἠχῳ
2697 5339 2712 5354 ο
2759 5323 2914 5391 φέρει
2962 5320 3069 5389 γὰρ
3110 5320 3203 5372 καὶ
3252 5317 3410 5372 τοῦτο
3464 5308 3645 5374 πολλήν

2100 5436 2221 5472 τινα
2252 5418 2435 5482 ἐντοῖς
2454 5415 2712 5485 πολέμοις
2749 5414 2850 5482 τὴν
2876 5412 3158 5480 ἔκπληξιν.
3200 5410 3393 5465 Πολλοὶ
3414 5409 3464 5460 δὲ
3490 5414 3645 5468 παρα·

2100 5510 2270 5571 ϐόλως
2317 5510 2409 5560 καὶ
2470 5505 2869 5579 ἀναρριχᾶσθαι
2939 5504 3325 5574 παρωρμῶντο
3371 5497 3643 5571 προθύμως

2101 5603 2187 5655 διὰ
2219 5601 2419 5671 πολλὴν
2440 5600 2533 5653 τοῦ
2552 5599 2774 5669 κέρδους
2802 5597 3116 5661 ἐπιθυμίαν,
3153 5596 3248 5650 καὶ
3277 5595 3367 5648 διὰ
3390 5593 3493 5646 τῶν
3522 5602 3643 5650 πυρ-

2105 5690 2781 5764 γοϐάρεωνέπεισπίπτειν
2822 5687 3177 5751 ἐσπούδαζον.
3217 5688 3371 5739 Ὅσοι
3424 5682 3516 5752 μὲν
3561 5671 3642 5764 al”

2104 5759 2372 5849 ἐδύναντο,
2402 5783 2549 5836 τόνδε
2574 5783 2664 5835 τον
2688 5781 2886 5850 τρόπον
2912 5777 3195 5832 ἀνέϐαινον
3217 5794 3232 5808 ·
3264 5771 3347 5840 οἷς
3396 5776 3437 5829 δ’
3465 5771 3555 5825 οὐκ
3581 5759 3640 5870 ξίν

2108 5878 2326 5943 ἐφικτὲν
2351 5876 2439 5931 διὰ
2461 5876 2567 5930 τῶν
2602 5873 2909 5945 κλιμάκων,
2947 5871 3034 5924 διὰ
3078 5869 3187 5923 τῶν
3213 5868 3528 5940 ὀρυγμάτων
3576 5868 3641 5908 ων
