3990 6612
456 441 566 504 £0.)

1475 439 1570 500 DE
1611 439 1926 501 EXCIDIO
1961 438 2692 502 THESSALONICENSI.

3592 429 3700 495 6‘20

457 554 806 625 εἰργάσαντο,
831 551 1043 606 πολλῶν
1088 552 1278 614 ὄντων,
1307 553 1399 606 ἐπὶ
1427 553 1528 622 τὴν
1577 553 1731 605 πόλιν
1787 553 2040 621 δρομαὶοι

2153 568 2262 608 mes
2280 551 2594 620 confugisse
2632 552 3070 620 suspicabantur.
3105 549 3310 605 Omnes
3371 549 3552 617 itaque
3585 567 3705 614 nos,

461 648 776 715 συνέρρεον,
813 644 968 704 ἄλλος
1019 645 1180 697 ἄλλον
1208 643 1285 713 τῷ
1304 645 1460 714 τάχει
1495 644 1753 706 νικῶντες
1789 643 1883 696 καὶ
1920 645 2040 695 ταῖν

460 741 643 809 χεροῖν
667 737 734 788 τὰ
764 736 895 805 ξίφη
931 735 1211 806 φέροντες,
1249 735 1342 788 καὶ
1384 729 1496 788 οἷον
1536 735 1807 804 ἐρίζοντες
1864 734 1943 795 τίς
1975 731 2042 786 ἂν

461 828 690 897 φθάσειε
742 829 1007 896 πρότερος
1059 827 1156 880 ὲπί
1207 829 1269 879 τὸ
1317 828 1414 894 τῆς
1458 824 1664 887 πόλεως
1723 823 2042 893 οἰκούμενον

466 923 655 991 μέρος,
686 921 782 972 καὶ
815 918 1052 987 μάλιστα
1092 920 1156 972 τὸ
1208 918 1342 988 πρὸς
1374 917 1645 970 θάλατταν
1677 934 1691 947 ·
1717 919 1855 987 πρὸς
1907 915 2042 969 αὐτὸ

462 1014 573 1082 γὰρ
593 1014 718 1076 τοὺς
751 1011 968 1073 πλείους
993 1015 1088 1068 καὶ
1121 1013 1354 1083 μάλιστα
1385 1014 1512 1073 τοὺς
1550 1011 1811 1074 Λατίνους
1840 1010 2042 1064 ὑπέλα-

463 1106 558 1157 6ον
600 1104 688 1158 διὰ
719 1105 819 1166 τὰς
847 1105 1096 1174 τριήρεις
1151 1102 1653 1174 προσπεφευγέναι.
1703 1102 1908 1162 Πάντες
1949 1100 2041 1154 οὖν

462 1198 643 1266 ἡμεῖς,
674 1197 750 1260 ὡς
779 1191 927 1265 εἶχεν
970 1195 1200 1258 ἕκαστος
1236 1196 1454 1264 τάχους,
1479 1195 1529 1247 οἰ
1562 1195 1663 1263 μὲν
1704 1192 1825 1248 κατ’
1859 1193 2041 1254 οἴκους

461 1289 718 1358 ἐθέομεν,
773 1289 823 1340 οἰ
864 1289 922 1340 δὲ
970 1290 1117 1350 ναοῖς
1172 1289 1336 1358 ἰεροῖς
1381 1286 1815 1355 κατεφεύγομεν,
1861 1284 2041 1353 ἕτεροι

463 1379 774 1447 ὑπονόμους
799 1380 894 1432 καὶ
947 1379 1236 1448 μνήματα,
1272 1377 1366 1430 καὶ
1431 1376 1534 1429 είτι
1593 1377 1731 1445 πρὸς
1767 1375 2042 1444 σωτηρίαν

464 1467 534 1544 ἦν
577 1471 903 1542 ἐπιτήδειον,
939 1471 1198 1524 ὑποδῦναι
1261 1469 1361 1523 σὺν
1407 1469 1598 1540 τρόμῳ
1634 1467 2038 1538 ἠγωνιζόμεθα,

466 1564 617 1618 ἄλλοι
651 1563 711 1614 τὸ
741 1561 832 1616 τοῦ
870 1559 1124 1630 αἰγιαλοῦ
1176 1560 1590 1630 κατελάμϐανον
1627 1560 1815 1630 μέρος,
1857 1559 2042 1627 οἰόμε-

470 1674 550 1708 νοι
571 1656 734 1724 δῆθεν
757 1653 866 1708 τῶν
901 1653 1147 1724 τριηρῶν
1179 1652 1442 1723 ἐπιϐῆναι
1471 1653 1503 1724 ἢ
1563 1652 1764 1706 πλοίων
1817 1651 2040 1722 ἑτέρων,

475 1747 593 1815 μεθ’
625 1747 756 1816 ὅσης
777 1746 844 1799 ἄν
869 1763 950 1809 τις
971 1745 1118 1798 εἴποι
1143 1744 1242 1814 τῆς
1272 1747 1478 1815 φρίκης
1510 1762 1524 1776 ο
1560 1743 1730 1815 ᾤοντο
1775 1744 1884 1813 γὰρ
1915 1743 2045 1796 πολ-

469 1839 553 1890 λοὶ
585 1840 754 1909 μήπω
783 1837 906 1899 τοὺς
937 1837 1234 1906 πολεμίους
1260 1835 1487 1891 εἰσιέναι
1539 1835 1772 1889 ἐκεῖθεν.
1796 1836 1869 1887 Τὸ
1901 1835 1944 1888 δ’
1975 1829 2044 1902 ἦν

468 1927 802 1992 τούναντίον,
832 1929 1051 1998 καὶτῆς
1076 1946 1138 1997 γε
1184 1928 1399 1990 ἐλπίδος
1449 1927 1750 1998 διήμαρτον
1793 1928 1840 1979 οἰ
1886 1926 2044 1980 τοῦτο

469 2019 866 2089 διανοούμενοι.
903 2020 1076 2074 Τοῦτο
1108 2020 1164 2074 δὲ
1200 2019 1344 2074 κατά
1374 2019 1465 2073 τὸν
1491 2020 1702 2089 πύργον
1735 2019 1822 2072 τὸν
1847 2018 2043 2071 καλού-

475 2130 634 2183 μενον
661 2114 977 2184 Σαμαρείαν
1003 2111 1143 2168 εἶδον
1179 2114 1379 2177 πάντες
1415 2113 1652 2182 συμϐάν.
1686 2113 1908 2165 Πάντων
1934 2113 2044 2182 γὰρ

471 2206 898 2273 προσδοκώντων
931 2206 1005 2268 ὼς
1049 2208 1178 2260 ὅταν
1213 2208 1245 2274 ἡ
1276 2206 1429 2270 πόλις
1461 2204 1594 2275 άλῷ,
1641 2205 1718 2275 μὴ
1764 2205 1830 2258 ἂν
1855 2203 2044 2257 τοῦτον

473 2297 635 2362 εὐθὺς
671 2298 1058 2368 προσδεδόσθαι
1111 2299 1144 2368 ἢ
1199 2298 1300 2368 τὴν
1357 2300 1617 2368 ταχίστην
1656 2299 1744 2351 διά
1801 2299 2044 2368 πολέμου

471 2388 768 2457 ληφθῆναι,
803 2389 942 2457 πρὸς
967 2389 1067 2457 τὴν
1120 2389 1217 2458 τῆς
1247 2389 1519 2457 θαλάττης
1564 2389 1738 2457 αὐτὴν
1788 2390 2045 2458 κείμενον

475 2481 630 2547 ὴῖόνα
662 2481 754 2533 καὶ
780 2481 1202 2550 διατειχίσμασι,
1252 2482 1346 2536 καὶ
1376 2481 1560 2545 ὅπλοις
1611 2481 1708 2532 καὶ
1752 2479 1884 2532 πᾶσι
1932 2480 2045 2541 τοῖς

477 2571 800 2640 ἀναγκαίοις
833 2571 1020 2635 καλῶς
1072 2573 1544 2643 κατωχυρωμένον
1565 2612 1580 2635 ,
1606 2600 1658 2612 -
1689 2575 1894 2642 ταύτην
1949 2569 2044 2626 οῦν

471 2665 575 2732 τὴν
611 2666 849 2734 ματαίαν
879 2665 1073 2719 ἑλπίδα
1131 2666 1300 2720 πάλαι
1329 2665 1485 2735 ήμῶν
1522 2665 1901 2734 κεκτημένων,
1945 2666 2047 2718 οῦκ

475 2754 649 2821 ὀλίγοι
678 2755 743 2826 δή
793 2773 937 2819 τινες
978 2759 1071 2812 καὶ
1129 2759 1266 2828 πρὸς
1315 2756 1507 2811 τοῦτον
1555 2758 1900 2827 κατέδραμον
1953 2758 2045 2810 ἐπὶ

476 2843 692 2915 φυλακῇ
745 2846 853 2898 τῶν
887 2846 1035 2900 ἰδίων
1099 2847 1388 2917 σωμάτων.
1425 2846 1572 2917 Πλὴν
1617 2845 1895 2900 κάνταῦθα
1940 2847 2038 2916 τῆς

2145 654 2202 698 ιιι
2231 645 2426 713 cuique
2462 646 2636 706 licuit.
2671 644 2848 714 [ngam
2881 632 3216 697 maturantes
3259 643 3346 696 alii
3390 645 3440 695 in
3501 645 3709 696 milibus

2143 749 2264 790 sese
2281 737 2503 802 abdere,
2535 738 2623 789 alii
2667 737 2720 790 in
2750 736 3030 789 cuniculos
3063 751 3116 788 et
3144 736 3414 802 sepulcra,
3439 735 3554 788 etsi
3579 736 3708 803 quid

2140 826 2287 881 aliud
2316 827 2478 882 saluti
2535 827 2931 881 conducibilius
2994 825 3293 886 videbatur,
3346 840 3451 878 non
3501 826 3709 893 absque

2144 927 2386 972 tremore
2417 918 2746 986 subrepere;
2774 918 2865 971 alii
2896 913 3201 971 triremium
3237 915 3316 970 vel
3347 916 3577 969 aliarum
3613 931 3710 968 na-

2142 1011 2441 1066 vicularum
2468 1026 2752 1066 ascensum
2775 1012 2900 1072 sibi,
2924 1012 3148 1063 horrore
3175 1024 3317 1062 εξενο
3334 1008 3563 1077 perfusi,
3589 1023 3714 1076 pro-

2143 1105 2448 1165 mittentes.
2473 1105 2536 1156 ad
2558 1105 2737 1157 littora
2766 1117 3021 1169 proruere
3047 1120 3060 1154 :
3089 1117 3320 1169 namque
3349 1101 3714 1164 opinabantur

2144 1198 2348 1252 aditum
2378 1197 2546 1251 fuisse
2569 1197 2634 1248 ad
2677 1211 2773 1249 eas
2802 1197 3051 1249 hostibus
3095 1194 3468 1248 interclusum.
3500 1195 3568 1248 At
3623 1209 3712 1246 res

2084 1343 2091 1353 ,
2144 1289 2304 1343 aliter
2338 1297 2618 1352 cesserat;
2655 1296 2709 1341 et
2735 1286 2826 1356 qui
2858 1285 3058 1341 similia
3092 1285 3559 1352 imaginabautur,
3615 1300 3712 1352 spe

2143 1393 2238 1434 sita
2272 1377 2444 1432 delusi
2477 1387 2624 1432 sunt.
2659 1376 2770 1432 lloc
2819 1377 2959 1431 idem
3015 1385 3070 1430 et
3098 1377 3241 1431 circa
3285 1378 3476 1430 turrim
3523 1375 3714 1432 Sama-

2144 1473 2280 1526 riam
2339 1479 2706 1536 nuncupatam
2751 1468 3047 1537 contigisse
3097 1483 3286 1523 omnes
3335 1469 3712 1536 experimento

2144 1562 2644 1631 deprehenderunt.
2691 1558 2823 1613 Nam
2865 1560 3275 1622 existimabant,
3307 1561 3524 1614 etiamsi
3580 1560 3710 1612 urbs

2143 1665 2454 1724 caperetur,
2498 1671 2604 1708 non
2657 1655 2838 1709 statim
2867 1669 2985 1709 eam
3036 1654 3372 1708 deditionem
3437 1654 3708 1708 facturam

2146 1748 2232 1802 vel
2264 1748 2399 1802 adeo
2418 1747 2674 1802 celeriter
2697 1748 2764 1800 ab
2782 1747 3247 1815 oppugnatoribus
3273 1748 3708 1815 opprimeltdaltt,

2148 1840 2202 1894 in
2234 1839 2354 1908 ipso
2380 1838 2547 1892 maris
2578 1838 2759 1892 littore
2791 1837 2976 1902 sitam,
3004 1837 3176 1891 muris
3203 1850 3256 1890 et
3290 1837 3462 1890 armis
3512 1846 3709 1891 tectam

2146 1929 2591 1998 necessariisque
2620 1929 2740 1983 aliis
2770 1930 2972 1998 optime
2997 1931 3407 1984 communitam.
3435 1929 3548 1984 llac
3571 1945 3710 1984 vana

2146 2037 2300 2092 spea
2332 2023 2498 2076 multo
2525 2033 2770 2092 tempore
2829 2022 3011 2078 lactati
3064 2038 3170 2076 non
3222 2022 3378 2090 pauci
3414 2022 3468 2075 in
3535 2022 3710 2087 illam,

2147 2123 2205 2166 ttt
2233 2114 2469 2182 propriis
2509 2114 2832 2182 corporibus
2881 2111 3250 2181 providerent,
3294 2115 3548 2169 ruebant.
3611 2115 3714 2166 Ve-

2148 2213 2450 2257 t'umtatnen
2475 2204 2526 2257 itt
2566 2204 2669 2260 hoc
2699 2220 2914 2274 quoque
2967 2205 3176 2272 decepti
3215 2216 3340 2260 sunt
3377 2223 3392 2259 :
3425 2207 3508 2259 vix
3564 2209 3708 2261 enim

2145 2312 2212 2351 ex
2245 2296 2473 2362 Latinis,
2500 2297 2592 2366 qui
2623 2297 3219 2361 erantillustriores,et
3246 2295 3712 2366 Tzeturiispauci.

2151 2402 2272 2440 cum
2307 2387 2419 2442 illis
2445 2388 2642 2454 quibus
2677 2387 2825 2440 illius
2863 2390 3102 2442 custodia
3142 2402 3260 2442 erat
3287 2391 3624 2453 concredita,
3661 2394 3714 2445 in

2149 2479 2296 2533 illam
2333 2479 2740 2546 conﬂuxerunt,
2785 2480 3196 2552 intromissique
3253 2483 3378 2537 aliis
3427 2484 3713 2538 introitum

2148 2572 2506 2640 denegarunt,
2535 2582 2592 2627 et
2612 2588 2850 2638 murum,
2881 2574 2935 2627 in
2978 2588 3130 2627 mare
3175 2575 3602 2643 prependeutem
3641 2577 3714 2643 (ei

2151 2664 2516 2734 Tzerempulo
2541 2666 2684 2736 apud
2718 2680 2912 2721 omnes
2973 2681 3167 2721 nomen
3225 2668 3330 2737 est)
3356 2669 3409 2722 in
3470 2673 3719 2722 triremes

2151 2758 2315 2826 paulo
2339 2767 2466 2812 ante
2485 2771 2551 2812 ex
2588 2767 2747 2827 portu
2776 2772 2842 2813 eo
2904 2759 3141 2814 deuexas
3206 2775 3328 2814 cutn
3365 2760 3487 2815 aliis
3535 2761 3721 2830 ingre-

2148 2849 2394 2904 diuutur.

476 2939 690 3006 ἐλπίδος
727 2942 1028 3012 διήμαρτον
1059 2955 1075 2972 ⁶
1110 2944 1272 3011 μόγις
1319 2943 1429 3013 γὰρ
1475 2943 1586 2997 τῶν
1637 2942 1886 2997 Λατίνων
1931 2943 2047 2996 ὅσοι
2089 2944 2421 3015 προύχοντες
2481 2941 2639 3018 ἦσαν,
2684 2947 2779 3000 καὶ
2827 2949 3145 3018 Τζεταρῖων
3193 2949 3364 3016 ὀλίγοι
3425 2951 3563 3019 μετᾶ
3610 2952 3721 3003 τῶν

477 3039 936 3108 προϋπαρχόντων
959 3041 1039 3102 εἰς
1075 3039 1346 3108 φυλακὴν,
1384 3040 1467 3101 εἰς
1514 3039 1702 3092 τοῦτον
1749 3042 2052 3109 συνέφυγον
2089 3043 2269 3112 μόνον,
2293 3045 2388 3096 καὶ
2417 3045 2544 3108 τοὺς
2577 3043 2772 3108 ἀλλους
2836 3045 3001 3104 εὐθὺς
3058 3041 3444 3098 κεκωλύκεσαν
3493 3046 3592 3116 τῆς
3640 3049 3722 3098 εἰ·

481 3135 657 3189 σόδου.
679 3133 742 3188 Οἶ
773 3134 869 3189 καὶ
883 3135 972 3189 διά
991 3134 1084 3190 τοῦ
1115 3137 1255 3190 κατὰ
1286 3134 1560 3190 θάλατταν
1594 3135 2044 3206 προϐεϐλημένου
2111 3139 2560 3210 διατειχίσματος
2631 3142 2650 3212 (
2683 3139 3105 3211 Τζερέμπουλον
3135 3137 3302 3194 τοῦτο
3342 3141 3528 3195 καλεῖν
3586 3141 3723 3193 πάν-

419 3275 428 3282 .
477 3245 569 3290 τες
590 3227 860 3296 εἰώθαμεν
893 3228 914 3297 )
951 3228 1032 3291 εἰς
1087 3227 1185 3290 τάς
1209 3227 1461 3298 τριήρεις
1503 3227 1729 3295 εἰσίασι,
1757 3228 1863 3298 πρὸ
1900 3229 2101 3302 μικροῦ
2142 3232 2278 3302 πρὸς
2313 3232 2478 3286 αὑτὸν
2513 3233 2653 3303 μετά
2700 3232 3092 3304 προεισιόντων
3145 3233 3322 3288 ἄλλων
3351 3235 3415 3287 ἐκ
3443 3233 3539 3288 τοῦ
3568 3234 3723 3301 λιμέ-

477 3339 570 3384 νος
621 3319 1098 3390 καθορμισθείσας.

555 3417 612 3470 ιδ’
619 3460 632 3472 .
659 3417 758 3470 Διά
783 3417 892 3470 τῶν
923 3417 1207 3484 κλιμάκων
1235 3415 1330 3470 οῦν
1375 3418 1473 3469 καὶ
1538 3417 1648 3470 τῶν
1697 3417 2044 3488 ὀρυγμάτων,
2075 3423 2118 3482 c

475 3511 550 3574 ὼς
571 3512 802 3581 ἔφημεν.
833 3509 944 3563 τῶν
963 3509 1241 3579 πολεμίων
1257 3510 1356 3580 τῆς
1383 3510 1590 3574 πόλεως
1637 3511 1788 3574 ἰντδς
1822 3511 2050 3580 γενομέ-

475 3621 604 3666 νων,
633 3605 683 3656 οἰ
714 3603 814 3672 μὲν
845 3603 938 3655 ἐπὶ
975 3604 1068 3664 τὰς
1099 3601 1278 3662 οἰκίας
1306 3603 1630 3672 συνέτρεχον
1665 3603 1760 3656 καὶ
1789 3603 1918 3665 τοὺς
1954 3603 2050 3655 ἀν-

479 3696 752 3766 θρώπους,
804 3696 854 3747 οἰ
903 3695 948 3748 δ’
999 3695 1093 3747 επὶ
1119 3695 1218 3759 τὰς
1259 3694 1434 3756 πύλας
1493 3695 1592 3762 τῆς
1635 3695 1841 3759 πόλεως
1877 3695 2050 3758 αῦτάς

477 3786 916 3842 ἀναπεταννύναι
974 3787 1114 3856 πρὸς
1170 3787 1232 3839 τὸ
1279 3786 1380 3857 τὴν
1423 3785 1582 3839 πόλιν
1635 3786 1902 3839 εἰσελθεῖν
1933 3785 2052 3854 ἅμα

481 3879 646 3934 παντὶ
680 3878 760 3949 τῷ
817 3878 1195 3947 στρατεύματι
1253 3879 1343 3930 τὸν
1392 3878 1708 3948 Μουράτην.
1759 3879 1868 3931 Καὶ
1911 3876 2050 3943 εἶδες

478 3969 545 4022 ἂν
569 3969 726 4036 δίκην
756 3966 1028 4035 μελισσῶν
1057 3967 1090 4036 ἢ
1123 3965 1309 4034 θηρῶν
1367 3966 1579 4038 ἀγρίων
1644 3967 1910 4030 εἰσιόντας
1955 3967 2053 4021 αὒ-

479 4060 604 4120 τοὺς
627 4057 972 4126 ὠρυομένους
999 4058 1092 4108 καὶ
1126 4055 1286 4122 φόνον
1314 4054 1578 4117 πνέοντας
1624 4053 1715 4106 τὸν
1761 4057 2050 4124 ἡμέτερον,

480 4151 575 4203 καὶ
603 4150 702 4220 τὴν
736 4151 889 4203 πόλιν
915 4149 1042 4211 τοὺς
1079 4147 1180 4218 μὶν
1209 4149 1348 4215 πεζῇ
1385 4149 1513 4212 τοὺς
1543 4149 1590 4201 δ’
1624 4148 1898 4217 ὲφίππους
1938 4149 2054 4202 δια-

481 4239 882 4310 λαμϐάνοντας.
916 4239 1004 4304 Ὠς
1027 4239 1070 4291 δ’
1093 4241 1127 4308 ἡ
1174 4239 1332 4302 πόλις
1385 4239 1714 4309 πεπλήρωτο
1754 4241 1906 4292 πᾶσα
1960 4240 2056 4291 καὶ

481 4334 638 4388 πάντ’
667 4331 814 4403 εἶχον
844 4333 1061 4394 αὐτοὺς,
1086 4331 1181 4384 καὶ
1207 4330 1312 4383 νεὼ
1333 4330 1470 4400 ἱεροὶ
1495 4330 1586 4384 καὶ
1609 4331 1767 4399 μοναὶ
1797 4331 1938 4382 θεῖαι
1959 4329 2058 4383 καὶ

483 4426 675 4494 ἀγυιαί
693 4425 991 4490 καὶοῖκίαι,
1011 4424 1131 4477 τότε
1148 4421 1213 4491 δὴ
1230 4421 1292 4475 τὸ
1304 4422 1520 4492 θρήνων
1537 4421 1748 4474 πολλῶν
1769 4423 1944 4475 έκεῖνο
1964 4420 2058 4474 καὶ

483 4516 734 4585 δακρύων
761 4515 912 4578 ἄξιον
932 4516 1164 4585 πρᾶγμα
1189 4514 1513 4586 ἐπράττετο.
1537 4513 1894 4575 Διαλαδόντες
1949 4514 2058 4582 γὰρ

483 4609 582 4678 τὴν
609 4607 763 4662 πόλιν
782 4608 986 4674 πᾶσαν,
1011 4605 1203 4676 ὥσπερ
1238 4606 1569 4677 εἰρήκαμεν,
1632 4606 1730 4660 καὶ
1771 4598 1859 4658 οἷα
1901 4604 2058 4658 λύκοι

485 4701 672 4772 βαρεῖς
697 4699 782 4768 ἐφ’
811 4701 959 4769 ήμᾶς
1013 4700 1448 4769 ἑφορμήσαντες,
1489 4696 1756 4769 ἁρπάζειν
1811 4696 2058 4762 ἅπαντας

487 4793 746 4847 Εσπευδον
765 4797 905 4847 κατὰ
931 4793 1031 4862 τὴν
1071 4792 1166 4846 τοῦ
1212 4792 1544 4862 κρατοῦντος
1580 4792 1874 4860 ὑπόσχεσιν
1910 4807 1923 4821 ·
1951 4791 2054 4860 ἔφη

490 4887 592 4955 γὰρ
638 4886 692 4936 ὲν
724 4884 803 4952 τῷ
837 4885 1094 4954 πολεμεῖν
1134 4883 1210 4946 ὡς
1253 4884 1368 4952 είγε
1415 4885 1450 4954 ἡ
1487 4883 1639 4946 πόλις
1685 4883 1918 4952 ληφθείη
1964 4885 2059 4936 καὶ

489 4977 584 5047 τὴν
609 4975 911 5043 ἐπιθυμίαν
941 4977 1020 5038 εἰς
1049 4975 1224 5044 πέρας
1277 4976 1539 5044 ἀχθεῖσαν
1575 4975 1670 5028 ἴδοι
1700 4974 1799 5046 τὴν
1836 4973 2056 5036 ἑαυτοῦ,

489 5069 633 5140 ἔχειν
657 5069 773 5139 μετ’
799 5068 1042 5132 ἐξουσίας
1065 5068 1316 5132 ἕκαστον,
1347 5068 1463 5121 είτι
1481 5067 1546 5120 ειν
1577 5068 1754 5132 λάϐοι,
1786 5067 1882 5120 καὶ
1907 5067 2061 5136 παρὰ

490 5163 690 5225 παντὸς
710 5162 1088 5231 ἀναφαίρετον.
1129 5155 1319 5212 Εἷλκον
1347 5155 1440 5213 οὖν
1478 5159 1682 5229 ἀναμὶξ
1713 5158 1913 5228 ἄνδρας
1961 5175 2060 5225 γυ-

491 5258 680 5317 ναῖκας
734 5253 943 5316 παιδία,
991 5253 1176 5306 πᾶσαν
1242 5250 1378 5321 ὁμοῦ
1442 5251 1682 5322 ἡλικίαν,
1740 5250 2063 5318 δεδεμένους

492 5347 681 5416 ὥσπερ
709 5347 876 5413 ἄλογα
929 5343 1065 5410 ζῶα,
1126 5345 1222 5397 καὶ
1279 5348 1414 5414 πρὸς
1457 5345 1515 5396 τδ
1557 5343 1921 5414 στρατόπεδον
1960 5344 2066 5407 ιξω

493 5442 588 5507 τῆς
622 5439 825 5500 πόλεως
856 5437 1061 5500 πάντας
1105 5437 1323 5505 ἐξῆγον.
1356 5437 1465 5488 Καὶ
1495 5436 1686 5488 σιωπῶ
1704 5435 1832 5496 τοὺς
1870 5435 2068 5486 πεσόν-

495 5551 612 5597 τας,
641 5534 739 5601 οὐχ
762 5533 902 5601 ὑπὲρ
930 5529 1164 5599 ἀριθμὸν
1211 5527 1402 5591 ὄντας,
1431 5526 1572 5580 κατά
1593 5541 1650 5577 τε
1675 5526 1740 5578 τὰ
1777 5524 1934 5592 τείχη
1974 5524 2072 5576 καὶ

494 5629 595 5688 τὰς
623 5625 845 5692 ἀγυιὰς,
879 5621 1020 5694 μηδὲ
1041 5620 1220 5689 ταφῆς
1247 5619 1610 5689 ἠξιωμένους,
1642 5617 1842 5686 ἑλώρια
1867 5620 1924 5670 δὲ
1955 5635 2071 5670 κει-

497 5719 689 5788 μένους
731 5716 987 5768 κύνεσσιν
1024 5713 1264 5767 οἰωνοῖσί
1323 5729 1385 5764 τε
1448 5712 1578 5764 πᾶσι
1631 5710 1753 5762 καθ’
1799 5711 2070 5779 Ὅμηρον,

496 5816 592 5870 οὐκ
620 5816 684 5867 ἂν
707 5810 910 5879 ἄνδρας
937 5807 1099 5878 μόνον
1127 5805 1263 5860 ἀλλά
1295 5806 1388 5856 καὶ
1414 5805 1700 5872 γυναῖκας,
1747 5803 1839 5854 καὶ
1867 5804 2070 5855 τούτων

500 5908 732 5966 μάλιστα
761 5903 888 5966 τοὺς
939 5896 1336 5971 γηραιοτέρους
1386 5912 1443 5952 τε
1485 5897 1578 5950 καὶ
1621 5893 2063 5962 ἀσθενεστέρους.

2233 3418 2317 3473 ιι.
2349 3416 2453 3472 Per
2483 3417 2661 3472 scalas
2691 3431 2820 3487 ergo
2854 3427 3020 3487 atque
3049 3417 3342 3483 foramina,
3375 3430 3430 3472 ut
3463 3420 3720 3480 diximus,

2151 3511 2334 3566 hostes
2365 3511 2415 3564 in
2453 3512 2638 3564 urbem
2668 3511 2814 3564 intro
2858 3509 3113 3580 canjecti,
3148 3509 3239 3564 alii
3272 3510 3326 3564 in
3357 3511 3499 3564 aedes
3528 3520 3581 3564 et
3627 3511 3724 3564 ltu-

2152 3602 2330 3657 mines
2355 3617 2602 3661 currere.
2631 3603 2720 3655 alii
2753 3603 2818 3654 ad
2851 3613 3038 3670 portas
3063 3601 3304 3656 civitatis
3369 3601 3719 3670 aperiendas,

2151 3703 2212 3748 ut
2247 3693 2481 3746 Murates
2517 3693 2676 3747 simul
2712 3707 2835 3747 cum
2891 3703 3004 3747 toto
3027 3694 3274 3748 exercitu
3323 3707 3445 3747 sese
3505 3693 3558 3746 in
3599 3708 3718 3746 eam

2151 3781 2443 3838 conferret.
2477 3781 2538 3834 Et
2569 3783 2804 3836 vidisses
2832 3797 2949 3845 eos,
2970 3782 3145 3836 instar
3168 3797 3327 3851 apum
3361 3793 3457 3838 aut
3487 3783 3721 3835 imman-

2153 3885 2432 3931 suetarum
2476 3875 2798 3938 bestiarum,
2827 3873 3116 3928 confertim
3141 3875 3464 3941 irrumpere,
3509 3873 3722 3927 ululan-

2155 3977 2236 4022 tes
2258 3969 2565 4033 caedemque
2591 3977 2834 4020 nostram
2863 3967 3160 4033 spirantes,
3190 3974 3243 4020 et
3265 3965 3543 4020 civitatem
3590 3966 3717 4016 uni-

2155 4076 2368 4115 versam
2423 4070 2535 4113 tuttt
2596 4058 2807 4128 equites
2865 4069 2977 4113 tum
3025 4058 3236 4128 pedites
3290 4071 3581 4127 occupare.
3652 4057 3724 4112 Ut

2155 4153 2348 4207 civitas
2379 4151 2581 4220 repleta
2607 4159 2714 4215 est,
2744 4159 2799 4204 et
2833 4150 3017 4204 omnia
3087 4165 3183 4204 eos
3215 4150 3266 4202 in
3317 4165 3398 4212 se,
3459 4159 3514 4202 et
3566 4164 3720 4201 sat-ra

2159 4244 2353 4312 templa
2381 4243 2642 4298 etdiviua
2702 4241 3033 4296 monasteria
3080 4250 3132 4295 et
3184 4241 3376 4310 plateae
3425 4249 3479 4293 ct
3531 4242 3724 4293 domus

2157 4338 2540 4402 occludebant,
2569 4345 2680 4392 tum
2715 4335 3064 4390 lamentabile
3119 4333 3248 4388 illttd
3266 4343 3319 4388 et
3373 4332 3728 4402 lacrymabile

2158 4430 2448 4484 admodum
2478 4429 2688 4482 facinus
2711 4426 3118 4496 aggrediuntur.
3153 4423 3395 4493 Namque
3425 4424 3560 4478 urbe
3583 4431 3724 4488 tota,

2161 4534 2219 4577 ut
2245 4519 2720 4588 praenarravlmns,
2787 4528 3070 4587 occupata,
3103 4516 3264 4570 veluti
3316 4530 3539 4585 rapaces
3587 4515 3725 4582 lupi,

2162 4626 2263 4666 nos
2293 4610 2619 4678 ltnpeteutes
2648 4599 2830 4662 omnia
2868 4621 3083 4675 rapere,
3133 4603 3596 4673 quemadmodum
3626 4606 3727 4673 ily-

2166 4709 2348 4756 ttastes
2394 4701 2743 4769 promiserat,
2788 4699 3129 4766 satagebant.
3157 4694 3404 4765 Namque
3439 4696 3528 4748 ille
3585 4694 3730 4748 inter

2164 4795 2532 4849 dimicandum
2561 4791 2798 4852 dixerat.
2835 4790 2880 4844 si
2913 4793 3041 4844 urbs
3062 4799 3348 4856 caperetur
3366 4797 3422 4840 et
3443 4787 3548 4840 voti
3573 4801 3727 4841 cont-

2163 4901 2263 4955 pos
2294 4881 2744 4952 lieset,quidquid
2775 4879 3218 4949 unusquisquede
3243 4877 3516 4947 praedatus
3541 4876 3732 4932 fuisset

2163 4977 2400 5046 legitime
2451 4974 2832 5044 possideret,a
2889 4971 3036 5026 nullo
3083 4984 3326 5038 unquam
3391 4969 3730 5038 spoliandus.

2163 5068 2474 5123 Traltebant
2527 5067 2713 5134 itaque
2758 5063 3064 5132 promiscue
3087 5062 3258 5126 viros,
3291 5060 3726 5124 muliercs,adn-

2174 5100 2474 5123 ιιηιιευαιιι
2527 5100 2713 5134 ιιαιιυῡ
2759 5100 3064 5132 μιυιιιισυιιυ
3094 5100 3258 5126 IIII-e1,
3291 5100 3547 5115 ιειυιινινυ
3567 5100 3724 5124 ..ιιι-νή

2165 5157 2512 5221 lescentulos,
2549 5155 2708 5209 simul
2727 5170 2942 5208 omnem
2971 5163 3212 5218 tetatem,
3237 5150 3400 5207 veluti
3435 5151 3730 5206 animantia

2164 5265 2285 5316 quae
2317 5262 2413 5299 usu
2449 5247 2679 5300 rationis
2707 5244 2993 5315 privamur
3039 5243 3344 5311 colligatos,
3371 5251 3425 5296 et
3455 5240 3522 5294 ad
3555 5254 3733 5295 castra
3770 5229 3781 5256 ί

2167 5349 2318 5394 extra
2353 5337 2539 5391 urbem
2569 5337 2972 5390 convellebaut.
2997 5334 3176 5389 Taceo
3195 5334 3262 5388 ad
3292 5343 3524 5388 mortem
3558 5333 3735 5396 datus,

2169 5430 2297 5482 licet
2331 5427 2470 5481 intra
2513 5440 2818 5489 numerum,
2851 5433 2964 5478 tum
3000 5426 3052 5478 in
3099 5424 3270 5479 muris
3313 5432 3428 5477 tum
3460 5424 3513 5477 in
3548 5423 3740 5492 plateis
3803 5483 3808 5488 ,

2173 5535 2269 5575 nec
2295 5521 2588 5590 sepulturae
2631 5517 2877 5579 traditos,
2903 5516 3138 5586 prmdam
3187 5513 3555 5569 dilaniandam
3589 5515 3740 5567 caui—

2171 5604 2274 5667 bus
2297 5611 2629 5679 alitibusque
2651 5608 2908 5664 omnibus
2960 5608 3282 5676 appositam,
3317 5614 3378 5658 ut
3436 5602 3738 5656 Homericis

2174 5707 2356 5760 verbis
2390 5715 2529 5765 utar,
2587 5720 2690 5756 non
2752 5702 2897 5755 siros
2919 5695 3409 5760 solummodo,sed
3463 5695 3738 5762 mulieres,

2172 5811 2470 5865 eorumque
2489 5795 2826 5862 potissimum
2861 5792 3106 5844 seniores
3137 5798 3300 5856 atque
3335 5783 3738 5837 imbecilliores.

2177 5893 2463 5952 FeStinatts
2499 5893 2643 5946 enim
2692 5889 2864 5943 hostis
2889 5899 2999 5951 pra:
3029 5889 3180 5936 metu
3235 5876 3599 5934 multitudinis
3653 5889 3738 5930 ca-
