3990 6610
423 381 568 475 ’διε

1656 395 1988 459 JOANNIS
2027 390 2505 482 ANAGNOSTAE

3663 387 3758 448 (326

453 527 786 582 'l‘amdirnm
847 523 1048 579 malum
1104 521 1164 577 in
1205 521 1382 576 sacris
1433 531 1661 586 quoque
1717 514 2046 586 imagiuibus

2158 506 2238 574 αἷς
2283 511 2458 580 ἡθεία
2491 509 2725 580 μυστικὴ
2753 507 2847 559 καὶ
2905 506 3052 570 ζῶσα
3087 505 3185 558 καὶ
3248 501 3518 573 σωστικὴ
3569 504 3759 569 παντὸς

457 619 632 672 locum
665 619 878 682 habuit,
944 631 1006 671 ea
1061 630 1177 668 non
1207 613 1326 668 sine
1356 609 1678 665 contumelia
1711 610 2041 671 absumens;

455 717 688 779 quarum
749 711 1039 782 pierasque
1103 688 1225 778 igne
1251 710 1691 766 concremarunt,
1725 701 1816 769 qui
1853 712 2042 754 earnm

456 803 830 857 atloratiouem
869 800 1023 855 nobis
1078 797 1381 867 surripiuut
1418 811 1433 861 ;
1467 792 1602 848 alias
1669 792 1723 846 in
1752 805 1909 846 usum
1945 805 2035 842 re-

461 911 579 950 rum
610 896 880 949 venalium
907 893 1099 963 (Deus,
1135 903 1281 946 tuam
1319 887 1665 943 tolerantiam
1703 885 1719 938 ί
1753 883 1830 951 )ἱη
1855 881 2040 936 medio

459 987 580 1041 foro
597 987 1064 1055 impudentissime
1083 984 1383 1046 reduxere;
1414 979 1710 1034 nonnullas
1723 976 1884 1030 etiam
1906 989 2039 1028 cou-

461 1089 750 1154 serivarunt
782 1079 874 1149 qui
906 1077 1075 1146 magis
1108 1092 1269 1146 quam
1301 1073 1391 1128 alii
1429 1071 1682 1143 pecuniis
1717 1067 2028 1130 inhiabant,

461 1182 516 1228 et
550 1184 733 1243 postea
766 1182 991 1238 argento
1023 1169 1466 1225 divendiderunt.

2152 603 2462 654 ὲπετελεῖτο
2486 598 2578 651 τοῦ
2600 598 2809 666 κόσμου
2834 595 3014 660 θυσία,
3050 598 3118 664 τῇ
3142 595 3262 648 τῶν
3300 592 3622 665 χρημάτων
3653 596 3762 647 ἑπι-

2153 693 2325 764 θυμίᾳ
2377 691 2519 747 κατὰ
2560 689 2799 760 σπουδὴν
2843 689 3176 758 ἀνατρέπειν
3227 687 3335 741 καὶ
3387 673 3760 756 καταπάτημα

2154 786 2254 857 φεῦ
2287 787 2400 847 τοῖς
2449 783 2800 856 βουλομένοις
2845 781 3082 836 τιθέναι·
3139 781 3440 834 ὑπέλαϐον
3493 779 3607 849 γὰρ
3661 779 3761 832 ὑπὸ

2153 878 2320 930 παντὶ
2344 876 2476 946 λίθῳ
2510 875 2773 946 χρήματα
2799 873 3036 938 κεῖσθαι,
3091 874 3188 929 καὶ
3234 872 3332 926 διὰ
3391 872 3560 924 τοῦτο
3608 873 3758 926 πάντ’

2153 973 2429 1025 ἀνάστατα
2459 969 2858 1039 πεποιήκεσαν.
2891 966 3040 1036 Δῦτη
3067 969 3212 1021 κάπὶ
3238 967 3360 1021 τῶν
3415 967 3586 1037 ίερὼν
3618 968 3758 1021 εἰκό-

2154 1082 2260 1118 νων
2293 1062 2642 1133 συμϐέϐηκεν
2674 1063 2732 1116 ἐν
2793 1061 2949 1134 ὓϐρει
2993 1061 3299 1131 διαφθορὰ,
3351 1062 3456 1114 καὶ
3508 1061 3606 1123 τὰς
3667 1062 3758 1131 μὲν

2151 1157 2287 1226 πυρὶ
2326 1156 2637 1227 περιέσχον,
2662 1147 2772 1208 οἷον
2793 1155 2946 1225 ἡμᾶς
2988 1156 3066 1215 εἰς
3095 1153 3196 1224 τὴν
3228 1151 3461 1206 τούτων
3516 1157 3755 1224 προσκύ-

461 1289 618 1339 νησιν
637 1269 983 1339 ζημιοῦντες,
1020 1271 1139 1329 ταῖς
1171 1267 1216 1319 δ’
1254 1267 1333 1327 εἰς
1383 1263 1648 1334 ὑποδοχὴν
1684 1261 1792 1314 τῶν
1843 1259 2038 1320 ὠνίων,
2077 1249 2123 1310 ὦ
2150 1255 2285 1310 Θεοῦ
2321 1257 2545 1325 ἀνοχῆς,
2578 1256 2670 1308 ἐπὶ
2701 1255 2873 1324 μέσης
2932 1255 3030 1324 τῆς
3053 1255 3269 1324 ἀγορᾶς
3336 1253 3578 1323 ἀναίδην
3602 1249 3758 1320 εχρίΓ

463 1385 644 1432 cauto,
678 1367 828 1427 τινὰς
857 1367 911 1418 δὲ
947 1366 1040 1418 καὶ
1065 1365 1390 1434 διετήρησαν
1412 1362 1542 1423 ἴσως
1572 1361 1685 1413 ὅσοι
1719 1357 1826 1412 τῶν
1893 1354 2069 1411 ἄλλων
2105 1355 2186 1418 εἰς
2238 1355 2432 1426 κτῆσιν
2456 1353 2759 1425 χρημάτων
2787 1352 3133 1424 θερμότεροι,
3163 1352 3268 1406 καὶ
3296 1350 3582 1422 ἀργυρίου
3628 1351 3750 1403 ταύο

460 1478 490 1514 τ
505 1479 569 1522 ας
601 1443 882 1513 ἀπέδοντο.

414 1531 421 1540 ’
535 1553 614 1607 16.
644 1548 784 1618 Quid
806 1563 970 1618 porro
989 1549 1202 1604 diceres
1225 1545 1292 1602 de
1319 1548 1494 1602 nostri
1522 1542 1797 1616 tropzealis
1815 1549 1866 1598 et
1901 1555 2049 1594 mar-

2170 1525 2190 1556 ⁸
2228 1536 2324 1603 ις’.
2385 1538 2451 1592 Τί
2500 1537 2545 1591 δ’
2578 1539 2644 1593 ἂν
2676 1536 2856 1602 εἴποις
2889 1540 3017 1608 περὶ
3045 1538 3146 1606 τῆς
3177 1539 3508 1609 μνροδόχου
3569 1539 3752 1608 τιμίας

461 1645 597 1715 tyris
643 1642 978 1712 myrotltecio
1030 1640 1054 1694 ?
1097 1654 1273 1709 neque
1334 1638 1466 1694 illud
1515 1638 1808 1693 immotum
1873 1647 2052 1704 neque

2158 1629 2422 1699 λάρνακος
2453 1625 2546 1682 τοῦ
2574 1628 2857 1698 ἡμεδαποῦ
2881 1628 3256 1698 τροπαιούχου
3305 1630 3406 1680 καὶ
3441 1628 3747 1698 μάρτυροςς

462 1713 915 1801 imperturbatum
971 1729 1173 1785 furoris
1201 1728 1585 1798 exsuperantia
1615 1732 2040 1790 conservarunt,

2158 1722 2353 1794 ἥκιστα
2381 1723 2475 1776 καὶ
2507 1713 2716 1792 ταύτην
2740 1723 2931 1775 εἴασαν
2963 1721 3387 1792 ἀπερίτρεπτον
3429 1723 3530 1774 καὶ
3568 1720 3746 1789 μένου-

468 1825 563 1893 qui
625 1832 812 1877 contra
845 1837 944 1875 nos
978 1821 1142 1875 veluti
1195 1820 1380 1874 beStiae
1424 1821 1798 1873 immansueta:
1854 1817 2049 1870 saevie-

2158 1832 2276 1883 σαν,
2315 1815 2392 1878 ὡς
2453 1816 2514 1869 τὸ
2567 1815 2717 1884 πρὶν,
2770 1814 2964 1885 μανίας
3018 1814 3310 1885 ὑπερϐολῇ
3343 1815 3400 1866 οἱ
3453 1813 3581 1866 καθ’
3603 1813 3746 1883 ἡμῶν

468 1924 749 1979 rant;non
780 1911 1027 1967 eamdem
1059 1921 1240 1965 tamen
1267 1907 1336 1962 ob
1366 1922 1590 1964 causam
1623 1907 1691 1962 ob
1731 1922 1893 1977 quam
1945 1904 2047 1958 alia

2158 1905 2341 1976 ὥσπερ
2367 1905 2534 1977 θῆρες
2569 1905 2930 1972 λυττήσαντες
2963 1906 3166 1975 ἄγριοι,
3195 1905 3351 1975 πλὴν
3378 1905 3442 1958 οῦ
3476 1904 3548 1958 δι’
3579 1904 3745 1957 αἰτίαν

470 2007 772 2075 antiquitus
833 2019 930 2074 per
997 2019 1096 2058 nos
1158 1985 1414 2071 sepulcra
1475 2007 1748 2056 exstructa
1803 2005 2047 2053 reserata

2158 1997 2273 2051 καθ’
2299 1996 2368 2067 ἣν
2401 1997 2496 2050 καὶ
2521 1993 2691 2052 τᾶλλα
2725 1999 2834 2053 τῶν
2888 1999 3054 2054 πάλαι
3091 1998 3152 2064 ἐξ
3213 2001 3248 2069 ἡ
3260 1998 3390 2068 μῶν
3443 1997 3750 2067 γενομένων

466 2107 590 2152 sunt
645 2108 700 2152 et
747 2097 1011 2165 disiecta,
1049 2103 1103 2150 et
1160 2093 1488 2148 cadaverum
1557 2091 1799 2161 reliquize
1858 2090 1913 2146 in
1973 2091 2052 2146 eis

2158 2090 2401 2160 ἠνέῳκτό
2425 2107 2484 2144 τε
2509 2089 2605 2144 καὶ
2639 2091 3015 2162 καταϐέϐλητο
3060 2092 3331 2161 μνήματα
3379 2091 3480 2144 καί
3513 2088 3587 2142 τὰ
3634 2086 3743 2141 τού-

463 2190 706 2257 jacentes
773 2203 936 2256 super
1001 2193 1206 2239 terram
1287 2185 1594 2253 dispersae:
1635 2183 1688 2237 in
1744 2182 1850 2237 illis
1908 2179 2052 2235 enim

420 2267 424 2272 ’
467 2277 658 2334 Turrae
701 2278 963 2349 pecunias
1013 2292 1040 2330 a
1092 2277 1305 2331 civibus
1362 2273 1652 2344 repositas,
1704 2286 1868 2326 causa
1922 2269 2046 2342 jam

468 2382 823 2442 praenarrata,
869 2385 1139 2439 reperere,
1182 2376 1578 2438 preptereaque
1615 2365 1729 2420 fere
1749 2363 1934 2420 omnia
1986 2372 2043 2419 et

470 2470 785 2516 reserarunt
812 2471 868 2516 et
891 2461 1273 2515 subverteruut
1303 2474 1319 2524 ;
1345 2467 1398 2512 at
1431 2457 1520 2512 bic
1547 2456 1747 2527 duplici
1768 2454 1835 2510 de
1865 2468 2048 2521 causa,

471 2565 587 2610 tum
619 2564 837 2625 propter
869 2569 932 2607 ex
958 2568 1062 2606 non
1087 2543 1270 2619 (parvo
1299 2565 1433 2606 auro
1471 2559 1524 2605 et
1553 2559 1776 2619 argento
1829 2558 1886 2602 et
1917 2546 2053 2616 lapi-

473 2647 636 2702 dibus
675 2645 932 2715 pretiosis
961 2660 1059 2700 nec
1095 2657 1202 2697 non
1238 2641 1534 2712 etgemmis
1568 2639 1713 2695 circa
1745 2640 1875 2695 illud
1905 2652 2055 2692 com-

441 2739 710 2806 positum
747 2747 1023 2800 ornatum,
1060 2746 1173 2789 tum
1206 2743 1429 2806 pr0pter
1469 2732 1755 2788 sanitatem
1775 2731 2045 2787 exhibens

471 2833 710 2886 divinum
735 2841 1090 2900 unguentum.
1115 2827 1368 2881 Nonnulli
1395 2825 1537 2882 enim
1566 2835 1797 2880 ornatus
1833 2819 2050 2880 lautum

427 2915 431 2920 ”
470 2922 646 2994 gratia
679 2921 811 2976 illud
835 2919 1213 2989 despoliarunt
1245 2935 1262 2985 ;
1295 2917 1387 2972 alii
1431 2916 1589 2971 nobis
1632 2928 2040 2986 unguentorum

474 3014 804 3068 aﬂincmiam
865 3011 1188 3072 invidentes,
1222 3017 1279 3064 et
1326 3024 1449 3078 qua
1493 3009 1618 3063 inde
1671 3007 2049 3077 subsequitur,

472 3108 712 3162 sanitate
741 3119 840 3158 nos
872 3103 1088 3173 privare
1127 3100 1426 3172 cupientes,
1461 3107 1523 3154 ut
1559 3101 1612 3154 in
1645 3109 1923 3169 posterqu
1954 3099 2044 3154 illa

475 3198 632 3252 nobis
665 3196 956 3260 medicina,
984 3211 1106 3250 cum
1137 3209 1272 3264 opus
1301 3204 1472 3260 esset,
1509 3192 1652 3247 nulla
1705 3203 2048 3264 suppeteret.

2155 2195 2270 2245 τοις
2301 2181 2703 2251 ἐναποκείμενα
2722 2179 2956 2251 λείψανα
2988 2180 3131 2235 κατὰ
3182 2184 3296 2250 γῆς
3327 2180 3740 2249 ἀπερρίφησαν.

2170 2272 2259 2324 Ἐν
2280 2272 2463 2337 αὐτοῖς
2491 2275 2598 2343 γὰρ
2620 2273 2805 2327 καθότι
2833 2273 3017 2327 πολλοί
3032 2274 3140 2326 τῶν
3157 2272 3440 2345 Τούρκων
3454 2291 3561 2343 χρη
3571 2273 3741 2341 μάτων

2157 2361 2414 2431 ἐπέτυχον
2434 2365 2868 2420 ἐναποτεθέντων
2898 2363 3050 2437 παρὰ
3079 2363 3188 2418 τῶν
3220 2365 3474 2418 πολιτῶν
3491 2365 3561 2418 δι’
3577 2364 3641 2434 ἢν
3662 2351 3741 2416 ἰλ·

2157 2455 2286 2509 πίδα
2326 2455 2632 2525 φθάσαντες
2648 2455 3060 2536 δεδηλὼκειμεον,
3075 2455 3163 2510 διὰ
3176 2455 3346 2510 τοῦτο
3364 2458 3547 2510 πάντα
3571 2453 3740 2525 σχεδὸν

2155 2549 2398 2622 ἡνέῳξαν
2427 2552 2520 2606 καὶ
2547 2553 2925 2624 κατέστρεψαν
2959 2568 2974 2584 ·
3005 2551 3244 2606 ἐνταῦθα
3274 2553 3334 2606 δὲ
3368 2553 3522 2607 δυοῖν
3548 2552 3736 2614 εἵνεκα,

2155 2641 2251 2696 τοῦ
2283 2659 2342 2696 τε
2375 2644 2506 2714 περὶ
2534 2644 2702 2711 αὐτὴν
2731 2645 2830 2697 ούκ
2879 2642 3064 2712 ὀλίγου
3115 2643 3313 2714 χρυσῷ
3368 2643 3474 2697 καὶ
3527 2641 3737 2713 ἀργύρῳ

2157 2736 2250 2790 καὶ
2289 2735 2462 2799 λίθοις
2494 2736 2698 2806 τιμίοις
2728 2737 2826 2790 κοιλ⁹
2860 2737 3172 2806 μαργάροις
3220 2735 3732 2803 κατεσκευασμένου

2155 2828 2386 2896 κόσμου,
2408 2828 2502 2880 καὶ
2524 2827 2632 2880 τῶν
2665 2827 2854 2896 ὑγείας
2897 2827 3257 2895 παρεκτικῶν
3307 2827 3478 2880 θείων
3538 2825 3730 2896 μύρων.

2156 2922 2222 2975 Oi
2259 2919 2497 2999 μὲνγὰρ
2533 2919 2625 2973 τοῦ
2657 2919 2866 2989 κόσμου
2902 2920 3062 2990 μόνον
3097 2919 3276 2989 αὐτὴν
3303 2919 3729 2988 ἁπεγύμνωσαν,

2153 3011 2205 3064 οἱ
2238 3012 2294 3066 δὲ
2329 3011 2703 3082 βασκήναντες
2736 3004 2848 3064 οἷον
2885 3013 3020 3081 ἡμίν
3050 3011 3148 3080 τῆς
3171 3013 3448 3081 ἀφθονίας
3471 3069 3476 3072 _
3501 3011 3607 3064 τῶν
3639 3009 3732 3078 μύ-

2158 3121 2269 3176 ρων
2307 3103 2402 3156 καί
2455 3103 2558 3172 τῆς
2608 3103 2677 3157 ἐκ
2728 3103 2933 3157 τούτων
2985 3103 3181 3168 ἰάσεως
3233 3105 3590 3177 ἀφῃρηκέναι
3647 3100 3732 3154 καὶ

2153 3193 2306 3250 ταῦθ’
2341 3195 2490 3266 ἡμᾶς
2522 3193 2926 3266 ἠϐουλήθησαν,
2961 3209 3038 3260 ως
3081 3195 3248 3264 μηδὲν
3299 3197 3451 3266 ἔχειν
3492 3194 3584 3248 τοῦ
3632 3193 3730 3245 λοι-

473 3288 813 3357 Quapmpter
853 3286 1210 3355 superstratis
1245 3285 1607 3338 marmoribus
1653 3283 1901 3354 disjectis
1934 3301 2038 3338 un-

2158 3286 2253 3340 ποῦ
2279 3285 2486 3341 τούτων
2533 3287 2852 3354 ἀπολαύειν,
2894 3288 3087 3353 ὁσάκις
3141 3287 3208 3342 ἂν
3274 3290 3512 3350 ’ἕκαστος
3547 3286 3728 3340 δέοιτο.

469 3387 672 3449 guenta
714 3393 818 3434 non
849 3378 955 3433 levi
983 3378 1103 3432 nisu
1133 3377 1494 3442 exhauriunt,
1539 3387 1592 3430 et
1627 3392 1845 3430 sacrum
1911 3377 2045 3430 divi-

475 3487 718 3541 tmmqtte
781 3471 1038 3540 martyris
1101 3485 1300 3542 corpus
1369 3484 1691 3540 expromere
1758 3481 2051 3532 conantur,

474 3565 842 3635 opinabantur
875 3563 1144 3634 siquidem
1183 3563 1521 3632 propositum
1540 3561 1800 3631 consequi
1845 3577 2055 3631 nosque

449 3655 1344 3736 unguentoruminexhaustorum
1385 3655 1436 3709 in
1465 3656 1755 3710 orbitatem
1789 3657 2052 3726 redigere.

478 3747 887 3812 Verumtamen,
917 3763 1076 3818 quem
1096 3746 1200 3802 sibi
1239 3756 1440 3802 temere
1473 3757 1829 3817 proposuerat
1863 3761 2052 3802 eorum

475 3842 667 3905 libido,
708 3840 1000 3894 linemnon
1055 3839 1267 3895 babuit.
1302 3837 1410 3896 Per
1467 3842 1653 3910 plures
1710 3840 1896 3910 itaque
1943 3843 2057 3898 dies

473 3935 739 3989 ambabus
804 3929 1054 3988 manibus
1101 3943 1437 4012 unguentum
1491 3933 1954 3998 exltauriebutur,
2001 3945 2057 3991 et

472 4027 795 4094 quibusdam
813 4024 971 4093 plane
1005 4025 1292 4080 ridiculum
1331 4025 1617 4080 videbatur
1647 4042 1662 4090 ;
1688 4035 1744 4080 at
1802 4026 1895 4096 qui
1929 4027 2051 4095 plus

475 4115 600 4171 aliis
633 4115 937 4184 sapiebant,
965 4129 1106 4170 cura:
1139 4125 1259 4169 erat
1292 4115 1421 4169 illud
1452 4115 1507 4170 in
1534 4117 1765 4185 patriam
1788 4117 2057 4186 perduce-

477 4223 540 4263 re
587 4207 790 4262 etcum
848 4205 1150 4260 reverentia
1208 4205 1580 4276 religioneqne
1652 4217 2052 4264 contrectare:

479 4315 602 4355 nam
644 4299 710 4351 ab
739 4298 979 4366 expertis
1028 4297 1347 4350 audiverant
1375 4299 1445 4351 ad
1518 4297 1788 4366 quoslibet
1837 4300 2056 4354 morbos

439 4388 894 4455 ,medicinalibus
951 4387 1084 4457 ipsis
1191 4388 1504 4458 pbarmacis
1558 4387 1724 4442 multo
1783 4388 2058 4444 eilicacius

479 4495 623 4537 esse.
657 4477 1020 4532 Nihilominus
1045 4487 1440 4548 unguentorum
1462 4477 1665 4534 fontem
1699 4495 1801 4534 non
1829 4492 2057 4550 p0tuere

482 4586 659 4643 neque
679 4571 960 4626 exsiccare
1005 4585 1180 4640 neque
1203 4569 1507 4637 exinanire,
1536 4572 1787 4640 quamvis
1832 4572 1885 4626 id
1922 4589 2054 4627 con-

483 4633 773 4716 teniiusius
821 4633 1158 4729 multumque
1204 4674 1303 4731 per
1348 4633 1570 4731 tempus
1601 4663 1925 4718 niterentur.
1982 4661 2050 4718 Et
2080 4633 2132 4694 D

483 4755 683 4807 nterito
712 4768 727 4816 ;
771 4766 946 4818 neque
980 4751 1123 4806 enim
1146 4751 1380 4806 humana
1415 4763 1704 4824 exaequant
1733 4770 1852 4825 quae
1907 4753 2052 4810 Dens

384 4919 390 4922 _
480 4847 659 4918 dignis
693 4846 973 4916 elargitur,
1004 4844 1163 4900 sicuti
1222 4859 1322 4900 nec
1357 4843 1552 4900 iisdem
1614 4845 1865 4904 terminis
1913 4850 2049 4904 sub-

477 4943 684 5012 iacent.

554 5117 702 5171 idem
723 5116 828 5170 hoc
855 5114 1124 5169 nefarium
1154 5111 1365 5169 facinus
1385 5114 1531 5168 circa
1562 5127 1762 5172 sanctae
1791 5128 1845 5172 et
1879 5134 2061 5189 tner-

484 5207 708 5279 blytidis
744 5204 1044 5260 Tlteodora:
1097 5204 1454 5259 sacerrimum
1507 5208 1741 5262 cadaver
1785 5219 2056 5275 patratum

483 5308 591 5359 est,
613 5297 752 5365 quod
779 5310 900 5349 cum
933 5297 984 5347 in
1022 5295 1307 5363 superﬁcie
1329 5295 1560 5364 iaceret,
1581 5297 1699 5352 solo
1730 5310 2060 5366 prOSIratum

487 5395 543 5458 (ο
577 5388 883 5449 audaciam,
921 5401 954 5438 u
991 5402 1186 5439 manus
1233 5388 1600 5442 exsecrandas
1626 5390 1666 5460 l)
1697 5399 1753 5444 et
1791 5389 1846 5444 in
1881 5393 2061 5446 varias

487 5491 670 5552 partes
686 5479 1017 5546 discerptum
1041 5491 1119 5531 est
1141 5493 1158 5543 ;
1179 5491 1313 5547 quas
1332 5480 1403 5545 pii
1428 5480 1677 5536 homines
1695 5497 2060 5549 assumemes,

487 5573 624 5626 alius
651 5571 760 5623 alio
789 5570 958 5636 prius,
991 5577 1246 5637 tanquam
1283 5568 1430 5622 nulla
1469 5571 1715 5625 mercede
1742 5573 2062 5634 conductam

488 5665 806 5718 medicinam
849 5669 1228 5726 asportarunt;
1258 5671 1438 5728 postea
1480 5661 1680 5715 eaedem
1727 5664 2049 5728 recollectm,

487 5759 572 5828 qui
603 5755 926 5815 habuerant,
949 5753 1068 5805 aliis
1093 5751 1266 5821 pretio
1288 5753 1715 5818 restituentibus,
1743 5755 1866 5808 aliis
1886 5760 2056 5825 gratis

487 5845 741 5901 tinnitibus
769 5855 988 5910 propter
1025 5858 1086 5898 ea
1122 5856 1242 5913 quae
1276 5844 1324 5898 in
1358 5858 1416 5899 se
1462 5845 1769 5899 nutriebant
1793 5848 1878 5915 pia
1921 5866 2052 5903 con-

2160 3379 2252 3432 Διὸ
2289 3377 2385 3432 καὶ
2415 3373 2889 3450 καταϐεϐληκότες
2929 3379 3030 3442 τὰς
3072 3380 3160 3433 ἐπ’
3209 3383 3357 3452 αὐτῇ
3416 3379 3729 3451 μαρμάρους

2158 3470 2268 3524 τῶν
2293 3469 2481 3542 μύρων
2503 3470 2762 3525 ἔσπευδον
2793 3471 2963 3541 αὐτὴν
2986 3473 3298 3528 ἐκκενῶσαι
3340 3475 3440 3528 καὶ
3482 3473 3543 3526 τὸ
3596 3471 3728 3540 ίερδν

2163 3564 2257 3617 καὶ
2283 3564 2428 3617 θετον
2453 3562 2709 3633 λείψανον
2731 3563 2829 3618 τοῦ
2855 3565 3134 3635 μάρτυρος
3163 3566 3431 3620 ἐκϐαλεῖν
3461 3584 3475 3598 ο
3515 3564 3727 3636 ἡγοῦντο

2160 3655 2270 3726 γὰρ
2293 3655 2387 3708 τοῦ
2423 3655 2627 3709 σκοποῦ
2675 3653 2865 3710 τούτου
2923 3660 3252 3730 κατατυχεῖν
3294 3660 3394 3714 καὶ
3436 3660 3580 3729 ἡμᾶς
3631 3654 3726 3709 τῶν

2161 3747 2450 3800 ἁκενὼτων
2480 3745 2669 3816 μύρων
2699 3745 3023 3802 καταλιπεῖν
3041 3750 3263 3815 ἐνδεεῖς.
3327 3752 3478 3822 Πλὴν
3507 3751 3618 3804 ἀλλ’
3637 3748 3724 3801 οὐκ

2163 3838 2243 3900 είς
2273 3836 2425 3900 τέλος
2459 3831 2570 3889 οἷον
2605 3836 2757 3890 αὐτοὶ
2795 3837 3083 3908 σφαλερῶς
3133 3840 3546 3910 προσεδόκωνή
3591 3837 3724 3905 σφῶν

2161 3927 2426 3997 ἐπιθυμία
2454 3927 2637 3998 ἐξέϐη.
2678 3928 3002 3998 Ἐξήντλουν
3029 3929 3126 3986 οὖν
3161 3930 3222 3984 τὸ
3255 3933 3436 4003 μύρον
3467 3934 3586 3993 ταῖς
3610 3943 3722 3998 χερ·

2163 4021 2250 4073 σὶν
2274 4019 2610 4090 ἀμφοτέραις
2648 4020 2734 4090 ἐφ’
2770 4020 2964 4086 ἱκανὰς
3019 4021 3124 4083 τὰς
3171 4023 3411 4094 ἡμέρας.
3469 4022 3574 4075 Καὶ
3625 4019 3723 4078 τοῖς

2166 4113 2265 4183 μὲν
2291 4110 2365 4180 ῷς
2403 4129 2456 4164 τι
2483 4110 2688 4178 γελοῖον
2720 4111 2896 4165 ἐδόκει
2920 4127 2935 4142 ο
2994 4105 3074 4176 οἷς
3097 4113 3154 4166 δὲ
3182 4113 3308 4178 νοῦς
3329 4113 3474 4184 ὑπὲρ
3493 4111 3614 4172 τοὺς
3640 4107 3722 4161 ἄλο

2161 4203 2283 4267 λους
2313 4204 2477 4273 ὑπῆν,
2504 4204 2715 4269 τούτοις
2763 4198 2833 4273 ἦν
2874 4205 3134 4274 ἐπιμελὲς
3177 4207 3318 4278 πρὸς
3371 4207 3472 4276 τὴν
3528 4201 3719 4258 έαυτῶν

2161 4291 2321 4344 τοῦτο
2358 4292 2748 4361 μετακομίζειν
2788 4292 2884 4345 καὶ
2937 4293 3056 4362 μετ’
3096 4294 3280 4358 αἰδοῦς
3329 4293 3599 4349 ἅπτεσθαι
3638 4287 3715 4341 καὶ

2164 4380 2505 4452 σεϐάσματος
2538 4397 2554 4412 ο
2579 4380 2914 4452 ἠκηκόεισαν
2947 4383 3056 4455 γὰρ
3083 4385 3219 4454 πρὸς
3247 4385 3358 4438 τῶν
3387 4379 3715 4450 πεπειραμέ-

2162 4490 2269 4525 νων
2297 4473 2372 4536 ὡς
2401 4472 2668 4540 ἰατρικῶν
2705 4474 3013 4544 φαρμάκων
3046 4476 3195 4528 ἐστὶν
3224 4477 3622 4548 ἐνεργέστερον,
3650 4470 3718 4530 εἰς

2163 4559 2276 4620 οἷον
2301 4566 2366 4621 ἄν
2393 4583 2475 4630 τις
2503 4566 2770 4637 χρήσαιτο
2796 4568 2988 4632 πάθος.
3031 4569 3176 4640 Πλὴν
3208 4571 3324 4624 ἀλλ’
3362 4571 3465 4624 ούκ
3488 4567 3715 4622 ἐδύναντο

2159 4661 2257 4728 τὴν
2287 4657 2396 4712 τῶν
2423 4657 2612 4728 μύρων
2647 4659 2826 4732 πηγὴν
2865 4659 3036 4730 ξηρὰν
3097 4663 3192 4716 καὶ
3237 4664 3471 4733 ἁνικμον
3522 4654 3717 4723 ἀποφῆ-

2159 4768 2268 4813 ναι,
2334 4752 2538 4821 καίπερ
2593 4750 2761 4805 πολὺν
2830 4752 2973 4824 ὑπὲρ
3019 4754 3213 4807 τούτου
3287 4753 3593 4823 ποιούμενοι
3633 4745 3714 4798 τὸν

2157 4844 2368 4913 ἀγῶνα.
2404 4843 2512 4898 Καὶ
2547 4846 2770 4910 είκότως
2800 4861 2816 4878 ο
2847 4846 2908 4899 ού
2941 4845 3050 4914 γὰρ
3077 4845 3169 4900 lca
3217 4850 3330 4910 τοῖς
3377 4839 3712 4912 ἀνθρωπίνοις

2163 4938 2230 4990 τε
2261 4935 2395 5006 πρὸς
2432 4934 2568 4988 θεοῦ
2597 4938 2709 4999 τοῖς
2761 4936 2932 5000 ἀξίοις
2981 4937 3380 5007 κεχαρισμένα,
3436 4929 3709 4998 ἐπειδήπερ

2165 5025 2301 5096 μηδὲ
2332 5029 2446 5090 τοῖς
2477 5010 2659 5092 αύτοϊς
2689 5027 3005 5082 ὑπόκεινται
3031 5029 3197 5099 ὅροις.
3630 5078 3646 5094 ,

2235 5116 2448 5186 Ταύτην
2477 5120 2575 5186 τὴν
2605 5119 2851 5188 πονηρὰν
2866 5119 3212 5183 ἐπεδείξαντο
3244 5120 3469 5189 γνώμην
3491 5113 3575 5168 καὶ
3597 5106 3708 5175 ’περι

2163 5209 2224 5260 τὸ
2255 5211 2349 5278 τῆς
2376 5212 2526 5272 ὁσίας
2570 5211 2663 5263 καὶ
2699 5211 3091 5282 μυροϐλήτιδος
3119 5212 3398 5279 Θεοδώρας
3445 5206 3708 5274 ἱερώτατον

2160 5298 2504 5367 λείψανον,.ὂ
2537 5301 2631 5352 καὶ
2657 5300 2731 5363 ὡς
2759 5301 3021 5370 ἐπιπολῆς
3052 5302 3305 5372 κείμενον
3361 5295 3627 5367 ἀπερρίφη
3655 5303 3703 5337 τε

2160 5391 2302 5442 κατά
2336 5393 2456 5460 ﬁlis
2479 5390 2524 5443 ὦ
2553 5392 2756 5462 τόλμης
2795 5393 2890 5444 καὶ
2918 5393 3131 5461 μιαρῶν
3155 5395 3352 5464 χειρῶν
3377 5395 3390 5446 ι
3419 5391 3510 5443 καὶ
3567 5395 3705 5437 κατε-

2161 5480 2408 5552 Θραύσοη
2443 5484 2518 5542 εἱ.
2557 5484 2720 5554 μέρη.
2757 5483 2794 5538 ἃ
2838 5484 2903 5554 δὴ
2955 5484 3049 5537 κα)⁸
3112 5486 3218 5538 τῶν
3282 5483 3533 5553 φιλοθέων
3580 5471 3702 5527 τινὲς

2162 5574 2481 5644 ἀνελόμενοι
2517 5576 2674 5639 ἄλλος
2704 5581 2802 5645 μὲν
2835 5576 3067 5646 ἀλλαχοῦ
3100 5578 3363 5647 πρότερον
3391 5576 3463 5635 ὡς
3500 5563 3700 5634 “ira”

2163 5663 2395 5732 ἄμισθον
2423 5667 2768 5734 ἅπεκόμισαν
2793 5683 2809 5700 ο
2849 5666 3074 5736 ὕστερον
3107 5668 3164 5719 δὲ
3209 5669 3305 5720 καὶ
3336 5664 3499 5719 ταῦτα
3526 5652 3689 5718 συνῆκ·

2162 5773 2252 5808 ται
2284 5757 2389 5808 τῶν
2422 5758 2723 5827 εἰληφότων
2755 5759 2861 5813 τῶν
2895 5759 2994 5828 μὲν
3034 5760 3382 5829 ἀποδομένων
3422 5751 3583 5806 ταῦτα
3625 5756 3696 5796 τι·

2164 5852 2269 5920 μῆς
2291 5850 2594 5919 ἀργυρίων,
2619 5851 2724 5902 τῶν
2759 5849 2813 5903 δὲ
2845 5851 3228 5921 χαρισαμένων
3257 5849 3336 5902 δι’
3356 5849 3419 5916 ἢν
3444 5844 3588 5909 ἔσχον
3616 5846 3694 5898 ii"
