3990 6562
355 241 460 302 617

1352 237 1446 296 DE
1487 235 1801 296 EXCIDIO
1839 231 2564 295 TBESSALONICENSI-

3459 230 3564 294 618

344 348 530 404 λόθσον
559 341 802 418 γνώμην,
832 347 866 401 ἃ
897 347 993 402 καὶ
1017 350 1094 412 είς
1134 348 1249 411 ἐνὸς
1282 345 1436 410 αὖθις
1465 346 1902 418 συναρμοσθέντα

2020 346 2146 410 tilia,
2174 346 2352 400 denuo
2379 348 2432 400 iu
2469 363 2630 401 unam
2659 348 2852 419 integri
2886 350 3129 415 corporis
3155 346 3382 401 formam
3415 363 3568 402 com—

229 471 240 478 ο
346 441 601 510 σώματος
632 440 942 508 όλομέλειαν
971 439 1262 508 θαυμάτων
1313 442 1561 510 ἐνεργείᾳ
1606 438 1730 492 καθ’
1777 439 1906 492 ἐκά-

345 548 479 600 στην
501 531 747 598 ἀφθόνως
767 530 1107 597 πηγάςουσιν
1132 533 1212 594 είς
1256 530 1414 594 δόξαν
1461 530 1554 581 καὶ
1604 525 1757 590 αὖθις
1809 527 1902 580 τοῦ

329 625 527 677 ’πάντα
583 623 744 676 πᾶσιν
787 623 1082 689 ἐπάγοντος
1150 622 1324 690 λόγοις
1374 620 1684 689 οἰκονομίας
1732 621 1903 690 appr;-

341 732 460 768 του.

415 806 505 871 ιζ’.
571 807 786 862 Τούτων
839 807 981 861 οῦ;ω
1031 807 1448 876 προϐεϐηκότων
1499 805 1593 859 καὶ
1636 804 1906 870 ἀκοσμίας

341 897 529 957 πάσης
553 897 924 966 γεγενημένης
947 896 1054 966 (διὰ
1071 897 1286 949 πάντων
1308 895 1414 963 γὰρ
1437 895 1549 948 τῶν
1571 895 1628 945 ἐν
1657 895 1720 959 τῇ
1753 892 1905 944 πόλει

342 987 663 1056 κεχώρηκεν
681 989 716 1056 ἡ
750 987 1086 1056 καταφθορά)
1108 983 1287 1040 οἶκτον
1308 988 1399 1041 ἐπὶ
1417 985 1622 1046 τούτοις
1639 987 1664 1037 ό
1687 983 1911 1048 Μουρά-

338 1091 441 1142 της
472 1077 740 1142 λαμᾶἀνει
777 1080 874 1145 τῆς
897 1078 1124 1138 πόλεως.
1160 1079 1266 1129 Καὶ
1287 1075 1481 1145 πρῶτα
1523 1078 1621 1142 μὲν
1644 1075 1768 1136 τσὺς
1797 1073 1911 1125 εἱσ-

359 1168 540 1229 ιόντας
567 1171 682 1232 ἅμα
717 1167 794 1235 τῷ
839 1169 978 1221 κατά
1010 1166 1160 1221 δύσιν
1189 1166 1477 1236 στρατηγῷ
1503 1164 1779 1234 Τούρκους
1812 1162 1911 1224 τὰς

355 1259 466 1313 τῶν
487 1258 848 1328 αἰχμαλώτων
891 1259 1065 1321 οἰκίας
1129 1259 1340 1320 ἑαυτοῖς
1384 1257 1763 1325 διανείμαντας
1822 1255 1916 1304 καὶ

347 1348 554 1410 ταύτας
585 1348 727 1417 ἔχειν
752 1347 840 1400 διὰ
884 1347 1000 1416 βίου
1027 1347 1227 1411 παντὸς
1282 1348 1579 1416 ἠλπικότας
1639 1343 1914 1409 ἐξελαύνει

343 1443 440 1493 καὶ
477 1443 556 1509 μὴ
587 1440 1070 1510 προθυμουμένους
1101 1440 1200 1505 τῆς
1256 1439 1484 1500 πόλεως,
1541 1434 1783 1490 ἐπειπὼν
1841 1433 1916 1495 ὡς

346 1532 537 1600 Ἀρκεῖ
566 1531 664 1600 μέν
697 1534 825 1598 ύμῖν
852 1532 918 1583 τά
968 1531 1243 1600 χρήματα,
1275 1529 1368 1580 καὶ
1406 1527 1498 1590 οὒς
1551 1525 1679 1594 παρ’
1731 1524 1916 1576 ἐλπίδα

341 1622 565 1685 δούλους
591 1624 892 1691 ἐκτήσασθε
925 1639 940 1654 ο
999 1623 1100 1690 τὴν
1130 1622 1186 1674 δέ
1235 1638 1298 1686 γε
1345 1620 1500 1672 πόλιν
1537 1619 1680 1687 ἐχειν
1740 1615 1915 1683 ἔγωγε

345 1715 632 1782 βούλομαι,
666 1715 876 1766 πολλῶν
898 1715 1212 1782 διὰταύτην
1231 1711 1500 1780 διηνυκὼς
1524 1711 1640 1764 ὁδὸν
1663 1708 1910 1778 ἡμερῶν.

343 1811 435 1862 καὶ
461 1810 626 1860 πόνον
655 1806 972 1873 ὑπενεγκὼν
1025 1807 1149 1858 ὅσον
1201 1803 1499 1872 ἐγνώκατε.
1577 1801 1808 1852 Ἔπειτα
1851 1799 1908 1851 δὲ

345 1899 486 1967 πρὸς
512 1898 608 1950 τὸν
637 1897 894 1948 Γαλλικδν
927 1896 1166 1965 ποταμὸν
1203 1895 1464 1963 μεταόἀς,
1491 1894 1654 1960 ἐγγὺς
1685 1892 1785 1960 τῆς
1818 1889 1916 1940 πό-

341 1989 481 2052 λεως
515 1989 710 2060 ῥέοντα
752 1989 890 2040 κατά
927 1989 1018 2040 τὸν
1044 1987 1236 2057 καιρὸν
1279 1986 1510 2054 μάλιστα
1561 1982 1653 2036 τοῦ
1714 1981 1916 2052 χειμῶ-

344 2097 456 2141 νος,
497 2080 698 2148 βουλὴν
757 2078 1022 2147 ἐσκέψατο
1053 2079 1184 2131 πᾶσί
1233 2094 1292 2129 τε
1341 2076 1604 2142 ἀδόκητον
1639 2073 1773 2134 ὅλως
1821 2074 1916 2123 καὶ

345 2169 684 2238 συστατικὴν
713 2169 812 2236 τῆς
845 2169 1176 2229 ἑαλωκυίας.
1218 2168 1368 2219 Ἰδὼν
1400 2170 1503 2236 γάρ
1539 2165 1692 2218 πόλιν
1724 2162 1916 2215 τοσαύ-

345 2279 447 2332 την
469 2263 572 2314 καὶ
604 2260 746 2313 οῦτω
769 2261 1027 2328 κειμένην
1053 2263 1117 2327 τῇ
1161 2259 1396 2328 θαλάττῃ
1445 2275 1502 2310 τε
1557 2253 1918 2326 προσομιλοῦ⁴

355 2370 455 2404 σαν
489 2355 592 2404 καὶ
626 2353 802 2404 πάντα
825 2352 1003 2416 δεξιὰν
1045 2351 1231 2409 οὖσαν.
1267 2349 1495 2426 ᾤκτειρέ
1527 2365 1586 2399 τε
1616 2348 1785 2415 αὐτὴν
1825 2347 1918 2398 καὶ

353 2442 518 2495 πάλιν
546 2443 746 2494 οἰκίσαι
776 2439 1089 2507 βεδούλητο.
1113 2438 1224 2490 Καὶ
1243 2437 1307 2505 δὴ
1337 2438 1550 2505 πρῶτον
1579 2435 1677 2504 μὲν
1705 2432 1918 2503 ἀνθρώ-

353 2549 486 2594 πους
513 2532 854 2600 ἀριθμητοὺς
907 2531 1012 2581 τῶν
1061 2528 1474 2598 ἐπισημοτέρων
1509 2524 1630 2579 καθ’
1675 2519 1812 2589 αἷμά
1857 2539 1916 2574 τε

349 2622 442 2672 καὶ
474 2621 802 2686 συγγένειαν
826 2620 922 2687 τῆς
953 2618 1196 2679 δουλείας
1223 2615 1564 2686 ἀπηλλάχθαι
1589 2612 1915 2683 προσέταξε,

349 2709 720 2782 παρεσχηκὼς
752 2710 911 2770 αὐτὸς
939 2711 1005 2762 τά
1043 2709 1234 2778 λύτρα,
1266 2709 1359 2761 καὶ
1394 2709 1459 2776 τῇ
1501 2706 1651 2758 πόλει
1697 2703 1919 2766 τούτους

349 2800 771 2869 ἐγκατοικῆσαι,
808 2799 998 2852 ἔπειτα
1023 2801 1078 2852 δὲ
1119 2802 1186 2851 τά
1218 2797 1685 2851 καταπεπτωκότα
1713 2793 1917 2857 ταύτης

352 2896 409 2945 ἐν
432 2893 516 2963 τῷ
549 2891 768 2960 πολέμῳ
795 2875 933 2960 μέρη
959 2891 1167 2958 ταχέως
1195 2906 1253 2941 τε
1293 2885 1648 2957 ἀνορθοῦσθαι
1702 2885 1796 2936 καὶ
1844 2885 1918 2946 ὡς

2009 439 2198 506 positae
2229 439 2610 493 miraculorum
2642 440 2876 494 emi-acia
2909 440 3150 509 quotidie
3177 440 3460 494 alliuenter
3486 440 3572 493 in-

2011 538 2320 589 notescunt,
2366 531 2416 584 iu
2466 531 2691 600 gloriam
2728 545 2916 586 rursus
2957 531 3095 597 eius,
3125 532 3220 600 qui
3243 534 3422 586 omnia
3453 546 3572 586 om-

2013 620 2162 670 nium
2215 621 2349 688 regit
2379 621 2797 693 moderaturque
2827 637 2938 678 suae
2971 622 3322 692 providentiae
3362 623 3578 676 inenar-

2012 709 2169 762 rabili
2205 712 2432 765 ratione.

2088 798 2174 854 i7.
2213 799 2307 854 llis
2339 801 2441 855 boe
2481 803 2646 857 modo
2677 804 2930 885 peractis,
2967 805 3325 873 omnibusque
3373 803 3580 856 incom-

2013 890 2203 958 positis
2231 907 2292 945 ac
2320 893 2551 960 turpiter
2578 892 2914 960 deformatis,
2945 911 3040 964 per
3067 896 3244 949 omnia
3281 895 3578 964 siquidem.

2015 995 2138 1048 quae
2170 981 2222 1033 in
2249 982 2380 1036 urbe
2403 993 2583 1046 erant,
2611 984 2794 1039 clades
2818 996 3062 1054 grassata
3089 995 3192 1050 est,
3219 985 3426 1040 amicae
3449 986 3582 1038 civi-

2017 1071 2142 1124 tatis
2179 1072 2409 1128 fortunte
2439 1073 2702 1130 Muratem
2735 1079 2803 1131 ad
2849 1079 3278 1134 misericordiam
3311 1078 3577 1132 alliciunt.

2016 1159 2081 1213 Et
2107 1164 2338 1228 primum
2368 1165 2582 1232 quidem
2610 1167 2700 1234 qui
2729 1182 2850 1220 cum
2880 1183 3106 1222 occasus
3137 1169 3274 1222 duce
3303 1170 3581 1236 immigra-
3689 1209 3700 1216 .

2018 1261 2164 1315 rant,
2209 1255 2410 1321 quique
2448 1256 2783 1323 captivorum
2815 1260 2959 1314 aedes
2991 1261 3090 1313 sibi
3119 1261 3415 1314 diviserant
3443 1258 3576 1312 sibi-

2017 1353 2124 1409 que
2140 1355 2230 1395 eas
2247 1343 2447 1399 habere
2467 1361 2562 1413 per
2583 1348 2704 1402 vita:
2723 1350 2956 1418 spatium
2981 1361 3356 1419 speraverant,
3371 1349 3580 1404 Tui-cas

2018 1429 2180 1482 etiam
2225 1432 2423 1488 invitos
2459 1435 2788 1505 urbeipellit,
2824 1440 3118 1509 inquiens:
3154 1461 3174 1494 ι
3215 1441 3387 1511 Large
3427 1441 3583 1497 vobis

2019 1519 2285 1574 sulliciunt
2313 1526 2559 1590 pecunia:
2581 1537 2632 1582 et
2667 1541 2862 1596 praeter
2889 1545 3039 1598 spem
3073 1534 3408 1601 captivorum
3441 1547 3585 1603 quaa-

2019 1619 2137 1664 stns
2163 1628 2177 1664 :
2215 1615 2404 1668 urbem
2432 1617 2561 1672 mibi
2583 1619 2695 1688 ipse
2725 1635 2964 1686 reservo,
2992 1626 3132 1690 quod
3153 1625 3221 1677 ob
3245 1640 3361 1677 eam
3387 1624 3584 1678 mullo-

2020 1715 2136 1753 rum
2164 1702 2373 1756 dierum
2422 1706 2526 1760 iter
2565 1708 2796 1774 confeci,
2833 1725 3036 1780 eosque
3082 1713 3294 1768 labores
3344 1714 3582 1769 sustinui

2015 1805 2150 1858 quos
2176 1796 2763 1863 vosoptime‘nostis.»
2787 1797 2923 1854 Tum
2957 1804 3022 1856 ad
3046 1801 3308 1856 Gallicum
3333 1802 3580 1875 ﬂuvium,

2016 1885 2106 1950 qui
2137 1900 2302 1952 prope
2331 1888 2630 1954 civitatem,
2651 1901 2704 1944 et
2725 1891 2950 1946 hiberna
3001 1894 3342 1963 potissimum
3375 1905 3583 1963 tempe-

2017 1983 2180 2039 state,
2205 1989 2423 2030 cursum
2450 1988 2620 2043 tenet,
2655 1995 2906 2051 pergens,
2935 1985 3218 2038 consilium
3252 1993 3447 2054 praeter
3465 1999 3584 2037 om-

2019 2078 2140 2115 nem
2174 2071 2636 2132 exspectationem
2672 2072 2790 2135 init.
2817 2075 2910 2126 sed
2960 2086 3132 2142 capta:
3166 2075 3286 2128 urbi
3311 2075 3466 2130 valde
3496 2091 3584 2130 sa-

2018 2153 2212 2211 lutare.
2247 2155 2614 2215 Considerans
2663 2165 2808 2217 enim
2855 2165 3004 2219 urbis
3055 2167 3481 2234 magnitudinem
3527 2179 3584 2221 et

2019 2244 2179 2298 situm
2229 2250 2361 2301 mari
2424 2255 2750 2320 proximum,
2792 2267 3021 2326 eamque
3078 2270 3466 2323 congruentem
3527 2270 3581 2313 et

2018 2345 2198 2402 aptam
2218 2338 2281 2390 ad
2306 2343 2509 2406 onmia,
2526 2344 2941 2400 commiseratus
2965 2347 3107 2400 illius
3128 2349 3433 2402 reliciendze
3450 2365 3580 2402 con-

2018 2424 2197 2479 silium
2229 2418 2394 2493 capit.
2420 2429 2658 2486 Primum
2685 2437 2898 2503 quidem
2929 2438 3175 2493 homines
3205 2455 3308 2492 non
3337 2451 3586 2494 contem-

2019 2519 2197 2571 nendo
2229 2535 2472 2586 numero,
2506 2528 2771 2594 sanguine
2808 2539 2861 2582 et
2896 2541 3018 2584 ortu
3067 2533 3497 2598 spectabiliores,
3551 2547 3579 2587 a

2019 2609 2283 2663 servitute
2313 2612 2425 2666 suis
2461 2617 2762 2682 sumptibus
2796 2620 3053 2676 liberatos
3083 2625 3380 2686 mandavit,
3409 2634 3468 2676 ut
3499 2625 3584 2677 in-

2023 2708 2104 2754 tra
2139 2702 2326 2755 urbem
2378 2705 2706 2762 domicilium
2755 2709 3016 2766 haberent
3044 2729 3060 2778 ;
3092 2715 3286 2768 deinde
3317 2726 3371 2770 ut
3403 2725 3585 2786 partes

2021 2789 2167 2846 illius
2204 2792 2343 2846 bello
2389 2797 2640 2865 collapsze
2671 2800 2923 2856 celeriter
2956 2816 3340 2873 repararentur
3397 2810 3580 2876 pristi—

2021 2897 2202 2951 noque
2251 2885 2429 2940 decori
2481 2891 2915 2947 restituerentur.
2949 2894 3015 2948 Et
3068 2899 3318 2952 mandata
3368 2901 3586 2968 quidem

351 2985 624 3053 πρότερον
653 2978 792 3050 ἦσαν
820 2982 1237 3050 ἐγκαταστῆναι.
1279 2981 1387 3031 Καὶ
1415 2979 1476 3030 τὸ
1512 2980 1609 3048 μὲν
1639 2978 1916 3046 πρόσταγ-

2026 2974 2141 3029 haec
2163 2987 2338 3031 erant.
2369 2975 2505 3030 Tum
2536 2980 2651 3048 ipse
2685 2999 2873 3038 rursus
2908 2994 3054 3039 moto
3081 2991 3322 3041 exercitu
3362 2991 3427 3044 ad
3455 2989 3588 3045 Bar-

356 3094 430 3142 μα
456 3073 637 3136 οὕτως
669 3072 834 3143 εἶχεν,
857 3072 1029 3144 αὐτὸς,
1049 3071 1105 3125 δὲ
1134 3071 1478 3139 μεταστήσας
1501 3073 1597 3123 καὶ
1637 3067 1793 3132 αὖθις
1822 3071 1920 3138 τὴν

353 3161 622 3230 στρατιὰν
651 3161 795 3230 παρὰ
843 3162 940 3224 τὰς
993 3161 1157 3230 ὄχθας
1187 3160 1279 3213 τοῦ
1313 3159 1560 3229 ποταμοῦ
1617 3160 1918 3231 Βαρδαρίου

351 3252 916 3323 ἐστρατοπεδεύσατο.
946 3253 1117 3305 Ἔνθα
1144 3251 1206 3322 δὴ
1235 3251 1329 3304 καὶ
1357 3252 1625 3321 μερισμὸς
1653 3255 1920 3322 παντελὴς

350 3343 456 3394 τῶν
493 3340 817 3394 ἑαλωκότων
847 3341 1082 3408 ἐγένετο.
1129 3340 1284 3392 Ὀσοι
1312 3340 1410 3408 μὲν
1452 3341 1559 3407 γάρ
1589 3339 1697 3390 τῶν
1724 3342 1924 3411 αἰχμα-

352 3432 564 3493 λώτων,
597 3431 628 3501 ἢ
666 3431 735 3483 δι’
753 3425 827 3482 ὧν
857 3431 1102 3492 εἰπόντες
1137 3429 1380 3499 ἐφθημεν
1410 3428 1674 3498 λύτρωνῆ
1700 3430 1758 3494 ἐξ
1789 3431 1920 3482 ἐαυ-

351 3523 457 3572 τιῦν
496 3521 530 3588 ἢ
571 3519 907 3590 Χριστιανῶν
939 3519 998 3582 ἐξ
1024 3519 1244 3588 ἐτέρων,
1301 3521 1365 3571 ἐκ
1404 3517 1676 3588 διαφόρων
1728 3520 1922 3588 χωρῶν

353 3614 448 3665 καὶ
489 3612 698 3664 πόλεων
729 3611 1173 3680 συνειλεγμένων,
1206 3612 1405 3680 τρόπον
1447 3611 1665 3680 ἐξεῦρον
1713 3611 1923 3664 ἐλευθε-

356 3701 484 3770 ρίας
510 3701 652 3762 τινὰ,
680 3700 1050 3768 τετυχήκεσαν
1079 3699 1283 3768 ταύτης
1311 3698 1389 3750 ἐτι
1411 3698 1488 3767 τῷ
1518 3700 1745 3768 ποταμῷ
1781 3700 1922 3752 Γαλ-

354 3789 494 3858 λικῴ
525 3788 620 3842 τοῦ
643 3789 930 3859 Μουράτον
955 3789 1402 3857 ἐνδιατρίϐοντος.
1439 3789 1623 3849 Ὄσοις
1644 3790 1699 3841 δέ
1725 3791 1922 3858 τρόπος

354 3881 445 3931 ὑπ’
466 3879 700 3948 ἀπορίας
736 3876 1036 3946 τηνικαῦτα
1061 3878 1159 3945 οὐχ
1185 3875 1432 3944 εὓρηται,
1453 3879 1674 3939 τούτους
1695 3878 1923 3942 ἕκαστος

358 3990 413 4024 ;ν
439 3973 562 4032 ταῖς
590 3971 796 4022 ἐαυτῶν
828 3968 1049 4038 πατρίσι
1069 3971 1164 4021 καὶ
1194 3971 1376 4030 τόποις
1433 3969 1766 4037 ἐξέπεμψαν,
1823 3975 1922 4034 τὰς

359 4065 423 4115 ἐκ
461 4064 558 4131 τῆς
587 4061 828 4122 δουλείας
876 4062 1120 4127 ἀνάγκας
1159 4060 1580 4129 ὑφισταμένους,
1627 4062 1816 4131 μέχρις
1857 4062 1925 4115 ἂν

255 4150 260 4154 ’
363 4153 830 4222 ύπονοστήσαντες
853 4153 921 4204 τα
952 4151 1104 4220 σφῶν
1151 4153 1435 4222 τιμήματα
1465 4153 1757 4207 διαθῶνται
1786 4169 1801 4185 ο
1860 4155 1922 4207 ού

358 4243 468 4313 γὰρ
500 4241 752 4294 ἐδύναντο
777 4242 868 4294 καλ⁹
904 4242 1121 4302 τούτους
1142 4242 1322 4295 ἕλκειν
1345 4245 1563 4313 μακρὰν
1610 4246 1920 4314 ἀπερχόμεο

357 4350 437 4387 νοι
499 4334 593 4387 καὶ
648 4333 784 4402 πρὸς
839 4333 1076 4400 πόλεμον
1120 4333 1326 4402 ἓτερον.
1383 4330 1535 4396 Εἶδες
1567 4334 1632 4388 ἂν
1683 4335 1774 4388 οῦν
1795 4338 1917 4402 τοὺς

357 4423 638 4493 δυστυχεῖς
665 4425 790 4486 τοὺς
824 4425 921 4494 μὲν
945 4427 1036 4477 ἐπὶ
1065 4425 1133 4476 τὰ
1157 4429 1253 4494 τῆς
1291 4425 1462 4496 Ἐῴας
1491 4429 1615 4488 τοῦς
1642 4427 1686 4478 δ’
1712 4428 1804 4480 ἐπὶ⁵
1857 4430 1925 4482 τὰ

355 4514 457 4582 τῆς
493 4513 763 4582 Ἑσπέρας
804 4517 944 4584 μέρη
975 4514 1371 4585 διασπαρέντας
1393 4531 1406 4545 ο
1430 4519 1479 4568 οι
1531 4516 1629 4585 μὲν
1664 4517 1772 4589 γὰρ
1799 4524 1922 4585 τοὺς

2024 3066 2414 3121 dariilluminis
2447 3071 2589 3137 ripas
2611 3081 2786 3126 castra
2823 3084 3098 3141 metatur;
3128 3079 3218 3132 ubi
3247 3081 3582 3148 captivorum

2025 3157 2248 3224 partitio
2306 3159 2622 3215 absolvitur.
2657 3161 2790 3218 Nam
2815 3168 3037 3234 captivi,
3063 3169 3178 3223 sive
3211 3171 3408 3239 pretio,
3443 3173 3588 3242 quod

2024 3261 2182 3314 supra
2203 3249 2502 3312 innuimus.
2523 3251 2638 3306 sive
2661 3269 2755 3322 per
2781 3271 2839 3310 se
2861 3257 3030 3326 ipsos,
3061 3259 3176 3314 sive
3208 3275 3302 3330 per
3321 3262 3590 3316 Christia-

2027 3349 2124 3388 nos
2183 3335 2340 3399 alios,
2359 3352 2426 3392 ex
2457 3343 2622 3395 variis
2652 3344 2880 3399 urbibus
2911 3357 2966 3400 et
2989 3350 3201 3416 oppidis
3231 3361 3466 3417 coactos,
3499 3369 3593 3422 p0-

2025 3425 2181 3477 cunia
2205 3437 2427 3496 erogata
2449 3428 2695 3487 libertate
2715 3436 2872 3503 potiti
2895 3449 3042 3503 sunt,
3063 3454 3180 3492 eam
3204 3441 3306 3495 sibi
3330 3443 3590 3510 habuere,
3627 3453 3636 3456 '

2025 3527 2150 3566 cum
2197 3517 2375 3570 adnue
2406 3523 2545 3588 apud
2584 3521 2847 3578 Gallicum
2873 3527 3094 3584 ﬂuvium
3141 3529 3376 3588 Ilnrates
3407 3549 3590 3591 moras

2024 3620 2243 3677 ageret:
2277 3613 2475 3680 quibus
2509 3629 2635 3672 vero
2682 3619 2753 3674 ob
2799 3633 3094 3695 egestatem
3117 3666 3133 3689 ,
3163 3635 3322 3696 atque
3353 3629 3585 3698 inepiam

2023 3715 2086 3753 ea
2121 3700 2226 3754 frui
2261 3718 2368 3757 non
2401 3708 2652 3776 contigit,
2687 3725 2782 3765 eos
2816 3714 3012 3782 singuli
3041 3715 3095 3770 in
3125 3719 3328 3786 patrias
3347 3720 3508 3776 sedes
3534 3735 3593 3776 et

2024 3792 2148 3847 loca'
2188 3796 2849 3872 dimiserunt,vservitutis
2895 3805 3232 3861 incommoda
3287 3810 3588 3876 subituros,

2023 3884 2194 3938 donec
2220 3885 2321 3953 ipsi
2355 3892 2696 3957 postmodum
2728 3895 2932 3948 reversi
2963 3896 3031 3949 de
3057 3910 3242 3950 eorum
3272 3900 3444 3968 pretio
3476 3904 3586 3955 (Ιίς-

2025 3977 2360 4044 posuissent.
2386 3979 2567 4048 Neque
2593 3984 2736 4037 enim
2771 3995 3020 4053 poterant
3039 4001 3222 4042 secum
3249 4006 3355 4043 una
3392 4008 3590 4046 conve-

2025 4069 2156 4122 bere
2191 4085 2285 4138 per
2324 4071 2538 4141 longum
2591 4074 2714 4140 iter,
2746 4091 2800 4129 et
2841 4077 2908 4131 ad
2953 4080 3097 4134 aliud
3140 4080 3334 4134 bellum
3372 4083 3592 4152 prolici-

2025 4171 2264 4216 scentes.
2334 4161 2574 4218 Vidisses
2625 4165 2908 4234 infelices,
2964 4169 3062 4223 hos
3120 4171 3334 4240 quidem
3378 4175 3442 4226 ad
3503 4191 3592 4230 or-

2026 4261 2176 4319 tmu,
2243 4255 2365 4310 illos
2427 4255 2491 4310 ad
2551 4273 2848 4324 occasum,
2911 4261 3209 4318 distractos
3260 4266 3588 4334 asportari:

2033 4360 2264 4416 namque
2307 4347 2359 4401 hi
2399 4361 2676 4417 parentes,
2737 4343 2830 4405 alii
2879 4352 3058 4420 ﬁlios,
3109 4355 3196 4408 alti
3248 4372 3447 4412 uxores
3498 4373 3593 4413 ac-

2031 4438 2323 4505 cipiebant,
2357 4448 2411 4493 et
2445 4455 2580 4508 quos
2615 4451 2808 4497 natura
2851 4433 3016 4501 unum
3052 4445 3252 4516 aliquid
3304 4449 3592 4520 insigniter

2031 4526 2255 4595 fecerat,
2290 4531 2572 4588 calamitas
2611 4536 2921 4601 separabat.

353 4610 644 4674 τεκόντας,
674 4610 725 4660 οι
769 4609 824 4660 δὲ
858 4611 924 4662 τά
963 4609 1157 4674 τέκνα,
1207 4612 1298 4662 καὶ
1327 4611 1504 4680 ἕτεροι
1553 4616 1647 4676 τὰς
1693 4623 1956 4683 γυναῖκας
1987 4622 2312 4692 ἐλάμϐανον,
2338 4630 2432 4679 καὶ
2459 4627 2550 4692 οὓς
2576 4630 2791 4699 ἡφύσις
2818 4632 3050 4701 ἥνωσεν,
3101 4635 3133 4703 ἠ
3188 4637 3439 4706 συμφορά
3486 4637 3594 4690 διε-

360 4703 607 4768 μέρισιν.

429 4797 518 4858 ιη’.
549 4793 735 4864 Ταύτῃ
760 4792 868 4845 τῶν
901 4793 1022 4846 καθ’
1057 4795 1227 4863 ἡμᾶς,
1257 4797 1332 4857 ὡς
1363 4797 1437 4864 μὴ
1471 4798 1670 4868 ὢφελε,
1715 4801 1920 4868 συμδεο

358 4882 628 4950 δηκότων,
661 4885 755 4936 καλ⁸
789 4884 986 4938 τοιόνδε
1016 4888 1166 4954 παρά
1188 4888 1286 4947 τὰς
1307 4886 1473 4957 ὄχθας
1498 4890 1589 4940 τοῦ
1616 4889 1920 4960 Βαρδαρίου

359 4980 533 5042 πέρας
588 4973 921 5042 εἰληφότων,
976 4979 1004 5028 ὁ
1046 4977 1340 5047 Μουράτης
1381 4979 1590 5032 ἐκεῖθεν
1641 4980 1760 5050 διχῇ
1821 4983 1922 5050 τὴν

363 5065 622 5133 στρατιὰν
653 5065 844 5118 διελὼν
876 5067 935 5119 τὸ
982 5067 1082 5136 μέν
1113 5070 1284 5138 αὐτῆς
1316 5073 1406 5123 ἐπὶ
1443 5073 1512 5124 τά
1540 5072 1649 5124 τῶν
1692 5073 1920 5126 Ίωαννίο

360 5171 466 5207 νων
495 5155 771 5226 ἐξέπεμψε
799 5158 963 5228 μέρη,
999 5159 1160 5222 αὐτὸς
1188 5159 1246 5212 δὲ
1277 5162 1416 5229 μετά
1453 5161 1684 5230 θατέρου
1716 5166 1920 5232 μέρους

359 5247 447 5298 ἐπ’
482 5248 675 5310 ἄλλους
725 5250 894 5320 ἀπῄει
941 5250 1338 5321 καταστρέφων
1385 5253 1670 5316 κάκείνους
1703 5255 1792 5306 καὶ
1825 5255 1918 5307 ὑπ’

359 5340 506 5410 αύτῴ
541 5341 917 5411 ποιησόμενος.
956 5342 1228 5411 Πρότερον
1257 5343 1312 5393 δέ
1345 5340 1435 5393 διὰ
1472 5343 1651 5410 πάσης
1682 5343 1780 5408 τῆς
1824 5344 1917 5396 ὑπ’

357 5431 516 5483 αὑτὸν
544 5432 792 5500 κήρυκας
835 5434 1166 5501 ἐπεπόμφει.
1200 5436 1326 5494 τοὺς
1375 5435 1479 5501 προ
1518 5433 1747 5501 μακρῶν
1776 5432 1915 5486 ἐτῶν

357 5523 450 5573 καὶ
481 5521 576 5574 τοῦ
604 5523 973 5590 συγκλεισμοῦ
1004 5525 1100 5594 τὴν
1125 5524 1525 5592 Θεσσαλονίκην
1546 5524 1910 5590 ἀπολιπόντας

359 5611 446 5663 καὶ
481 5616 912 5684 μετοικήσαντας
944 5613 1174 5684 ἀλλαχοῦ
1211 5615 1347 5682 πρὸς
1378 5613 1546 5681 αὐτὴν
1580 5615 1645 5665 ἵν’
1683 5617 1912 5668 ἐπανελ.

671 5712 941 5773 Parnm"
993 5713 1106 5770 Gn.
1143 5709 1315 5769 CLVI

2090 4801 2175 4855 18.
2210 4799 2320 4855 Hoc
2362 4809 2515 4870 pacto
2537 4801 2702 4870 (quod
2734 4803 2938 4856 utinam
2975 4821 3252 4870 nunquam
3291 4811 3584 4881 evenis~ct)

2021 4893 2186 4946 rebus
2227 4894 2430 4946 nostris
2457 4893 2892 4960 procedentibus,
2931 4903 2985 4947 et
3017 4902 3117 4949 boc
3151 4898 3257 4949 line
3283 4899 3422 4966 apud
3451 4899 3588 4954 Bal.

2021 4983 2157 5036 darii
2190 4984 2334 5050 ripas
2361 4981 2689 5044 terminatis,
2720 4980 2958 5037 Murates
2987 4982 3132 5048 inde,
3157 4986 3290 5043 duas
3319 4991 3370 5042 in
3405 5002 3588 5058 partes

2021 5073 2197 5127 diviso
2225 5073 2493 5137 exercitu,
2527 5089 2685 5126 unam
2716 5073 2780 5127 ad
2797 5071 3162 5130 Janninorum
3193 5077 3325 5132 ﬁnes
3355 5081 3588 5146 dimisit,

2024 5166 2250 5218 alteram
2286 5165 2399 5234 ipse
2429 5180 2613 5220 secum
2643 5165 2848 5222 ducens
2881 5167 2946 5218 ad
2986 5167 3121 5222 alios
3156 5182 3216 5224 se
3244 5171 3587 5241 conferebat,

2025 5270 2122 5312 eos
2178 5270 2390 5324 quoque
2445 5257 2833 5326 absumpturus
2881 5267 2936 5311 et
2979 5259 3272 5328 petiturus.
3325 5261 3429 5319 Sed
3463 5275 3592 5322 ante

2024 5348 2207 5400 omnia
2262 5363 2356 5414 per
2408 5363 2624 5400 omnem
2660 5364 2771 5403 snte
2805 5351 3026 5405 ditionis
3072 5353 3281 5424 plagam
3316 5372 3590 5426 pra-cenes

2024 5437 2210 5509 mittit,
2258 5451 2352 5490 eos
2383 5438 2473 5506 qni
2507 5449 2632 5491 ante
2664 5440 2860 5494 multos
2885 5457 3080 5507 annos,
3101 5447 3320 5515 ipsoque
3347 5450 3589 5504 obsidio-

2025 5529 2407 5608 nisitempore,
2440 5529 2882 5585 Thessalonicam
2907 5533 3257 5589 deseruerant
3281 5538 3509 5608 aliisque
3539 5544 3590 5593 in

2023 5591 2163 5672 locis
2198 5619 2354 5673 sedes
2379 5619 2690 5674 locaverant
2711 5637 2859 5691 suas,
2885 5639 3045 5692 quam
3073 5627 3356 5684 celerrime
3377 5642 3595 5698 possent

3161 5719 3240 5778 20
