3990 6566
403 262 510 323 023

1597 255 1921 316 JOANNIS
1950 255 2422 315 ANAGNOST£

3524 261 3614 322 (Si

402 375 672 437 ferendas,
713 383 765 427 et
789 374 841 427 in
874 382 1159 443 angustum
1190 373 1384 444 oppido
1409 388 1494 427 res
1530 383 1746 427 nostras
1770 367 1962 440 coge‘n-

2073 374 2166 434 νάς
2199 373 2288 444 καὶ
2337 371 2491 434 νεὼς,
2547 371 2726 432 πάσας
2779 370 2832 423 δέ
2890 370 3187 440 προσόδους
3234 371 3410 422 αὖτῶν
3442 360 3529 424 καὶ
3570 376 3628 426 τὰ

397 467 514 519 das.
563 464 714 529 Quod
759 479 863 518 non
913 465 1087 518 multo
1130 473 1311 532 postea
1356 464 1557 516 factum
1606 465 1673 516 ab
1704 464 1807 516 illis
1839 463 1972 516 insi-

397 561 592 625 gniter.
645 555 1070 610 Postea'omttes
1110 559 1321 620 domus,
1375 569 1429 609 et
1499 557 1751 624 quidquid
1830 555 1967 607 aliud

398 658 656 714 praeterea
681 646 735 700 in
767 647 989 699 civitate
1013 656 1150 708 eral,
1176 647 1351 699 sanxit
1381 647 1632 709 describi,
1658 656 1710 700 et
1743 661 1966 711 separa-

400 739 492 789 titu
528 737 873 805 praesentium
907 736 1199 802 separatim
1251 735 1552 788 absentium
1585 735 1819 790 censeri.
1868 734 1971 786 No-

404 841 528 880 vum
553 825 699 880 enim
731 825 944 880 consilii
967 838 1140 890 genus
1169 825 1598 893 excogitaverat,
1623 834 1718 878 ant
1747 825 1814 877 ab
1845 824 1968 876 aliis

397 917 765 985 excogitatum
800 914 914 984 ipse
939 915 1282 983 probaverat,
1315 917 1657 984 prmsentinm
1683 916 1971 969 facultates

399 1010 784 1079 relinquendas
811 1010 880 1064 iis
918 1010 971 1063 in
996 1024 1222 1077 quorum
1247 1010 1484 1064 dominio
1508 1019 1686 1071 erant,
1716 1009 1843 1063 licet
1870 1024 1968 1061 ne-

399 1116 504 1168 que
549 1101 648 1154 hoc
701 1101 908 1168 integre
943 1098 1290 1153 observatum
1323 1109 1447 1164 est;
1486 1098 1810 1161 absentium,
1858 1098 1971 1150 sive

401 1191 475 1254 illi
504 1192 556 1243 in
594 1189 734 1244 vivis
753 1199 976 1256 agerent
1001 1191 1111 1242 sive
1131 1203 1194 1242 ex
1222 1203 1406 1241 eorum
1427 1201 1666 1258 ⁸ηιιιιιειιό
1691 1187 1966 1240 exturbati

399 1291 625 1336 mortem
665 1281 1038 1350 oppetiissent,
1083 1279 1275 1346 partim
1313 1277 1668 1332 reservandae
1725 1285 1968 1345 postmo-

399 1375 526 1428 dum
559 1373 778 1432 l'uturis,
815 1371 1014 1441 partim
1042 1370 1234 1424 Turcis
1270 1370 1354 1423 vel
1390 1385 1508 1422 eam
1543 1369 1847 1422 inhabitare
1879 1384 1968 1421 εο-

399 1466 534 1519 actis
563 1465 853 1518 dedendas.
887 1461 1044 1527 Quod
1094 1463 1218 1515 item
1273 1460 1472 1513 factum
1528 1469 1630 1514 est.
1676 1458 1968 1528 Postquam

397 1571 525 1609 vero
551 1553 800 1608 universa
851 1554 1002 1606 urbis
1055 1553 1339 1619 diligenter
1376 1550 1661 1602 admodum
1699 1549 1966 1615 descripta

400 1656 544 1708 suttt,
578 1644 852 1698 nonnullis
882 1659 948 1697 ex
991 1645 1189 1695 nostris
1221 1658 1376 1696 suam
1414 1656 1634 1706 operam
1667 1640 1971 1707 prmstauti-

400 1739 521 1799 bus,
560 1736 649 1801 qtti
679 1745 857 1789 mente
892 1733 1294 1802 improbissimo
1332 1741 1383 1785 et
1421 1733 1584 1800 plane
1621 1730 1799 1782 invida
1832 1745 1965 1784 con-

399 1835 612 1895 ceptum
663 1825 941 1890 fovebant,
993 1833 1271 1876 numerata
1321 1833 1447 1874 sunt
1503 1828 1756 1874 accurate
1809 1822 1968 1874 nimis

399 1928 563 1986 atque
592 1916 952 1978 considerate,
983 1927 1034 1967 et
1076 1915 1206 1964 duas
1238 1914 1288 1965 in
1323 1922 1526 1978 partes,
1575 1921 1632 1965 ut
1657 1913 1964 1966 mandatum

399 2006 596 2069 fuerat,
615 2005 809 2066 divisa,
834 2016 943 2055 tum
968 2003 1287 2054 monasteria
1315 2001 1681 2066 magnitudine
1701 2001 1966 2054 etdecore

401 2099 717 2163 illustriora,
746 2096 992 2148 similiter
1018 2104 1070 2146 et
1095 2093 1236 2145 (edes
1261 2109 1378 2160 qua:
1407 2092 1541 2145 alias
1566 2091 1965 2158 pulchritudine

399 2200 706 2256 ornatuque
736 2188 1084 2255 superabant,
1123 2185 1234 2236 suis
1257 2183 1616 2236 familiaribus
1636 2181 1762 2235 etin
1789 2182 1966 2251 digni-

403 2291 512 2333 tate
547 2277 857 2332 constitutis
885 2276 1149 2336 attribuit,
1183 2284 1387 2325 tantum
1411 2273 1561 2326 nobis
1583 2279 1965 2338 quatuortem-

401 2371 524 2438 plis,
558 2366 839 2422 catholicis
865 2365 1044 2427 dictis,
1081 2366 1130 2417 id
1162 2365 1477 2416 enixissime
1521 2372 1733 2430 pastore
1766 2377 1964 2430 procu-

401 2473 575 2528 rante,
604 2458 897 2515 concessis.
920 2458 1176 2524 [Reliquas
1200 2470 1326 2509 vero
1355 2470 1542 2508 omnes
1567 2454 1706 2506 mdes
1737 2453 1964 2520 templa-

399 2569 505 2626 que
531 2555 642 2608 fere
677 2553 883 2614 omnia,
919 2549 1010 2619 qui
1053 2551 1118 2601 ab
1151 2548 1272 2600 aliis
1310 2547 1441 2600 locis
1472 2548 1652 2598 sedem
1684 2545 1786 2596 sibi
1817 2544 1868 2596 in
1898 2557 1960 2595 ea

400 2646 750 2700 collocassent
784 2656 1001 2708 sumque
1053 2641 1235 2706 patrizc
1274 2639 1714 2704 pt'mposnissent.
1745 2644 1797 2688 et
1825 2632 1964 2685 Tur-

400 2739 500 2799 ris,
540 2735 627 2802 qui
683 2749 712 2786 a
755 2731 999 2786 Geuitzis
1046 2728 1174 2780 moti
1223 2727 1455 2786 fuerant,
1514 2723 1650 2775 tradi
1701 2721 1959 2774 dcerevit.

399 2830 635 2884 Genitza'.
667 2827 816 2879 locus
847 2835 928 2876 est
953 2830 1161 2890 mqttztta
1192 2818 1304 2888 agri
1337 2817 1559 2888 planitie
1591 2823 1804 2882 quaqua
1840 2827 1961 2864 ver-

401 2936 520 2975 sum
555 2931 827 2987 expansos
859 2914 962 2966 diei
997 2913 1190 2964 itinere
1221 2910 1288 2961 ab
1323 2905 1641 2960 occidentali
1672 2904 1818 2957 urbis
1850 2902 1962 2970 pla-

2072 462 2308 531 κτήματ’
2365 461 2757 536 ἀφαιρεθῆναι,
2811 463 2903 514 καὶ
2946 465 3027 524 εἰς
3085 465 3266 514 στενὸν
3311 463 3509 534 κομιδῆ
3565 468 3628 518 τὰ

2071 553 2315 620 ἡμέτερα
2345 551 2709 618 καταντῆσαι,
2735 550 2763 602 ὃ
2793 551 2887 603 καὶ
2920 553 3000 612 εἰς
3035 553 3210 621 πέρας
3245 552 3542 620 ἐχὸἐδηγεν
3570 555 3626 606 οὗ

2076 643 2194 712 μετ’
2223 645 2283 694 οὐ
2311 642 2468 695 πολύ.
2513 643 2749 695 Ἔπειτα
2781 642 2837 693 δέ
2879 642 2972 694 καὶ
2997 643 3418 709 κατεγραφῆναι
3464 645 3627 707 πάσας

2072 737 2250 798 οἰκίας
2297 738 2388 788 καὶ
2419 736 2470 786 εἰ
2505 753 2556 786 τι
2605 729 2815 803 προσῆν
2847 734 3038 803 ἓτερον
3073 737 3139 803 τῇ
3178 733 3328 788 πόλει
3362 735 3624 804 προστάτ-

2071 845 2174 886 τει,
2203 827 2295 879 καὶ
2327 828 2494 896 χωρὶς
2540 827 2637 893 μὲν
2674 825 2739 877 τά
2778 825 2886 877 τῶν
2920 825 3205 895 παρόντων
3252 830 3414 896 χωρὶς
3460 827 3514 878 δὲ
3564 826 3629 879 τά

2071 919 2178 970 τῶν
2221 918 2472 970 ἀπόντων
2517 917 2928 986 ἁριθμηθῆναι’
2973 917 3166 986 βουλὴν
3206 918 3313 984 γὰρ
3363 919 3628 984 ἐνενόησεν

2071 1011 2103 1081 ἢ
2135 1009 2354 1076 ἐδέξατο
2387 1011 2482 1071 τὰς
2520 1011 2621 1076 μὲν
2665 1009 2776 1061 τῶν
2825 1008 3109 1076 παρόντων
3145 1009 3465 1060 καταλιπεῖν
3496 1010 3628 1075 ἔχειν

2071 1101 2195 1161 τοὺς
2224 1098 2428 1150 τούτων
2481 1099 2876 1162 δεσπόσαντας,
2920 1100 2968 1148 εἰ
3020 1097 3114 1149 καὶ
3152 1097 3228 1164 μὴ
3270 1097 3520 1164 καθαρῶς
3551 1095 3633 1148 οὖ-

2069 1211 2178 1247 sta:
2227 1194 2408 1262 ἐξέϐη,
2465 1195 2530 1247 τὰ
2587 1194 2646 1246 δέ
2703 1211 2765 1260 γε
2815 1193 2922 1245 τῶν
2960 1193 3231 1253 ἀπόντων,
3281 1191 3497 1254 ζώντων
3546 1195 3630 1246 καὶ

2072 1285 2436 1352 τεθνηκότων,
2465 1288 2534 1338 τὰ
2587 1286 2684 1352 μὲν
2716 1283 3004 1352 τηρεῖσθαι
3050 1287 3161 1343 τοῖς
3195 1284 3456 1336 εἰτέπειτ⁹
3485 1286 3628 1336 ἐλευ-

2073 1379 2346 1443 σομένοις,
2380 1376 2448 1427 τὰ
2477 1376 2532 1428 δέ
2566 1376 2831 1445 Τούρκοις
2863 1375 3086 1443 δοθῆναι
3117 1379 3230 1438 τοῖς
3262 1377 3559 1446 ᾑρημένοις
3597 1376 3626 1444 ἦ

2074 1467 2372 1534 βιασθεῖσιν
2395 1466 2672 1534 ἐνοικῆσαι
2701 1471 2764 1536 τῇ
2790 1467 2964 1530 πόλει,
2989 1467 3242 1535 καθάπερ
3271 1468 3368 1519 καὶ
3392 1469 3628 1532 γέγονεν.

2086 1561 2234 1612 Ἐπεὶ
2268 1559 2326 1612 δέ
2356 1559 2788 1628 κατεγράφησαν
2816 1560 2914 1629 μὲν
2946 1560 3083 1628 μετὰ
3130 1560 3336 1622 πολλῆς
3379 1561 3480 1628 τῆς
3521 1563 3632 1614 ἐπι-

2074 1649 2292 1717 μελείας
2315 1650 2529 1702 ἅπαντα
2568 1649 2634 1700 τὰ
2679 1649 2777 1716 τῆς
2815 1648 3049 1710 πόλεως,
3089 1648 3245 1701 ἐνίων
3279 1652 3346 1702 ἐκ·
3372 1650 3478 1701 τῶν
3505 1651 3631 1716 ἡμε-

2074 1739 2246 1810 τέρων
2274 1738 2407 1806 πρὸς
2431 1738 2578 1790 τοῦτ’
2605 1738 2928 1806 ἐπιτηδείων
2948 1738 3247 1806 ὀφθέντων.
3285 1740 3334 1790 οἳ
3367 1744 3459 1791 καὶ
3491 1740 3625 1792 τοῦτ’

2069 1829 2260 1881 ὢδινον
2285 1830 2348 1880 ἐκ
2375 1828 2727 1894 σκαιοτάτης,
2761 1823 2940 1893 οἶμαι,
2979 1828 3200 1895 γνώμης
3232 1829 3318 1880 καί
3351 1829 3628 1898 φθονερᾶ·,

2070 1920 2376 1990 ὴρίθμηντο
2425 1918 2480 1971 δὲ
2537 1920 2674 1986 μετά
2720 1918 2920 1986 πολλῆς
2963 1919 3246 1984 ἀκριϐείας
3299 1921 3395 1971 καὶ
3427 1921 3631 1972 διασκέ-

2066 2015 2236 2082 ψεως,
2266 2013 2364 2064 καὶ
2393 2004 2514 2080 διχῆ
2543 2013 2680 2063 κατὰ
2723 2011 3073 2078 τοὺπὶταγμα
3116 2011 3474 2080 διῃρέθησαν,
3515 2015 3628 2062 τότε

2067 2104 2130 2173 δὴ
2161 2106 2259 2164 τὰς
2293 2103 2390 2168 μὲν
2418 2101 2722 2168 τῶνξμονών
2751 2103 2873 2154 ὅσαι
2893 2102 2954 2170 δὴ
2980 2101 3196 2169 μείζους
3225 2104 3320 2154 καὶ
3345 2105 3482 2171 πρλς
3508 2102 3629 2156 κάλ-

2070 2193 2155 2256 λος
2209 2192 2562 2261 φαιδρότεραι
2617 2194 2726 2252 ταῖς
2780 2191 3000 2252 οἰκείοις
3049 2190 3199 2259 αὐτῷ
3237 2193 3330 2244 καὶ
3382 2188 3535 2246 οὖσιν
3577 2192 3630 2245 ἐν

2066 2283 2372 2349 ἀξιώμασιν
2433 2281 2765 2351 ἐδωρήσατο,
2803 2281 3002 2348 ὁμοίως
3053 2281 3110 2333 δέ
3146 2284 3240 2334 καὶ
3287 2282 3406 2332 τῶν
3443 2281 3622 2360 οἰκιῇιν

2065 2376 2188 2427 ὅσαι
2223 2372 2285 2442 δὴ
2317 2371 2567 2434 καλλίους
2595 2369 2730 2441 ἦσαν
2779 2371 2886 2422 τῶν
2919 2371 3093 2424 ἄλλων
3124 2371 3202 2432 εἰς
3228 2389 3283 2423 τε
3318 2371 3516 2435 κάλλος
3542 2373 3628 2424 καὶ

2071 2464 2321 2534 μέγεθος,
2372 2464 2566 2532 μόνους
2599 2463 2728 2530 ἡμῖν
2770 2463 2893 2524 τοὺς
2939 2463 3206 2530 τέσσαρας
3239 2462 3402 2526 νεὼς,
3450 2463 3500 2515 οἳ
3541 2464 3630 2516 καὶ

2067 2556 2344 2607 καθολικοὶ
2365 2555 2640 2620 λέγονται,
2670 2552 3097 2614 καταλελοιπὼς,
3127 2555 3327 2623 πολλὴν
3349 2556 3450 2623 τὴν
3476 2573 3627 2608 σπουο

2064 2648 2155 2716 δὴν
2191 2647 2328 2716 ὑπὲρ
2362 2647 2566 2697 τούτων
2612 2644 2704 2696 τοῦ
2757 2645 3016 2708 ποιμένος
3057 2647 3484 2714 εἰσενεγκόντος.
3527 2647 3628 2707 Τὰς

2065 2738 2120 2789 δέ
2151 2753 2211 2802 γε
2243 2736 2438 2796 λοιπὰς
2468 2735 2688 2794 ἁπάσας
2734 2735 2910 2795 οἰκίας
2958 2734 3054 2785 καὶ
3108 2735 3232 2796 τοὺς
3279 2735 3420 2796 νεὼς
3453 2736 3626 2804 σχεδδν

2065 2830 2274 2888 πάντας
2307 2826 2601 2897 διωρίσατο
2634 2828 2747 2886 τοῖς
2785 2823 2834 2876 τ’
2870 2825 2965 2877 ἀπ’
3000 2827 3176 2878 ἄλλων
3225 2827 3415 2879 τόπων
3454 2828 3628 2894 ἐθελή-

2067 2935 2225 2972 σασιν
2275 2919 2404 2979 ίσως
2461 2916 2561 2988 τὴν
2622 2915 2776 2966 πόλιν
2835 2915 2956 2968 ἀνθ’
3006 2911 3073 2986 ἧς
3129 2917 3379 2970 οἰκοῦσιν
3423 2919 3626 2972 ἐλέσθι

401 3030 465 3079 go
491 3012 722 3072 distans,
747 3008 860 3061 sive
884 3003 1287 3064 suihabilitate,
1307 3000 1418 3053 sive
1445 2998 1587 3051 illius
1611 2996 1701 3064 qui
1729 2994 1958 3062 primum

2069 3009 2500 3080 παρασχεθῆναι,
2547 3007 2638 3058 καὶ
2669 3008 2781 3068 τοῖς
2828 3005 2939 3058 ἀπὸ
2970 3005 3078 3058 τῶν
3109 3007 3401 3077 Γενητξῶν
3431 3011 3626 3060 ἀπανα-

404 3105 456 3156 in
483 3100 868 3155 habitationem
903 3095 1005 3149 sibi
1035 3094 1208 3146 locum
1234 3091 1473 3157 elegerat
1509 3089 1798 3149 industria,
1830 3085 1963 3137 Tur-

402 3206 586 3245 rarum
622 3188 926 3243 accolarum
964 3183 1260 3253 frequentia
1299 3181 1635 3241 instructus;
1665 3192 1956 3244 quem,ne-

403 3283 517 3338 scio
546 3295 650 3351 qua
685 3280 749 3333 de
799 3293 984 3339 causa,
1047 3273 1210 3326 animi
1273 3271 1551 3324 recreandi
1615 3268 1963 3336 ferarumque

404 3379 882 3426 iutmattsuetarutn
923 3364 1306 3433 capiettdat'um
1341 3361 1512 3430 gratia
1545 3359 1805 3418 Murates,
1840 3371 1962 3409 cum

404 3468 454 3516 in
487 3463 758 3516 civitatem
795 3456 1228 3525 progrederetur,
1281 3451 1461 3504 visens
1492 3451 1601 3502 fere
1647 3447 1965 3502 habitatorio

403 3559 504 3609 bus
541 3554 811 3622 spoliavit,
849 3549 1018 3602 solum
1059 3560 1153 3601 eos
1187 3551 1398 3618 vertere
1434 3557 1536 3610 qua
1571 3549 1788 3610 possent
1821 3540 1964 3594 cele-

403 3645 562 3696 ritate
581 3642 797 3711 jub-ns,
815 3649 868 3691 et
885 3639 1066 3691 sedem
1091 3633 1486 3688 Thessalonica:
1509 3647 1727 3700 ponere.
1748 3629 1960 3684 Jnssum

400 3737 684 3802 (Higetttcr
722 3740 1019 3793 curatores,
1055 3726 1196 3779 nulla
1231 3725 1547 3792 interposita
1584 3739 1754 3784 mora,
1803 3737 1963 3774 exse-

401 3829 509 3882 cuti
565 3833 709 3886 suot,
763 3828 1044 3890 pOstqnam
1107 3818 1192 3870 ille
1249 3817 1606 3874 abscesserat,
1666 3826 1960 3880 omnesque

402 3921 610 3970 't‘nt'cas
655 3915 725 3968 ibi
769 3913 1072 3966 habitantes
1108 3922 1204 3962 suo
1237 3909 1469 3959 adventu
1515 3917 1732 3959 coaetos
1782 3905 1959 3969 potius

401 4022 563 4078 quam
609 4018 797 4058 suasos
841 3999 1286 4055 Thessalonicam
1327 3999 1615 4058 advexere,
1665 4003 1718 4047 et
1768 3997 1960 4046 domus

403 4101 559 4162 alias,
596 4099 711 4150 loco
741 4109 929 4147 earum
961 4106 1097 4161 quas
1126 4089 1199 4142 illi
1234 4088 1604 4156 possederant,
1639 4093 1697 4138 ut
1742 4086 1961 4137 manda-

405 4203 514 4244 tum
534 4190 729 4251 fuerat,
752 4187 1095 4240 dediderunt.
1114 4183 1284 4234 Ambo
1311 4181 1420 4232 haec
1444 4179 1648 4244 itaque,
1672 4184 1730 4228 ttt
1747 4179 1958 4244 Opinor,

405 4285 639 4338 Murates
680 4279 973 4334 meditatus
1000 4287 1083 4328 est
1130 4285 1183 4326 et
1225 4274 1295 4325 ita
1334 4271 1446 4325 fieri
1493 4270 1681 4339 jussit,
1737 4277 1850 4320 tum
1905 4277 1960 4318 ut

2067 3102 2222 3152 στᾶσι
2273 3099 2559 3165 Τούρκοις.
2597 3099 2777 3158 Τόπος
2825 3098 2869 3150 δ’
2896 3097 3050 3158 οὗτός
3097 3100 3213 3151 ἐστι
3259 3101 3453 3163 πεδιὰς
3494 3101 3621 3162 ὅλος,

2065 3191 2275 3260 ἡμέρας
2301 3190 2420 3242 όδὸν
2450 3189 2557 3241 ἀπὸ
2585 3187 2678 3240 τοῦ
2711 3189 2856 3246 κατά
2882 3188 3037 3240 δύσιν
3067 3191 3267 3258 μέρους
3289 3193 3514 3262 ἀπέχων
3535 3192 3624 3256 τῆς

2064 3283 2292 3345 πόλεως,
2339 3282 2448 3334 εἴτε
2492 3284 2556 3350 τῇ
2591 3280 2782 3333 τούτου
2831 3281 3228 3350 ἐπιτηδειότητι
3277 3282 3393 3335 εἴτε
3429 3282 3621 3350 σπουδῇ

2065 3372 2157 3444 τοῦ
2197 3372 2384 3424 τοῦτον
2421 3371 2660 3444 ἀρχῆθεν
2697 3373 3066 3440 ἐκλεξαμέένου
3099 3373 3235 3442 πρὶς
3263 3373 3480 3441 οἴκησιν
3507 3371 3622 3425 πολ-

2065 3443 2187 3524 λοδς
2217 3443 2467 3530 ἐσχηκὼς
2517 3463 2812 3530 οἰκήτορας
2864 3461 3161 3530 Τούρκους.
3208 3463 3304 3511 Ὃν
3339 3462 3406 3531 δὴ
3439 3464 3621 3522 τόπον,

2064 3555 2162 3606 οὑκ
2191 3549 2288 3606 οἷδ’
2332 3554 2478 3614 ὅπως
2530 3553 2621 3604 ἐπί
2665 3551 2792 3604 οέαν
2841 3553 2936 3604 καὶ
2973 3547 3127 3614 ζώων
3160 3552 3373 3620 ἀγρίων
3405 3553 3570 3621 θήραν
3597 3551 3621 3600 ό

2065 3647 2358 3712 Μουρὰτης
2387 3644 2586 3703 ἐκεῖσε.
2623 3641 2747 3694 καθ’
2781 3641 2842 3695 δν
2868 3641 3062 3712 καιρὸν
3085 3643 3338 3712 ἐνεδήμει
3361 3647 3429 3713 τῇ
3455 3644 3620 3704 πόλει,

2063 3737 2378 3804 γενόμενος,
2418 3733 2606 3802 σχεδὸν
2627 3734 2738 3784 τῶν
2767 3734 3123 3786 ἐνοικούντων
3149 3734 3474 3803 καθίστησιν
3499 3735 3620 3802 {pq-

2067 3843 2187 3893 μον,
2221 3824 2626 3876 ἀπανίστασθαι
2675 3823 2902 3886 τούτους
2932 3825 2992 3876 τὸ
3035 3825 3197 3893 τάχος
3247 3826 3508 3888 κελεύσας
3533 3825 3620 3877 καὶ

2067 3917 2340 3982 μετοικεῖν
2369 3916 2445 3973 εἰς
2491 3912 2912 3982 Θεσσαλονίκην.
2954 3914 3018 3963 Ὃ
3049 3913 3114 3981 δὴ
3161 3913 3490 3983 πρόσταγμα
3537 3916 3620 3966 καὶ

2067 4007 2202 4072 μετά
2230 4005 2462 4069 σπουδῆς
2485 4004 2534 4054 οἰ
2569 4003 2708 4071 πρὸς
2739 4003 2872 4056 αὐτὸ
2900 4006 3223 4073 τεταγμένοι
3260 4005 3617 4076 πεπληρωκόο

2062 4115 2153 4159 τες
2187 4099 2469 4180 ἐφάνησαν
2501 4096 2667 4164 μηδὲν
2712 4096 3081 4165 μελλήσαντες
3135 4097 3272 4165 μετὰ
3303 4099 3404 4166 τὴν
3433 4096 3615 4150 τούτου

2062 4188 2392 4256 ἀποδημίαν,
2432 4186 2642 4247 πάντας
2688 4185 2743 4238 δὲ
2774 4189 2902 4249 τοὺς
2933 4187 3121 4240 αὐτόθι
3147 4186 3424 4257 Τούρκους
3449 4189 3614 4240 ἐκεῖσε

2065 4279 2345 4346 γενόμενοι
2373 4280 2467 4330 καὶ
2501 4275 2592 4348 βίᾳ
2621 4277 2820 4346 μᾶλλον
2847 4278 2880 4348 ἦ
2909 4278 3089 4330 πειθοῖ
3119 4280 3198 4338 εἰς
3225 4279 3613 4346 Θεσσαλονίκην

404 4375 698 4430 securitate
729 4382 783 4422 et
811 4367 1055 4422 custodia
1092 4366 1262 4433 magis
1303 4363 1405 4415 fltla
1438 4361 1624 4414 urbem
1655 4359 1953 4413 commoni-

2066 4370 2385 4437 ἀγηοχότες,
2416 4367 2512 4419 καὶ
2541 4369 2721 4430 οἰκίας
2755 4369 2949 4436 ἐτέρας
2993 4367 3112 4420 ἀνθ’
3137 4361 3211 4421 ὧν
3258 4367 3406 4438 εἰχον
3450 4384 3611 4437 παρε-

404 4479 484 4522 ret
513 4465 836 4518 maritimam
876 4460 1104 4524 itle0qne
1139 4455 1317 4507 multis
1361 4461 1605 4522 egentem
1636 4449 1958 4502 habitatori-

398 4559 523 4621 bus,
563 4564 676 4607 tum
724 4559 781 4604 ut
814 4551 928 4602 fore
963 4547 1202 4602 omnium
1256 4559 1434 4598 rerum
1474 4539 1799 4595 abundantia
1849 4541 1958 4592 cir-

398 4643 736 4705 cumfluenti,
764 4639 1043 4696 venalibus
1068 4636 1423 4706 undequaque
1445 4632 1738 4692 convectis,
1765 4645 1955 4686 omnes

399 4737 526 4790 urbs
557 4737 624 4788 ad
660 4749 716 4788 se
752 4731 1010 4793 traheret,
1043 4737 1095 4780 et
1140 4727 1462 4780 mercaturis
1506 4722 1954 4790 commerciisque

395 4830 636 4882 diversas
685 4823 931 4877 nationes
967 4819 1270 4887 indigentes
1317 4815 1672 4870 cmmnisceus
1703 4827 1768 4870 ex
1809 4813 1951 4867 facili

395 4919 510 4988 ipsa
543 4913 959 4982 collocupletata
1001 4913 1312 4964 tlitesceret.

2067 4463 2327 4530 σχηκότες
2352 4459 2491 4511 κατά
2535 4460 2595 4511 τὸ
2629 4459 2978 4527 πρόσταγμα.
3013 4460 3214 4527 ’Ἄμφω
3253 4459 3404 4527 γοῦν,
3444 4453 3608 4526 οῗμαι.

2064 4551 2214 4603 ταῦτ’
2243 4553 2270 4602 ό
2302 4551 2594 4620 Μουράτης
2647 4550 2934 4619 ἐσκέψατο,
2976 4551 3070 4603 καὶ
3109 4549 3254 4602 τοῦθ’
3287 4551 3431 4602 οὕτω
3469 4548 3611 4618 γενό-

2065 4642 2188 4694 σθαι
2237 4641 2596 4710 προσέταξεν,
2625 4641 2718 4692 ’ἵν’
2770 4641 3071 4708 ἀσφάλειαν
3117 4643 3148 4709 ἡ
3189 4642 3344 4702 πόλις
3394 4643 3488 4711 ἔχῃ
3525 4638 3610 4691 καὶ

2062 4731 2306 4800 φυλακὴν
2353 4731 2752 4801 ἀκριϐεστέραν
2800 4731 2866 4783 ὲκ
2913 4730 3127 4791 τούτου,
3166 4732 3432 4800 παράλιος
3483 4725 3609 4783 οὖσα

2061 4821 2152 4872 καὶ
2177 4819 2264 4871 διὰ
2293 4818 2449 4871 τοῦτο
2479 4819 2706 4889 δεομένη
2738 4819 2950 4871 πολλῶν
2987 4822 3362 4886 ἐνοικούντων,
3403 4823 3493 4874 καὶ
3528 4820 3606 4872 ἶνα

2060 4910 2156 4980 τὴν
2195 4911 2398 4978 ἀγορὰν
2430 4909 2738 4979 πλήθουσαν
2770 4910 2964 4979 ἔχουσα
2995 4910 3102 4962 τῶν
3135 4910 3314 4964 ὠνίων
3354 4911 3600 4965 ἁπάντων

2065 5001 2144 5060 είς
2172 5000 2341 5068 αὐτὴν
2369 4990 2838 5066 εἰσκομιζομένων
2865 4998 3070 5058 πάντας
3097 4999 3229 5070 ἐλκῃ
3262 4999 3389 5070 παρ’
3425 4999 3603 5065 ἑαυτῇ,

394 5097 787 5168 πραγματειῶν
826 5096 918 5148 καὶ
966 5093 1429 5160 συναλλαγμάτων
1479 5092 1736 5147 ἁπάντων
1777 5093 2128 5162 μεταδιδοῦσα
2152 5098 2264 5156 τοῖς
2315 5093 2576 5164 χρῄζουσι
2622 5093 2716 5144 κιιί⁵
2754 5093 2953 5161 ἑαυτὴν
2999 5091 3195 5162 ῥαδίως
3229 5093 3602 5154 πλουτίςουσα.

461 5194 550 5246 2|.
588 5191 683 5244 llis
739 5192 916 5259 itaque
968 5196 1068 5245 hoc
1105 5191 1262 5244 modo
1292 5191 1534 5259 digestis,
1593 5205 1712 5242 cum
1766 5189 1954 5243 Turcte

394 5284 536 5338 inille
584 5296 810 5336 numero
865 5282 1135 5335 civitatem
1203 5293 1556 5348 occupassent
1609 5289 1662 5335 et
1712 5280 1948 5334 omnium

391 5385 581 5432 domos
612 5390 676 5428 ac
723 5373 915 5442 templa
951 5389 1045 5442 pro
1075 5373 1401 5428 habitatione
1454 5375 1812 5443 accepissent,
1850 5387 1949 5425 nec

391 5481 496 5521 non
534 5464 836 5535 promiscue
877 5477 970 5530 per
1000 5464 1306 5518 universam
1347 5463 1533 5516 urbem
1566 5461 1744 5515 sedem
1787 5460 1954 5515 locas-

389 5569 529 5621 sent,
561 5556 773 5616 civitas,
811 5554 974 5606 veluti
1023 5553 1232 5623 lugubri
1266 5553 1489 5617 amictu,
1526 5551 1840 5606 confusione
1871 5561 1948 5603 at.

389 5663 496 5720 que
557 5645 896 5701 immunditia
957 5645 1362 5701 circumvestita
1409 5655 1531 5712 est,
1590 5658 1694 5698 suo
1732 5646 1947 5708 decore,

2129 5197 2236 5244 κα’.
2270 5190 2488 5243 Τούτων
2518 5187 2615 5241 οὖν
2645 5190 2788 5242 οὕτω
2817 5190 3161 5259 προϐάντων,
3191 5189 3410 5242 καὶτῶν
3439 5187 3603 5252 Τούρο

2061 5301 2170 5335 κων
2199 5284 2278 5344 εἰς
2320 5281 2522 5350 χιλίους
2570 5281 2992 5351 ἀριθμουμένων
3023 5281 3122 5351 τὴν
3162 5281 3316 5334 πόλιν
3357 5279 3602 5344 κατειλη·

2057 5375 2255 5436 φότων,
2305 5373 2400 5424 καὶ
2448 5373 2666 5424 πάντων
2701 5371 2879 5434 οἰκίας
2937 5374 3026 5425 καὶ
3061 5373 3220 5434 ναοὺς
3259 5374 3376 5424 ἀντὶ
3422 5367 3601 5423 οἰκιῶν

2056 5464 2374 5533 εἰληφότων,
2421 5464 2513 5515 καὶ
2542 5463 2746 5533 ἀναμὶξ
2779 5462 2921 5515 κατά
2975 5465 3156 5516 πᾶσαν
3194 5463 3292 5531 τὴν
3323 5462 3475 5515 πόλιν
3509 5460 3600 5512 λα-

2055 5554 2258 5624 χόντων
2298 5555 2394 5624 τὴν
2440 5554 2678 5623 οἴκησιν,
2709 5555 2743 5623 ἠ
2777 5554 2931 5616 πόλις
2959 5552 3147 5623 ὥσπερ
3197 5553 3320 5605 τινὰ
3365 5551 3598 5619 πενθήρη

2057 5644 2253 5714 χιτῶνα
2288 5643 2386 5716 τὴν
2411 5645 2688 5715 ἀκοσμίαν
2717 5643 3090 5714 περιεϐάλετο,
3125 5645 3224 5713 τῆς
3253 5644 3596 5713 εὐπρεπείας,

3893 1586 3895 1726 |
