3990 6552
461 542 566 598 ωε»

1471 543 1568 602 DE
1617 533 1929 601 EXCIDIO
1971 539 2704 601 TllESSALONICENSI.

3585 534 3690 597 6:26

464 647 535 720 ἦς
589 650 656 703 ἂν
690 651 846 717 ἔτυχε
881 651 980 718 τῆς
1016 653 1194 722 κακῆς
1231 653 1546 722 συμϐουλῆς
1587 654 1661 724 μὴ
1712 653 1897 724 χώραν
1948 654 2030 706 εύε

2152 669 2296 720 luem
2343 654 2527 721 utique
2557 649 2842 707 consecuta
2878 652 3062 707 fuisset
3107 653 3150 706 si
3187 651 3380 705 malum
3414 652 3704 706 consilium

467 738 692 808 ρούσης,
723 740 1077 808 ἀφῃρημένη,
1124 741 1217 794 καί⁸
1245 742 1336 794 τὸν
1373 743 1682 808 πολισμὸν,
1723 743 1780 795 δν
1814 744 1913 795 οὐκ
1949 745 2028 803 εἰς

469 825 687 893 μακράν
721 824 878 892 ἔσχεν
909 826 996 884 ἂν.
1033 828 1316 898 δυστυχῶς
1359 829 1497 895 ἄγαν
1529 830 1902 892 ἀποϐαλοῦσα,
1934 833 2030 883 καὶ

467 914 728 968 στένουσα
751 912 863 970 οἷον
894 917 1014 985 μετ’
1047 919 1295 987 οἰμωγῆς
1328 921 1412 972 ὅτι
1446 921 1520 990 μὴ
1567 921 1790 990 σεισμὸς
1822 922 2028 991 ταύτην

469 1009 778 1078 συνέχωσεν
823 1010 854 1079 ἢ
888 1009 1001 1081 πῦρ
1036 1013 1484 1083 παρανάλωσενῆ
1519 1013 1664 1083 ὕδωρ
1708 1015 1966 1068 ἀναδοθὲν
1995 1016 2028 1085 ἢ

467 1099 755 1169 νεφελόθεν
785 1103 951 1172 ραγὲν
984 1105 1321 1173 συνεκάλυψε
1367 1110 1460 1158 καὶ
1494 1108 1794 1160 κατέκλυσε
1818 1124 1830 1138 ο
1873 1107 2032 1160 τοῦτο

470 1191 580 1259 γὰρ
607 1192 985 1262 ἀνεκτότερον,
1023 1194 1145 1258 ἐπεί
1174 1195 1254 1247 τοί
1303 1212 1365 1262 γε
1397 1195 1606 1264 βέλτιον
1638 1196 1732 1249 τοῦ
1773 1197 2032 1263 τοιαύτην

468 1283 703 1352 ὁρᾶσθαι
732 1285 790 1336 τὺ
831 1285 954 1353 μηδ’
999 1285 1248 1340 ὁπωσοῦν
1284 1288 1378 1340 ἐπὶ
1425 1287 1526 1357 γῆς
1563 1288 1807 1341 ἑστάναι.
1839 1290 1902 1341 Οί
1934 1288 2033 1356 μὲν

469 1373 564 1430 οὖν
583 1376 689 1430 τῶν
720 1376 882 1445 ἱερῶν
915 1378 1081 1430 οἴκων
1105 1378 1183 1439 είς
1216 1379 1371 1431 κοινὰ
1412 1380 1734 1448 καταγώγια
1768 1377 2033 1449 μετημεί-

470 1468 720 1535 φθεισαν,
753 1469 943 1538 ῶσπερ
972 1471 1316 1539 είρῆκειμεν,
1358 1472 1453 1524 καὶ
1494 1472 1553 1524 τὸ
1586 1473 1930 1542 προφητικὸν
1960 1473 2036 1525 εί-

467 1560 610 1620 πεῐν,
659 1557 718 1609 ὲν
768 1557 988 1611 πελέκει
1038 1560 1132 1612 καὶ
1173 1559 1518 1629 λαξευτηρίῳ
1557 1561 1626 1613 τὰ
1672 1561 2035 1631 θυσιαστήρια

466 1649 562 1701 τοῦ
607 1647 746 1702 Θεοῦ
781 1651 1223 1720 καταϐέϐληντοιο
1261 1654 1309 1705 οἰ
1358 1653 1414 1705 δὲ
1465 1652 1696 1722 λείψανα
1748 1652 1908 1722 μόνον
1940 1652 2034 1705 τοῦ

467 1739 693 1809 πρώτου
721 1741 952 1806 κάλλους
982 1743 1164 1796 αὐτῶν
1194 1745 1288 1796 καὶ
1330 1745 1430 1813 τῆς
1473 1744 1681 1806 θέσεως
1713 1743 2034 1806 ἀποσώζον-

471 1852 577 1887 σιν.
609 1835 785 1889 Ἔνιοι
823 1836 902 1900 δὲ,
936 1838 1030 1889 καὶ
1064 1837 1268 1906 μᾶλλον
1297 1839 1345 1890 οἱ
1393 1837 1636 1901 πλείους,
1670 1835 2037 1890 καταπεπτώ-

467 1942 636 1978 κεσαν
665 1925 868 1991 τέλεον,
903 1927 978 1990 ὡς
1007 1927 1141 1996 μηδὲ
1178 1926 1283 1981 ποῦ
1315 1927 1436 1980 ποτ’
1471 1922 1613 1996 ἦσαν
1642 1925 2033 1995 γνωρίζεσθαι.

2138 740 2311 794 locum
2339 757 2444 794 non
2479 741 2776 804 habuisset,
2799 741 3047 809 spoliata,
3078 749 3130 794 et
3163 750 3381 798 ornatu.
3413 754 3569 808 quem
3595 754 3704 794 non

2140 833 2305 886 multo
2332 843 2453 902 post
2485 833 2839 900 possedisset,
2883 834 3094 894 orbata,
3131 842 3184 886 et
3219 847 3321 884 non
3353 832 3469 884 sine
3503 831 3703 895 gemitu

2138 925 2417 992 suspirans
2467 923 2610 991 quod
2636 934 2728 976 aut
2766 933 2922 977 terra:
2971 931 3148 976 motus
3199 937 3305 974 non
3341 921 3708 983 alisorbuerit,

2137 1025 2229 1069 aut
2263 1014 2400 1084 ignis
2426 1029 2532 1068 non
2558 1013 2942 1082 absumpserit,
2972 1023 3062 1066 aut
3086 1027 3219 1082 aqua
3261 1012 3509 1066 alicunde
3533 1026 3712 1065 erum-

2140 1122 2273 1174 pens
2306 1107 2388 1159 vel
2429 1121 2457 1159 e
2496 1106 2726 1159 nubibus
2767 1105 3022 1159 decidens
3057 1120 3162 1158 non
3192 1103 3599 1171 coopereruerit
3657 1112 3714 1156 ct

2143 1198 2520 1251 inundaveritz
2553 1199 2656 1250 hoc
2679 1198 2820 1250 enim
2851 1195 3184 1257 tolerabilius
3236 1194 3445 1259 fuisset,
3493 1195 3709 1262 quando

2143 1286 2311 1341 multo
2357 1287 2547 1341 melius
2579 1297 2660 1340 est
2695 1302 2813 1339 eam
2849 1301 3112 1354 nusquam
3163 1294 3378 1338 exstare
3407 1300 3565 1351 quam
3612 1283 3714 1337 hoc

2141 1379 2302 1432 modo
2334 1379 2468 1432 visui
2504 1379 2780 1431 hominum
2813 1377 2994 1443 obiici.
3030 1377 3198 1430 Sacra
3229 1376 3390 1445 igitur
3421 1377 3612 1443 templa
3659 1378 3710 1427 in

2143 1469 2354 1538 publica
2385 1469 2682 1523 diversoria
2739 1470 3021 1522 immutata
3055 1478 3202 1533 sunt,
3238 1476 3290 1519 ut
3323 1476 3710 1532 praenarratum

2141 1569 2244 1624 est,
2276 1568 2330 1612 et
2361 1566 2418 1612 ut
2469 1574 2591 1613 cum
2626 1559 2886 1628 propheta
2926 1559 3138 1628 loquar,
3179 1557 3230 1611 in
3262 1556 3438 1610 securi
3485 1565 3537 1610 et
3570 1557 3713 1610 ascia

2144 1648 2235 1704 Dei
2267 1650 2642 1719 prapitiatoria
2692 1649 2913 1719 disiecta
2947 1659 3073 1705 suut
3112 1667 3127 1702 :
3169 1662 3404 1715 namque
3440 1647 3543 1700 alia
3571 1648 3717 1713 prio-

2147 1741 2221 1794 ris
2246 1740 2329 1794 sui
2365 1741 2579 1795 decoris
2608 1750 2662 1794 et
2690 1738 2826 1794 situs
2853 1739 3227 1794 tantummodo
3257 1739 3514 1806 reliquias
3541 1737 3716 1804 profc-

2145 1841 2292 1893 runt,
2345 1831 2471 1893 alia,
2525 1833 2651 1900 quin
2700 1832 2811 1885 imo
2859 1831 3033 1900 major
3069 1846 3258 1884 eorum
3305 1845 3450 1897 pars,
3493 1843 3718 1897 prorsus

2144 1924 2522 1986 conciderunt,
2561 1932 2620 1976 ut
2659 1936 2758 1976 nec
2807 1922 2894 1975 tibi
2943 1920 3234 1990 aliquando
3265 1921 3518 1976 steterint
3557 1936 3719 1987 agno-

470 2017 866 2087 Διηρπάγησαν
904 2018 1014 2086 γὰρ
1061 2019 1116 2072 αἰ
1165 2016 1374 2071 τούτων
1413 2016 1539 2070 ὗλαι
1591 2017 1686 2070 καὶ
1736 2017 2039 2085 κτίσμασιν

2155 2021 2363 2067 scatur.
2402 2012 2621 2080 Direpta
2652 2013 2914 2081 siquidem
2951 2026 3139 2066 eorum
3167 2013 3394 2066 materia
3429 2010 3719 2065 structuris

473 2107 653 2170 ἄλλοις
713 2106 1122 2178 προσετέθησαν
1174 2107 1535 2177 καινοτέροις,
1575 2109 1670 2160 καὶ
1704 2106 1942 2176 μάλιστά
1973 2121 2036 2174 γε

469 2197 550 2269 τῷ
583 2199 679 2252 νῦν
723 2201 815 2252 ἐπὶ
860 2202 1032 2269 μέσης
1057 2198 1157 2268 τῆς
1202 2200 1410 2263 πόλεως
1444 2198 1709 2268 ὁρωμένῳ
1742 2197 1838 2252 καὶ
1871 2195 2038 2266 κοινῷ

428 2343 432 2347 .
474 2291 763 2360 βαλανείῳ.
809 2290 920 2343 Καὶ
967 2291 1252 2360 μονονουχὶ
1279 2290 1390 2343 τῶν
1422 2289 1804 2359 γηραιοτέρων
1832 2288 2040 2353 ἔξεστιν

474 2380 698 2434 ἀκούειν
730 2380 943 2448 ἀνδρῶν
977 2381 1051 2443 ib;
1083 2377 1182 2437 ὧδε
1216 2383 1314 2451 μὲν
1336 2377 1406 2452 ἦν
1432 2382 1460 2434 ὁ
1490 2379 1627 2444 νεὼς
1661 2381 1689 2433 ό
1715 2381 1886 2446 δεῖνα,
1925 2381 2042 2433 ἐκεῖ

471 2471 529 2525 δὲ
558 2473 773 2538 όδεῖνα,
808 2470 1032 2526 καῖ’ὃσα
1077 2475 1290 2543 προσῆν
1342 2474 1557 2542 ἑκάστῳ
1589 2473 1685 2525 καὶ
1719 2471 1896 2542 κάλλη
1942 2471 2040 2524 καὶ

472 2564 720 2633 χάριτες.
776 2565 882 2615 Καὶ
928 2563 1084 2617 τοῦτο
1120 2565 1221 2633 μὲν
1249 2565 1298 2618 οἱ
1325 2565 1468 2618 κατά
1510 2565 1694 2617 πᾶσαν
1738 2563 1835 2630 τὴν
1882 2562 2041 2616 πόλιν

474 2657 602 2725 νεῲ.
635 2658 812 2710 Μοναὶ
839 2655 906 2717 δ’.
938 2656 1004 2720 ἃς
1039 2656 1304 2726 πρότερον
1335 2655 1550 2723 φθάσας
1593 2657 1619 2708 ὁ
1656 2655 1814 2723 λόγος
1845 2655 2043 2723 ἐδήλω-

481 2765 596 2810 σεν,
625 2747 846 2816 ἀφορμὴ
884 2748 996 2807 τοῖς
1025 2747 1225 2814 ὁρῶσιν
1273 2747 1522 2800 ἵστανται
1554 2743 1804 2810 πένθους,
1856 2745 1932 2816 μὴ
1961 2747 2042 2798 ὃτι

475 2855 541 2904 γε
586 2839 833 2907 μοναχῶν
863 2839 1060 2907 ἔρημοι
1094 2839 1440 2890 καταστᾶσαι
1472 2837 1658 2898 κακῶς
1681 2835 2044 2901 ἐξελαθέντων

478 2930 737 3000 καὶπρὸς
775 2930 969 2998 ἑτέρας
1024 2931 1205 2992 πόλεις
1246 2928 1690 2998 μετοικησάντων
1715 2968 1730 2994 ,
1781 2927 1920 2980 ἀλλά
1950 2925 2045 2979 καὶ

481 3021 981 3091 προσαφῃρημέναι
1012 3021 1109 3090 τὴν
1156 3020 1244 3074 διὰ
1276 3020 1495 3096 ττρντων
1532 3017 1929 3088 λαμπρότητα⁶
1985 3017 2048 3069 αἴ

478 3131 539 3166 τε
569 3114 677 3184 γὰρ
722 3115 1004 3183 μάρμαροι
1035 3113 1241 3165 τούτων
1269 3110 1740 3182 ὲξηδαφίσθησαν,
1772 3111 1806 3179 ἦ
1838 3110 1884 3162 τ’
1909 3109 2044 3178 άλλη

479 3204 670 3258 ἅπασα
698 3204 797 3274 ὕλη
833 3206 864 3273 ἠ
899 3207 1033 3272 πρὸς
1066 3205 1418 3274 ἀπαρτισμὸν
1442 3202 1621 3256 αὐτῶν
1645 3201 1889 3273 ἀρχῆθεν
1916 3219 2046 3253 συν-

476 3297 766 3367 τεθειμένη
811 3300 906 3350 καὶ
942 3297 1138 3360 κάλλος
1167 3299 1244 3359 είς
1273 3297 1590 3365 διαρπαγὴν
1628 3298 1742 3358 τοῖς
1787 3295 2048 3365 βουλομέ-

481 3407 593 3453 νοις
616 3390 818 3449 ἀνείτο,
848 3391 940 3443 καὶ
969 3391 1064 3444 νῦν
1095 3390 1338 3460 ἄκοσμόν
1376 3407 1429 3443 τι
1463 3391 1646 3458 θέαμα
1679 3390 1849 3442 πᾶσιν
1881 3389 2052 3456 ὁρῶν-

479 3499 572 3536 ται
612 3481 708 3533 καὶ
751 3483 849 3544 τὰς
879 3482 1135 3534 ἁπάντων
1165 3480 1344 3550 ψυχὰς
1376 3480 1589 3533 κινοῦσι
1634 3479 1772 3549 πρὸς
1818 3479 2054 3550 δάκρυα.

483 3573 678 3625 Πολλοὶ
713 3575 814 3642 μὲν
842 3569 935 3626 οῦν
962 3572 1152 3625 εἵλοντ’
1182 3573 1248 3625 ἂν
1275 3572 1396 3624 ἀντὶ
1423 3573 1522 3641 τῆς
1562 3571 1934 3641 ἐνεγκαμένης
1957 3571 2064 3644 τὴν,

484 3666 664 3727 πόλιν,
703 3668 798 3719 καὶ
830 3666 1045 3735 πλήρης
1079 3666 1178 3736 μὲν
1213 3666 1278 3718 ἂν
1309 3659 1376 3733 ἦν
1407 3663 1650 3716 εύσεσῶν
1679 3663 1804 3733 ἥδη,
1839 3665 2058 3732 πλήρης

479 3757 536 3809 δὲ
578 3758 850 3828 μοναχῶν,
888 3760 1139 3826 γέμουσα
1167 3756 1223 3810 δὲ
1259 3755 1557 3825 θυμηδείας
1580 3755 1675 3808 καὶ
1706 3755 1952 3824 τέρψεως
1979 3754 2056 3823 τῷ

482 3850 864 3920 Χριστωνύμῳ
901 3849 1228 3920 πρεπούσης
1257 3847 1610 3918 πληρώματι,
1644 3848 1693 3898 εἰ
1725 3847 1800 3918 μὴ
1831 3846 2053 3916 τοιαύτη

481 3944 604 3996 κατ’
634 3942 804 4012 αὐτῆς
848 3942 1132 4010 ἀπόφασις
1181 3939 1497 3993 ἀπευκταία
1544 3938 1803 4009 ὲξήνεκτο
1850 3939 1944 3990 καὶ
1986 3939 2054 3992 τά

483 4035 604 4087 κατ’
639 4035 815 4104 αὐτὴν
854 4031 997 4086 οὕτω
1035 4031 1426 4103 προύχώρησε.
1467 4030 1606 4083 Νυνὶ
1638 4030 1696 4082 δὲ
1748 4029 1824 4100 μὴ
1858 4031 1940 4082 ὅτι
1990 4045 2054 4097 γε

481 4126 647 4180 πόθον
679 4127 727 4181 οἳ
760 4125 962 4194 ταύτην
987 4129 1050 4178 ἐκ
1083 4124 1300 4196 μακροῦ
1327 4123 1658 4178 καταλαϐεῖν
1681 4119 1848 4192 εἶχον,
1883 4123 2051 4189 μετά·

487 4218 647 4286 μελον
680 4217 840 4288 ἔσχον
869 4218 970 4286 τῆς
1001 4217 1333 4288 προθυμίας,
1365 4215 1501 4269 ἀλλὰ
1533 4215 1629 4268 καὶ
1665 4216 1798 4285 ἡμῖν
1826 4214 1926 4284 τῆς
1971 4216 2053 4278 εἰς

484 4310 583 4380 τὴν
612 4311 768 4362 πόλιν
814 4310 1078 4374 ἐλεύσεως
1117 4309 1440 4378 μεταμέλει,
1473 4307 1571 4376 τῆς
1601 4306 1817 4369 ἐλπίδος
1863 4306 2053 4375 σαφῶς

482 4401 908 4470 διημαρτηκόσι.
940 4399 1124 4454 Πάντα
1155 4399 1262 4469 γὰρ
1293 4402 1407 4454 ἀνω
1435 4398 1532 4451 καὶ
1567 4398 1719 4451 κάτω
1765 4397 2049 4465 γεγόνασι,

481 4493 542 4544 τὸ
573 4491 669 4545 τοῦ
693 4492 876 4560 λόγου.
908 4491 1016 4545 Καὶ
1045 4492 1078 4560 ἡ
1114 4489 1266 4552 πόλις
1293 4488 1484 4559 ὥσπερ
1514 4506 1600 4553 τις
1628 4487 1758 4551 ναῦς
1784 4489 1843 4541 ἐν
1883 4488 2052 4541 πελά-

483 4601 570 4650 γει
596 4585 987 4654 περισχεθεῖσα
1013 4580 1204 4635 κακῶν
1231 4582 1616 4650 περιφέρεται,
1646 4580 1804 4648 δίκην
1832 4578 2052 4648 ἀνέμων

2145 2103 2267 2158 aliis
2293 2104 2686 2158 recentioribus
2716 2103 2980 2172 applicata
3009 2113 3113 2169 est,
3143 2113 3198 2159 et
3233 2104 3568 2172 potissimum
3601 2103 3717 2156 bal-

2146 2211 2267 2261 neo,
2304 2196 2445 2266 quod
2477 2213 2617 2252 nunc
2645 2198 2821 2254 media
2855 2198 2908 2251 in
2937 2199 3066 2253 urbe
3093 2199 3458 2252 commoditati
3491 2198 3720 2267 publica:

2145 2295 2382 2342 erectum
2413 2290 2779 2358 conSpicitur;
2816 2299 3132 2361 tantumque
3164 2292 3230 2346 ab
3291 2300 3447 2345 aetate
3491 2305 3719 2360 provec-

2149 2379 2379 2434 tioribus
2415 2381 2496 2433 fas
2523 2392 2606 2433 est
2637 2381 2825 2434 audire
2858 2396 2872 2433 :
2912 2383 3011 2434 hac
3061 2382 3112 2434 in
3146 2391 3295 2448 parte
3328 2381 3582 2449 templum
3617 2380 3722 2434 tale

2147 2478 2286 2535 erat,
2311 2469 2384 2524 ibi
2415 2471 2540 2535 tale,
2565 2479 2618 2524 et
2635 2485 2972 2539 quaacunque
2997 2487 3057 2526 ea
3088 2472 3445 2534 exornabant,
3469 2481 3722 2524 venusta-

2149 2567 2230 2612 tes
2258 2569 2312 2612 et
2340 2560 2545 2627 gratias.
2587 2557 2651 2613 Et
2698 2560 2798 2614 hoc
2841 2561 3079 2629 quidem,
3115 2577 3208 2626 per
3261 2562 3439 2614 omnia
3485 2561 3722 2616 civrtatis

2148 2650 2289 2714 loca,
2323 2650 2517 2719 templa
2554 2665 2707 2719 passa
2741 2662 2884 2706 sunt.
2924 2651 3271 2715 Monasteria,
3306 2653 3371 2705 de
3408 2653 3604 2721 quibus
3630 2669 3721 2708 an-

2151 2750 2237 2796 tea
2271 2751 2454 2797 nostra
2485 2743 2662 2798 oratio
2691 2745 3039 2808 disseruerat,
3089 2745 3142 2798 in
3180 2746 3472 2798 maximum
3523 2759 3725 2800 maero-

2152 2849 2263 2888 rem
2293 2835 2562 2889 intuentes
2597 2837 2939 2900 abstrahunt,
2978 2850 3080 2890 non
3111 2845 3320 2890 tantum
3354 2836 3566 2890 viduata
3605 2852 3723 2890 mo-

2151 2930 2338 2983 nachis
2371 2930 2601 2998 turpiter
2644 2930 2836 2999 ejectis
2868 2939 2924 2985 et
2968 2945 3034 2985 ex
3089 2930 3276 2999 patriis
3326 2931 3641 3001 peregrinas
3673 2933 3724 2984 in

2153 3021 2308 3075 sedes
2359 3022 2554 3091 pulsis,
2602 3022 2696 3076 sed
2743 3039 2842 3077 suo
2889 3023 3172 3092 splendore
3219 3038 3282 3078 ac
3333 3024 3729 3092 pulchritudine
3823 3097 3827 3099 _

2137 3109 2402 3181 ‘spoliata,
2425 3129 2692 3167 marmora
2719 3115 2985 3184 siquidem
3011 3131 3194 3171 eorum
3226 3118 3280 3172 in
3301 3119 3472 3171 solum
3502 3117 3725 3184 disiecta

2153 3214 2207 3258 et
2244 3205 2468 3259 materia
2502 3207 2727 3277 reliqua,
2761 3208 2826 3261 ad
2865 3207 3249 3278 perfectionem
3281 3219 3444 3278 atque
3475 3217 3726 3262 ornatum

2155 3297 2451 3366 antiquitus
2494 3308 2853 3368 exaggerata,
2905 3301 3104 3368 rapinae
3154 3301 3444 3356 volentium
3486 3316 3728 3363 cessere,

2159 3399 2211 3442 et
2241 3404 2381 3444 nunc
2409 3392 2778 3456 spectaculum
2819 3393 2937 3447 sine
2970 3392 3077 3446 ullo
3123 3393 3272 3446 cultu
3312 3391 3515 3445 foedum
3549 3406 3612 3445 ac
3637 3392 3732 3445 de-

2131 3477 2472 3551 formatum,
2505 3483 3077 3552 circumspectantium
3109 3483 3308 3537 animis
3341 3484 3606 3554 lacrymas
3631 3498 3729 3538 e1-

2161 3579 2432 3639 torquent.
2457 3570 2521 3625 Et
2549 3573 2703 3626 multi
2736 3589 2870 3627 sane
2899 3574 3038 3628 hanc
3082 3576 3352 3629 civitatem
3385 3577 3572 3642 patria!
3599 3591 3731 3643 prat-

2159 3663 2467 3729 posuissent
2492 3680 2507 3728 ;
2540 3665 2784 3732 atIquue
2813 3666 2915 3733 piis
2945 3667 3254 3721 hominibus
3280 3667 3505 3734 repleta,
3529 3668 3728 3734 rt'plcia

2158 3752 2466 3819 monachis,
2497 3753 2680 3808 laetitia
2709 3753 2989 3823 jubiloque
3030 3755 3344 3809 Christiano
3399 3755 3566 3810 coetui
3619 3772 3727 3810 non

2158 3835 2794 3911 dedecentibuslonusta,
2820 3846 2873 3899 in
2895 3846 3222 3900 hilaritatem
3265 3861 3524 3900 conversa
3553 3846 3728 3900 maxi-

2159 3949 2247 3988 mo
2277 3934 2475 4004 gaudio
2505 3936 2800 4002 frueretur,
2827 3936 2930 3991 nisi
2959 3939 3095 3991 adeo
3127 3937 3460 3991 exsecranda
3487 3945 3720 3992 senten-

2162 4027 2233 4079 tia
2267 4028 2372 4080 lata
2406 4026 2620 4083 fuisset.
2661 4029 2724 4082 Et
2752 4044 2836 4084 res
2856 4030 3074 4097 quidem
3109 4031 3260 4082 urbis
3291 4029 3360 4082 ita
3381 4043 3439 4082 se
3466 4028 3724 4081 habuere.

2158 4118 2310 4173 Nunc
2343 4135 2524 4189 porro,
2558 4122 2648 4190 qui
2704 4139 2731 4175 a
2770 4124 3099 4192 longioribus
3127 4123 3238 4176 oris
3275 4122 3420 4175 illius
3463 4123 3732 4189 potiunda:

2157 4211 2426 4266 desiderio
2452 4214 2807 4277 exardebaut,
2833 4229 2928 4268 eos
2953 4215 3034 4268 sui
3064 4214 3338 4274 desiderii,
3363 4214 3456 4267 sed
3479 4227 3576 4266 nos
3593 4228 3730 4278 quo-

2157 4319 2264 4371 que
2293 4303 2346 4358 in
2377 4320 2494 4358 eam
2533 4306 2816 4360 reditionis
2846 4307 3092 4373 panitet,
3131 4321 3251 4358 cum
3308 4321 3432 4370 spes
3493 4307 3734 4361 melioris

2156 4405 2336 4452 status
2368 4398 2586 4474 penitus
2612 4399 2822 4454 sublata
2850 4400 2942 4455 sit.
2975 4397 3189 4468 Susque
3208 4399 3385 4468 deque
3429 4401 3574 4454 enim
3610 4414 3731 4454 om-

2156 4487 2245 4541 nia
2274 4488 2412 4543 t’aela
2440 4498 2591 4549 sunt.
2619 4499 2676 4544 ut
2704 4491 2989 4558 proverbio
3016 4490 3401 4546 circumfertur
3437 4506 3454 4556 ;
3479 4499 3532 4544 et
3579 4491 3732 4552 urbs,

2157 4580 2324 4635 veluti
2354 4581 2510 4637 navis
2541 4581 2650 4636 alto
2679 4584 2947 4638 malorum
2982 4584 3419 4653 marioppressa,
3452 4585 3729 4635 circuma-

482 4674 738 4729 τῶν-καθ’
790 4674 1031 4742 ἑκάστην
1066 4674 1243 4726 εἰπεῖν
1279 4671 1703 4740 συμπιπτόντων
1745 4670 2045 4739 ταραττόν-

2157 4670 2344 4739 gitur:
2381 4679 2667 4726 ventorum
2699 4675 2843 4727 enim
2878 4673 3069 4738 instar,
3103 4689 3224 4743 qua:
3257 4673 3488 4739 singulis
3537 4671 3729 4726 diebus

481 4778 588 4820 των
621 4767 792 4837 αὐτὴν
826 4768 922 4819 καὶ
967 4765 1193 4828 ναυτίας
1247 4765 1450 4835 πολλῆς
1493 4765 1589 4818 καὶ
1646 4763 1860 4832 ἰλίγγου
1916 4761 2056 4830 πλη-

487 4861 746 4930 ρούντων,
780 4861 873 4914 καὶ
903 4860 1152 4929 καθαρᾶς
1181 4857 1364 4921 εὐδίας
1390 4857 1672 4926 ἐπιτυχεῖν
1703 4856 1902 4909 οὔκουν
1928 4856 2058 4910 ἐών-

482 4971 613 5011 των,
678 4951 800 5003 οὐδὲ
853 4951 913 5003 τὸ
975 4951 1073 5018 τῆς
1134 4949 1363 5020 εἰρήνης
1419 4950 1512 5002 καὶ
1564 4946 1829 5016 νηνεμίας
1885 4947 2056 5001 ἰστίον

483 5045 801 5096 πετάσασαν
831 5042 966 5111 πρὸς
986 5040 1188 5110 λιμένα
1219 5040 1402 5094 καλῶν
1433 5039 1734 5108 ἐφθακέναι
1766 5037 1961 5106 στῆναί
1996 5055 2054 5090 τε

485 5138 573 5188 ἐπ’
603 5135 862 5203 ἀγκυρῶν
883 5132 1189 5201 ἀσφαλείας
1215 5132 1312 5185 καὶ
1353 5132 1538 5200 μένειν
1563 5129 1886 5184 ἀσάλευτον.
1917 5128 2053 5181 Θεοῦ

486 5227 543 5281 δὲ
578 5226 689 5296 ἀρα
717 5225 874 5277 τοῦτο
912 5225 977 5278 ἂν
1009 5226 1096 5294 εῐη
1144 5224 1235 5277 καὶ
1270 5222 1366 5289 τῆς
1409 5221 1617 5274 ἐκείνου
1654 5220 1844 5288 σαφῶς
1889 5219 2058 5290 πηδαο

486 5318 752 5388 λιουχίας,
799 5315 1188 5388 καταπραῧναι
1244 5315 1343 5383 μὲν
1391 5314 1457 5366 τὰ
1507 5312 1617 5365 τῶν
1665 5313 2058 5381 ἑπερχομένων

490 5409 879 5479 κορυφούμενα
910 5409 1156 5476 κύματα,
1190 5405 1369 5460 ἰθῦναι
1404 5403 1462 5457 δὲ
1500 5403 1636 5473 πρὸς
1662 5403 1930 5472 γαλήνην,
1963 5402 2059 5455 καὶ

491 5499 768 5571 σωτηρίαν
825 5499 1180 5569 χαρίσασθαι,
1227 5498 1321 5550 καὶ
1375 5494 1560 5548 δοῦναι
1597 5492 1857 5563 πρύμναν
1895 5493 2057 5562 κρού-

490 5595 689 5648 σασθαι
725 5593 820 5648 τοῦ
869 5593 1058 5646 λοιποῦ
1114 5593 1210 5646 καὶ
1259 5590 1490 5643 πλεῦσαι
1523 5588 1798 5658 δεύτερον,
1837 5587 1864 5639 ὅ
1899 5603 2054 5654 φασι,

489 5685 679 5747 πλοῦν,
739 5685 1238 5753 μεταϐεϐλημένων
1289 5683 1550 5736 ἁπάντων
1596 5680 1686 5732 ἐπὶ
1737 5680 1797 5731 τὸ
1851 5677 2060 5748 βέλτιον

490 5774 586 5826 καὶ
611 5771 640 5825 ὃ
673 5773 914 5826 συνοίσει
943 5776 1009 5844 τῇ
1042 5773 1222 5835 πόλει,
1271 5771 1697 5842 μεσιτεύσαντος
1731 5769 1825 5821 τοῦ
1859 5768 2062 5838 ἡμεδα-

493 5865 597 5917 ποῦ
647 5866 1015 5936 τροπαιούχου
1050 5869 1145 5919 καὶ
1199 5867 1496 5936 μάρτυρος,
1534 5867 1629 5918 καὶ
1669 5863 1776 5916 τῶν
1822 5862 1924 5933 τῆς
1956 5878 2061 5915 πα-

492 5957 670 6028 τρίδος
703 5960 904 6013 οἰάκων
939 5954 1092 6023 αὖθις
1123 5961 1296 6014 εἰπεῖν
1333 5957 1752 6028 ἐπιλαόομένου,
1790 5956 1885 6008 καὶ
1924 5953 2060 6023 πρὸς

2163 4774 2477 4826 occurrunt,
2511 4777 2631 4830 eam
2661 4763 3026 4817 interturbant
3048 4773 3102 4816 et
3127 4777 3325 4815 nausea
3360 4762 3734 4830 vertigineque

2163 4855 2457 4924 complent,
2488 4863 2542 4910 et
2565 4870 2692 4909 vera
2717 4855 2878 4924 potiri
2908 4855 3086 4922 quiete
3106 4869 3211 4906 non
3246 4854 3589 4920 permittunt,
3616 4853 3729 4905 vola

2164 4944 2288 5001 licet
2314 4944 2462 5013 pacis
2493 4952 2546 4998 et
2579 4944 2991 5010 tranquillitatis
3026 4942 3366 5010 expanderit,
3401 4949 3457 4993 ut
3504 4941 3570 4994 ad
3604 4957 3733 5008 por-

2163 5047 2276 5089 tum
2307 5036 2570 5091 bonorum
2601 5035 2859 5105 appellat,
2887 5043 2942 5087 et
2965 5049 3291 5087 ancorarum
3316 5032 3610 5087 securitate
3637 5032 3731 5086 lir-

2165 5133 2360 5188 metur,
2392 5134 2714 5194 maneatque
2749 5125 3094 5180 inconcussa.
3130 5124 3222 5178 Dei
3247 5124 3414 5194 igitur
3444 5124 3628 5187 fuerit,
3649 5135 3726 5186 'ct.

2164 5217 2310 5272 illius
2342 5217 2500 5287 plane
2517 5217 2950 5288 gubernationis,
2986 5232 3167 5270 rerum
3197 5217 3605 5271 advenientium
3650 5227 3734 5269 tu-

2167 5307 2343 5363 tnidos
2374 5307 2568 5362 fluctus
2623 5308 2834 5369 sedare,
2886 5307 2950 5359 ad
3008 5307 3455 5374 tranquillitatem
3502 5306 3734 5373 dirigere

2164 5400 2394 5454 salutem
2423 5398 2665 5470 elargiri,
2691 5398 3098 5467 coxit-edereque
3122 5406 3177 5452 ut
3209 5399 3258 5451 in
3281 5410 3558 5467 posterum
3591 5412 3732 5466 pup-

2163 5491 2272 5561 pim
2309 5489 2650 5544 inhibcamus
2677 5496 2730 5542 et
2760 5489 2993 5542 secunda
3026 5488 3389 5556 navigatione,
3422 5489 3567 5556 quod
3607 5489 3740 5542 dici-

2167 5591 2271 5644 tur,
2302 5591 2538 5643 utamur,
2556 5581 2811 5634 omnibus
2833 5580 2884 5633 in
2908 5579 3099 5634 melius
3125 5580 3444 5642 immutatis,
3480 5580 3733 5647 ut,quid-

2165 5673 2292 5741 quid
2323 5672 2504 5735 fuerit,
2552 5671 2757 5726 civitati
2787 5673 3081 5734 conducat,
3110 5671 3468 5742 deprecatore
3517 5685 3577 5724 se
3635 5685 3745 5738 pro-

2165 5765 2320 5819 nobis
2345 5767 2619 5833 praebente
2649 5774 2838 5819 nostro
2872 5765 3110 5831 tropa'ali
3139 5775 3191 5818 et
3227 5775 3485 5826 martyre,
3517 5778 3739 5816 rursus-

2165 5872 2270 5927 que
2293 5858 2479 5926 patriae
2505 5857 2868 5926 gubernacula
2892 5858 3240 5924 suscipiente,
3267 5865 3319 5909 et
3349 5856 3608 5909 adversus
3655 5866 3678 5910 ι.
3699 5863 3734 5906 ›ι

2164 5949 2534 6040 calamitatum
2572 5949 2892 6005 immodicos
2954 5961 3165 6003 montes
3224 5966 3376 6004 suam
3433 5949 3738 6021 potentiam.
