3990 6556
456 498 555 566 θἰί

1604 514 1890 577 GEORGI
1908 516 2005 578 US
2042 519 2137 578 ΡΗ
2150 518 2519 581 RANTZES.

3592 518 3691 581 632

448 616 760 685 teiligentiae
815 622 1105 686 canebant,
1170 640 1312 681 nunc
1362 641 1553 681 vocum
1632 630 2021 700 incornptarum

2132 635 2411 711 ﬁdium.
2452 636 2658 705 οίμοιῐ
2706 634 2822 699 πῶς
2884 636 2952 691 ἂν
3007 637 3269 710 ἀδακρυτὶ
3348 636 3450 707 τὴν
3498 638 3692 692 τούτων

444 711 629 780 fragor
678 712 982 770 sustollitur
1025 726 1081 771 et
1130 717 1436 776 daemonum
1486 724 1684 779 chorea
1728 728 2021 788 subsultat,

444 805 574 853 dum
620 802 936 857 cantionum
984 815 1150 861 totam
1199 822 1411 866 noctem
1448 814 1834 883 pervigilantes
1857 817 2027 871 admi-

444 892 649 947 nistras
686 892 897 962 linguas
927 898 1226 955 taciturnas
1274 903 1560 973 conspicit.
1610 904 1703 961 Vae
1733 909 1890 962 mihi!
1916 926 2022 980 qua

443 982 659 1037 ratione
687 983 891 1054 absque
916 985 1171 1058 lacrymis
1198 1006 1382 1047 eorum
1404 997 1719 1052 memoriam
1742 1001 2025 1068 repetam?

444 1070 534 1127 ubi
573 1075 759 1131 vivens
790 1078 926 1147 ipse,
959 1082 1075 1149 qui,
1107 1082 1247 1137 sicut
1280 1100 1400 1152 nos,
1447 1097 1669 1157 propter
1698 1105 1795 1146 nos
1825 1091 2023 1158 factus,

443 1166 889 1233 conspiciebatur
943 1180 999 1225 et
1046 1173 1359 1244 angelorum
1409 1179 1581 1247 cupiae
1626 1181 1810 1236 videre
1859 1184 2025 1251 perti-

446 1263 781 1322 Inescebant,
815 1260 929 1316 illic
961 1262 1031 1317 ab
1056 1263 1239 1333 impiis
1267 1267 1381 1322 dira
1416 1268 1658 1325 facinora
1709 1282 2026 1342 perpetrau-

445 1354 571 1408 tur;
608 1355 660 1398 et
698 1345 921 1402 fulmina
978 1351 1044 1404 de
1071 1352 1211 1406 caelo
1257 1370 1361 1408 non
1403 1358 1598 1412 cadunt
1629 1361 1652 1414 Ἰ
1686 1360 1730 1416 0
1764 1362 1883 1416 loca
1916 1360 2026 1417 Deo

442 1446 757 1491 consecrata
791 1436 803 1488 ί
836 1451 943 1505 qua
988 1439 1368 1510 abundabatis,
1400 1446 1579 1501 divina
1610 1452 1780 1515 gratia
1825 1452 2026 1520 spolia-

452 1525 606 1589 mini,
639 1535 695 1580 et
724 1528 908 1598 pipulo
935 1545 965 1584 a
1023 1537 1327 1592 temerariis
1356 1538 1691 1596 diﬂ‘erirnini.
1734 1543 1877 1606 lieu.
1917 1560 2027 1614 quo

443 1617 606 1671 modo
628 1622 1004 1688 prosperitatis
1031 1634 1246 1697 tempus
1272 1634 1642 1697 aggressionis
1674 1646 1727 1690 et
1759 1638 2026 1693 incursio-

442 1706 531 1761 nis
564 1706 763 1763 factum
788 1721 960 1777 est,et
989 1729 1109 1780 nos,
1136 1719 1227 1787 qui
1256 1723 1637 1787 remansimus,
1670 1729 2023 1795 opprobrium

442 1806 495 1849 et
530 1796 744 1853 infamia
773 1802 786 1853 ι
813 1802 1011 1859 Abiere
1032 1808 1233 1875 publici
1254 1822 1552 1867 conventus
1582 1825 1635 1868 et
1656 1816 2027 1898 celebritates,

443 1886 629 1944 abiere
673 1891 980 1948 divinarum
1032 1898 1340 1968 efllgierum
1371 1904 1687 1971 splendores
1714 1944 1729 1960 .
1770 1886 2025 1965 Periitli:

2135 728 2359 796 μνήμην
2381 729 2699 797 ὲνέγκοιμι;
2726 727 2895 781 Ἔνθα
2918 728 3028 792 ζῶν
3065 729 3229 793 αὐτὸς
3256 730 3283 781 ό
3314 729 3442 782 καθ’
3468 731 3611 799 ἡμᾶς
3630 731 3697 784 δι’

2141 819 2291 886 ἡμᾶς
2323 818 2615 887 γενόμενος
2648 819 2967 888 καθεωρᾶτο
2985 858 3000 881 ,
3027 819 3199 888 δῆμός
3225 836 3287 872 τε
3322 820 3694 873 συνεστέλλετο

2136 910 2357 979 βλέπειν
2388 909 2657 978 ἀγγέλων,
2705 910 2843 981 ἔργα
2870 913 2983 973 τοῖς
3032 912 3299 975 ἀντιθέοις
3344 913 3692 982 παρανομίας

2140 1002 2431 1071 τολμᾶται.
2460 1001 2573 1053 Καὶ
2596 1003 2832 1070 σκητττο)⁸
2855 1001 3151 1072 οὐρανόθεν
3179 1003 3240 1056 οὐ
3269 1002 3690 1073 καταφέρονται.
3716 1007 3733 1072 ὶ

2134 1093 2200 1144 Ὢ
2231 1093 2413 1145 τόπων
2456 1092 2577 1161 Θεῷ
2615 1093 3055 1160 ἀφωσιωμένωνί
3088 1093 3155 1163 ἢν
3186 1093 3519 1184 ὲιττλουτεῖτεΔ
3548 1091 3691 1184 θείαν

2132 1181 2421 1252 ἀφῄρησθε
2438 1181 2620 1249 χάριν,
2641 1181 2736 1233 καὶ
2758 1183 2867 1241 τοῖς
2885 1181 3181 1250 τολμηταῖς
3208 1182 3364 1251 παρὰ
3394 1180 3595 1250 φαῦλον
3614 1181 3689 1233 λα·

2136 1275 2381 1341 γὶζεσθε.
2419 1274 2484 1325 '0
2506 1272 2623 1325 πῶς
2653 1274 2682 1325 ό
2702 1274 2802 1341 τῆς
2833 1273 3133 1342 εὐημερίας
3152 1274 3283 1343 ἡμῖν
3314 1273 3508 1344 καιρὸς
3526 1272 3696 1325 έπιθέ-

2134 1383 2275 1430 σεως
2329 1366 2427 1418 καὶ
2464 1363 2813 1434 καταδρομῆς
2852 1365 3079 1432 γέγονε,
3106 1366 3200 1418 καὶ
3246 1363 3691 1432 καταλειφθέντες

2133 1458 2366 1527 αἰσχύνη
2407 1456 2502 1510 καὶ
2530 1456 2729 1518 ὄνειδος
2768 1454 3129 1523 γεγενήμεθα.
3165 1455 3423 1526 Οῐχονται
3457 1454 3691 1523 πανηγύ-

2136 1567 2272 1618 ρεις,
2321 1550 2561 1619 οἴχονται
2612 1546 2773 1599 θείων
2830 1547 3242 1615 ὲκτυπωμάτων
3296 1545 3690 1616 λαμπρότητες.

2134 1638 2407 1693 Ἀπόλωλε
2425 1654 2499 1690 πα
2507 1638 2731 1708 ρῤησία⁶
2752 1636 2813 1690 τὸ
2828 1636 2936 1690 τῶν
2955 1636 3204 1705 μοναχῶν
3218 1637 3563 1707 ἀπελήλαται
3576 1636 3695 1699 τάγ-

2138 1748 2237 1800 μα,
2273 1732 2371 1783 καὶ
2398 1728 2581 1782 πολιαὶ
2601 1729 2992 1799 πρεσϐυτέρων
3026 1730 3122 1781 καὶ
3138 1729 3409 1781 διακόνων
3434 1727 3689 1797 σεμνότης

2135 1827 2194 1876 ὲν
2229 1823 2345 1883 τοῖς
2374 1821 2591 1890 ἀτίμοις
2616 1820 2942 1887 λογίζονται.
2982 1817 3108 1887 *Δρ*
3132 1820 3232 1872 οὐκ
3271 1819 3510 1880 ἀϐίωτος
3544 1817 3691 1887 esto:

2134 1914 2292 1983 ἡμῶν
2325 1915 2465 1978 ἐστι,
2503 1914 2597 1964 καὶ
2619 1906 2784 1981 ἦττον
2814 1913 2909 1964 τοῦ
2964 1908 3063 1981 ζῇν
3096 1912 3156 1965 τὸ
3188 1911 3379 1965 θανεῖν
3440 1912 3555 1964 ἐστι
3607 1927 3687 1961 πι-

444 1978 650 2048 bertas,
693 1986 1083 2043 monachorum
1116 2002 1292 2047 coetus
1338 1993 1545 2063 eiectus
1579 2007 1659 2051 est
1688 2013 1702 2060 ;
1736 2001 2021 2071 presbyte-

2132 1978 2291 2074 κραῖς
2352 2003 2495 2057 οὕτω
2562 1978 2911 2073 βαλλομένοις
2965 1978 3088 2056 κᾶθ’
3157 2004 3403 2072 ἑκάστην
3457 2002 3689 2065 ὁδύναιςς

447 2082 627 2124 rerum
665 2076 894 2131 canities
923 2088 977 2133 et
1007 2080 1360 2137 diaconorum
1391 2088 1626 2155 gravitas
1661 2091 1903 2144 omnium
1950 2094 2026 2145 ir-

444 2160 647 2218 risione
682 2165 967 2227 lzeduntur.
994 2173 1075 2225 An
1110 2188 1216 2228 non
1246 2176 1353 2229 vita
1383 2177 1676 2245 injucunda
1722 2191 1776 2236 et
1804 2183 2024 2249 acerba,

442 2252 738 2325 minusque
788 2268 872 2314 est
903 2262 1059 2318 nobis
1093 2267 1265 2321 emori
1323 2283 1485 2336 quam
1524 2274 1725 2337 vivere,
1761 2281 1840 2328 tot
1893 2276 2028 2329 diris

444 2344 725 2402 doloribus
756 2353 999 2418 quotidie
1027 2360 1303 2424 oppressis
1330 2359 1354 2412 il
1382 2362 1523 2417 Sane
1556 2364 1694 2417 idem
1737 2376 1899 2432 atque
1927 2382 2027 2437 ego

442 2440 679 2494 sentient
710 2444 801 2511 qui
836 2449 1075 2515 compati
1132 2450 1182 2503 in
1215 2453 1484 2508 similibus
1518 2458 1777 2511 assolent.
1816 2458 2027 2527 Sat-pius

442 2530 627 2600 itaque
669 2550 875 2590 mecum
932 2542 1049 2608 ipse
1096 2543 1405 2599 addubitavi
1455 2565 1555 2615 qua
1589 2551 1655 2603 de
1714 2564 1875 2605 causa
1914 2553 2027 2606 lucc

442 2625 599 2678 nobis
628 2626 948 2682 obvenerint
979 2636 1152 2700 etqua
1187 2635 1484 2691 rationein
1524 2648 1671 2691 tanta
1700 2639 1835 2693 mala
1874 2624 2027 2694 linei-

443 2715 683 2770 derimus
715 2717 1039 2789 ,irrvvnique
1084 2726 1405 2780 dubitationi
1453 2744 1585 2782 mea;
1641 2732 1774 2784 satis
1832 2730 1947 2786 ﬁeri
1994 2748 2023 2786 a

440 2803 627 2860 divino
658 2807 873 2877 eloquio
900 2826 913 2861 ς
946 2829 965 2861 ι
995 2808 1131 2874 Erit,
1159 2814 1395 2882 dicente,
1426 2825 1569 2871 terra
1599 2831 1775 2874 vestra
1806 2822 2022 2874 deserta

440 2909 496 2951 et
529 2897 668 2952 villa:
695 2911 890 2955 vestras
937 2904 1183 2968 desertae,
1220 2909 1477 2974 quoniam
1524 2925 1619 2966 vos
1649 2912 2026 2969 ambulavistis

440 2991 509 3043 ad
528 2992 855 3060 meobliqni,
889 3005 941 3047 et
982 3011 1083 3063 ego
1106 2998 1395 3053 ambulabo
1422 3001 1488 3054 ad
1532 3017 1629 3057 vos
1665 3004 1719 3057 in
1742 3004 2022 3065 iracundia

440 3082 680 3151 obliqua.
706 3102 724 3136 ι
758 3083 889 3139 Hinc
921 3087 1074 3156 plura
1092 3091 1302 3145 dicendi
1330 3094 1486 3146 linem
1514 3095 1716 3152 faciens
1747 3099 2023 3157 silentium

442 3170 690 3237 praefero.
713 3172 956 3241 Namque
982 3178 1071 3243 qui
1128 3194 1231 3232 non
1271 3180 1604 3248 ignoscibilis:
1657 3187 2022 3257 deliquerunt.

2133 2098 2312 2150 Ἦπου
2349 2113 2412 2163 γε
2450 2095 2651 2158 πάντες
2683 2094 2749 2147 ἄν
2787 2110 2875 2162 μοι
2907 2094 3354 2164 συμφθέγξαιντο
3393 2092 3443 2145 οἶ
3478 2094 3688 2159 πάσχειν

2128 2190 2189 2243 ὲν
2217 2190 2331 2250 τοῖς
2356 2186 2622 2248 τοιούτοις
2661 2184 3001 2252 πεφύκεσαν.
3050 2184 3337 2254 Ἡπόρησα
3371 2178 3466 2237 οὖν
3508 2181 3688 2235 πολλὰ·

2131 2296 2223 2343 κις
2254 2279 2378 2331 κατ’
2413 2277 2653 2346 ἐμαυτὸν
2681 2274 2798 2329 ἀνθ’
2848 2275 2972 2329 ὅτου
3029 2276 3226 2339 ταῦτα,
3286 2276 3385 2329 καὶ
3444 2273 3560 2336 πῶς
3614 2274 3687 2334 είς

2126 2369 2383 2424 τοσοῦτον
2414 2371 2628 2439 ἥκομεν
2656 2368 3043 2437 κακοπραγίας
3072 2368 3124 2420 oi
3175 2368 3533 2428 πεπονθότες.
3590 2365 3685 2416 Καὶ

2128 2456 2287 2532 εὗρον
2348 2459 2546 2512 λύοντά
2601 2476 2691 2528 μοι
2746 2458 2837 2511 τὸν
2891 2458 3034 2511 θεῖον
3066 2458 3224 2525 λόγον
3286 2458 3391 2529 τὴν
3444 2456 3680 2525 ἀπορὲαν,

2133 2573 2152 2606 ι
2182 2555 2356 2617 ἔσται,
2399 2553 2651 2620 λέγοντα,
2684 2552 2716 2622 ἡ
2748 2551 2820 2620 γῆ
2862 2551 3016 2621 ὑμῶν
3050 2551 3256 2622 ἕρημος
3295 2552 3391 2603 καὶ
3421 2552 3476 2602 αἱ
3523 2544 3680 2599 ἐπαύ-

2126 2646 2240 2708 λεις
2276 2644 2431 2714 ὑμῶν
2461 2644 2679 2715 ἔρημοι,
2716 2645 2799 2696 ὅτι
2836 2644 2993 2713 ὑμεῖς
3024 2644 3371 2712 ὲπορεύθητε
3594 2637 3678 2738 ἐμὲ

2127 2739 2371 2805 πλάγιοι,
2426 2735 2584 2803 κάγὼ
2628 2734 2975 2805 πορεύσομαι
3037 2735 3183 2804 πρὸς
3232 2735 3384 2804 ὑμᾶς
3432 2734 3489 2784 ὲν
3539 2731 3677 2797 θυμῷ

2127 2831 2367 2900 πλαγίῳ.
2406 2849 2425 2881 ι
2468 2827 2662 2882 Ἔνθεν
2700 2845 2785 2881 τοι
2823 2825 3040 2881 καὶτοῦ
3075 2827 3247 2880 πλείω
3282 2826 3467 2893 λέγειν
3495 2822 3678 2892 ἀφέμε-

2127 2940 2217 2985 νος
2254 2922 2316 2974 τὺ
2348 2920 2571 2988 σιγῆσαι
2602 2920 2899 2989 τετίμηκε.
2936 2917 3072 2971 Θεὸν
3109 2918 3217 2987 γὰρ
3254 2915 3494 2982 ὲξιλεοῦν
3530 2913 3674 2976 ἀσύγ·

2126 3031 2348 3081 γνωστα
2370 3014 2708 3073 πταίσαντας
2738 3010 2831 3063 καὶ
2868 3010 2942 3081 μὴ
2973 3012 3354 3079 μακρηγορεῖν
3410 3005 3529 3059 κατ’
3575 3002 3677 3056 ὲπί-

2128 3103 2296 3166 δειξιν
2332 3105 2461 3173 χρή.
2512 3104 2703 3170 Ἡμεῖς
2730 3103 2838 3169 γὰρ
2866 3100 2977 3155 τῶν
3037 3106 3254 3169 φύντων
3316 3097 3500 3163 αἴτιοι,
3551 3095 3674 3148 κατὰ

2129 3196 2223 3249 τὸν
2280 3196 2532 3260 εἰπόντα,
2588 3193 2816 3247 τοιαῦτα
2848 3194 3140 3262 σπέρματα
3198 3188 3671 3258 καταϐεϐληκότες.

440 3275 538 3315 eos
579 3260 745 3316 Deum
802 3264 909 3318 sibi
966 3268 1251 3336 propitium
1334 3272 1581 3338 reddere,
1633 3290 1738 3329 non
1790 3280 2021 3347 prolixas

2132 3288 2248 3341 Πᾶν
2279 3285 2574 3355 τοιγαροῦν
2602 3285 2887 3346 εύσεῦείας
2922 3260 3048 3373 ὅσον
3075 3284 3170 3338 καὶ
3198 3277 3669 3373 δογμάτωνᾼόρθῶν

440 3364 735 3409 contexere
780 3356 1052 3413 orationes
1104 3360 1159 3414 in
1190 3361 1275 3415 sui
1320 3367 1737 3421 ostentationem
1772 3371 2019 3429 addecet.

441 3440 725 3498 Nos’enim
752 3461 939 3501 eorum
970 3465 1091 3519 qua:
1116 3468 1346 3508 evenere
1392 3470 1555 3510 causa
1590 3456 1810 3523 fuimus,
1853 3463 2022 3518 utille

442 3535 601 3600 dixit,
622 3537 715 3606 qui
733 3539 929 3594 similia
959 3543 1164 3597 semina
1191 3547 1538 3615 projecimus.
1557 3549 1735 3617 Quare
1757 3554 2019 3624 quidquid

442 3628 659 3691 pietatis
697 3639 753 3684 et
783 3642 1054 3687 rectorum
1084 3635 1392 3704 dogmaturn
1433 3650 1535 3704 est,
1566 3658 1682 3709 nos,
1713 3648 1802 3711 qui
1831 3663 1894 3702 ex
1916 3649 2021 3702 vir-

443 3726 557 3773 tute
588 3724 863 3776 nascentia
893 3739 1056 3793 opera
1107 3728 1461 3797 negleximus,
1490 3743 1680 3789 rursus
1712 3736 1856 3790 omni
1898 3748 2018 3793 stu—

2126 3376 2397 3447 τρόφιμον
2422 3375 2531 3427 τῶν
2558 3375 2677 3427 κατ’
2737 3373 2958 3443 ἀρετὴν,
2992 3368 3068 3426 ὧν
3105 3374 3451 3444 ἡμεληκότες
3489 3368 3670 3435 ἐφάνη-

2132 3483 2233 3536 μεν
2264 3465 2469 3535 ἔργων,
2500 3461 2655 3527 αὖθις
2684 3464 3042 3517 ἐπιλαϐέσθαι
3072 3463 3312 3532 σπουδὴν
3345 3462 3669 3525 είσενὲγκαν-

2127 3574 2244 3619 τες,
2277 3555 2414 3609 Θεοῦ
2441 3558 2625 3625 τυχεῖν
2648 3554 2935 3625 εὐμενοῦς,
2964 3555 3151 3626 ἔργοις
3188 3551 3269 3618 οἷς
3301 3556 3505 3624 χαίρει,
3553 3549 3668 3602 πᾶσι

2126 3650 2352 3719 τρόποις
2385 3647 2808 3718 ἀγωνισώμεθα,
2840 3650 3173 3719 παλινῳδίαν
3200 3649 3275 3713 ὡς
3321 3650 3387 3703 ἂν
3444 3640 3668 3701 ἐντεῦθεν

2128 3740 2351 3812 ᾅσωμεν
2371 3741 2724 3811 χαριέστατα.

440 3809 532 3864 dio
570 3816 977 3886 arnplectentes,
1030 3821 1193 3877 Deum
1232 3825 1387 3882 nobis
1441 3829 1734 3899 pr0pitium
1768 3832 2013 3900 reddere,
2037 3809 2233 3905 quibus
2256 3809 2353 3893 ille
2381 3809 2579 3908 gaudet
2630 3837 2961 3903 actionibus,
3030 3835 3206 3893 modis
3264 3835 3512 3892 omnibus
3547 3840 3663 3883 c00-

441 3912 746 3980 teudamus,
783 3926 839 3968 ut
873 3916 998 3972 inde
1037 3924 1373 3987 postmodum
1416 3927 1742 3994 palinodiam
1820 3946 2031 3987 summa
2068 3947 2187 3988 cum
2222 3933 2387 3988 animi
2416 3935 2595 3989 laetitia
2630 3943 2932 3990 cantemus.

444 4081 3632 4120 Μ

447 4109 717 4120 -—_—._.._.

515 4259 3615 4637 GEORGI’USWIO’XiEIBANTZES'

1756 4895 2362 5011 NOTITIA

1482 5113 1695 5177 (Fabric.
1733 5114 1959 5167 Biblioth.
1986 5116 2072 5166 Gr.
2112 5116 2195 5166 ed.
2217 5116 2411 5167 Harles.
2446 5121 2480 5166 t.
2512 5114 2659 5179 Vill.)

517 5382 786 5450 Georgius
815 5383 1148 5449 Phranlzrs,
1186 5386 1388 5445 illustri
1417 5402 1638 5458 genere,
1670 5399 1726 5444 et
1764 5391 2148 5460 imperatorem
2186 5395 2367 5465 ipsum
2394 5396 2469 5461 (a)
2511 5411 2605 5464 per
2631 5393 2946 5448 alIinitatem
2981 5397 3341 5465 contingente,
3380 5397 3526 5445 natus
3568 5385 3639 5475 εξι

445 5472 610 5528 CPoli
640 5472 709 5526 50
740 5471 970 5541 August.
999 5487 1051 5529 a.
1084 5472 1145 5527 C.
1174 5474 1301 5528 Mill
1338 5475 1432 5546 (b).
1460 5475 1782 5535 Parentibus
1817 5495 1871 5534 a.
1925 5481 2063 5536 1417
2096 5483 2403 5553 pestilentia
2458 5481 2724 5569 correptis
2747 5491 2801 5535 et
2826 5482 3132 5547 exstinctis,
3162 5483 3293 5536 inter
3328 5471 3639 5547 imperatoris

518 5590 595 5657 (a)
636 5590 806 5643 Soror
832 5588 1107 5665 Phrnnzas
1143 5592 1325 5665 nupsit
1384 5593 1645 5665 Gregorio
1706 5595 2010 5665 Palaeologo
2120 5599 2277 5662 H38,
2311 5598 2590 5654 Helenam,
2627 5595 3109 5665 AlexiiPalmologi
3154 5580 3634 5665 Examplaconisﬁ:

445 5661 731 5747 Μδιιιοιιίις,
770 5661 949 5747 Ill-agili
986 5661 1439 5747 dulcis'l'ilamolnm
1491 5664 1622 5743 lilio,
1658 5675 1715 5719 ut
1750 5669 1866 5747 ipse
1909 5661 2008 5747 Δ[ἷξ-

442 5727 618 5787 βῖιυτ
644 5729 787 5805 libro
816 5730 856 5805 l_,
887 5745 1011 5796 cap.
1034 5730 1126 5784 58.
1159 5727 1312 5783 Illum
1344 5732 1662 5805 Gregorium
1717 5727 1857 5805 genti
1897 5740 2008 5788 Att-

443 5809 615 5867 pusta:
644 5799 1070 5863 Palasolognrtttn
1096 5809 1351 5853 accenset
1402 5800 1640 5867 Cangius
1677 5799 1743 5858 in'
1760 5807 2001 5859 Fumiliis

444 5870 603 5941 Rga,
641 5886 690 5939 p.
726 5869 851 5925 254.
896 5867 1127 5925 Uxorem
1177 5885 1396 5940 quoque
1448 5870 1688 5929 l’lrrauza
1709 5876 1879 5939 duxit,
1946 5894 1995 5929 a.

2117 5653 2351 5731 liaru,'cx
2380 5683 2484 5736 qua
2512 5666 2657 5788 {"7l08
2690 5674 2823 5720 tres‘
2857 5653 3136 5735 filianide
3193 5653 3351 5721 unam
3406 5653 3634 5716 ευεεθριιυ

2117 5737 2249 5788 Vide
2276 5754 2393 5788 eum
2423 5738 2486 5788 Il.
2584 5776 2595 5787 .

2117 5737 2249 5791 Vide
2276 5754 2393 5790 eum
2423 5738 2486 5795 ll,
2512 5737 2595 5788 l7.

2186 5809 2261 5877 (υ)
2293 5807 2563 5863 Phrnnzcs
2597 5804 2711 5875 ipse
2740 5803 2831 5857 lib.
2878 5803 2915 5871 l,
2953 5820 3072 5874 cap.
3108 5803 3199 5860 2i.
