3990 6608
215 516 362 587 θεῷ
1713 515 1791 578 Ν(

1940 519 2047 577 ΙᾹ.
2487 575 2490 580 ,
3412 517 3516 580 6%

233 614 543 674 maliuolis
613 619 902 694 Palatologi
960 625 1332 684 cubicularios
1387 631 1457 700 (c)
1513 641 1566 686 et
1625 633 1808 686 bienni

1938 633 2181 700 iterjccto
2254 630 2396 684 inter
2449 628 2774 684 secretarios
2843 635 3114 693 receptus,
3169 634 3280 679 tum
3340 627 3514 680 ci-lem

227 706 524 762 Mauricii.
553 717 668 763 tum
696 710 827 765 ﬁliis
865 713 1014 768 illius
1039 711 1236 769 Joanni
1269 717 1379 782 (cui
1419 733 1446 772 a
1491 720 1757 772 moriente
1787 727 1938 786 patre
1962 717 2312 786 singulariter
2331 717 2749 771 commendatus
2776 715 2854 781 (ri)
2893 712 3116 781 (iterata
3151 722 3205 767 et
3235 712 3510 767 Constan-

230 795 378 848 tino
408 793 628 857 cbarus,
655 797 834 857 varias
863 798 1164 866 legationes
1193 817 1292 869 pro
1326 803 1434 859 illis
1465 804 1603 859 obiit
1641 824 1655 858 :
1683 806 1914 858 consilio
1943 814 2104 872 atque
2140 819 2304 872 opera
2328 803 2545 872 utrique
2605 803 2803 866 adfuit,
2863 801 3212 855 Glareutzam
3247 800 3299 852 in
3351 797 3510 853 Pelo-

231 892 513 949 ponneso
541 883 762 950 recepit,
804 884 1223 941 Constantinum
1256 889 1322 943 ad
1383 890 1571 946 Patras
1609 906 1660 945 a.
1698 891 1858 955 1429,
1891 893 2105 960 obiecto
2140 909 2368 962 corpore
2393 908 2517 952 suo.
2545 892 2750 947 exemit
2781 889 3053 949 hostibus.
3084 898 3138 941 et
3178 903 3279 955 pro
3308 903 3374 938 eo
3407 902 3501 941 ca—

230 965 303 1032 pi
334 981 404 1020 se
437 968 508 1035 (ε)
543 983 738 1034 passus
771 981 875 1025 est.
913 971 1220 1029 Restitutus
1259 977 1550 1046 interiecto
1577 989 1823 1048 tempore
1845 980 2248 1048 protovestiarii
2279 981 2348 1050 (Γ)
2377 996 2603 1034 munere
2627 995 2678 1034 a.
2708 979 2863 1041 1452,
2897 987 2950 1030 et
2981 975 3305 1050 prefectura
3335 973 3504 1040 Spar-

235 1061 391 1107 tana
431 1069 482 1107 a.
514 1056 670 1119 1446,
707 1058 782 1127 (g)
815 1071 1009 1115 auctus
1041 1061 1180 1128 fuit;
1220 1042 1453 1134 rumque
1479 1065 1544 1119 ad
1583 1042 1906 1119 ﬁrmandum
1945 1042 2316 1122 Constantino
2335 1042 2462 1136 post
2489 1042 3123 1130 Joannem,fra‘trem!a.
3150 1061 3284 1115 1448
3311 1061 3517 1115 exstin-

233 1149 437 1201 ctum.
463 1147 868 1201 successionem
893 1149 945 1201 in
964 1149 1250 1217 imperium
1279 1153 1544 1208 adversus
1568 1153 1789 1208 fratrem
1819 1155 1962 1206 illius
1986 1153 2317 1208 Demetrium
2343 1155 2440 1219 (It).
2461 1153 2748 1214 adfuisset,
2768 1160 2822 1205 et
2847 1150 2912 1203 ad
2940 1150 3118 1217 magni
3147 1147 3514 1215 logotbetati)

233 1229 588 1298 dignitatem
622 1233 690 1284 ab
719 1249 788 1288 eo
817 1236 1013 1290 fuisset
1041 1249 1284 1303 evectus,
1320 1257 1426 1295 non
1467 1243 1559 1296 diu
1593 1252 1736 1308 post.
1763 1251 1922 1310 capta
1957 1257 1985 1294 a
2019 1240 2216 1293 Turcis
2241 1257 2292 1293 a.
2331 1240 2469 1294 1453
2503 1239 2686 1300 CPoli,
2722 1239 2924 1305 et’ipse
2955 1252 3078 1289 cum
3109 1236 3367 1287 omnibus
3397 1233 3512 1286 suis

233 1319 412 1371 venit
439 1321 491 1373 in
523 1332 846 1388 potestatem
873 1324 1175 1380 Turcarum
1212 1328 1300 1397 (j).
1342 1330 1472 1384 lude
1502 1347 1601 1383 ven
1627 1332 1755 1382 litus
1786 1340 1839 1383 et
1878 1329 1931 1382 iu
1961 1328 2270 1382 libertatem
2300 1327 2502 1380 iterum
2533 1335 2804 1381 assertus.
2842 1326 2898 1378 in
2965 1323 3341 1390 Peloponneso
3398 1323 3513 1390 pri-

235 1419 414 1458 mum
433 1411 572 1474 apud
599 1407 866 1464 Thomam
895 1411 1258 1476 Palaeologum
1295 1417 1602 1484 dos-potam,
1626 1414 1972 1470 Constantini
1999 1413 2248 1475 fratrem,
2282 1425 2562 1474 versatus,
2604 1427 2832 1466 uxorem
2867 1426 2895 1462 a
2931 1411 3196 1464 servitute
3252 1409 3510 1470 essm-uit,

233 1501 329 1556 ει,
366 1490 746 1562 Peloponneso
769 1499 929 1553 etiam
956 1518 984 1554 a
1013 1500 1211 1557 Turcis
1237 1515 1414 1572 capta.
1444 1505 1495 1557 in
1525 1503 1730 1558 Italiam
1756 1519 1814 1559 se
1837 1503 2060 1569 recepit.
2091 1500 2372 1570 Romaque
2389 1509 2444 1554 et
2472 1499 2712 1554 Venetiis
2736 1499 2978 1552 lustratis
3007 1497 3300 1564 Corcyram
3328 1495 3510 1553 rediit.

233 1586 430 1646 atque
467 1584 716 1636 monachi
748 1584 991 1640 habitum
1017 1590 1323 1656 amplexus,
1357 1606 1454 1658 pro
1481 1591 1702 1658 Gt'orgii
1729 1591 1948 1644 nomine
1977 1586 2272 1659 Gregorius
2311 1589 2406 1653 (lt),
2455 1588 2532 1640 uti
2561 1602 2697 1640 uxor
2721 1587 2839 1654 eius
2870 1601 2969 1652 pro
2998 1583 3201 1636 Helena
3225 1580 3515 1650 Eupraxiat

234 1667 486 1720 nomine
517 1670 777 1736 appellari
811 1674 980 1728 voluit
1003 1691 1056 1729 a.
1096 1677 1254 1730 1468.
1285 1678 1339 1731 in
1372 1681 1470 1731 hoc
1507 1678 1843 1732 monasterio
1866 1695 1895 1732 a
1925 1677 2231 1745 Corcyrteis
2264 1676 2594 1745 quilmsdam
2623 1674 2898 1728 nobilibus
2926 1672 3061 1726 viris
3123 1679 3346 1736 rogatus
3373 1671 3513 1722 scri-

235 1753 370 1819 psit
399 1752 694 1810 Chronicon
729 1777 898 1814 rerum
931 1762 1351 1832 Byzantinarum
1373 1765 1522 1818 libris
1562 1764 1641 1818 ιγ
1778 1766 1845 1817 ab
1871 1780 1920 1817 a.
1945 1765 2008 1819 C.
2048 1763 2176 1817 1401
2218 1763 2281 1816 ad
2321 1761 2456 1815 1477
2482 1759 2545 1827 (ι)
2575 1799 2590 1826 ,
2627 1775 2738 1830 quo
2775 1760 2894 1826 ipso
2927 1775 3094 1820 anno,
3155 1759 3240 1811 die
3271 1757 3340 1810 29
3373 1756 3515 1808 Mar--

243 1837 345 1899 iii.
388 1839 597 1908 inopia,
627 1845 819 1899 morbo
849 1858 902 1902 et
927 1858 1211 1905 senectute
1245 1851 1478 1906 fractum
1509 1852 1642 1906 illud
1692 1852 1993 1906 absolvisse
2016 1866 2094 1915 se,
2120 1851 2240 1919 ipse
2272 1849 2324 1902 in
2354 1849 2505 1904 calce
2529 1847 2651 1902 libri
2695 1847 2961 1918 postremi
2995 1857 3190 1900 auctor
3229 1854 3333 1898 est.
3369 1843 3508 1896 luci-

239 1924 341 1992 pit
366 1926 622 1984 similiter
648 1940 706 1985 ut
739 1933 1051 2002 Acr0polita
1098 1957 1112 1991 :
1144 1939 1219 1990 Τὸ
1242 1939 1346 2007 τῆς
1381 1939 1633 2008 ἱστορίας
1664 1940 1810 2009 χρῆσ

1933 1957 1938 1982 ν
1964 1941 2060 1992 καὶ
2089 1939 2196 2006 πρὸ
2227 1937 2388 2009 ἡμῶν
2416 1939 2465 1990 oi
2495 1937 2682 1990 πολλοὶ
2703 1936 3188 2006 συγγραψάμενοι.
3234 1932 3346 1986 lloc
3370 1948 3509 1999 opus

243 2009 450 2068 Graece
473 2018 700 2073 necdum
726 2015 1458 2092 lucemvidit(m).AtJacobus
1476 2027 1776 2090 Pontanus,
1813 2026 1870 2080 S.
1902 2025 1980 2088 J.,
2016 2025 2265 2081 Grteeum
2293 2024 2541 2079 codicem
2571 2034 2767 2078 nactus
2795 2023 2848 2076 in
2875 2023 3208 2075 biblimheca
3247 2018 3508 2074 Bavarica

246 2099 635 2159 Monachiensi
677 2107 780 2176 (η),
804 2125 925 2176 qute
951 2112 1229 2166 abundare
1257 2114 1355 2181 ipsi
1393 2124 1486 2168 aut
1517 2114 1692 2168 aliena
1728 2131 1851 2169 esse
1883 2115 2231 2177 videbantur,
2264 2113 2450 2166 omisit
2478 2113 2576 2182 (ο),
2598 2122 2796 2167 caetera
2833 2111 3021 2164 Latine
3043 2111 3226 2175 vertit,
3256 2118 3310 2163 et
3342 2111 3511 2161 tribus

247 2185 418 2241 libris
451 2189 703 2247 distinxit
734 2196 1098 2267 capitulisque
1136 2199 1451 2263 sttbdirisit,
1481 2202 1626 2255 notis
1656 2203 1822 2256 etiam
1851 2210 1905 2254 et
1962 2200 2329 2266 explicatione
2364 2199 2694 2267 dignitatum
2725 2197 3042 2258 illustravit,
3074 2205 3234 2268 atque
3263 2197 3336 2248 ita
3369 2211 3505 2249 con-

253 2283 496 2344 tractum
525 2276 718 2334 Latine
750 2283 938 2348 edidit,
966 2285 1032 2336 ad
1066 2287 1268 2340 calcem
1304 2286 1670 2341 Historiarum
1700 2287 2093 2358 Tlteopltylacli
2118 2288 2454 2347 Simocattat.
2484 2286 2674 2341 Gnece
2697 2296 2749 2338 et
2776 2285 2970 2338 Latine
3017 2285 3386 2352 vnlgatarum,
3414 2282 3470 2340 lu
3489 2312 3505 2324 -

250 2357 497 2426 golstad.
529 2363 687 2429 1604,
724 2367 758 2420 4
791 2367 892 2439 (ρ).
931 2368 1034 2424 Sed
1079 2372 1386 2426 Pontanum
1425 2374 1604 2443 ipsum
1632 2375 1696 2429 de
1749 2357 2038 2430 Pbrantzte
2063 2388 2228 2443 opere
2262 2383 2315 2427 et
2366 2389 2462 2428 sua
2513 2373 2751 2426 editione
2807 2373 3116 2441 loquentem
3171 2370 3508 2424 audiamus:

257 2463 283 2495 ι
325 2445 481 2516 Opus
513 2463 694 2507 autem
725 2467 952 2511 auctore
980 2474 1082 2512 suo
1123 2461 1268 2513 hunc
1299 2461 1351 2513 in
1383 2462 1604 2514 modum
1658 2463 2009 2517 distributum
2042 2469 2148 2514 est.
2209 2459 2393 2513 Primo
2439 2458 2581 2512 libro
2611 2458 2677 2511 de
2725 2468 2964 2527 quatuor
2999 2457 3098 2525 (tot
3153 2455 3298 2509 enim
3349 2454 3502 2526 facit)

253 2545 357 2586 sex
395 2532 764 2605 imperatores
787 2542 1122 2614 Palaeologos
1155 2535 1560 2617 complectitur.
1588 2563 1822 2618 quorum
1863 2547 2118 2617 princeps
2157 2557 2240 2600 est
2277 2545 2530 2610 Michael,
2563 2560 2725 2614 quem
2757 2544 3101 2599 Ctmtneuum
3158 2544 3505 2612 cognominat

259 2619 516 2689 (fuerunt
544 2627 746 2696 quippe
780 2629 1069 2701 Palteologi
1110 2644 1362 2688 materno
1386 2650 1586 2704 genere
1620 2635 1908 2698 Comneni,
1943 2646 2000 2689 ut
2033 2650 2098 2689 ex
2135 2634 2297 2688 initio
2325 2634 2573 2686 historiae
2601 2633 2934 2701 apparebit).
2967 2632 3013 2686 is
3043 2631 3135 2700 qui
3198 2631 3511 2685 Constanti-

258 2712 506 2778 nopolim
538 2730 634 2782 per
660 2732 837 2774 annos
866 2721 1175 2788 sexaginta,
1197 2723 1318 2792 plus
1348 2723 1623 2785 minusve.
1680 2740 1708 2776 a
1731 2721 1940 2776 Latinis
1970 2721 2249 2775 obtentum
2311 2721 2682 2789 recuperavit.
2722 2719 2962 2774 Ultimus
3017 2719 3238 2771 illorum
3278 2731 3368 2770 sex
3423 2725 3509 2770 est

258 2796 504 2864 Manuel,
538 2802 590 2856 in
629 2820 738 2873 quo
767 2806 906 2860 liber
931 2808 1145 2866 linitur.
1173 2809 1428 2864 Secundo
1456 2826 1546 2864 res
1582 2809 1830 2872 Joannis,
1866 2808 1959 2861 lilii
2011 2807 2298 2871 Manuelis,
2326 2807 2694 2874 persequitur.
2722 2805 2928 2859 Genuit
2963 2816 3141 2858 autem
3172 2803 3311 2857 lilios
3345 2817 3510 2858 senos

256 2882 552 2954 Joannem,
589 2892 994 2958 Andronicum,
1025 2895 1399 2963 Theodorum,
1434 2897 1886 2963 Constantinum,
1919 2895 2272 2960 Demetrium,
2305 2895 2594 2948 Thomam.
2634 2892 2880 2946 Tertium
2920 2892 3073 2945 fratri
3105 2901 3158 2945 et
3193 2892 3504 2945 successori

257 2971 508 3039 Joannis,
538 2978 920 3047 Constantino,
954 2980 1217 3054 dafzquo
1257 2987 1583 3055 imperante,
1624 2985 1913 3054 etquidem
1962 2981 2315 3053 paucissimis
2348 2981 2530 3042 annis,
2583 2979 3096 3046 Constantinopolis
3144 2977 3195 3030 vi
3225 2987 3282 3030 et
3336 2978 3506 3032 armis

262 3061 497 3126 devicta,
529 3065 581 3118 in
619 3065 922 3124 Turcarum
952 3071 1247 3140 impiorum
1283 3075 1542 3127 ditionem
1594 3073 1888 3127 concessit.
1917 3070 2214 3136 Quartum,
2244 3068 2612 3136 eumdetnque
2647 3078 3011 3135 postremum,
3079 3064 3133 3118 in
3166 3064 3415 3117 dissidiis
3453 3070 3508 3116 et

261 3148 538 3207 intestinis
568 3154 799 3210 duorum
827 3157 1054 3213 fratrum
1093 3158 1548 3230 Palmologoru'u,
1580 3158 1840 3212 Demetrii
1868 3167 1993 3228 puta
2024 3171 2077 3211 et
2101 3155 2345 3219 Thomze,
2374 3156 2528 3209 bellis
2557 3157 2614 3209 in
2665 3154 3064 3220 Peloponneso,
3091 3162 3143 3205 et
3181 3150 3509 3205 Mahometis

262 3234 326 3296 ll,
365 3239 457 3304 qui
491 3241 1017 3314 Constantinopolim
1051 3248 1286 3314 subegit,
1315 3249 1602 3302 fraudibus
1626 3263 1690 3300 ac
1723 3246 1930 3314 rapinis
1972 3245 2170 3298 ibidem
2201 3241 2582 3297 deseribeudis
2645 3242 2990 3311 potissimum
3039 3240 3209 3308 ponit,
3283 3253 3508 3291 univer-

264 3337 488 3395 samque
518 3332 887 3385 narrationem
923 3334 1086 3401 paulo
1120 3351 1284 3402 supra
1309 3351 1514 3389 annum
1538 3335 1740 3389 Christi
1775 3334 1931 3395 1259,
1965 3347 2074 3400 quo
2094 3330 2325 3385 Michael
2355 3330 2690 3397 Paluzologus
2731 3329 3020 3396 imperium
3053 3327 3230 3390 inirit,
3255 3341 3505 3392 exorsus,

263 3412 330 3465 ad
359 3427 562 3467 annum
604 3416 739 3470 1477
774 3420 1050 3488 producit,
1101 3431 1265 3489 atque
1297 3423 1370 3475 ita
1407 3437 1582 3476 annos
1625 3422 1909 3475 minimum
1949 3419 2056 3474 218
2092 3420 2529 3488 comprehendit.
2567 3417 2780 3471 tantillo
2839 3417 3000 3478 libro,
3040 3415 3246 3468 chartis
3282 3415 3457 3468 trilms
3491 3432 3506 3466 :

268 3499 473 3554 utinam
507 3518 636 3559 vero
665 3506 829 3560 etiam
864 3507 938 3561 ita
970 3508 1147 3565 doctis
1177 3519 1230 3565 et
1266 3509 1570 3574 labetiosis,
1605 3520 1662 3562 ut
1694 3511 1739 3564 is
1769 3511 1836 3562 de
1864 3523 1975 3579 quo
2006 3507 2150 3562 istud
2184 3517 2342 3575 poeta
2363 3503 2695 3560 Veronensis
2721 3519 2844 3556 cum
2879 3502 3239 3556 admiratione
3269 3501 3503 3554 allirma-

263 3587 361 3643 vit.

337 3697 356 3730 ι
392 3678 462 3733 At
489 3678 635 3734 enim
675 3683 933 3750 quoniam
964 3685 1202 3753 scriptor
1249 3685 1351 3740 iste
1404 3683 1804 3753 παρεκϐάσεων
1842 3696 1939 3736 seu
1968 3679 2374 3749 digressionum
2416 3679 2673 3752 refer-tior
2697 3690 2800 3742 est.
2832 3690 2884 3735 et
2939 3696 3129 3734 earum
3199 3681 3383 3733 multm
3435 3677 3503 3731 ad

270 3763 549 3818 historiam
572 3767 745 3834 ipsam
787 3751 1021 3833 prorsus.
1049 3771 1180 3824 nihil
1215 3751 1509 3840 pertinent,
1542 3771 1674 3839 quin
1700 3770 1882 3839 potius
1914 3768 2034 3836 ejus
2074 3768 2336 3838 gravitati
2363 3751 2688 3835 etdignitati
2751 3767 3021 3828 olliriunt,
3049 3784 3111 3820 ac
3138 3766 3366 3832 proinde
3395 3781 3501 3818 non

271 3852 384 3905 siue
405 3851 620 3921 jactura
651 3855 831 3920 modo,
866 3870 1056 3910 verum
1088 3858 1252 3911 etiam
1289 3857 1576 3912 commode
1615 3866 1669 3910 et
1710 3857 1916 3911 utiliter
1937 3858 2132 3910 abesse
2151 3864 2406 3926 possunt,
2449 3856 2743 3910 consilium
2805 3854 2928 3918 fuit,
2963 3855 3038 3941 iis
3092 3853 3500 3923 prmtermissis

272 3950 437 3998 totum
469 3961 667 4012 corpus
699 3946 937 4015 (tametsi
965 3962 1056 4013 per
1083 3963 1141 4000 se
1166 3947 1311 4000 haud
1343 3947 1418 4000 ita
1445 3947 1726 4016 magnum)
1761 3945 2090 4014 compendio
2123 3943 2360 4012 quodam
2419 3958 2639 4011 cogere,
2672 3959 2907 4012 quaeque
2958 3943 3100 3996 libro
3121 3952 3322 4008 quarto
3374 3941 3506 3995 insi-

271 4029 452 4096 gniora
497 4033 774 4102 magisque
801 4031 1179 4085 memorabilia
1209 4033 1583 4100 reperiuntur,
1616 4049 1676 4086 ea
1717 4041 1978 4102 tanquam
2017 4031 2391 4086 accessionem
2437 4031 2502 4084 ad
2537 4033 2684 4084 aedes
2717 4047 2838 4083 cum
2868 4028 3033 4084 tertio
3060 4031 3420 4099 conjungere,
3449 4038 3505 4082 et

271 4117 367 4170 hac
398 4117 609 4173 ratione
643 4121 822 4188 ipsum
855 4120 1072 4174 tertium
1103 4121 1531 4175 cumulationem
1559 4121 1796 4177 eilicere.
1851 4120 2021 4186 Quem
2047 4119 2216 4182 enim,
2250 4119 2508 4181 obsecro,
2545 4127 2694 4173 secta
2725 4117 3129 4184 Mahomctana,
3160 4133 3228 4172 ex
3269 4116 3503 4172 Joannis

271 4202 628 4260 Cantacuzeni
655 4215 850 4262 contra
877 4207 1127 4262 eamdem
1171 4220 1380 4262 sectam
1413 4209 1755 4263 orationibus
1806 4218 1884 4262 tot
1945 4208 2157 4277 paginis
2213 4207 2555 4273 descriptaet
2616 4207 2968 4272 reprehensa,
3023 4206 3312 4260 delectet?
3363 4203 3503 4260 Odio

273 4290 549 4360 plusquam
584 4291 874 4348 Vatiniano
908 4293 1386 4348 Mabometismum
1411 4296 1527 4350 odit
1552 4294 2032 4358 Protovestiarius,
2081 4301 2248 4361 atque
2278 4295 2380 4346 hoc
2415 4303 2638 4362 propter
2669 4291 2899 4347 Turcas.
2936 4293 3060 4348 Ideo
3095 4309 3153 4347 se
3183 4306 3368 4346 tenere
3395 4309 3500 4346 non

276 4381 440 4444 potuit
472 4381 604 4448 quin
635 4392 966 4450 repertorem
998 4382 1165 4446 illius,
1194 4392 1248 4436 et
1281 4397 1414 4436 sane
1444 4383 1674 4450 pluries,
1706 4383 2032 4452 exagitaret,
2073 4383 2191 4453 ejus
2251 4384 2648 4451 genealogiam,
2692 4398 2895 4443 mores,
2961 4383 3325 4449 incrementa,
3362 4381 3500 4448 dog-

272 4473 404 4518 mata
441 4467 822 4523 insectaretur.
857 4468 960 4524 Sed
986 4485 1130 4524 nunc
1188 4485 1292 4536 non
1326 4482 1443 4526 erat
1471 4472 1552 4525 his
1588 4471 1762 4531 locus,
1795 4472 1869 4525 ait
1903 4471 2156 4526 Flaccus.
2211 4469 2286 4523 De
2317 4480 2530 4524 cometa
2563 4471 2680 4525 viso
2712 4486 2836 4524 cum
2878 4469 3011 4538 agit,
3043 4471 3172 4540 quid
3206 4470 3317 4523 illic
3343 4484 3500 4523 com-

271 4553 415 4621 plura
448 4564 713 4616 metcora,
751 4565 813 4610 ut
844 4556 1051 4624 fulgur,
1089 4557 1314 4623 fulmen,
1349 4561 1580 4622 tonitru,
1620 4568 1777 4612 terrae
1812 4567 2039 4617 motum.
2068 4557 2316 4623 ipsorum
2357 4568 2708 4612 cometarum
2759 4558 3196 4628 generationem,
3254 4557 3499 4610 elemen-

273 4637 442 4694 tordm
473 4657 689 4711 quoque
721 4646 1012 4704 rationem,
1051 4644 1451 4712 philosophica,
1491 4647 1735 4714 inquam,
1771 4644 1832 4696 οὐ
1862 4645 2003 4697 πάνυ
2030 4643 2336 4712 φιλοσόφως
2393 4644 2667 4710 explicare
2692 4645 2888 4698 attinet
2917 4644 2940 4696 ?
2979 4644 3082 4697 lies
3107 4659 3258 4708 suas,
3297 4655 3500 4712 easque

272 4728 498 4781 minutas
523 4744 684 4796 saepe,
715 4738 768 4782 et
792 4743 932 4796 quas
971 4745 1300 4797 magnopere
1323 4733 1468 4785 scire
1506 4732 1689 4786 nullus
1715 4731 1918 4800 cupiat,
1963 4730 2306 4800 frequentius
2331 4740 2387 4783 et
2421 4731 2773 4784 ambitiosius
2815 4731 3060 4784 adducit.
3099 4732 3212 4783 Non
3249 4732 3493 4785 schisma

262 4822 320 4876 _et
346 4813 700 4868 defectionem
729 4815 1040 4871 Graecorum
1075 4817 1142 4870 ab
1169 4817 1410 4872 Ecclesia
1441 4817 1682 4872 Romana
1722 4819 1891 4888 (quod
1963 4827 2148 4873 tamen
2183 4821 2282 4874 t01i
2317 4819 2598 4873 occidenti
2647 4828 2732 4874 est
2792 4818 3329 4888 persuasissiuuun),
3404 4819 3497 4873 sed

274 4914 502 4969 pcccata,
531 4915 588 4957 ut
609 4902 980 4959 Ninivitarum
1048 4904 1388 4976 aliorumque
1421 4908 1776 4977 pepulorum,
1812 4917 1866 4962 et
1893 4907 2182 4961 oraculum
2207 4907 2275 4961 de
2299 4900 2700 4962 lsmaelitarum
2731 4907 2895 4978 (unde
2915 4906 3110 4961 Turcze
3129 4907 3240 4960 sint
3279 4920 3485 4976 propa-

336 5086 401 5167 (ε)
649 5105 767 5156 σου·
793 5091 862 5167 58
887 5092 1044 5145 et“.
1929 5107 2114 5166 postea
2145 5111 2561 5167 cognoscemus.
2597 5094 2761 5147 lianc.

337 5157 408 5233 (d)
682 5164 882 5233 capti.
1929 5157 1943 5166 ’
2002 5157 2241 5233 (mund:
2266 5167 2392 5221 205.
2424 5166 2478 5217 In
2515 5167 2758 5232 catalogo
2783 5179 2911 5216 mss.
2946 5161 3216 5233 Bovario,
3249 5175 3368 5230 pag.
3403 5161 3494 5224 75,

336 5229 398 5302 te)
436 5229 553 5302 Lib.
577 5230 640 5293 Il,
667 5246 786 5302 cap.
817 5231 979 5300 5seq.
1168 5301 1175 5302 ί

1931 5229 2072 5290 male
2088 5251 2350 5290 excusant
2372 5235 2586 5302 Φαντζῆ
2615 5229 2715 5302 pro
2755 5231 3028 5299 Φραντζῇ.

337 5296 396 5366 (Ῑ)
433 5299 711 5374 Phranzcs
738 5296 836 5353 lib.
869 5296 1084 5374 Νξορρ.
1122 5301 1208 5363 10,
1233 5313 1287 5358 et
1318 5303 1373 5374 in
1405 5306 1672 5374 prommio
1701 5325 1713 5360 :
1744 5305 1824 5358 Att'
2005 5310 2080 5371 (ο)
2105 5305 2336 5358 Allatius
2374 5305 2442 5356 De
2474 5296 2734 5371 Géo'rijiis,
2770 5296 2892 5370 pag.
2925 5296 3026 5356 iiii
3059 5318 3078 5354 :
3107 5300 3400 5356 Pontanus.
3439 5302 3496 5354 in

233 5365 242 5374 .
337 5317 396 5366 υ)
433 5317 711 5352 t'ttranzes
743 5317 836 5353 ttu.
870 5317 933 5362 ll,
963 5317 1025 5356 ca
1071 5342 1084 5354 .
1122 5317 1208 5363 ιυ,
1233 5317 1287 5358 ct
1319 5320 1373 5358 In
1405 5317 1672 5374 protentio
1701 5325 1713 5360 :
1744 5317 1824 5358 Λα
2005 5317 2080 5371 (ο)
2105 5317 2336 5358 Allattus
2374 5317 2442 5356 Ue
2474 5317 2734 5371 (ιμονςμιε,
2770 5320 2892 5370 pag.
2925 5317 3026 5356 420
3059 5318 3078 5354 :
3107 5317 3400 5356 romanus.
3439 5317 3494 5354 tn

272 5365 393 5421 hunc
420 5369 635 5444 {natium
668 5385 761 5436 ego
794 5387 996 5440 quoque
1019 5317 1275 5443 georgius
1306 5373 1573 5432 Pltranzes
1621 5387 1669 5431 et
1701 5392 1824 5444 pro-
1934 5377 2054 5430 aliis
2085 5375 2296 5430 laudem
2331 5392 2421 5427 nec
2453 5375 2882 5426 ronteuaumidam
2909 5376 3222 5444 promeritus
3258 5389 3288 5424 α
3359 5388 3494 5444 nou-

274 5439 626 5514 100?8_li_afiu{._
650 5450 756 5493 Cic.
844 5509 857 5514 Α
878 5439 916 5514 ⁸⁷
960 5511 980 5514 _
1007 5512 1036 5514 η
1701 5439 1710 5444 ’
1935 5447 2096 5500 uultis
2130 5446 2549 5514 reprehenditur.
2575 5444 2824 5511 primum.
2851 5443 2988 5510 quod
3023 5442 3199 5494 (It-(ere
3231 5458 3332 5493 mm
3383 5439 3494 5494 edi-

334 5509 402 5582 (9)
688 5524 811 5578 Cap.
842 5509 925 5582 19.
959 5511 1080 5567 Lib.
1105 5511 1192 5572 Ill,
1219 5527 1337 5582 cap.
1370 5516 1421 5570 1.
1926 5518 2084 5581 derit,
2113 5507 2420 5577 secundum,
2470 5507 2606 5577 quo}!
2635 5531 2762 5579 opus
2808 5507 3175 5566 obtruncatum
3210 5528 3270 5582 ac
3306 5515 3493 5582 inepto

337 5578 405 5650 (to
433 5577 831 5650 Lib._lll._icap.
855 5581 908 5633 6.
1283 5577 1298 5582 '

1930 5577 2106 5640 tamen
2139 5586 2429 5646 redactum,
2463 5600 2562 5634 non
2583 5577 2844 5650 integrum
2872 5586 3130 5635 emiserit.
3160 5581 3309 5633 Adde
3332 5577 3491 5634 Casi-

422 5648 642 5721 Qottfer-
674 5647 998 5721 llam-kium,
1034 5667 1085 5718 p.
1126 5653 1223 5708 661
1261 5671 1379 5721 seq.
1930 5657 2051 5708 tuiri
2089 5654 2290 5708 Oudini
2328 5647 2712 5707 comunt-utar.
2741 5656 2808 5707 de
2863 5655 3224 5720 scriptoribus
3266 5651 3491 5710 eccles.,

337 5713 710 5797 Phranars
741 5713 1298 5797 ipseinprocemioet
1331 5713 1426 5780 lib.
1453 5725 1522 5780 111
1568 5742 1688 5797 cap.
1727 5727 1818 5781 “19.

1784 5728 1818 5780 ’⁸
1925 5735 2057 5780 10³³³⁸
2097 5724 2186 5797 UL
2219 5722 2673 5797 Pago‘ﬂfi‘dtiscqa
2781 5793 2876 5797 Α-
2977 5713 2989 5720 ·
3042 5793 3074 5797 ῃ
3156 5790 3187 5797 ﬁ
3234 5788 3244 5797 '
3349 5786 3360 5797 .

334 5785 534 5864 (illum
573 5788 732 5864 419:7,
764 5783 824 5843 ut
853 5783 1050 5861 legi—tur
1104 5797 1159 5849 iu
1197 5794 1374 5850 Vossii
1406 5799 1550 5850 Hist.
1599 5783 1816 5859 (ἶνωείδ.

1995 5797 2070 5864 (ν)
2099 5783 2182 5847 Ex
2207 5783 2556 5864 t'ytiograpbia
2601 5783 2792 5848 hdami
2845 5788 3323 5864 Sartotii._Deinn
3348 5783 3488 5864 ξῃωι

277 5853 355 5933 Ιὶὶιἶ
380 5855 582 5933 Νηρηὶ.
615 5859 703 5912 50.
811 5929 842 5933 __
902 5853 940 5933 ξ
1805 5853 1815 5859 ⁷
1920 5853 2140 5933 οιιίίέυκ
2167 5853 2394 5915 Ρόιίιηῖιί
2419 5853 2548 5933 edit.
2578 5879 2830 5916 recns-um
2856 5873 2933 5915 est
2960 5879 3082 5916 cum
3109 5853 3488 5914 (Ἐκ-1168113181.

2513 5931 2611 5946 ..κη

341 5924 715 5998 (ml'l'cinporc
745 5929 866 5984 scil.
902 5929 1159 6000 Fabricii,
1215 5951 1359 5994 nunc
1431 5940 1634 5992 editum
1693 5955 1813 5994 esse
1919 5924 2234 6005 ll'yzautina.
2264 5933 2448 5986 γυιιριι.
2485 5931 2634 5999 1735,
2669 5935 2760 5988 fol.
2792 5933 2959 5986 llam.
