3990 6584
132 334 165 393 C
175 334 246 396 il
1192 339 1290 398 CII
1305 337 1638 398 RONICON
1685 338 1732 397 M

1839 339 1954 400 US.
1997 364 2065 378 -
2105 341 2250 400 LIB.
2296 345 2346 404 Ι.
3275 338 3387 407 θίξ

1451 589 1910 740 ΒΙΒΛΙΟΝΧ
1965 649 2089 738 Α’.

212 979 278 1050 6
311 985 385 1034 α’.
425 978 483 1032 '0
505 979 603 1048 τῆς
635 980 809 1050 ἀρχῆς
860 981 1142 1052 ἒπιθήτωρ
1183 982 1418 1048 Ἀλέξιος
1457 984 1724 1052 Ἀγγελος
1759 988 1802 1044 Α
1831 999 1938 1043 σιν,
1967 981 2043 1045 ὡς
2076 981 2360 1051 εἰρήσεται
2390 995 2404 1010 ⁸
2439 978 2755 1047 ἁνδρυνθεὶς
2786 979 2840 1030 δὲ
2867 980 2893 1030 6
2953 977 3195 1047 Μιχαὴλ,
3240 978 3388 1047 πρῶ-

132 1072 165 1123 ὁ
215 1070 536 1139 Κομνηνὸς,
564 1072 592 1122 6
617 1071 708 1122 τὸν
731 1072 959 1138 ἀδελφὸν
1006 1071 1274 1128 Ίσαάκιον
1325 1078 1587 1142 ’Ἄγγελον
1626 1094 1721 1128 τυ-

138 1163 380 1246 φλώσας
408 1166 499 1214 καὶ
546 1163 646 1232 τὴν
679 1164 960 1232 βασιλείαν
1010 1167 1212 1231 rasam,
1251 1165 1335 1236 ἐφ’
1385 1161 1445 1220 οὗ
1499 1169 1590 1220 καὶ
1633 1184 1724 1220 το-

141 1253 333 1306 σαῦτα
368 1255 462 1304 καὶ
487 1254 714 1308 τοιαῦτα
747 1256 893 1308 κακὰ
944 1259 1009 1326 τῇ
1054 1257 1318 1326 Ῥωμαῖδι
1374 1259 1516 1328 ἀρχῇ
1573 1259 1725 1330 παρὰ

140 1347 265 1397 τῶν
306 1346 532 1398 Ἰταλῶν
561 1347 726 1416 ἐφύη,
767 1347 939 1419 ἄρρεν
970 1351 1067 1418 μὲν
1097 1350 1196 1403 οὐκ
1247 1346 1384 1418 εἶχε,
1420 1351 1725 1419 θυγατέρας

139 1436 203 1488 δὲ
239 1436 339 1489 δύο
363 1454 376 1466 ·
407 1439 503 1502 καὶ
533 1437 634 1507 τὴν
673 1438 772 1506 μὲν
804 1442 1130 1509 πρωτογενῆ
1189 1443 1430 1511 Εἰρήνην
1487 1441 1726 1510 τοῦνομα

143 1526 415 1596 ὲρυθροῖς
445 1527 681 1590 πεδίλοις
712 1528 1068 1584 ὑποδεδέσθαι
1096 1531 1304 1596 ἔταξεν,
1357 1533 1444 1584 ἵνα
1479 1533 1620 1600 αὐτή
1666 1549 1725 1585 τε

145 1618 256 1669 καὶ
285 1619 314 1668 6
345 1617 517 1690 ταύτῃ
552 1621 1099 1690 μνηστευθησόμενος
1128 1622 1365 1691 διάδοχοι
1396 1624 1490 1675 καὶ
1524 1623 1724 1693 κληρο-

145 1709 319 1775 νόμοι
352 1709 447 1776 τῆς
479 1709 762 1777 βασιλείας
787 1705 886 1764 ὦσι
917 1715 1058 1780 μετὰ
1088 1714 1148 1766 τὸ
1204 1713 1461 1766 τεθνάναι
1524 1715 1685 1768 αὐτόν
1709 1729 1724 1745 ο

147 1798 284 1848 ὅθεν
329 1799 424 1849 καὶ
446 1800 526 1860 εἰς
557 1799 710 1868 λέχος
731 1800 962 1854 δέδωκεν
986 1803 1158 1872 αὐτὴν
1203 1803 1429 1872 Ἀλεξίῳ
1491 1805 1568 1868 τῷ
1616 1805 1726 1854 Πα-

148 1887 459 1957 λαιολόγῳ,
492 1890 586 1940 καὶ
617 1890 779 1953 εὐθὺς
806 1892 972 1944 αὑτὸν
999 1892 1269 1962 δεσπότην
1305 1895 1590 1963 τετίμηκε.
1620 1893 1730 1946 καὶ

151 1979 203 2030 εί
239 1978 318 2048 μὴ
345 1983 409 2030 ὲκ
439 1980 533 2033 τοῦ
574 1980 690 2050 βίου
724 1983 919 2034 τούτου
949 1984 1188 2050 ἐγένετο.
1234 1985 1398 2047 αὐτὸς
1450 1984 1516 2036 ἂν
1545 1985 1730 2036 ὲόασί-

152 2070 321 2120 λευσε
359 2071 498 2137 μετὰ
526 2071 616 2123 τὸν
657 2072 923 2142 πενθερὸν
953 2074 1143 2128 αὑτοῦ.
1191 2076 1338 2128 Ἐπεὶ
1395 2075 1452 2128 δὲ.
1483 2076 1659 2129 θανὼν
1703 2079 1731 2131 6

154 2159 532 2226 Παλαιολόγος
582 2161 820 2228 Ἀλέξιος
845 2167 1126 2235 θυγατέρα
1188 2169 1358 2236 μόνην
1411 2169 1728 2234 κατέλιπεν,

1824 1090 1914 1135 τος
1943 1073 2055 1134 υἱὸς
2087 1075 2161 1125 ὢν
2193 1072 2272 1142 τῷ
2316 1071 2640 1140 Ἀνδρονίκῳ
2667 1070 2811 1122 κατὰ
2839 1071 3118 1138 γέννησιν,
3181 1068 3385 1138 μεταξὺ

1825 1166 1934 1218 τῶν
1964 1167 2021 1217 ὲν
2048 1165 2194 1217 τέλει
2219 1167 2328 1218 τῶν
2384 1164 2560 1217 ἄλλων
2587 1163 2844 1216 ἐπέκεινα
2911 1155 2990 1223 εἷς
3044 1161 3133 1230 ἦν,
3184 1151 3386 1229 πολλὴν

1825 1256 1966 1326 ἔχων
1997 1256 2094 1308 τοῦ
2123 1255 2421 1324 προσώπου
2453 1256 2555 1323 τὴν
2593 1253 2917 1324 ἱλαρότητα,
2941 1255 3007 1323 τῇ
3043 1253 3231 1323 ὁμιλίᾳ
3256 1267 3391 1320 χρη-

1828 1349 1976 1412 στὸς,
2006 1348 2219 1408 ἀστεῖος
2271 1347 2332 1399 τὸ
2381 1342 2540 1416 ἦθος,
2573 1346 2709 1415 πρὸς
2767 1348 2880 1408 τοῖς
2931 1345 3109 1406 ἄλλοις
3155 1344 3248 1394 καὶ
3291 1342 3390 1406 τὴν

1827 1441 1985 1508 χεῖρα
2011 1439 2149 1506 ἔχων
2185 1437 2490 1506 φιλότιμον.
2517 1438 2626 1488 Καὶ
2674 1435 2764 1488 διὰ
2788 1437 2991 1498 ταύτας
3021 1433 3114 1486 οὖν
3143 1433 3240 1495 τὰς
3262 1435 3392 1500 ripe.

1825 1530 1924 1590 τὰς
1961 1527 2126 1580 αὑτοῦ
2157 1528 2252 1580 καὶ
2286 1530 2523 1596 χάριτας
2547 1528 2734 1580 πολλοὶ
2775 1527 2937 1579 αὐτὸν
2995 1526 3243 1595 ἠγάπουν
3293 1523 3391 1576 καὶ

1827 1621 2042 1692 ἤθελον,
2074 1623 2168 1671 καὶ
2219 1620 2277 1670 ὲν
2313 1618 2534 1689 εὐκολίᾳ
2568 1619 2780 1680 πάντας
2813 1615 3019 1678 εἴλκιζε
3055 1612 3396 1684 στρατηγοὺς

1827 1711 2124 1778 ταξιάρχας
2155 1711 2394 1780 δημότας
2425 1712 2518 1764 καὶ
2561 1712 2656 1780 τῆς
2688 1710 3000 1778 συγκλήτου
3024 1705 3394 1766 πολλούς.Διὰ

1829 1801 1990 1854 τοῦτο
2018 1801 2150 1868 γοῦν
2177 1801 2424 1855 διαϐολαί
2473 1817 2619 1867 τινες
2659 1801 2977 1868 ἀνεφύησαν
3027 1798 3147 1850 κατ’
3200 1795 3388 1858 αὑτοῦ,

1828 1893 1911 1946 ὅτι
1941 1891 2224 1961 βασιλείας
2273 1893 2550 1961 ὀρέγεται·
2610 1887 2677 1960 ἦν
2730 1892 2839 1962 γὰρ
2867 1892 2990 1943 τότε
3024 1892 3052 1943 6
3095 1885 3395 1955 βασιλεύων

1840 1984 2133 2052 Ῥωμαίων
2159 1982 2439 2051 Θεόδωρος
2486 1983 2770 2052 Λάσκαρις
2803 1983 2830 2034 6
2859 1982 2997 2044 νέος.
3063 1979 3176 2033 Καὶ
3219 1977 3399 2030 ταῦτα

1828 2072 2215 2143 ψιθυρίζοντες
2244 2068 2389 2142 ἦσάν
2423 2089 2567 2134 τινες
2624 2073 2733 2124 τῶν
2796 2073 2968 2140 φίλων
3027 2071 3214 2132 αὑτοῦ,
3254 2069 3398 2136 λέγω

1830 2163 2053 2233 Μιχαὴλ
2084 2164 2177 2216 τοῦ
2209 2164 2525 2234 Κομνηνοῦ.
2587 2164 2755 2216 Ὅθεν
2803 2165 3190 2234 προστάγματι
3245 2160 3402 2230 βασι-

159 2250 321 2302 ὲλθδν
357 2250 414 2302 δὲ
445 2251 523 2313 είς
550 2255 715 2320 νόμον
749 2254 967 2322 ἡλικίας
1020 2258 1082 2310 τὸ
1128 2263 1382 2327 κοράσιον
1449 2260 1662 2330 Εἰρήνη
1693 2261 1726 2330 ἠ
1768 2328 1785 2330 _
1833 2253 1974 2323 λικῷ
1999 2253 2225 2321 ἄγουσιν
2256 2255 2425 2306 αὑτὸν
2456 2256 2535 2314 είς
2581 2254 2854 2317 ἐξέτασιν.
2898 2251 3081 2305 ’Ἦσαν
3121 2251 3177 2303 δὲ
3211 2252 3260 2302 ol
3287 2250 3404 2314 ὲξε-

160 2340 353 2408 μήτηρ
388 2341 558 2408 αὐτῆς
585 2344 903 2410 συνέζευξεν
933 2347 1103 2416 αὐτὴν
1141 2350 1467 2420 Ἀνδρονίκῳ
1612 2328 1726 2405 na.—
1761 2328 1804 2387 Β
1831 2346 2091 2410 τηάζοντες
2113 2349 2140 2398 6
2194 2347 2634 2414 ἁρχιεπίσκοπος
2689 2346 2984 2416 Ἀρσένιος,
3035 2345 3062 2395 6
3102 2343 3194 2394 καὶ
3231 2341 3403 2393 πολλὰ

155 2429 452 2497 λαιολόγῳ,
475 2432 534 2484 ὃν
561 2433 654 2486 καὶ
697 2437 724 2487 6
755 2436 1010 2504 βασιλεὺς
1047 2439 1319 2509 Θεόδωρος
1369 2441 1398 2493 6
1423 2441 1731 2511 Λάσκαρις,

157 2521 185 2570 6
211 2521 317 2587 τὴν
351 2522 542 2590 ἑτέραν
574 2524 854 2593 θυγατέρα
897 2528 992 2581 τοῦ
1042 2528 1309 2597 βασιλέως
1351 2530 1592 2596 Ἀλεξίου
1652 2534 1734 2594 είς

161 2613 403 2676 γυναῖκα
428 2613 629 2680 λαϐὼν,
670 2615 845 2685 μέγαν
895 2619 1221 2688 δομέστικον
1273 2621 1531 2691 ἐτίμησεν
1580 2623 1735 2675 ὕστε-

164 2716 283 2768 ρονο
335 2702 385 2769 7
423 2705 481 2766 ἐξ
538 2701 598 2758 οὗ
651 2709 1024 2780 ἐγεννήθησαν
1083 2711 1194 2763 υἱοὶ
1244 2715 1414 2782 τρεῖς,
1453 2713 1673 2782 Μιχαὴλ
1707 2716 1736 2767 6

165 2790 478 2860 Κομνηνὸς,
513 2795 929 2862 Κωνσταντῖνος
955 2804 982 2853 6
1016 2803 1386 2868 Παλαιολόγος
1420 2807 1515 2856 καὶ
1548 2804 1731 2857 Ἰωάν-

163 2899 264 2950 νης
293 2883 802 2958 διπλοπαλαιολόγοι
833 2891 984 2956 ὄντες
1018 2893 1286 2962 πατρόθεν
1308 2895 1402 2947 καὶ
1435 2896 1727 2966 μητρόθεν.

164 2968 296 3044 Εἶχε
330 2977 432 3046 μὲν
461 2980 752 3035 κάντεῦθεν
777 2985 1030 3055 ἀφορμὰς
1074 2985 1154 3048 ιίς
1187 2985 1286 3057 τὴν
1332 2986 1500 3056 αὐτὴν
1534 2986 1733 3039 ὑπόθε-

1829 2434 2128 2504 δυνάμενος
2154 2436 2276 2486 τότε
2319 2435 2471 2506 παρὰ
2524 2436 2602 2505 τῷ
2639 2435 2869 2505 βασιλεῖ,
2926 2433 3020 2485 καὶ
3069 2433 3246 2501 ἕτεροι
3292 2429 3403 2482 τῶν

1831 2526 2156 2594 ἐλλογίμων.
2197 2527 2492 2595 Παραστας
2540 2527 2598 2578 δὲ
2631 2525 2852 2594 Μιχαὴλ
2881 2526 2908 2576 6
2961 2523 3250 2592 Κομνηνὸς
3299 2523 3396 2573 καὶ

1834 2617 2008 2671 πολλὰ
2060 2619 2358 2688 ἐρωτηθεὶς
2390 2620 2484 2671 καὶ
2521 2621 2769 2680 εἰπόντες
2797 2617 2968 2685 αὐτῷ.
3021 2612 3139 2668 εἶτα
3188 2614 3338 2681 λέγει
3373 2615 3403 2666 ὁ

1835 2712 2292 2782 ἀρχιεπίσκοπος.
2344 2731 2362 2762 ι
2405 2713 2497 2780 Μὴ
2557 2712 2662 2782 γὰρ
2721 2713 2836 2771 τοῖς
2888 2710 3299 2778 ἁμαρτάνουσιν
3345 2704 3404 2773 8

1837 2804 2194 2858 ἀπολείπεται
2220 2805 2522 2872 συγγνώμη
2557 2805 2616 2854 τὸ
2685 2803 2848 2872 σιγᾷν
2902 2801 2994 2854 καὶ
3041 2799 3203 2870 μηδὲν
3261 2796 3401 2864 ὑπὲρ

1838 2896 1948 2948 τῶν
1994 2897 2380 2965 γεγενημένων
2431 2892 2768 2963 φθέγγεσθαι
2791 2909 2805 2922 ο
2839 2890 3064 2960 εὐγενὴς
3089 2888 3182 2941 οὖν
3213 2885 3288 2939 ὢν
3308 2887 3404 2939 καὶ

1840 2989 1900 3052 ἐξ
1927 2988 2170 3056 εὐγενῶν
2201 2987 2601 3058 καταγόμενος,
2659 2983 2958 3056 τιμιώτατε
3016 2983 3170 3052 ἄνερ,
3209 2977 3401 3050 ἐρωτῶ

1325 3357 1678 3445 LIBER
1764 3357 2256 3446 PRIMUS.

243 3697 298 3753 Ι.
350 3698 576 3753 Alexius
625 3698 859 3770 Angelus
905 3697 1219 3755 Comnenus
1253 3698 1572 3768 imperator,
1622 3697 1736 3767 qui,
1765 3703 1810 3760 α
1844 3698 2214 3769 largitionum.
2249 3701 2480 3771 Propter
2509 3703 2607 3760 has
2635 3704 2751 3772 eius
2779 3706 3008 3760 virtutes
3058 3714 3111 3760 et
3145 3707 3406 3778 gratias)

168 3799 438 3843 excaecato
461 3788 664 3843 Isaaeio
687 3789 873 3848 fratre.
898 3805 1126 3860 regnum
1145 3791 1452 3859 occupavit,
1477 3790 1737 3858 cujusque

168 3879 396 3948 .‘mperio
433 3889 510 3934 tot
533 3881 802 3950 tantisque
833 3881 1076 3936 cladibus
1126 3897 1212 3937 res
1249 3881 1495 3935 Romana
1539 3881 1607 3934 ab
1638 3879 1741 3935 Ita-

167 3972 234 4026 lis
257 3970 454 4025 alllicta
484 3980 585 4035 est,
615 3972 758 4025 nulla
785 3972 922 4026 virili
952 3973 1101 4042 prole
1123 3983 1399 4041 suscepta,
1429 3972 1566 4026 ﬁlias
1603 3972 1737 4036 duas

167 4063 375 4116 habuit.
400 4062 538 4116 Natu
564 4064 843 4134 majorem,
868 4064 1058 4118 lrenen
1093 4066 1332 4129 nomine,
1357 4064 1572 4119 calceos
1604 4079 1737 4135 pur-

165 4168 366 4225 pureos
392 4155 616 4209 induere
659 4155 844 4222 jussit,
877 4165 937 4208 ut
966 4156 1079 4223 ipsa
1111 4166 1164 4211 et
1200 4157 1244 4211 is
1268 4156 1353 4210 cui
1379 4157 1740 4219 despondere-

167 4255 277 4309 tur,
333 4256 510 4300 semet
549 4257 782 4313 mortuo,
831 4261 1177 4302 successores
1205 4248 1306 4302 sibi
1344 4259 1526 4304 essent
1560 4257 1613 4302 et
1639 4248 1738 4301 itii-

163 4337 303 4409 perii
363 4337 624 4392 bzcredes.
681 4337 860 4408 Itaque
911 4337 1158 4392 Alexium
1215 4337 1572 4407 Palacologum
1611 4336 1737 4393 tiliae

164 4427 514 4482 matrimonio
552 4429 797 4496 junctum
869 4429 1128 4484 continuo
1185 4430 1446 4500 dignitate
1494 4431 1736 4499 despotte

166 4521 494 4585 bonestavit,
528 4530 580 4575 et
613 4523 876 4577 tenuisset
901 4523 945 4577 is
975 4531 1096 4590 post
1143 4537 1391 4577 socerum
1422 4523 1732 4591 imperium,

169 4612 268 4665 nisi
337 4622 663 4679 praematura
725 4623 897 4667 morte
929 4628 959 4667 e
998 4613 1103 4666 vita
1161 4613 1443 4668 cessisset.
1498 4611 1734 4681 Reliquit

169 4705 389 4756 Alexius
440 4701 768 4771 Pnlmologus
801 4719 963 4756 unam
1006 4705 1169 4757 tiliam
1205 4722 1219 4758 :
1251 4718 1369 4756 eam
1411 4704 1527 4756 viro
1560 4717 1724 4758 matu-

74 4779 82 4784 ’
173 4811 282 4847 ram
313 4793 468 4850 lrene
522 4807 692 4848 mater
718 4795 1028 4850 Andronico
1068 4795 1367 4864 l‘alteologo
1425 4795 1731 4860 collocavit,

175 4900 326 4952 quem
378 4884 674 4952 imperator
702 4885 1020 4940 Theodorus
1075 4884 1342 4959 Lascaris,
1375 4890 1464 4953 qui
1505 4889 1730 4939 alteram

173 4977 341 5031 Alcxii
374 4978 715 5045 imperatoris
744 4978 908 5032 [illam
936 4979 1183 5043 duxerat,
1219 4991 1402 5045 postea
1436 4977 1732 5031 declaravit

175 5085 422 5138 magnum
449 5071 823 5124 domesticum.
849 5068 1012 5138 Ilujus
1037 5081 1195 5123 erant
1221 5069 1311 5122 lilii
1341 5078 1470 5130 tres,
1493 5064 1722 5121 Michael
1761 5061 1806 5116 ἰ)

171 5162 477 5214 Cuinncnus
499 5199 515 5224 ,
571 5160 959 5214 Constantinus
991 5158 1340 5227 Palasol0gus,
1386 5168 1438 5212 et
1470 5148 1732 5220 Joannes,

171 5255 236 5306 ab
269 5265 496 5320 utroque
535 5265 760 5319 parente
815 5251 1120 5320 l’alzeologi.
1175 5251 1352 5320 Atque
1391 5251 1460 5304 ab
1498 5253 1580 5304 his
1609 5267 1736 5320 pro-

164 5345 306 5414 lecta
350 5343 519 5395 initiis
565 5356 698 5412 gens
722 5341 1042 5410 Palaaologa,
1073 5342 1262 5410 utjam
1301 5343 1631 5405 narrabitur,
1665 5341 1731 5393 ad

162 5433 450 5503 imperium
474 5434 728 5486 accessit.
757 5431 888 5484 Nam
915 5433 1135 5486 adultus
1167 5431 1416 5496 Michael,
1449 5433 1588 5486 [ilius
1621 5435 1734 5485 An-

167 5530 375 5588 dronici
408 5539 534 5580 natu
575 5529 861 5589 maximus,
897 5543 1038 5581 unus
1076 5527 1221 5579 inter
1256 5542 1442 5578 munes
1477 5541 1731 5594 proceres

163 5622 484 5694 excellebat,
538 5620 763 5687 insignis
809 5622 1080 5673 suavitate
1134 5607 1266 5683 oris,
1321 5621 1728 5681 consuetudinis

163 5708 443 5777 comitate,
492 5729 697 5767 mormn
748 5712 1011 5781 elegantia
1045 5722 1096 5766 et
1126 5712 1450 5766 liber.-.litatc
1505 5713 1724 5782 insuper

1841 3792 2024 3844 multis
2053 3792 2380 3859 diligebatur
2422 3801 2476 3846 et
2526 3792 2830 3848 habebatur
2875 3795 3100 3861 charus,
3132 3797 3294 3866 inque
3320 3796 3406 3850 sui

1841 3884 2078 3939 studium
2112 3899 2300 3937 omnes
2326 3884 2576 3940 trahebat
2606 3890 2796 3949 duces,
2827 3888 3196 3953 centuriones,
3225 3888 3409 3956 plebe-

1841 3977 1944 4040 ios,
1985 3989 2048 4028 ac
2076 3975 2333 4030 senatorii
2395 3976 2603 4031 ordinis
2643 3977 2960 4046 permultos.
3014 3976 3167 4032 Unde
3206 3980 3408 4034 adver-

1839 4082 1933 4122 sus
1953 4083 2076 4122 eum
2102 4067 2512 4123 criminationes
2535 4073 2781 4137 quaedam
2807 4068 3045 4140 aﬂectati
3073 4071 3282 4140 imperii
3309 4088 3408 4124 nu-

1839 4168 1907 4214 ta:
1931 4167 2077 4221 sunt,
2107 4162 2248 4229 quod
2280 4170 2392 4214 tum
2417 4161 2739 4216 Theodorus
2764 4159 3018 4217 Lascaris
3047 4162 3223 4216 minor
3251 4173 3404 4216 tene-

1840 4251 1953 4306 bat.
1997 4246 2138 4304 l'alia
2171 4252 2265 4321 qui
2317 4261 2690 4313 susurrarent,
2727 4252 2777 4305 in
2812 4251 2981 4319 ipsius
3042 4251 3404 4305 numeraban-

1842 4352 1930 4397 tur
1957 4344 2170 4408 amicis,
2195 4345 2248 4398 in
2289 4344 2502 4409 amicis,
2535 4344 2778 4413 inquam,
2808 4342 3090 4399 Michaelis
3114 4344 3402 4398 Conineni.

1838 4433 2024 4504 Itaque
2068 4435 2219 4504 jussu
2268 4435 2614 4504 imperatoris
2646 4444 2873 4490 vocatur
2921 4436 2972 4489 in
3029 4434 3404 4504 quaestionem.

1840 4521 2117 4579 Habebunt
2138 4541 2255 4580 eam
2273 4525 2623 4591 quaestionem
2646 4525 2911 4581 Arsenius
2942 4526 3407 4596 archiepierpus,

1837 4617 1993 4684 cujus
2018 4632 2206 4686 magna
2237 4629 2346 4670 tum
2368 4617 2510 4686 apud
2541 4617 2923 4686 imperatorem
2950 4619 3244 4672 auctoritas
3263 4628 3405 4683 erat,

1838 4720 1892 4762 et
1922 4708 2011 4760 alii
2053 4710 2149 4759 viri
2189 4708 2450 4762 illustres.
2477 4709 2778 4761 Adductum
2822 4707 3134 4762 Michaelem
3173 4708 3406 4764 Comite.

1839 4818 1964 4854 num
1991 4801 2156 4854 multa
2204 4800 2542 4870 interrogant
2567 4809 2622 4853 et
2655 4803 3033 4862 cohortantur,
3081 4803 3404 4869 tandemque

1836 4878 2276 4961 archiepiscopus
2298 4893 2382 4946 his
2415 4895 2589 4946 verbis
2613 4894 2925 4960 compellat:
2963 4892 3094 4956 «Qui
3121 4894 3246 4960 quid
3276 4909 3404 4963 pec-

1834 4997 2048 5048 carunt,
2086 4983 2280 5052 inquit,
2313 4984 2381 5036 iis
2411 4998 2516 5036 non
2561 4984 2673 5037 hinc
2701 4985 2852 5038 venia
2873 4985 3047 5044 datur,
3081 4991 3138 5036 ut
3186 4993 3403 5038 taceant

1835 5085 1888 5129 ct
1932 5075 2063 5128 nihil
2095 5075 2388 5142 quidquam
2423 5076 2772 5141 pronuntient
2805 5076 2870 5127 de
2901 5082 3112 5141 patrato
3146 5075 3399 5130 crimine.

1835 5168 2016 5234 Quare
2057 5176 2133 5230 tu,
2194 5169 2275 5218 vir
2319 5165 2754 5226 honoratissime,
2803 5181 2923 5217 cum
2981 5165 3055 5217 sis
3107 5180 3399 5235 generosus

1836 5271 1893 5315 et
1946 5275 2011 5312 ex
2058 5257 2336 5327 generosis
2369 5257 2650 5321 oriundus,
2683 5255 3035 5323 interroganti
3087 5257 3216 5308 milii
3249 5258 3398 5326 aperi

1836 5355 2159 5404 veritatem:
2203 5347 2422 5415 quinam
2459 5358 2632 5400 tecum
2668 5346 3025 5416 conjuraruut
3079 5349 3401 5416 cciisiliique

1837 5441 1994 5495 istius
2023 5440 2227 5494 conscii
2259 5450 2383 5492 sunt
2415 5448 2469 5492 et
2492 5439 2781 5506 participes
2807 5440 2887 5492 vel
2921 5439 3403 5508 coniprubatoresl

1841 5534 1948 5598 dic,
1990 5539 2130 5602 quod
2174 5545 2256 5586 res
2286 5542 2390 5598 est,
2417 5547 2478 5584 ac
2530 5532 2654 5600 juro
2694 5547 2790 5601 per
2830 5532 3108 5586 Christum
3148 5534 3400 5586 Servato-

1839 5639 1953 5676 rem
2005 5637 2204 5684 meum,
2261 5620 2380 5675 illos
2437 5621 2642 5689 legibus
2679 5635 2866 5690 pinnas
2906 5624 3129 5674 daturos
3169 5637 3306 5684 εεευ,
3346 5630 3398 5673 te

1793 5769 1796 5777 λ
1835 5715 2060 5768 liberum
2081 5711 2193 5767 fore
2217 5711 2283 5764 ab
2313 5714 2456 5767 omni
2482 5714 2792 5781 qtiaestiouis
2812 5729 3008 5778 genere
3029 5715 3339 5765 immunem.
3373 5727 3392 5760 ι
