3990 6636
235 580 347 646 διο

1289 583 1730 644 CHRONICUN
1771 583 2040 642 MAJUS.
2078 606 2144 616 ·-
2170 581 2320 641 LIB.
2358 581 2409 642 Ῑ.

2771 425 2797 450 Ι

3374 572 3481 634 63‘.)

231 693 334 748 καὶ
355 690 407 744 oi
435 690 506 743 τὰ
531 689 759 743 παντοῖα
786 687 934 742 κακὰ
957 681 1379 762 συρράπτοντες,
1399 691 1493 745 καί
1522 708 1668 754 τινες
1695 689 1805 743 τῶν
1835 698 1877 754 Α
1907 690 2048 743 κατὰ
2092 689 2296 759 κράτος
2335 689 2660 758 νικήσαντες
2688 683 2849 737 αὖτδν
2870 685 2918 737 οἱ
2965 683 3224 750 Ῥωμαῖοι
3253 684 3484 746 πολλοὺς

236 787 301 840 ιν
334 783 463 854 δόξῃ
497 785 592 836 καὶ
636 783 829 850 γένους
875 781 1014 856 [καὶ]
1068 783 1414 855 λαμπρότητι
1449 785 1808 852 ὑπερέχοντες

242 877 572 939 καθίσαντες
601 877 764 929 αὐτὸν
793 879 884 929 ἐπὶ
924 878 1154 942 ἀσπίδος
1187 877 1410 948 βασιλέα
1447 876 1811 946 ἀναγορεύου-

242 988 354 1025 σιν.
393 968 654 1029 ’Δκοῦσας
671 968 725 1020 δὲ
751 969 780 1020 6
807 971 1153 1039 πατριάρχης
1191 970 1470 1039 Ἀρσένιος
1501 969 1602 1036 τὴν
1631 967 1814 1021 τοιαύ-

240 1078 347 1133 Ιτην
370 1062 690 1132 παράνομον
726 1063 1092 1132 ἀναγόρευσιν
1134 1061 1286 1130 ξίφος
1321 1062 1397 1122 ὡς
1452 1061 1627 1113 εἰπεῖν
1656 1059 1814 1129 χαλε-

243 1154 353 1206 πίρν
405 1153 628 1216 ἐδέξατο
665 1155 808 1206 κατὰ
859 1153 959 1220 τῆς
994 1153 1244 1222 καρδίας,
1293 1154 1386 1205 καὶ
1431 1154 1487 1204 ὲν
1522 1150 1814 1220 ἀφορισμῷ

243 1245 513 1316 φρικῶδει
548 1245 900 1300 καθυπέὁαλε
953 1245 1082 1308 τούς
1115 1261 1172 1296 τε
1211 1245 1688 1314 ἀναγορεύσαντας
1719 1244 1816 1296 καὶ

243 1337 342 1388 τὸν
396 1336 839 1406 ἀνηγορευμένον
888 1337 962 1398 ὥς
999 1333 1285 1404 ἐπιόρκους
1332 1338 1427 1388 καὶ
1467 1335 1817 1402 παρανόμους

243 1430 343 1482 καὶ
375 1428 644 1492 ἐπιϐάτας
669 1429 765 1482 καὶ
792 1429 1082 1492 δυνάστας.
1119 1430 1350 1481 Ἔπειτα
1387 1427 1819 1495 βουλευσάμενος

243 1521 308 1572 ὲν
342 1523 408 1589 τῇ
439 1520 647 1588 διανοίᾳ
675 1522 770 1572 καὶ
817 1521 958 1588 μετά
991 1537 1153 1572 τινων
1183 1519 1283 1589 τῆς
1316 1519 1626 1588 συγκλήτου
1660 1519 1818 1586 ἱερω-

249 1609 432 1676 μένων
454 1625 512 1660 τε
543 1608 638 1662 καὶ
661 1609 891 1669 λαῖκῶν,
921 1608 1129 1678 βέλτιον
1162 1609 1410 1679 ἡγήσατο
1439 1611 1621 1678 ῑρκοις
1647 1608 1821 1675 ἀσφα-

245 1701 504 1752 λίσασθαι
559 1699 1019 1768 φρικωδεστάτοις
1049 1700 1148 1770 τὴν
1194 1700 1291 1753 τοῦ
1323 1701 1511 1762 παιδὸς
1546 1700 1708 1770 ζωὴν,
1747 1699 1821 1768 μὴ

246 1798 439 1865 χεῖρας
469 1793 706 1862 ἐπιϐάλῃ
733 1793 1026 1862 ἐπιδουλῆς
1058 1794 1197 1864 μήτε
1231 1794 1699 1864 παρευδοκίμησιν
1723 1793 1822 1860 τῆς

249 1885 532 1956 βασιλείας
575 1885 742 1937 αὑτοῦ
790 1885 824 1954 ἢ
857 1885 1152 1956 ὑστέρησεν
1197 1903 1319 1938 τινα
1351 1884 1655 1955 ὲνθυμηθῇ.
1717 1885 1822 1936 Καὶ

245 1976 424 2038 οὕτως
475 1977 742 2043 ἐγεγόνει,
775 1978 871 2029 καὶ
903 1977 1124 2046 Μιχαὴλ
1151 1977 1242 2030 τὸν
1275 1978 1561 2047 Κομνηνὺν
1592 1977 1824 2035 οἰκείαις

1912 781 2330 853 ῂχμαλὼτισαν,
2364 782 2422 831 ἐν
2462 774 2541 840 οἷς
2568 772 2646 841 εἷς
2684 773 2761 854 ἦν
2799 775 2908 827 τῶν
2939 773 3303 844 αἰχμαλώτων
3333 775 3361 826 6
3385 774 3488 838 τῆς

1915 869 2327 936 Πελοποννήσου
2353 867 2445 920 καὶ
2492 866 2711 934 ’Λχαῖας
2742 864 3001 933 πρίγκιψ.
3046 865 3154 918 Καὶ
3178 866 3257 925 είς
3279 861 3487 932 ὢνησιν
3531 881 3562 898 κ

1912 963 2012 1028 τῆς
2043 959 2358 1029 ἐλευθερίας
2407 957 2574 1010 αὑτοῦ
2603 957 2631 1008 6
2669 955 2907 1024 πρίγκιψ
2953 955 3270 1024 ἐδωρήσατο
3303 955 3490 1025 χώρας

1914 1055 2064 1124 τρεῖς
2087 1055 2185 1115 τὰς
2220 1051 2576 1122 ἰσχυροτέρας
2605 1050 2705 1118 τῆς
2730 1050 3141 1117 Πελοποννήσου
3164 1049 3242 1119 τῷ
3280 1048 3495 1118 βασιλεῖ

1928 1145 2236 1214 Ῥωμαίων,
2292 1147 2393 1214 τήν
2425 1162 2484 1197 τε
2539 1143 2928 1214 Μονεμϐασίαν
2975 1146 3071 1196 καὶ
3117 1142 3186 1196 τά
3236 1143 3494 1212 Λεῦκτρα

1918 1238 2154 1307 Μαῖνης,
2189 1236 2224 1307 ἡ
2268 1237 2364 1290 καὶ
2388 1235 2660 1306 Ταιναρία
2701 1233 2873 1288 πάλαι
2905 1234 3054 1304 ἄκρα
3083 1235 3332 1288 ἐκαλεῖτο
3360 1235 3495 1304 παρ’

1921 1331 2172 1400 Ἕλλησι,
2225 1330 2320 1383 καὶ
2355 1331 2454 1398 τὴν
2510 1329 2835 1397 Λακωνικήν
2872 1327 3152 1396 Σπάρτην.
3186 1328 3294 1380 Καὶ
3323 1325 3499 1389 οὕτως

1921 1424 2086 1476 πάλιν
2111 1425 2158 1475 οί
2195 1422 2457 1491 Ῥωμαῖοι
2484 1423 2539 1473 ὲν
2582 1425 2694 1483 τοῖς
2725 1421 3130 1490 Πελοποννήσου
3161 1423 3320 1489 χεῖρα
3366 1421 3498 1471 ἐπέ-

1921 1501 2102 1578 6αλον,
2138 1511 2335 1577 καιὲξ
2384 1513 2565 1567 αὐτῶν
2601 1513 2708 1565 τῶν
2735 1513 2903 1581 τριῶν
2931 1513 3025 1564 καὶ
3050 1511 3239 1564 ἅπασα
3278 1512 3311 1580 ή
3338 1511 3500 1579 νῆσος

1933 1605 2230 1675 Ῥωμαίοις
2279 1605 2520 1672 ἐγεγόνει
2547 1605 2622 1667 ὼς
2669 1607 2764 1658 καὶ
2807 1605 2867 1656 τὸ
2919 1605 3184 1673 πρότερον
3233 1598 3325 1674 ἦν,
3365 1603 3505 1668 πλὴν

1922 1699 2120 1766 ὀλίγων
2156 1698 2436 1768 φρουρίων
2497 1700 2593 1749 καὶ
2644 1697 2838 1766 χωρῶν
2874 1689 2947 1750 ὧν
3000 1697 3033 1765 ἡ
3075 1695 3504 1766 άριστοκράτεια

1921 1793 2032 1845 τῶν
2077 1792 2313 1846 Ἐνετῶν
2339 1794 2614 1863 ἐγκρατὴς
2652 1794 2896 1861 ἐγένετο.

1993 1885 2103 1936 Καὶ
2133 1885 2294 1938 πάλιν
2325 1884 2488 1954 ἑτέρα
2513 1884 2638 1954 νίκη
2677 1884 2985 1956 περιφανὴς
3010 1887 3104 1939 καὶ
3140 1883 3354 1955 μεγάλη
3415 1883 3508 1935 καὶ

1925 1974 2051 2037 ἀξία
2085 1976 2308 2044 μνήμης
2331 1975 2554 2028 αἰωνίου
2585 1977 2642 2027 ὲν
2666 1976 2742 2045 τῷ
2765 1976 2956 2048 κόσμῳ
2985 1979 3098 2040 τοῖς
3123 1978 3337 2048 καιροῖς
3367 1975 3510 2028 ὲκεί-

247 2069 442 2138 χερσὶν
465 2070 494 2121 6
522 2069 866 2138 πατριάρχης
902 2068 1195 2138 διαδήματι
1218 2069 1409 2139 ἔστεφε
1438 2069 1516 2138 τῷ
1539 2069 1824 2138 βασιλικῷ,
1862 2050 1900 2102 Β
1931 2076 2039 2122 νοις
2071 2063 2336 2129 ἐγεγόνει.
2355 2064 2463 2116 Τὸν
2478 2064 2588 2131 γὰρ
2609 2063 2865 2132 Καίσαρα
2903 2063 3142 2131 Ἀλέξων
3167 2065 3258 2117 τὸν
3276 2061 3508 2131 ἐπίκλην

248 2163 346 2215 καί
373 2163 432 2215 οὐ
458 2162 556 2231 τὴν
596 2163 1026 2233 αὑτοκρατορίαν
1055 2163 1318 2232 διηνεκῶς
1347 2163 1655 2234 χαρίζεται,
1690 2161 1828 2216 ἀλλὰ

245 2255 340 2308 διὰ
370 2255 437 2307 τὰ
468 2255 753 2322 συμσάντα
781 2254 876 2306 τοῦ
914 2254 1106 2320 καιροῦ
1132 2295 1148 2316 ,
1185 2256 1281 2308 καὶ
1311 2255 1422 2328 τῶν
1481 2254 1828 2325 πραγμάτων

250 2345 698 2414 ὰπγκαζόντων,
723 2345 817 2396 καὶ
841 2345 1118 2415 διοικητὴν
1138 2345 1300 2400 αὑτὸν
1333 2329 1478 2399 ποιεῖ
1513 2347 1650 2416 μετὰ
1679 2346 1829 2410 ἐξου-

257 2436 388 2498 σίας
418 2435 728 2507 βασιλικῆς,
768 2435 958 2506 μέχρις
995 2436 1023 2488 ό
1061 2436 1160 2506 τῆς
1193 2435 1468 2506 βασιλείας
1494 2437 1828 2507 κληρονόμος

249 2528 283 2580 6
316 2526 539 2596 γνήσιος
593 2527 692 2580 καὶ⁸
735 2526 980 2596 διάδοχος
1018 2525 1200 2598 φθάσῃ
1247 2529 1304 2579 ἐν
1359 2528 1439 2596 τῷ
1494 2530 1828 2598 προσήκοντι

251 2615 436 2688 καιρῷ
459 2633 475 2648 ο
503 2619 626 2672 τότε
667 2617 727 2672 δὲ
763 2618 1169 2689 παραχωρῆσαι
1208 2619 1316 2671 τῶν
1345 2619 1828 2689 αὐτοκρατορικῶν

252 2708 489 2778 θρόνων,
522 2708 616 2763 καὶ
645 2709 754 2762 τῶν
779 2710 983 2778 ὲτέρων
1009 2711 1266 2764 ἁπάντων
1303 2709 1601 2778 βασιλικῶν
1634 2711 1830 2779 συμϐό-

255 2806 388 2852 λων.
419 2800 527 2854 Καὶ
553 2799 658 2851 ἀνὰ
694 2799 856 2868 μέσον
900 2799 1106 2854 τούτων
1147 2801 1308 2855 πάλιν
1337 2798 1494 2865 αὖθις
1524 2802 1676 2872 ὅρκοι
1704 2819 1829 2872 φριο

257 2885 596 2941 κωδέστατοι
624 2887 733 2942 τῶν
761 2891 1043 2959 προτέρων
1069 2889 1370 2945 ἐτελοῦντο.

338 2979 440 3048 1⁷
479 2979 927 3049 ’Δναζωσάμενος
983 2979 1042 3035 δὲ
1076 2981 1173 3051 τὴν
1211 2983 1340 3053 ὅλην
1395 2981 1698 3054 βασιλείαν,
1736 2989 1832 3040 xui

256 3071 503 3140 πολέμου
537 3071 776 3139 μεγάλου
808 3073 1218 3143 συμϐεϐηκότος
1251 3078 1357 3128 ἀνα
1395 3079 1505 3130 τῶν
1543 3077 1831 3148 Ῥωμαίων

257 3162 480 3216 καὶτοῦ
514 3165 612 3230 τῆς
641 3165 908 3227 Αίτωλίας
941 3167 1036 3220 καὶ
1079 3168 1337 3238 ’Ππεέρου
1370 3169 1700 3242 κρατοῦντος
1723 3174 1831 3226 Μι-

255 3253 403 3324 χαὴλ
429 3257 519 3308 τοῦ
545 3255 832 3322 δεσπότου,
857 3258 1073 3328 ἔχοντος
1103 3262 1198 3314 καὶ
1228 3266 1555 3333 συμμάχους
1590 3267 1716 3328 τοὺς
1737 3267 1832 3320 δύο

1930 2153 2431 2224 Στρατηγόπουλον,
2456 2155 2514 2218 ὃς
2536 2156 2632 2209 καὶ
2662 2155 2732 2209 τὰ
2764 2155 2998 2227 ρηθέντα
3027 2157 3325 2228 νικητήρια
3372 2155 3477 2209 Ῥω

1933 2244 2117 2313 μαίοις
2179 2245 2407 2315 ἐποίησε
2439 2246 2582 2300 κατά
2643 2246 2738 2300 τοῦ
2776 2248 2876 2316 τῆς
2931 2249 3037 2318 18
3092 2249 3356 2310 Αἰτωλίας
3413 2249 3510 2300 καὶ

1945 2336 2204 2403 Ἠπείρου
2263 2337 2641 2401 δεσπόζοντος,
2691 2339 2908 2403 στείλας
2965 2342 3128 2394 πάλιν
3180 2343 3208 2394 6
3255 2341 3510 2410 βασιλεὺς

1931 2429 2072 2480 κατὰ
2098 2427 2195 2480 τοῦ
2239 2429 2548 2484 άποστάτου
2596 2431 2835 2502 Μιχαὴλ,
2890 2435 3013 2496 δοὺς
3049 2434 3197 2503 αὑτῷ
3225 2451 3378 2494 τινας
3410 2434 3511 2495 τῆς

1929 2519 2038 2570 τῶν
2066 2519 2308 2571 Βιθυνῶν
2343 2521 2538 2590 μοίρας
2556 2523 2689 2576 ὡσεὶ
2719 2525 3113 2587 ὀκτασκὸσίους
3150 2528 3384 2588 ἱππότας
3417 2527 3511 2579 καὶ

1931 2609 2151 2676 ἑτέρους
2187 2609 2525 2678 στρατιώτας
2563 2612 2780 2678 ὀλίγους
2803 2615 3028 2685 Θρᾷκας
3056 2616 3144 2667 καὶ
3168 2616 3509 2675 Μακεδόνας.

1942 2699 2000 2751 '0
2029 2698 2084 2750 δὲ
2118 2701 2336 2769 Καῖσαρ
2369 2702 2538 2754 θέλων
2562 2706 2802 2772 περᾶσαι
2833 2707 3028 2769 νυκτὸς
3050 2709 3186 2778 μετὰ
3215 2710 3309 2762 τοῦ
3341 2727 3510 2778 στρα-

1932 2789 2026 2841 τοῦ
2059 2791 2122 2842 ὲκ
2154 2789 2248 2842 τοῦ
2283 2791 2484 2860 μέρους
2516 2793 2614 2863 τῆς
2663 2795 2873 2855 πόλεως
2915 2796 3096 2866 ὀλίγον
3126 2801 3318 2868 ἐγγὺς,
3367 2803 3511 2855 κατὰ

1935 2885 2236 2952 συγκυρίαν
2266 2889 2599 2959 συνήντησεν
2643 2891 2826 2954 αὐτοῖς
2855 2895 3086 2962 γηραιός
3115 2913 3199 2957 τις
3227 2897 3366 2966 ἀνὴρ
3385 2915 3399 2929 ·
3434 2899 3510 2978 ὡς

1932 2975 1988 3028 δὲ
2021 2973 2163 3030 εῐδον
2196 2979 2363 3031 αὐτὸν
2395 2980 2446 3031 oi
2504 2983 2860 3052 στρατιῶται,
2895 2987 3103 3055 ήγαγον
3155 2989 3325 3041 αὐτὸν
3372 2979 3512 3060 πρὸς

1931 3071 2024 3124 τὸν
2053 3071 2329 3141 Καίσαρα.
2357 3075 2524 3140 Λέγει
2548 3074 2605 3126 δὲ
2644 3075 2793 3145 αὐτῷ
2814 3078 2842 3127 6
2865 3077 3102 3148 Kaisap°
3139 3098 3157 3130 ι
3183 3080 3353 3134 Πόθεν
3379 3082 3516 3155 ἔρχῃ

1935 3162 2028 3214 καὶ
2056 3163 2162 3215 ποῦ
2194 3165 2437 3235 napi-:61};
2472 3185 2490 3218 ι
2530 3161 2667 3220 Eii-rs
2697 3168 2752 3220 δὲ
2785 3169 2813 3222 6
2842 3169 3045 3240 γέρωνο
3079 3191 3098 3223 ‹
3151 3173 3244 3226 Ἐκ
3272 3174 3372 3242 τῆς
3417 3177 3517 3227 πό-

1934 3253 2090 3317 λεως.
2131 3275 2148 3307 ι
2189 3257 2352 3324 Λέγει
2383 3259 2534 3330 αὐτῷ
2568 3261 2597 3311 ό
2643 3261 2859 3332 Καῖσαρ
2897 3281 2915 3314 ι
2950 3263 3061 3316 Οὐκ
3088 3263 3234 3318 ἔστιν
3277 3267 3455 3336 άληθῆ
3480 3268 3516 3320 ἃ

255 3344 550 3416 γαμϐροὺς
579 3346 750 3401 αὑτοῦ
777 3349 869 3401 τὸν
900 3349 998 3419 τῆς
1033 3351 1286 3416 Σικελίας
1331 3357 1474 3424 ρἧα
1509 3357 1709 3427 Μαφρὲ
1737 3360 1831 3410 καὶ
1860 3376 1901 3433 ο
1933 3346 2116 3414 λέγεις
2139 3363 2152 3377 ⁸
2185 3350 2376 3412 νυκτὸς
2399 3349 2567 3421 οὔσης
2593 3352 2711 3416 πῶς
2741 3353 2960 3423 ἐξῆλθες
2986 3355 3095 3409 τῶν
3123 3359 3352 3430 τειχῶνς
3390 3378 3409 3410 ³
3455 3360 3516 3410 ὐ

260 3434 362 3487 τὸν
382 3435 478 3505 τῆς
515 3435 926 3508 Πελοποννήσου
963 3442 1058 3496 καὶ
1105 3443 1346 3513 Ἀχαΐας.
1387 3449 1662 3516 πρίγκιπα
1688 3465 1704 3481 ·
1743 3451 1840 3503 καὶ
1941 3438 1997 3492 δὲ
2027 3440 2202 3510 γέρων
2233 3442 2502 3507 δειλιάσας
2535 3444 2672 3515 ἔφη’
2707 3463 2726 3497 ι
2754 3448 2940 3501 Ἔστιν
2961 3450 3068 3520 ὀπὴ
3094 3451 3524 3522 ὑποκεκρυμμέ-

257 3619 511 3678 omnium
557 3622 962 3679 machinatores
1012 3631 1125 3679 tum
1159 3626 1253 3681 alii
1301 3629 1548 3685 nonnulli
1595 3633 1841 3691 homines

257 3715 596 3770 auctoritate
627 3727 682 3770 et
711 3717 926 3786 generis
974 3716 1259 3786 splendore
1307 3720 1546 3778 illustres
1601 3725 1840 3782 Michae-

259 3808 368 3862 lem
403 3808 455 3864 in
520 3807 764 3879 clypeum
815 3813 1090 3868 sublatum
1154 3815 1538 3884 imperatorem
1587 3823 1842 3876 consalu-

258 3906 400 3953 tant.
443 3898 560 3966 Qua
612 3913 890 3971 comperta
949 3905 1173 3975 injuria,
1227 3904 1490 3964 Arsenius
1535 3914 1840 3981 patriarcha

260 3991 418 4060 quasi
475 3991 712 4061 gladium
743 3995 848 4049 sibi
891 3997 943 4050 in
1005 4000 1303 4066 praecordia
1344 4001 1503 4071 deligi
1539 4006 1732 4070 sensit,
1756 4017 1839 4060 at-

259 4096 369 4152 que
397 4085 756 4139 exsecrationi
803 4087 1049 4143 horribili
1083 4091 1316 4160 subjecit
1360 4105 1416 4148 et
1441 4111 1563 4149 eum
1597 4098 1688 4164 qui
1712 4114 1842 4151 eon-

260 4172 533 4226 salutatus
552 4184 668 4227 erat
699 4174 1018 4243 imperator,
1061 4190 1115 4232 et
1149 4197 1180 4235 a
1205 4183 1403 4250 quibus
1440 4196 1558 4240 erat
1586 4189 1839 4242 consalu-

263 4270 432 4324 tatus,
467 4270 523 4312 ut
551 4260 797 4317 homines
838 4265 1090 4334 perjuros
1134 4277 1188 4321 et
1237 4269 1468 4336 iniustos
1525 4275 1840 4329 seditiosos-

259 4365 390 4421 que.
415 4349 617 4407 Deiude
645 4369 706 4408 re
738 4357 879 4422 apud
903 4370 962 4410 se
1001 4360 1270 4426 pensitata
1309 4371 1363 4418 et
1391 4363 1684 4419 deliberata
1717 4380 1836 4420 cum

260 4443 583 4511 proceribus
627 4447 900 4502 nonnullis
932 4457 1042 4504 tum
1071 4451 1255 4506 clerici
1285 4465 1394 4507 tum
1433 4456 1557 4509 laici
1607 4457 1836 4522 ordinis,

261 4532 438 4587 satius
486 4534 856 4612 arbitqabatur
902 4545 1260 4597 sacramentis
1295 4547 1635 4632 gravissimis
1681 4550 1837 4618 pueri

263 4624 407 4679 tueri
442 4627 630 4690 vitam,
665 4642 732 4681 ne
766 4630 996 4686 Michael
1021 4633 1094 4688 illi
1118 4633 1472 4692 insidiaretur
1501 4624 1640 4695 neve
1663 4642 1836 4710 impe-

1945 3640 2052 3682 ta'a
2084 3628 2334 3691 victoria,
2379 3630 2580 3685 multos
2631 3646 2818 3686 eorum
2882 3645 3161 3705 ceperunt,
3208 3637 3258 3691 in
3313 3640 3519 3708 quibus

1942 3720 2303 3791 Peloponnesi
2341 3732 2395 3775 et
2443 3724 2660 3778 Achaiae
2691 3726 2943 3796 princeps
2977 3730 3302 3786 redimendae
3359 3733 3523 3788 liber-

1943 3814 2070 3868 tatis
2129 3830 2292 3870 causa
2354 3815 2668 3885 imperatori
2729 3818 2891 3874 urbes
2955 3828 3065 3875 tres
3124 3825 3520 3883 munitissimas

1941 3903 2304 3972 Peloponnesi
2329 3905 2570 3970 tradidit,
2589 3907 3034 3975 Monembasiam,
3056 3911 3286 3969 Leuctra
3309 3916 3517 3981 διάησι,

1941 3994 2084 4062 quod
2110 3993 2412 4063 antiquitus
2443 3994 2727 4050 Taenarum
2775 4002 3206 4066 promontorium
3241 4004 3520 4060 dicebatur

1942 4101 1971 4140 a
2006 4085 2230 4150 Graecis,
2261 4095 2316 4142 et
2353 4086 2602 4156 Spartam
2631 4088 2977 4145 Laconicam.
3007 4093 3118 4161 Qua
3153 4097 3362 4152 ratione
3393 4115 3546 4154 cum-

1944 4178 2176 4232 Romani
2211 4179 2261 4233 in
2303 4178 2658 4250 Peloponnesi
2687 4185 3082 4251 possessionem
3116 4204 3303 4244 rursus
3329 4197 3518 4259 pellem

1941 4274 2274 4342 posuissent,
2323 4290 2388 4328 ex
2425 4273 2597 4329 tribus
2639 4275 2746 4329 illis
2771 4276 2999 4343 profecta
3034 4281 3260 4338 urbibus
3288 4284 3520 4341 insulam

1945 4375 2334 4434 recuperarunt
2362 4367 2672 4420 universam
2716 4379 2912 4435 prmter
2941 4373 3162 4427 castella
3194 4385 3244 4429 et
3277 4379 3523 4446 regiones

1941 4457 2165 4525 aliquot,
2199 4471 2318 4526 quae
2345 4457 2398 4510 in
2427 4465 2702 4526 putestate
2729 4458 3058 4516 Venetorum
3100 4482 3445 4524 ntanserunt.

2014 4548 2126 4600 Alia
2167 4549 2389 4617 insuper
2444 4551 2671 4604 victoria
2710 4567 2903 4621 magna
2929 4565 2984 4608 et
3033 4560 3289 4624 pra'clara
3341 4573 3392 4614 et
3427 4580 3524 4633 pt'r

1943 4650 2112 4692 totum
2151 4650 2420 4692 terrarum
2477 4643 2662 4695 urbem
2725 4656 2984 4712 perpetuo
3047 4662 3523 4706 commemoratum

265 4715 328 4768 rii
365 4716 413 4769 ei
459 4716 728 4788 eripiendi
789 4733 881 4774 aut
931 4722 1214 4780 diﬂercndi
1265 4730 1550 4785 consilium
1602 4743 1838 4801 caperet.
1880 4722 2059 4785 Dillis
2127 4733 2466 4798 temporibus
2530 4748 2810 4802 reportata
2870 4748 2974 4792 cst.
3041 4741 3290 4796 Alexium
3373 4747 3520 4798 enim

260 4806 385 4873 Quo
422 4809 588 4874 facto,
633 4811 952 4899 Michaelem
1004 4813 1341 4874 Comnenum
1388 4822 1693 4889 patriarcha
1728 4824 1840 4892 ipse

262 4901 571 4956 diademate
601 4906 815 4958 ornavit
854 4908 1024 4976 regio,
1059 4923 1157 4964 nec
1209 4921 1386 4964 tamen
1413 4923 1733 4982 perpetuam
1766 4916 1840 4971 illi

266 4991 458 5045 tribuit
511 5006 628 5046 eam
706 4993 1048 5063 dignitatem,
1095 5001 1210 5065 sed,
1263 5016 1489 5071 cogente
1533 5015 1839 5075 temporum

261 5095 558 5149 rerumque
586 5083 818 5148 ratione,
868 5087 943 5140 rei
974 5089 1205 5156 publica
1234 5107 1358 5145 eum
1398 5095 1530 5149 fecit
1581 5098 1844 5152 adininis-

261 5177 524 5224 tratorem
571 5182 844 5240 potestate
918 5175 1288 5247 imperatoria,
1339 5185 1508 5238 donec
1571 5186 1747 5243 haeres
1789 5201 1845 5243 et

258 5277 548 5318 successor
583 5265 857 5335 legitimus
899 5280 1117 5325 aetatem
1149 5276 1501 5336 maturiorem
1533 5282 1840 5350 attigisset:

259 5365 376 5408 tum
431 5357 570 5410 solio
593 5368 648 5412 et
700 5361 954 5415 omnibus
1022 5364 1324 5434 insignibus
1379 5369 1742 5440 imperatoriis
1787 5391 1844 5430 se

257 5444 561 5499 abdicaret.
590 5447 768 5516 Atque
803 5449 915 5503 haec
939 5467 1125 5508 rursus
1147 5458 1419 5512 sanctiore
1462 5461 1648 5529 etiam,
1677 5477 1841 5532 quam

255 5534 466 5604 priora,
485 5535 841 5603 jurejurando
873 5542 1292 5599 conﬁrmantur.

326 5623 530 5678 Rerum
559 5627 668 5697 jam
701 5631 903 5696 potitus
929 5632 1236 5691 Comneuus
1270 5640 1422 5708 gravi
1462 5639 1602 5696 bello
1642 5643 1843 5698 decer-

252 5719 392 5771 tavit
443 5734 564 5773 cum
616 5718 924 5776 Etelorum
964 5737 1018 5779 et
1077 5728 1424 5797 Epirotarum
1472 5735 1696 5804 despota
1747 5738 1846 5791 Mi-

245 5810 466 5874 chaele,
503 5812 593 5879 qui
629 5814 751 5867 belli
781 5815 957 5870 socios
1001 5821 1134 5872 duos
1157 5835 1388 5889 generos
1437 5826 1648 5891 habuit,
1696 5829 1844 5881 Man-

247 5907 493 5966 fredum,
531 5905 835 5963 Siculorum
883 5927 1086 5977 regem,
1147 5926 1201 5969 et
1249 5919 1546 5988 principem
1584 5921 1843 5989 Pelopon-

244 5997 372 6050 nesi
409 6007 464 6051 et
491 5997 726 6056 Achaiae.
760 5999 1016 6068 Romani,
1056 6005 1259 6071 ingenti
1284 6010 1350 6063 de
1386 6009 1628 6066 hostibus
1663 6031 1843 6082 ιῖίινυνο

551 6100 823 6161 Parnm"
866 6106 908 6159 Ο
922 6121 982 6160 ιι.
1011 6103 1202 6165 CLVI.

1942 4820 2236 4887 Caesarem,
2289 4838 2650 4893 cognomento
2695 4825 3158 4902 Strategopulum,
3210 4838 3300 4903 qui
3352 4840 3518 4891 etiam

1944 4915 2184 4982 priorem
2226 4917 2560 4993 triumphum
2587 4919 2846 4975 Romanis
2895 4936 3180 4993 pepererat
3212 4941 3276 4980 ex
3324 4928 3522 4985 Aitolis

1947 5007 2290 5076 Epirotisque
2346 4992 2548 5077 solum,
2599 5012 2790 5066 iterum
2838 4992 3133 5084 imperator
3181 5029 3366 5074 contra
3423 5023 3522 5096 hli-

1947 5099 2190 5152 tzbaelcm
2237 5100 2488 5154 rebellem
2552 5103 2720 5155 tnitlit
2761 5119 2881 5158 cum
2952 5106 3199 5179 Bithynis
3248 5114 3522 5178 equilibus

1946 5192 2162 5244 circiter
2208 5192 2536 5261 octingentis
2599 5204 2653 5248 et
2730 5197 2850 5251 aliis
2925 5197 3130 5266 aliquot
3179 5203 3440 5260 militibus
3493 5221 3524 5260 e

1947 5280 2178 5337 Thracia
2231 5292 2288 5339 et
2358 5283 2671 5341 Macedonia
2727 5289 3033 5344 conductis.
3057 5293 3108 5346 ls
3159 5307 3322 5351 noctu
3397 5313 3522 5353 cum
3609 5299 3612 5303 “

1944 5377 2118 5444 copiis
2147 5377 2261 5431 suis
2300 5391 2467 5446 prope
2488 5380 2558 5433 ad
2597 5380 2918 5448 Byzantuim
2971 5385 3317 5454 trajecturus,
3357 5393 3408 5444 in
3434 5409 3522 5447 se-

1949 5485 2071 5522 nem
2137 5474 2426 5539 quemdam
2474 5471 2614 5525 forte
2668 5473 2880 5541 incidit,
2954 5492 3114 5544 quem
3159 5481 3520 5550 interceptum

1946 5559 2149 5612 milites
2185 5562 2481 5613 adducunt.
2519 5562 2878 5632 Interroganti
2919 5566 3146 5634 Caesari,
3182 5574 3326 5626 unde
3372 5578 3521 5627 veni-

1948 5661 2104 5704 retet
2140 5666 2249 5718 quo
2281 5653 2547 5718 tenderet,
2582 5655 2670 5710 ille
2693 5673 2757 5710 ex
2805 5661 2936 5712 urbe
2959 5675 3016 5714 se
3059 5664 3244 5718 venire
3291 5681 3516 5730 respon-

1946 5742 2043 5795 dit.
2072 5741 2274 5806 Caesar,
2302 5761 2318 5792 ι
2353 5743 2528 5809 Falsa,
2567 5750 2762 5816 inquit.
2809 5766 3038 5808 narras:
3074 5771 3178 5807 nox
3213 5759 3354 5809 enim
3394 5772 3542 5808 eum

1945 5834 2038 5898 sit,
2074 5849 2180 5898 Quo
2222 5844 2380 5898 pacto
2408 5851 2439 5889 ο
2481 5841 2750 5894 ιιιωηὶιιυε
2800 5845 2980 5912 egredi
3032 5848 3316 5913 potueris?
3351 5867 3367 5896 ›
3391 5849 3514 5900 Tor-

1945 5922 2381 5987 refacmssenex,
2415 5943 2431 5974 ι
2455 5925 2714 5983 Occultos
2738 5943 2839 5992 est,
2875 5935 3114 5996 domine,
3146 5937 3342 5999 inquii,
3372 5942 3522 5989 (,‘I‘Hi-
3568 5919 3574 5928 ’

1945 6013 2118 6077 culus,
2154 6025 2349 6079 ιιι-ηδιον
2390 6033 2473 6069 me
2503 6022 2726 6087 nemini,
2763 6036 2815 6076 at
2861 6029 2984 6077 mihi
3021 6029 3131 6090 jam
3183 6032 3386 6093 pridem
3435 6047 3522 6082 co-

2957 6126 3120 6181 '21
