3990 6612
468 523 570 582 151
1705 523 1958 585 GEURG
1974 525 2029 584 ll
2079 525 2173 585 PH
2190 524 2504 585 ἢΑΝΤΖιΕ
3624 532 3730 594 65?

465 652 555 703 νη,
593 632 750 703 κύριέ
788 648 915 703 μου,
948 634 1014 704 τῇ
1038 635 1132 705 γῇ,
1164 635 1230 705 ἢν
1261 636 1434 698 οὐδεὶς
1462 635 1604 690 οἶδεν
1636 638 1684 690 εί
1718 638 1790 709 μὴ
1818 639 1949 707 ἐγὼ,
1978 640 2045 709 ἢν
2076 648 2120 704 Α
2152 655 2256 706 κην
2298 638 2396 709 τὴν
2444 640 2766 710 θαυμαστὴν
2800 640 2892 693 καὶ
2929 639 3065 711 ἔργα
3101 642 3312 711 μεγάλα
3344 641 3380 696 ἃ
3407 643 3661 713 ἐποίησεν
3700 649 3730 700 ὀ

462 727 561 781 καὶ
595 723 833 779 ἔκπαλαι
859 726 1149 795 γινώσκω·
1184 729 1279 781 καὶ
1303 729 1370 782 δι’
1403 731 1574 801 αὐτῆς
1608 731 1903 803 ἐξέρχομαι
1952 737 2045 787 καὶ
2156 729 2378 800 Καῖσαρ
2427 730 2507 791 εἰς
2536 728 2767 797 αὔξησιν
2801 731 2901 799 τῆς
2945 732 3124 802 ἀρχῆς
3160 732 3478 803 Ῥωμαίωνν
3537 736 3625 788 ἶνα
3656 738 3737 799 εἷς

464 820 811 889 εἰσέρχομαι,
837 819 967 873 ὅταν
1000 811 1301 891 βούλωμαι,
1333 823 1771 891 ἀνεμποδίστως.
1812 844 1838 878 τ
1882 826 1968 890 Ὠς
1988 827 2045 880 δὲ

465 913 704 982 ῆκουσιν
758 912 787 965 ὀ
840 913 1057 983 Καῖσαρ
1092 913 1351 983 περὶτοῦ
1408 913 1657 968 τοιούτου
1693 915 2043 986 πράγματος,

464 1004 679 1074 χαρίεις
710 1005 954 1073 ἐγένετο.
989 1004 1097 1060 Kal
1128 1005 1279 1074 λέγει
1312 1006 1388 1076 τῷ
1433 1009 1651 1078 γέροντι
1702 1008 1916 1063 πολλῶν
1946 1011 2047 1064 δωο

467 1097 608 1167 ρεῶν
659 1097 1017 1165 ἱπαγγελίας,
1053 1098 1139 1152 ῖνα
1186 1099 1335 1171 δείξῃ
1384 1099 1532 1169 αὐτῷ
1565 1100 1659 1153 τὴν
1684 1100 1868 1162 τόπον,
1897 1102 2046 1164 ὅπως

466 1189 562 1241 καὶ
587 1192 615 1242 ὀ
645 1190 866 1259 Καῖσαρ
905 1190 1124 1261 είσέλθῃ
1166 1190 1317 1246 ἔνδον
1346 1194 1445 1262 τῆς
1494 1193 1706 1257 πόλεως
1759 1192 1902 1263 μετὰ
1948 1192 2043 1246 τοῦ

467 1279 902 1349 στρατεύματος.
939 1280 1005 1336 '0
1034 1282 1128 1333 καὶ
1162 1282 1409 1350 ἐποίησε.
1448 1284 1558 1337 Καὶ
1592 1284 1906 1355 προστάξας
1931 1284 2044 1353 πῦρ

465 1372 650 1442 βαλεῖν
688 1376 744 1426 ὲν
773 1377 886 1438 τοῖς
906 1374 1102 1436 οἴκοις,
1120 1376 1281 1437 εὐθὺς
1308 1376 1577 1447 ἐνέπρησε
1602 1378 1701 1447 τὴν
1726 1379 1883 1431 πάλιν
1904 1379 2043 1433 κατὰ

463 1467 666 1528 τόπους
719 1467 820 1519 οὐκ
867 1466 1085 1534 ὀλίγους
1141 1469 1201 1520 τὸ
1262 1470 1623 1538 στράτευμα·
1676 1465 1745 1540 ἦν
1801 1472 1909 1540 γὰρ
1950 1476 2044 1525 καὶ

465 1556 683 1626 πνεῦμα
736 1557 942 1626 ἀνέμου
999 1559 1204 1627 βορέως
1259 1558 1395 1612 πολὺ
1439 1561 1603 1613 πνέον
1633 1563 1772 1614 κατὰ
1802 1566 1906 1633 τῆς
1946 1564 2044 1616 πό-

462 1652 624 1714 λεως.
655 1651 767 1704 Καὶ
806 1651 1015 1720 ἀνῆψεν
1038 1654 1071 1722 ὴ
1100 1652 1253 1720 φλὸξ,
1286 1656 1385 1709 καὶ
1413 1655 1772 1719 ἀλαλάζοντες
1793 1658 1841 1708 ol
1878 1674 2043 1725 στρα-

464 1743 680 1807 τιῶται,
724 1763 740 1795 ι
771 1744 896 1811 νίκη
930 1744 1223 1813 Ῥωμαίοις
1250 1764 1297 1813 ι,
1317 1746 1568 1817 ἔκραζον.
1593 1747 1698 1817 19
1728 1750 1790 1801 Οί
1813 1748 1868 1801 δὲ
1911 1750 2046 1801 Ἰτα-

464 1835 551 1887 λοὶ
582 1835 675 1887 τὸν
718 1835 949 1905 θόρυϐον
984 1836 1325 1900 ἀκούσαντες
1368 1839 1545 1906 ἄφνω,
1590 1840 1766 1909 μέγας
1816 1839 2042 1893 ἐνέπεσε

452 1926 694 1995 θόρυϐος
722 1926 808 1979 ἐπ’
829 1927 1028 1991 αὐτοὺς
1058 1928 1121 1981 ἐκ
1150 1945 1211 1982 τε
1254 1930 1351 1983 τοῦ
1383 1931 1559 2000 πυρὸς
1601 1932 1696 1984 καὶ
1724 1933 1834 1986 τῶν
1884 1933 2045 1985 πολε-

2159 823 2337 877 πᾶσαν
2370 823 2470 893 τὴν
2503 822 2682 893 ἀρχὴν
2724 824 3018 894 Ῥωμαίων
3070 825 3099 877 ὅ
3121 841 3178 877 τε
3212 828 3589 899 πατριάρχης,
3629 832 3735 899 ἀρ-

2148 913 2524 982 χιεπίσκοποι,
2555 912 2847 971 ἐπίσκοποι
2875 914 2971 968 καὶ
3002 914 3153 968 πᾶσα
3185 917 3221 985 ἡ
3267 914 3570 985 Ἐκκλησία
3596 922 3738 989 μετὰ

2140 1001 2252 1083 Δ’τήν
2272 1002 2368 1055 τοῦ
2402 1004 2810 1073 αὐτοκράτορος
2856 1007 3047 1076 φήμην
3075 1008 3445 1077 εύφημήσωσι
3470 1011 3568 1061 καὶ
3605 1029 3738 1081 μνη-

2145 1094 2465 1164 ιμονεύσωσι
2496 1096 2605 1167 2ο
2637 1099 2730 1150 τὸν
2764 1098 3024 1167 Καίσαρα
3065 1099 3202 1168 ὀμοῢ
3253 1104 3371 1164 τοῖς
3422 1102 3739 1172 βασιλεῦσιν

2152 1188 2212 1239 ὲν
2241 1189 2362 1252 ταῖς
2390 1187 2559 1252 θείαις
2608 1190 2704 1242 καὶ
2735 1191 2911 1259 ίεραῖς
2947 1190 3322 1263 λειτουργίαις
3376 1194 3473 1247 καὶ
3498 1197 3556 1248 ὲν
3588 1196 3739 1267 πάσῃ

2152 1276 2317 1349 ἑτέρα
2352 1277 2655 1350 ίεροτε).ετῇ
2701 1282 2795 1334 καί
2831 1280 3129 1353 ἀκολουθίᾳ
3178 1283 3289 1336 τῶν
3319 1284 3489 1351 ἁγίων
3534 1285 3740 1350 ἐκκλη-

2155 1367 2284 1419 σιῶν
2314 1368 2722 1437 μεγαλοφώνως
2745 1386 2761 1401 ⁸
2802 1371 3009 1440 ὁμοίως
3052 1372 3239 1426 καὶτὰ.
3268 1374 3579 1444 παράσημα
3638 1374 3739 1427 τοῦ

2153 1463 2435 1533 Καίσαρος
2457 1468 2643 1534 φορεῖν
2665 1464 2788 1520 καθ’
2812 1466 3055 1536 ἑκάστην
3074 1467 3292 1537 ἡμέραν
3317 1468 3374 1520 ὲν
3396 1470 3561 1520 παντὶ
3586 1469 3741 1539 τόπῳ

2154 1556 2248 1609 καὶ
2292 1553 2413 1626 ὥρᾳ
2438 1554 2523 1624 ἐφ’
2554 1556 2682 1626 ὅλης
2721 1556 2822 1626 τῆς
2850 1555 2996 1625 ζωῆς
3017 1557 3187 1610 αὑτοῦ
3216 1558 3308 1610 καὶ
3343 1560 3402 1611 ὲν
3427 1563 3591 1610 παντὶ
3618 1576 3741 1612 κλι-

2155 1647 2236 1717 ρῷ
2266 1649 2361 1703 καὶ
2402 1649 2707 1720 θριάμϐους
2760 1649 3036 1719 μεγάλους
3078 1654 3403 1720 ποιήσαντες
3431 1653 3605 1721 αὐτῷ,
3660 1654 3739 1715 ὡς

2152 1741 2272 1803 ἔθος
2300 1737 2369 1812 ἦν
2393 1744 2568 1795 ποιεῖν
2593 1743 2705 1804 τοῖς
2725 1744 2975 1812 νικηταῖς
3010 1742 3067 1794 ὲν
3082 1744 3201 1805 ταῖς
3222 1742 3503 1806 τοιαύταις
3530 1744 3737 1806 νίκαις.

2152 1829 2290 1890 Εἶτα
2314 1834 2644 1902 ὲξογκωθεὶς
2689 1836 2809 1897 ταῖς
2836 1833 2935 1903 τῆς
2967 1833 3139 1905 τύχης
3169 1835 3350 1897 νίκαις
3378 1836 3405 1887 ὀ
3449 1834 3735 1903 βασιλεὺς,
3782 1866 3783 1869 η

2153 1924 2430 1995 γνωρίσας
2476 1925 2570 1978 καὶ
2603 1924 2703 1994 τῆς
2732 1926 3041 1995 συγκλήτου
3081 1927 3235 1990 τινας
3279 1928 3375 1980 καλ¹
3422 1926 3517 1981 τοῦ
3556 1928 3735 1997 δήμου

470 2020 634 2088 μίων,
690 2022 783 2071 καὶ
810 2021 1012 2089 γυμνοὶ
1047 2021 1110 2073 ἐκ
1138 2021 1246 2076 τῶν
1280 2021 1554 2075 κοιτώνων
1584 2024 1901 2094 ἐξήρχοντο,
1952 2029 2047 2079 καὶ
2075 2008 2122 2067 Β
2150 2015 2381 2080 πολλοὺς
2436 2016 2905 2087 διαφυλάττοντας
2956 2018 3097 2089 πρὸς
3151 2019 3313 2073 αὖτδν
3364 2019 3585 2074 εὔνοιαν
3638 2022 3738 2073 καὶ

462 2112 626 2178 φόνος
670 2111 839 2175 πολὺς
863 2113 986 2165 κατ’
1011 2113 1192 2167 αὐτῶν
1220 2114 1437 2181 ἐγένετο
1461 2115 1565 2169 καὶ
1582 2116 1849 2182 ἀπώλεια,
1882 2117 1977 2171 καὶ
2010 2120 2041 2188 ἡ

464 2205 591 2273 νίκη
621 2207 733 2268 τοῖς
775 2204 1069 2276 Ῥωμαίοις
1097 2207 1428 2278 περιφανής.
1465 2210 1574 2262 Καὶ
1606 2209 1781 2274 οὓτως
1812 2211 1845 2279 ή
1884 2210 2041 2280 βασι·
2084 2243 2088 2257 κ

460 2297 701 2349 λεύουσα
722 2299 1201 2367 παντοκρατορικῇ
1227 2296 1452 2368 βοηθείᾳ
1482 2299 1577 2352 καλ⁵
1597 2299 1687 2353 διὰ
1718 2316 2043 2370 στρατιωτι-

462 2391 566 2458 κῆς
597 2388 892 2459 ιμπειρίας
922 2387 1017 2441 τοῦ
1045 2388 1325 2459 Καίσαρος
1369 2388 1664 2459 Ῥωμαίοις
1696 2393 1917 2460 ἐγένετο
1947 2392 2043 2446 καὶ

466 2484 530 2534 ἐκ
557 2481 667 2533 τῶν
709 2481 988 2535 Ἰταλικῶν
1025 2481 1227 2551 χειρῶν
1250 2482 1615 2551 ἠλευθέρωτο.
1644 2479 1754 2538 Ἦν
1785 2486 1840 2538 δὲ
1873 2486 1906 2554 ὴ
1940 2502 2041 2552 με·

461 2573 756 2641 γαλόπολις
807 2575 1156 2646 κρατουμένη
1186 2574 1489 2629 ύπάύτῶν
1520 2576 1615 2646 ἐτη
1648 2577 1748 2645 νθ’,
1784 2577 1962 2648 μῆνας
1992 2575 2042 2646 γ’

460 2669 559 2723 καὶ
589 2669 801 2737 ἡμέρας
828 2665 893 2723 δ’.

546 2757 908 2828 Ἀγγελθεῖσα
945 2757 1004 2811 δὲ
1028 2758 1089 2811 ὲν
1123 2757 1329 2829 Νικαίᾳ
1358 2760 1393 2828 ή
1420 2757 1645 2829 τοιαύτη
1673 2759 1886 2831 μεγάλη
1912 2760 2037 2833 νίκη

454 2849 539 2921 τῷ
571 2850 805 2920 βασιλεῖ,
865 2849 1145 2918 ἐθαύμασε
1176 2851 1273 2905 καὶ
1321 2851 1423 2904 οὐκ
1457 2850 1708 2904 ἐπίστευε
1749 2853 1865 2916 ’πῶς
1922 2854 2040 2923 μετ’

448 2946 646 3013 -ὀλίγου
696 2943 839 2996 πάνυ
875 2942 1111 3009 στρατοῦ
1168 2943 1389 3011 ἐγένετο
1448 2945 1728 3013 ἐγκρατὴς
1758 2947 1786 2998 ὀ
1822 2946 2040 3013 Καῖσαρ

460 3038 557 3107 τῆς
591 3037 847 3105 τοιαύτης
869 3038 966 3090 καὶ
996 3035 1334 3106 τηλικαύτης
1358 3036 1590 3099 πόλεως.
1611 3034 1732 3090 ’Καὶ
1766 3039 1829 3090 ὲκ
1857 3038 2040 3091 δευτέ-

456 3147 559 3201 Γροιι
606 3128 795 3198 lupo;
848 3127 1020 3182 ἐλθὼν
1052 3128 1315 3199 δρομαῖος
1343 3130 1442 3192 τὰς
1496 3130 1761 3198 ἀγγελίας
1793 3132 2040 3201 κομίξων

454 3225 540 3294 τῷ
572 3224 785 3295 βασιλεῖ
813 3223 909 3278 καὶ
941 3223 1004 3277 ἐκ
1037 3224 1147 3277 τῶν
1182 3224 1385 3294 χειρῶν
1427 3223 1521 3277 τοῦ
1556 3225 1835 3294 Καίσαρος
1858 3226 2041 3297 γράμ-

2146 2111 2369 2180 άγάπην
2410 2111 2508 2163 καὶ
2552 2110 2757 2175 πίστιν,
2790 2112 2886 2165 καὶ
2924 2110 3188 2182 ἐπαρθεὶς
3224 2111 3324 2182 τὴν
3353 2112 3615 2173 διάνοιαν,
3655 2114 3735 2182 μὴ

2145 2202 2481 2274 φοσούμενος
2502 2204 2631 2266 τοὺς
2665 2202 2960 2273 φρικώδεις
2998 2207 3092 2257 καὶ
3122 2204 3389 2274 φοϐεροὺς
3408 2207 3608 2274 ὅρκους
3636 2205 3737 2269 οὓς

2146 2296 2487 2348 κατενώπιον
2511 2294 2606 2348 τοῦ
2638 2294 2736 2347 τοῦ
2761 2292 3001 2365 Χριστοῦ
3027 2294 3270 2365 βήματος
3303 2297 3585 2365 ἐποίησεν,
3614 2297 3736 2350 ἀλλ’

2145 2387 2539 2453 ἐξαποστείλας
2576 2387 2833 2450 ἐλεεινῶς
2864 2388 3149 2458 ὲστέρησί
3167 2388 3280 2441 τῶν
3304 2388 3604 2457 ὀφθαλμῶν
3638 2390 3735 2441 τὸν

2145 2481 2388 2551 διάδοχον
2410 2481 2504 2533 καὶ
2525 2481 2862 2551 κληρονόμον
2888 2481 2988 2551 τῆς
3018 2479 3302 2549 βασιλείας
3349 2468 3611 2552 Ἰωάννην
3635 2483 3733 2534 τὸν

2144 2574 2428 2641 Δάσκαριν
2464 2573 2701 2642 δεκαετῆ
2731 2574 2887 2637 ὄντα,
2920 2574 3017 2627 καὶ
3037 2572 3182 2626 οὕτω
3206 2572 3519 2627 ἀνύποπτον
3552 2574 3729 2642 φόϐου

2144 2667 2347 2730 παντὸς
2394 2668 2495 2737 τὴν
2544 2667 2826 2736 βασιλείαν
2882 2665 3069 2737 ἑαυτῷ
3102 2668 3501 2736 κατεστήσατο.
3542 2667 3635 2731 Ὧς
3666 2668 3729 2721 δὲ

2144 2759 2380 2830 ἤκουσεν
2426 2762 2454 2813 ὀ
2500 2761 2847 2830 πατριάρχης
2879 2761 2982 2828 τὴν
3016 2758 3112 2813 τοῦ
3132 2759 3489 2830 ταλαιπώρου
3524 2761 3728 2830 κληρο-

2142 2849 2308 2919 νόμου
2341 2850 2441 2917 τῆς
2468 2848 2754 2918 βασιλείας
2776 2849 3074 2917 τύφλωσιν,
3106 2851 3265 2920 χερσὶ
3292 2850 3391 2920 μὲν
3420 2850 3619 2903 ἔτυπτε
3653 2852 3728 2904 τα

2145 2944 2368 3014 στέρνα,
2393 2944 2538 3011 ξίφει
2558 2944 2617 2997 δὲ
2642 2942 2718 3007 ώς
2747 2945 2923 2995 είπεῖν
2948 2944 3215 3013 ἐτέτρωτο
3242 2943 3341 3015 τὴν
3370 2943 3616 3013 καρδίαν.
3642 2944 3724 3015 Γῇ

2141 3038 2238 3092 καὶ
2262 3037 2400 3108 ήλίῳ
2428 3038 2528 3107 τὴν
2558 3036 2772 3091 ἀδικίαν
2803 3036 2934 3090 ὲεόα
2957 3038 3050 3090 καὶ⁸
3079 3038 3146 3089 τὰ
3172 3040 3409 3106 στοιχεῖα
3436 3037 3570 3107 πρδ;
3598 3040 3731 3089 ἐπ.-

2143 3128 2369 3198 κουρίαν
2423 3128 2759 3193 ἐπεκαλεῖτο,
2819 3128 3025 3180 κλαίων
3059 3128 3150 3181 καὶ
3192 3128 3467 3190 στενάζων
3498 3129 3591 3180 καὶ
3624 3129 3723 3179 τὸν

2144 3219 2384 3287 πώγωνα
2440 3221 2630 3292 χερσὶν
2670 3222 2930 3291 ἑκριζῶν.
2966 3219 3077 3274 Καὶ
3127 3219 3268 3288 μετὰ
3312 3221 3479 3272 λίθων
3508 3220 3727 3290 ἀγρίων

465 3334 632 3387 ματα,
680 3317 756 3379 ώς
789 3314 952 3379 εἶδεν,
986 3315 1277 3370 ἐπίστευσε
1315 3316 1411 3370 καὶ
1439 3315 1516 3387 τῷ
1546 3316 1665 3386 Θεῷ
1704 3321 2039 3388 χαριστήρια
2064 3348 2112 3413 c
2141 3314 2203 3368 τὸ
2230 3313 2424 3385 στῆθος
2446 3315 2628 3368 καὶτὰ
2658 3316 2862 3384 γόνατα
2886 3316 3212 3386 ὀδυρόμενος
3242 3315 3466 3380 ἔτυπτε,
3493 3315 3727 3382 atate-tv

462 3411 737 3475 ἀπέδωκε,
770 3410 866 3463 καὶ
897 3408 1210 3480 προστάξας
1242 3411 1270 3463 ὀ
1302 3409 1559 3479 βασιλεὺς
1592 3413 1687 3465 καὶ
1718 3413 1747 3464 ὀ
1768 3413 2045 3483 πατριάρ-
2074 3407 2112 3413 “
2145 3408 2390 3478 κεφαλὴν
2425 3409 2519 3462 ἐπὶ
2550 3410 2645 3461 τοῦ
2684 3409 2915 3479 στήθους
2963 3409 3189 3479 ἔρριπτε
3229 3408 3452 3477 κράζων
3482 3407 3724 3477 γοερῶς.

462 3520 565 3573 χης
603 3502 743 3573 μετὰ
773 3501 1003 3574 γνώμης
1030 3501 1130 3571 τῆς
1164 3501 1479 3572 συγκλήτου
1512 3503 1693 3572 πάσης
1732 3503 1821 3557 διὰ
1848 3501 2046 3574 τήννί-

462 3687 668 3757 gnitus,
704 3701 800 3755 per
844 3700 1030 3754 quem,
1065 3687 1279 3756 quOties
1302 3684 1454 3752 libet,
1482 3684 1657 3740 libere
1680 3688 1931 3758 egredior
1959 3688 2043 3744 in-

463 3780 811 3851 grediorque.
828 3797 845 3830 ι
872 3777 968 3833 llis
984 3776 1186 3832 auditis
1204 3776 1386 3832 Ctesar
1401 3778 1620 3847 gavisus
1635 3794 1818 3834 senem
1835 3781 2046 3851 magnis

464 3872 807 3936 pranuiorutn
867 3870 1275 3925 conditionibus
1337 3871 1682 3936 cohortatur,
1734 3881 1794 3925 ut
1839 3873 1940 3927 sibi
1990 3873 2042 3926 in

461 3964 652 4018 urbem
678 3978 803 4018 cum
833 3965 1076 4017 exercitu
1121 3962 1389 4017 intratum
1419 3977 1543 4016 eum
1596 3962 1771 4017 locum
1814 3962 2044 4017 demou-

465 4066 627 4115 stret.
671 4054 795 4112 Voti
858 4070 1085 4125 compos
1144 4054 1340 4119 factus,
1393 4054 1571 4123 ignem
1628 4055 1837 4110 {edibus
1891 4056 2042 4126 injici

457 4150 635 4220 jubet,
670 4158 832 4215 atque
868 4147 1011 4202 illico
1048 4146 1184 4201 loris
1213 4146 1356 4200 haud
1385 4148 1571 4214 paucis
1603 4149 1792 4202 urbem
1843 4148 2044 4201 milites

461 4242 789 4297 incendunt.
821 4239 1014 4308 Aquilo
1036 4242 1128 4308 qui
1153 4236 1291 4294 forte
1340 4238 1503 4292 ﬂabat
1533 4238 1826 4294 vehemens
1872 4242 2046 4294 susci-

460 4337 613 4394 tabat
652 4332 949 4400 ﬂammam,
1000 4332 1312 4401 militesque
1369 4334 1709 4387 exsultantes
1759 4334 2040 4387 victoriam

457 4424 900 4480 conclamabant.
971 4422 1174 4485 Latini,
1240 4423 1523 4490 repentino
1572 4424 1807 4478 tumultu
1855 4426 2040 4490 exciti,

458 4518 791 4572 hostiumet
847 4513 1088 4569 incendii
1136 4523 1429 4583 conspectu
1509 4515 1857 4569 vehementer
1916 4531 2045 4569 eon-

460 4619 828 4674 sternantur;
868 4608 1112 4677 plerique
1167 4608 1296 4661 nudi
1342 4623 1373 4662 e
1426 4607 1701 4661 cubilibus
1750 4609 2042 4678 prosiliunt

2151 3517 2171 3553 ι
2203 3501 2267 3554 Ὢ
2317 3500 2508 3572 φρϊξον
2547 3502 2691 3572 ήλιε,
2742 3499 2787 3553 ὣ
2819 3499 3077 3565 στέναξον
3124 3499 3220 3570 γῆ,
3255 3500 3351 3553 καὶ
3383 3498 3723 3569 κλονουμένη

2145 3687 2461 3758 imperium,
2512 3686 2634 3757 ejus
2692 3700 2887 3741 nomen
2935 3694 3048 3741 toto
3103 3700 3274 3755 regno
3307 3702 3335 3740 a
3385 3686 3723 3756 patriarcha,

2148 3779 2592 3849 archiepiscOpis,
2646 3780 2917 3848 episcopis
2952 3787 3007 3832 et
3052 3779 3301 3834 universa
3366 3782 3635 3835 concione
3666 3784 3720 3835 iu

2147 3871 2349 3926 divinis
2380 3870 2915 3941 sacrisqueliturgiis
2945 3878 2999 3924 et
3039 3871 3291 3925 omnibus
3317 3871 3440 3926 aliis
3499 3882 3723 3928 sancta—

2147 3980 2265 4017 rum
2292 3964 2646 4019 ecclesiarum
2691 3947 2996 4019 actionibus
3045 3972 3166 4033 post
3212 3963 3593 4033 imperatorem
3620 3984 3726 4021 una

2146 4071 2272 4110 cum
2307 4057 2646 4126 principibus
2697 4056 2845 4110 clara
2887 4071 3018 4110 voce
3045 4058 3463 4112 commemorari
3496 4074 3562 4112 ac
3604 4062 3728 4115 lau-

2146 4149 2263 4201 duri
2295 4148 2481 4219 jussit.
2504 4148 2771 4203 Prazterea
2804 4147 3102 4214 consuluit,
3138 4157 3196 4202 ut
3229 4148 3462 4219 insignia
3490 4151 3728 4205 Ctesaris

2148 4250 2489 4311 gestarentur
2530 4239 2795 4309 quotidie,
2846 4239 3036 4309 quavis
3072 4241 3212 4319 hora
3247 4250 3303 4295 et
3357 4242 3500 4306 loco,
3548 4242 3729 4297 donec

2146 4334 2265 4402 ejus
2317 4334 2426 4387 vita
2489 4340 2819 4401 suppeteret,
2874 4332 3161 4401 eidemque
3225 4335 3482 4401 triumphi
3535 4337 3724 4389 eximii

2147 4439 2461 4495 agerentur,
2487 4425 2679 4495 quales
2721 4423 3016 4478 victoribus
3070 4425 3121 4476 in
3162 4423 3430 4493 ejusmodi
3474 4427 3729 4480 victoriis

2148 4520 2233 4587 agi
2264 4517 2534 4571 solebant.
2570 4515 2772 4570 Deinde
2797 4516 2881 4569 his
2912 4514 3142 4569 fortuna:
3166 4516 3444 4569 blanditiis
3505 4516 3728 4571 innatus

2149 4610 2471 4678 imperator,
2544 4610 2843 4676 przesertim
2890 4622 3016 4664 cum
3066 4610 3411 4678 optimatium
3455 4625 3729 4679 quorum-

459 4715 515 4761 et
568 4705 771 4772 ingenti
830 4703 977 4758 C(Btle
1033 4701 1410 4757 trucidantur:
1470 4702 1732 4757 Romanis
1780 4705 2039 4772 praeclara
2074 4695 2115 4750 ί)
2145 4704 2266 4755 dam
2297 4712 2352 4756 et
2380 4702 2732 4770 plurimorum
2770 4700 2968 4754 civium
3001 4716 3126 4769 erga
3188 4714 3247 4755 se
3278 4702 3725 4770 propensionem,

459 4804 679 4850 constat
744 4795 993 4850 victoria.
1048 4793 1163 4848 Tali
1231 4794 1391 4848 modo
1461 4793 1642 4862 Cpolis
1695 4795 1896 4849 auxilio
1941 4794 2036 4850 Dei

458 4890 847 4958 omnipotentis
876 4897 930 4941 et
960 4887 1192 4943 Cwsaris
1223 4887 1416 4957 peritia
1445 4888 1524 4942 rei
1544 4887 1803 4961 militaris
1839 4888 2041 4941 Roma-

459 4984 544 5036 nis
569 4982 816 5037 restituta
843 4991 928 5036 est
960 4992 1011 5035 et
1033 4980 1104 5035 ab
1141 4979 1394 5033 Italorum
1445 4980 1693 5035 manibus
1743 4978 2035 5045 vindicata,

460 5076 512 5129 iu
548 5091 776 5145 quorum
809 5084 1078 5144 potestate
1123 5073 1293 5129 fuerat
1332 5089 1502 5129 annos
1553 5089 1745 5130 novem
1775 5084 1830 5130 et
1877 5077 2037 5145 quin-

456 5168 736 5237 quaginta.
771 5179 989 5221 menses
1018 5174 1127 5219 tres
1150 5174 1202 5221 et
1227 5166 1343 5220 dies
1364 5172 1614 5234 quatuor.

530 5256 783 5312 Nuntiata
816 5254 1049 5313 Nicaeam
1079 5272 1272 5326 magna
1302 5255 1418 5312 haec
1463 5258 1687 5312 victoria
1720 5259 1822 5312 lide
1847 5270 2038 5312 carere

462 5347 748 5403 videbatur
780 5348 1120 5417 imperatori,
1153 5349 1394 5413 miranti,
1430 5363 1537 5418 quo
1572 5360 1728 5418 pacto
1754 5363 1879 5402 eum
1914 5364 2038 5419 per-

458 5440 649 5508 exigua
737 5452 898 5493 manu
975 5439 1157 5493 Caesar
1208 5438 1298 5492 tali
1344 5453 1407 5494 ac
1454 5448 1600 5492 tanta
1644 5442 1776 5495 urbe
1830 5442 2035 5510 potitus

380 5545 394 5555 '
460 5537 626 5589 esset.
659 5527 956 5598 Postquam
992 5527 1191 5585 deinde
1216 5527 1356 5583 alius
1383 5528 1603 5583 advenit
1626 5531 1850 5585 nuntius
1874 5533 2036 5600 idque

459 5637 580 5679 cum
615 5620 811 5676 litteris
838 5622 905 5677 ab
936 5621 1053 5690 ipso
1077 5621 1294 5676 Caesare
1319 5622 1667 5691 conscriptis,
1690 5632 1798 5678 tum
1814 5624 2033 5679 demum

458 5714 545 5769 his
572 5712 726 5767 lectis
755 5711 1147 5767 dubitationem
1175 5727 1204 5767 a
1236 5727 1294 5769 se
1324 5713 1546 5774 amovit.
1581 5712 1797 5783 Deoque
1830 5716 2035 5785 gratias

456 5807 586 5873 egit,
622 5813 806 5874 atque,
844 5802 1309 5858 consentientibus
1338 5803 1643 5872 patriarcha
1671 5815 1725 5859 et
1759 5807 1911 5859 omni
1947 5821 2036 5861 se-

458 5906 613 5957 nutu,
651 5902 875 5963 propter
909 5894 1193 5947 victoriam
1233 5894 1376 5947 illam
1410 5894 1784 5951 admirabilem
1803 5908 1857 5951 et
1897 5913 2036 5967 przc-

457 5987 602 6042 clara
626 5986 890 6053 facinora,
933 5986 1130 6055 quibus
1174 5985 1356 6042 Caesar
1418 5989 1665 6043 auxisset
1728 5986 2030 6045 Romanum

2146 4795 2300 4849 ﬁdem
2328 4804 2381 4847 et
2410 4794 2731 4847 eharitatem
2757 4793 3141 4863 perspexisset,
3166 4795 3378 4847 animos
3407 4808 3473 4847 ac
3499 4780 3725 4863 spiriius

2143 4888 2416 4955 cupiebat,
2448 4902 2551 4940 nec
2599 4885 2894 4955 quidquam
2928 4884 3129 4939 veritus
3178 4884 3294 4938 dira
3322 4893 3377 4939 et
3433 4884 3721 4941 horribilia

2142 4987 2506 5039 sacramenta,
2541 4979 2736 5045 quibus
2789 4990 2971 5030 coram
3003 4976 3206 5029 Christi
3259 4975 3517 5029 tribunali
3546 4994 3605 5031 se
3628 4982 3723 5031 ob-

2141 5070 2457 5134 atriuxerut,
2519 5069 2786 5124 hmredem
2848 5060 3060 5135 imperii
3100 5066 3365 5123 Joannem
3410 5066 3721 5136 Lascarim,

2141 5178 2334 5217 novem
2368 5171 2481 5217 tum
2510 5177 2680 5217 annos
2715 5172 2923 5227 natum,
2982 5160 3248 5229 ablegavit
3294 5170 3346 5214 et
3396 5162 3725 5217 miserabili-

2140 5263 2224 5311 ter
2255 5254 2426 5310 oeulis
2458 5253 2710 5322 privavit,
2751 5268 2813 5307 ac
2841 5255 2921 5307 sic
2960 5254 3137 5309 omnis
3164 5269 3357 5323 expers
3385 5265 3566 5311 metus
3590 5259 3721 5312 sibi-

2140 5358 2251 5403 met
2283 5348 2576 5402 vindieavit
2625 5347 2934 5416 imperium.
3012 5346 3320 5401 Patriarcha
3359 5347 3446 5401 ubi
3497 5365 3721 5419 compe-

2140 5442 2211 5496 rit
2262 5440 2493 5496 infelicis
2534 5441 2688 5511 pueri
2739 5440 3177 5507 excwcationem,
3230 5442 3482 5497 manibus
3533 5455 3720 5512 pectus

2138 5534 2395 5603 plangere
2421 5542 2473 5588 et
2515 5534 2715 5603 gladio,
2764 5544 2820 5586 ut
2852 5532 2923 5586 ita
2952 5533 3149 5597 dicam,
3195 5534 3422 5602 perfodi,
3471 5542 3631 5588 terra:
3654 5550 3721 5588 ac

2138 5628 2278 5682 coelo
2315 5628 2607 5681 scelestum
2654 5625 2863 5683 facinus
2904 5625 3059 5695 queri
3108 5636 3161 5680 et
3195 5626 3460 5681 elementa
3501 5628 3617 5696 ipsa
3652 5631 3719 5681 ad

2140 5716 2510 5771 ulciscendum
2533 5715 2811 5784 invocare,
2834 5717 3066 5783 gemitus
3092 5729 3140 5770 et
3176 5718 3439 5790 lacrytnas
3465 5721 3720 5785 fundere.

2136 5807 2361 5862 barbam
2431 5808 2665 5864 evellere
2715 5816 2766 5863 et
2798 5822 2930 5862 saxo
2983 5824 3175 5879 aspero
3206 5819 3390 5879 pectus
3438 5826 3505 5866 ac
3538 5828 3716 5883 genua

2136 5898 2490 5965 contundere,
2540 5907 2703 5968 caput
2747 5900 3038 5956 demittere
3072 5909 3127 5956 et
3177 5900 3478 5970 lugubriter
3527 5908 3717 5958 excla-

2140 6009 2286 6049 mare
2314 6011 2326 6048 :
2359 6012 2376 6045 ι
2411 5991 2454 6048 0
2486 5991 2587 6060 sol,
2625 5993 2904 6061 horresce,
2932 6009 2965 6049 ο
2986 5992 3162 6060 tellus,
3198 5993 3492 6062 iugetniscc
3511 6008 3714 6052 etenu-
