  <div class='ocr_page' id='page_1' title='image "/cluster/home/n/w/nwhite01/storage/ocr_20150623/156/hvd.32044019208438/460.png"; bbox 0 0 3990 6570; ppageno 0'>
   <div class='ocr_carea' id='block_1_1' title="bbox 354 343 454 406">
    <p class='ocr_par' dir='ltr' id='par_1_1' title="bbox 354 343 454 406">
     <span class='ocr_line' id='line_1_1' title="bbox 354 343 454 406; baseline 0.05 -5"><span class='ocrx_word' id='word_1_1' title='bbox 354 343 454 406; x_wconf 68' lang='lat'><strong>(-61</strong></span> 
     </span>
    </p>
   </div>
   <div class='ocr_carea' id='block_1_2' title="bbox 364 458 1998 548">
    <p class='ocr_par' dir='ltr' id='par_1_2' title="bbox 364 458 1998 548">
     <span class='ocr_line' id='line_1_2' title="bbox 364 458 1998 548; baseline 0.001 -37"><span class='ocrx_word' id='word_1_2' title='bbox 364 459 650 528; x_wconf 78' lang='grc' dir='ltr'>Ῥωμαῖοι,</span> <span class='ocrx_word' id='word_1_3' title='bbox 686 459 1079 522; x_wconf 69' lang='grc' dir='ltr'><strong>καταλιπόντες</strong></span> <span class='ocrx_word' id='word_1_4' title='bbox 1119 458 1217 521; x_wconf 80' lang='grc' dir='ltr'>τὰς</span> <span class='ocrx_word' id='word_1_5' title='bbox 1248 459 1456 528; x_wconf 66' lang='grc' dir='ltr'>σκηνὰς</span> <span class='ocrx_word' id='word_1_6' title='bbox 1492 460 1592 522; x_wconf 69' lang='grc' dir='ltr'>τὰς</span> <span class='ocrx_word' id='word_1_7' title='bbox 1639 458 1924 529; x_wconf 65' lang='grc' dir='ltr'>βασιλικὰς</span> <span class='ocrx_word' id='word_1_8' title='bbox 1952 489 1998 548; x_wconf 65' lang='grc' dir='ltr'><strong>Α</strong></span> 
     </span>
    </p>
   </div>
   <div class='ocr_carea' id='block_1_3' title="bbox 351 552 1922 624">
    <p class='ocr_par' dir='ltr' id='par_1_3' title="bbox 351 552 1922 624">
     <span class='ocr_line' id='line_1_3' title="bbox 351 552 1922 624; baseline 0.001 -20"><span class='ocrx_word' id='word_1_9' title='bbox 351 555 447 605; x_wconf 76' lang='grc' dir='ltr'><strong>καὶ</strong></span> <span class='ocrx_word' id='word_1_10' title='bbox 479 554 544 606; x_wconf 76' lang='grc' dir='ltr'><strong>τά</strong></span> <span class='ocrx_word' id='word_1_11' title='bbox 571 552 827 621; x_wconf 75' lang='grc' dir='ltr'>βασιλικὰ</span> <span class='ocrx_word' id='word_1_12' title='bbox 847 555 1103 624; x_wconf 79' lang='grc' dir='ltr'>χρήματα</span> <span class='ocrx_word' id='word_1_13' title='bbox 1124 553 1218 606; x_wconf 76' lang='grc' dir='ltr'>καὶ</span> <span class='ocrx_word' id='word_1_14' title='bbox 1235 554 1411 607; x_wconf 82' lang='grc' dir='ltr'>πάντα</span> <span class='ocrx_word' id='word_1_15' title='bbox 1455 553 1522 606; x_wconf 76' lang='grc' dir='ltr'>τὰ</span> <span class='ocrx_word' id='word_1_16' title='bbox 1541 552 1798 620; x_wconf 89' lang='grc' dir='ltr'>βασιλικὰ</span> <span class='ocrx_word' id='word_1_17' title='bbox 1823 568 1922 605; x_wconf 79' lang='grc' dir='ltr'>παο</span> 
     </span>
    </p>
   </div>
   <div class='ocr_carea' id='block_1_4' title="bbox 351 643 1920 715">
    <p class='ocr_par' dir='ltr' id='par_1_4' title="bbox 351 643 1920 715">
     <span class='ocr_line' id='line_1_4' title="bbox 351 643 1920 715; baseline 0.001 -19"><span class='ocrx_word' id='word_1_18' title='bbox 351 645 598 714; x_wconf 76' lang='grc' dir='ltr'>ράσημα.</span> <span class='ocrx_word' id='word_1_19' title='bbox 635 647 742 698; x_wconf 72' lang='grc' dir='ltr'>Καὶ</span> <span class='ocrx_word' id='word_1_20' title='bbox 765 647 829 699; x_wconf 77' lang='grc' dir='ltr'><strong>ὲκ</strong></span> <span class='ocrx_word' id='word_1_21' title='bbox 847 648 1034 715; x_wconf 80' lang='grc' dir='ltr'>τρίτου</span> <span class='ocrx_word' id='word_1_22' title='bbox 1066 647 1254 714; x_wconf 76' lang='grc' dir='ltr'>ἕτερον</span> <span class='ocrx_word' id='word_1_23' title='bbox 1289 645 1519 715; x_wconf 78' lang='grc' dir='ltr'>στρατὸν</span> <span class='ocrx_word' id='word_1_24' title='bbox 1546 643 1920 714; x_wconf 81' lang='grc' dir='ltr'>ᾠκονόμησεν,</span> 
     </span>
    </p>
   </div>
   <div class='ocr_carea' id='block_1_5' title="bbox 349 733 1922 814">
    <p class='ocr_par' dir='ltr' id='par_1_5' title="bbox 349 733 1922 814">
     <span class='ocr_line' id='line_1_5' title="bbox 349 733 1922 814; baseline 0.001 -28"><span class='ocrx_word' id='word_1_25' title='bbox 349 734 468 786; x_wconf 81' lang='grc' dir='ltr'>ἀλλ’</span> <span class='ocrx_word' id='word_1_26' title='bbox 498 735 526 787; x_wconf 95' lang='lat'><strong>6</strong></span> <span class='ocrx_word' id='word_1_27' title='bbox 558 733 813 802; x_wconf 71' lang='grc' dir='ltr'>βασιλεὺς</span> <span class='ocrx_word' id='word_1_28' title='bbox 840 736 902 789; x_wconf 84' lang='grc' dir='ltr'>οὐ</span> <span class='ocrx_word' id='word_1_29' title='bbox 939 739 1328 806; x_wconf 84' lang='grc' dir='ltr'>παραγίνεται,</span> <span class='ocrx_word' id='word_1_30' title='bbox 1361 737 1410 789; x_wconf 84' lang='grc' dir='ltr'>εἰ</span> <span class='ocrx_word' id='word_1_31' title='bbox 1453 735 1531 814; x_wconf 76' lang='grc' dir='ltr'>μὴ</span> <span class='ocrx_word' id='word_1_32' title='bbox 1567 736 1922 805; x_wconf 78' lang='grc' dir='ltr'><strong>καταστήσας</strong></span> 
     </span>
    </p>
   </div>
   <div class='ocr_carea' id='block_1_6' title="bbox 346 825 1922 896">
    <p class='ocr_par' dir='ltr' id='par_1_6' title="bbox 346 825 1922 896">
     <span class='ocr_line' id='line_1_6' title="bbox 346 825 1922 896; baseline -0.002 -14"><span class='ocrx_word' id='word_1_33' title='bbox 346 825 450 893; x_wconf 80' lang='grc'><strong>31</strong></span> <span class='ocrx_word' id='word_1_34' title='bbox 481 825 710 894; x_wconf 73' lang='grc' dir='ltr'>ἔξαρχον</span> <span class='ocrx_word' id='word_1_35' title='bbox 735 827 836 894; x_wconf 78' lang='grc' dir='ltr'>τῆς</span> <span class='ocrx_word' id='word_1_36' title='bbox 861 829 1265 896; x_wconf 79' lang='grc' dir='ltr'><strong>στρατιωτικῆς</strong></span> <span class='ocrx_word' id='word_1_37' title='bbox 1308 827 1592 895; x_wconf 86' lang='grc' dir='ltr'>δυνάμεως</span> <span class='ocrx_word' id='word_1_38' title='bbox 1633 827 1805 896; x_wconf 78' lang='grc' dir='ltr'>Φιλῆν</span> <span class='ocrx_word' id='word_1_39' title='bbox 1831 827 1922 880; x_wconf 73' lang='grc' dir='ltr'>τὸν</span> 
     </span>
    </p>
   </div>
   <div class='ocr_carea' id='block_1_7' title="bbox 353 915 1920 992">
    <p class='ocr_par' dir='ltr' id='par_1_7' title="bbox 353 915 1920 992">
     <span class='ocr_line' id='line_1_7' title="bbox 353 915 1920 992; baseline 0.005 -26"><span class='ocrx_word' id='word_1_40' title='bbox 353 915 738 982; x_wconf 76' lang='grc' dir='ltr'>ῐῐαλαιολόγον,</span> <span class='ocrx_word' id='word_1_41' title='bbox 768 917 860 970; x_wconf 73' lang='grc' dir='ltr'>τὸν</span> <span class='ocrx_word' id='word_1_42' title='bbox 885 919 1007 972; x_wconf 83' lang='grc' dir='ltr'>τότε</span> <span class='ocrx_word' id='word_1_43' title='bbox 1028 921 1126 988; x_wconf 77' lang='grc' dir='ltr'>τὴν</span> <span class='ocrx_word' id='word_1_44' title='bbox 1154 921 1710 991; x_wconf 79' lang='grc' dir='ltr'>πρωτοστρατορικὴν</span> <span class='ocrx_word' id='word_1_45' title='bbox 1743 923 1920 992; x_wconf 79' lang='grc' dir='ltr'>ἀρχὴν</span> 
     </span>
    </p>
   </div>
   <div class='ocr_carea' id='block_1_8' title="bbox 345 1004 1921 1084">
    <p class='ocr_par' dir='ltr' id='par_1_8' title="bbox 345 1004 1921 1084">
     <span class='ocr_line' id='line_1_8' title="bbox 345 1004 1921 1084; baseline 0.005 -26"><span class='ocrx_word' id='word_1_46' title='bbox 345 1004 733 1076; x_wconf 77' lang='grc' dir='ltr'>διεζωσμένον,</span> <span class='ocrx_word' id='word_1_47' title='bbox 763 1007 821 1071; x_wconf 78' lang='lat'><strong>6;</strong></span> <span class='ocrx_word' id='word_1_48' title='bbox 853 1011 946 1062; x_wconf 76' lang='lat' dir='ltr'><strong>xui.</strong></span> <span class='ocrx_word' id='word_1_49' title='bbox 979 1011 1323 1080; x_wconf 81' lang='grc' dir='ltr'>στρατεύσας</span> <span class='ocrx_word' id='word_1_50' title='bbox 1350 1013 1492 1066; x_wconf 77' lang='grc' dir='ltr'>κατὰ</span> <span class='ocrx_word' id='word_1_51' title='bbox 1523 1013 1634 1066; x_wconf 84' lang='grc' dir='ltr'>τῶν</span> <span class='ocrx_word' id='word_1_52' title='bbox 1675 1015 1921 1084; x_wconf 83' lang='grc' dir='ltr'>Ἀγαρη-</span> 
     </span>
    </p>
   </div>
   <div class='ocr_carea' id='block_1_9' title="bbox 344 1098 1924 1175">
    <p class='ocr_par' dir='ltr' id='par_1_9' title="bbox 344 1098 1924 1175">
     <span class='ocr_line' id='line_1_9' title="bbox 344 1098 1924 1175; baseline 0.006 -25"><span class='ocrx_word' id='word_1_53' title='bbox 344 1098 456 1156; x_wconf 73' lang='grc' dir='ltr'>ντιν</span> <span class='ocrx_word' id='word_1_54' title='bbox 487 1101 578 1152; x_wconf 73' lang='grc' dir='ltr'>καὶ</span> <span class='ocrx_word' id='word_1_55' title='bbox 609 1102 904 1171; x_wconf 76' lang='grc' dir='ltr'>συμϐαλὼν</span> <span class='ocrx_word' id='word_1_56' title='bbox 932 1104 1116 1168; x_wconf 79' lang='grc' dir='ltr'>αὐτοῖς</span> <span class='ocrx_word' id='word_1_57' title='bbox 1137 1105 1218 1166; x_wconf 87' lang='grc' dir='ltr'><strong>είς</strong></span> <span class='ocrx_word' id='word_1_58' title='bbox 1247 1105 1402 1168; x_wconf 79' lang='grc' dir='ltr'>τέλος</span> <span class='ocrx_word' id='word_1_59' title='bbox 1423 1105 1642 1175; x_wconf 79' lang='grc' dir='ltr'>ἐνίκησε</span> <span class='ocrx_word' id='word_1_60' title='bbox 1678 1109 1772 1158; x_wconf 65' lang='grc' dir='ltr'><strong>καὶ⁵</strong></span> <span class='ocrx_word' id='word_1_61' title='bbox 1793 1107 1924 1159; x_wconf 84' lang='grc' dir='ltr'>πολ-</span> 
     </span>
    </p>
   </div>
   <div class='ocr_carea' id='block_1_10' title="bbox 345 1189 1920 1268">
    <p class='ocr_par' dir='ltr' id='par_1_10' title="bbox 345 1189 1920 1268">
     <span class='ocr_line' id='line_1_10' title="bbox 345 1189 1920 1268; baseline 0.008 -27"><span class='ocrx_word' id='word_1_62' title='bbox 345 1189 470 1252; x_wconf 69' lang='grc' dir='ltr'>λοὺς</span> <span class='ocrx_word' id='word_1_63' title='bbox 499 1191 810 1246; x_wconf 73' lang='grc' dir='ltr'><strong>ἐθανάτωσε</strong></span> <span class='ocrx_word' id='word_1_64' title='bbox 844 1197 939 1249; x_wconf 82' lang='grc' dir='ltr'><strong>καὶ</strong></span> <span class='ocrx_word' id='word_1_65' title='bbox 979 1196 1352 1268; x_wconf 83' lang='grc' dir='ltr'>ῂχμαλὼτισε.</span> <span class='ocrx_word' id='word_1_66' title='bbox 1399 1198 1510 1253; x_wconf 75' lang='grc' dir='ltr'>Καὶ</span> <span class='ocrx_word' id='word_1_67' title='bbox 1548 1200 1598 1252; x_wconf 88' lang='grc' dir='ltr'><strong>οί</strong></span> <span class='ocrx_word' id='word_1_68' title='bbox 1632 1201 1920 1254; x_wconf 74' lang='grc' dir='ltr'>ἐναπολει-</span> 
     </span>
    </p>
   </div>
   <div class='ocr_carea' id='block_1_11' title="bbox 346 1280 1919 1360">
    <p class='ocr_par' dir='ltr' id='par_1_11' title="bbox 346 1280 1919 1360">
     <span class='ocr_line' id='line_1_11' title="bbox 346 1280 1919 1360; baseline 0.01 -29"><span class='ocrx_word' id='word_1_69' title='bbox 346 1280 572 1346; x_wconf 67' lang='grc' dir='ltr'>φθέντες</span> <span class='ocrx_word' id='word_1_70' title='bbox 600 1283 658 1332; x_wconf 83' lang='grc' dir='ltr'>ὲν</span> <span class='ocrx_word' id='word_1_71' title='bbox 709 1285 906 1356; x_wconf 78' lang='grc' dir='ltr'>ἐκείνῳ</span> <span class='ocrx_word' id='word_1_72' title='bbox 950 1289 1029 1356; x_wconf 80' lang='grc' dir='ltr'>τῷ</span> <span class='ocrx_word' id='word_1_73' title='bbox 1057 1289 1235 1360; x_wconf 84' lang='grc' dir='ltr'>καιρῷ</span> <span class='ocrx_word' id='word_1_74' title='bbox 1271 1290 1445 1359; x_wconf 77' lang='grc' dir='ltr'><strong>ὀλίγοι</strong></span> <span class='ocrx_word' id='word_1_75' title='bbox 1498 1291 1702 1355; x_wconf 77' lang='grc' dir='ltr'>ζῶντες</span> <span class='ocrx_word' id='word_1_76' title='bbox 1731 1295 1919 1358; x_wconf 88' lang='grc' dir='ltr'>κακῶς</span> 
     </span>
    </p>
   </div>
   <div class='ocr_carea' id='block_1_12' title="bbox 345 1372 1560 1453">
    <p class='ocr_par' dir='ltr' id='par_1_12' title="bbox 345 1372 1560 1453">
     <span class='ocr_line' id='line_1_12' title="bbox 345 1372 1560 1453; baseline 0.014 -32"><span class='ocrx_word' id='word_1_77' title='bbox 345 1372 407 1422; x_wconf 75' lang='grc' dir='ltr'>ὲκ</span> <span class='ocrx_word' id='word_1_78' title='bbox 441 1374 537 1441; x_wconf 82' lang='grc' dir='ltr'><strong>τῆς</strong></span> <span class='ocrx_word' id='word_1_79' title='bbox 570 1376 918 1447; x_wconf 76' lang='grc' dir='ltr'>Χερρονήσου</span> <span class='ocrx_word' id='word_1_80' title='bbox 946 1378 1168 1451; x_wconf 82' lang='grc' dir='ltr'><strong>Θρᾴκης</strong></span> <span class='ocrx_word' id='word_1_81' title='bbox 1199 1383 1560 1453; x_wconf 84' lang='grc' dir='ltr'>ἐδιώχθησαν.</span> 
     </span>
    </p>
   </div>
   <div class='ocr_carea' id='block_1_13' title="bbox 430 1465 1914 1550">
    <p class='ocr_par' dir='ltr' id='par_1_13' title="bbox 430 1465 1914 1550">
     <span class='ocr_line' id='line_1_13' title="bbox 430 1465 1914 1550; baseline 0.013 -35"><span class='ocrx_word' id='word_1_82' title='bbox 430 1465 745 1531; x_wconf 82' lang='grc' dir='ltr'>’Λθανάσιος</span> <span class='ocrx_word' id='word_1_83' title='bbox 768 1470 824 1521; x_wconf 79' lang='grc' dir='ltr'>δὲ</span> <span class='ocrx_word' id='word_1_84' title='bbox 853 1473 880 1523; x_wconf 90' lang='lat'><strong>6</strong></span> <span class='ocrx_word' id='word_1_85' title='bbox 912 1475 1257 1545; x_wconf 76' lang='grc' dir='ltr'><strong>πατριάρχης</strong></span> <span class='ocrx_word' id='word_1_86' title='bbox 1291 1477 1384 1530; x_wconf 80' lang='grc' dir='ltr'>ἐπὶ</span> <span class='ocrx_word' id='word_1_87' title='bbox 1413 1477 1508 1548; x_wconf 76' lang='grc' dir='ltr'><strong>ἔτη</strong></span> <span class='ocrx_word' id='word_1_88' title='bbox 1543 1478 1786 1550; x_wconf 74' lang='grc' dir='ltr'>τέσσαρα</span> <span class='ocrx_word' id='word_1_89' title='bbox 1821 1481 1914 1534; x_wconf 90' lang='grc' dir='ltr'><strong>τδν</strong></span> 
     </span>
    </p>
   </div>
   <div class='ocr_carea' id='block_1_14' title="bbox 346 1555 1919 1640">
    <p class='ocr_par' dir='ltr' id='par_1_14' title="bbox 346 1555 1919 1640">
     <span class='ocr_line' id='line_1_14' title="bbox 346 1555 1919 1640; baseline 0.013 -33"><span class='ocrx_word' id='word_1_90' title='bbox 346 1555 535 1627; x_wconf 80' lang='grc' dir='ltr'>θρόνον</span> <span class='ocrx_word' id='word_1_91' title='bbox 559 1559 798 1625; x_wconf 84' lang='grc' dir='ltr'><strong>διοικῶν,</strong></span> <span class='ocrx_word' id='word_1_92' title='bbox 831 1557 950 1616; x_wconf 77' lang='grc' dir='ltr'>εἶτα</span> <span class='ocrx_word' id='word_1_93' title='bbox 983 1565 1277 1636; x_wconf 75' lang='grc' dir='ltr'><strong>ἐγγράφως</strong></span> <span class='ocrx_word' id='word_1_94' title='bbox 1317 1571 1822 1640; x_wconf 78' lang='grc' dir='ltr'>παραιτησάμενος,</span> <span class='ocrx_word' id='word_1_95' title='bbox 1860 1573 1919 1628; x_wconf 77' lang='grc' dir='ltr'><strong>ὲν</strong></span> 
     </span>
    </p>
   </div>
   <div class='ocr_carea' id='block_1_15' title="bbox 344 1647 1918 1734">
    <p class='ocr_par' dir='ltr' id='par_1_15' title="bbox 344 1647 1918 1734">
     <span class='ocr_line' id='line_1_15' title="bbox 344 1647 1918 1734; baseline 0.013 -37"><span class='ocrx_word' id='word_1_96' title='bbox 344 1647 422 1716; x_wconf 83' lang='grc' dir='ltr'>τῷ</span> <span class='ocrx_word' id='word_1_97' title='bbox 451 1651 770 1721; x_wconf 77' lang='grc' dir='ltr'>ἁσκητηρίῳ</span> <span class='ocrx_word' id='word_1_98' title='bbox 789 1653 866 1722; x_wconf 77' lang='grc' dir='ltr'>τῷ</span> <span class='ocrx_word' id='word_1_99' title='bbox 892 1655 986 1708; x_wconf 79' lang='grc' dir='ltr'><strong>ὑπ’</strong></span> <span class='ocrx_word' id='word_1_100' title='bbox 1009 1656 1176 1712; x_wconf 84' lang='grc' dir='ltr'>αὐτοῦ</span> <span class='ocrx_word' id='word_1_101' title='bbox 1204 1661 1478 1714; x_wconf 83' lang='grc' dir='ltr'>κτισθέντι</span> <span class='ocrx_word' id='word_1_102' title='bbox 1504 1661 1673 1716; x_wconf 79' lang='grc' dir='ltr'>ἐλθὼν</span> <span class='ocrx_word' id='word_1_103' title='bbox 1705 1662 1918 1734; x_wconf 74' lang='grc' dir='ltr'>ἡσύχα-</span> 
     </span>
    </p>
   </div>
   <div class='ocr_carea' id='block_1_16' title="bbox 346 1740 1916 1824">
    <p class='ocr_par' dir='ltr' id='par_1_16' title="bbox 346 1740 1916 1824">
     <span class='ocr_line' id='line_1_16' title="bbox 346 1740 1916 1824; baseline 0.013 -34"><span class='ocrx_word' id='word_1_104' title='bbox 346 1740 441 1802; x_wconf 79' lang='grc' dir='ltr'>ζεν</span> <span class='ocrx_word' id='word_1_105' title='bbox 475 1755 489 1769; x_wconf 81' lang='grc'><strong>⁸</strong></span> <span class='ocrx_word' id='word_1_106' title='bbox 550 1744 643 1794; x_wconf 81' lang='grc' dir='ltr'>καὶ</span> <span class='ocrx_word' id='word_1_107' title='bbox 697 1745 811 1797; x_wconf 73' lang='grc' dir='ltr'>ἀντ’</span> <span class='ocrx_word' id='word_1_108' title='bbox 863 1746 1030 1800; x_wconf 85' lang='grc' dir='ltr'>αὐτοῦ</span> <span class='ocrx_word' id='word_1_109' title='bbox 1069 1754 1457 1821; x_wconf 81' lang='grc' dir='ltr'>χειροτονεῖται</span> <span class='ocrx_word' id='word_1_110' title='bbox 1492 1753 1746 1824; x_wconf 79' lang='grc' dir='ltr'><strong>Ἰωάννης</strong></span> <span class='ocrx_word' id='word_1_111' title='bbox 1781 1757 1808 1809; x_wconf 97' lang='lat'><strong>6</strong></span> <span class='ocrx_word' id='word_1_112' title='bbox 1851 1757 1916 1809; x_wconf 81' lang='grc' dir='ltr'>ἑκ</span> 
     </span>
    </p>
   </div>
   <div class='ocr_carea' id='block_1_17' title="bbox 349 1833 384 1866">
    <p class='ocr_par' dir='ltr' id='par_1_17' title="bbox 349 1833 384 1866">
     <span class='ocr_line' id='line_1_17' title="bbox 349 1833 384 1866; baseline 0 -20"><span class='ocrx_word' id='word_1_113' title='bbox 349 1833 384 1866; x_wconf 61' lang='grc' dir='ltr'><strong><em>τ</em></strong></span> 
     </span>
    </p>
   </div>
   <div class='ocr_carea' id='block_1_18' title="bbox 347 1920 1918 2004">
    <p class='ocr_par' dir='ltr' id='par_1_18' title="bbox 347 1920 1918 2004">
     <span class='ocr_line' id='line_1_18' title="bbox 347 1920 1918 2004; baseline 0.013 -33"><span class='ocrx_word' id='word_1_114' title='bbox 347 1920 562 1990; x_wconf 75' lang='grc' dir='ltr'>θανάτῳ</span> <span class='ocrx_word' id='word_1_115' title='bbox 589 1925 688 1995; x_wconf 76' lang='grc' dir='ltr'>τὴν</span> <span class='ocrx_word' id='word_1_116' title='bbox 715 1929 948 1994; x_wconf 76' lang='grc' dir='ltr'>γυναῖκα</span> <span class='ocrx_word' id='word_1_117' title='bbox 984 1929 1275 1984; x_wconf 75' lang='grc' dir='ltr'>ἀποϐαλὼν</span> <span class='ocrx_word' id='word_1_118' title='bbox 1298 1933 1358 1986; x_wconf 74' lang='grc' dir='ltr'>τὸ</span> <span class='ocrx_word' id='word_1_119' title='bbox 1403 1934 1693 2004; x_wconf 76' lang='grc' dir='ltr'>μοναδικόν</span> <span class='ocrx_word' id='word_1_120' title='bbox 1749 1937 1918 1992; x_wconf 75' lang='grc' dir='ltr'>ὑπέδυ</span> 
     </span>
    </p>
   </div>
   <div class='ocr_carea' id='block_1_19' title="bbox 345 2008 1919 2094">
    <p class='ocr_par' dir='ltr' id='par_1_19' title="bbox 345 2008 1919 2094">
     <span class='ocr_line' id='line_1_19' title="bbox 345 2008 1919 2094; baseline 0.015 -37"><span class='ocrx_word' id='word_1_121' title='bbox 345 2008 654 2076; x_wconf 86' lang='grc' dir='ltr'>τριϐώνιον,</span> <span class='ocrx_word' id='word_1_122' title='bbox 675 2013 767 2091; x_wconf 61' lang='grc' dir='ltr'><strong>καλ</strong></span> <span class='ocrx_word' id='word_1_123' title='bbox 802 2016 827 2066; x_wconf 91' lang='lat'><strong>6</strong></span> <span class='ocrx_word' id='word_1_124' title='bbox 857 2016 1048 2086; x_wconf 73' lang='grc' dir='ltr'>χρόνος</span> <span class='ocrx_word' id='word_1_125' title='bbox 1077 2019 1171 2071; x_wconf 73' lang='grc' dir='ltr'><strong>καὶ</strong></span> <span class='ocrx_word' id='word_1_126' title='bbox 1203 2021 1236 2090; x_wconf 80' lang='grc' dir='ltr'><strong>η</strong></span> <span class='ocrx_word' id='word_1_127' title='bbox 1275 2021 1442 2092; x_wconf 81' lang='grc' dir='ltr'>ἀρετὴ</span> <span class='ocrx_word' id='word_1_128' title='bbox 1482 2025 1919 2094; x_wconf 84' lang='grc' dir='ltr'>προϐιϐάσαντες</span> 
     </span>
    </p>
   </div>
   <div class='ocr_carea' id='block_1_20' title="bbox 345 2101 1920 2188">
    <p class='ocr_par' dir='ltr' id='par_1_20' title="bbox 345 2101 1920 2188">
     <span class='ocr_line' id='line_1_20' title="bbox 345 2101 1920 2188; baseline 0.015 -38"><span class='ocrx_word' id='word_1_129' title='bbox 345 2101 529 2163; x_wconf 71' lang='grc' dir='ltr'>αὑτὸν,</span> <span class='ocrx_word' id='word_1_130' title='bbox 557 2106 900 2177; x_wconf 70' lang='grc' dir='ltr'>πατριάρχης</span> <span class='ocrx_word' id='word_1_131' title='bbox 938 2109 1560 2178; x_wconf 85' lang='grc' dir='ltr'>Κωνσταντινουπόλεως</span> <span class='ocrx_word' id='word_1_132' title='bbox 1616 2119 1920 2188; x_wconf 75' lang='grc' dir='ltr'>ἐχρημάτι-</span> 
     </span>
    </p>
   </div>
   <div class='ocr_carea' id='block_1_21' title="bbox 347 2195 1920 2278">
    <p class='ocr_par' dir='ltr' id='par_1_21' title="bbox 347 2195 1920 2278">
     <span class='ocr_line' id='line_1_21' title="bbox 347 2195 1920 2278; baseline 0.014 -35"><span class='ocrx_word' id='word_1_133' title='bbox 347 2208 428 2244; x_wconf 87' lang='grc' dir='ltr'><strong>σε.</strong></span> <span class='ocrx_word' id='word_1_134' title='bbox 499 2195 688 2265; x_wconf 82' lang='grc' dir='ltr'>Καιρῷ</span> <span class='ocrx_word' id='word_1_135' title='bbox 745 2197 803 2250; x_wconf 69' lang='grc' dir='ltr'>δέ</span> <span class='ocrx_word' id='word_1_136' title='bbox 854 2216 960 2253; x_wconf 89' lang='grc' dir='ltr'>τινι</span> <span class='ocrx_word' id='word_1_137' title='bbox 1023 2200 1117 2256; x_wconf 82' lang='grc' dir='ltr'>τὸν</span> <span class='ocrx_word' id='word_1_138' title='bbox 1161 2203 1350 2274; x_wconf 88' lang='grc' dir='ltr'>θρόνον</span> <span class='ocrx_word' id='word_1_139' title='bbox 1395 2206 1742 2278; x_wconf 78' lang='grc' dir='ltr'>διαπρέψας,</span> <span class='ocrx_word' id='word_1_140' title='bbox 1797 2206 1920 2266; x_wconf 72' lang='grc' dir='ltr'>εἶτα</span> 
     </span>
    </p>
   </div>
   <div class='ocr_carea' id='block_1_22' title="bbox 344 2289 1920 2362">
    <p class='ocr_par' dir='ltr' id='par_1_22' title="bbox 344 2289 1920 2362">
     <span class='ocr_line' id='line_1_22' title="bbox 344 2289 1920 2362; baseline 0.015 -28"><span class='ocrx_word' id='word_1_141' title='bbox 344 2289 862 2357; x_wconf 77' lang='grc' dir='ltr'>παραιτησάμενος,</span> <span class='ocrx_word' id='word_1_142' title='bbox 919 2292 1014 2346; x_wconf 80' lang='grc' dir='ltr'><strong>καὶ</strong></span> <span class='ocrx_word' id='word_1_143' title='bbox 1075 2295 1241 2349; x_wconf 89' lang='grc' dir='ltr'>πάλιν</span> <span class='ocrx_word' id='word_1_144' title='bbox 1312 2297 1639 2362; x_wconf 80' lang='grc' dir='ltr'>’Δθανάσιος</span> <span class='ocrx_word' id='word_1_145' title='bbox 1682 2304 1746 2354; x_wconf 78' lang='grc' dir='ltr'>ἐκ</span> <span class='ocrx_word' id='word_1_146' title='bbox 1794 2303 1920 2356; x_wconf 87' lang='grc' dir='ltr'>δευ-</span> 
     </span>
    </p>
   </div>
   <div class='ocr_carea' id='block_1_23' title="bbox 343 2378 1920 2458">
    <p class='ocr_par' dir='ltr' id='par_1_23' title="bbox 343 2378 1920 2458">
     <span class='ocr_line' id='line_1_23' title="bbox 343 2378 1920 2458; baseline 0.015 -31"><span class='ocrx_word' id='word_1_147' title='bbox 343 2378 505 2446; x_wconf 83' lang='grc' dir='ltr'>τέρου</span> <span class='ocrx_word' id='word_1_148' title='bbox 555 2381 649 2431; x_wconf 73' lang='grc' dir='ltr'>τὸν</span> <span class='ocrx_word' id='word_1_149' title='bbox 691 2381 888 2451; x_wconf 83' lang='grc' dir='ltr'>θρόνον</span> <span class='ocrx_word' id='word_1_150' title='bbox 949 2384 1133 2439; x_wconf 75' lang='grc' dir='ltr'>ἔλαϐε.</span> <span class='ocrx_word' id='word_1_151' title='bbox 1192 2390 1492 2458; x_wconf 78' lang='grc' dir='ltr'>Κρατήσας</span> <span class='ocrx_word' id='word_1_152' title='bbox 1537 2393 1667 2455; x_wconf 81' lang='grc' dir='ltr'>τοὺς</span> <span class='ocrx_word' id='word_1_153' title='bbox 1725 2395 1920 2458; x_wconf 71' lang='grc' dir='ltr'>οἴακας</span> 
     </span>
    </p>
   </div>
   <div class='ocr_carea' id='block_1_24' title="bbox 342 2469 1920 2546">
    <p class='ocr_par' dir='ltr' id='par_1_24' title="bbox 342 2469 1920 2546">
     <span class='ocr_line' id='line_1_24' title="bbox 342 2469 1920 2546; baseline 0.014 -28"><span class='ocrx_word' id='word_1_154' title='bbox 342 2469 442 2537; x_wconf 80' lang='grc' dir='ltr'><strong>τῆς</strong></span> <span class='ocrx_word' id='word_1_155' title='bbox 482 2469 807 2542; x_wconf 73' lang='grc' dir='ltr'>Ἐκκλησίας</span> <span class='ocrx_word' id='word_1_156' title='bbox 845 2475 937 2546; x_wconf 79' lang='grc' dir='ltr'><strong>ἔτη</strong></span> <span class='ocrx_word' id='word_1_157' title='bbox 984 2476 1127 2532; x_wconf 84' lang='grc' dir='ltr'>ὀκτὼ</span> <span class='ocrx_word' id='word_1_158' title='bbox 1156 2520 1171 2546; x_wconf 93' lang='grc'><strong>,</strong></span> <span class='ocrx_word' id='word_1_159' title='bbox 1243 2476 1364 2535; x_wconf 79' lang='grc' dir='ltr'>εἶτα</span> <span class='ocrx_word' id='word_1_160' title='bbox 1417 2483 1580 2536; x_wconf 85' lang='grc' dir='ltr'>πάλιν</span> <span class='ocrx_word' id='word_1_161' title='bbox 1645 2486 1920 2542; x_wconf 76' lang='grc' dir='ltr'>σκάνδαλα</span> 
     </span>
    </p>
   </div>
   <div class='ocr_carea' id='block_1_25' title="bbox 342 2562 1918 2642">
    <p class='ocr_par' dir='ltr' id='par_1_25' title="bbox 342 2562 1918 2642">
     <span class='ocr_line' id='line_1_25' title="bbox 342 2562 1918 2642; baseline 0.015 -33"><span class='ocrx_word' id='word_1_162' title='bbox 342 2576 465 2611; x_wconf 82' lang='grc' dir='ltr'>τινα</span> <span class='ocrx_word' id='word_1_163' title='bbox 517 2562 852 2634; x_wconf 75' lang='grc' dir='ltr'>ἀνεφύησαν,</span> <span class='ocrx_word' id='word_1_164' title='bbox 899 2568 994 2620; x_wconf 82' lang='grc' dir='ltr'><strong>καὶ</strong></span> <span class='ocrx_word' id='word_1_165' title='bbox 1055 2563 1209 2634; x_wconf 72' lang='grc' dir='ltr'>οὗτος</span> <span class='ocrx_word' id='word_1_166' title='bbox 1253 2570 1351 2642; x_wconf 79' lang='grc' dir='ltr'>τὴν</span> <span class='ocrx_word' id='word_1_167' title='bbox 1403 2574 1640 2641; x_wconf 76' lang='grc' dir='ltr'>ἡσυχίαν</span> <span class='ocrx_word' id='word_1_168' title='bbox 1683 2577 1918 2631; x_wconf 81' lang='grc' dir='ltr'>πάντοτε</span> 
     </span>
    </p>
   </div>
   <div class='ocr_carea' id='block_1_26' title="bbox 342 2647 1916 2740">
    <p class='ocr_par' dir='ltr' id='par_1_26' title="bbox 342 2647 1916 2740">
     <span class='ocr_line' id='line_1_26' title="bbox 342 2647 1916 2740; baseline 0.013 -38"><span class='ocrx_word' id='word_1_169' title='bbox 342 2647 412 2720; x_wconf 76' lang='grc' dir='ltr'>ἧν</span> <span class='ocrx_word' id='word_1_170' title='bbox 469 2655 866 2725; x_wconf 78' lang='grc' dir='ltr'>ἀσπαζόμενος.</span> <span class='ocrx_word' id='word_1_171' title='bbox 923 2659 1090 2724; x_wconf 78' lang='grc' dir='ltr'>Αὖθις</span> <span class='ocrx_word' id='word_1_172' title='bbox 1149 2663 1238 2716; x_wconf 81' lang='grc' dir='ltr'>τὸν</span> <span class='ocrx_word' id='word_1_173' title='bbox 1292 2664 1482 2733; x_wconf 79' lang='grc' dir='ltr'>θρόνον</span> <span class='ocrx_word' id='word_1_174' title='bbox 1515 2670 1916 2740; x_wconf 58' lang='grc' dir='ltr'>παρῃτήσατο,</span> 
     </span>
    </p>
   </div>
   <div class='ocr_carea' id='block_1_27' title="bbox 343 2746 1916 2830">
    <p class='ocr_par' dir='ltr' id='par_1_27' title="bbox 343 2746 1916 2830">
     <span class='ocr_line' id='line_1_27' title="bbox 343 2746 1916 2830; baseline 0.015 -37"><span class='ocrx_word' id='word_1_175' title='bbox 343 2746 439 2795; x_wconf 71' lang='grc' dir='ltr'><strong>καὶ</strong></span> <span class='ocrx_word' id='word_1_176' title='bbox 481 2746 593 2797; x_wconf 80' lang='grc' dir='ltr'>ἀντ’</span> <span class='ocrx_word' id='word_1_177' title='bbox 616 2748 783 2802; x_wconf 76' lang='grc' dir='ltr'>αὑτοῦ</span> <span class='ocrx_word' id='word_1_178' title='bbox 814 2749 1202 2820; x_wconf 79' lang='grc' dir='ltr'>χειροτονεῖται</span> <span class='ocrx_word' id='word_1_179' title='bbox 1233 2755 1440 2826; x_wconf 80' lang='grc' dir='ltr'>Νήφων</span> <span class='ocrx_word' id='word_1_180' title='bbox 1465 2759 1494 2811; x_wconf 93' lang='lat'><strong>6</strong></span> <span class='ocrx_word' id='word_1_181' title='bbox 1539 2759 1640 2830; x_wconf 84' lang='grc' dir='ltr'>τῆς</span> <span class='ocrx_word' id='word_1_182' title='bbox 1671 2760 1916 2826; x_wconf 73' lang='grc' dir='ltr'>Κυζίκου</span> 
     </span>
    </p>
   </div>
   <div class='ocr_carea' id='block_1_28' title="bbox 344 2837 1920 2919">
    <p class='ocr_par' dir='ltr' id='par_1_28' title="bbox 344 2837 1920 2919">
     <span class='ocr_line' id='line_1_28' title="bbox 344 2837 1920 2919; baseline 0.014 -33"><span class='ocrx_word' id='word_1_183' title='bbox 344 2837 625 2906; x_wconf 70' lang='grc' dir='ltr'>πρόεδρος.</span> <span class='ocrx_word' id='word_1_184' title='bbox 665 2841 761 2902; x_wconf 83' lang='lat'><strong>&#39;0;</strong></span> <span class='ocrx_word' id='word_1_185' title='bbox 799 2845 992 2914; x_wconf 73' lang='grc' dir='ltr'>καιρὸν</span> <span class='ocrx_word' id='word_1_186' title='bbox 1013 2845 1192 2913; x_wconf 79' lang='grc' dir='ltr'>ὀλίγον</span> <span class='ocrx_word' id='word_1_187' title='bbox 1214 2847 1518 2919; x_wconf 74' lang='grc' dir='ltr'>διαπρέψας</span> <span class='ocrx_word' id='word_1_188' title='bbox 1541 2845 1660 2906; x_wconf 79' lang='grc' dir='ltr'>εἶτα</span> <span class='ocrx_word' id='word_1_189' title='bbox 1691 2855 1920 2907; x_wconf 83' lang='grc' dir='ltr'>καταϐι-</span> 
     </span>
    </p>
   </div>
   <div class='ocr_carea' id='block_1_29' title="bbox 343 2928 1921 3017">
    <p class='ocr_par' dir='ltr' id='par_1_29' title="bbox 343 2928 1921 3017">
     <span class='ocr_line' id='line_1_29' title="bbox 343 2928 1921 3017; baseline 0.013 -37"><span class='ocrx_word' id='word_1_190' title='bbox 343 2928 717 2996; x_wconf 63' lang='grc' dir='ltr'>ϐάζεταιρκαὶ</span> <span class='ocrx_word' id='word_1_191' title='bbox 753 2937 1012 3004; x_wconf 83' lang='grc' dir='ltr'>ἀνάγεται</span> <span class='ocrx_word' id='word_1_192' title='bbox 1031 2938 1144 2992; x_wconf 74' lang='grc' dir='ltr'>ἀντ’</span> <span class='ocrx_word' id='word_1_193' title='bbox 1171 2940 1338 2994; x_wconf 86' lang='grc' dir='ltr'>αὐτοῦ</span> <span class='ocrx_word' id='word_1_194' title='bbox 1371 2941 1454 3006; x_wconf 88' lang='grc' dir='ltr'><strong>είς</strong></span> <span class='ocrx_word' id='word_1_195' title='bbox 1495 2941 1595 3013; x_wconf 80' lang='grc' dir='ltr'>τὴν</span> <span class='ocrx_word' id='word_1_196' title='bbox 1651 2962 1921 3017; x_wconf 72' lang='grc' dir='ltr'>πατριαρσ</span> 
     </span>
    </p>
   </div>
   <div class='ocr_carea' id='block_1_30' title="bbox 342 3021 1920 3110">
    <p class='ocr_par' dir='ltr' id='par_1_30' title="bbox 342 3021 1920 3110">
     <span class='ocr_line' id='line_1_30' title="bbox 342 3021 1920 3110; baseline 0.014 -39"><span class='ocrx_word' id='word_1_197' title='bbox 342 3021 503 3092; x_wconf 72' lang='grc' dir='ltr'>χικὴν</span> <span class='ocrx_word' id='word_1_198' title='bbox 541 3025 826 3096; x_wconf 68' lang='grc' dir='ltr'>περιωπήν</span> <span class='ocrx_word' id='word_1_199' title='bbox 871 3028 1126 3094; x_wconf 78' lang='grc' dir='ltr'>Ἰωάννης</span> <span class='ocrx_word' id='word_1_200' title='bbox 1163 3033 1191 3084; x_wconf 85' lang='lat'><strong>6</strong></span> <span class='ocrx_word' id='word_1_201' title='bbox 1220 3031 1452 3100; x_wconf 79' lang='grc' dir='ltr'>Γλυκὺς,</span> <span class='ocrx_word' id='word_1_202' title='bbox 1491 3034 1598 3105; x_wconf 73' lang='grc'><strong>32</strong></span> <span class='ocrx_word' id='word_1_203' title='bbox 1627 3035 1920 3110; x_wconf 80' lang='grc' dir='ltr'>λογοθέτης</span> 
     </span>
    </p>
   </div>
   <div class='ocr_carea' id='block_1_31' title="bbox 341 3113 1914 3198">
    <p class='ocr_par' dir='ltr' id='par_1_31' title="bbox 341 3113 1914 3198">
     <span class='ocr_line' id='line_1_31' title="bbox 341 3113 1914 3198; baseline 0.013 -34"><span class='ocrx_word' id='word_1_204' title='bbox 341 3113 420 3165; x_wconf 81' lang='grc' dir='ltr'>ὢν</span> <span class='ocrx_word' id='word_1_205' title='bbox 445 3114 536 3167; x_wconf 90' lang='grc' dir='ltr'><strong>τοῦ</strong></span> <span class='ocrx_word' id='word_1_206' title='bbox 563 3116 786 3186; x_wconf 84' lang='grc' dir='ltr'>δρόμου,</span> <span class='ocrx_word' id='word_1_207' title='bbox 820 3120 956 3190; x_wconf 77' lang='grc' dir='ltr'>ἔχων</span> <span class='ocrx_word' id='word_1_208' title='bbox 981 3123 1072 3174; x_wconf 74' lang='grc' dir='ltr'>καὶ</span> <span class='ocrx_word' id='word_1_209' title='bbox 1092 3123 1252 3187; x_wconf 82' lang='grc' dir='ltr'>αὐτὸς</span> <span class='ocrx_word' id='word_1_210' title='bbox 1274 3124 1438 3180; x_wconf 81' lang='grc' dir='ltr'>τέκνα</span> <span class='ocrx_word' id='word_1_211' title='bbox 1462 3143 1522 3180; x_wconf 90' lang='grc' dir='ltr'><strong>τε</strong></span> <span class='ocrx_word' id='word_1_212' title='bbox 1545 3129 1638 3181; x_wconf 77' lang='grc' dir='ltr'>καὶ</span> <span class='ocrx_word' id='word_1_213' title='bbox 1661 3133 1914 3198; x_wconf 79' lang='grc' dir='ltr'>γυναῖκα.</span> 
     </span>
    </p>
   </div>
   <div class='ocr_carea' id='block_1_32' title="bbox 1408 342 2555 405">
    <p class='ocr_par' dir='ltr' id='par_1_32' title="bbox 1408 342 2555 405">
     <span class='ocr_line' id='line_1_32' title="bbox 1408 342 2555 405; baseline 0.002 -2"><span class='ocrx_word' id='word_1_214' title='bbox 1408 342 1846 405; x_wconf 76' lang='lat' dir='ltr'><strong>CIIRONICON</strong></span> <span class='ocrx_word' id='word_1_215' title='bbox 1888 342 2166 404; x_wconf 83' lang='lat' dir='ltr'><strong>MAJUS.</strong></span> <span class='ocrx_word' id='word_1_216' title='bbox 2201 365 2269 380; x_wconf 87' lang='grc'><strong>-</strong></span> <span class='ocrx_word' id='word_1_217' title='bbox 2313 343 2466 403; x_wconf 88' lang='lat' dir='ltr'><strong>LIB.</strong></span> <span class='ocrx_word' id='word_1_218' title='bbox 2512 347 2555 405; x_wconf 83' lang='grc'>1.</span> 
     </span>
    </p>
   </div>
   <div class='ocr_carea' id='block_1_33' title="bbox 349 1833 1992 1916">
    <p class='ocr_par' dir='ltr' id='par_1_33' title="bbox 349 1833 1992 1916">
     <span class='ocr_line' id='line_1_33' title="bbox 349 1833 1992 1916; baseline 0.013 -34"><span class='ocrx_word' id='word_1_219' title='bbox 349 1833 727 1898; x_wconf 78' lang='grc' dir='ltr'>Σωζοπόλεως,</span> <span class='ocrx_word' id='word_1_220' title='bbox 761 1839 910 1901; x_wconf 80' lang='grc' dir='ltr'>ὅστις</span> <span class='ocrx_word' id='word_1_221' title='bbox 941 1843 1174 1906; x_wconf 79' lang='grc' dir='ltr'>γυναῖκα</span> <span class='ocrx_word' id='word_1_222' title='bbox 1211 1843 1304 1896; x_wconf 73' lang='grc' dir='ltr'><strong>καὶ</strong></span> <span class='ocrx_word' id='word_1_223' title='bbox 1333 1846 1496 1898; x_wconf 81' lang='grc' dir='ltr'>τέκνα</span> <span class='ocrx_word' id='word_1_224' title='bbox 1523 1846 1682 1916; x_wconf 78' lang='grc' dir='ltr'>ἔχων,</span> <span class='ocrx_word' id='word_1_225' title='bbox 1729 1847 1918 1903; x_wconf 77' lang='grc' dir='ltr'>ἔπειτα</span> <span class='ocrx_word' id='word_1_226' title='bbox 1950 1857 1992 1912; x_wconf 82' lang='grc' dir='ltr'><strong>Β</strong></span> 
     </span>
    </p>
   </div>
   <div class='ocr_carea' id='block_1_34' title="bbox 3504 335 3611 398">
    <p class='ocr_par' dir='ltr' id='par_1_34' title="bbox 3504 335 3611 398">
     <span class='ocr_line' id='line_1_34' title="bbox 3504 335 3611 398; baseline 0.019 -3"><span class='ocrx_word' id='word_1_227' title='bbox 3504 335 3611 398; x_wconf 65' lang='lat'><strong>61??</strong></span> 
     </span>
    </p>
   </div>
   <div class='ocr_carea' id='block_1_35' title="bbox 2027 430 3608 538">
    <p class='ocr_par' dir='ltr' id='par_1_35' title="bbox 2027 430 3608 538">
     <span class='ocr_line' id='line_1_35' title="bbox 2027 430 3608 538; baseline 0.001 -32"><span class='ocrx_word' id='word_1_228' title='bbox 2027 458 2185 520; x_wconf 79' lang='grc' dir='ltr'>λείως</span> <span class='ocrx_word' id='word_1_229' title='bbox 2211 457 2542 526; x_wconf 70' lang='grc' dir='ltr'>ἐκπληροῦν,</span> <span class='ocrx_word' id='word_1_230' title='bbox 2585 457 2677 510; x_wconf 66' lang='grc' dir='ltr'><strong>καὶ</strong></span> <span class='ocrx_word' id='word_1_231' title='bbox 2706 457 2794 510; x_wconf 73' lang='grc' dir='ltr'>διὰ</span> <span class='ocrx_word' id='word_1_232' title='bbox 2826 455 2986 510; x_wconf 85' lang='grc' dir='ltr'>τοῦτο</span> <span class='ocrx_word' id='word_1_233' title='bbox 3010 456 3100 508; x_wconf 63' lang='grc' dir='ltr'>τὸν</span> <span class='ocrx_word' id='word_1_234' title='bbox 3125 430 3316 538; x_wconf 84' lang='grc' dir='ltr'>θρόνον</span> <span class='ocrx_word' id='word_1_235' title='bbox 3357 455 3608 523; x_wconf 78' lang='grc' dir='ltr'>παρῃτήο</span> 
     </span>
    </p>
   </div>
   <div class='ocr_carea' id='block_1_36' title="bbox 2032 547 3608 620">
    <p class='ocr_par' dir='ltr' id='par_1_36' title="bbox 2032 547 3608 620">
     <span class='ocr_line' id='line_1_36' title="bbox 2032 547 3608 620; baseline -0.002 -19"><span class='ocrx_word' id='word_1_236' title='bbox 2032 565 2184 605; x_wconf 85' lang='grc' dir='ltr'>σατο.</span> <span class='ocrx_word' id='word_1_237' title='bbox 2212 549 2322 603; x_wconf 81' lang='grc' dir='ltr'><strong>Καὶ</strong></span> <span class='ocrx_word' id='word_1_238' title='bbox 2347 553 2735 620; x_wconf 78' lang='grc' dir='ltr'>χειροτονεῖται</span> <span class='ocrx_word' id='word_1_239' title='bbox 2769 551 2885 604; x_wconf 84' lang='grc' dir='ltr'>ἀντ’</span> <span class='ocrx_word' id='word_1_240' title='bbox 2908 550 3074 604; x_wconf 85' lang='grc' dir='ltr'>αὑτοῦ</span> <span class='ocrx_word' id='word_1_241' title='bbox 3111 549 3343 620; x_wconf 82' lang='grc' dir='ltr'>μοναχός</span> <span class='ocrx_word' id='word_1_242' title='bbox 3399 564 3482 609; x_wconf 90' lang='grc' dir='ltr'><strong>τις</strong></span> <span class='ocrx_word' id='word_1_243' title='bbox 3540 547 3608 599; x_wconf 71' lang='grc' dir='ltr'>ἑκ</span> 
     </span>
    </p>
   </div>
   <div class='ocr_carea' id='block_1_37' title="bbox 2027 639 3608 710">
    <p class='ocr_par' dir='ltr' id='par_1_37' title="bbox 2027 639 3608 710">
     <span class='ocr_line' id='line_1_37' title="bbox 2027 639 3608 710; baseline -0.002 -18"><span class='ocrx_word' id='word_1_244' title='bbox 2027 640 2126 707; x_wconf 78' lang='grc' dir='ltr'>τῆς</span> <span class='ocrx_word' id='word_1_245' title='bbox 2157 640 2325 710; x_wconf 77' lang='grc' dir='ltr'>μονῆς</span> <span class='ocrx_word' id='word_1_246' title='bbox 2362 639 2470 692; x_wconf 87' lang='grc' dir='ltr'>τῶν</span> <span class='ocrx_word' id='word_1_247' title='bbox 2505 641 2816 708; x_wconf 72' lang='grc' dir='ltr'>Μαγγὲινων</span> <span class='ocrx_word' id='word_1_248' title='bbox 2840 639 3078 708; x_wconf 86' lang='grc' dir='ltr'>τοῦνομα</span> <span class='ocrx_word' id='word_1_249' title='bbox 3120 639 3450 709; x_wconf 84' lang='grc' dir='ltr'>Γεράσιμος,</span> <span class='ocrx_word' id='word_1_250' title='bbox 3505 653 3608 691; x_wconf 82' lang='grc' dir='ltr'>πο·</span> 
     </span>
    </p>
   </div>
   <div class='ocr_carea' id='block_1_38' title="bbox 1989 734 3607 808">
    <p class='ocr_par' dir='ltr' id='par_1_38' title="bbox 1989 734 3607 808">
     <span class='ocr_line' id='line_1_38' title="bbox 1989 734 3607 808; baseline 0.001 -19"><span class='ocrx_word' id='word_1_251' title='bbox 1989 781 1997 789; x_wconf 91' lang='grc'><strong>.</strong></span> <span class='ocrx_word' id='word_1_252' title='bbox 2024 734 2136 797; x_wconf 80' lang='grc' dir='ltr'>λιὸς</span> <span class='ocrx_word' id='word_1_253' title='bbox 2179 735 2278 804; x_wconf 67' lang='grc' dir='ltr'>μὲν</span> <span class='ocrx_word' id='word_1_254' title='bbox 2312 737 2408 804; x_wconf 78' lang='grc' dir='ltr'>τὴν</span> <span class='ocrx_word' id='word_1_255' title='bbox 2435 736 2621 808; x_wconf 80' lang='grc' dir='ltr'>τρίχα,</span> <span class='ocrx_word' id='word_1_256' title='bbox 2651 737 2936 805; x_wconf 73' lang='grc' dir='ltr'>ἀνωφελὴς</span> <span class='ocrx_word' id='word_1_257' title='bbox 2957 737 3015 792; x_wconf 77' lang='grc' dir='ltr'>δὶ</span> <span class='ocrx_word' id='word_1_258' title='bbox 3067 735 3161 789; x_wconf 75' lang='grc' dir='ltr'>τὸν</span> <span class='ocrx_word' id='word_1_259' title='bbox 3198 735 3402 804; x_wconf 85' lang='grc' dir='ltr'>τρόπον</span> <span class='ocrx_word' id='word_1_260' title='bbox 3434 750 3451 767; x_wconf 74' lang='grc' dir='ltr'><strong><em>ο</em></strong></span> <span class='ocrx_word' id='word_1_261' title='bbox 3511 736 3607 790; x_wconf 77' lang='grc' dir='ltr'><strong>καὶ</strong></span> 
     </span>
    </p>
   </div>
   <div class='ocr_carea' id='block_1_39' title="bbox 2025 826 3667 898">
    <p class='ocr_par' dir='ltr' id='par_1_39' title="bbox 2025 826 3667 898">
     <span class='ocr_line' id='line_1_39' title="bbox 2025 826 3667 898; baseline 0.004 -23"><span class='ocrx_word' id='word_1_262' title='bbox 2025 826 2476 896; x_wconf 76' lang='grc' dir='ltr'><strong>⁴ιτιιτριαρχεύσας</strong></span> <span class='ocrx_word' id='word_1_263' title='bbox 2494 827 2697 893; x_wconf 78' lang='grc' dir='ltr'>ὀλίγον,</span> <span class='ocrx_word' id='word_1_264' title='bbox 2735 828 2879 882; x_wconf 78' lang='grc' dir='ltr'>ἑκὼν</span> <span class='ocrx_word' id='word_1_265' title='bbox 2905 827 3001 882; x_wconf 75' lang='grc' dir='ltr'><strong>καὶ</strong></span> <span class='ocrx_word' id='word_1_266' title='bbox 3026 828 3174 883; x_wconf 87' lang='grc' dir='ltr'>ἀκων</span> <span class='ocrx_word' id='word_1_267' title='bbox 3219 828 3315 881; x_wconf 77' lang='grc' dir='ltr'><strong>καὶ</strong></span> <span class='ocrx_word' id='word_1_268' title='bbox 3366 827 3441 896; x_wconf 80' lang='grc' dir='ltr'>μὴ</span> <span class='ocrx_word' id='word_1_269' title='bbox 3472 828 3575 898; x_wconf 64' lang='grc' dir='ltr'>ἀρέ</span> <span class='ocrx_word' id='word_1_270' title='bbox 3659 869 3667 894; x_wconf 53' lang='grc' dir='ltr'>ε</span> 
     </span>
    </p>
   </div>
   <div class='ocr_carea' id='block_1_40' title="bbox 2024 903 3670 1004">
    <p class='ocr_par' dir='ltr' id='par_1_40' title="bbox 2024 903 3670 1004">
     <span class='ocr_line' id='line_1_40' title="bbox 2024 903 3670 1004; baseline 0.002 -36"><span class='ocrx_word' id='word_1_271' title='bbox 2024 903 2208 970; x_wconf 74' lang='grc' dir='ltr'>σκοντι</span> <span class='ocrx_word' id='word_1_272' title='bbox 2261 916 2410 986; x_wconf 83' lang='grc' dir='ltr'>αὐτῷ</span> <span class='ocrx_word' id='word_1_273' title='bbox 2459 918 2552 971; x_wconf 71' lang='grc' dir='ltr'>τὸν</span> <span class='ocrx_word' id='word_1_274' title='bbox 2582 919 2771 988; x_wconf 83' lang='grc' dir='ltr'>θρόνον</span> <span class='ocrx_word' id='word_1_275' title='bbox 2802 920 3041 990; x_wconf 83' lang='grc' dir='ltr'>άφήσας,</span> <span class='ocrx_word' id='word_1_276' title='bbox 3077 919 3189 974; x_wconf 79' lang='grc' dir='ltr'>ἀντ’</span> <span class='ocrx_word' id='word_1_277' title='bbox 3235 918 3398 972; x_wconf 72' lang='grc' dir='ltr'>αὐτοῦ</span> <span class='ocrx_word' id='word_1_278' title='bbox 3427 935 3608 988; x_wconf 78' lang='grc' dir='ltr'>χειρο-</span> 
     </span>
    </p>
   </div>
   <div class='ocr_carea' id='block_1_41' title="bbox 2023 996 3672 1080">
    <p class='ocr_par' dir='ltr' id='par_1_41' title="bbox 2023 996 3672 1080">
     <span class='ocr_line' id='line_1_41' title="bbox 2023 996 3672 1080; baseline 0 -20"><span class='ocrx_word' id='word_1_279' title='bbox 2023 1008 2254 1061; x_wconf 77' lang='grc' dir='ltr'>τονεῖται</span> <span class='ocrx_word' id='word_1_280' title='bbox 2322 1007 2550 1071; x_wconf 78' lang='grc' dir='ltr'>Ἡσαΐας</span> <span class='ocrx_word' id='word_1_281' title='bbox 2603 1009 2741 1080; x_wconf 85' lang='grc' dir='ltr'>ἀνὴρ</span> <span class='ocrx_word' id='word_1_282' title='bbox 2813 1009 3045 1079; x_wconf 80' lang='grc' dir='ltr'>γηραιὸς</span> <span class='ocrx_word' id='word_1_283' title='bbox 3125 1010 3220 1064; x_wconf 68' lang='grc' dir='ltr'>καὶ</span> <span class='ocrx_word' id='word_1_284' title='bbox 3302 1009 3480 1078; x_wconf 71' lang='grc' dir='ltr'>τίμιος</span> <span class='ocrx_word' id='word_1_285' title='bbox 3541 996 3672 1062; x_wconf 34' lang='grc' dir='ltr'><strong>ικ’”</strong></span> 
     </span>
    </p>
   </div>
   <div class='ocr_carea' id='block_1_42' title="bbox 2022 1097 3610 1174">
    <p class='ocr_par' dir='ltr' id='par_1_42' title="bbox 2022 1097 3610 1174">
     <span class='ocr_line' id='line_1_42' title="bbox 2022 1097 3610 1174; baseline 0.003 -24"><span class='ocrx_word' id='word_1_286' title='bbox 2022 1097 2117 1150; x_wconf 87' lang='grc' dir='ltr'><strong>τοῦ</strong></span> <span class='ocrx_word' id='word_1_287' title='bbox 2172 1099 2336 1170; x_wconf 85' lang='grc' dir='ltr'>ὀρους</span> <span class='ocrx_word' id='word_1_288' title='bbox 2372 1101 2466 1154; x_wconf 88' lang='grc' dir='ltr'><strong>τοῦ</strong></span> <span class='ocrx_word' id='word_1_289' title='bbox 2525 1099 2785 1165; x_wconf 79' lang='grc' dir='ltr'>Ἀθωνος,</span> <span class='ocrx_word' id='word_1_290' title='bbox 2833 1101 2975 1155; x_wconf 86' lang='grc' dir='ltr'><strong>κατά</strong></span> <span class='ocrx_word' id='word_1_291' title='bbox 3023 1102 3325 1174; x_wconf 84' lang='grc' dir='ltr'>συγκυρίαν</span> <span class='ocrx_word' id='word_1_292' title='bbox 3355 1102 3415 1155; x_wconf 71' lang='grc' dir='ltr'><strong>ιν</strong></span> <span class='ocrx_word' id='word_1_293' title='bbox 3450 1103 3610 1155; x_wconf 82' lang='grc' dir='ltr'>Κων-</span> 
     </span>
    </p>
   </div>
   <div class='ocr_carea' id='block_1_43' title="bbox 2025 1190 3338 1264">
    <p class='ocr_par' dir='ltr' id='par_1_43' title="bbox 2025 1190 3338 1264">
     <span class='ocr_line' id='line_1_43' title="bbox 2025 1190 3338 1264; baseline 0.006 -22"><span class='ocrx_word' id='word_1_294' title='bbox 2025 1191 2460 1244; x_wconf 81' lang='grc' dir='ltr'>σταντινουπόλει</span> <span class='ocrx_word' id='word_1_295' title='bbox 2492 1190 2675 1262; x_wconf 88' lang='grc' dir='ltr'>λαχὼν</span> <span class='ocrx_word' id='word_1_296' title='bbox 2703 1192 2946 1261; x_wconf 77' lang='grc' dir='ltr'>ἐγεγόνει</span> <span class='ocrx_word' id='word_1_297' title='bbox 2976 1193 3338 1264; x_wconf 75' lang='grc' dir='ltr'>πατριάρχης.</span> 
     </span>
    </p>
   </div>
   <div class='ocr_carea' id='block_1_44' title="bbox 2106 1283 3605 1355">
    <p class='ocr_par' dir='ltr' id='par_1_44' title="bbox 2106 1283 3605 1355">
     <span class='ocr_line' id='line_1_44' title="bbox 2106 1283 3605 1355; baseline 0.001 -20"><span class='ocrx_word' id='word_1_298' title='bbox 2106 1283 2194 1335; x_wconf 86' lang='grc' dir='ltr'>Ἐν</span> <span class='ocrx_word' id='word_1_299' title='bbox 2221 1283 2414 1354; x_wconf 70' lang='grc' dir='ltr'>ἐκείνῳ</span> <span class='ocrx_word' id='word_1_300' title='bbox 2443 1285 2520 1354; x_wconf 84' lang='grc' dir='ltr'>τῷ</span> <span class='ocrx_word' id='word_1_301' title='bbox 2549 1285 2723 1355; x_wconf 76' lang='grc' dir='ltr'>χρόνῳ</span> <span class='ocrx_word' id='word_1_302' title='bbox 2743 1285 2940 1355; x_wconf 88' lang='grc' dir='ltr'>συνέϐη</span> <span class='ocrx_word' id='word_1_303' title='bbox 2984 1285 3238 1353; x_wconf 71' lang='grc' dir='ltr'>γενέσθαι</span> <span class='ocrx_word' id='word_1_304' title='bbox 3268 1285 3494 1355; x_wconf 75' lang='grc' dir='ltr'>σεισμὸν</span> <span class='ocrx_word' id='word_1_305' title='bbox 3515 1285 3605 1338; x_wconf 72' lang='grc' dir='ltr'><strong>τὸν</strong></span> 
     </span>
    </p>
   </div>
   <div class='ocr_carea' id='block_1_45' title="bbox 2022 1372 3606 1447">
    <p class='ocr_par' dir='ltr' id='par_1_45' title="bbox 2022 1372 3606 1447">
     <span class='ocr_line' id='line_1_45' title="bbox 2022 1372 3606 1447; baseline 0.001 -22"><span class='ocrx_word' id='word_1_306' title='bbox 2022 1375 2431 1442; x_wconf 83' lang='grc' dir='ltr'>παμμέγιστον,</span> <span class='ocrx_word' id='word_1_307' title='bbox 2457 1377 2549 1430; x_wconf 79' lang='grc' dir='ltr'><strong>καὶ</strong></span> <span class='ocrx_word' id='word_1_308' title='bbox 2582 1376 2766 1430; x_wconf 71' lang='grc' dir='ltr'>πολλοὶ</span> <span class='ocrx_word' id='word_1_309' title='bbox 2797 1372 2937 1430; x_wconf 71' lang='grc' dir='ltr'>οἶκοι</span> <span class='ocrx_word' id='word_1_310' title='bbox 2965 1380 3285 1447; x_wconf 76' lang='grc' dir='ltr'>περιφανεῖς</span> <span class='ocrx_word' id='word_1_311' title='bbox 3313 1380 3403 1432; x_wconf 73' lang='grc' dir='ltr'><strong>καὶ</strong></span> <span class='ocrx_word' id='word_1_312' title='bbox 3435 1377 3606 1445; x_wconf 82' lang='grc' dir='ltr'>ἁγίων</span> 
     </span>
    </p>
   </div>
   <div class='ocr_carea' id='block_1_46' title="bbox 1979 1465 3605 1540">
    <p class='ocr_par' dir='ltr' id='par_1_46' title="bbox 1979 1465 3605 1540">
     <span class='ocr_line' id='line_1_46' title="bbox 1979 1465 3605 1540; baseline 0.004 -25"><span class='ocrx_word' id='word_1_313' title='bbox 1979 1509 1985 1515; x_wconf 94' lang='grc'><strong>.</strong></span> <span class='ocrx_word' id='word_1_314' title='bbox 2021 1465 2138 1518; x_wconf 77' lang='grc' dir='ltr'>ναοὶ</span> <span class='ocrx_word' id='word_1_315' title='bbox 2169 1467 2219 1518; x_wconf 89' lang='grc' dir='ltr'><strong>οί</strong></span> <span class='ocrx_word' id='word_1_316' title='bbox 2265 1467 2364 1536; x_wconf 81' lang='grc' dir='ltr'>μὲν</span> <span class='ocrx_word' id='word_1_317' title='bbox 2390 1468 2744 1522; x_wconf 82' lang='grc' dir='ltr'>πεπτώκασιν</span> <span class='ocrx_word' id='word_1_318' title='bbox 2766 1470 2824 1522; x_wconf 70' lang='grc' dir='ltr'><strong>οίι</strong></span> <span class='ocrx_word' id='word_1_319' title='bbox 2846 1469 2901 1521; x_wconf 71' lang='grc' dir='ltr'>δὲ</span> <span class='ocrx_word' id='word_1_320' title='bbox 2931 1470 3267 1540; x_wconf 77' lang='grc' dir='ltr'>ὲρῤἀγησαν,</span> <span class='ocrx_word' id='word_1_321' title='bbox 3293 1472 3388 1523; x_wconf 73' lang='grc' dir='ltr'>καὶ</span> <span class='ocrx_word' id='word_1_322' title='bbox 3419 1470 3605 1522; x_wconf 80' lang='grc' dir='ltr'>πολλοὶ</span> 
     </span>
    </p>
   </div>
   <div class='ocr_carea' id='block_1_47' title="bbox 2023 1555 3602 1630">
    <p class='ocr_par' dir='ltr' id='par_1_47' title="bbox 2023 1555 3602 1630">
     <span class='ocr_line' id='line_1_47' title="bbox 2023 1555 3602 1630; baseline 0.003 -23"><span class='ocrx_word' id='word_1_323' title='bbox 2023 1555 2202 1609; x_wconf 90' lang='grc' dir='ltr'>στῦλοι</span> <span class='ocrx_word' id='word_1_324' title='bbox 2241 1556 2353 1612; x_wconf 84' lang='grc' dir='ltr'><strong>τῶν</strong></span> <span class='ocrx_word' id='word_1_325' title='bbox 2391 1558 2703 1630; x_wconf 72' lang='grc' dir='ltr'>ἱσταμένων</span> <span class='ocrx_word' id='word_1_326' title='bbox 2743 1561 2823 1623; x_wconf 86' lang='grc' dir='ltr'><strong>είς</strong></span> <span class='ocrx_word' id='word_1_327' title='bbox 2851 1561 2977 1623; x_wconf 71' lang='grc' dir='ltr'>τοὺς</span> <span class='ocrx_word' id='word_1_328' title='bbox 3009 1560 3194 1625; x_wconf 89' lang='grc' dir='ltr'>κίονας</span> <span class='ocrx_word' id='word_1_329' title='bbox 3238 1559 3444 1615; x_wconf 86' lang='grc' dir='ltr'>ἀνωθεν</span> <span class='ocrx_word' id='word_1_330' title='bbox 3474 1560 3602 1613; x_wconf 77' lang='grc' dir='ltr'>ἐπε-</span> 
     </span>
    </p>
   </div>
   <div class='ocr_carea' id='block_1_48' title="bbox 2022 1663 2190 1703">
    <p class='ocr_par' dir='ltr' id='par_1_48' title="bbox 2022 1663 2190 1703">
     <span class='ocr_line' id='line_1_48' title="bbox 2022 1663 2190 1703; baseline 0.024 -4"><span class='ocrx_word' id='word_1_331' title='bbox 2022 1663 2134 1703; x_wconf 88' lang='grc' dir='ltr'>σον.</span> <span class='ocrx_word' id='word_1_332' title='bbox 2185 1677 2190 1682; x_wconf 79' lang='lat'><strong><em>‘</em></strong></span> 
     </span>
    </p>
   </div>
   <div class='ocr_carea' id='block_1_49' title="bbox 2108 1741 3605 1814">
    <p class='ocr_par' dir='ltr' id='par_1_49' title="bbox 2108 1741 3605 1814">
     <span class='ocr_line' id='line_1_49' title="bbox 2108 1741 3605 1814; baseline 0.001 -21"><span class='ocrx_word' id='word_1_333' title='bbox 2108 1741 2229 1794; x_wconf 72' lang='grc' dir='ltr'><strong>Ἐπὶ</strong></span> <span class='ocrx_word' id='word_1_334' title='bbox 2256 1742 2354 1811; x_wconf 85' lang='grc' dir='ltr'>τῆς</span> <span class='ocrx_word' id='word_1_335' title='bbox 2381 1742 2658 1813; x_wconf 84' lang='grc' dir='ltr'>βασιλείας</span> <span class='ocrx_word' id='word_1_336' title='bbox 2679 1745 2831 1798; x_wconf 86' lang='grc' dir='ltr'>τοῦδε</span> <span class='ocrx_word' id='word_1_337' title='bbox 2876 1743 2970 1798; x_wconf 91' lang='grc' dir='ltr'><strong>τοῦ</strong></span> <span class='ocrx_word' id='word_1_338' title='bbox 2997 1744 3262 1814; x_wconf 67' lang='grc' dir='ltr'>βασιλέως</span> <span class='ocrx_word' id='word_1_339' title='bbox 3305 1745 3401 1798; x_wconf 72' lang='grc' dir='ltr'><strong>καὶ</strong></span> <span class='ocrx_word' id='word_1_340' title='bbox 3445 1744 3605 1798; x_wconf 68' lang='grc' dir='ltr'>αὐτος</span> 
     </span>
    </p>
   </div>
   <div class='ocr_carea' id='block_1_50' title="bbox 2023 1833 3601 1909">
    <p class='ocr_par' dir='ltr' id='par_1_50' title="bbox 2023 1833 3601 1909">
     <span class='ocr_line' id='line_1_50' title="bbox 2023 1833 3601 1909; baseline 0.002 -26"><span class='ocrx_word' id='word_1_341' title='bbox 2023 1833 2288 1901; x_wconf 85' lang='grc' dir='ltr'>κράτορος</span> <span class='ocrx_word' id='word_1_342' title='bbox 2310 1833 2366 1887; x_wconf 84' lang='grc' dir='ltr'><strong>αί</strong></span> <span class='ocrx_word' id='word_1_343' title='bbox 2394 1835 2642 1905; x_wconf 83' lang='grc' dir='ltr'>τριήρεις</span> <span class='ocrx_word' id='word_1_344' title='bbox 2663 1833 2907 1906; x_wconf 76' lang='grc' dir='ltr'>ηὔξησαν</span> <span class='ocrx_word' id='word_1_345' title='bbox 2949 1837 3028 1895; x_wconf 77' lang='grc' dir='ltr'>εἰς</span> <span class='ocrx_word' id='word_1_346' title='bbox 3065 1834 3266 1903; x_wconf 81' lang='grc' dir='ltr'>πλῆθος</span> <span class='ocrx_word' id='word_1_347' title='bbox 3292 1849 3314 1905; x_wconf 7' lang='grc' dir='ltr'>γ·</span> <span class='ocrx_word' id='word_1_348' title='bbox 3343 1833 3436 1886; x_wconf 76' lang='grc' dir='ltr'><strong>καί</strong></span> <span class='ocrx_word' id='word_1_349' title='bbox 3457 1852 3601 1909; x_wconf 83' lang='grc' dir='ltr'>τινες</span> 
     </span>
    </p>
   </div>
   <div class='ocr_carea' id='block_1_51' title="bbox 2021 1924 3598 1998">
    <p class='ocr_par' dir='ltr' id='par_1_51' title="bbox 2021 1924 3598 1998">
     <span class='ocr_line' id='line_1_51' title="bbox 2021 1924 3598 1998; baseline -0.004 -14"><span class='ocrx_word' id='word_1_350' title='bbox 2021 1926 2115 1992; x_wconf 75' lang='grc' dir='ltr'><strong>τῆς</strong></span> <span class='ocrx_word' id='word_1_351' title='bbox 2145 1925 2446 1995; x_wconf 75' lang='grc' dir='ltr'>συγκλήτου</span> <span class='ocrx_word' id='word_1_352' title='bbox 2481 1924 2673 1997; x_wconf 77' lang='grc' dir='ltr'>βουλῆς</span> <span class='ocrx_word' id='word_1_353' title='bbox 2689 1927 2768 1998; x_wconf 84' lang='grc' dir='ltr'>τῷ</span> <span class='ocrx_word' id='word_1_354' title='bbox 2791 1926 3078 1998; x_wconf 72' lang='grc' dir='ltr'>κρατοῦντι</span> <span class='ocrx_word' id='word_1_355' title='bbox 3108 1925 3451 1998; x_wconf 81' lang='grc' dir='ltr'>βουλεύουσιν</span> <span class='ocrx_word' id='word_1_356' title='bbox 3473 1928 3598 1996; x_wconf 82' lang='grc' dir='ltr'>είκῇ</span> 
     </span>
    </p>
   </div>
   <div class='ocr_carea' id='block_1_52' title="bbox 2021 2015 3603 2091">
    <p class='ocr_par' dir='ltr' id='par_1_52' title="bbox 2021 2015 3603 2091">
     <span class='ocr_line' id='line_1_52' title="bbox 2021 2015 3603 2091; baseline 0.003 -24"><span class='ocrx_word' id='word_1_357' title='bbox 2021 2015 2333 2085; x_wconf 76' lang='grc' dir='ltr'>ἑτοιμάζειν</span> <span class='ocrx_word' id='word_1_358' title='bbox 2357 2017 2452 2072; x_wconf 78' lang='grc' dir='ltr'>καὶ</span> <span class='ocrx_word' id='word_1_359' title='bbox 2474 2017 2718 2087; x_wconf 83' lang='grc' dir='ltr'>διορθοῦν</span> <span class='ocrx_word' id='word_1_360' title='bbox 2748 2020 2845 2073; x_wconf 77' lang='grc' dir='ltr'>καὶ</span> <span class='ocrx_word' id='word_1_361' title='bbox 2865 2021 3086 2091; x_wconf 78' lang='grc' dir='ltr'>κρατεῖν</span> <span class='ocrx_word' id='word_1_362' title='bbox 3116 2019 3307 2081; x_wconf 72' lang='grc' dir='ltr'>αὑτάς.</span> <span class='ocrx_word' id='word_1_363' title='bbox 3339 2017 3603 2081; x_wconf 80' lang='grc' dir='ltr'>Ματαίως</span> 
     </span>
    </p>
   </div>
   <div class='ocr_carea' id='block_1_53' title="bbox 2020 2107 3602 2183">
    <p class='ocr_par' dir='ltr' id='par_1_53' title="bbox 2020 2107 3602 2183">
     <span class='ocr_line' id='line_1_53' title="bbox 2020 2107 3602 2183; baseline 0 -21"><span class='ocrx_word' id='word_1_364' title='bbox 2020 2107 2129 2180; x_wconf 75' lang='grc' dir='ltr'><strong>ἄρα</strong></span> <span class='ocrx_word' id='word_1_365' title='bbox 2166 2108 2273 2162; x_wconf 83' lang='grc' dir='ltr'>τῶν</span> <span class='ocrx_word' id='word_1_366' title='bbox 2304 2109 2447 2180; x_wconf 85' lang='grc' dir='ltr'>νηῶν</span> <span class='ocrx_word' id='word_1_367' title='bbox 2477 2111 2510 2181; x_wconf 77' lang='grc' dir='ltr'>ἡ</span> <span class='ocrx_word' id='word_1_368' title='bbox 2556 2111 2792 2181; x_wconf 85' lang='grc' dir='ltr'>δαπάνη,</span> <span class='ocrx_word' id='word_1_369' title='bbox 2812 2111 3018 2181; x_wconf 78' lang='grc' dir='ltr'>ἔλεγον,</span> <span class='ocrx_word' id='word_1_370' title='bbox 3058 2109 3256 2183; x_wconf 81' lang='grc' dir='ltr'>μικροῦ</span> <span class='ocrx_word' id='word_1_371' title='bbox 3289 2111 3397 2164; x_wconf 83' lang='grc' dir='ltr'>τῶν</span> <span class='ocrx_word' id='word_1_372' title='bbox 3429 2111 3602 2164; x_wconf 75' lang='grc' dir='ltr'>ἄλλων</span> 
     </span>
    </p>
   </div>
   <div class='ocr_carea' id='block_1_54' title="bbox 2021 2199 3596 2276">
    <p class='ocr_par' dir='ltr' id='par_1_54' title="bbox 2021 2199 3596 2276">
     <span class='ocr_line' id='line_1_54' title="bbox 2021 2199 3596 2276; baseline 0.004 -25"><span class='ocrx_word' id='word_1_373' title='bbox 2021 2199 2238 2253; x_wconf 86' lang='grc' dir='ltr'>πάντων</span> <span class='ocrx_word' id='word_1_374' title='bbox 2267 2199 2525 2256; x_wconf 77' lang='grc' dir='ltr'>ἐπέκεινα</span> <span class='ocrx_word' id='word_1_375' title='bbox 2560 2203 2621 2257; x_wconf 74' lang='grc' dir='ltr'>τὸ</span> <span class='ocrx_word' id='word_1_376' title='bbox 2658 2203 2938 2276; x_wconf 81' lang='grc' dir='ltr'>βασιλικὸν</span> <span class='ocrx_word' id='word_1_377' title='bbox 2968 2204 3324 2273; x_wconf 81' lang='grc' dir='ltr'>ὲπιτρίϐουσα</span> <span class='ocrx_word' id='word_1_378' title='bbox 3352 2205 3596 2275; x_wconf 80' lang='grc' dir='ltr'>ταμεῖον.</span> 
     </span>
    </p>
   </div>
   <div class='ocr_carea' id='block_1_55' title="bbox 2033 2290 3601 2365">
    <p class='ocr_par' dir='ltr' id='par_1_55' title="bbox 2033 2290 3601 2365">
     <span class='ocr_line' id='line_1_55' title="bbox 2033 2290 3601 2365; baseline 0.004 -22"><span class='ocrx_word' id='word_1_379' title='bbox 2033 2290 2092 2344; x_wconf 84' lang='grc'><strong>’0</strong></span> <span class='ocrx_word' id='word_1_380' title='bbox 2117 2291 2172 2343; x_wconf 76' lang='grc' dir='ltr'>δὲ</span> <span class='ocrx_word' id='word_1_381' title='bbox 2199 2292 2450 2360; x_wconf 74' lang='grc' dir='ltr'>βασιλεὺς</span> <span class='ocrx_word' id='word_1_382' title='bbox 2474 2297 2586 2359; x_wconf 86' lang='grc' dir='ltr'>τοῖς</span> <span class='ocrx_word' id='word_1_383' title='bbox 2611 2296 2788 2364; x_wconf 86' lang='grc' dir='ltr'>λόγοις</span> <span class='ocrx_word' id='word_1_384' title='bbox 2819 2297 3000 2352; x_wconf 77' lang='grc' dir='ltr'>αὐτῶν</span> <span class='ocrx_word' id='word_1_385' title='bbox 3029 2296 3271 2360; x_wconf 75' lang='grc' dir='ltr'>πεισθεὶς</span> <span class='ocrx_word' id='word_1_386' title='bbox 3299 2296 3402 2360; x_wconf 70' lang='grc' dir='ltr'>τὰς</span> <span class='ocrx_word' id='word_1_387' title='bbox 3443 2297 3601 2365; x_wconf 56' lang='lat' dir='ltr'><strong>rm»</strong></span> 
     </span>
    </p>
   </div>
   <div class='ocr_carea' id='block_1_56' title="bbox 2024 2384 3604 2468">
    <p class='ocr_par' dir='ltr' id='par_1_56' title="bbox 2024 2384 3604 2468">
     <span class='ocr_line' id='line_1_56' title="bbox 2024 2384 3604 2468; baseline 0.005 -36"><span class='ocrx_word' id='word_1_388' title='bbox 2024 2397 2134 2468; x_wconf 49' lang='grc' dir='ltr'>τίεις</span> <span class='ocrx_word' id='word_1_389' title='bbox 2165 2384 2592 2453; x_wconf 83' lang='grc' dir='ltr'>άνεπιμελήτους</span> <span class='ocrx_word' id='word_1_390' title='bbox 2639 2389 2988 2459; x_wconf 78' lang='grc' dir='ltr'>καταλείψας,</span> <span class='ocrx_word' id='word_1_391' title='bbox 3031 2388 3110 2457; x_wconf 89' lang='grc' dir='ltr'>τῷ</span> <span class='ocrx_word' id='word_1_392' title='bbox 3155 2387 3331 2458; x_wconf 82' lang='grc' dir='ltr'>χρόνῳ</span> <span class='ocrx_word' id='word_1_393' title='bbox 3385 2387 3604 2456; x_wconf 83' lang='grc' dir='ltr'>διεφθά-</span> 
     </span>
    </p>
   </div>
   <div class='ocr_carea' id='block_1_57' title="bbox 2023 2475 3603 2552">
    <p class='ocr_par' dir='ltr' id='par_1_57' title="bbox 2023 2475 3603 2552">
     <span class='ocr_line' id='line_1_57' title="bbox 2023 2475 3603 2552; baseline 0.006 -29"><span class='ocrx_word' id='word_1_394' title='bbox 2023 2488 2214 2542; x_wconf 83' lang='grc' dir='ltr'>ρησαν,</span> <span class='ocrx_word' id='word_1_395' title='bbox 2249 2475 2342 2528; x_wconf 80' lang='grc' dir='ltr'>καὶ</span> <span class='ocrx_word' id='word_1_396' title='bbox 2375 2479 2429 2528; x_wconf 88' lang='grc' dir='ltr'><strong>αί</strong></span> <span class='ocrx_word' id='word_1_397' title='bbox 2468 2478 2566 2545; x_wconf 80' lang='grc' dir='ltr'>μὲν</span> <span class='ocrx_word' id='word_1_398' title='bbox 2587 2479 2957 2552; x_wconf 77' lang='grc' dir='ltr'>διερρἀησαν</span> <span class='ocrx_word' id='word_1_399' title='bbox 2986 2481 3043 2533; x_wconf 86' lang='grc' dir='ltr'><strong>αί</strong></span> <span class='ocrx_word' id='word_1_400' title='bbox 3074 2480 3131 2534; x_wconf 73' lang='grc' dir='ltr'>δὲ</span> <span class='ocrx_word' id='word_1_401' title='bbox 3168 2480 3470 2534; x_wconf 84' lang='grc' dir='ltr'>κατέδυσαν</span> <span class='ocrx_word' id='word_1_402' title='bbox 3522 2482 3603 2542; x_wconf 86' lang='grc' dir='ltr'><strong>είς</strong></span> 
     </span>
    </p>
   </div>
   <div class='ocr_carea' id='block_1_58' title="bbox 2024 2567 3603 2644">
    <p class='ocr_par' dir='ltr' id='par_1_58' title="bbox 2024 2567 3603 2644">
     <span class='ocr_line' id='line_1_58' title="bbox 2024 2567 3603 2644; baseline 0.005 -27"><span class='ocrx_word' id='word_1_403' title='bbox 2024 2567 2277 2636; x_wconf 83' lang='grc' dir='ltr'>πυθμένα</span> <span class='ocrx_word' id='word_1_404' title='bbox 2305 2569 2600 2640; x_wconf 74' lang='grc' dir='ltr'>θαλάσσης.</span> <span class='ocrx_word' id='word_1_405' title='bbox 2631 2574 2902 2644; x_wconf 77' lang='grc' dir='ltr'>’Ὕστερον</span> <span class='ocrx_word' id='word_1_406' title='bbox 2935 2573 2993 2628; x_wconf 78' lang='grc' dir='ltr'>δὲ</span> <span class='ocrx_word' id='word_1_407' title='bbox 3019 2574 3207 2644; x_wconf 88' lang='grc' dir='ltr'>χρείας</span> <span class='ocrx_word' id='word_1_408' title='bbox 3234 2573 3329 2626; x_wconf 77' lang='grc' dir='ltr'><strong>καὶ</strong></span> <span class='ocrx_word' id='word_1_409' title='bbox 3353 2573 3603 2642; x_wconf 82' lang='grc' dir='ltr'>ἀνάγκης</span> 
     </span>
    </p>
   </div>
   <div class='ocr_carea' id='block_1_59' title="bbox 2018 2657 3602 2737">
    <p class='ocr_par' dir='ltr' id='par_1_59' title="bbox 2018 2657 3602 2737">
     <span class='ocr_line' id='line_1_59' title="bbox 2018 2657 3602 2737; baseline 0.005 -26"><span class='ocrx_word' id='word_1_410' title='bbox 2018 2658 2188 2729; x_wconf 74' lang='grc' dir='ltr'>οὔσης</span> <span class='ocrx_word' id='word_1_411' title='bbox 2210 2661 2309 2716; x_wconf 79' lang='grc' dir='ltr'><strong>οὐκ</strong></span> <span class='ocrx_word' id='word_1_412' title='bbox 2337 2657 2476 2734; x_wconf 78' lang='grc' dir='ltr'>ἦσαν</span> <span class='ocrx_word' id='word_1_413' title='bbox 2498 2665 2850 2735; x_wconf 79' lang='grc' dir='ltr'>κυϐερνῆται,</span> <span class='ocrx_word' id='word_1_414' title='bbox 2887 2670 2981 2720; x_wconf 78' lang='grc' dir='ltr'><strong>καὶ</strong></span> <span class='ocrx_word' id='word_1_415' title='bbox 3002 2667 3060 2719; x_wconf 79' lang='grc' dir='ltr'>αἱ</span> <span class='ocrx_word' id='word_1_416' title='bbox 3092 2667 3338 2737; x_wconf 80' lang='grc' dir='ltr'>τριήρεις</span> <span class='ocrx_word' id='word_1_417' title='bbox 3364 2664 3440 2729; x_wconf 81' lang='grc' dir='ltr'>ὡς</span> <span class='ocrx_word' id='word_1_418' title='bbox 3470 2681 3602 2735; x_wconf 73' lang='grc' dir='ltr'>προσ</span> 
     </span>
    </p>
   </div>
   <div class='ocr_carea' id='block_1_60' title="bbox 2019 2751 3603 2828">
    <p class='ocr_par' dir='ltr' id='par_1_60' title="bbox 2019 2751 3603 2828">
     <span class='ocr_line' id='line_1_60' title="bbox 2019 2751 3603 2828; baseline 0.016 -25"><span class='ocrx_word' id='word_1_419' title='bbox 2019 2751 2246 2821; x_wconf 81' lang='grc' dir='ltr'>είπομεν</span> <span class='ocrx_word' id='word_1_420' title='bbox 2289 2755 2564 2824; x_wconf 88' lang='grc' dir='ltr'>γεγόνασι,</span> <span class='ocrx_word' id='word_1_421' title='bbox 2598 2759 2693 2812; x_wconf 72' lang='grc' dir='ltr'>καὶ</span> <span class='ocrx_word' id='word_1_422' title='bbox 2726 2760 2838 2821; x_wconf 77' lang='grc' dir='ltr'>τοῖς</span> <span class='ocrx_word' id='word_1_423' title='bbox 2877 2757 3171 2828; x_wconf 79' lang='grc' dir='ltr'>Ῥωμαίοις</span> <span class='ocrx_word' id='word_1_424' title='bbox 3216 2757 3278 2812; x_wconf 83' lang='grc' dir='ltr'><strong>τδ</strong></span> <span class='ocrx_word' id='word_1_425' title='bbox 3329 2755 3603 2828; x_wconf 64' lang='grc' dir='ltr'><strong>βούλευμα</strong></span> 
     </span>
    </p>
   </div>
   <div class='ocr_carea' id='block_1_61' title="bbox 2019 2842 3042 2919">
    <p class='ocr_par' dir='ltr' id='par_1_61' title="bbox 2019 2842 3042 2919">
     <span class='ocr_line' id='line_1_61' title="bbox 2019 2842 3042 2919; baseline 0.008 -23"><span class='ocrx_word' id='word_1_426' title='bbox 2019 2842 2190 2896; x_wconf 75' lang='grc' dir='ltr'>πολλὰ</span> <span class='ocrx_word' id='word_1_427' title='bbox 2211 2845 2358 2900; x_wconf 85' lang='grc' dir='ltr'><strong>κακά</strong></span> <span class='ocrx_word' id='word_1_428' title='bbox 2386 2848 2711 2919; x_wconf 79' lang='grc' dir='ltr'>προεξένησε</span> <span class='ocrx_word' id='word_1_429' title='bbox 2737 2850 2833 2904; x_wconf 76' lang='grc' dir='ltr'>καὶ</span> <span class='ocrx_word' id='word_1_430' title='bbox 2870 2850 3042 2904; x_wconf 79' lang='grc' dir='ltr'>δεινά.</span> 
     </span>
    </p>
   </div>
   <div class='ocr_carea' id='block_1_62' title="bbox 2090 2933 3599 3014">
    <p class='ocr_par' dir='ltr' id='par_1_62' title="bbox 2090 2933 3599 3014">
     <span class='ocr_line' id='line_1_62' title="bbox 2090 2933 3599 3014; baseline 0.003 -22"><span class='ocrx_word' id='word_1_431' title='bbox 2090 2935 2198 3006; x_wconf 79' lang='lat'><strong>33</strong></span> <span class='ocrx_word' id='word_1_432' title='bbox 2241 2936 2299 2990; x_wconf 86' lang='grc' dir='ltr'><strong>Ὀ</strong></span> <span class='ocrx_word' id='word_1_433' title='bbox 2331 2933 2425 2992; x_wconf 84' lang='grc' dir='ltr'>οὗν</span> <span class='ocrx_word' id='word_1_434' title='bbox 2456 2939 2710 3010; x_wconf 81' lang='grc' dir='ltr'>βασιλεὺς</span> <span class='ocrx_word' id='word_1_435' title='bbox 2742 2942 2962 3012; x_wconf 81' lang='grc' dir='ltr'>Μιχαὴλ</span> <span class='ocrx_word' id='word_1_436' title='bbox 2994 2942 3251 3012; x_wconf 74' lang='grc' dir='ltr'>ἐγέννησε</span> <span class='ocrx_word' id='word_1_437' title='bbox 3295 2943 3599 3014; x_wconf 72' lang='grc' dir='ltr'>θυγατέρας</span> 
     </span>
    </p>
   </div>
   <div class='ocr_carea' id='block_1_63' title="bbox 2019 3025 3602 3106">
    <p class='ocr_par' dir='ltr' id='par_1_63' title="bbox 2019 3025 3602 3106">
     <span class='ocr_line' id='line_1_63' title="bbox 2019 3025 3602 3106; baseline 0.005 -28"><span class='ocrx_word' id='word_1_438' title='bbox 2019 3025 2131 3090; x_wconf 81' lang='grc' dir='ltr'>δύο,</span> <span class='ocrx_word' id='word_1_439' title='bbox 2158 3029 2355 3082; x_wconf 83' lang='grc' dir='ltr'>’Δνναν</span> <span class='ocrx_word' id='word_1_440' title='bbox 2371 3032 2462 3084; x_wconf 75' lang='grc' dir='ltr'><strong>καὶ</strong></span> <span class='ocrx_word' id='word_1_441' title='bbox 2480 3031 2784 3103; x_wconf 85' lang='grc' dir='ltr'>Θεοδὼραν,</span> <span class='ocrx_word' id='word_1_442' title='bbox 2805 3034 3039 3106; x_wconf 72' lang='grc' dir='ltr'>ἄρρενας</span> <span class='ocrx_word' id='word_1_443' title='bbox 3059 3033 3115 3087; x_wconf 81' lang='grc' dir='ltr'>δὲ</span> <span class='ocrx_word' id='word_1_444' title='bbox 3132 3033 3248 3101; x_wconf 83' lang='grc' dir='ltr'>δύο,</span> <span class='ocrx_word' id='word_1_445' title='bbox 3265 3034 3602 3104; x_wconf 80' lang='grc' dir='ltr'>Ἀνδρόνικον</span> 
     </span>
    </p>
   </div>
   <div class='ocr_carea' id='block_1_64' title="bbox 2019 3117 3604 3198">
    <p class='ocr_par' dir='ltr' id='par_1_64' title="bbox 2019 3117 3604 3198">
     <span class='ocr_line' id='line_1_64' title="bbox 2019 3117 3604 3198; baseline 0.006 -30"><span class='ocrx_word' id='word_1_446' title='bbox 2019 3117 2110 3170; x_wconf 76' lang='grc' dir='ltr'>τὸν</span> <span class='ocrx_word' id='word_1_447' title='bbox 2132 3118 2355 3189; x_wconf 73' lang='grc' dir='ltr'>βασιλέα</span> <span class='ocrx_word' id='word_1_448' title='bbox 2370 3123 2462 3174; x_wconf 63' lang='grc' dir='ltr'>»καὶ</span> <span class='ocrx_word' id='word_1_449' title='bbox 2498 3121 2748 3194; x_wconf 74' lang='grc' dir='ltr'>θίανουὴλ</span> <span class='ocrx_word' id='word_1_450' title='bbox 2771 3124 2861 3178; x_wconf 80' lang='grc' dir='ltr'>τὸν</span> <span class='ocrx_word' id='word_1_451' title='bbox 2891 3125 3178 3196; x_wconf 81' lang='grc' dir='ltr'>δεσπότην.</span> <span class='ocrx_word' id='word_1_452' title='bbox 3219 3126 3328 3180; x_wconf 71' lang='grc' dir='ltr'><strong>Καὶ</strong></span> <span class='ocrx_word' id='word_1_453' title='bbox 3352 3121 3420 3198; x_wconf 78' lang='grc' dir='ltr'>ἦν</span> <span class='ocrx_word' id='word_1_454' title='bbox 3449 3127 3604 3179; x_wconf 76' lang='grc' dir='ltr'>πλεῖ-</span> 
     </span>
    </p>
   </div>
   <div class='ocr_carea' id='block_1_65' title="bbox 341 3201 3602 3288">
    <p class='ocr_par' dir='ltr' id='par_1_65' title="bbox 341 3201 3602 3288">
     <span class='ocr_line' id='line_1_65' title="bbox 341 3201 3602 3288; baseline 0.002 -26"><span class='ocrx_word' id='word_1_455' title='bbox 341 3201 451 3256; x_wconf 76' lang='grc' dir='ltr'><strong>Ἲ-ιν</strong></span> <span class='ocrx_word' id='word_1_456' title='bbox 485 3207 539 3258; x_wconf 81' lang='grc' dir='ltr'>δὲ</span> <span class='ocrx_word' id='word_1_457' title='bbox 571 3208 598 3259; x_wconf 82' lang='grc' dir='ltr'>ὁ</span> <span class='ocrx_word' id='word_1_458' title='bbox 629 3208 765 3279; x_wconf 76' lang='grc' dir='ltr'>ἀνὴρ</span> <span class='ocrx_word' id='word_1_459' title='bbox 795 3212 937 3262; x_wconf 69' lang='grc' dir='ltr'>πάνυ</span> <span class='ocrx_word' id='word_1_460' title='bbox 972 3212 1299 3280; x_wconf 80' lang='grc' dir='ltr'>σοφώτατος,</span> <span class='ocrx_word' id='word_1_461' title='bbox 1350 3214 1510 3286; x_wconf 79' lang='grc' dir='ltr'>ἔλαχε</span> <span class='ocrx_word' id='word_1_462' title='bbox 1554 3217 1610 3271; x_wconf 84' lang='grc' dir='ltr'>δὲ</span> <span class='ocrx_word' id='word_1_463' title='bbox 1661 3220 1914 3288; x_wconf 79' lang='grc' dir='ltr'>φιλασοε-</span> <span class='ocrx_word' id='word_1_464' title='bbox 1937 3203 1983 3265; x_wconf 82' lang='lat' dir='ltr'><strong>C</strong></span> <span class='ocrx_word' id='word_1_465' title='bbox 2017 3223 2118 3262; x_wconf 86' lang='grc' dir='ltr'><strong>στα</strong></span> <span class='ocrx_word' id='word_1_466' title='bbox 2150 3210 2472 3281; x_wconf 79' lang='grc' dir='ltr'>φιλοῦμενος</span> <span class='ocrx_word' id='word_1_467' title='bbox 2511 3215 2540 3266; x_wconf 92' lang='lat'><strong>6</strong></span> <span class='ocrx_word' id='word_1_468' title='bbox 2576 3213 2912 3286; x_wconf 84' lang='grc' dir='ltr'>Ἀνδρόνικος</span> <span class='ocrx_word' id='word_1_469' title='bbox 2943 3215 3048 3269; x_wconf 77' lang='grc' dir='ltr'><strong>ὑπὸ</strong></span> <span class='ocrx_word' id='word_1_470' title='bbox 3078 3216 3176 3270; x_wconf 88' lang='grc' dir='ltr'><strong>τοῦ</strong></span> <span class='ocrx_word' id='word_1_471' title='bbox 3222 3215 3452 3271; x_wconf 83' lang='grc' dir='ltr'>πάππου</span> <span class='ocrx_word' id='word_1_472' title='bbox 3503 3218 3602 3270; x_wconf 74' lang='grc' dir='ltr'><strong>καὶ</strong></span> 
     </span>
    </p>
   </div>
   <div class='ocr_carea' id='block_1_66' title="bbox 343 3293 1912 3380">
    <p class='ocr_par' dir='ltr' id='par_1_66' title="bbox 343 3293 1912 3380">
     <span class='ocr_line' id='line_1_66' title="bbox 343 3293 1912 3380; baseline 0.012 -33"><span class='ocrx_word' id='word_1_473' title='bbox 343 3298 437 3368; x_wconf 56' lang='lat' dir='ltr'><strong>vi};</strong></span> <span class='ocrx_word' id='word_1_474' title='bbox 470 3293 610 3351; x_wconf 71' lang='grc' dir='ltr'>εἶναι</span> <span class='ocrx_word' id='word_1_475' title='bbox 646 3303 739 3353; x_wconf 64' lang='grc' dir='ltr'>καὶ</span> <span class='ocrx_word' id='word_1_476' title='bbox 765 3303 862 3354; x_wconf 79' lang='grc' dir='ltr'>οὐκ</span> <span class='ocrx_word' id='word_1_477' title='bbox 895 3303 1118 3357; x_wconf 73' lang='grc' dir='ltr'>ἐδύνατο</span> <span class='ocrx_word' id='word_1_478' title='bbox 1163 3307 1264 3377; x_wconf 75' lang='grc' dir='ltr'>τὴν</span> <span class='ocrx_word' id='word_1_479' title='bbox 1288 3307 1460 3380; x_wconf 78' lang='grc' dir='ltr'>αὐτὴν</span> <span class='ocrx_word' id='word_1_480' title='bbox 1488 3308 1796 3380; x_wconf 80' lang='grc' dir='ltr'>ὑπηρεσίαν</span> <span class='ocrx_word' id='word_1_481' title='bbox 1827 3329 1912 3365; x_wconf 81' lang='grc' dir='ltr'>τε·</span> 
     </span>
    </p>
   </div>
   <div class='ocr_carea' id='block_1_67' title="bbox 345 3411 1914 3488">
    <p class='ocr_par' dir='ltr' id='par_1_67' title="bbox 345 3411 1914 3488">
     <span class='ocr_line' id='line_1_67' title="bbox 345 3411 1914 3488; baseline 0.01 -24"><span class='ocrx_word' id='word_1_482' title='bbox 345 3424 462 3464; x_wconf 79' lang='lat' dir='ltr'><strong>vem</strong></span> <span class='ocrx_word' id='word_1_483' title='bbox 495 3411 702 3466; x_wconf 83' lang='lat' dir='ltr'><strong>cladem</strong></span> <span class='ocrx_word' id='word_1_484' title='bbox 740 3415 959 3485; x_wconf 89' lang='lat' dir='ltr'><strong>accipit.</strong></span> <span class='ocrx_word' id='word_1_485' title='bbox 994 3415 1126 3470; x_wconf 83' lang='lat' dir='ltr'><strong>Nam</strong></span> <span class='ocrx_word' id='word_1_486' title='bbox 1161 3432 1386 3488; x_wconf 89' lang='lat' dir='ltr'><strong>repente</strong></span> <span class='ocrx_word' id='word_1_487' title='bbox 1417 3421 1484 3477; x_wconf 89' lang='lat' dir='ltr'><strong>ab</strong></span> <span class='ocrx_word' id='word_1_488' title='bbox 1519 3423 1770 3480; x_wconf 75' lang='lat' dir='ltr'><strong>hostibus</strong></span> <span class='ocrx_word' id='word_1_489' title='bbox 1804 3428 1914 3482; x_wconf 85' lang='lat' dir='ltr'><strong>cir-</strong></span> 
     </span>
    </p>
   </div>
   <div class='ocr_carea' id='block_1_68' title="bbox 339 3506 1916 3591">
    <p class='ocr_par' dir='ltr' id='par_1_68' title="bbox 339 3506 1916 3591">
     <span class='ocr_line' id='line_1_68' title="bbox 339 3506 1916 3591; baseline 0.012 -33"><span class='ocrx_word' id='word_1_490' title='bbox 339 3508 616 3560; x_wconf 88' lang='lat' dir='ltr'><strong>cumventi</strong></span> <span class='ocrx_word' id='word_1_491' title='bbox 653 3506 904 3572; x_wconf 73' lang='lat' dir='ltr'><strong>Romani,</strong></span> <span class='ocrx_word' id='word_1_492' title='bbox 934 3512 1286 3567; x_wconf 83' lang='lat' dir='ltr'><strong>tabernaculo</strong></span> <span class='ocrx_word' id='word_1_493' title='bbox 1335 3524 1389 3569; x_wconf 93' lang='lat' dir='ltr'><strong>et</strong></span> <span class='ocrx_word' id='word_1_494' title='bbox 1435 3518 1692 3574; x_wconf 85' lang='lat' dir='ltr'><strong>omnibus</strong></span> <span class='ocrx_word' id='word_1_495' title='bbox 1721 3521 1916 3591; x_wconf 82' lang='lat' dir='ltr'><strong>Opibus</strong></span> 
     </span>
    </p>
   </div>
   <div class='ocr_carea' id='block_1_69' title="bbox 339 3597 1913 3675">
    <p class='ocr_par' dir='ltr' id='par_1_69' title="bbox 339 3597 1913 3675">
     <span class='ocr_line' id='line_1_69' title="bbox 339 3597 1913 3675; baseline 0.011 -28"><span class='ocrx_word' id='word_1_496' title='bbox 339 3607 393 3647; x_wconf 84' lang='lat' dir='ltr'><strong>et</strong></span> <span class='ocrx_word' id='word_1_497' title='bbox 434 3597 737 3667; x_wconf 74' lang='lat' dir='ltr'><strong>insignibus</strong></span> <span class='ocrx_word' id='word_1_498' title='bbox 781 3599 942 3669; x_wconf 79' lang='lat' dir='ltr'><strong>regiis</strong></span> <span class='ocrx_word' id='word_1_499' title='bbox 988 3601 1216 3670; x_wconf 76' lang='lat' dir='ltr'><strong>relictis,</strong></span> <span class='ocrx_word' id='word_1_500' title='bbox 1255 3603 1308 3657; x_wconf 91' lang='lat' dir='ltr'><strong>in</strong></span> <span class='ocrx_word' id='word_1_501' title='bbox 1367 3604 1548 3675; x_wconf 77' lang='lat' dir='ltr'><strong>fugam</strong></span> <span class='ocrx_word' id='word_1_502' title='bbox 1606 3618 1913 3665; x_wconf 86' lang='lat' dir='ltr'><strong>vertuntur.</strong></span> 
     </span>
    </p>
   </div>
   <div class='ocr_carea' id='block_1_70' title="bbox 337 3686 1916 3768">
    <p class='ocr_par' dir='ltr' id='par_1_70' title="bbox 337 3686 1916 3768">
     <span class='ocr_line' id='line_1_70' title="bbox 337 3686 1916 3768; baseline 0.012 -27"><span class='ocrx_word' id='word_1_503' title='bbox 337 3686 460 3741; x_wconf 77' lang='lat' dir='ltr'><strong>Jum</strong></span> <span class='ocrx_word' id='word_1_504' title='bbox 492 3690 653 3744; x_wconf 91' lang='lat' dir='ltr'><strong>tertio</strong></span> <span class='ocrx_word' id='word_1_505' title='bbox 681 3693 979 3746; x_wconf 75' lang='lat' dir='ltr'><strong>exercitum</strong></span> <span class='ocrx_word' id='word_1_506' title='bbox 999 3705 1301 3764; x_wconf 89' lang='lat' dir='ltr'><strong>comparat,</strong></span> <span class='ocrx_word' id='word_1_507' title='bbox 1323 3712 1482 3765; x_wconf 86' lang='lat' dir='ltr'><strong>quem</strong></span> <span class='ocrx_word' id='word_1_508' title='bbox 1511 3700 1625 3768; x_wconf 88' lang='lat' dir='ltr'><strong>ipse</strong></span> <span class='ocrx_word' id='word_1_509' title='bbox 1652 3715 1757 3756; x_wconf 91' lang='lat' dir='ltr'><strong>non</strong></span> <span class='ocrx_word' id='word_1_510' title='bbox 1781 3704 1916 3759; x_wconf 89' lang='lat' dir='ltr'><strong>edu-</strong></span> 
     </span>
    </p>
   </div>
   <div class='ocr_carea' id='block_1_71' title="bbox 339 3781 1915 3860">
    <p class='ocr_par' dir='ltr' id='par_1_71' title="bbox 339 3781 1915 3860">
     <span class='ocr_line' id='line_1_71' title="bbox 339 3781 1915 3860; baseline 0.01 -27"><span class='ocrx_word' id='word_1_511' title='bbox 339 3781 435 3843; x_wconf 85' lang='lat' dir='ltr'><strong>cit,</strong></span> <span class='ocrx_word' id='word_1_512' title='bbox 464 3781 558 3834; x_wconf 91' lang='lat' dir='ltr'><strong>sed</strong></span> <span class='ocrx_word' id='word_1_513' title='bbox 590 3784 817 3850; x_wconf 64' lang='lat' dir='ltr'><strong>praeﬁcit</strong></span> <span class='ocrx_word' id='word_1_514' title='bbox 844 3783 1053 3839; x_wconf 84' lang='lat' dir='ltr'><strong>Philem</strong></span> <span class='ocrx_word' id='word_1_515' title='bbox 1089 3787 1474 3858; x_wconf 62' lang='lat' dir='ltr'><strong>Palreologum,</strong></span> <span class='ocrx_word' id='word_1_516' title='bbox 1500 3797 1915 3860; x_wconf 85' lang='lat' dir='ltr'><strong>protostratoris</strong></span> 
     </span>
    </p>
   </div>
   <div class='ocr_carea' id='block_1_72' title="bbox 338 3878 1916 3958">
    <p class='ocr_par' dir='ltr' id='par_1_72' title="bbox 338 3878 1916 3958">
     <span class='ocr_line' id='line_1_72' title="bbox 338 3878 1916 3958; baseline 0.008 -28"><span class='ocrx_word' id='word_1_517' title='bbox 338 3878 551 3932; x_wconf 86' lang='lat' dir='ltr'><strong>honore</strong></span> <span class='ocrx_word' id='word_1_518' title='bbox 579 3888 691 3933; x_wconf 88' lang='lat' dir='ltr'><strong>tum</strong></span> <span class='ocrx_word' id='word_1_519' title='bbox 727 3884 1107 3948; x_wconf 73' lang='lat' dir='ltr'><strong>conspicuum.</strong></span> <span class='ocrx_word' id='word_1_520' title='bbox 1137 3884 1190 3938; x_wconf 84' lang='lat' dir='ltr'><strong>is</strong></span> <span class='ocrx_word' id='word_1_521' title='bbox 1228 3884 1395 3955; x_wconf 75' lang='lat' dir='ltr'><strong>igitur</strong></span> <span class='ocrx_word' id='word_1_522' title='bbox 1423 3886 1478 3939; x_wconf 88' lang='lat' dir='ltr'><strong>in</strong></span> <span class='ocrx_word' id='word_1_523' title='bbox 1514 3887 1794 3958; x_wconf 78' lang='lat' dir='ltr'><strong>Agarenos</strong></span> <span class='ocrx_word' id='word_1_524' title='bbox 1824 3906 1916 3945; x_wconf 82' lang='lat' dir='ltr'><strong>ca-</strong></span> 
     </span>
    </p>
   </div>
   <div class='ocr_carea' id='block_1_73' title="bbox 340 3976 1918 4054">
    <p class='ocr_par' dir='ltr' id='par_1_73' title="bbox 340 3976 1918 4054">
     <span class='ocr_line' id='line_1_73' title="bbox 340 3976 1918 4054; baseline 0.008 -26"><span class='ocrx_word' id='word_1_525' title='bbox 340 3976 470 4031; x_wconf 82' lang='lat' dir='ltr'><strong>stris</strong></span> <span class='ocrx_word' id='word_1_526' title='bbox 509 3978 690 4038; x_wconf 88' lang='lat' dir='ltr'><strong>motis,</strong></span> <span class='ocrx_word' id='word_1_527' title='bbox 714 3987 1049 4046; x_wconf 89' lang='lat' dir='ltr'><strong>postremum</strong></span> <span class='ocrx_word' id='word_1_528' title='bbox 1087 3994 1185 4034; x_wconf 88' lang='lat' dir='ltr'><strong>eos</strong></span> <span class='ocrx_word' id='word_1_529' title='bbox 1215 3981 1408 4047; x_wconf 72' lang='lat' dir='ltr'><strong>prmlio</strong></span> <span class='ocrx_word' id='word_1_530' title='bbox 1442 3981 1570 4036; x_wconf 83' lang='lat' dir='ltr'><strong>vicit</strong></span> <span class='ocrx_word' id='word_1_531' title='bbox 1603 3985 1918 4054; x_wconf 87' lang='lat' dir='ltr'><strong>multosque</strong></span> 
     </span>
    </p>
   </div>
   <div class='ocr_carea' id='block_1_74' title="bbox 342 4071 1917 4146">
    <p class='ocr_par' dir='ltr' id='par_1_74' title="bbox 342 4071 1917 4146">
     <span class='ocr_line' id='line_1_74' title="bbox 342 4071 1917 4146; baseline 0.01 -28"><span class='ocrx_word' id='word_1_532' title='bbox 342 4071 540 4136; x_wconf 68' lang='grc' dir='ltr'>μιτιὶιιι</span> <span class='ocrx_word' id='word_1_533' title='bbox 577 4071 802 4136; x_wconf 80' lang='lat' dir='ltr'><strong>occidit,</strong></span> <span class='ocrx_word' id='word_1_534' title='bbox 840 4071 1036 4140; x_wconf 81' lang='lat' dir='ltr'><strong>partim</strong></span> <span class='ocrx_word' id='word_1_535' title='bbox 1056 4073 1220 4143; x_wconf 86' lang='lat' dir='ltr'><strong>cepit.</strong></span> <span class='ocrx_word' id='word_1_536' title='bbox 1254 4074 1355 4141; x_wconf 87' lang='lat' dir='ltr'><strong>Qui</strong></span> <span class='ocrx_word' id='word_1_537' title='bbox 1389 4075 1584 4146; x_wconf 91' lang='lat' dir='ltr'><strong>reliqui</strong></span> <span class='ocrx_word' id='word_1_538' title='bbox 1612 4084 1726 4131; x_wconf 89' lang='lat' dir='ltr'><strong>tum</strong></span> <span class='ocrx_word' id='word_1_539' title='bbox 1757 4089 1917 4134; x_wconf 87' lang='lat' dir='ltr'><strong>erant</strong></span> 
     </span>
    </p>
   </div>
   <div class='ocr_carea' id='block_1_75' title="bbox 338 4161 1917 4237">
    <p class='ocr_par' dir='ltr' id='par_1_75' title="bbox 338 4161 1917 4237">
     <span class='ocr_line' id='line_1_75' title="bbox 338 4161 1917 4237; baseline 0.009 -25"><span class='ocrx_word' id='word_1_540' title='bbox 338 4161 534 4229; x_wconf 74' lang='lat' dir='ltr'><strong>exiguo</strong></span> <span class='ocrx_word' id='word_1_541' title='bbox 558 4175 788 4216; x_wconf 85' lang='lat' dir='ltr'><strong>numero</strong></span> <span class='ocrx_word' id='word_1_542' title='bbox 811 4173 864 4216; x_wconf 86' lang='lat' dir='ltr'><strong>et</strong></span> <span class='ocrx_word' id='word_1_543' title='bbox 885 4165 1231 4233; x_wconf 74' lang='lat' dir='ltr'><strong>superstites,</strong></span> <span class='ocrx_word' id='word_1_544' title='bbox 1261 4167 1493 4237; x_wconf 84' lang='lat' dir='ltr'><strong>turpiter</strong></span> <span class='ocrx_word' id='word_1_545' title='bbox 1514 4183 1545 4224; x_wconf 90' lang='lat' dir='ltr'><strong>e</strong></span> <span class='ocrx_word' id='word_1_546' title='bbox 1571 4168 1917 4228; x_wconf 77' lang='lat' dir='ltr'><strong>Chersoneso</strong></span> 
     </span>
    </p>
   </div>
   <div class='ocr_carea' id='block_1_76' title="bbox 339 4253 931 4323">
    <p class='ocr_par' dir='ltr' id='par_1_76' title="bbox 339 4253 931 4323">
     <span class='ocr_line' id='line_1_76' title="bbox 339 4253 931 4323; baseline 0.007 -17"><span class='ocrx_word' id='word_1_547' title='bbox 339 4253 587 4309; x_wconf 70' lang='lat' dir='ltr'><strong>Thracia:</strong></span> <span class='ocrx_word' id='word_1_548' title='bbox 614 4255 931 4323; x_wconf 79' lang='lat' dir='ltr'><strong>ejiciuntur.</strong></span> 
     </span>
    </p>
   </div>
   <div class='ocr_carea' id='block_1_77' title="bbox 411 4345 1913 4426">
    <p class='ocr_par' dir='ltr' id='par_1_77' title="bbox 411 4345 1913 4426">
     <span class='ocr_line' id='line_1_77' title="bbox 411 4345 1913 4426; baseline 0.01 -28"><span class='ocrx_word' id='word_1_549' title='bbox 411 4345 740 4404; x_wconf 72' lang='lat' dir='ltr'><strong>Athanasius</strong></span> <span class='ocrx_word' id='word_1_550' title='bbox 763 4351 1088 4418; x_wconf 85' lang='lat' dir='ltr'><strong>patriarcha,</strong></span> <span class='ocrx_word' id='word_1_551' title='bbox 1111 4365 1234 4408; x_wconf 90' lang='lat' dir='ltr'><strong>cum</strong></span> <span class='ocrx_word' id='word_1_552' title='bbox 1259 4367 1430 4409; x_wconf 85' lang='lat' dir='ltr'><strong>annos</strong></span> <span class='ocrx_word' id='word_1_553' title='bbox 1459 4366 1692 4426; x_wconf 79' lang='lat' dir='ltr'><strong>quatuor</strong></span> <span class='ocrx_word' id='word_1_554' title='bbox 1714 4359 1913 4413; x_wconf 88' lang='lat' dir='ltr'><strong>solium</strong></span> 
     </span>
    </p>
   </div>
   <div class='ocr_carea' id='block_1_78' title="bbox 341 4441 1917 4516">
    <p class='ocr_par' dir='ltr' id='par_1_78' title="bbox 341 4441 1917 4516">
     <span class='ocr_line' id='line_1_78' title="bbox 341 4441 1917 4516; baseline 0.011 -27"><span class='ocrx_word' id='word_1_555' title='bbox 341 4441 626 4508; x_wconf 83' lang='lat' dir='ltr'><strong>tenuisset,</strong></span> <span class='ocrx_word' id='word_1_556' title='bbox 667 4443 866 4498; x_wconf 84' lang='lat' dir='ltr'><strong>tradito</strong></span> <span class='ocrx_word' id='word_1_557' title='bbox 900 4445 1083 4501; x_wconf 89' lang='lat' dir='ltr'><strong>libello</strong></span> <span class='ocrx_word' id='word_1_558' title='bbox 1114 4458 1311 4501; x_wconf 85' lang='lat' dir='ltr'><strong>munus</strong></span> <span class='ocrx_word' id='word_1_559' title='bbox 1336 4447 1682 4516; x_wconf 82' lang='lat' dir='ltr'><strong>deprecatus,</strong></span> <span class='ocrx_word' id='word_1_560' title='bbox 1712 4449 1766 4505; x_wconf 90' lang='lat' dir='ltr'><strong>in</strong></span> <span class='ocrx_word' id='word_1_561' title='bbox 1803 4467 1917 4506; x_wconf 78' lang='lat' dir='ltr'><strong>mo-</strong></span> 
     </span>
    </p>
   </div>
   <div class='ocr_carea' id='block_1_79' title="bbox 2018 3301 3599 3380">
    <p class='ocr_par' dir='ltr' id='par_1_79' title="bbox 2018 3301 3599 3380">
     <span class='ocr_line' id='line_1_79' title="bbox 2018 3301 3599 3380; baseline 0.006 -26"><span class='ocrx_word' id='word_1_562' title='bbox 2018 3301 2300 3372; x_wconf 80' lang='grc' dir='ltr'>βασιλέως,</span> <span class='ocrx_word' id='word_1_563' title='bbox 2333 3306 2424 3358; x_wconf 76' lang='grc' dir='ltr'>καὶ</span> <span class='ocrx_word' id='word_1_564' title='bbox 2456 3307 2514 3358; x_wconf 80' lang='grc' dir='ltr'>ὲν</span> <span class='ocrx_word' id='word_1_565' title='bbox 2543 3308 2656 3370; x_wconf 78' lang='grc' dir='ltr'>τοῖς</span> <span class='ocrx_word' id='word_1_566' title='bbox 2710 3309 3029 3380; x_wconf 83' lang='grc' dir='ltr'>ἀνακτόροις</span> <span class='ocrx_word' id='word_1_567' title='bbox 3089 3308 3342 3362; x_wconf 74' lang='grc' dir='ltr'>ἐκέλευσε</span> <span class='ocrx_word' id='word_1_568' title='bbox 3399 3308 3599 3380; x_wconf 75' lang='grc' dir='ltr'>τρέφε-</span> 
     </span>
    </p>
   </div>
   <div class='ocr_carea' id='block_1_80' title="bbox 2019 3412 3600 3489">
    <p class='ocr_par' dir='ltr' id='par_1_80' title="bbox 2019 3412 3600 3489">
     <span class='ocr_line' id='line_1_80' title="bbox 2019 3412 3600 3489; baseline 0.004 -22"><span class='ocrx_word' id='word_1_569' title='bbox 2019 3412 2190 3467; x_wconf 73' lang='lat' dir='ltr'><strong>ﬂrmae</strong></span> <span class='ocrx_word' id='word_1_570' title='bbox 2223 3415 2571 3482; x_wconf 79' lang='lat' dir='ltr'><strong>valetudinis,</strong></span> <span class='ocrx_word' id='word_1_571' title='bbox 2606 3428 2663 3474; x_wconf 89' lang='lat' dir='ltr'><strong>ut</strong></span> <span class='ocrx_word' id='word_1_572' title='bbox 2693 3418 2928 3474; x_wconf 86' lang='lat' dir='ltr'><strong>oblatam</strong></span> <span class='ocrx_word' id='word_1_573' title='bbox 2957 3420 3064 3476; x_wconf 83' lang='lat' dir='ltr'><strong>sibi</strong></span> <span class='ocrx_word' id='word_1_574' title='bbox 3092 3419 3430 3489; x_wconf 76' lang='lat' dir='ltr'><strong>provinciam</strong></span> <span class='ocrx_word' id='word_1_575' title='bbox 3454 3431 3600 3475; x_wconf 78' lang='lat' dir='ltr'><strong>recto</strong></span> 
     </span>
    </p>
   </div>
   <div class='ocr_carea' id='block_1_81' title="bbox 2018 3504 3598 3582">
    <p class='ocr_par' dir='ltr' id='par_1_81' title="bbox 2018 3504 3598 3582">
     <span class='ocr_line' id='line_1_81' title="bbox 2018 3504 3598 3582; baseline 0.003 -25"><span class='ocrx_word' id='word_1_576' title='bbox 2018 3504 2408 3564; x_wconf 85' lang='lat' dir='ltr'><strong>administrare</strong></span> <span class='ocrx_word' id='word_1_577' title='bbox 2446 3524 2552 3564; x_wconf 91' lang='lat' dir='ltr'><strong>non</strong></span> <span class='ocrx_word' id='word_1_578' title='bbox 2584 3519 2794 3580; x_wconf 86' lang='lat' dir='ltr'><strong>posset.</strong></span> <span class='ocrx_word' id='word_1_579' title='bbox 2830 3510 3018 3580; x_wconf 89' lang='lat' dir='ltr'><strong>Itaque</strong></span> <span class='ocrx_word' id='word_1_580' title='bbox 3050 3526 3251 3566; x_wconf 87' lang='lat' dir='ltr'><strong>munus</strong></span> <span class='ocrx_word' id='word_1_581' title='bbox 3282 3515 3598 3582; x_wconf 81' lang='lat' dir='ltr'><strong>deprecanti</strong></span> 
     </span>
    </p>
   </div>
   <div class='ocr_carea' id='block_1_82' title="bbox 2017 3595 3596 3674">
    <p class='ocr_par' dir='ltr' id='par_1_82' title="bbox 2017 3595 3596 3674">
     <span class='ocr_line' id='line_1_82' title="bbox 2017 3595 3596 3674; baseline -0.003 -16"><span class='ocrx_word' id='word_1_582' title='bbox 2017 3595 2378 3666; x_wconf 87' lang='lat' dir='ltr'><strong>Gerasimus,</strong></span> <span class='ocrx_word' id='word_1_583' title='bbox 2447 3605 2747 3658; x_wconf 82' lang='lat' dir='ltr'><strong>monachus</strong></span> <span class='ocrx_word' id='word_1_584' title='bbox 2802 3616 2834 3657; x_wconf 92' lang='lat' dir='ltr'><strong>e</strong></span> <span class='ocrx_word' id='word_1_585' title='bbox 2887 3603 3176 3674; x_wconf 76' lang='lat' dir='ltr'><strong>Manganio</strong></span> <span class='ocrx_word' id='word_1_586' title='bbox 3237 3604 3596 3664; x_wconf 86' lang='lat' dir='ltr'><strong>monasterio.</strong></span> 
     </span>
    </p>
   </div>
   <div class='ocr_carea' id='block_1_83' title="bbox 2019 3695 3602 3764">
    <p class='ocr_par' dir='ltr' id='par_1_83' title="bbox 2019 3695 3602 3764">
     <span class='ocr_line' id='line_1_83' title="bbox 2019 3695 3602 3764; baseline -0.001 -13"><span class='ocrx_word' id='word_1_587' title='bbox 2019 3695 2285 3752; x_wconf 72' lang='lat' dir='ltr'><strong>suffectus</strong></span> <span class='ocrx_word' id='word_1_588' title='bbox 2315 3703 2422 3760; x_wconf 87' lang='lat' dir='ltr'><strong>est,</strong></span> <span class='ocrx_word' id='word_1_589' title='bbox 2457 3695 2620 3750; x_wconf 88' lang='lat' dir='ltr'><strong>homo</strong></span> <span class='ocrx_word' id='word_1_590' title='bbox 2655 3695 2810 3751; x_wconf 89' lang='lat' dir='ltr'><strong>canis</strong></span> <span class='ocrx_word' id='word_1_591' title='bbox 2837 3696 3072 3764; x_wconf 84' lang='lat' dir='ltr'><strong>capillis,</strong></span> <span class='ocrx_word' id='word_1_592' title='bbox 3101 3695 3194 3752; x_wconf 90' lang='lat' dir='ltr'><strong>sed</strong></span> <span class='ocrx_word' id='word_1_593' title='bbox 3223 3695 3407 3764; x_wconf 79' lang='lat' dir='ltr'><strong>pravis</strong></span> <span class='ocrx_word' id='word_1_594' title='bbox 3435 3695 3602 3750; x_wconf 87' lang='lat' dir='ltr'><strong>mori-</strong></span> 
     </span>
    </p>
   </div>
   <div class='ocr_carea' id='block_1_84' title="bbox 2018 3785 3604 3858">
    <p class='ocr_par' dir='ltr' id='par_1_84' title="bbox 2018 3785 3604 3858">
     <span class='ocr_line' id='line_1_84' title="bbox 2018 3785 3604 3858; baseline -0.002 -13"><span class='ocrx_word' id='word_1_595' title='bbox 2018 3789 2141 3845; x_wconf 86' lang='lat' dir='ltr'><strong>bus.</strong></span> <span class='ocrx_word' id='word_1_596' title='bbox 2181 3788 2278 3843; x_wconf 83' lang='lat' dir='ltr'><strong>llic</strong></span> <span class='ocrx_word' id='word_1_597' title='bbox 2308 3802 2434 3843; x_wconf 87' lang='lat' dir='ltr'><strong>cum</strong></span> <span class='ocrx_word' id='word_1_598' title='bbox 2459 3787 2854 3857; x_wconf 75' lang='lat' dir='ltr'><strong>aliquantisper</strong></span> <span class='ocrx_word' id='word_1_599' title='bbox 2880 3787 3138 3844; x_wconf 72' lang='lat' dir='ltr'><strong>Ecclesia:</strong></span> <span class='ocrx_word' id='word_1_600' title='bbox 3167 3785 3495 3858; x_wconf 80' lang='lat' dir='ltr'><strong>praefuisset,</strong></span> <span class='ocrx_word' id='word_1_601' title='bbox 3517 3801 3604 3842; x_wconf 87' lang='lat' dir='ltr'><strong>se-</strong></span> 
     </span>
    </p>
   </div>
   <div class='ocr_carea' id='block_1_85' title="bbox 2019 3879 3603 3941">
    <p class='ocr_par' dir='ltr' id='par_1_85' title="bbox 2019 3879 3603 3941">
     <span class='ocr_line' id='line_1_85' title="bbox 2019 3879 3603 3941; baseline -0.003 -3"><span class='ocrx_word' id='word_1_602' title='bbox 2019 3883 2140 3938; x_wconf 78' lang='lat' dir='ltr'><strong>dem</strong></span> <span class='ocrx_word' id='word_1_603' title='bbox 2173 3881 2364 3936; x_wconf 88' lang='lat' dir='ltr'><strong>volens</strong></span> <span class='ocrx_word' id='word_1_604' title='bbox 2395 3879 2587 3935; x_wconf 90' lang='lat' dir='ltr'><strong>nolens</strong></span> <span class='ocrx_word' id='word_1_605' title='bbox 2615 3879 2889 3936; x_wconf 88' lang='lat' dir='ltr'><strong>concessit</strong></span> <span class='ocrx_word' id='word_1_606' title='bbox 2941 3880 3116 3941; x_wconf 65' lang='lat' dir='ltr'><strong>Isaiaa.</strong></span> <span class='ocrx_word' id='word_1_607' title='bbox 3150 3879 3270 3934; x_wconf 85' lang='lat' dir='ltr'><strong>viro</strong></span> <span class='ocrx_word' id='word_1_608' title='bbox 3288 3880 3404 3935; x_wconf 91' lang='lat' dir='ltr'><strong>seni</strong></span> <span class='ocrx_word' id='word_1_609' title='bbox 3425 3889 3481 3934; x_wconf 92' lang='lat' dir='ltr'><strong>et</strong></span> <span class='ocrx_word' id='word_1_610' title='bbox 3512 3895 3603 3934; x_wconf 85' lang='lat' dir='ltr'><strong>ve-</strong></span> 
     </span>
    </p>
   </div>
   <div class='ocr_carea' id='block_1_86' title="bbox 2020 3970 3602 4042">
    <p class='ocr_par' dir='ltr' id='par_1_86' title="bbox 2020 3970 3602 4042">
     <span class='ocr_line' id='line_1_86' title="bbox 2020 3970 3602 4042; baseline -0.003 -12"><span class='ocrx_word' id='word_1_611' title='bbox 2020 3975 2260 4030; x_wconf 86' lang='lat' dir='ltr'><strong>nerando</strong></span> <span class='ocrx_word' id='word_1_612' title='bbox 2290 3987 2322 4028; x_wconf 89' lang='lat' dir='ltr'><strong>e</strong></span> <span class='ocrx_word' id='word_1_613' title='bbox 2355 3981 2542 4029; x_wconf 90' lang='lat' dir='ltr'><strong>monte</strong></span> <span class='ocrx_word' id='word_1_614' title='bbox 2560 3973 2774 4027; x_wconf 82' lang='lat' dir='ltr'><strong>Athone</strong></span> <span class='ocrx_word' id='word_1_615' title='bbox 2801 3972 3093 4038; x_wconf 89' lang='lat' dir='ltr'><strong>monacho,</strong></span> <span class='ocrx_word' id='word_1_616' title='bbox 3111 3972 3202 4042; x_wconf 89' lang='lat' dir='ltr'><strong>qui</strong></span> <span class='ocrx_word' id='word_1_617' title='bbox 3231 3970 3375 4028; x_wconf 80' lang='lat' dir='ltr'><strong>forte</strong></span> <span class='ocrx_word' id='word_1_618' title='bbox 3398 3973 3450 4027; x_wconf 91' lang='lat' dir='ltr'><strong>in</strong></span> <span class='ocrx_word' id='word_1_619' title='bbox 3468 3974 3602 4027; x_wconf 89' lang='lat' dir='ltr'><strong>urbe</strong></span> 
     </span>
    </p>
   </div>
   <div class='ocr_carea' id='block_1_87' title="bbox 2020 4067 2231 4122">
    <p class='ocr_par' dir='ltr' id='par_1_87' title="bbox 2020 4067 2231 4122">
     <span class='ocr_line' id='line_1_87' title="bbox 2020 4067 2231 4122; baseline -0.014 0"><span class='ocrx_word' id='word_1_620' title='bbox 2020 4067 2231 4122; x_wconf 88' lang='lat' dir='ltr'><strong>aderat.</strong></span> 
     </span>
    </p>
   </div>
   <div class='ocr_carea' id='block_1_88' title="bbox 2090 4162 3606 4235">
    <p class='ocr_par' dir='ltr' id='par_1_88' title="bbox 2090 4162 3606 4235">
     <span class='ocr_line' id='line_1_88' title="bbox 2090 4162 3606 4235; baseline -0.002 -15"><span class='ocrx_word' id='word_1_621' title='bbox 2090 4165 2184 4220; x_wconf 91' lang='lat' dir='ltr'><strong>Illo</strong></span> <span class='ocrx_word' id='word_1_622' title='bbox 2219 4173 2462 4235; x_wconf 86' lang='lat' dir='ltr'><strong>tempore</strong></span> <span class='ocrx_word' id='word_1_623' title='bbox 2481 4175 2627 4220; x_wconf 90' lang='lat' dir='ltr'><strong>terra</strong></span> <span class='ocrx_word' id='word_1_624' title='bbox 2658 4173 2810 4220; x_wconf 85' lang='lat' dir='ltr'><strong>motu</strong></span> <span class='ocrx_word' id='word_1_625' title='bbox 2845 4163 3050 4235; x_wconf 70' lang='lat' dir='ltr'><strong>ingenti</strong></span> <span class='ocrx_word' id='word_1_626' title='bbox 3077 4162 3438 4229; x_wconf 90' lang='lat' dir='ltr'><strong>contremuit,</strong></span> <span class='ocrx_word' id='word_1_627' title='bbox 3465 4163 3606 4219; x_wconf 82' lang='lat' dir='ltr'><strong>mul-</strong></span> 
     </span>
    </p>
   </div>
   <div class='ocr_carea' id='block_1_89' title="bbox 2022 4257 3600 4330">
    <p class='ocr_par' dir='ltr' id='par_1_89' title="bbox 2022 4257 3600 4330">
     <span class='ocr_line' id='line_1_89' title="bbox 2022 4257 3600 4330; baseline 0 -16"><span class='ocrx_word' id='word_1_628' title='bbox 2022 4269 2198 4327; x_wconf 68' lang='lat' dir='ltr'><strong>taeque</strong></span> <span class='ocrx_word' id='word_1_629' title='bbox 2228 4259 2422 4313; x_wconf 87' lang='lat' dir='ltr'><strong>domus</strong></span> <span class='ocrx_word' id='word_1_630' title='bbox 2447 4257 2751 4329; x_wconf 70' lang='lat' dir='ltr'><strong>magnificae</strong></span> <span class='ocrx_word' id='word_1_631' title='bbox 2785 4269 2840 4313; x_wconf 93' lang='lat' dir='ltr'><strong>et</strong></span> <span class='ocrx_word' id='word_1_632' title='bbox 2872 4269 3191 4315; x_wconf 88' lang='lat' dir='ltr'><strong>sanctorum</strong></span> <span class='ocrx_word' id='word_1_633' title='bbox 3224 4260 3369 4316; x_wconf 73' lang='lat' dir='ltr'><strong>aedes</strong></span> <span class='ocrx_word' id='word_1_634' title='bbox 3399 4261 3600 4330; x_wconf 83' lang='lat' dir='ltr'><strong>partim</strong></span> 
     </span>
    </p>
   </div>
   <div class='ocr_carea' id='block_1_90' title="bbox 2021 4350 3603 4423">
    <p class='ocr_par' dir='ltr' id='par_1_90' title="bbox 2021 4350 3603 4423">
     <span class='ocr_line' id='line_1_90' title="bbox 2021 4350 3603 4423; baseline 0.001 -18"><span class='ocrx_word' id='word_1_635' title='bbox 2021 4352 2315 4407; x_wconf 72' lang='lat' dir='ltr'><strong>destructas</strong></span> <span class='ocrx_word' id='word_1_636' title='bbox 2338 4361 2486 4419; x_wconf 80' lang='lat' dir='ltr'><strong>sunt,</strong></span> <span class='ocrx_word' id='word_1_637' title='bbox 2515 4350 2711 4422; x_wconf 87' lang='lat' dir='ltr'><strong>partim</strong></span> <span class='ocrx_word' id='word_1_638' title='bbox 2738 4359 2968 4422; x_wconf 74' lang='lat' dir='ltr'><strong>egerunt</strong></span> <span class='ocrx_word' id='word_1_639' title='bbox 2995 4352 3185 4416; x_wconf 84' lang='lat' dir='ltr'><strong>rimas,</strong></span> <span class='ocrx_word' id='word_1_640' title='bbox 3215 4361 3380 4423; x_wconf 85' lang='lat' dir='ltr'><strong>atque</strong></span> <span class='ocrx_word' id='word_1_641' title='bbox 3403 4361 3603 4408; x_wconf 66' lang='lat' dir='ltr'><strong>stature</strong></span> 
     </span>
    </p>
   </div>
   <div class='ocr_carea' id='block_1_91' title="bbox 2023 4437 3175 4512">
    <p class='ocr_par' dir='ltr' id='par_1_91' title="bbox 2023 4437 3175 4512">
     <span class='ocr_line' id='line_1_91' title="bbox 2023 4437 3175 4512; baseline -0.003 -16"><span class='ocrx_word' id='word_1_642' title='bbox 2023 4442 2169 4497; x_wconf 86' lang='lat' dir='ltr'><strong>haud</strong></span> <span class='ocrx_word' id='word_1_643' title='bbox 2204 4456 2391 4512; x_wconf 73' lang='lat' dir='ltr'><strong>paucae</strong></span> <span class='ocrx_word' id='word_1_644' title='bbox 2422 4441 2490 4496; x_wconf 91' lang='lat' dir='ltr'><strong>de</strong></span> <span class='ocrx_word' id='word_1_645' title='bbox 2524 4439 2796 4496; x_wconf 83' lang='lat' dir='ltr'><strong>columnis</strong></span> <span class='ocrx_word' id='word_1_646' title='bbox 2832 4437 3175 4496; x_wconf 82' lang='lat' dir='ltr'><strong>deciderunt.</strong></span> 
     </span>
    </p>
   </div>
   <div class='ocr_carea' id='block_1_92' title="bbox 340 4530 1921 4610">
    <p class='ocr_par' dir='ltr' id='par_1_92' title="bbox 340 4533 1911 4609">
     <span class='ocr_line' id='line_1_92' title="bbox 340 4533 1911 4609; baseline 0.011 -27"><span class='ocrx_word' id='word_1_647' title='bbox 340 4533 642 4606; x_wconf 80' lang='lat' dir='ltr'><strong>nasteriom</strong></span> <span class='ocrx_word' id='word_1_648' title='bbox 675 4550 704 4588; x_wconf 86' lang='lat' dir='ltr'><strong>a</strong></span> <span class='ocrx_word' id='word_1_649' title='bbox 733 4551 792 4591; x_wconf 91' lang='lat' dir='ltr'><strong>se</strong></span> <span class='ocrx_word' id='word_1_650' title='bbox 819 4545 1196 4592; x_wconf 89' lang='lat' dir='ltr'><strong>constructum</strong></span> <span class='ocrx_word' id='word_1_651' title='bbox 1231 4541 1433 4609; x_wconf 86' lang='lat' dir='ltr'><strong>quietis</strong></span> <span class='ocrx_word' id='word_1_652' title='bbox 1464 4557 1629 4597; x_wconf 83' lang='lat' dir='ltr'><strong>causa</strong></span> <span class='ocrx_word' id='word_1_653' title='bbox 1661 4545 1911 4599; x_wconf 88' lang='lat' dir='ltr'><strong>secessit.</strong></span> 
     </span>
    </p>
   </div>
   <div class='ocr_carea' id='block_1_93' title="bbox 2027 4530 3603 4610">
    <p class='ocr_par' dir='ltr' id='par_1_93' title="bbox 2090 4530 3603 4604">
     <span class='ocr_line' id='line_1_93' title="bbox 2090 4530 3603 4604; baseline -0.004 -15"><span class='ocrx_word' id='word_1_654' title='bbox 2090 4533 2227 4589; x_wconf 84' lang='lat' dir='ltr'><strong>Cum</strong></span> <span class='ocrx_word' id='word_1_655' title='bbox 2251 4539 2516 4604; x_wconf 72' lang='lat' dir='ltr'><strong>regnante</strong></span> <span class='ocrx_word' id='word_1_656' title='bbox 2549 4531 2654 4587; x_wconf 91' lang='lat' dir='ltr'><strong>hoc</strong></span> <span class='ocrx_word' id='word_1_657' title='bbox 2697 4531 3032 4602; x_wconf 78' lang='lat' dir='ltr'><strong>imperatore</strong></span> <span class='ocrx_word' id='word_1_658' title='bbox 3067 4530 3374 4588; x_wconf 80' lang='lat' dir='ltr'><strong>triremium</strong></span> <span class='ocrx_word' id='word_1_659' title='bbox 3405 4546 3603 4585; x_wconf 57' lang='lat' dir='ltr'><strong>nume-</strong></span> 
     </span>
    </p>
   </div>
   <div class='ocr_carea' id='block_1_94' title="bbox 336 4620 1912 4702">
    <p class='ocr_par' dir='ltr' id='par_1_94' title="bbox 336 4620 1912 4702">
     <span class='ocr_line' id='line_1_94' title="bbox 336 4620 1912 4702; baseline 0.013 -28"><span class='ocrx_word' id='word_1_660' title='bbox 336 4620 396 4674; x_wconf 78' lang='lat' dir='ltr'><strong>In</strong></span> <span class='ocrx_word' id='word_1_661' title='bbox 427 4620 548 4689; x_wconf 78' lang='lat' dir='ltr'><strong>eius</strong></span> <span class='ocrx_word' id='word_1_662' title='bbox 579 4623 756 4679; x_wconf 89' lang='lat' dir='ltr'><strong>locum</strong></span> <span class='ocrx_word' id='word_1_663' title='bbox 788 4625 1119 4697; x_wconf 79' lang='lat' dir='ltr'><strong>subrogatur</strong></span> <span class='ocrx_word' id='word_1_664' title='bbox 1163 4627 1406 4684; x_wconf 75' lang='lat' dir='ltr'><strong>Joannes</strong></span> <span class='ocrx_word' id='word_1_665' title='bbox 1444 4631 1865 4702; x_wconf 79' lang='lat' dir='ltr'><strong>Sonpolitanus</strong></span> <span class='ocrx_word' id='word_1_666' title='bbox 1895 4651 1912 4694; x_wconf 83' lang='lat'><strong>:</strong></span> 
     </span>
    </p>
   </div>
   <div class='ocr_carea' id='block_1_95' title="bbox 147 4710 1917 4788">
    <p class='ocr_par' dir='ltr' id='par_1_95' title="bbox 147 4710 1917 4788">
     <span class='ocr_line' id='line_1_95' title="bbox 147 4710 1917 4788; baseline 0.01 -27"><span class='ocrx_word' id='word_1_667' title='bbox 147 4721 150 4725; x_wconf 78' lang='lat'><strong><em>&#39;</em></strong></span> <span class='ocrx_word' id='word_1_668' title='bbox 259 4783 268 4788; x_wconf 20' lang='grc' dir='ltr'><strong><em>ι</em></strong></span> <span class='ocrx_word' id='word_1_669' title='bbox 335 4710 428 4776; x_wconf 85' lang='lat' dir='ltr'><strong>qui</strong></span> <span class='ocrx_word' id='word_1_670' title='bbox 453 4725 577 4765; x_wconf 91' lang='lat' dir='ltr'><strong>cum</strong></span> <span class='ocrx_word' id='word_1_671' title='bbox 603 4727 828 4769; x_wconf 82' lang='lat' dir='ltr'><strong>uxorem</strong></span> <span class='ocrx_word' id='word_1_672' title='bbox 855 4723 912 4770; x_wconf 89' lang='lat' dir='ltr'><strong>et</strong></span> <span class='ocrx_word' id='word_1_673' title='bbox 931 4715 1136 4773; x_wconf 89' lang='lat' dir='ltr'><strong>liberos</strong></span> <span class='ocrx_word' id='word_1_674' title='bbox 1163 4719 1410 4784; x_wconf 86' lang='lat' dir='ltr'><strong>haberet,</strong></span> <span class='ocrx_word' id='word_1_675' title='bbox 1435 4719 1525 4775; x_wconf 85' lang='lat' dir='ltr'><strong>illa</strong></span> <span class='ocrx_word' id='word_1_676' title='bbox 1551 4734 1768 4778; x_wconf 88' lang='lat' dir='ltr'><strong>mortua</strong></span> <span class='ocrx_word' id='word_1_677' title='bbox 1797 4741 1917 4779; x_wconf 81' lang='lat' dir='ltr'><strong>mo-</strong></span> 
     </span>
    </p>
   </div>
   <div class='ocr_carea' id='block_1_96' title="bbox 334 4803 1918 4883">
    <p class='ocr_par' dir='ltr' id='par_1_96' title="bbox 334 4803 1918 4883">
     <span class='ocr_line' id='line_1_96' title="bbox 334 4803 1918 4883; baseline 0.009 -25"><span class='ocrx_word' id='word_1_678' title='bbox 334 4803 624 4858; x_wconf 79' lang='lat' dir='ltr'><strong>nachicum</strong></span> <span class='ocrx_word' id='word_1_679' title='bbox 672 4806 926 4862; x_wconf 88' lang='lat' dir='ltr'><strong>induerat</strong></span> <span class='ocrx_word' id='word_1_680' title='bbox 981 4809 1225 4880; x_wconf 87' lang='lat' dir='ltr'><strong>pallium.</strong></span> <span class='ocrx_word' id='word_1_681' title='bbox 1265 4812 1312 4866; x_wconf 90' lang='lat' dir='ltr'><strong>Is</strong></span> <span class='ocrx_word' id='word_1_682' title='bbox 1347 4814 1532 4883; x_wconf 76' lang='lat' dir='ltr'><strong>igitur,</strong></span> <span class='ocrx_word' id='word_1_683' title='bbox 1589 4818 1918 4882; x_wconf 85' lang='lat' dir='ltr'><strong>procedente</strong></span> 
     </span>
    </p>
   </div>
   <div class='ocr_carea' id='block_1_97' title="bbox 337 4901 1921 4974">
    <p class='ocr_par' dir='ltr' id='par_1_97' title="bbox 337 4901 1921 4974">
     <span class='ocr_line' id='line_1_97' title="bbox 337 4901 1921 4974; baseline 0.009 -25"><span class='ocrx_word' id='word_1_684' title='bbox 337 4908 609 4966; x_wconf 85' lang='lat' dir='ltr'><strong>tempore,</strong></span> <span class='ocrx_word' id='word_1_685' title='bbox 629 4910 824 4954; x_wconf 88' lang='lat' dir='ltr'><strong>auctus</strong></span> <span class='ocrx_word' id='word_1_686' title='bbox 848 4901 1074 4968; x_wconf 83' lang='lat' dir='ltr'><strong>virtute,</strong></span> <span class='ocrx_word' id='word_1_687' title='bbox 1098 4903 1424 4972; x_wconf 75' lang='lat' dir='ltr'><strong>patriarcha:</strong></span> <span class='ocrx_word' id='word_1_688' title='bbox 1441 4905 1714 4974; x_wconf 87' lang='lat' dir='ltr'><strong>Cpolitani</strong></span> <span class='ocrx_word' id='word_1_689' title='bbox 1745 4909 1921 4964; x_wconf 78' lang='lat' dir='ltr'><strong>hono-</strong></span> 
     </span>
    </p>
   </div>
   <div class='ocr_carea' id='block_1_98' title="bbox 337 4999 1926 5070">
    <p class='ocr_par' dir='ltr' id='par_1_98' title="bbox 337 4999 1926 5070">
     <span class='ocr_line' id='line_1_98' title="bbox 337 4999 1926 5070; baseline 0.008 -27"><span class='ocrx_word' id='word_1_690' title='bbox 337 5007 453 5043; x_wconf 82' lang='lat' dir='ltr'><strong>rent</strong></span> <span class='ocrx_word' id='word_1_691' title='bbox 489 5000 776 5047; x_wconf 86' lang='lat' dir='ltr'><strong>assecutus</strong></span> <span class='ocrx_word' id='word_1_692' title='bbox 797 5003 922 5061; x_wconf 87' lang='lat' dir='ltr'><strong>est;</strong></span> <span class='ocrx_word' id='word_1_693' title='bbox 951 5010 1061 5063; x_wconf 88' lang='lat' dir='ltr'><strong>quo</strong></span> <span class='ocrx_word' id='word_1_694' title='bbox 1090 5005 1298 5062; x_wconf 88' lang='lat' dir='ltr'><strong>tamen,</strong></span> <span class='ocrx_word' id='word_1_695' title='bbox 1329 5013 1557 5053; x_wconf 91' lang='lat' dir='ltr'><strong>munere</strong></span> <span class='ocrx_word' id='word_1_696' title='bbox 1597 4999 1926 5070; x_wconf 84' lang='lat' dir='ltr'><strong>aliquandiu</strong></span> 
     </span>
    </p>
   </div>
   <div class='ocr_carea' id='block_1_99' title="bbox 335 5083 1915 5158">
    <p class='ocr_par' dir='ltr' id='par_1_99' title="bbox 335 5083 1915 5158">
     <span class='ocr_line' id='line_1_99' title="bbox 335 5083 1915 5158; baseline 0.009 -24"><span class='ocrx_word' id='word_1_697' title='bbox 335 5083 584 5144; x_wconf 81' lang='lat' dir='ltr'><strong>functus.</strong></span> <span class='ocrx_word' id='word_1_698' title='bbox 615 5083 756 5139; x_wconf 86' lang='lat' dir='ltr'><strong>ultro</strong></span> <span class='ocrx_word' id='word_1_699' title='bbox 790 5100 850 5139; x_wconf 85' lang='lat' dir='ltr'><strong>se</strong></span> <span class='ocrx_word' id='word_1_700' title='bbox 878 5085 1194 5154; x_wconf 83' lang='lat' dir='ltr'><strong>abdicavit;</strong></span> <span class='ocrx_word' id='word_1_701' title='bbox 1226 5096 1280 5142; x_wconf 91' lang='lat' dir='ltr'><strong>et</strong></span> <span class='ocrx_word' id='word_1_702' title='bbox 1309 5089 1510 5144; x_wconf 87' lang='lat' dir='ltr'><strong>solium</strong></span> <span class='ocrx_word' id='word_1_703' title='bbox 1546 5092 1915 5158; x_wconf 84' lang='lat' dir='ltr'><strong>patriarchale</strong></span> 
     </span>
    </p>
   </div>
   <div class='ocr_carea' id='block_1_100' title="bbox 335 5179 1926 5248">
    <p class='ocr_par' dir='ltr' id='par_1_100' title="bbox 335 5179 1926 5248">
     <span class='ocr_line' id='line_1_100' title="bbox 335 5179 1926 5248; baseline 0.007 -19"><span class='ocrx_word' id='word_1_704' title='bbox 335 5179 534 5230; x_wconf 83' lang='lat' dir='ltr'><strong>iterum</strong></span> <span class='ocrx_word' id='word_1_705' title='bbox 587 5179 877 5248; x_wconf 82' lang='lat' dir='ltr'><strong>occupavit</strong></span> <span class='ocrx_word' id='word_1_706' title='bbox 912 5181 1265 5237; x_wconf 79' lang='lat' dir='ltr'><strong>Athanasius.</strong></span> <span class='ocrx_word' id='word_1_707' title='bbox 1302 5181 1580 5239; x_wconf 77' lang='lat' dir='ltr'><strong>&#39;l‘euuerat</strong></span> <span class='ocrx_word' id='word_1_708' title='bbox 1629 5185 1676 5238; x_wconf 91' lang='lat' dir='ltr'><strong>is</strong></span> <span class='ocrx_word' id='word_1_709' title='bbox 1717 5184 1926 5240; x_wconf 77' lang='lat' dir='ltr'><strong>deinde</strong></span> 
     </span>
    </p>
   </div>
   <div class='ocr_carea' id='block_1_101' title="bbox 336 5271 1917 5339">
    <p class='ocr_par' dir='ltr' id='par_1_101' title="bbox 336 5271 1917 5339">
     <span class='ocr_line' id='line_1_101' title="bbox 336 5271 1917 5339; baseline 0.005 -16"><span class='ocrx_word' id='word_1_710' title='bbox 336 5287 434 5338; x_wconf 89' lang='lat' dir='ltr'><strong>per</strong></span> <span class='ocrx_word' id='word_1_711' title='bbox 463 5285 640 5325; x_wconf 89' lang='lat' dir='ltr'><strong>annos</strong></span> <span class='ocrx_word' id='word_1_712' title='bbox 666 5279 792 5326; x_wconf 89' lang='lat' dir='ltr'><strong>octo</strong></span> <span class='ocrx_word' id='word_1_713' title='bbox 818 5271 1033 5326; x_wconf 88' lang='lat' dir='ltr'><strong>clavum</strong></span> <span class='ocrx_word' id='word_1_714' title='bbox 1066 5273 1340 5339; x_wconf 58' lang='lat' dir='ltr'><strong>Ecclesiae,</strong></span> <span class='ocrx_word' id='word_1_715' title='bbox 1371 5290 1494 5330; x_wconf 88' lang='lat' dir='ltr'><strong>cum</strong></span> <span class='ocrx_word' id='word_1_716' title='bbox 1529 5289 1719 5331; x_wconf 89' lang='lat' dir='ltr'><strong>rursus</strong></span> <span class='ocrx_word' id='word_1_717' title='bbox 1745 5277 1917 5331; x_wconf 62' lang='lat' dir='ltr'><strong>turbat</strong></span> 
     </span>
    </p>
   </div>
   <div class='ocr_carea' id='block_1_102' title="bbox 334 5363 1920 5437">
    <p class='ocr_par' dir='ltr' id='par_1_102' title="bbox 334 5363 1920 5437">
     <span class='ocr_line' id='line_1_102' title="bbox 334 5363 1920 5437; baseline 0.004 -22"><span class='ocrx_word' id='word_1_718' title='bbox 334 5364 585 5432; x_wconf 69' lang='lat' dir='ltr'><strong>quaedam</strong></span> <span class='ocrx_word' id='word_1_719' title='bbox 610 5363 909 5420; x_wconf 81' lang='lat' dir='ltr'><strong>orirentur.</strong></span> <span class='ocrx_word' id='word_1_720' title='bbox 939 5364 1147 5436; x_wconf 80' lang='lat' dir='ltr'><strong>Itaque,</strong></span> <span class='ocrx_word' id='word_1_721' title='bbox 1177 5377 1234 5421; x_wconf 92' lang='lat' dir='ltr'><strong>ut</strong></span> <span class='ocrx_word' id='word_1_722' title='bbox 1265 5367 1468 5437; x_wconf 85' lang='lat' dir='ltr'><strong>quietis</strong></span> <span class='ocrx_word' id='word_1_723' title='bbox 1493 5383 1709 5437; x_wconf 86' lang='lat' dir='ltr'><strong>semper</strong></span> <span class='ocrx_word' id='word_1_724' title='bbox 1729 5383 1920 5426; x_wconf 78' lang='lat' dir='ltr'><strong>aman-</strong></span> 
     </span>
    </p>
   </div>
   <div class='ocr_carea' id='block_1_103' title="bbox 339 5456 1922 5530">
    <p class='ocr_par' dir='ltr' id='par_1_103' title="bbox 339 5456 1922 5530">
     <span class='ocr_line' id='line_1_103' title="bbox 339 5456 1922 5530; baseline 0.004 -22"><span class='ocrx_word' id='word_1_725' title='bbox 339 5457 609 5520; x_wconf 89' lang='lat' dir='ltr'><strong>tissimus,</strong></span> <span class='ocrx_word' id='word_1_726' title='bbox 645 5456 846 5510; x_wconf 86' lang='lat' dir='ltr'><strong>iterum</strong></span> <span class='ocrx_word' id='word_1_727' title='bbox 891 5456 1008 5511; x_wconf 88' lang='lat' dir='ltr'><strong>loco</strong></span> <span class='ocrx_word' id='word_1_728' title='bbox 1062 5456 1230 5522; x_wconf 84' lang='lat' dir='ltr'><strong>cedit,</strong></span> <span class='ocrx_word' id='word_1_729' title='bbox 1268 5458 1336 5524; x_wconf 43' lang='lat' dir='ltr'><strong>.in</strong></span> <span class='ocrx_word' id='word_1_730' title='bbox 1391 5473 1552 5528; x_wconf 86' lang='lat' dir='ltr'><strong>quem</strong></span> <span class='ocrx_word' id='word_1_731' title='bbox 1595 5462 1922 5530; x_wconf 72' lang='lat' dir='ltr'><strong>subrugatnr</strong></span> 
     </span>
    </p>
   </div>
   <div class='ocr_carea' id='block_1_104' title="bbox 345 5543 1920 5622">
    <p class='ocr_par' dir='ltr' id='par_1_104' title="bbox 345 5543 1920 5622">
     <span class='ocr_line' id='line_1_104' title="bbox 345 5543 1920 5622; baseline 0.004 -24"><span class='ocrx_word' id='word_1_732' title='bbox 345 5543 557 5616; x_wconf 82' lang='lat' dir='ltr'><strong>Nepho,</strong></span> <span class='ocrx_word' id='word_1_733' title='bbox 589 5546 775 5617; x_wconf 82' lang='lat' dir='ltr'><strong>Cyzici</strong></span> <span class='ocrx_word' id='word_1_734' title='bbox 803 5547 1092 5618; x_wconf 86' lang='lat' dir='ltr'><strong>episcopus</strong></span> <span class='ocrx_word' id='word_1_735' title='bbox 1121 5567 1135 5602; x_wconf 91' lang='lat'><strong>:</strong></span> <span class='ocrx_word' id='word_1_736' title='bbox 1171 5549 1263 5618; x_wconf 91' lang='lat' dir='ltr'><strong>qui</strong></span> <span class='ocrx_word' id='word_1_737' title='bbox 1305 5549 1453 5605; x_wconf 86' lang='lat' dir='ltr'><strong>brevi</strong></span> <span class='ocrx_word' id='word_1_738' title='bbox 1490 5559 1609 5618; x_wconf 89' lang='lat' dir='ltr'><strong>post</strong></span> <span class='ocrx_word' id='word_1_739' title='bbox 1641 5551 1780 5606; x_wconf 89' lang='lat' dir='ltr'><strong>solio</strong></span> <span class='ocrx_word' id='word_1_740' title='bbox 1820 5567 1920 5622; x_wconf 81' lang='lat' dir='ltr'><strong>pa-</strong></span> 
     </span>
    </p>
   </div>
   <div class='ocr_carea' id='block_1_105' title="bbox 343 5635 1916 5710">
    <p class='ocr_par' dir='ltr' id='par_1_105' title="bbox 343 5635 1916 5710">
     <span class='ocr_line' id='line_1_105' title="bbox 343 5635 1916 5710; baseline 0.002 -20"><span class='ocrx_word' id='word_1_741' title='bbox 343 5637 627 5692; x_wconf 85' lang='lat' dir='ltr'><strong>triarchali</strong></span> <span class='ocrx_word' id='word_1_742' title='bbox 658 5637 926 5707; x_wconf 77' lang='lat' dir='ltr'><strong>deiectus,</strong></span> <span class='ocrx_word' id='word_1_743' title='bbox 951 5638 1223 5709; x_wconf 76' lang='lat' dir='ltr'><strong>excipitur</strong></span> <span class='ocrx_word' id='word_1_744' title='bbox 1251 5638 1321 5692; x_wconf 90' lang='lat' dir='ltr'><strong>ab</strong></span> <span class='ocrx_word' id='word_1_745' title='bbox 1351 5635 1563 5692; x_wconf 78' lang='lat' dir='ltr'><strong>Joanne</strong></span> <span class='ocrx_word' id='word_1_746' title='bbox 1601 5637 1795 5710; x_wconf 85' lang='lat' dir='ltr'><strong>Glycy,</strong></span> <span class='ocrx_word' id='word_1_747' title='bbox 1836 5639 1916 5693; x_wconf 89' lang='lat' dir='ltr'><strong>lo-</strong></span> 
     </span>
    </p>
   </div>
   <div class='ocr_carea' id='block_1_106' title="bbox 343 5729 1913 5801">
    <p class='ocr_par' dir='ltr' id='par_1_106' title="bbox 343 5729 1913 5801">
     <span class='ocr_line' id='line_1_106' title="bbox 343 5729 1913 5801; baseline 0.004 -22"><span class='ocrx_word' id='word_1_748' title='bbox 343 5730 564 5794; x_wconf 70' lang='lat' dir='ltr'><strong>gotheta</strong></span> <span class='ocrx_word' id='word_1_749' title='bbox 602 5729 805 5796; x_wconf 74' lang='lat' dir='ltr'><strong>drmni,</strong></span> <span class='ocrx_word' id='word_1_750' title='bbox 831 5731 922 5800; x_wconf 87' lang='lat' dir='ltr'><strong>qui</strong></span> <span class='ocrx_word' id='word_1_751' title='bbox 959 5740 1014 5786; x_wconf 82' lang='lat' dir='ltr'><strong>et</strong></span> <span class='ocrx_word' id='word_1_752' title='bbox 1044 5732 1160 5801; x_wconf 89' lang='lat' dir='ltr'><strong>ipse</strong></span> <span class='ocrx_word' id='word_1_753' title='bbox 1185 5745 1407 5786; x_wconf 77' lang='lat' dir='ltr'><strong>uxorem</strong></span> <span class='ocrx_word' id='word_1_754' title='bbox 1431 5741 1483 5785; x_wconf 91' lang='lat' dir='ltr'><strong>et</strong></span> <span class='ocrx_word' id='word_1_755' title='bbox 1513 5730 1712 5786; x_wconf 86' lang='lat' dir='ltr'><strong>liberos</strong></span> <span class='ocrx_word' id='word_1_756' title='bbox 1745 5732 1913 5786; x_wconf 80' lang='lat' dir='ltr'><strong>habe-</strong></span> 
     </span>
    </p>
   </div>
   <div class='ocr_carea' id='block_1_107' title="bbox 347 5823 1910 5894">
    <p class='ocr_par' dir='ltr' id='par_1_107' title="bbox 347 5823 1910 5894">
     <span class='ocr_line' id='line_1_107' title="bbox 347 5823 1910 5894; baseline 0.002 -18"><span class='ocrx_word' id='word_1_757' title='bbox 347 5824 460 5878; x_wconf 81' lang='lat' dir='ltr'><strong>bat.</strong></span> <span class='ocrx_word' id='word_1_758' title='bbox 505 5823 629 5879; x_wconf 78' lang='lat' dir='ltr'><strong>Erat</strong></span> <span class='ocrx_word' id='word_1_759' title='bbox 663 5825 710 5880; x_wconf 90' lang='lat' dir='ltr'><strong>is</strong></span> <span class='ocrx_word' id='word_1_760' title='bbox 749 5824 829 5880; x_wconf 87' lang='lat' dir='ltr'><strong>vir</strong></span> <span class='ocrx_word' id='word_1_761' title='bbox 862 5824 1324 5894; x_wconf 85' lang='lat' dir='ltr'><strong>sapientissimus,</strong></span> <span class='ocrx_word' id='word_1_762' title='bbox 1373 5824 1466 5880; x_wconf 86' lang='lat' dir='ltr'><strong>sed</strong></span> <span class='ocrx_word' id='word_1_763' title='bbox 1506 5823 1795 5881; x_wconf 67' lang='lat' dir='ltr'><strong>admodum</strong></span> <span class='ocrx_word' id='word_1_764' title='bbox 1827 5824 1910 5879; x_wconf 84' lang='lat' dir='ltr'><strong>in-</strong></span> 
     </span>
    </p>
   </div>
   <div class='ocr_carea' id='block_1_108' title="bbox 2020 4621 3597 4692">
    <p class='ocr_par' dir='ltr' id='par_1_108' title="bbox 2020 4621 3597 4692">
     <span class='ocr_line' id='line_1_108' title="bbox 2020 4621 3597 4692; baseline -0.003 -14"><span class='ocrx_word' id='word_1_765' title='bbox 2020 4640 2114 4680; x_wconf 88' lang='lat' dir='ltr'><strong>rus</strong></span> <span class='ocrx_word' id='word_1_766' title='bbox 2154 4626 2445 4680; x_wconf 85' lang='lat' dir='ltr'><strong>admodum</strong></span> <span class='ocrx_word' id='word_1_767' title='bbox 2488 4632 2681 4678; x_wconf 85' lang='lat' dir='ltr'><strong>auctus</strong></span> <span class='ocrx_word' id='word_1_768' title='bbox 2734 4632 2904 4688; x_wconf 87' lang='lat' dir='ltr'><strong>esset,</strong></span> <span class='ocrx_word' id='word_1_769' title='bbox 2967 4622 3310 4692; x_wconf 79' lang='lat' dir='ltr'><strong>Optimatium</strong></span> <span class='ocrx_word' id='word_1_770' title='bbox 3359 4621 3597 4674; x_wconf 82' lang='lat' dir='ltr'><strong>nonnulli</strong></span> 
     </span>
    </p>
   </div>
   <div class='ocr_carea' id='block_1_109' title="bbox 2020 4712 3598 4783">
    <p class='ocr_par' dir='ltr' id='par_1_109' title="bbox 2020 4712 3598 4783">
     <span class='ocr_line' id='line_1_109' title="bbox 2020 4712 3598 4783; baseline -0.005 -10"><span class='ocrx_word' id='word_1_771' title='bbox 2020 4727 2332 4781; x_wconf 87' lang='lat' dir='ltr'><strong>suaserunt,</strong></span> <span class='ocrx_word' id='word_1_772' title='bbox 2361 4728 2568 4770; x_wconf 78' lang='lat' dir='ltr'><strong>temere</strong></span> <span class='ocrx_word' id='word_1_773' title='bbox 2593 4728 2689 4770; x_wconf 90' lang='lat' dir='ltr'><strong>eas</strong></span> <span class='ocrx_word' id='word_1_774' title='bbox 2715 4713 2898 4783; x_wconf 85' lang='lat' dir='ltr'><strong>parari</strong></span> <span class='ocrx_word' id='word_1_775' title='bbox 2926 4728 2992 4769; x_wconf 89' lang='lat' dir='ltr'><strong>ac</strong></span> <span class='ocrx_word' id='word_1_776' title='bbox 3017 4713 3186 4769; x_wconf 80' lang='lat' dir='ltr'><strong>reﬁci.</strong></span> <span class='ocrx_word' id='word_1_777' title='bbox 3218 4712 3598 4783; x_wconf 79' lang='lat' dir='ltr'><strong>Nequidquam</strong></span> 
     </span>
    </p>
   </div>
   <div class='ocr_carea' id='block_1_110' title="bbox 2019 4804 3602 4878">
    <p class='ocr_par' dir='ltr' id='par_1_110' title="bbox 2019 4804 3602 4878">
     <span class='ocr_line' id='line_1_110' title="bbox 2019 4804 3602 4878; baseline -0.005 -12"><span class='ocrx_word' id='word_1_778' title='bbox 2019 4813 2189 4876; x_wconf 80' lang='lat' dir='ltr'><strong>enim,</strong></span> <span class='ocrx_word' id='word_1_779' title='bbox 2229 4809 2468 4872; x_wconf 84' lang='lat' dir='ltr'><strong>aiebant,</strong></span> <span class='ocrx_word' id='word_1_780' title='bbox 2495 4808 2768 4878; x_wconf 83' lang='lat' dir='ltr'><strong>impensas</strong></span> <span class='ocrx_word' id='word_1_781' title='bbox 2801 4808 2863 4861; x_wconf 82' lang='lat' dir='ltr'><strong>in.</strong></span> <span class='ocrx_word' id='word_1_782' title='bbox 2893 4819 3068 4860; x_wconf 32' lang='lat' dir='ltr'><strong>naves.</strong></span> <span class='ocrx_word' id='word_1_783' title='bbox 3084 4804 3262 4860; x_wconf 81' lang='lat' dir='ltr'><strong>factas</strong></span> <span class='ocrx_word' id='word_1_784' title='bbox 3306 4819 3602 4874; x_wconf 78' lang='lat' dir='ltr'><strong>propemo-</strong></span> 
     </span>
    </p>
   </div>
   <div class='ocr_carea' id='block_1_111' title="bbox 2021 4894 3673 4971">
    <p class='ocr_par' dir='ltr' id='par_1_111' title="bbox 2021 4894 3673 4971">
     <span class='ocr_line' id='line_1_111' title="bbox 2021 4894 3673 4971; baseline -0.007 -15"><span class='ocrx_word' id='word_1_785' title='bbox 2021 4902 2151 4956; x_wconf 87' lang='lat' dir='ltr'><strong>dum</strong></span> <span class='ocrx_word' id='word_1_786' title='bbox 2178 4899 2374 4971; x_wconf 75' lang='lat' dir='ltr'><strong>magis,</strong></span> <span class='ocrx_word' id='word_1_787' title='bbox 2401 4911 2566 4968; x_wconf 85' lang='lat' dir='ltr'><strong>quam</strong></span> <span class='ocrx_word' id='word_1_788' title='bbox 2597 4911 2789 4952; x_wconf 87' lang='lat' dir='ltr'><strong>omnes</strong></span> <span class='ocrx_word' id='word_1_789' title='bbox 2819 4897 3082 4965; x_wconf 88' lang='lat' dir='ltr'><strong>reliquas,</strong></span> <span class='ocrx_word' id='word_1_790' title='bbox 3106 4894 3361 4950; x_wconf 65' lang='lat' dir='ltr'><strong>aerarium</strong></span> <span class='ocrx_word' id='word_1_791' title='bbox 3386 4896 3600 4949; x_wconf 75' lang='lat' dir='ltr'><strong>exhau-</strong></span> <span class='ocrx_word' id='word_1_792' title='bbox 3655 4904 3673 4934; x_wconf 53' lang='grc' dir='ltr'>ξ</span> 
     </span>
    </p>
   </div>
   <div class='ocr_carea' id='block_1_112' title="bbox 2023 4987 3664 5052">
    <p class='ocr_par' dir='ltr' id='par_1_112' title="bbox 2023 4987 3664 5052">
     <span class='ocr_line' id='line_1_112' title="bbox 2023 4987 3664 5052; baseline -0.004 -6"><span class='ocrx_word' id='word_1_793' title='bbox 2023 4993 2152 5048; x_wconf 85' lang='lat' dir='ltr'><strong>rire.</strong></span> <span class='ocrx_word' id='word_1_794' title='bbox 2186 4991 2387 5047; x_wconf 79' lang='lat' dir='ltr'><strong>Horum</strong></span> <span class='ocrx_word' id='word_1_795' title='bbox 2412 4991 2502 5046; x_wconf 87' lang='lat' dir='ltr'><strong>ille</strong></span> <span class='ocrx_word' id='word_1_796' title='bbox 2539 4987 2767 5045; x_wconf 87' lang='lat' dir='ltr'><strong>consilio</strong></span> <span class='ocrx_word' id='word_1_797' title='bbox 2795 4989 3114 5052; x_wconf 72' lang='lat' dir='ltr'><strong>obsecutus,</strong></span> <span class='ocrx_word' id='word_1_798' title='bbox 3152 4987 3460 5042; x_wconf 88' lang='lat' dir='ltr'><strong>triremium</strong></span> <span class='ocrx_word' id='word_1_799' title='bbox 3495 5001 3561 5041; x_wconf 92' lang='lat' dir='ltr'><strong>cu</strong></span> <span class='ocrx_word' id='word_1_800' title='bbox 3583 5017 3600 5029; x_wconf 79' lang='grc' dir='ltr'><strong><em>ο</em></strong></span> <span class='ocrx_word' id='word_1_801' title='bbox 3659 4992 3664 5001; x_wconf 86' lang='lat'>‘</span> 
     </span>
    </p>
   </div>
   <div class='ocr_carea' id='block_1_113' title="bbox 2026 5079 3598 5156">
    <p class='ocr_par' dir='ltr' id='par_1_113' title="bbox 2026 5079 3598 5156">
     <span class='ocr_line' id='line_1_113' title="bbox 2026 5079 3598 5156; baseline -0.006 -16"><span class='ocrx_word' id='word_1_802' title='bbox 2026 5101 2140 5141; x_wconf 88' lang='lat' dir='ltr'><strong>ram</strong></span> <span class='ocrx_word' id='word_1_803' title='bbox 2177 5084 2403 5155; x_wconf 71' lang='lat' dir='ltr'><strong>abiecit,</strong></span> <span class='ocrx_word' id='word_1_804' title='bbox 2451 5099 2570 5156; x_wconf 73' lang='lat' dir='ltr'><strong>quae</strong></span> <span class='ocrx_word' id='word_1_805' title='bbox 2607 5091 2850 5149; x_wconf 89' lang='lat' dir='ltr'><strong>tempore</strong></span> <span class='ocrx_word' id='word_1_806' title='bbox 2882 5080 3212 5149; x_wconf 87' lang='lat' dir='ltr'><strong>procedente</strong></span> <span class='ocrx_word' id='word_1_807' title='bbox 3258 5079 3458 5148; x_wconf 85' lang='lat' dir='ltr'><strong>partim</strong></span> <span class='ocrx_word' id='word_1_808' title='bbox 3490 5081 3598 5135; x_wconf 88' lang='lat' dir='ltr'><strong>situ</strong></span> 
     </span>
    </p>
   </div>
   <div class='ocr_carea' id='block_1_114' title="bbox 2025 5172 3604 5246">
    <p class='ocr_par' dir='ltr' id='par_1_114' title="bbox 2025 5172 3604 5246">
     <span class='ocr_line' id='line_1_114' title="bbox 2025 5172 3604 5246; baseline -0.002 -15"><span class='ocrx_word' id='word_1_809' title='bbox 2025 5177 2512 5246; x_wconf 82' lang='lat' dir='ltr'><strong>corrumpebantur</strong></span> <span class='ocrx_word' id='word_1_810' title='bbox 2556 5174 2900 5238; x_wconf 79' lang='lat' dir='ltr'><strong>fatiscentes,</strong></span> <span class='ocrx_word' id='word_1_811' title='bbox 2961 5173 3159 5242; x_wconf 90' lang='lat' dir='ltr'><strong>partim</strong></span> <span class='ocrx_word' id='word_1_812' title='bbox 3213 5172 3276 5227; x_wconf 88' lang='lat' dir='ltr'><strong>in.</strong></span> <span class='ocrx_word' id='word_1_813' title='bbox 3306 5186 3460 5228; x_wconf 88' lang='lat' dir='ltr'><strong>mare</strong></span> <span class='ocrx_word' id='word_1_814' title='bbox 3505 5173 3604 5228; x_wconf 87' lang='lat' dir='ltr'><strong>de-</strong></span> 
     </span>
    </p>
   </div>
   <div class='ocr_carea' id='block_1_115' title="bbox 2027 5265 3602 5337">
    <p class='ocr_par' dir='ltr' id='par_1_115' title="bbox 2027 5265 3602 5337">
     <span class='ocr_line' id='line_1_115' title="bbox 2027 5265 3602 5337; baseline -0.004 -15"><span class='ocrx_word' id='word_1_815' title='bbox 2027 5268 2432 5337; x_wconf 83' lang='lat' dir='ltr'><strong>mergebantur.</strong></span> <span class='ocrx_word' id='word_1_816' title='bbox 2470 5266 2659 5336; x_wconf 83' lang='lat' dir='ltr'><strong>Itaque</strong></span> <span class='ocrx_word' id='word_1_817' title='bbox 2694 5274 2978 5335; x_wconf 89' lang='lat' dir='ltr'><strong>premente</strong></span> <span class='ocrx_word' id='word_1_818' title='bbox 3012 5271 3202 5334; x_wconf 72' lang='lat' dir='ltr'><strong>postea</strong></span> <span class='ocrx_word' id='word_1_819' title='bbox 3239 5265 3602 5330; x_wconf 66' lang='lat' dir='ltr'><strong>necessitate,</strong></span> 
     </span>
    </p>
   </div>
   <div class='ocr_carea' id='block_1_116' title="bbox 2027 5355 3602 5429">
    <p class='ocr_par' dir='ltr' id='par_1_116' title="bbox 2027 5355 3602 5429">
     <span class='ocr_line' id='line_1_116' title="bbox 2027 5355 3602 5429; baseline -0.005 -13"><span class='ocrx_word' id='word_1_820' title='bbox 2027 5376 2155 5416; x_wconf 81' lang='lat' dir='ltr'><strong>cum</strong></span> <span class='ocrx_word' id='word_1_821' title='bbox 2188 5373 2286 5414; x_wconf 90' lang='lat' dir='ltr'><strong>nec</strong></span> <span class='ocrx_word' id='word_1_822' title='bbox 2319 5360 2712 5429; x_wconf 81' lang='lat' dir='ltr'><strong>gubernatores</strong></span> <span class='ocrx_word' id='word_1_823' title='bbox 2739 5357 3092 5421; x_wconf 84' lang='lat' dir='ltr'><strong>adessent,et</strong></span> <span class='ocrx_word' id='word_1_824' title='bbox 3117 5355 3423 5410; x_wconf 85' lang='lat' dir='ltr'><strong>triremium</strong></span> <span class='ocrx_word' id='word_1_825' title='bbox 3455 5366 3602 5410; x_wconf 71' lang='lat' dir='ltr'><strong>esset</strong></span> 
     </span>
    </p>
   </div>
   <div class='ocr_carea' id='block_1_117' title="bbox 2024 5444 3599 5520">
    <p class='ocr_par' dir='ltr' id='par_1_117' title="bbox 2024 5444 3599 5520">
     <span class='ocr_line' id='line_1_117' title="bbox 2024 5444 3599 5520; baseline -0.005 -13"><span class='ocrx_word' id='word_1_826' title='bbox 2024 5466 2114 5516; x_wconf 87' lang='lat' dir='ltr'><strong>ea,</strong></span> <span class='ocrx_word' id='word_1_827' title='bbox 2157 5465 2321 5520; x_wconf 60' lang='lat' dir='ltr'><strong>«ruam</strong></span> <span class='ocrx_word' id='word_1_828' title='bbox 2357 5449 2496 5514; x_wconf 79' lang='lat' dir='ltr'><strong>dixi,</strong></span> <span class='ocrx_word' id='word_1_829' title='bbox 2530 5447 2794 5514; x_wconf 89' lang='lat' dir='ltr'><strong>conditio,</strong></span> <span class='ocrx_word' id='word_1_830' title='bbox 2830 5444 3106 5504; x_wconf 73' lang='lat' dir='ltr'><strong>Romanis.</strong></span> <span class='ocrx_word' id='word_1_831' title='bbox 3135 5446 3263 5502; x_wconf 83' lang='lat' dir='ltr'><strong>illud</strong></span> <span class='ocrx_word' id='word_1_832' title='bbox 3303 5447 3599 5502; x_wconf 81' lang='lat' dir='ltr'><strong>consilium</strong></span> 
     </span>
    </p>
   </div>
   <div class='ocr_carea' id='block_1_118' title="bbox 2026 5539 3032 5612">
    <p class='ocr_par' dir='ltr' id='par_1_118' title="bbox 2026 5539 3032 5612">
     <span class='ocr_line' id='line_1_118' title="bbox 2026 5539 3032 5612; baseline -0.004 -15"><span class='ocrx_word' id='word_1_833' title='bbox 2026 5545 2194 5598; x_wconf 85' lang='lat' dir='ltr'><strong>multa</strong></span> <span class='ocrx_word' id='word_1_834' title='bbox 2225 5557 2398 5612; x_wconf 89' lang='lat' dir='ltr'><strong>eaque</strong></span> <span class='ocrx_word' id='word_1_835' title='bbox 2414 5540 2599 5611; x_wconf 77' lang='lat' dir='ltr'><strong>gravia</strong></span> <span class='ocrx_word' id='word_1_836' title='bbox 2621 5539 2768 5594; x_wconf 84' lang='lat' dir='ltr'><strong>mala</strong></span> <span class='ocrx_word' id='word_1_837' title='bbox 2799 5540 3032 5610; x_wconf 85' lang='lat' dir='ltr'><strong>peperit.</strong></span> 
     </span>
    </p>
   </div>
   <div class='ocr_carea' id='block_1_119' title="bbox 2049 5629 3594 5706">
    <p class='ocr_par' dir='ltr' id='par_1_119' title="bbox 2049 5629 3594 5706">
     <span class='ocr_line' id='line_1_119' title="bbox 2049 5629 3594 5706; baseline -0.005 -16"><span class='ocrx_word' id='word_1_838' title='bbox 2049 5673 2052 5676; x_wconf 61' lang='lat'><strong><em>~</em></strong></span> <span class='ocrx_word' id='word_1_839' title='bbox 2094 5637 2394 5706; x_wconf 87' lang='lat' dir='ltr'><strong>Imperator</strong></span> <span class='ocrx_word' id='word_1_840' title='bbox 2427 5633 2654 5690; x_wconf 78' lang='lat' dir='ltr'><strong>Michael</strong></span> <span class='ocrx_word' id='word_1_841' title='bbox 2683 5632 2994 5702; x_wconf 81' lang='lat' dir='ltr'><strong>procreavit</strong></span> <span class='ocrx_word' id='word_1_842' title='bbox 3033 5633 3176 5687; x_wconf 83' lang='lat' dir='ltr'><strong>tilias</strong></span> <span class='ocrx_word' id='word_1_843' title='bbox 3203 5629 3594 5694; x_wconf 76' lang='lat' dir='ltr'><strong>duas.Aunum</strong></span> 
     </span>
    </p>
   </div>
   <div class='ocr_carea' id='block_1_120' title="bbox 2023 5722 3593 5792">
    <p class='ocr_par' dir='ltr' id='par_1_120' title="bbox 2023 5722 3593 5792">
     <span class='ocr_line' id='line_1_120' title="bbox 2023 5722 3593 5792; baseline -0.006 -8"><span class='ocrx_word' id='word_1_844' title='bbox 2023 5740 2076 5784; x_wconf 89' lang='lat' dir='ltr'><strong>et</strong></span> <span class='ocrx_word' id='word_1_845' title='bbox 2126 5729 2490 5792; x_wconf 83' lang='lat' dir='ltr'><strong>Theodoram,</strong></span> <span class='ocrx_word' id='word_1_846' title='bbox 2553 5735 2604 5781; x_wconf 86' lang='lat' dir='ltr'><strong>et</strong></span> <span class='ocrx_word' id='word_1_847' title='bbox 2652 5725 2791 5780; x_wconf 88' lang='lat' dir='ltr'><strong>lilios</strong></span> <span class='ocrx_word' id='word_1_848' title='bbox 2833 5723 2963 5778; x_wconf 87' lang='lat' dir='ltr'><strong>item</strong></span> <span class='ocrx_word' id='word_1_849' title='bbox 3014 5725 3174 5788; x_wconf 74' lang='lat' dir='ltr'><strong>duos,</strong></span> <span class='ocrx_word' id='word_1_850' title='bbox 3221 5722 3593 5778; x_wconf 79' lang='lat' dir='ltr'><strong>Andronicum</strong></span> 
     </span>
    </p>
   </div>
   <div class='ocr_carea' id='block_1_121' title="bbox 2025 5814 3611 5901">
    <p class='ocr_par' dir='ltr' id='par_1_121' title="bbox 2025 5814 3611 5901">
     <span class='ocr_line' id='line_1_121' title="bbox 2025 5814 3611 5901; baseline -0.005 -23"><span class='ocrx_word' id='word_1_851' title='bbox 2025 5823 2406 5894; x_wconf 85' lang='lat' dir='ltr'><strong>imperatorem</strong></span> <span class='ocrx_word' id='word_1_852' title='bbox 2441 5832 2493 5877; x_wconf 90' lang='lat' dir='ltr'><strong>ct</strong></span> <span class='ocrx_word' id='word_1_853' title='bbox 2529 5818 2834 5876; x_wconf 75' lang='lat' dir='ltr'><strong>Manuslem</strong></span> <span class='ocrx_word' id='word_1_854' title='bbox 2892 5819 3205 5888; x_wconf 83' lang='lat' dir='ltr'><strong>despotam.</strong></span> <span class='ocrx_word' id='word_1_855' title='bbox 3252 5819 3328 5874; x_wconf 75' lang='lat' dir='ltr'><strong>Es</strong></span> <span class='ocrx_word' id='word_1_856' title='bbox 3364 5817 3452 5872; x_wconf 77' lang='lat' dir='ltr'><strong>bis</strong></span> <span class='ocrx_word' id='word_1_857' title='bbox 3479 5814 3611 5901; x_wconf 46' lang='lat' dir='ltr'><strong>Aug</strong></span> 
     </span>
    </p>
   </div>
  </div>
