3990 6552
317 387 390 468 73
694 415 702 425 ο
1368 400 1810 463 CHRONICON

1942 401 2125 464 UUS.
2167 429 2232 438 --
2274 403 2417 464 LIB.
2471 405 2518 465 Ι.

3433 415 3546 480 δτι

266 526 347 593 τῇ
380 522 594 593 Θρᾴκῃ,
631 521 774 574 κατά
798 517 861 573 τδ
890 517 1218 588 φαινόμενον
1252 517 1352 586 μὲν
1400 519 1486 572 ῐνα
1514 518 1606 571 τὸν
1633 519 1859 588 βασιλέα
1889 523 1936 582 Α
1966 517 2131 589 μέρος
2168 521 2232 573 ὲκ
2265 519 2369 590 τῆς
2399 520 2743 585 Μακεδονίας
2783 521 2876 576 καῖ
2905 523 3250 594 Βουλγαρίας
3283 527 3377 581 καὶ
3411 530 3544 599 Σερ-

269 613 552 685 βοηθήσῃ,
579 611 1090 683 ὑποκεκρυμμένως
1125 611 1178 662 δὲ
1220 610 1325 674 ἶνα,
1379 611 1475 663 ἐὰν
1522 610 1614 663 τὸν
1665 612 1887 680 καιρὸν

264 707 417 780 εὕρῃ
447 707 754 775 ἐπιτήδειον
777 705 878 759 κα)⁵
900 703 1050 773 αὐτῷ
1078 703 1404 774 ἀρέσκοντα,
1439 703 1467 756 δ
1491 704 1586 758 καὶ
1616 704 1857 773 ἐγένετο,

262 801 480 863 τόπους
530 801 626 852 καὶ
657 797 843 868 χώρας
879 795 1060 864 ἑαυτῷ
1099 797 1527 866 περιποιήσηται
1563 797 1622 848 ἐν
1652 798 1717 866 τῇ
1754 795 1860 849 Εὐ.

271 890 443 962 ρώπῃ
471 891 566 944 καὶ
607 889 708 958 τὴν
739 889 916 960 ἀρχὴν
961 887 1130 942 αὐτοῦ
1173 888 1411 960 αὐξήσῃ.
1462 888 1520 941 '0
1549 887 1605 940 δὲ
1641 890 1860 942 Καντα-

266 982 541 1050 κουζηνδς
578 980 717 1051 μετὰ
743 980 853 1032 τῶν
889 979 1108 1050 Σέρὸων
1135 983 1230 1035 καὶ
1259 979 1370 1032 τῶν
1405 979 1735 1048 Βουλγάρων
1773 978 1857 1032 ὲλ-

265 1073 387 1125 θὼν
416 1071 562 1124 κατά
592 1069 690 1124 τοῦ
726 1070 1119 1139 Παλαιολόγου,
1150 1071 1242 1123 καὶ
1264 1071 1423 1134 εξδὼς
1455 1071 1547 1124 τὸν
1578 1070 1689 1143 ἀνθ
1711 1072 1854 1142 ἀμη-

263 1167 381 1236 ρᾶν
413 1165 496 1218 ὅτι
542 1161 744 1226 διπλῶς
789 1161 1046 1228 διέκειτο,
1082 1164 1180 1216 καὶ
1209 1162 1364 1234 οὐδὲν
1396 1161 1750 1233 κατορθώσας
1784 1162 1854 1216 τὰ

263 1258 456 1311 πάντα
489 1254 808 1310 καταλιπὼν
855 1254 1092 1324 μοναχδς
1131 1255 1351 1323 ἐγένετο
1385 1256 1483 1308 καὶ
1511 1255 1632 1308 ἀντὶ
1672 1257 1853 1310 Ἰωάν-

261 1367 364 1402 νου
397 1347 635 1416 Ἰωάααφ
657 1345 977 1416 ὠνομάσθη,
997 1347 1284 1416 κρατήσας
1308 1349 1408 1418 τὴν
1426 1347 1727 1416 βασιλείαν,
1750 1349 1853 1412 ἕως

261 1442 330 1495 οὗ
367 1443 463 1495 καὶ
500 1439 716 1508 ἐξώσθη
757 1439 862 1492 ὑπὸ
907 1439 1000 1492 τοῦ
1030 1439 1282 1511 γαμϐροῦ
1313 1440 1591 1510 πολεμῶν,
1645 1440 1738 1510 ἐτη
1792 1440 1853 1507 ἐξ

260 1537 362 1586 καὶ
397 1535 574 1603 μῆνας
600 1531 760 1585 ἑπτά.
804 1531 864 1585 Ὅ
903 1531 960 1584 δὲ
1020 1530 1366 1601 ’Δμουράτης
1403 1531 1495 1585 τὸν
1536 1531 1730 1602 καιρὸν
1759 1532 1852 1585 εύ-

263 1625 383 1699 ρὼν
407 1625 737 1698 ἐπιτήδειον,
769 1625 862 1678 καὶ
887 1626 946 1678 ἐν
968 1628 1032 1695 τῇ
1060 1625 1254 1698 Θρᾴκῃ
1284 1625 1678 1696 εὑρισκόμενος
1708 1626 1850 1678 ἕτοι-

264 1737 370 1788 μος
400 1719 497 1772 καὶ
552 1717 1077 1788 παρεσκευασμένος
1124 1718 1266 1787 μετά
1302 1717 1565 1772 τοσούτου
1613 1718 1848 1789 στρατοῦ

259 1809 471 1872 καλῶς,
528 1809 624 1862 καὶ
652 1809 721 1862 τὰ
777 1807 887 1862 τῶν
927 1809 1222 1879 Ῥωμαίων
1275 1809 1494 1880 βλέπων
1543 1812 1625 1874 είς
1677 1813 1849 1882 ἄκρον

1962 611 2110 676 σίας,
2140 613 2293 674 τέλος
2329 615 2553 668 πάντων
2584 615 2640 668 δὲ
2686 615 2913 686 ἀγάπην
2955 617 3094 686 μετὰ
3131 616 3228 670 τοῦ
3281 620 3548 690 βασιλέως

1958 702 2064 765 ἕως
2105 703 2294 768 τέλους
2319 705 2417 776 τῆς
2447 704 2596 775 ζωῆς
2624 706 2806 761 αὐτῶν
2837 708 3170 776 ποιήσαντες
3204 709 3300 762 καὶ
3347 711 3544 781 ὅρκους

1956 793 2066 867 47
2097 797 2373 866 ἀναμέσον
2425 798 2628 862 αὐτῶν,
2687 798 2774 853 ἴνα
2825 799 2924 862 τὰς
2973 800 3251 870 συνθήκας
3306 803 3397 855 καὶ
3447 804 3546 874 τὴν

1958 888 2184 956 ἀγάπην
2216 888 2498 958 φυλάξωσι
2550 892 2644 944 καὶ
2678 885 2758 956 εἷς
2810 891 2952 963 ὑπὲρ
3001 892 3096 946 τοῦ
3133 893 3327 964 ἐτέρου
3387 895 3544 950 ἔσται

1958 979 2179 1051 βοηθός.

2027 1072 2197 1136 Οὗτος
2244 1073 2305 1126 δὲ
2344 1077 2372 1127 ό
2421 1074 2676 1144 βασιλεὺς
2723 1074 2975 1147 Ἰωάννης
3029 1077 3152 1148 ἔσχε
3195 1079 3383 1132 τούσδε
3416 1081 3544 1142 τοὺς

1955 1166 2127 1232 υίοὺς,
2169 1167 2510 1239 Ἀνδρόνικον
2544 1171 2633 1222 τὸν
2659 1169 2950 1240 δεσπότην,
2980 1171 3234 1234 Μανουὴλ
3260 1173 3350 1225 τὸν
3382 1174 3544 1241 βασι-

1949 1258 2074 1325 λέα,
2102 1259 2382 1331 Θεόδωρον
2412 1261 2504 1314 τὸν
2531 1263 3044 1334 πορφυρογέννητον
3072 1265 3169 1318 καὶ
3199 1265 3423 1335 Μιχαὴλ
3447 1265 3540 1319 τὸν

1951 1351 2255 1422 δεσπότηνο
2309 1353 2370 1414 ὃς
2422 1353 2502 1424 τῷ
2561 1354 2661 1424 μὲν
2707 1362 3047 1426 πρωτογενεῖ
3091 1359 3416 1430 Ἀνδρονίκῳ
3465 1360 3540 1418 ὡς

1950 1442 2184 1513 διαδόχῳ
2213 1444 2313 1514 τῆς
2350 1443 2632 1514 βασιλείας
2666 1449 2724 1499 έν
2750 1451 2815 1518 τῇ
2846 1446 2996 1500 πόλει
3023 1451 3336 1517 προστάξας
3367 1446 3534 1517 εἶναι,

1949 1535 2043 1590 τὸν
2073 1536 2129 1589 δὲ
2156 1535 2386 1605 βασιλέα
2420 1537 2525 1608 κὺρ
2557 1537 2780 1609 Μιχαὴλ
2808 1539 2903 1593 τοῦ
2943 1541 3168 1594 διοικεῖν
3201 1545 3297 1596 καὶ
3330 1542 3536 1614 κυϐερ-

1950 1629 2048 1698 νᾷν
2079 1629 2177 1698 τὴν
2211 1628 2640 1698 Θεσσαλονίκην,
2683 1630 2773 1683 τὸν
2817 1630 2872 1683 δὲ
2924 1630 3202 1702 Θεόδωρον
3248 1633 3340 1688 τὸν
3397 1652 3536 1706 πορ-

1949 1720 2354 1792 φυρογέννητον
2384 1720 2524 1788 μετὰ
2554 1721 2616 1774 τὸ
2650 1721 2945 1776 ἀποθανεῖν
2977 1724 3064 1776 τὸν
3087 1725 3181 1777 τοῦ
3220 1727 3538 1779 Καντακιιυ-

1953 1811 2114 1881 ζηνοῦ
2151 1811 2266 1864 υἱὸν
2325 1813 2384 1865 ἐν
2437 1813 2506 1882 τῇ
2582 1813 2810 1884 Σπάρτῃ
2867 1812 3062 1884 κύριον
3117 1818 3210 1870 καὶ
3265 1818 3534 1890 αὐθέντην

257 1903 716 1971 τεταπεινωμένα
750 1901 840 1956 διὰ
885 1903 1011 1964 τοὺς
1075 1900 1373 1972 ἐμφυλίους
1424 1902 1698 1972 πολέμους
1751 1903 1846 1956 καὶ
1880 1893 1922 1952 Β
1951 1903 2297 1956 ἀπέστειλεν.
2342 1904 2545 1958 Ἐλθὼν
2598 1906 2656 1959 δὲ
2699 1909 2758 1960 ἐν
2791 1911 2855 1978 τῇ
2901 1908 3266 1982 Θεσσαλονίκῃ
3314 1915 3342 1965 ὁ
3387 1911 3537 1982 βασι-

261 1994 583 2065 συγχύσεις,
621 1995 714 2046 καὶ
739 1995 839 2047 οὒκ
873 1987 1018 2064 εἶχον
1045 1993 1367 2064 ἀντιστῆναι
1395 1996 1514 2056 ταῖς
1547 1994 1842 2065 δυνάμεσιν

257 2086 453 2140 αὐτοῦ.
494 2086 625 2140 Τότε
654 2087 718 2156 δὴ
750 2086 964 2158 πρῶτον
1001 2089 1060 2139 ἐν
1087 2089 1152 2158 τῇ
1189 2087 1429 2160 Εὐρώπῃ
1461 2085 1522 2140 τό
1543 2087 1651 2142 τῶν
1689 2087 1842 2142 Ὀτθ-

261 2179 536 2250 μανλίδων
570 2179 728 2248 γένος
754 2180 1041 2244 αὑθένταις
1068 2183 1227 2251 χεῖρα
1280 2183 1341 2234 ὲν
1385 2183 1451 2253 τῇ
1488 2181 1677 2252 Θρᾴκη
1710 2180 1839 2234 ἐδα-

257 2275 374 2340 λον,
405 2273 497 2346 καὶ
515 2273 613 2344 τὴν
636 2272 1038 2327 Καλλιούπολιν
1063 2271 1224 2326 ἔλασε
1247 2273 1344 2326 καὶ
1360 2273 1581 2342 ἐτέρους
1606 2273 1706 2326 οὐκ
1729 2272 1840 2326 ὀλί-

255 2387 390 2437 γους
405 2373 602 2429 τόπους
622 2371 720 2422 καὶ
739 2368 920 2440 χώρας
935 2368 1030 2421 καὶ
1051 2365 1284 2438 φρούρια
1303 2365 1367 2421 ἐκ
1384 2383 1442 2418 τε
1461 2365 1562 2436 τῆς
1581 2365 1840 2418 τῶνῬω-

259 2465 440 2537 μαίων
471 2466 644 2536 ἀρχῆς
683 2463 779 2518 καὶ
807 2465 872 2516 ὲκ
897 2460 1006 2514 τῶν
1029 2459 1233 2530 ἐτέρων
1266 2457 1546 2512 αὐθεντῶν
1576 2459 1839 2529 Χριστιαο

256 2559 397 2624 νῶν,
433 2557 620 2621 καθὼς
645 2556 704 2610 ὲν
731 2555 901 2624 ὀλίγῳ
934 2554 994 2607 ὲν
1031 2554 1098 2623 τῇ
1131 2551 1232 2621 τῆς
1268 2549 1416 2621 ζωῆς
1445 2550 1609 2603 αὑτοῦ
1645 2551 1838 2622 διηγήο

255 2669 345 2705 σει
368 2651 693 2722 ῥηθήσεται.
725 2644 912 2702 Ἦσαν
947 2631 1055 2718 έὰρ
1090 2644 1459 2715 περάσαντες.
1482 2643 1558 2705 ὡς
1587 2643 1832 2714 προέφη-

260 2760 388 2814 μεν,
409 2742 505 2796 καὶ
535 2743 593 2795 ὲν
618 2742 827 2811 ἑτέροις
855 2740 1069 2809 καιροῖς
1089 2737 1138 2791 οἱ
1165 2736 1402 2806 Τοῦρκοι
1427 2737 1484 2789 ἐν
1504 2737 1569 2806 τῇ
1596 2734 1835 2806 Εὐρώπη

259 2837 344 2900 εἰς
376 2835 475 2907 τὴν
503 2836 846 2907 Χερρόνησον
879 2833 980 2901 τῆς
1005 2831 1252 2903 Θρᾴκης,
1292 2826 1409 2884 ἀλλ’
1435 2829 1535 2883 οὐκ
1571 2827 1833 2899 ἐδυνήθη-

257 2947 361 2983 σαν
399 2929 589 2999 σεῆναι
632 2925 755 2980 οὗτε
807 2925 1097 2997 κυριεῦσαι
1140 2921 1436 2985 τοσούτους
1487 2921 1690 2984 τόπους
1740 2919 1834 2974 καὶ

257 3022 498 3093 φρούρια
527 3021 622 3074 κα)⁸
661 3019 846 3082 πόλεις
879 3019 956 3082 ὡς
985 3020 1056 3073 τὰ
1100 3017 1218 3084 νῦν,
1266 3016 1402 3070 διότι
1430 3013 1690 3077 πολλάκις
1733 3014 1834 3084 μὲν

253 3115 411 3185 νόμῳ
459 3112 703 3184 πολέμου
755 3110 1136 3182 ἐδιώχθησαν,
1196 3107 1457 3172 πολλάκις
1513 3108 1588 3169 ὡς
1632 3105 1831 3180 λῃσταὶ

256 3205 598 3277 περάσαντες
627 3203 791 3258 πάλιν
819 3202 1046 3272 ἔφυγον.
1067 3201 1268 3254 Λοιπὸν
1295 3203 1324 3254 ὁ
1366 3199 1714 3271 Ἀμουράτης
1739 3197 1832 3252 καὶ
1857 3234 1901 3294 c

252 3301 357 3370 τῆς
400 3296 902 3370 ’Λδριανουπόλεως
932 3294 1212 3367 ἐγκρατὴς
1240 3292 1538 3363 γενόμενος
1567 3291 1665 3346 καὶ
1696 3291 1830 3346 πολὺ

253 3479 636 3548 imperatorem
675 3476 978 3545 adiuvaret,
1021 3487 1234 3539 revera,
1263 3482 1342 3539 ut,
1371 3471 1417 3528 si
1439 3471 1642 3526 faveret
1677 3485 1844 3526 occa-~

252 3573 356 3635 sio,
391 3568 848 3640 quemadmodum
905 3567 1058 3632 favit,
1081 3553 1296 3637 oppidis
1353 3574 1409 3619 et
1439 3564 1744 3632 regionibus
1779 3564 1830 3616 in

253 3662 467 3730 Europa
518 3643 1038 3731 acqttirentlisregni
1070 3657 1153 3714 sui
1190 3657 1323 3712 ﬁnes
1350 3653 1829 3726 prolataret.Can-

252 3769 545 3812 tacuzenns
583 3769 705 3810 cum
756 3752 961 3809 Serviis
993 3766 1056 3806 ac
1092 3750 1339 3820 Bulgaria
1377 3760 1566 3804 contra
1632 3746 1834 3801 Palma-

253 3848 426 3914 logtttn
461 3843 756 3910 profectus,
785 3858 907 3898 cum
946 3855 1147 3895 amere:
1189 3840 1372 3895 dolum
1412 3839 1832 3894 animadvertis-

251 3946 336 3994 set
383 3951 478 3990 nec
517 3934 814 4006 quidquam
847 3932 1138 3996 eﬂ'ecisset,
1170 3931 1401 3985 fortunae
1448 3946 1559 3983 suae
1595 3930 1828 3997 ditiisns,

253 4031 576 4081 monachum
634 4024 806 4080 induit
834 4037 899 4088 ac
929 4037 1026 4092 pro
1076 4020 1285 4076 Joanne
1321 4019 1577 4089 Joasaphi
1633 4036 1832 4075 nomen

250 4117 501 4182 adscivit,
553 4131 735 4173 rerum
777 4116 1002 4186 potitus,
1045 4115 1219 4168 donec
1258 4129 1290 4168 a
1326 4127 1526 4184 genero
1557 4112 1698 4168 bello
1739 4113 1834 4169 de-

250 4208 427 4262 victus
457 4215 509 4262 et
534 4222 702 4278 regno
717 4215 915 4262 exutus
937 4213 1040 4266 est,
1071 4218 1246 4258 annos
1277 4218 1369 4259 sex
1386 4212 1442 4257 et
1471 4215 1684 4256 menses
1709 4215 1836 4270 sep.

253 4313 374 4353 tcm.
410 4296 529 4353 Jam
583 4314 706 4353 cum
751 4299 1061 4362 Amurales,
1095 4295 1436 4350 Occasionem
1471 4302 1830 4363 opportunam

255 4399 631 4454 nactus,tanto
658 4403 779 4444 cum
798 4388 1037 4443 exercitu
1061 4389 1113 4440 in
1126 4387 1358 4442 Thracia
1383 4395 1608 4454 paratus
1627 4384 1832 4440 instru-

250 4494 476 4550 ctusque
516 4481 750 4544 adesset,
791 4487 845 4534 et
870 4493 956 4533 res
985 4477 1264 4532 Romanas
1290 4485 1512 4545 propter
1544 4476 1734 4532 turbas
1780 4483 1835 4530 ει

1945 1996 2070 2060 λεὺς
2103 1997 2210 2065 κὺρ
2239 1997 2498 2068 Μανουὴλ
2530 2001 2623 2052 καὶ
2656 1999 2883 2072 ἀγάπην
2911 2005 3002 2056 καὶ
3033 2003 3219 2071 φιλίαν
3248 2001 3361 2074 εἶχε
3393 2006 3533 2074 μετά

1943 2089 2053 2142 τῶν
2102 2088 2381 2158 ἀρχόντων
2433 2090 2527 2144 καὶ
2564 2091 2798 2161 πρώτων
2849 2094 2947 2165 τῆς
3004 2095 3213 2160 πόλεως
3277 2098 3521 2170 Σερῤῶν,

1943 2181 2141 2254 βουλὴν
2169 2183 2502 2254 ποιήσαντες
2528 2183 2613 2238 ἵνα
2643 2186 2771 2251 τοὺς
2796 2187 3047 2256 φύλακας
3083 2187 3369 2262 Τούρκους
3404 2193 3530 2256 τοὺς

1942 2274 2320 2344 φρουροῦντας
2357 2276 2416 2328 τὸ
2454 2276 2715 2348 φρούριον
2754 2279 3124 2335 ἀποκτείνωσι
3155 2284 3251 2334 καὶ
3286 2282 3346 2335 τὸ
3393 2285 3528 2338 ἄστυ

1939 2367 2017 2436 τῷ
2041 2367 2146 2437 κὺρ
2168 2367 2426 2438 Μανουὴλ
2451 2368 2720 2426 δώσωσιν.
2745 2369 2894 2440 Αὕτη
2915 2370 2970 2425 δὲ
2987 2374 3020 2442 ἡ
3049 2372 3211 2443 βουλὴ
3242 2374 3344 2426 οὐκ
3370 2374 3530 2428 ἔλαθε

1939 2460 2032 2512 τὸν
2082 2460 2329 2532 ἀμηρᾶν,
2362 2461 2457 2515 καὶΙ
2503 2462 2722 2525 στείλας
2751 2463 2843 2515 τὸν
2893 2465 3342 2533 Καραλί-πασιᾶν
3391 2467 3529 2535 μετά

1942 2553 2184 2623 στρατοῦ
2235 2553 2477 2623 πλήθους
2512 2553 2715 2607 πολλοῦ
2777 2554 2922 2608 κατά
2975 2559 3074 2626 τῆς
3114 2557 3527 2629 Θεσσαλονίκης

1939 2645 2116 2700 δλθείν
2139 2648 2238 2700 καὶ
2272 2646 2367 2700 τοῦ
2393 2647 2678 2718 Μανουὴλ,
2710 2649 3090 2730 πᾴρήγγειλεν
3121 2649 3268 2719 αύτῷ
3302 2651 3376 2721 μὴ
3405 2650 3529 2704 ὄπι-

1940 2738 2068 2792 σθεν
2089 2739 2272 2793 ἐλθεῖν
2305 2741 2411 2802 ἕως
2443 2733 2504 2795 οὗ
2529 2741 2629 2812 τὴν
2653 2740 3064 2811 θεσσαλονίκην
3092 2741 3281 2813 ἁλώσῃ
3316 2757 3412 2798 και
3435 2746 3527 2799 τὲν

1937 2830 2196 2902 Μανουὴλ
2231 2831 2457 2901 δέσμιον
2483 2833 2692 2902 ἀγάγῃ.
2752 2831 3021 2894 Ἀκούσας
3069 2832 3124 2885 δὲ
3167 2833 3325 2885 τοῦτο
3354 2834 3383 2885 ὀ
3416 2835 3526 2904 κὺρ

1935 2923 2213 2994 Μανουηλ,
2264 2923 2360 2977 καὶ
2393 2923 2620 2992 θεωρῶν
2649 2924 2733 2976 ὅτι
2775 2923 2874 2975 οὐκ
2920 2922 3147 2976 ἐδύνατο
3195 2923 3522 2994 ἀντιστῆναι

1933 3015 2180 3085 τοσούτῳ
2207 3015 2450 3084 στρατῷ,
2487 3017 2568 3080 είς
2598 3015 2802 3070 δειλίαν
2832 3015 2927 3068 καὶ
2957 3014 3121 3083 φόϐον
3147 3015 3398 3080 ἐνέπεσε,
3427 3015 3524 3068 καὶ

1939 3108 2013 3178 μὴ
2039 3108 2180 3178 ἔχων
2211 3126 2265 3162 τι
2311 3109 2500 3180 ἕτερον
2532 3107 2739 3178 πρᾶξαι
2768 3110 2914 3176 φυγῇ
2948 3110 3018 3176 τῇ
3065 3106 3312 3178 σωτηρίᾳ
3358 3108 3525 3177 ἔχρη-

1940 3217 2092 3266 σατο,
2134 3201 2304 3256 θέλων
2343 3202 2521 3255 ἐλθεῖν
2552 3200 2664 3272 ﬁs
2694 3201 2830 3270 πρὸς
2861 3200 2952 3254 τὸν
2996 3200 3209 3269 πατέρα
3242 3200 3334 3253 καὶ
3370 3198 3525 3268 βασι·
3608 3262 3613 3267 _

1934 3291 2032 3346 λέα
2074 3295 2134 3346 ὲν
2160 3297 2226 3366 τῇ
2265 3294 2442 3348 πόλει.
2487 3292 2549 3347 Ὀ
2601 3293 2658 3347 δὶ
2717 3293 2900 3363 πατὴρ
2940 3291 3029 3346 διὰ
3081 3289 3173 3346 τδν
3220 3291 3384 3361 φόϐον
3426 3289 3522 3344 τοῦ

1935 3474 2112 3542 quoad
2146 3473 2412 3539 viverem,
2446 3473 2742 3528 amicitiam
2779 3473 2929 3536 fecit.
2971 3471 3313 3541 interpositis
3341 3473 3520 3527 utriu-

1933 3583 2038 3637 qne
2104 3567 2484 3632 sacramentis,
2544 3567 2746 3636 quibus
2782 3581 2842 3620 se
2888 3563 3065 3618 fmdus
3120 3574 3174 3618 et
3219 3564 3520 3620 amicitiam

1933 3659 2175 3713 culturos
2207 3669 2261 3713 et
2295 3657 2524 3712 invicem
2563 3658 2664 3712 sibi
2696 3657 3056 3729 auxiliaturos
3117 3669 3242 3712 esse
3281 3671 3521 3726 spopon-

1933 3749 2152 3802 derunt.
3507 3790 3511 3795 .

2008 3841 2208 3897 llabuit
2265 3842 2566 3911 imperator
2595 3839 2837 3895 Joannes
2873 3837 3042 3892 hosce
3085 3836 3224 3892 filios
3247 3827 3273 3890 ἐ
3313 3835 3516 3889 Andro.

1932 3936 2115 3990 nicum
2139 3936 2446 4002 despotam,
2479 3932 2780 3987 Manuelem
2814 3931 3223 3997 imperatorem,
3270 3927 3520 3983 Theodo-

1935 4041 2053 4080 rum
2100 4027 2649 4098 *Porpbyrngenitum
2681 4036 2736 4080 et
2780 4023 3095 4079 Michaelem
3169 4022 3450 4090 despotam
3501 4040 3518 4077 :

1933 4132 2162 4187 quorum
2194 4126 2320 4171 natu
2357 4118 2653 4172 maximum
2704 4113 3100 4179 Andronicum,
3135 4120 3192 4167 ut
3242 4112 3515 4168 hatredem

1935 4209 2170 4278 imperii,
2206 4211 2258 4264 in
2292 4210 2424 4265 urbe
2461 4223 2601 4273 esse,
2636 4205 2955 4263 Michaelem
3011 4206 3390 4274 imperatorem
3422 4220 3519 4290 gir-

1934 4303 2166 4358 bernare
2188 4311 2245 4357 ει
2276 4302 2660 4357 administrare
2685 4298 3125 4354 Thessalonicam
3153 4295 3346 4362 voluit,
3368 4295 3518 4350 The-

1933 4397 2162 4453 odorum
2194 4395 2722 4466 Porphyrogenitum
2773 4401 2892 4462 post
2921 4400 3193 4445 mortuum
3249 4388 3515 4458 Cantacu-

1934 4487 2056 4542 zeni
2101 4487 2266 4541 lilium
2302 4486 2554 4555 Spartam
2591 4498 2717 4539 cum
2744 4482 2972 4552 imperio
3005 4480 3172 4538 misit.
3219 4479 3513 4535 Thcssalo-

251 4576 387 4632 ι)ι›ιια
411 4572 592 4627 civilia
625 4563 967 4639 summopere
993 4568 1222 4623 alnictas
1245 4582 1365 4622 esse
1390 4568 1616 4633 videret,
1636 4567 1833 4637 opibus
1864 4568 1908 4624 D
1936 4576 2116 4633 nicum
2183 4577 2394 4632 Manuel
2445 4578 2723 4648 ingressus
2799 4588 2920 4628 cum
2988 4573 3390 4644 magistratibus
3459 4581 3516 4628 et

249 4664 366 4734 ejus
421 4675 527 4716 non
556 4660 665 4728 jam
709 4667 922 4730 poterat
974 4657 1152 4714 resisti
1191 4675 1206 4723 ;
1239 4673 1304 4712 ac
1359 4665 1468 4711 tum
1511 4657 1744 4728 primum
1778 4658 1833 4712 in

248 4758 462 4822 Eutrapa
521 4750 970 4808 Otltmanidarutn
1009 4765 1179 4820 genus
1219 4751 1272 4804 in
1296 4749 1504 4804 Traciaa
1564 4751 1837 4820 principes

250 4849 506 4916 impetum
561 4844 709 4908 fecit,
743 4852 906 4912 atque
955 4844 1250 4898 Amurates
1304 4841 1644 4912 Calliopolim
1692 4830 1839 4911 Cepit

246 4937 456 5006 aliaque
519 4948 628 4989 non
701 4947 870 5003 pauca
942 4933 1081 4998 loca,
1115 4933 1311 5004 oppida
1371 4944 1426 4988 et
1455 4934 1672 4989 castella
1721 4943 1831 4988 tum

243 5027 637 5092 Romanorum,
657 5034 771 5080 tum
789 5026 1018 5079 aliorum
1037 5025 1471 5081 Christianorum
1500 5028 1830 5096 principum,

244 5120 402 5175 sicuti
442 5134 564 5172 mox
598 5119 650 5171 in
697 5117 806 5171 vita
845 5116 963 5185 ejus
1011 5132 1362 5186 exponemus.
1391 5117 1602 5173 Etenim
1652 5128 1832 5174 trans-

245 5213 418 5264 ierant
440 5210 686 5280 quidem,
719 5215 778 5261 ut
830 5223 994 5278 supra
1057 5207 1366 5276 docuimus,
1394 5211 1560 5264 etiam
1590 5209 1726 5265 alias
1773 5211 1826 5264 in

154 5290 160 5294 ’
241 5303 515 5371 Europam
574 5302 784 5368 Turcze,
846 5302 900 5355 in
950 5302 1354 5357 Chersonesum
1411 5304 1671 5370 Thracia,
1735 5317 1832 5357 nec

243 5403 421 5449 tamen
472 5396 774 5449 consistere
816 5403 1127 5463 pomerant,
1155 5404 1251 5448 aut
1282 5402 1362 5448 tot
1426 5395 1570 5462 loca,
1604 5394 1824 5464 oppida,

241 5487 485 5550 cnsteiia,
519 5495 646 5555 quot
704 5495 816 5540 tum
859 5495 1139 5557 ceperunt,
1175 5501 1514 5556 expugnare,
1564 5489 1824 5557 quoniam

239 5593 384 5633 nunc
413 5578 564 5647 justo
588 5578 730 5634 bello
759 5578 955 5634 devicti
1010 5579 1430 5648 repellebantur,
1469 5595 1612 5635 nunc
1661 5581 1828 5634 latro-

240 5683 366 5724 num
401 5669 575 5722 instar
620 5669 831 5740 trajecti
867 5669 1230 5740 refugiebant.
1278 5670 1482 5725 Deinde
1507 5670 1823 5738 Amurates,

238 5761 400 5816 etiam
440 5762 790 5832 Adrianopoli
819 5773 875 5818 et
901 5777 1094 5834 magna
1129 5773 1280 5832 parte
1307 5762 1663 5832 Macedoniae,
1696 5766 1822 5820 Bul-

238 5854 399 5924 garize
419 5863 484 5937 et
503 5855 704 5938 Serviat:
732 5857 957 5926 potitus,
983 5866 1259 5926 postremo
1290 5873 1414 5913 cum
1467 5859 1816 5930 imperatore,

1942 4668 2266 4738 primoribus
2292 4669 2528 4724 civitatis
2555 4667 2844 4722 Serrarttm
2876 4681 3062 4736 pacem
3107 4666 3516 4733 amicitiamque

1938 4762 2195 4818 ﬁrmavit.
2230 4761 2416 4829 Itaque
2442 4761 2495 4816 hi
2518 4760 2801 4815 consilium
2831 4760 3095 4823 inierunt,
3144 4757 3349 4812 Turcas
3375 4772 3512 4826 prmo

1937 4855 2211 4920 sidiarios,
2239 4855 2329 4923 qui
2378 4868 2558 4909 arcem
2583 4851 2858 4916 tenebant,
2888 4851 3243 4906 interficiendi
3293 4851 3516 4904 urbem-

1937 4961 2044 5014 que
2083 4946 2310 5001 dedendi
2369 4944 2634 5001 Manueli-
2688 4943 2804 4997 Non
2862 4943 3019 4996 latuit
3064 4942 3166 4996 hoc
3221 4940 3508 4996 consilium

1938 5052 2199 5100 ameram,
2233 5037 2322 5106 qui
2354 5036 2776 5102 Carali-pasiam
2810 5050 2932 5087 cum
2969 5034 3179 5100 magnis
3207 5034 3378 5101 copiis
3416 5034 3511 5083 ad-

1932 5142 2127 5182 versus
2161 5127 2608 5182 Thessalonicam
2637 5134 2691 5179 et
2735 5125 3034 5181 Manuelem
3093 5127 3366 5185 ntisit,:tc,
3406 5125 3508 5178 nisi

1933 5229 2089 5287 capta
2138 5219 2271 5273 urbe
2317 5227 2371 5273 et
2402 5219 2584 5273 vincto
2645 5217 3062 5284 Manuele,eum
3096 5219 3271 5273 redire
3317 5221 3509 5274 vetuit.

1932 5309 2046 5365 Huc
2084 5326 2141 5364 re
2218 5322 2518 5379 comperta,
2561 5313 2768 5366 Manuel
2848 5311 3126 5375 dominus,
3184 5327 3307 5366 cum
3361 5321 3510 5365 tanto

1930 5403 2193 5458 exercitui
2233 5417 2337 5456 non
2385 5419 2542 5472 posse
2573 5422 2630 5460 se
2654 5407 2908 5459 resistere
2965 5406 3312 5470 intelligeret.
3364 5417 3507 5460 metu

1930 5509 1994 5550 ac
2021 5495 2212 5549 timore
2248 5497 2746 5566 percellitur,atque
2778 5499 3002 5560 inscius.
3033 5498 3158 5565 ‘luid
3190 5499 3332 5550 aliud
3363 5511 3508 5566 agat,

1930 5587 2056 5657 fuga
2107 5588 2335 5642 salutem
2367 5591 2636 5657 quaeritet
2665 5590 2978 5660 Byzantium
3024 5594 3090 5646 ad
3130 5593 3508 5658 imperatorem

1927 5691 1980 5734 ct
2012 5692 2217 5750 patrem
2261 5683 2456 5737 reverti
2491 5685 2758 5739 decernit.
2790 5687 2858 5739 At
2887 5686 2995 5747 ille,
3020 5702 3259 5740 amet-am
3283 5685 3509 5747 ver‘itns,

1927 5773 2170 5841 recipere
2222 5787 2344 5828 eum
2395 5775 2581 5841 noluit,
2623 5779 2670 5832 ei
2704 5778 2899 5832 iratum
2946 5794 3005 5831 se
3046 5794 3167 5832 esse
3221 5787 3511 5842 ostendens

1927 5864 2168 5935 adeoque
2229 5867 2576 5926 vehementer
2627 5868 2887 5923 minatus.
2942 5867 3180 5938 Sperans
3220 5874 3330 5940 jam
3395 5872 3506 5927 Ma-
