  <div class='ocr_page' id='page_1' title='image "/cluster/home/n/w/nwhite01/storage/ocr_20150623/156/hvd.32044019208438/468.png"; bbox 0 0 3990 6556; ppageno 0'>
   <div class='ocr_carea' id='block_1_1' title="bbox 249 427 374 492">
    <p class='ocr_par' dir='ltr' id='par_1_1' title="bbox 249 427 374 492">
     <span class='ocr_line' id='line_1_1' title="bbox 249 427 374 492; baseline -0.056 0"><span class='ocrx_word' id='word_1_1' title='bbox 249 427 374 492; x_wconf 83' lang='lat'><strong>67</strong></span> 
     </span>
    </p>
   </div>
   <div class='ocr_carea' id='block_1_2' title="bbox 1399 422 2536 490">
    <p class='ocr_par' dir='ltr' id='par_1_2' title="bbox 1399 422 2536 490">
     <span class='ocr_line' id='line_1_2' title="bbox 1399 422 2536 490; baseline 0.002 -6"><span class='ocrx_word' id='word_1_2' title='bbox 1399 422 1842 484; x_wconf 75' lang='lat' dir='ltr'><strong>CHRONICON</strong></span> <span class='ocrx_word' id='word_1_3' title='bbox 1877 425 2152 486; x_wconf 81' lang='lat' dir='ltr'><strong>MAJUS.</strong></span> <span class='ocrx_word' id='word_1_4' title='bbox 2194 451 2260 464; x_wconf 81' lang='grc'><strong><em>-</em></strong></span> <span class='ocrx_word' id='word_1_5' title='bbox 2309 429 2457 490; x_wconf 78' lang='lat' dir='ltr'><strong>LIB.</strong></span> <span class='ocrx_word' id='word_1_6' title='bbox 2489 431 2536 487; x_wconf 87' lang='grc' dir='ltr'>ῐ.</span> 
     </span>
    </p>
   </div>
   <div class='ocr_carea' id='block_1_3' title="bbox 3425 429 3528 498">
    <p class='ocr_par' dir='ltr' id='par_1_3' title="bbox 3425 429 3528 498">
     <span class='ocr_line' id='line_1_3' title="bbox 3425 429 3528 498; baseline 0.049 -5"><span class='ocrx_word' id='word_1_7' title='bbox 3425 429 3528 498; x_wconf 76' lang='lat'><strong>6&#39;8</strong></span> 
     </span>
    </p>
   </div>
   <div class='ocr_carea' id='block_1_4' title="bbox 251 533 3538 607">
    <p class='ocr_par' dir='ltr' id='par_1_4' title="bbox 251 533 3538 607">
     <span class='ocr_line' id='line_1_4' title="bbox 251 533 3538 607; baseline 0.001 -17"><span class='ocrx_word' id='word_1_8' title='bbox 251 537 594 596; x_wconf 73' lang='grc' dir='ltr'>κυπτούσσς</span> <span class='ocrx_word' id='word_1_9' title='bbox 626 541 704 604; x_wconf 80' lang='grc' dir='ltr'><strong>τῷ</strong></span> <span class='ocrx_word' id='word_1_10' title='bbox 733 534 1001 602; x_wconf 75' lang='grc' dir='ltr'>θελήματι</span> <span class='ocrx_word' id='word_1_11' title='bbox 1042 533 1245 595; x_wconf 88' lang='grc' dir='ltr'>αὐτῶν,</span> <span class='ocrx_word' id='word_1_12' title='bbox 1292 536 1432 589; x_wconf 79' lang='grc' dir='ltr'>ἀλλὰ</span> <span class='ocrx_word' id='word_1_13' title='bbox 1476 539 1857 605; x_wconf 71' lang='grc' dir='ltr'><strong>φυλαττούσας</strong></span> <span class='ocrx_word' id='word_1_14' title='bbox 1887 539 1932 596; x_wconf 78' lang='grc' dir='ltr'><strong>Δ</strong></span> <span class='ocrx_word' id='word_1_15' title='bbox 1961 537 2233 606; x_wconf 77' lang='grc' dir='ltr'>γήθησαν,</span> <span class='ocrx_word' id='word_1_16' title='bbox 2265 539 2455 602; x_wconf 82' lang='grc' dir='ltr'>παῖδες</span> <span class='ocrx_word' id='word_1_17' title='bbox 2495 539 2724 605; x_wconf 77' lang='grc' dir='ltr'><strong>ἐνδόξων</strong></span> <span class='ocrx_word' id='word_1_18' title='bbox 2769 540 2863 592; x_wconf 72' lang='grc' dir='ltr'>καὶ</span> <span class='ocrx_word' id='word_1_19' title='bbox 2897 539 3140 606; x_wconf 83' lang='grc' dir='ltr'>εὐγενῶν</span> <span class='ocrx_word' id='word_1_20' title='bbox 3187 541 3538 607; x_wconf 69' lang='grc' dir='ltr'>Χριστιανῶν</span> 
     </span>
    </p>
   </div>
   <div class='ocr_carea' id='block_1_5' title="bbox 252 626 1856 702">
    <p class='ocr_par' dir='ltr' id='par_1_5' title="bbox 252 626 1856 702">
     <span class='ocr_line' id='line_1_5' title="bbox 252 626 1856 702; baseline 0.001 -20"><span class='ocrx_word' id='word_1_21' title='bbox 252 630 376 699; x_wconf 65' lang='grc' dir='ltr'>τὴν</span> <span class='ocrx_word' id='word_1_22' title='bbox 408 629 726 698; x_wconf 81' lang='grc' dir='ltr'>πρέπουσαν</span> <span class='ocrx_word' id='word_1_23' title='bbox 757 626 972 680; x_wconf 75' lang='grc' dir='ltr'>εὔνοιαν</span> <span class='ocrx_word' id='word_1_24' title='bbox 1019 629 1100 692; x_wconf 88' lang='grc' dir='ltr'><strong>είς</strong></span> <span class='ocrx_word' id='word_1_25' title='bbox 1131 629 1256 690; x_wconf 85' lang='grc' dir='ltr'><strong>τούς</strong></span> <span class='ocrx_word' id='word_1_26' title='bbox 1286 629 1554 699; x_wconf 76' lang='grc' dir='ltr'><strong>πατέρας,</strong></span> <span class='ocrx_word' id='word_1_27' title='bbox 1593 630 1856 702; x_wconf 72' lang='grc' dir='ltr'>ᾐχμαλώ-</span> 
     </span>
    </p>
   </div>
   <div class='ocr_carea' id='block_1_6' title="bbox 252 719 1850 788">
    <p class='ocr_par' dir='ltr' id='par_1_6' title="bbox 252 719 1850 788">
     <span class='ocr_line' id='line_1_6' title="bbox 252 719 1850 788; baseline 0.002 -16"><span class='ocrx_word' id='word_1_28' title='bbox 252 721 424 784; x_wconf 75' lang='grc' dir='ltr'>τιξον</span> <span class='ocrx_word' id='word_1_29' title='bbox 460 719 820 782; x_wconf 73' lang='grc' dir='ltr'><strong>σκυλεύοντες</strong></span> <span class='ocrx_word' id='word_1_30' title='bbox 873 721 966 772; x_wconf 75' lang='grc' dir='ltr'>καὶ</span> <span class='ocrx_word' id='word_1_31' title='bbox 1009 719 1519 788; x_wconf 77' lang='grc' dir='ltr'>ἀνδραποδίζοντες.</span> <span class='ocrx_word' id='word_1_32' title='bbox 1576 721 1850 788; x_wconf 76' lang='grc' dir='ltr'>Μαθόντες</span> 
     </span>
    </p>
   </div>
   <div class='ocr_carea' id='block_1_7' title="bbox 253 811 1855 884">
    <p class='ocr_par' dir='ltr' id='par_1_7' title="bbox 253 811 1855 884">
     <span class='ocr_line' id='line_1_7' title="bbox 253 811 1855 884; baseline 0.003 -19"><span class='ocrx_word' id='word_1_33' title='bbox 253 812 326 865; x_wconf 65' lang='grc' dir='ltr'>δὲ</span> <span class='ocrx_word' id='word_1_34' title='bbox 357 811 520 865; x_wconf 78' lang='grc' dir='ltr'>τοῦτο</span> <span class='ocrx_word' id='word_1_35' title='bbox 558 812 616 864; x_wconf 85' lang='grc' dir='ltr'>ὲν</span> <span class='ocrx_word' id='word_1_36' title='bbox 646 813 712 881; x_wconf 80' lang='grc' dir='ltr'><strong>τῇ</strong></span> <span class='ocrx_word' id='word_1_37' title='bbox 757 811 916 882; x_wconf 67' lang='grc' dir='ltr'><strong>Ἀσίᾳ⁸</strong></span> <span class='ocrx_word' id='word_1_38' title='bbox 948 812 976 864; x_wconf 99' lang='lat'><strong>6</strong></span> <span class='ocrx_word' id='word_1_39' title='bbox 1009 813 1231 882; x_wconf 78' lang='grc' dir='ltr'>ἁμηρᾶς</span> <span class='ocrx_word' id='word_1_40' title='bbox 1266 816 1363 868; x_wconf 75' lang='grc' dir='ltr'>καὶ</span> <span class='ocrx_word' id='word_1_41' title='bbox 1387 815 1416 868; x_wconf 86' lang='grc' dir='ltr'>ὁ</span> <span class='ocrx_word' id='word_1_42' title='bbox 1447 813 1702 884; x_wconf 80' lang='grc' dir='ltr'>βασιλεὺς</span> <span class='ocrx_word' id='word_1_43' title='bbox 1731 814 1855 870; x_wconf 86' lang='grc' dir='ltr'>λίαν</span> 
     </span>
    </p>
   </div>
   <div class='ocr_carea' id='block_1_8' title="bbox 259 902 1856 977">
    <p class='ocr_par' dir='ltr' id='par_1_8' title="bbox 259 902 1856 977">
     <span class='ocr_line' id='line_1_8' title="bbox 259 902 1856 977; baseline 0.004 -21"><span class='ocrx_word' id='word_1_44' title='bbox 259 904 631 976; x_wconf 74' lang='grc' dir='ltr'><strong>ἐλυπήθησαν</strong></span> <span class='ocrx_word' id='word_1_45' title='bbox 660 907 756 959; x_wconf 80' lang='grc' dir='ltr'>καὶ</span> <span class='ocrx_word' id='word_1_46' title='bbox 790 904 1206 976; x_wconf 77' lang='grc' dir='ltr'>ἠγανάκτησαν.</span> <span class='ocrx_word' id='word_1_47' title='bbox 1245 905 1306 959; x_wconf 88' lang='lat'><strong>&#39;0</strong></span> <span class='ocrx_word' id='word_1_48' title='bbox 1333 902 1428 960; x_wconf 77' lang='grc' dir='ltr'>οὖν</span> <span class='ocrx_word' id='word_1_49' title='bbox 1468 908 1691 977; x_wconf 74' lang='grc' dir='ltr'>άμηρᾶε</span> <span class='ocrx_word' id='word_1_50' title='bbox 1719 907 1856 962; x_wconf 80' lang='grc' dir='ltr'>ὐπο-</span> 
     </span>
    </p>
   </div>
   <div class='ocr_carea' id='block_1_9' title="bbox 254 997 1856 1071">
    <p class='ocr_par' dir='ltr' id='par_1_9' title="bbox 254 997 1856 1071">
     <span class='ocr_line' id='line_1_9' title="bbox 254 997 1856 1071; baseline -0.009 -5"><span class='ocrx_word' id='word_1_51' title='bbox 254 997 411 1066; x_wconf 64' lang='grc' dir='ltr'><strong>ψῖαν</strong></span> <span class='ocrx_word' id='word_1_52' title='bbox 443 997 582 1068; x_wconf 68' lang='grc' dir='ltr'>ἔχων</span> <span class='ocrx_word' id='word_1_53' title='bbox 616 998 674 1050; x_wconf 66' lang='grc' dir='ltr'>ἓν</span> <span class='ocrx_word' id='word_1_54' title='bbox 705 999 769 1068; x_wconf 79' lang='grc' dir='ltr'>τῇ</span> <span class='ocrx_word' id='word_1_55' title='bbox 802 998 1000 1067; x_wconf 68' lang='grc' dir='ltr'>κπρδίᾳ</span> <span class='ocrx_word' id='word_1_56' title='bbox 1031 998 1108 1069; x_wconf 81' lang='grc' dir='ltr'>μὴ</span> <span class='ocrx_word' id='word_1_57' title='bbox 1157 998 1246 1052; x_wconf 79' lang='grc' dir='ltr'><strong>διὰ</strong></span> <span class='ocrx_word' id='word_1_58' title='bbox 1297 997 1571 1071; x_wconf 84' lang='grc' dir='ltr'>θελήσεως</span> <span class='ocrx_word' id='word_1_59' title='bbox 1607 1002 1700 1052; x_wconf 70' lang='grc' dir='ltr'>καὶ</span> <span class='ocrx_word' id='word_1_60' title='bbox 1733 1000 1856 1070; x_wconf 78' lang='grc' dir='ltr'>βου-</span> 
     </span>
    </p>
   </div>
   <div class='ocr_carea' id='block_1_10' title="bbox 262 1089 1856 1160">
    <p class='ocr_par' dir='ltr' id='par_1_10' title="bbox 262 1089 1856 1160">
     <span class='ocr_line' id='line_1_10' title="bbox 262 1089 1856 1160; baseline 0.003 -18"><span class='ocrx_word' id='word_1_61' title='bbox 262 1089 377 1158; x_wconf 76' lang='grc' dir='ltr'>λῆς</span> <span class='ocrx_word' id='word_1_62' title='bbox 427 1089 524 1142; x_wconf 79' lang='grc' dir='ltr'><strong>τοῦ</strong></span> <span class='ocrx_word' id='word_1_63' title='bbox 559 1089 826 1159; x_wconf 78' lang='grc' dir='ltr'>βασιλέως</span> <span class='ocrx_word' id='word_1_64' title='bbox 878 1090 1025 1143; x_wconf 82' lang='grc' dir='ltr'>οὗτοι</span> <span class='ocrx_word' id='word_1_65' title='bbox 1061 1093 1473 1160; x_wconf 84' lang='grc' dir='ltr'>ἀπεστάτησαν,</span> <span class='ocrx_word' id='word_1_66' title='bbox 1523 1095 1856 1160; x_wconf 76' lang='grc' dir='ltr'>ἀποστείλας</span> 
     </span>
    </p>
   </div>
   <div class='ocr_carea' id='block_1_11' title="bbox 267 1181 1856 1258">
    <p class='ocr_par' dir='ltr' id='par_1_11' title="bbox 267 1181 1856 1258">
     <span class='ocr_line' id='line_1_11' title="bbox 267 1181 1856 1258; baseline 0.006 -24"><span class='ocrx_word' id='word_1_67' title='bbox 267 1183 508 1254; x_wconf 78' lang='grc' dir='ltr'><strong>μηνύων</strong></span> <span class='ocrx_word' id='word_1_68' title='bbox 544 1182 695 1255; x_wconf 86' lang='grc' dir='ltr'><strong>αὐτῷ</strong></span> <span class='ocrx_word' id='word_1_69' title='bbox 734 1185 875 1258; x_wconf 73' lang='grc' dir='ltr'>μετὰ</span> <span class='ocrx_word' id='word_1_70' title='bbox 923 1184 1098 1254; x_wconf 85' lang='grc' dir='ltr'><strong>θυμοῦ</strong></span> <span class='ocrx_word' id='word_1_71' title='bbox 1148 1181 1302 1240; x_wconf 73' lang='grc' dir='ltr'>εἶπεν</span> <span class='ocrx_word' id='word_1_72' title='bbox 1355 1187 1442 1239; x_wconf 86' lang='grc' dir='ltr'><strong>ίνα</strong></span> <span class='ocrx_word' id='word_1_73' title='bbox 1484 1189 1686 1256; x_wconf 87' lang='grc' dir='ltr'>τρόπον</span> <span class='ocrx_word' id='word_1_74' title='bbox 1733 1190 1856 1243; x_wconf 88' lang='grc' dir='ltr'>τινά</span> 
     </span>
    </p>
   </div>
   <div class='ocr_carea' id='block_1_12' title="bbox 267 1276 1856 1353">
    <p class='ocr_par' dir='ltr' id='par_1_12' title="bbox 267 1276 1856 1353">
     <span class='ocr_line' id='line_1_12' title="bbox 267 1276 1856 1353; baseline 0.003 -25"><span class='ocrx_word' id='word_1_75' title='bbox 267 1276 489 1347; x_wconf 76' lang='grc' dir='ltr'>ποιήσῃ</span> <span class='ocrx_word' id='word_1_76' title='bbox 520 1277 668 1338; x_wconf 75' lang='grc' dir='ltr'>ὅπως</span> <span class='ocrx_word' id='word_1_77' title='bbox 698 1276 792 1328; x_wconf 81' lang='grc' dir='ltr'>τὸν</span> <span class='ocrx_word' id='word_1_78' title='bbox 831 1277 1172 1343; x_wconf 71' lang='grc' dir='ltr'>Ἀνδρόνικον</span> <span class='ocrx_word' id='word_1_79' title='bbox 1207 1278 1497 1353; x_wconf 77' lang='grc' dir='ltr'>παιδεύσῃ,</span> <span class='ocrx_word' id='word_1_80' title='bbox 1529 1281 1624 1333; x_wconf 74' lang='grc' dir='ltr'>καὶ</span> <span class='ocrx_word' id='word_1_81' title='bbox 1653 1279 1856 1351; x_wconf 82' lang='grc' dir='ltr'>πληρο-</span> 
     </span>
    </p>
   </div>
   <div class='ocr_carea' id='block_1_13' title="bbox 271 1366 1857 1442">
    <p class='ocr_par' dir='ltr' id='par_1_13' title="bbox 271 1366 1857 1442">
     <span class='ocr_line' id='line_1_13' title="bbox 271 1366 1857 1442; baseline 0.001 -20"><span class='ocrx_word' id='word_1_82' title='bbox 271 1371 660 1442; x_wconf 71' lang='grc' dir='ltr'>φορηθήσεται</span> <span class='ocrx_word' id='word_1_83' title='bbox 688 1371 738 1424; x_wconf 88' lang='grc' dir='ltr'><strong>εί</strong></span> <span class='ocrx_word' id='word_1_84' title='bbox 763 1371 791 1422; x_wconf 88' lang='grc' dir='ltr'><strong>ό</strong></span> <span class='ocrx_word' id='word_1_85' title='bbox 811 1371 1065 1441; x_wconf 77' lang='grc' dir='ltr'>βασιλεὺς</span> <span class='ocrx_word' id='word_1_86' title='bbox 1087 1372 1187 1424; x_wconf 71' lang='grc' dir='ltr'>οἰκ</span> <span class='ocrx_word' id='word_1_87' title='bbox 1203 1366 1270 1442; x_wconf 77' lang='grc' dir='ltr'>ἦν</span> <span class='ocrx_word' id='word_1_88' title='bbox 1289 1371 1458 1431; x_wconf 81' lang='grc' dir='ltr'>αίτιος</span> <span class='ocrx_word' id='word_1_89' title='bbox 1483 1372 1577 1439; x_wconf 73' lang='grc' dir='ltr'>τῆς</span> <span class='ocrx_word' id='word_1_90' title='bbox 1600 1372 1857 1440; x_wconf 77' lang='grc' dir='ltr'>τοιαύτης</span> 
     </span>
    </p>
   </div>
   <div class='ocr_carea' id='block_1_14' title="bbox 275 1463 1856 1534">
    <p class='ocr_par' dir='ltr' id='par_1_14' title="bbox 275 1463 1856 1534">
     <span class='ocr_line' id='line_1_14' title="bbox 275 1463 1856 1534; baseline 0 -18"><span class='ocrx_word' id='word_1_91' title='bbox 275 1463 482 1533; x_wconf 76' lang='grc' dir='ltr'>βουλῆς</span> <span class='ocrx_word' id='word_1_92' title='bbox 505 1481 518 1494; x_wconf 87' lang='grc'><strong>·</strong></span> <span class='ocrx_word' id='word_1_93' title='bbox 550 1465 597 1516; x_wconf 88' lang='grc' dir='ltr'><strong>εί</strong></span> <span class='ocrx_word' id='word_1_94' title='bbox 628 1465 684 1517; x_wconf 76' lang='grc' dir='ltr'>δὲ</span> <span class='ocrx_word' id='word_1_95' title='bbox 730 1463 907 1527; x_wconf 75' lang='grc' dir='ltr'>ἄλλως</span> <span class='ocrx_word' id='word_1_96' title='bbox 944 1463 1260 1534; x_wconf 67' lang='grc' dir='ltr'>γενήσεται,</span> <span class='ocrx_word' id='word_1_97' title='bbox 1311 1463 1474 1526; x_wconf 74' lang='grc' dir='ltr'>αὐτὸς</span> <span class='ocrx_word' id='word_1_98' title='bbox 1506 1464 1600 1516; x_wconf 65' lang='grc' dir='ltr'>καὶ</span> <span class='ocrx_word' id='word_1_99' title='bbox 1647 1465 1674 1516; x_wconf 87' lang='grc' dir='ltr'><strong>ό</strong></span> <span class='ocrx_word' id='word_1_100' title='bbox 1709 1463 1856 1526; x_wconf 81' lang='grc' dir='ltr'>οἶκος</span> 
     </span>
    </p>
   </div>
   <div class='ocr_carea' id='block_1_15' title="bbox 272 1556 1856 1629">
    <p class='ocr_par' dir='ltr' id='par_1_15' title="bbox 272 1556 1856 1629">
     <span class='ocr_line' id='line_1_15' title="bbox 272 1556 1856 1629; baseline 0.002 -19"><span class='ocrx_word' id='word_1_101' title='bbox 272 1556 451 1610; x_wconf 83' lang='grc' dir='ltr'>αὐτοῦ</span> <span class='ocrx_word' id='word_1_102' title='bbox 481 1557 580 1610; x_wconf 73' lang='grc' dir='ltr'>καὶ</span> <span class='ocrx_word' id='word_1_103' title='bbox 624 1559 776 1611; x_wconf 77' lang='grc' dir='ltr'>πᾶσα</span> <span class='ocrx_word' id='word_1_104' title='bbox 803 1558 838 1626; x_wconf 81' lang='grc' dir='ltr'><strong>ἡ</strong></span> <span class='ocrx_word' id='word_1_105' title='bbox 879 1557 1024 1629; x_wconf 79' lang='grc' dir='ltr'><strong>ἀρχὴ</strong></span> <span class='ocrx_word' id='word_1_106' title='bbox 1063 1556 1172 1610; x_wconf 86' lang='grc' dir='ltr'><strong>τῶν</strong></span> <span class='ocrx_word' id='word_1_107' title='bbox 1207 1556 1498 1626; x_wconf 85' lang='grc' dir='ltr'>Ῥωμαίων</span> <span class='ocrx_word' id='word_1_108' title='bbox 1526 1557 1742 1626; x_wconf 66' lang='grc' dir='ltr'>ὄψεται.</span> <span class='ocrx_word' id='word_1_109' title='bbox 1799 1557 1856 1612; x_wconf 81' lang='grc' dir='ltr'>Ὀ</span> 
     </span>
    </p>
   </div>
   <div class='ocr_carea' id='block_1_16' title="bbox 274 1646 1857 1720">
    <p class='ocr_par' dir='ltr' id='par_1_16' title="bbox 274 1646 1857 1720">
     <span class='ocr_line' id='line_1_16' title="bbox 274 1646 1857 1720; baseline 0 -18"><span class='ocrx_word' id='word_1_110' title='bbox 274 1651 336 1702; x_wconf 78' lang='grc' dir='ltr'>δὲ</span> <span class='ocrx_word' id='word_1_111' title='bbox 373 1649 634 1720; x_wconf 73' lang='grc' dir='ltr'>βασιλεὺς</span> <span class='ocrx_word' id='word_1_112' title='bbox 677 1648 1012 1718; x_wconf 82' lang='grc' dir='ltr'>ἀπεκρίνατο</span> <span class='ocrx_word' id='word_1_113' title='bbox 1059 1649 1237 1718; x_wconf 78' lang='grc' dir='ltr'>λέγων</span> <span class='ocrx_word' id='word_1_114' title='bbox 1285 1650 1369 1703; x_wconf 81' lang='grc' dir='ltr'>ὅτι</span> <span class='ocrx_word' id='word_1_115' title='bbox 1401 1650 1500 1703; x_wconf 82' lang='grc' dir='ltr'><strong>οὐκ</strong></span> <span class='ocrx_word' id='word_1_116' title='bbox 1551 1646 1690 1703; x_wconf 75' lang='grc' dir='ltr'>οἶδεν</span> <span class='ocrx_word' id='word_1_117' title='bbox 1732 1649 1857 1704; x_wconf 74' lang='grc' dir='ltr'>οὔτε</span> 
     </span>
    </p>
   </div>
   <div class='ocr_carea' id='block_1_17' title="bbox 276 1738 1859 1809">
    <p class='ocr_par' dir='ltr' id='par_1_17' title="bbox 276 1738 1859 1809">
     <span class='ocr_line' id='line_1_17' title="bbox 276 1738 1859 1809; baseline 0.001 -17"><span class='ocrx_word' id='word_1_118' title='bbox 276 1740 568 1800; x_wconf 74' lang='grc' dir='ltr'>ἐπίστατο,</span> <span class='ocrx_word' id='word_1_119' title='bbox 626 1738 766 1808; x_wconf 74' lang='grc' dir='ltr'>μετὰ</span> <span class='ocrx_word' id='word_1_120' title='bbox 818 1739 998 1808; x_wconf 85' lang='grc' dir='ltr'>ὅρκων</span> <span class='ocrx_word' id='word_1_121' title='bbox 1049 1739 1327 1808; x_wconf 81' lang='grc' dir='ltr'><strong>μεγάλων,</strong></span> <span class='ocrx_word' id='word_1_122' title='bbox 1367 1740 1427 1792; x_wconf 81' lang='grc' dir='ltr'>τὸ</span> <span class='ocrx_word' id='word_1_123' title='bbox 1459 1741 1718 1809; x_wconf 77' lang='grc' dir='ltr'>γεγονόςο</span> <span class='ocrx_word' id='word_1_124' title='bbox 1763 1743 1859 1794; x_wconf 74' lang='grc' dir='ltr'>καὶ</span> 
     </span>
    </p>
   </div>
   <div class='ocr_carea' id='block_1_18' title="bbox 280 1828 1857 1902">
    <p class='ocr_par' dir='ltr' id='par_1_18' title="bbox 280 1828 1857 1902">
     <span class='ocr_line' id='line_1_18' title="bbox 280 1828 1857 1902; baseline 0.001 -18"><span class='ocrx_word' id='word_1_125' title='bbox 280 1832 382 1886; x_wconf 77' lang='grc' dir='ltr'><strong>ἐὰν</strong></span> <span class='ocrx_word' id='word_1_126' title='bbox 409 1833 488 1894; x_wconf 80' lang='grc' dir='ltr'><strong>είς</strong></span> <span class='ocrx_word' id='word_1_127' title='bbox 519 1831 621 1902; x_wconf 74' lang='lat'><strong>51</strong></span> <span class='ocrx_word' id='word_1_128' title='bbox 658 1833 848 1902; x_wconf 68' lang='grc' dir='ltr'>χεῖρας</span> <span class='ocrx_word' id='word_1_129' title='bbox 885 1833 976 1885; x_wconf 75' lang='grc' dir='ltr'><strong>τὸν</strong></span> <span class='ocrx_word' id='word_1_130' title='bbox 1015 1833 1131 1885; x_wconf 75' lang='grc' dir='ltr'>υἱὸν</span> <span class='ocrx_word' id='word_1_131' title='bbox 1159 1833 1324 1902; x_wconf 77' lang='grc' dir='ltr'>τυχὸν</span> <span class='ocrx_word' id='word_1_132' title='bbox 1354 1828 1522 1902; x_wconf 81' lang='grc' dir='ltr'>εἶχεν,</span> <span class='ocrx_word' id='word_1_133' title='bbox 1557 1835 1685 1887; x_wconf 79' lang='grc' dir='ltr'>ἄνευ</span> <span class='ocrx_word' id='word_1_134' title='bbox 1711 1835 1857 1896; x_wconf 86' lang='grc' dir='ltr'>τινὸς</span> 
     </span>
    </p>
   </div>
   <div class='ocr_carea' id='block_1_19' title="bbox 1957 627 3536 706">
    <p class='ocr_par' dir='ltr' id='par_1_19' title="bbox 1957 627 3536 706">
     <span class='ocr_line' id='line_1_19' title="bbox 1957 627 3536 706; baseline 0.004 -28"><span class='ocrx_word' id='word_1_135' title='bbox 1957 628 2054 680; x_wconf 64' lang='grc' dir='ltr'>καὶ</span> <span class='ocrx_word' id='word_1_136' title='bbox 2084 627 2368 696; x_wconf 83' lang='grc' dir='ltr'>Τούρκων,</span> <span class='ocrx_word' id='word_1_137' title='bbox 2409 630 2504 684; x_wconf 76' lang='grc' dir='ltr'>καὶ</span> <span class='ocrx_word' id='word_1_138' title='bbox 2553 632 2706 684; x_wconf 71' lang='grc' dir='ltr'>αὐτοὶ</span> <span class='ocrx_word' id='word_1_139' title='bbox 2753 631 3184 702; x_wconf 81' lang='grc' dir='ltr'>σαγηνευθέντες</span> <span class='ocrx_word' id='word_1_140' title='bbox 3215 633 3293 700; x_wconf 79' lang='grc' dir='ltr'>τῷ</span> <span class='ocrx_word' id='word_1_141' title='bbox 3341 633 3536 706; x_wconf 47' lang='lat' dir='ltr'><strong>apag;</strong></span> 
     </span>
    </p>
   </div>
   <div class='ocr_carea' id='block_1_20' title="bbox 1955 720 3537 794">
    <p class='ocr_par' dir='ltr' id='par_1_20' title="bbox 1955 720 3537 794">
     <span class='ocr_line' id='line_1_20' title="bbox 1955 720 3537 794; baseline 0.005 -20"><span class='ocrx_word' id='word_1_142' title='bbox 1955 720 2224 792; x_wconf 72' lang='grc' dir='ltr'>ἐδόθησαν</span> <span class='ocrx_word' id='word_1_143' title='bbox 2244 737 2260 754; x_wconf 81' lang='lat'><strong><em>°</em></strong></span> <span class='ocrx_word' id='word_1_144' title='bbox 2293 724 2387 778; x_wconf 75' lang='grc' dir='ltr'>καὶ</span> <span class='ocrx_word' id='word_1_145' title='bbox 2413 725 2462 778; x_wconf 88' lang='grc' dir='ltr'><strong>οί</strong></span> <span class='ocrx_word' id='word_1_146' title='bbox 2495 725 2733 794; x_wconf 80' lang='grc' dir='ltr'>πατέρες</span> <span class='ocrx_word' id='word_1_147' title='bbox 2764 725 2943 778; x_wconf 89' lang='grc' dir='ltr'>αὐτῶν</span> <span class='ocrx_word' id='word_1_148' title='bbox 2974 726 3246 793; x_wconf 72' lang='grc' dir='ltr'>παρόντες</span> <span class='ocrx_word' id='word_1_149' title='bbox 3273 731 3414 794; x_wconf 81' lang='grc' dir='ltr'>μετά</span> <span class='ocrx_word' id='word_1_150' title='bbox 3445 728 3537 782; x_wconf 78' lang='grc' dir='ltr'>δα-</span> 
     </span>
    </p>
   </div>
   <div class='ocr_carea' id='block_1_21' title="bbox 1954 811 3535 883">
    <p class='ocr_par' dir='ltr' id='par_1_21' title="bbox 1954 811 3535 883">
     <span class='ocr_line' id='line_1_21' title="bbox 1954 811 3535 883; baseline 0.004 -19"><span class='ocrx_word' id='word_1_151' title='bbox 1954 811 2143 880; x_wconf 84' lang='grc' dir='ltr'>κρύων</span> <span class='ocrx_word' id='word_1_152' title='bbox 2187 813 2595 883; x_wconf 69' lang='grc' dir='ltr'>ἐκελεύσθησαν</span> <span class='ocrx_word' id='word_1_153' title='bbox 2629 815 2719 868; x_wconf 71' lang='grc' dir='ltr'>ἵνα</span> <span class='ocrx_word' id='word_1_154' title='bbox 2773 817 3004 879; x_wconf 79' lang='grc' dir='ltr'>ἕκαστος</span> <span class='ocrx_word' id='word_1_155' title='bbox 3055 818 3147 870; x_wconf 77' lang='grc' dir='ltr'><strong>τὸν</strong></span> <span class='ocrx_word' id='word_1_156' title='bbox 3193 818 3309 870; x_wconf 64' lang='grc' dir='ltr'>υίθιν</span> <span class='ocrx_word' id='word_1_157' title='bbox 3367 818 3535 872; x_wconf 78' lang='grc' dir='ltr'>αὐτοῦ</span> 
     </span>
    </p>
   </div>
   <div class='ocr_carea' id='block_1_22' title="bbox 1954 905 3538 979">
    <p class='ocr_par' dir='ltr' id='par_1_22' title="bbox 1954 905 3538 979">
     <span class='ocr_line' id='line_1_22' title="bbox 1954 905 3538 979; baseline 0.004 -22"><span class='ocrx_word' id='word_1_158' title='bbox 1954 905 2334 976; x_wconf 80' lang='grc' dir='ltr'>οἰκειοχείρως</span> <span class='ocrx_word' id='word_1_159' title='bbox 2382 907 2705 979; x_wconf 75' lang='grc' dir='ltr'>θανατὼσῃο</span> <span class='ocrx_word' id='word_1_160' title='bbox 2759 908 2853 961; x_wconf 80' lang='grc' dir='ltr'>καὶ</span> <span class='ocrx_word' id='word_1_161' title='bbox 2889 910 3014 971; x_wconf 85' lang='grc' dir='ltr'>τοὺς</span> <span class='ocrx_word' id='word_1_162' title='bbox 3051 909 3126 978; x_wconf 79' lang='grc' dir='ltr'>μὴ</span> <span class='ocrx_word' id='word_1_163' title='bbox 3177 909 3538 978; x_wconf 74' lang='grc' dir='ltr'>πειθομένους</span> 
     </span>
    </p>
   </div>
   <div class='ocr_carea' id='block_1_23' title="bbox 1955 983 3539 1072">
    <p class='ocr_par' dir='ltr' id='par_1_23' title="bbox 1955 983 3539 1072">
     <span class='ocr_line' id='line_1_23' title="bbox 1955 983 3539 1072; baseline 0.003 -21"><span class='ocrx_word' id='word_1_164' title='bbox 1955 999 2164 1068; x_wconf 81' lang='grc' dir='ltr'>πρᾶξαι</span> <span class='ocrx_word' id='word_1_165' title='bbox 2192 999 2338 1053; x_wconf 83' lang='grc' dir='ltr'>κατὰ</span> <span class='ocrx_word' id='word_1_166' title='bbox 2361 1000 2422 1052; x_wconf 82' lang='grc' dir='ltr'>τὸ</span> <span class='ocrx_word' id='word_1_167' title='bbox 2451 983 2796 1072; x_wconf 68' lang='grc' dir='ltr'>προσταχθὲν</span> <span class='ocrx_word' id='word_1_168' title='bbox 2824 1001 3010 1063; x_wconf 85' lang='grc' dir='ltr'>αὐτοῖς</span> <span class='ocrx_word' id='word_1_169' title='bbox 3045 1005 3099 1056; x_wconf 75' lang='grc' dir='ltr'>ὲν</span> <span class='ocrx_word' id='word_1_170' title='bbox 3129 1002 3206 1071; x_wconf 85' lang='grc' dir='ltr'>τῷ</span> <span class='ocrx_word' id='word_1_171' title='bbox 3239 1003 3355 1071; x_wconf 75' lang='grc' dir='ltr'>ἅμα</span> <span class='ocrx_word' id='word_1_172' title='bbox 3395 1005 3539 1056; x_wconf 85' lang='grc' dir='ltr'>κατὰ</span> 
     </span>
    </p>
   </div>
   <div class='ocr_carea' id='block_1_24' title="bbox 1954 1089 3538 1165">
    <p class='ocr_par' dir='ltr' id='par_1_24' title="bbox 1954 1089 3538 1165">
     <span class='ocr_line' id='line_1_24' title="bbox 1954 1089 3538 1165; baseline 0.004 -22"><span class='ocrx_word' id='word_1_173' title='bbox 1954 1089 2048 1145; x_wconf 84' lang='grc' dir='ltr'><strong>τδν</strong></span> <span class='ocrx_word' id='word_1_174' title='bbox 2078 1097 2327 1160; x_wconf 77' lang='grc' dir='ltr'>ποταμὸν</span> <span class='ocrx_word' id='word_1_175' title='bbox 2360 1093 2690 1164; x_wconf 84' lang='grc' dir='ltr'>δεδημένους</span> <span class='ocrx_word' id='word_1_176' title='bbox 2725 1094 2975 1159; x_wconf 76' lang='grc' dir='ltr'>ὲὸύθιζεν</span> <span class='ocrx_word' id='word_1_177' title='bbox 3019 1095 3385 1165; x_wconf 76' lang='grc' dir='ltr'>ὁμοθυμαδὸν,</span> <span class='ocrx_word' id='word_1_178' title='bbox 3428 1114 3538 1151; x_wconf 82' lang='grc' dir='ltr'>πα·-</span> 
     </span>
    </p>
   </div>
   <div class='ocr_carea' id='block_1_25' title="bbox 1956 1183 3537 1258">
    <p class='ocr_par' dir='ltr' id='par_1_25' title="bbox 1956 1183 3537 1258">
     <span class='ocr_line' id='line_1_25' title="bbox 1956 1183 3537 1258; baseline 0.003 -22"><span class='ocrx_word' id='word_1_179' title='bbox 1956 1183 2092 1254; x_wconf 80' lang='grc' dir='ltr'>τέρσ.</span> <span class='ocrx_word' id='word_1_180' title='bbox 2122 1202 2181 1237; x_wconf 86' lang='grc' dir='ltr'><strong>τε</strong></span> <span class='ocrx_word' id='word_1_181' title='bbox 2204 1186 2346 1254; x_wconf 82' lang='grc' dir='ltr'>λέγω</span> <span class='ocrx_word' id='word_1_182' title='bbox 2383 1187 2480 1239; x_wconf 73' lang='grc' dir='ltr'>καὶ</span> <span class='ocrx_word' id='word_1_183' title='bbox 2503 1187 2642 1241; x_wconf 83' lang='grc' dir='ltr'>υίόν.</span> <span class='ocrx_word' id='word_1_184' title='bbox 2677 1187 2900 1256; x_wconf 83' lang='grc' dir='ltr'>Ταύτην</span> <span class='ocrx_word' id='word_1_185' title='bbox 2927 1185 3190 1258; x_wconf 81' lang='grc' dir='ltr'>ὠμότητα</span> <span class='ocrx_word' id='word_1_186' title='bbox 3233 1189 3327 1240; x_wconf 75' lang='grc' dir='ltr'>καὶ</span> <span class='ocrx_word' id='word_1_187' title='bbox 3359 1189 3537 1240; x_wconf 77' lang='grc' dir='ltr'>ἁπαν-</span> 
     </span>
    </p>
   </div>
   <div class='ocr_carea' id='block_1_26' title="bbox 1957 1275 3538 1350">
    <p class='ocr_par' dir='ltr' id='par_1_26' title="bbox 1957 1275 3538 1350">
     <span class='ocr_line' id='line_1_26' title="bbox 1957 1275 3538 1350; baseline 0.002 -21"><span class='ocrx_word' id='word_1_188' title='bbox 1957 1275 2211 1346; x_wconf 81' lang='grc' dir='ltr'>θρωπέαν</span> <span class='ocrx_word' id='word_1_189' title='bbox 2240 1278 2267 1330; x_wconf 86' lang='lat'><strong>6</strong></span> <span class='ocrx_word' id='word_1_190' title='bbox 2321 1278 2672 1350; x_wconf 82' lang='grc' dir='ltr'>Ἀμουράτης</span> <span class='ocrx_word' id='word_1_191' title='bbox 2720 1279 3000 1346; x_wconf 75' lang='grc' dir='ltr'>ἐποίησεν,</span> <span class='ocrx_word' id='word_1_192' title='bbox 3030 1279 3118 1332; x_wconf 70' lang='grc' dir='ltr'><strong>ἀεὶ</strong></span> <span class='ocrx_word' id='word_1_193' title='bbox 3149 1280 3229 1342; x_wconf 81' lang='grc' dir='ltr'><strong>εἰς</strong></span> <span class='ocrx_word' id='word_1_194' title='bbox 3259 1280 3324 1332; x_wconf 74' lang='grc' dir='ltr'><strong>τά</strong></span> <span class='ocrx_word' id='word_1_195' title='bbox 3358 1281 3538 1334; x_wconf 74' lang='grc' dir='ltr'>πάντα</span> 
     </span>
    </p>
   </div>
   <div class='ocr_carea' id='block_1_27' title="bbox 1957 1369 3538 1440">
    <p class='ocr_par' dir='ltr' id='par_1_27' title="bbox 1957 1369 3538 1440">
     <span class='ocr_line' id='line_1_27' title="bbox 1957 1369 3538 1440; baseline 0.002 -18"><span class='ocrx_word' id='word_1_196' title='bbox 1957 1369 2145 1433; x_wconf 64' lang='grc' dir='ltr'>καὶῶς</span> <span class='ocrx_word' id='word_1_197' title='bbox 2176 1370 2620 1439; x_wconf 73' lang='grc' dir='ltr'>πολιτευόμενος.</span> <span class='ocrx_word' id='word_1_198' title='bbox 2657 1371 2866 1440; x_wconf 78' lang='grc' dir='ltr'>Καιροῦ</span> <span class='ocrx_word' id='word_1_199' title='bbox 2898 1372 2957 1424; x_wconf 84' lang='grc' dir='ltr'><strong>δέ</strong></span> <span class='ocrx_word' id='word_1_200' title='bbox 2995 1389 3140 1434; x_wconf 91' lang='grc' dir='ltr'>τινος</span> <span class='ocrx_word' id='word_1_201' title='bbox 3173 1372 3538 1440; x_wconf 78' lang='grc' dir='ltr'>παρελθόντος</span> 
     </span>
    </p>
   </div>
   <div class='ocr_carea' id='block_1_28' title="bbox 1957 1460 3539 1531">
    <p class='ocr_par' dir='ltr' id='par_1_28' title="bbox 1957 1460 3539 1531">
     <span class='ocr_line' id='line_1_28' title="bbox 1957 1460 3539 1531; baseline -0.001 -16"><span class='ocrx_word' id='word_1_202' title='bbox 1957 1460 2104 1521; x_wconf 69' lang='grc' dir='ltr'>τινες</span> <span class='ocrx_word' id='word_1_203' title='bbox 2149 1461 2257 1514; x_wconf 88' lang='grc' dir='ltr'><strong>τῶν</strong></span> <span class='ocrx_word' id='word_1_204' title='bbox 2307 1461 2538 1526; x_wconf 78' lang='grc' dir='ltr'>ἐνδόξων</span> <span class='ocrx_word' id='word_1_205' title='bbox 2597 1464 2690 1515; x_wconf 80' lang='grc' dir='ltr'>καὶ</span> <span class='ocrx_word' id='word_1_206' title='bbox 2744 1462 2982 1531; x_wconf 79' lang='grc' dir='ltr'>εὐγενῶν</span> <span class='ocrx_word' id='word_1_207' title='bbox 3041 1464 3385 1530; x_wconf 70' lang='grc' dir='ltr'>Χριστιανῶν</span> <span class='ocrx_word' id='word_1_208' title='bbox 3444 1468 3539 1516; x_wconf 75' lang='grc' dir='ltr'><strong>καὶ</strong></span> 
     </span>
    </p>
   </div>
   <div class='ocr_carea' id='block_1_29' title="bbox 1968 1553 3538 1626">
    <p class='ocr_par' dir='ltr' id='par_1_29' title="bbox 1968 1553 3538 1626">
     <span class='ocr_line' id='line_1_29' title="bbox 1968 1553 3538 1626; baseline -0.002 -18"><span class='ocrx_word' id='word_1_209' title='bbox 1968 1553 2294 1623; x_wconf 80' lang='grc' dir='ltr'>Ἀγαρηνὼν</span> <span class='ocrx_word' id='word_1_210' title='bbox 2336 1554 2427 1606; x_wconf 84' lang='grc' dir='ltr'>τοῦ</span> <span class='ocrx_word' id='word_1_211' title='bbox 2464 1555 2658 1623; x_wconf 83' lang='grc' dir='ltr'>ἀμηρᾶ</span> <span class='ocrx_word' id='word_1_212' title='bbox 2697 1555 2984 1624; x_wconf 82' lang='grc' dir='ltr'>δεηθέντες</span> <span class='ocrx_word' id='word_1_213' title='bbox 3031 1557 3244 1624; x_wconf 71' lang='grc' dir='ltr'>γράψαι</span> <span class='ocrx_word' id='word_1_214' title='bbox 3280 1555 3415 1626; x_wconf 73' lang='grc' dir='ltr'>πρὸς</span> <span class='ocrx_word' id='word_1_215' title='bbox 3447 1557 3538 1607; x_wconf 69' lang='grc' dir='ltr'><strong>τὸν</strong></span> 
     </span>
    </p>
   </div>
   <div class='ocr_carea' id='block_1_30' title="bbox 1959 1645 3537 1717">
    <p class='ocr_par' dir='ltr' id='par_1_30' title="bbox 1959 1645 3537 1717">
     <span class='ocr_line' id='line_1_30' title="bbox 1959 1645 3537 1717; baseline 0.001 -19"><span class='ocrx_word' id='word_1_216' title='bbox 1959 1645 2189 1716; x_wconf 79' lang='grc' dir='ltr'>βασιλέα</span> <span class='ocrx_word' id='word_1_217' title='bbox 2219 1647 2428 1715; x_wconf 84' lang='grc' dir='ltr'>’κύριον</span> <span class='ocrx_word' id='word_1_218' title='bbox 2473 1648 2730 1716; x_wconf 83' lang='grc' dir='ltr'>Ἰωάννην</span> <span class='ocrx_word' id='word_1_219' title='bbox 2765 1646 2856 1699; x_wconf 79' lang='grc' dir='ltr'><strong>ἴνα</strong></span> <span class='ocrx_word' id='word_1_220' title='bbox 2902 1647 2994 1699; x_wconf 78' lang='grc' dir='ltr'>τὸν</span> <span class='ocrx_word' id='word_1_221' title='bbox 3027 1648 3295 1717; x_wconf 79' lang='grc' dir='ltr'>δεσπότην</span> <span class='ocrx_word' id='word_1_222' title='bbox 3348 1648 3537 1715; x_wconf 83' lang='grc' dir='ltr'>κύριον</span> 
     </span>
    </p>
   </div>
   <div class='ocr_carea' id='block_1_31' title="bbox 1970 1725 3540 1812">
    <p class='ocr_par' dir='ltr' id='par_1_31' title="bbox 1970 1725 3540 1812">
     <span class='ocr_line' id='line_1_31' title="bbox 1970 1725 3540 1812; baseline 0.003 -25"><span class='ocrx_word' id='word_1_223' title='bbox 1970 1735 2320 1804; x_wconf 79' lang='grc' dir='ltr'>Ἀνδρόνικον</span> <span class='ocrx_word' id='word_1_224' title='bbox 2363 1737 2458 1790; x_wconf 80' lang='grc' dir='ltr'><strong>τοῦ</strong></span> <span class='ocrx_word' id='word_1_225' title='bbox 2512 1725 2888 1810; x_wconf 68' lang='grc' dir='ltr'>ἀποκλεισμοῦ</span> <span class='ocrx_word' id='word_1_226' title='bbox 2933 1733 3335 1812; x_wconf 73' lang='grc' dir='ltr'>’ἐλευθερώσῃο</span> <span class='ocrx_word' id='word_1_227' title='bbox 3377 1742 3404 1794; x_wconf 82' lang='grc' dir='ltr'><strong>ὃ</strong></span> <span class='ocrx_word' id='word_1_228' title='bbox 3445 1741 3540 1794; x_wconf 70' lang='grc' dir='ltr'>καὶ</span> 
     </span>
    </p>
   </div>
   <div class='ocr_carea' id='block_1_32' title="bbox 1959 1831 3564 1900">
    <p class='ocr_par' dir='ltr' id='par_1_32' title="bbox 1959 1831 3564 1900">
     <span class='ocr_line' id='line_1_32' title="bbox 1959 1831 3564 1900; baseline 0.001 -16"><span class='ocrx_word' id='word_1_229' title='bbox 1959 1831 2200 1900; x_wconf 72' lang='grc' dir='ltr'>ἐγένετο.</span> <span class='ocrx_word' id='word_1_230' title='bbox 3031 1887 3036 1891; x_wconf 76' lang='grc'><strong>,</strong></span> <span class='ocrx_word' id='word_1_231' title='bbox 3554 1834 3564 1843; x_wconf 88' lang='grc'><strong>’</strong></span> 
     </span>
    </p>
   </div>
   <div class='ocr_carea' id='block_1_33' title="bbox 280 1887 3539 1998">
    <p class='ocr_par' dir='ltr' id='par_1_33' title="bbox 280 1887 3539 1998">
     <span class='ocr_line' id='line_1_33' title="bbox 280 1887 3539 1998; baseline 0.001 -22"><span class='ocrx_word' id='word_1_232' title='bbox 280 1887 1136 1994; x_wconf 46' lang='grc' dir='ltr'>ἰ).εημοσῖνῖλς“εἶχε’παιδεῦσαι</span> <span class='ocrx_word' id='word_1_233' title='bbox 1185 1887 1373 1980; x_wconf 67' lang='grc' dir='ltr'>αὐτόν.</span> <span class='ocrx_word' id='word_1_234' title='bbox 1406 1887 1521 1988; x_wconf 27' lang='grc' dir='ltr'><strong>ςδΩςι</strong></span> <span class='ocrx_word' id='word_1_235' title='bbox 1546 1926 1602 1978; x_wconf 82' lang='grc' dir='ltr'>δὲ</span> <span class='ocrx_word' id='word_1_236' title='bbox 1647 1928 1714 1980; x_wconf 83' lang='grc' dir='ltr'><strong>τά</strong></span> <span class='ocrx_word' id='word_1_237' title='bbox 1759 1887 1860 1995; x_wconf 74' lang='grc' dir='ltr'>τῆς</span> <span class='ocrx_word' id='word_1_238' title='bbox 1889 1896 1936 1955; x_wconf 74' lang='grc' dir='ltr'><strong>Β</strong></span> <span class='ocrx_word' id='word_1_239' title='bbox 2001 1887 2147 1978; x_wconf 51' lang='grc' dir='ltr'><strong>’Καὶ</strong></span> <span class='ocrx_word' id='word_1_240' title='bbox 2198 1925 2307 1978; x_wconf 85' lang='grc' dir='ltr'><strong>τῶν</strong></span> <span class='ocrx_word' id='word_1_241' title='bbox 2345 1925 2688 1998; x_wconf 73' lang='grc' dir='ltr'>πραγμάτοιν</span> <span class='ocrx_word' id='word_1_242' title='bbox 2737 1927 2918 1991; x_wconf 58' lang='lat' dir='ltr'><strong>om;</strong></span> <span class='ocrx_word' id='word_1_243' title='bbox 2966 1887 3203 1996; x_wconf 77' lang='grc' dir='ltr'>ἐχόντων</span> <span class='ocrx_word' id='word_1_244' title='bbox 3247 1926 3470 1998; x_wconf 87' lang='grc' dir='ltr'>θεωρῶν</span> <span class='ocrx_word' id='word_1_245' title='bbox 3510 1927 3539 1978; x_wconf 88' lang='lat'><strong>6</strong></span> 
     </span>
    </p>
   </div>
   <div class='ocr_carea' id='block_1_34' title="bbox 294 2011 1864 2088">
    <p class='ocr_par' dir='ltr' id='par_1_34' title="bbox 294 2011 1864 2088">
     <span class='ocr_line' id='line_1_34' title="bbox 294 2011 1864 2088; baseline 0.001 -19"><span class='ocrx_word' id='word_1_246' title='bbox 294 2019 354 2069; x_wconf 81' lang='grc' dir='ltr'><strong>Ἀ</strong></span> <span class='ocrx_word' id='word_1_247' title='bbox 365 2019 484 2079; x_wconf 85' lang='grc' dir='ltr'>σίας</span> <span class='ocrx_word' id='word_1_248' title='bbox 501 2017 822 2086; x_wconf 83' lang='grc' dir='ltr'>διώρθωσαν</span> <span class='ocrx_word' id='word_1_249' title='bbox 842 2016 938 2069; x_wconf 76' lang='grc' dir='ltr'>καὶ</span> <span class='ocrx_word' id='word_1_250' title='bbox 957 2016 1310 2088; x_wconf 80' lang='grc' dir='ltr'>είρήνευσαν,</span> <span class='ocrx_word' id='word_1_251' title='bbox 1332 2015 1672 2087; x_wconf 74' lang='grc' dir='ltr'>περάσαντες</span> <span class='ocrx_word' id='word_1_252' title='bbox 1694 2011 1864 2087; x_wconf 76' lang='grc' dir='ltr'>ἦλθον</span> 
     </span>
    </p>
   </div>
   <div class='ocr_carea' id='block_1_35' title="bbox 282 2106 1865 2178">
    <p class='ocr_par' dir='ltr' id='par_1_35' title="bbox 282 2106 1865 2178">
     <span class='ocr_line' id='line_1_35' title="bbox 282 2106 1865 2178; baseline 0.001 -19"><span class='ocrx_word' id='word_1_253' title='bbox 282 2109 367 2170; x_wconf 83' lang='grc' dir='ltr'><strong>είς</strong></span> <span class='ocrx_word' id='word_1_254' title='bbox 396 2107 494 2175; x_wconf 72' lang='grc' dir='ltr'>τὴν</span> <span class='ocrx_word' id='word_1_255' title='bbox 528 2106 820 2176; x_wconf 71' lang='grc' dir='ltr'>Εὐρώπην,</span> <span class='ocrx_word' id='word_1_256' title='bbox 858 2107 952 2160; x_wconf 72' lang='grc' dir='ltr'>καὶ</span> <span class='ocrx_word' id='word_1_257' title='bbox 978 2106 1212 2177; x_wconf 76' lang='grc' dir='ltr'>στρατὸν</span> <span class='ocrx_word' id='word_1_258' title='bbox 1239 2107 1444 2170; x_wconf 84' lang='grc' dir='ltr'>εὐθέως</span> <span class='ocrx_word' id='word_1_259' title='bbox 1466 2107 1865 2178; x_wconf 80' lang='grc' dir='ltr'>οίκονομήσανο</span> 
     </span>
    </p>
   </div>
   <div class='ocr_carea' id='block_1_36' title="bbox 285 2199 1862 2274">
    <p class='ocr_par' dir='ltr' id='par_1_36' title="bbox 285 2199 1862 2274">
     <span class='ocr_line' id='line_1_36' title="bbox 285 2199 1862 2274; baseline 0.001 -22"><span class='ocrx_word' id='word_1_260' title='bbox 285 2217 379 2262; x_wconf 85' lang='grc' dir='ltr'><strong>τες</strong></span> <span class='ocrx_word' id='word_1_261' title='bbox 412 2199 659 2254; x_wconf 78' lang='grc' dir='ltr'>ἔστειλαν</span> <span class='ocrx_word' id='word_1_262' title='bbox 699 2199 844 2254; x_wconf 68' lang='grc' dir='ltr'>κατὰ</span> <span class='ocrx_word' id='word_1_263' title='bbox 873 2200 982 2253; x_wconf 87' lang='grc' dir='ltr'><strong>τῶν</strong></span> <span class='ocrx_word' id='word_1_264' title='bbox 1029 2200 1536 2274; x_wconf 81' lang='grc' dir='ltr'>ἀποστατησάντων</span> <span class='ocrx_word' id='word_1_265' title='bbox 1571 2200 1722 2253; x_wconf 79' lang='grc' dir='ltr'>υἱῶν.</span> <span class='ocrx_word' id='word_1_266' title='bbox 1753 2201 1862 2254; x_wconf 77' lang='grc' dir='ltr'><strong>Καὶ</strong></span> 
     </span>
    </p>
   </div>
   <div class='ocr_carea' id='block_1_37' title="bbox 288 2291 1864 2362">
    <p class='ocr_par' dir='ltr' id='par_1_37' title="bbox 288 2291 1864 2362">
     <span class='ocr_line' id='line_1_37' title="bbox 288 2291 1864 2362; baseline 0.001 -19"><span class='ocrx_word' id='word_1_267' title='bbox 288 2291 534 2360; x_wconf 82' lang='grc' dir='ltr'>πολέμου</span> <span class='ocrx_word' id='word_1_268' title='bbox 564 2292 851 2360; x_wconf 73' lang='grc' dir='ltr'>γεγονότος</span> <span class='ocrx_word' id='word_1_269' title='bbox 885 2291 978 2344; x_wconf 66' lang='grc' dir='ltr'><strong>τὸν</strong></span> <span class='ocrx_word' id='word_1_270' title='bbox 1025 2291 1135 2344; x_wconf 88' lang='grc' dir='ltr'><strong>τῶν</strong></span> <span class='ocrx_word' id='word_1_271' title='bbox 1182 2291 1506 2346; x_wconf 81' lang='grc' dir='ltr'>ἀποστατῶν</span> <span class='ocrx_word' id='word_1_272' title='bbox 1556 2291 1787 2362; x_wconf 70' lang='grc' dir='ltr'>στρατὸν</span> <span class='ocrx_word' id='word_1_273' title='bbox 1835 2291 1864 2344; x_wconf 87' lang='lat'><strong>6</strong></span> 
     </span>
    </p>
   </div>
   <div class='ocr_carea' id='block_1_38' title="bbox 283 2383 1863 2454">
    <p class='ocr_par' dir='ltr' id='par_1_38' title="bbox 283 2383 1863 2454">
     <span class='ocr_line' id='line_1_38' title="bbox 283 2383 1863 2454; baseline -0.001 -17"><span class='ocrx_word' id='word_1_274' title='bbox 283 2385 513 2454; x_wconf 75' lang='grc' dir='ltr'>άμηρᾶς</span> <span class='ocrx_word' id='word_1_275' title='bbox 544 2384 788 2454; x_wconf 84' lang='grc' dir='ltr'>χρήμασι</span> <span class='ocrx_word' id='word_1_276' title='bbox 839 2383 932 2437; x_wconf 79' lang='grc' dir='ltr'>καὶ</span> <span class='ocrx_word' id='word_1_277' title='bbox 985 2383 1169 2452; x_wconf 87' lang='grc' dir='ltr'>λόγοις</span> <span class='ocrx_word' id='word_1_278' title='bbox 1205 2385 1520 2454; x_wconf 70' lang='grc' dir='ltr'>ἀπατήσας,</span> <span class='ocrx_word' id='word_1_279' title='bbox 1564 2383 1863 2451; x_wconf 74' lang='grc' dir='ltr'>ἐπιϐουλὴν</span> 
     </span>
    </p>
   </div>
   <div class='ocr_carea' id='block_1_39' title="bbox 285 2475 1864 2547">
    <p class='ocr_par' dir='ltr' id='par_1_39' title="bbox 285 2475 1864 2547">
     <span class='ocr_line' id='line_1_39' title="bbox 285 2475 1864 2547; baseline 0.002 -19"><span class='ocrx_word' id='word_1_280' title='bbox 285 2476 548 2545; x_wconf 85' lang='grc' dir='ltr'>τοιαύτην</span> <span class='ocrx_word' id='word_1_281' title='bbox 604 2475 894 2547; x_wconf 76' lang='grc' dir='ltr'>ἐποίησαν·</span> <span class='ocrx_word' id='word_1_282' title='bbox 943 2476 1177 2543; x_wconf 76' lang='grc' dir='ltr'>ἀφέντες</span> <span class='ocrx_word' id='word_1_283' title='bbox 1228 2476 1428 2540; x_wconf 77' lang='grc' dir='ltr'>αὐτοὺς</span> <span class='ocrx_word' id='word_1_284' title='bbox 1484 2476 1707 2546; x_wconf 70' lang='grc' dir='ltr'>ἔφυγον,</span> <span class='ocrx_word' id='word_1_285' title='bbox 1768 2478 1864 2531; x_wconf 76' lang='grc' dir='ltr'>καὶ</span> 
     </span>
    </p>
   </div>
   <div class='ocr_carea' id='block_1_40' title="bbox 287 2569 1866 2642">
    <p class='ocr_par' dir='ltr' id='par_1_40' title="bbox 287 2569 1866 2642">
     <span class='ocr_line' id='line_1_40' title="bbox 287 2569 1866 2642; baseline 0 -20"><span class='ocrx_word' id='word_1_286' title='bbox 287 2571 417 2632; x_wconf 76' lang='grc' dir='ltr'>τοὺς</span> <span class='ocrx_word' id='word_1_287' title='bbox 458 2569 926 2634; x_wconf 81' lang='grc' dir='ltr'>αὐθεντοπού).ους</span> <span class='ocrx_word' id='word_1_288' title='bbox 963 2569 1020 2622; x_wconf 75' lang='grc' dir='ltr'>ἐν</span> <span class='ocrx_word' id='word_1_289' title='bbox 1060 2587 1168 2622; x_wconf 89' lang='grc' dir='ltr'>τινι</span> <span class='ocrx_word' id='word_1_290' title='bbox 1215 2570 1462 2642; x_wconf 78' lang='grc' dir='ltr'>φρουρίῳ</span> <span class='ocrx_word' id='word_1_291' title='bbox 1506 2571 1601 2624; x_wconf 88' lang='grc' dir='ltr'><strong>τού</strong></span> <span class='ocrx_word' id='word_1_292' title='bbox 1633 2570 1866 2640; x_wconf 81' lang='grc' dir='ltr'>Διδύμο-</span> 
     </span>
    </p>
   </div>
   <div class='ocr_carea' id='block_1_41' title="bbox 285 2657 1864 2730">
    <p class='ocr_par' dir='ltr' id='par_1_41' title="bbox 285 2657 1864 2730">
     <span class='ocr_line' id='line_1_41' title="bbox 285 2657 1864 2730; baseline 0 -18"><span class='ocrx_word' id='word_1_293' title='bbox 285 2657 471 2730; x_wconf 86' lang='grc' dir='ltr'>τείχου</span> <span class='ocrx_word' id='word_1_294' title='bbox 526 2661 950 2730; x_wconf 84' lang='grc' dir='ltr'>καταφυγόντας</span> <span class='ocrx_word' id='word_1_295' title='bbox 1003 2660 1259 2722; x_wconf 70' lang='grc' dir='ltr'>ἐπίασαν,</span> <span class='ocrx_word' id='word_1_296' title='bbox 1310 2661 1404 2713; x_wconf 74' lang='grc' dir='ltr'>καὶ</span> <span class='ocrx_word' id='word_1_297' title='bbox 1459 2663 1572 2724; x_wconf 88' lang='grc' dir='ltr'>τοῖς</span> <span class='ocrx_word' id='word_1_298' title='bbox 1623 2659 1864 2730; x_wconf 87' lang='grc' dir='ltr'>πατράσι</span> 
     </span>
    </p>
   </div>
   <div class='ocr_carea' id='block_1_42' title="bbox 288 2745 1864 2825">
    <p class='ocr_par' dir='ltr' id='par_1_42' title="bbox 288 2745 1864 2825">
     <span class='ocr_line' id='line_1_42' title="bbox 288 2745 1864 2825; baseline 0.003 -21"><span class='ocrx_word' id='word_1_299' title='bbox 288 2750 467 2822; x_wconf 86' lang='grc' dir='ltr'>δῶρον</span> <span class='ocrx_word' id='word_1_300' title='bbox 503 2754 722 2816; x_wconf 89' lang='grc' dir='ltr'>τούτους</span> <span class='ocrx_word' id='word_1_301' title='bbox 763 2745 1130 2824; x_wconf 73' lang='grc' dir='ltr'>προσέφερον.</span> <span class='ocrx_word' id='word_1_302' title='bbox 1182 2754 1296 2810; x_wconf 78' lang='grc' dir='ltr'><strong>Καὶ</strong></span> <span class='ocrx_word' id='word_1_303' title='bbox 1344 2755 1372 2807; x_wconf 87' lang='lat'><strong>6</strong></span> <span class='ocrx_word' id='word_1_304' title='bbox 1423 2755 1649 2825; x_wconf 75' lang='grc' dir='ltr'>ἁμηρᾶς</span> <span class='ocrx_word' id='word_1_305' title='bbox 1699 2754 1864 2818; x_wconf 80' lang='grc' dir='ltr'>εὐθὺς</span> 
     </span>
    </p>
   </div>
   <div class='ocr_carea' id='block_1_43' title="bbox 288 2844 1866 2918">
    <p class='ocr_par' dir='ltr' id='par_1_43' title="bbox 288 2844 1866 2918">
     <span class='ocr_line' id='line_1_43' title="bbox 288 2844 1866 2918; baseline 0.003 -20"><span class='ocrx_word' id='word_1_306' title='bbox 288 2845 384 2898; x_wconf 83' lang='grc' dir='ltr'><strong>τδν</strong></span> <span class='ocrx_word' id='word_1_307' title='bbox 424 2845 539 2898; x_wconf 81' lang='grc' dir='ltr'>υίὸν</span> <span class='ocrx_word' id='word_1_308' title='bbox 569 2844 736 2898; x_wconf 72' lang='grc' dir='ltr'>αὐτοῦ</span> <span class='ocrx_word' id='word_1_309' title='bbox 769 2845 1202 2914; x_wconf 83' lang='grc' dir='ltr'>ἀπεκεφάλισεν,</span> <span class='ocrx_word' id='word_1_310' title='bbox 1242 2848 1270 2898; x_wconf 89' lang='lat'><strong>6</strong></span> <span class='ocrx_word' id='word_1_311' title='bbox 1299 2847 1356 2900; x_wconf 77' lang='grc' dir='ltr'>δὲ</span> <span class='ocrx_word' id='word_1_312' title='bbox 1393 2847 1649 2918; x_wconf 79' lang='grc' dir='ltr'>βασιλεὺς</span> <span class='ocrx_word' id='word_1_313' title='bbox 1694 2847 1866 2908; x_wconf 73' lang='grc' dir='ltr'>θέλων</span> 
     </span>
    </p>
   </div>
   <div class='ocr_carea' id='block_1_44' title="bbox 289 2938 1865 3012">
    <p class='ocr_par' dir='ltr' id='par_1_44' title="bbox 289 2938 1865 3012">
     <span class='ocr_line' id='line_1_44' title="bbox 289 2938 1865 3012; baseline 0.001 -21"><span class='ocrx_word' id='word_1_314' title='bbox 289 2938 388 2992; x_wconf 75' lang='grc' dir='ltr'>καὶ</span> <span class='ocrx_word' id='word_1_315' title='bbox 417 2938 494 3008; x_wconf 73' lang='grc' dir='ltr'>μὴ</span> <span class='ocrx_word' id='word_1_316' title='bbox 526 2938 697 2992; x_wconf 81' lang='grc' dir='ltr'>θέλων</span> <span class='ocrx_word' id='word_1_317' title='bbox 718 2938 808 2992; x_wconf 83' lang='grc' dir='ltr'><strong>διά</strong></span> <span class='ocrx_word' id='word_1_318' title='bbox 836 2938 925 2991; x_wconf 80' lang='grc' dir='ltr'>τὸν</span> <span class='ocrx_word' id='word_1_319' title='bbox 950 2938 1116 3008; x_wconf 77' lang='grc' dir='ltr'>φόϐον</span> <span class='ocrx_word' id='word_1_320' title='bbox 1143 2939 1240 2992; x_wconf 75' lang='grc' dir='ltr'>τοῦ</span> <span class='ocrx_word' id='word_1_321' title='bbox 1273 2941 1463 3010; x_wconf 76' lang='grc' dir='ltr'>ὰμηρᾶ</span> <span class='ocrx_word' id='word_1_322' title='bbox 1485 2941 1576 2994; x_wconf 82' lang='grc' dir='ltr'>τὸν</span> <span class='ocrx_word' id='word_1_323' title='bbox 1597 2941 1865 3012; x_wconf 81' lang='grc' dir='ltr'>δεσπότην</span> 
     </span>
    </p>
   </div>
   <div class='ocr_carea' id='block_1_45' title="bbox 290 3027 1864 3102">
    <p class='ocr_par' dir='ltr' id='par_1_45' title="bbox 290 3027 1864 3102">
     <span class='ocr_line' id='line_1_45' title="bbox 290 3027 1864 3102; baseline 0.004 -23"><span class='ocrx_word' id='word_1_324' title='bbox 290 3028 398 3096; x_wconf 79' lang='grc' dir='ltr'><strong>κύρ</strong></span> <span class='ocrx_word' id='word_1_325' title='bbox 427 3027 771 3098; x_wconf 83' lang='grc' dir='ltr'>Ἀνδρόνικον</span> <span class='ocrx_word' id='word_1_326' title='bbox 802 3027 892 3080; x_wconf 84' lang='grc' dir='ltr'>τὸν</span> <span class='ocrx_word' id='word_1_327' title='bbox 921 3029 1037 3081; x_wconf 84' lang='grc' dir='ltr'>υίδν</span> <span class='ocrx_word' id='word_1_328' title='bbox 1059 3027 1226 3082; x_wconf 80' lang='grc' dir='ltr'>αὑτοῦ</span> <span class='ocrx_word' id='word_1_329' title='bbox 1255 3028 1364 3081; x_wconf 87' lang='grc' dir='ltr'><strong>τῶν</strong></span> <span class='ocrx_word' id='word_1_330' title='bbox 1385 3029 1685 3102; x_wconf 82' lang='grc' dir='ltr'>ὀφθαλμῶν</span> <span class='ocrx_word' id='word_1_331' title='bbox 1715 3033 1864 3086; x_wconf 74' lang='grc' dir='ltr'>ἐστέ·</span> 
     </span>
    </p>
   </div>
   <div class='ocr_carea' id='block_1_46' title="bbox 294 3119 1866 3192">
    <p class='ocr_par' dir='ltr' id='par_1_46' title="bbox 294 3119 1866 3192">
     <span class='ocr_line' id='line_1_46' title="bbox 294 3119 1866 3192; baseline 0.003 -21"><span class='ocrx_word' id='word_1_332' title='bbox 294 3135 430 3187; x_wconf 84' lang='grc' dir='ltr'>ρησε</span> <span class='ocrx_word' id='word_1_333' title='bbox 463 3120 556 3172; x_wconf 79' lang='grc' dir='ltr'>καὶ</span> <span class='ocrx_word' id='word_1_334' title='bbox 588 3119 648 3171; x_wconf 74' lang='grc' dir='ltr'>ὲν</span> <span class='ocrx_word' id='word_1_335' title='bbox 677 3122 789 3181; x_wconf 88' lang='grc' dir='ltr'>τοῖς</span> <span class='ocrx_word' id='word_1_336' title='bbox 834 3119 1067 3188; x_wconf 85' lang='grc' dir='ltr'>πύργοις</span> <span class='ocrx_word' id='word_1_337' title='bbox 1110 3123 1225 3184; x_wconf 79' lang='grc' dir='ltr'>τοῖς</span> <span class='ocrx_word' id='word_1_338' title='bbox 1257 3120 1579 3190; x_wconf 83' lang='grc' dir='ltr'>λεγομένοις</span> <span class='ocrx_word' id='word_1_339' title='bbox 1635 3123 1866 3192; x_wconf 81' lang='grc' dir='ltr'>Ἀδεμαο</span> 
     </span>
    </p>
   </div>
   <div class='ocr_carea' id='block_1_47' title="bbox 292 3209 1867 3285">
    <p class='ocr_par' dir='ltr' id='par_1_47' title="bbox 292 3209 1867 3285">
     <span class='ocr_line' id='line_1_47' title="bbox 292 3209 1867 3285; baseline 0.003 -22"><span class='ocrx_word' id='word_1_340' title='bbox 292 3209 434 3274; x_wconf 84' lang='grc' dir='ltr'>νίδες</span> <span class='ocrx_word' id='word_1_341' title='bbox 465 3210 698 3281; x_wconf 79' lang='grc' dir='ltr'>πλησίον</span> <span class='ocrx_word' id='word_1_342' title='bbox 729 3211 1056 3285; x_wconf 88' lang='grc' dir='ltr'>Βλαχερνῶν</span> <span class='ocrx_word' id='word_1_343' title='bbox 1093 3211 1416 3266; x_wconf 80' lang='grc' dir='ltr'>ἀπέκλεισε.</span> <span class='ocrx_word' id='word_1_344' title='bbox 1461 3211 1726 3284; x_wconf 87' lang='grc' dir='ltr'>Τυχόντες</span> <span class='ocrx_word' id='word_1_345' title='bbox 1768 3215 1867 3282; x_wconf 74' lang='grc' dir='ltr'>μὲν</span> 
     </span>
    </p>
   </div>
   <div class='ocr_carea' id='block_1_48' title="bbox 292 3304 1868 3378">
    <p class='ocr_par' dir='ltr' id='par_1_48' title="bbox 292 3304 1868 3378">
     <span class='ocr_line' id='line_1_48' title="bbox 292 3304 1868 3378; baseline 0.004 -22"><span class='ocrx_word' id='word_1_346' title='bbox 292 3304 389 3358; x_wconf 82' lang='grc' dir='ltr'>καὶ</span> <span class='ocrx_word' id='word_1_347' title='bbox 417 3304 598 3378; x_wconf 71' lang='grc' dir='ltr'>ἕτεροί</span> <span class='ocrx_word' id='word_1_348' title='bbox 621 3322 766 3369; x_wconf 87' lang='grc' dir='ltr'>τινες</span> <span class='ocrx_word' id='word_1_349' title='bbox 793 3306 891 3360; x_wconf 84' lang='grc' dir='ltr'>σὺν</span> <span class='ocrx_word' id='word_1_350' title='bbox 925 3305 1111 3372; x_wconf 82' lang='grc' dir='ltr'>αὐτοῖς</span> <span class='ocrx_word' id='word_1_351' title='bbox 1144 3307 1255 3362; x_wconf 83' lang='grc' dir='ltr'>νέοι</span> <span class='ocrx_word' id='word_1_352' title='bbox 1288 3306 1676 3378; x_wconf 75' lang='grc' dir='ltr'>συνηλικιῶται</span> <span class='ocrx_word' id='word_1_353' title='bbox 1701 3306 1868 3362; x_wconf 62' lang='lat' dir='ltr'><strong>inla-</strong></span> 
     </span>
    </p>
   </div>
   <div class='ocr_carea' id='block_1_49' title="bbox 290 3486 1866 3564">
    <p class='ocr_par' dir='ltr' id='par_1_49' title="bbox 290 3486 1866 3564">
     <span class='ocr_line' id='line_1_49' title="bbox 290 3486 1866 3564; baseline 0.001 -18"><span class='ocrx_word' id='word_1_354' title='bbox 290 3489 536 3564; x_wconf 83' lang='lat' dir='ltr'><strong>patribus</strong></span> <span class='ocrx_word' id='word_1_355' title='bbox 563 3489 719 3545; x_wconf 81' lang='lat' dir='ltr'><strong>ﬁdem</strong></span> <span class='ocrx_word' id='word_1_356' title='bbox 746 3487 1052 3555; x_wconf 82' lang='lat' dir='ltr'><strong>servabant,</strong></span> <span class='ocrx_word' id='word_1_357' title='bbox 1072 3486 1337 3558; x_wconf 87' lang='lat' dir='ltr'><strong>diripiunt</strong></span> <span class='ocrx_word' id='word_1_358' title='bbox 1360 3489 1521 3561; x_wconf 89' lang='lat' dir='ltr'><strong>inque</strong></span> <span class='ocrx_word' id='word_1_359' title='bbox 1548 3492 1866 3548; x_wconf 80' lang='lat' dir='ltr'><strong>servitutem</strong></span> 
     </span>
    </p>
   </div>
   <div class='ocr_carea' id='block_1_50' title="bbox 293 3580 1868 3654">
    <p class='ocr_par' dir='ltr' id='par_1_50' title="bbox 293 3580 1868 3654">
     <span class='ocr_line' id='line_1_50' title="bbox 293 3580 1868 3654; baseline -0.003 -14"><span class='ocrx_word' id='word_1_360' title='bbox 293 3584 562 3654; x_wconf 82' lang='lat' dir='ltr'><strong>redigunt.</strong></span> <span class='ocrx_word' id='word_1_361' title='bbox 591 3581 706 3638; x_wconf 83' lang='lat' dir='ltr'><strong>Hoc</strong></span> <span class='ocrx_word' id='word_1_362' title='bbox 744 3580 838 3637; x_wconf 87' lang='lat' dir='ltr'><strong>ubi</strong></span> <span class='ocrx_word' id='word_1_363' title='bbox 901 3581 955 3636; x_wconf 87' lang='lat' dir='ltr'><strong>in</strong></span> <span class='ocrx_word' id='word_1_364' title='bbox 983 3580 1111 3636; x_wconf 81' lang='lat' dir='ltr'><strong>Asia</strong></span> <span class='ocrx_word' id='word_1_365' title='bbox 1141 3580 1430 3638; x_wconf 85' lang='lat' dir='ltr'><strong>Amurates</strong></span> <span class='ocrx_word' id='word_1_366' title='bbox 1458 3591 1513 3638; x_wconf 75' lang='lat' dir='ltr'><strong>et</strong></span> <span class='ocrx_word' id='word_1_367' title='bbox 1574 3582 1868 3652; x_wconf 78' lang='lat' dir='ltr'><strong>imperator</strong></span> 
     </span>
    </p>
   </div>
   <div class='ocr_carea' id='block_1_51' title="bbox 293 3674 1869 3748">
    <p class='ocr_par' dir='ltr' id='par_1_51' title="bbox 293 3674 1869 3748">
     <span class='ocr_line' id='line_1_51' title="bbox 293 3674 1869 3748; baseline -0.004 -14"><span class='ocrx_word' id='word_1_368' title='bbox 293 3691 629 3748; x_wconf 72' lang='lat' dir='ltr'><strong>competere,</strong></span> <span class='ocrx_word' id='word_1_369' title='bbox 695 3675 879 3731; x_wconf 88' lang='lat' dir='ltr'><strong>dolore</strong></span> <span class='ocrx_word' id='word_1_370' title='bbox 935 3684 992 3729; x_wconf 90' lang='lat' dir='ltr'><strong>et</strong></span> <span class='ocrx_word' id='word_1_371' title='bbox 1040 3674 1318 3730; x_wconf 80' lang='lat' dir='ltr'><strong>iracundia</strong></span> <span class='ocrx_word' id='word_1_372' title='bbox 1366 3683 1691 3734; x_wconf 82' lang='lat' dir='ltr'><strong>exarserunt</strong></span> <span class='ocrx_word' id='word_1_373' title='bbox 1738 3691 1754 3741; x_wconf 90' lang='lat'><strong>;</strong></span> <span class='ocrx_word' id='word_1_374' title='bbox 1815 3681 1869 3728; x_wconf 87' lang='lat' dir='ltr'><strong>ct</strong></span> 
     </span>
    </p>
   </div>
   <div class='ocr_carea' id='block_1_52' title="bbox 294 3765 1868 3837">
    <p class='ocr_par' dir='ltr' id='par_1_52' title="bbox 294 3765 1868 3837">
     <span class='ocr_line' id='line_1_52' title="bbox 294 3765 1868 3837; baseline -0.002 -13"><span class='ocrx_word' id='word_1_375' title='bbox 294 3783 508 3824; x_wconf 84' lang='lat' dir='ltr'><strong>ameras</strong></span> <span class='ocrx_word' id='word_1_376' title='bbox 549 3766 768 3836; x_wconf 83' lang='lat' dir='ltr'><strong>quidem</strong></span> <span class='ocrx_word' id='word_1_377' title='bbox 819 3765 1142 3822; x_wconf 88' lang='lat' dir='ltr'><strong>auctoritate</strong></span> <span class='ocrx_word' id='word_1_378' title='bbox 1166 3776 1224 3822; x_wconf 89' lang='lat' dir='ltr'><strong>et</strong></span> <span class='ocrx_word' id='word_1_379' title='bbox 1261 3766 1488 3822; x_wconf 85' lang='lat' dir='ltr'><strong>consilio</strong></span> <span class='ocrx_word' id='word_1_380' title='bbox 1524 3767 1868 3837; x_wconf 79' lang='lat' dir='ltr'><strong>imperatoris</strong></span> 
     </span>
    </p>
   </div>
   <div class='ocr_carea' id='block_1_53' title="bbox 296 3857 1864 3928">
    <p class='ocr_par' dir='ltr' id='par_1_53' title="bbox 296 3857 1864 3928">
     <span class='ocr_line' id='line_1_53' title="bbox 296 3857 1864 3928; baseline -0.002 -13"><span class='ocrx_word' id='word_1_381' title='bbox 296 3862 414 3917; x_wconf 88' lang='lat' dir='ltr'><strong>illos</strong></span> <span class='ocrx_word' id='word_1_382' title='bbox 464 3860 757 3915; x_wconf 74' lang='lat' dir='ltr'><strong>descivisse</strong></span> <span class='ocrx_word' id='word_1_383' title='bbox 797 3857 1129 3928; x_wconf 88' lang='lat' dir='ltr'><strong>suspicatus,</strong></span> <span class='ocrx_word' id='word_1_384' title='bbox 1174 3861 1224 3914; x_wconf 92' lang='lat' dir='ltr'><strong>ei</strong></span> <span class='ocrx_word' id='word_1_385' title='bbox 1277 3859 1450 3914; x_wconf 89' lang='lat' dir='ltr'><strong>iratus</strong></span> <span class='ocrx_word' id='word_1_386' title='bbox 1505 3858 1864 3928; x_wconf 87' lang='lat' dir='ltr'><strong>signiﬁcatum</strong></span> 
     </span>
    </p>
   </div>
   <div class='ocr_carea' id='block_1_54' title="bbox 297 3950 1868 4021">
    <p class='ocr_par' dir='ltr' id='par_1_54' title="bbox 297 3950 1868 4021">
     <span class='ocr_line' id='line_1_54' title="bbox 297 3950 1868 4021; baseline -0.003 -13"><span class='ocrx_word' id='word_1_387' title='bbox 297 3953 465 4010; x_wconf 85' lang='lat' dir='ltr'><strong>mittit</strong></span> <span class='ocrx_word' id='word_1_388' title='bbox 504 3951 770 4020; x_wconf 74' lang='lat' dir='ltr'><strong>:videret,</strong></span> <span class='ocrx_word' id='word_1_389' title='bbox 795 3966 904 4021; x_wconf 86' lang='lat' dir='ltr'><strong>quo</strong></span> <span class='ocrx_word' id='word_1_390' title='bbox 941 3950 1100 4007; x_wconf 91' lang='lat' dir='ltr'><strong>modo</strong></span> <span class='ocrx_word' id='word_1_391' title='bbox 1117 3950 1486 4008; x_wconf 83' lang='lat' dir='ltr'><strong>Andronicum</strong></span> <span class='ocrx_word' id='word_1_392' title='bbox 1516 3951 1683 4005; x_wconf 88' lang='lat' dir='ltr'><strong>ﬁlium</strong></span> <span class='ocrx_word' id='word_1_393' title='bbox 1708 3951 1868 4019; x_wconf 88' lang='lat' dir='ltr'><strong>puni-</strong></span> 
     </span>
    </p>
   </div>
   <div class='ocr_carea' id='block_1_55' title="bbox 279 4043 1872 4109">
    <p class='ocr_par' dir='ltr' id='par_1_55' title="bbox 279 4043 1872 4109">
     <span class='ocr_line' id='line_1_55' title="bbox 279 4043 1872 4109; baseline -0.003 -8"><span class='ocrx_word' id='word_1_394' title='bbox 279 4054 378 4101; x_wconf 88' lang='lat' dir='ltr'><strong>.ret</strong></span> <span class='ocrx_word' id='word_1_395' title='bbox 398 4054 453 4103; x_wconf 90' lang='lat' dir='ltr'><strong>et</strong></span> <span class='ocrx_word' id='word_1_396' title='bbox 481 4045 559 4100; x_wconf 85' lang='lat' dir='ltr'><strong>sic</strong></span> <span class='ocrx_word' id='word_1_397' title='bbox 593 4044 752 4100; x_wconf 89' lang='lat' dir='ltr'><strong>ﬁdem</strong></span> <span class='ocrx_word' id='word_1_398' title='bbox 787 4044 893 4100; x_wconf 87' lang='lat' dir='ltr'><strong>sibi</strong></span> <span class='ocrx_word' id='word_1_399' title='bbox 924 4043 1149 4109; x_wconf 78' lang='lat' dir='ltr'><strong>laceret,</strong></span> <span class='ocrx_word' id='word_1_400' title='bbox 1175 4057 1282 4100; x_wconf 88' lang='lat' dir='ltr'><strong>non</strong></span> <span class='ocrx_word' id='word_1_401' title='bbox 1309 4057 1434 4102; x_wconf 84' lang='lat' dir='ltr'><strong>esse</strong></span> <span class='ocrx_word' id='word_1_402' title='bbox 1455 4059 1517 4102; x_wconf 87' lang='lat' dir='ltr'><strong>se</strong></span> <span class='ocrx_word' id='word_1_403' title='bbox 1550 4043 1706 4102; x_wconf 81' lang='lat' dir='ltr'><strong>istius</strong></span> <span class='ocrx_word' id='word_1_404' title='bbox 1735 4059 1872 4099; x_wconf 89' lang='lat' dir='ltr'><strong>con-</strong></span> 
     </span>
    </p>
   </div>
   <div class='ocr_carea' id='block_1_56' title="bbox 297 4135 1868 4206">
    <p class='ocr_par' dir='ltr' id='par_1_56' title="bbox 297 4135 1868 4206">
     <span class='ocr_line' id='line_1_56' title="bbox 297 4135 1868 4206; baseline -0.002 -13"><span class='ocrx_word' id='word_1_405' title='bbox 297 4138 397 4194; x_wconf 90' lang='lat' dir='ltr'><strong>silii</strong></span> <span class='ocrx_word' id='word_1_406' title='bbox 432 4145 734 4196; x_wconf 85' lang='lat' dir='ltr'><strong>auctorem.</strong></span> <span class='ocrx_word' id='word_1_407' title='bbox 767 4135 862 4193; x_wconf 89' lang='lat' dir='ltr'><strong>Sin</strong></span> <span class='ocrx_word' id='word_1_408' title='bbox 893 4136 1053 4196; x_wconf 85' lang='lat' dir='ltr'><strong>aliter</strong></span> <span class='ocrx_word' id='word_1_409' title='bbox 1087 4137 1246 4204; x_wconf 73' lang='lat' dir='ltr'><strong>t&#39;axit,</strong></span> <span class='ocrx_word' id='word_1_410' title='bbox 1272 4145 1326 4192; x_wconf 91' lang='lat' dir='ltr'><strong>et</strong></span> <span class='ocrx_word' id='word_1_411' title='bbox 1358 4136 1532 4206; x_wconf 86' lang='lat' dir='ltr'><strong>ipsum</strong></span> <span class='ocrx_word' id='word_1_412' title='bbox 1563 4146 1618 4192; x_wconf 86' lang='lat' dir='ltr'><strong>et</strong></span> <span class='ocrx_word' id='word_1_413' title='bbox 1646 4136 1868 4192; x_wconf 86' lang='lat' dir='ltr'><strong>domum</strong></span> 
     </span>
    </p>
   </div>
   <div class='ocr_carea' id='block_1_57' title="bbox 299 4232 1872 4305">
    <p class='ocr_par' dir='ltr' id='par_1_57' title="bbox 299 4232 1872 4305">
     <span class='ocr_line' id='line_1_57' title="bbox 299 4232 1872 4305; baseline 0.001 -15"><span class='ocrx_word' id='word_1_414' title='bbox 299 4235 416 4302; x_wconf 82' lang='lat' dir='ltr'><strong>ejus</strong></span> <span class='ocrx_word' id='word_1_415' title='bbox 443 4245 496 4289; x_wconf 89' lang='lat' dir='ltr'><strong>et</strong></span> <span class='ocrx_word' id='word_1_416' title='bbox 528 4242 698 4289; x_wconf 91' lang='lat' dir='ltr'><strong>totum</strong></span> <span class='ocrx_word' id='word_1_417' title='bbox 735 4232 1041 4304; x_wconf 80' lang='lat' dir='ltr'><strong>Romanum</strong></span> <span class='ocrx_word' id='word_1_418' title='bbox 1067 4233 1353 4304; x_wconf 84' lang='lat' dir='ltr'><strong>imperium</strong></span> <span class='ocrx_word' id='word_1_419' title='bbox 1367 4244 1740 4305; x_wconf 78' lang='lat' dir='ltr'><strong>experturum,</strong></span> <span class='ocrx_word' id='word_1_420' title='bbox 1763 4250 1872 4304; x_wconf 91' lang='lat' dir='ltr'><strong>quo</strong></span> 
     </span>
    </p>
   </div>
   <div class='ocr_carea' id='block_1_58' title="bbox 299 4325 1874 4398">
    <p class='ocr_par' dir='ltr' id='par_1_58' title="bbox 299 4325 1874 4398">
     <span class='ocr_line' id='line_1_58' title="bbox 299 4325 1874 4398; baseline -0.001 -14"><span class='ocrx_word' id='word_1_421' title='bbox 299 4343 360 4384; x_wconf 89' lang='lat' dir='ltr'><strong>ea</strong></span> <span class='ocrx_word' id='word_1_422' title='bbox 391 4341 477 4383; x_wconf 88' lang='lat' dir='ltr'><strong>res</strong></span> <span class='ocrx_word' id='word_1_423' title='bbox 505 4328 780 4383; x_wconf 65' lang='lat' dir='ltr'><strong>evadent.</strong></span> <span class='ocrx_word' id='word_1_424' title='bbox 808 4325 1108 4397; x_wconf 81' lang='lat' dir='ltr'><strong>Imperator</strong></span> <span class='ocrx_word' id='word_1_425' title='bbox 1133 4328 1426 4398; x_wconf 86' lang='lat' dir='ltr'><strong>respondet</strong></span> <span class='ocrx_word' id='word_1_426' title='bbox 1460 4335 1514 4382; x_wconf 92' lang='lat' dir='ltr'><strong>et</strong></span> <span class='ocrx_word' id='word_1_427' title='bbox 1546 4327 1696 4396; x_wconf 82' lang='lat' dir='ltr'><strong>gravi</strong></span> <span class='ocrx_word' id='word_1_428' title='bbox 1729 4326 1874 4382; x_wconf 61' lang='lat' dir='ltr'><strong>allirb</strong></span> 
     </span>
    </p>
   </div>
   <div class='ocr_carea' id='block_1_59' title="bbox 300 4416 1870 4489">
    <p class='ocr_par' dir='ltr' id='par_1_59' title="bbox 300 4416 1870 4489">
     <span class='ocr_line' id='line_1_59' title="bbox 300 4416 1870 4489; baseline -0.001 -12"><span class='ocrx_word' id='word_1_429' title='bbox 300 4432 408 4477; x_wconf 81' lang='lat' dir='ltr'><strong>mat</strong></span> <span class='ocrx_word' id='word_1_430' title='bbox 433 4427 799 4484; x_wconf 88' lang='lat' dir='ltr'><strong>sacramento,</strong></span> <span class='ocrx_word' id='word_1_431' title='bbox 825 4416 954 4474; x_wconf 74' lang='lat' dir='ltr'><strong>facti</strong></span> <span class='ocrx_word' id='word_1_432' title='bbox 993 4418 1236 4489; x_wconf 87' lang='lat' dir='ltr'><strong>ignarum</strong></span> <span class='ocrx_word' id='word_1_433' title='bbox 1261 4426 1317 4474; x_wconf 88' lang='lat' dir='ltr'><strong>et</strong></span> <span class='ocrx_word' id='word_1_434' title='bbox 1339 4418 1581 4484; x_wconf 76' lang='lat' dir='ltr'><strong>inscium</strong></span> <span class='ocrx_word' id='word_1_435' title='bbox 1627 4431 1686 4476; x_wconf 88' lang='lat' dir='ltr'><strong>se</strong></span> <span class='ocrx_word' id='word_1_436' title='bbox 1713 4432 1870 4485; x_wconf 76' lang='lat' dir='ltr'><strong>esse;</strong></span> 
     </span>
    </p>
   </div>
   <div class='ocr_carea' id='block_1_60' title="bbox 301 4509 1872 4584">
    <p class='ocr_par' dir='ltr' id='par_1_60' title="bbox 301 4509 1872 4584">
     <span class='ocr_line' id='line_1_60' title="bbox 301 4509 1872 4584; baseline -0.003 -15"><span class='ocrx_word' id='word_1_437' title='bbox 301 4526 460 4584; x_wconf 86' lang='lat' dir='ltr'><strong>atque</strong></span> <span class='ocrx_word' id='word_1_438' title='bbox 486 4515 676 4578; x_wconf 88' lang='lat' dir='ltr'><strong>ﬁlium,</strong></span> <span class='ocrx_word' id='word_1_439' title='bbox 709 4511 757 4568; x_wconf 89' lang='lat' dir='ltr'><strong>si</strong></span> <span class='ocrx_word' id='word_1_440' title='bbox 790 4513 845 4565; x_wconf 89' lang='lat' dir='ltr'><strong>in</strong></span> <span class='ocrx_word' id='word_1_441' title='bbox 895 4526 1056 4566; x_wconf 88' lang='lat' dir='ltr'><strong>manu</strong></span> <span class='ocrx_word' id='word_1_442' title='bbox 1098 4509 1342 4574; x_wconf 83' lang='lat' dir='ltr'><strong>haberet,</strong></span> <span class='ocrx_word' id='word_1_443' title='bbox 1372 4511 1666 4580; x_wconf 74' lang='lat' dir='ltr'><strong>quominus</strong></span> <span class='ocrx_word' id='word_1_444' title='bbox 1711 4511 1872 4579; x_wconf 91' lang='lat' dir='ltr'><strong>puni-</strong></span> 
     </span>
    </p>
   </div>
   <div class='ocr_carea' id='block_1_61' title="bbox 1965 2017 3540 2091">
    <p class='ocr_par' dir='ltr' id='par_1_61' title="bbox 1965 2017 3540 2091">
     <span class='ocr_line' id='line_1_61' title="bbox 1965 2017 3540 2091; baseline 0 -21"><span class='ocrx_word' id='word_1_445' title='bbox 1965 2017 2220 2089; x_wconf 81' lang='grc' dir='ltr'>βασιλεύς</span> <span class='ocrx_word' id='word_1_446' title='bbox 2250 2019 2319 2072; x_wconf 75' lang='grc' dir='ltr'><strong>τά</strong></span> <span class='ocrx_word' id='word_1_447' title='bbox 2346 2019 2453 2072; x_wconf 86' lang='grc' dir='ltr'><strong>τῶν</strong></span> <span class='ocrx_word' id='word_1_448' title='bbox 2500 2019 2792 2089; x_wconf 77' lang='grc' dir='ltr'>Ῥωμαίων</span> <span class='ocrx_word' id='word_1_449' title='bbox 2825 2021 3135 2091; x_wconf 84' lang='grc' dir='ltr'>πράγματα</span> <span class='ocrx_word' id='word_1_450' title='bbox 3185 2023 3540 2088; x_wconf 65' lang='grc' dir='ltr'>πάντοιοτρό-</span> 
     </span>
    </p>
   </div>
   <div class='ocr_carea' id='block_1_62' title="bbox 1965 2109 3541 2182">
    <p class='ocr_par' dir='ltr' id='par_1_62' title="bbox 1965 2109 3541 2182">
     <span class='ocr_line' id='line_1_62' title="bbox 1965 2109 3541 2182; baseline 0.007 -24"><span class='ocrx_word' id='word_1_451' title='bbox 1965 2127 2082 2172; x_wconf 82' lang='grc' dir='ltr'><strong>πως</strong></span> <span class='ocrx_word' id='word_1_452' title='bbox 2104 2109 2531 2181; x_wconf 74' lang='grc' dir='ltr'>ὑποκορίζεσθαι</span> <span class='ocrx_word' id='word_1_453' title='bbox 2567 2112 2973 2182; x_wconf 76' lang='grc' dir='ltr'>ταπεινούμενα</span> <span class='ocrx_word' id='word_1_454' title='bbox 3006 2113 3099 2166; x_wconf 73' lang='grc' dir='ltr'>καὶ</span> <span class='ocrx_word' id='word_1_455' title='bbox 3122 2113 3201 2176; x_wconf 81' lang='grc' dir='ltr'><strong>είς</strong></span> <span class='ocrx_word' id='word_1_456' title='bbox 3234 2114 3541 2182; x_wconf 66' lang='grc' dir='ltr'>άφανισμλν</span> 
     </span>
    </p>
   </div>
   <div class='ocr_carea' id='block_1_63' title="bbox 1965 2193 3541 2278">
    <p class='ocr_par' dir='ltr' id='par_1_63' title="bbox 1965 2193 3541 2278">
     <span class='ocr_line' id='line_1_63' title="bbox 1965 2193 3541 2278; baseline 0 -22"><span class='ocrx_word' id='word_1_457' title='bbox 1965 2203 2209 2273; x_wconf 83' lang='grc' dir='ltr'>παντελῆ</span> <span class='ocrx_word' id='word_1_458' title='bbox 2258 2205 2442 2276; x_wconf 79' lang='grc' dir='ltr'>ἡμέρᾳ</span> <span class='ocrx_word' id='word_1_459' title='bbox 2488 2207 2556 2275; x_wconf 77' lang='grc' dir='ltr'><strong>τῇ</strong></span> <span class='ocrx_word' id='word_1_460' title='bbox 2614 2207 2799 2278; x_wconf 73' lang='grc' dir='ltr'>ἡμέρᾳ</span> <span class='ocrx_word' id='word_1_461' title='bbox 2860 2193 3160 2277; x_wconf 73' lang='grc' dir='ltr'>ἐρχόμενα,</span> <span class='ocrx_word' id='word_1_462' title='bbox 3211 2209 3282 2261; x_wconf 81' lang='grc' dir='ltr'><strong>τά</strong></span> <span class='ocrx_word' id='word_1_463' title='bbox 3325 2206 3381 2259; x_wconf 70' lang='grc' dir='ltr'><strong>δὲ</strong></span> <span class='ocrx_word' id='word_1_464' title='bbox 3431 2206 3541 2258; x_wconf 84' lang='grc' dir='ltr'><strong>τῶν</strong></span> 
     </span>
    </p>
   </div>
   <div class='ocr_carea' id='block_1_64' title="bbox 1965 2293 3542 2370">
    <p class='ocr_par' dir='ltr' id='par_1_64' title="bbox 1965 2293 3542 2370">
     <span class='ocr_line' id='line_1_64' title="bbox 1965 2293 3542 2370; baseline 0.003 -23"><span class='ocrx_word' id='word_1_465' title='bbox 1965 2293 2227 2363; x_wconf 89' lang='grc' dir='ltr'>Τούρκων</span> <span class='ocrx_word' id='word_1_466' title='bbox 2277 2297 2358 2360; x_wconf 89' lang='grc' dir='ltr'><strong>είς</strong></span> <span class='ocrx_word' id='word_1_467' title='bbox 2410 2297 2580 2367; x_wconf 79' lang='grc' dir='ltr'>ἄκρον</span> <span class='ocrx_word' id='word_1_468' title='bbox 2637 2299 3046 2365; x_wconf 79' lang='grc' dir='ltr'>προκόπτοντα,</span> <span class='ocrx_word' id='word_1_469' title='bbox 3089 2300 3338 2370; x_wconf 71' lang='grc' dir='ltr'>τριήρεις</span> <span class='ocrx_word' id='word_1_470' title='bbox 3387 2296 3542 2360; x_wconf 81' lang='grc' dir='ltr'>τινὰς</span> 
     </span>
    </p>
   </div>
   <div class='ocr_carea' id='block_1_65' title="bbox 1967 2389 3541 2464">
    <p class='ocr_par' dir='ltr' id='par_1_65' title="bbox 1967 2389 3541 2464">
     <span class='ocr_line' id='line_1_65' title="bbox 1967 2389 3541 2464; baseline 0.003 -21"><span class='ocrx_word' id='word_1_471' title='bbox 1967 2390 2268 2460; x_wconf 74' lang='grc' dir='ltr'>ἡτοίμασεν</span> <span class='ocrx_word' id='word_1_472' title='bbox 2301 2389 2476 2460; x_wconf 70' lang='grc' dir='ltr'>ιμόάς</span> <span class='ocrx_word' id='word_1_473' title='bbox 2507 2392 2565 2443; x_wconf 80' lang='grc' dir='ltr'>ὲν</span> <span class='ocrx_word' id='word_1_474' title='bbox 2605 2393 2672 2463; x_wconf 76' lang='grc' dir='ltr'>τῇ</span> <span class='ocrx_word' id='word_1_475' title='bbox 2709 2391 2915 2464; x_wconf 74' lang='grc' dir='ltr'>Ἰταλίᾳ</span> <span class='ocrx_word' id='word_1_476' title='bbox 2941 2393 3119 2446; x_wconf 70' lang='grc' dir='ltr'>ἐλθεῖν</span> <span class='ocrx_word' id='word_1_477' title='bbox 3151 2393 3382 2462; x_wconf 73' lang='grc' dir='ltr'>αἰτῆσαι</span> <span class='ocrx_word' id='word_1_478' title='bbox 3407 2393 3541 2463; x_wconf 76' lang='grc' dir='ltr'><strong>βοή-</strong></span> 
     </span>
    </p>
   </div>
   <div class='ocr_carea' id='block_1_66' title="bbox 1966 2481 3544 2554">
    <p class='ocr_par' dir='ltr' id='par_1_66' title="bbox 1966 2481 3544 2554">
     <span class='ocr_line' id='line_1_66' title="bbox 1966 2481 3544 2554; baseline 0.001 -19"><span class='ocrx_word' id='word_1_479' title='bbox 1966 2482 2119 2535; x_wconf 89' lang='grc' dir='ltr'>θειαν</span> <span class='ocrx_word' id='word_1_480' title='bbox 2140 2483 2292 2553; x_wconf 69' lang='grc' dir='ltr'>παρὰ</span> <span class='ocrx_word' id='word_1_481' title='bbox 2316 2483 2426 2535; x_wconf 86' lang='grc' dir='ltr'><strong>τῶν</strong></span> <span class='ocrx_word' id='word_1_482' title='bbox 2448 2484 2626 2535; x_wconf 75' lang='grc' dir='ltr'>ἐκεῖσε</span> <span class='ocrx_word' id='word_1_483' title='bbox 2657 2481 2954 2546; x_wconf 79' lang='grc' dir='ltr'>αὐθεντῶν,</span> <span class='ocrx_word' id='word_1_484' title='bbox 2991 2484 3080 2536; x_wconf 88' lang='grc' dir='ltr'><strong>ίνα</strong></span> <span class='ocrx_word' id='word_1_485' title='bbox 3116 2483 3190 2554; x_wconf 84' lang='grc' dir='ltr'>μὴ</span> <span class='ocrx_word' id='word_1_486' title='bbox 3227 2485 3269 2554; x_wconf 71' lang='grc' dir='ltr'>ιτ</span> <span class='ocrx_word' id='word_1_487' title='bbox 3291 2483 3544 2552; x_wconf 85' lang='grc' dir='ltr'>βασιλεία</span> 
     </span>
    </p>
   </div>
   <div class='ocr_carea' id='block_1_67' title="bbox 1975 2569 3544 2642">
    <p class='ocr_par' dir='ltr' id='par_1_67' title="bbox 1975 2569 3544 2642">
     <span class='ocr_line' id='line_1_67' title="bbox 1975 2569 3544 2642; baseline -0.001 -18"><span class='ocrx_word' id='word_1_488' title='bbox 1975 2569 2266 2640; x_wconf 76' lang='grc' dir='ltr'>Ῥωμαίων</span> <span class='ocrx_word' id='word_1_489' title='bbox 2313 2572 2454 2624; x_wconf 82' lang='grc' dir='ltr'>κατὰ</span> <span class='ocrx_word' id='word_1_490' title='bbox 2499 2573 2698 2642; x_wconf 85' lang='grc' dir='ltr'>κράτος</span> <span class='ocrx_word' id='word_1_491' title='bbox 2737 2574 2818 2633; x_wconf 81' lang='grc' dir='ltr'><strong>εἰς</strong></span> <span class='ocrx_word' id='word_1_492' title='bbox 2865 2571 3024 2635; x_wconf 79' lang='grc' dir='ltr'>τέλος</span> <span class='ocrx_word' id='word_1_493' title='bbox 3073 2573 3314 2642; x_wconf 76' lang='grc' dir='ltr'>ἐκπέσῃ.</span> <span class='ocrx_word' id='word_1_494' title='bbox 3350 2573 3456 2624; x_wconf 76' lang='grc' dir='ltr'><strong>Καὶ</strong></span> <span class='ocrx_word' id='word_1_495' title='bbox 3488 2575 3544 2625; x_wconf 68' lang='grc' dir='ltr'>ὲν</span> 
     </span>
    </p>
   </div>
   <div class='ocr_carea' id='block_1_68' title="bbox 1965 2658 3543 2733">
    <p class='ocr_par' dir='ltr' id='par_1_68' title="bbox 1965 2658 3543 2733">
     <span class='ocr_line' id='line_1_68' title="bbox 1965 2658 3543 2733; baseline -0.008 -19"><span class='ocrx_word' id='word_1_496' title='bbox 1965 2658 2045 2730; x_wconf 83' lang='grc' dir='ltr'>τῷ</span> <span class='ocrx_word' id='word_1_497' title='bbox 2074 2659 2294 2729; x_wconf 85' lang='grc' dir='ltr'>μέλλειν</span> <span class='ocrx_word' id='word_1_498' title='bbox 2325 2660 2729 2732; x_wconf 70' lang='grc' dir='ltr'>ἐπανέρχεσθαι</span> <span class='ocrx_word' id='word_1_499' title='bbox 2761 2661 2854 2714; x_wconf 76' lang='grc' dir='ltr'><strong>τὸν</strong></span> <span class='ocrx_word' id='word_1_500' title='bbox 2883 2661 3151 2732; x_wconf 89' lang='grc' dir='ltr'>δεσπότην</span> <span class='ocrx_word' id='word_1_501' title='bbox 3181 2665 3287 2729; x_wconf 85' lang='grc' dir='ltr'>κὺρ</span> <span class='ocrx_word' id='word_1_502' title='bbox 3326 2662 3543 2733; x_wconf 75' lang='grc' dir='ltr'>Ἀνδρό-</span> 
     </span>
    </p>
   </div>
   <div class='ocr_carea' id='block_1_69' title="bbox 1967 2751 3544 2824">
    <p class='ocr_par' dir='ltr' id='par_1_69' title="bbox 1967 2751 3544 2824">
     <span class='ocr_line' id='line_1_69' title="bbox 1967 2751 3544 2824; baseline 0.001 -19"><span class='ocrx_word' id='word_1_503' title='bbox 1967 2769 2118 2806; x_wconf 90' lang='grc' dir='ltr'>νικον</span> <span class='ocrx_word' id='word_1_504' title='bbox 2163 2751 2327 2807; x_wconf 85' lang='grc' dir='ltr'>πάλιν</span> <span class='ocrx_word' id='word_1_505' title='bbox 2373 2753 2524 2807; x_wconf 79' lang='grc' dir='ltr'>είασε</span> <span class='ocrx_word' id='word_1_506' title='bbox 2567 2753 2795 2806; x_wconf 84' lang='grc' dir='ltr'>διοικεῖν</span> <span class='ocrx_word' id='word_1_507' title='bbox 2844 2751 2951 2824; x_wconf 74' lang='lat'><strong>52</strong></span> <span class='ocrx_word' id='word_1_508' title='bbox 2991 2753 3087 2806; x_wconf 83' lang='grc' dir='ltr'>καὶ</span> <span class='ocrx_word' id='word_1_509' title='bbox 3135 2753 3405 2824; x_wconf 79' lang='grc' dir='ltr'>κυδερνᾷν</span> <span class='ocrx_word' id='word_1_510' title='bbox 3443 2755 3544 2824; x_wconf 77' lang='grc' dir='ltr'>τὴν</span> 
     </span>
    </p>
   </div>
   <div class='ocr_carea' id='block_1_70' title="bbox 1966 2843 3550 2915">
    <p class='ocr_par' dir='ltr' id='par_1_70' title="bbox 1966 2843 3550 2915">
     <span class='ocr_line' id='line_1_70' title="bbox 1966 2843 3550 2915; baseline 0 -17"><span class='ocrx_word' id='word_1_511' title='bbox 1966 2844 2122 2898; x_wconf 87' lang='grc' dir='ltr'>πόλιν</span> <span class='ocrx_word' id='word_1_512' title='bbox 2145 2844 2238 2898; x_wconf 75' lang='grc' dir='ltr'>καὶ</span> <span class='ocrx_word' id='word_1_513' title='bbox 2257 2843 2352 2915; x_wconf 74' lang='grc' dir='ltr'>τὴν</span> <span class='ocrx_word' id='word_1_514' title='bbox 2379 2843 2676 2915; x_wconf 83' lang='grc' dir='ltr'>βασιλείαν.</span> <span class='ocrx_word' id='word_1_515' title='bbox 2699 2843 3036 2909; x_wconf 83' lang='grc' dir='ltr'>Πλεύσαντος</span> <span class='ocrx_word' id='word_1_516' title='bbox 3058 2845 3113 2898; x_wconf 79' lang='grc' dir='ltr'>δὲ</span> <span class='ocrx_word' id='word_1_517' title='bbox 3139 2844 3234 2900; x_wconf 78' lang='grc' dir='ltr'><strong>τοῦ</strong></span> <span class='ocrx_word' id='word_1_518' title='bbox 3256 2846 3550 2915; x_wconf 82' lang='grc' dir='ltr'>βασιλέως,</span> 
     </span>
    </p>
   </div>
   <div class='ocr_carea' id='block_1_71' title="bbox 1965 2935 3546 3012">
    <p class='ocr_par' dir='ltr' id='par_1_71' title="bbox 1965 2935 3546 3012">
     <span class='ocr_line' id='line_1_71' title="bbox 1965 2935 3546 3012; baseline 0.001 -22"><span class='ocrx_word' id='word_1_519' title='bbox 1965 2936 2205 3006; x_wconf 73' lang='grc' dir='ltr'>ἔφθασεν</span> <span class='ocrx_word' id='word_1_520' title='bbox 2242 2938 2300 2989; x_wconf 79' lang='grc' dir='ltr'>ἐν</span> <span class='ocrx_word' id='word_1_521' title='bbox 2329 2939 2394 3007; x_wconf 82' lang='grc' dir='ltr'><strong>τῇ</strong></span> <span class='ocrx_word' id='word_1_522' title='bbox 2435 2935 2640 3006; x_wconf 78' lang='grc' dir='ltr'>Ἰταλία</span> <span class='ocrx_word' id='word_1_523' title='bbox 2668 2939 2724 2989; x_wconf 81' lang='grc' dir='ltr'>ὲν</span> <span class='ocrx_word' id='word_1_524' title='bbox 2745 2939 2810 3006; x_wconf 69' lang='grc' dir='ltr'>τῇ</span> <span class='ocrx_word' id='word_1_525' title='bbox 2847 2936 2956 2988; x_wconf 86' lang='grc' dir='ltr'><strong>τῶν</strong></span> <span class='ocrx_word' id='word_1_526' title='bbox 2986 2937 3221 2990; x_wconf 81' lang='grc' dir='ltr'>Ἐνετῶν</span> <span class='ocrx_word' id='word_1_527' title='bbox 3250 2938 3429 3012; x_wconf 74' lang='grc' dir='ltr'>ὡραία</span> <span class='ocrx_word' id='word_1_528' title='bbox 3446 2941 3546 2992; x_wconf 87' lang='grc' dir='ltr'>πό-</span> 
     </span>
    </p>
   </div>
   <div class='ocr_carea' id='block_1_72' title="bbox 1966 3027 3547 3100">
    <p class='ocr_par' dir='ltr' id='par_1_72' title="bbox 1966 3027 3547 3100">
     <span class='ocr_line' id='line_1_72' title="bbox 1966 3027 3547 3100; baseline 0.002 -19"><span class='ocrx_word' id='word_1_529' title='bbox 1966 3028 2071 3092; x_wconf 88' lang='grc' dir='ltr'>λει,</span> <span class='ocrx_word' id='word_1_530' title='bbox 2097 3029 2192 3080; x_wconf 88' lang='grc' dir='ltr'><strong>καί</strong></span> <span class='ocrx_word' id='word_1_531' title='bbox 2228 3029 2261 3098; x_wconf 78' lang='grc' dir='ltr'><strong>ἡ</strong></span> <span class='ocrx_word' id='word_1_532' title='bbox 2297 3027 2561 3098; x_wconf 82' lang='grc' dir='ltr'>γερουσία</span> <span class='ocrx_word' id='word_1_533' title='bbox 2595 3027 2785 3082; x_wconf 69' lang='grc' dir='ltr'>ἅπασα</span> <span class='ocrx_word' id='word_1_534' title='bbox 2816 3028 2978 3098; x_wconf 82' lang='grc' dir='ltr'>τῆσδε</span> <span class='ocrx_word' id='word_1_535' title='bbox 3007 3029 3106 3098; x_wconf 85' lang='grc' dir='ltr'>τῆς</span> <span class='ocrx_word' id='word_1_536' title='bbox 3137 3030 3346 3094; x_wconf 85' lang='grc' dir='ltr'>πόλεως</span> <span class='ocrx_word' id='word_1_537' title='bbox 3373 3032 3547 3100; x_wconf 78' lang='grc' dir='ltr'>ἀσμέο</span> 
     </span>
    </p>
   </div>
   <div class='ocr_carea' id='block_1_73' title="bbox 1959 3121 3547 3199">
    <p class='ocr_par' dir='ltr' id='par_1_73' title="bbox 1959 3121 3547 3199">
     <span class='ocr_line' id='line_1_73' title="bbox 1959 3121 3547 3199; baseline -0.001 -23"><span class='ocrx_word' id='word_1_538' title='bbox 1959 3140 2074 3199; x_wconf 19' lang='grc' dir='ltr'>ενως</span> <span class='ocrx_word' id='word_1_539' title='bbox 2112 3121 2302 3176; x_wconf 81' lang='grc' dir='ltr'>τοῦτον</span> <span class='ocrx_word' id='word_1_540' title='bbox 2331 3121 2620 3186; x_wconf 70' lang='grc' dir='ltr'>ἐδέξαντο*</span> <span class='ocrx_word' id='word_1_541' title='bbox 2666 3123 2795 3194; x_wconf 79' lang='grc' dir='ltr'>περὶ</span> <span class='ocrx_word' id='word_1_542' title='bbox 2836 3121 2892 3174; x_wconf 80' lang='grc' dir='ltr'>δὲ</span> <span class='ocrx_word' id='word_1_543' title='bbox 2943 3121 3040 3176; x_wconf 77' lang='grc' dir='ltr'>τοῦ</span> <span class='ocrx_word' id='word_1_544' title='bbox 3089 3121 3358 3193; x_wconf 72' lang='grc' dir='ltr'>βοηθῆσαι</span> <span class='ocrx_word' id='word_1_545' title='bbox 3394 3123 3547 3193; x_wconf 81' lang='grc' dir='ltr'>αὐτῷ</span> 
     </span>
    </p>
   </div>
   <div class='ocr_carea' id='block_1_74' title="bbox 1969 3209 3552 3289">
    <p class='ocr_par' dir='ltr' id='par_1_74' title="bbox 1969 3209 3552 3289">
     <span class='ocr_line' id='line_1_74' title="bbox 1969 3209 3552 3289; baseline -0.002 -18"><span class='ocrx_word' id='word_1_546' title='bbox 1969 3219 2070 3271; x_wconf 91' lang='grc' dir='ltr'><strong>οὐκ</strong></span> <span class='ocrx_word' id='word_1_547' title='bbox 2108 3211 2180 3289; x_wconf 73' lang='grc' dir='ltr'>ἦν</span> <span class='ocrx_word' id='word_1_548' title='bbox 2224 3221 2377 3288; x_wconf 79' lang='grc' dir='ltr'>φωνὴ</span> <span class='ocrx_word' id='word_1_549' title='bbox 2411 3217 2505 3270; x_wconf 73' lang='grc' dir='ltr'>καὶ</span> <span class='ocrx_word' id='word_1_550' title='bbox 2535 3215 2636 3269; x_wconf 88' lang='grc' dir='ltr'><strong>οὐκ</strong></span> <span class='ocrx_word' id='word_1_551' title='bbox 2666 3209 2734 3286; x_wconf 79' lang='grc' dir='ltr'>ἦν</span> <span class='ocrx_word' id='word_1_552' title='bbox 2765 3216 3053 3286; x_wconf 76' lang='grc' dir='ltr'>ἀκρόασις.</span> <span class='ocrx_word' id='word_1_553' title='bbox 3101 3217 3371 3272; x_wconf 77' lang='grc' dir='ltr'>Κάκεῖθεν</span> <span class='ocrx_word' id='word_1_554' title='bbox 3404 3216 3552 3282; x_wconf 71' lang='grc' dir='ltr'>ἐξελ-</span> 
     </span>
    </p>
   </div>
   <div class='ocr_carea' id='block_1_75' title="bbox 1972 3307 3551 3380">
    <p class='ocr_par' dir='ltr' id='par_1_75' title="bbox 1972 3307 3551 3380">
     <span class='ocr_line' id='line_1_75' title="bbox 1972 3307 3551 3380; baseline 0.001 -18"><span class='ocrx_word' id='word_1_555' title='bbox 1972 3310 2080 3363; x_wconf 85' lang='grc' dir='ltr'>θὼν</span> <span class='ocrx_word' id='word_1_556' title='bbox 2112 3310 2245 3380; x_wconf 82' lang='grc' dir='ltr'>πρὸς</span> <span class='ocrx_word' id='word_1_557' title='bbox 2275 3307 2368 3362; x_wconf 73' lang='grc' dir='ltr'><strong>τὸν</strong></span> <span class='ocrx_word' id='word_1_558' title='bbox 2395 3307 2542 3379; x_wconf 77' lang='grc' dir='ltr'>ῥῆγα</span> <span class='ocrx_word' id='word_1_559' title='bbox 2588 3307 2870 3378; x_wconf 78' lang='grc' dir='ltr'>Φραγκίας</span> <span class='ocrx_word' id='word_1_560' title='bbox 2918 3307 3163 3378; x_wconf 79' lang='grc' dir='ltr'>Κάρολον</span> <span class='ocrx_word' id='word_1_561' title='bbox 3198 3307 3370 3364; x_wconf 72' lang='grc' dir='ltr'>ἐλθὼν</span> <span class='ocrx_word' id='word_1_562' title='bbox 3397 3310 3551 3363; x_wconf 79' lang='grc' dir='ltr'>οὐδὲν</span> 
     </span>
    </p>
   </div>
   <div class='ocr_carea' id='block_1_76' title="bbox 1967 3477 3550 3558">
    <p class='ocr_par' dir='ltr' id='par_1_76' title="bbox 1967 3477 3550 3558">
     <span class='ocr_line' id='line_1_76' title="bbox 1967 3477 3550 3558; baseline 0.004 -23"><span class='ocrx_word' id='word_1_563' title='bbox 1967 3477 2153 3558; x_wconf 70' lang='lat' dir='ltr'><strong>patres</strong></span> <span class='ocrx_word' id='word_1_564' title='bbox 2183 3498 2306 3538; x_wconf 89' lang='lat' dir='ltr'><strong>cum</strong></span> <span class='ocrx_word' id='word_1_565' title='bbox 2329 3482 2586 3555; x_wconf 85' lang='lat' dir='ltr'><strong>lacrymis</strong></span> <span class='ocrx_word' id='word_1_566' title='bbox 2618 3493 2859 3538; x_wconf 82' lang='lat' dir='ltr'><strong>astantes</strong></span> <span class='ocrx_word' id='word_1_567' title='bbox 2889 3501 3048 3538; x_wconf 87' lang='lat' dir='ltr'><strong>suum</strong></span> <span class='ocrx_word' id='word_1_568' title='bbox 3100 3488 3335 3555; x_wconf 78' lang='lat' dir='ltr'><strong>quisque</strong></span> <span class='ocrx_word' id='word_1_569' title='bbox 3381 3488 3550 3541; x_wconf 86' lang='lat' dir='ltr'><strong>ﬁlium</strong></span> 
     </span>
    </p>
   </div>
   <div class='ocr_carea' id='block_1_77' title="bbox 1969 3573 3550 3648">
    <p class='ocr_par' dir='ltr' id='par_1_77' title="bbox 1969 3573 3550 3648">
     <span class='ocr_line' id='line_1_77' title="bbox 1969 3573 3550 3648; baseline -0.002 -13"><span class='ocrx_word' id='word_1_570' title='bbox 1969 3592 2130 3635; x_wconf 87' lang='lat' dir='ltr'><strong>manu</strong></span> <span class='ocrx_word' id='word_1_571' title='bbox 2185 3591 2285 3632; x_wconf 89' lang='lat' dir='ltr'><strong>sua</strong></span> <span class='ocrx_word' id='word_1_572' title='bbox 2337 3573 2642 3632; x_wconf 87' lang='lat' dir='ltr'><strong>interﬁcere</strong></span> <span class='ocrx_word' id='word_1_573' title='bbox 2688 3575 3111 3648; x_wconf 82' lang='lat' dir='ltr'><strong>jubentur:qui</strong></span> <span class='ocrx_word' id='word_1_574' title='bbox 3171 3578 3398 3646; x_wconf 87' lang='lat' dir='ltr'><strong>imperio</strong></span> <span class='ocrx_word' id='word_1_575' title='bbox 3445 3594 3550 3634; x_wconf 91' lang='lat' dir='ltr'><strong>non</strong></span> 
     </span>
    </p>
   </div>
   <div class='ocr_carea' id='block_1_78' title="bbox 1965 3668 3551 3748">
    <p class='ocr_par' dir='ltr' id='par_1_78' title="bbox 1965 3668 3551 3748">
     <span class='ocr_line' id='line_1_78' title="bbox 1965 3668 3551 3748; baseline 0 -20"><span class='ocrx_word' id='word_1_576' title='bbox 1965 3677 2286 3748; x_wconf 83' lang='lat' dir='ltr'><strong>paruerunt,</strong></span> <span class='ocrx_word' id='word_1_577' title='bbox 2315 3672 2457 3724; x_wconf 78' lang='lat' dir='ltr'><strong>‘cum</strong></span> <span class='ocrx_word' id='word_1_578' title='bbox 2506 3668 2633 3724; x_wconf 87' lang='lat' dir='ltr'><strong>ﬁliis</strong></span> <span class='ocrx_word' id='word_1_579' title='bbox 2681 3669 2940 3739; x_wconf 88' lang='lat' dir='ltr'><strong>colligati,</strong></span> <span class='ocrx_word' id='word_1_580' title='bbox 2996 3671 3048 3724; x_wconf 87' lang='lat' dir='ltr'><strong>in</strong></span> <span class='ocrx_word' id='word_1_581' title='bbox 3099 3673 3551 3740; x_wconf 63' lang='lat' dir='ltr'><strong>praeterﬂuentem</strong></span> 
     </span>
    </p>
   </div>
   <div class='ocr_carea' id='block_1_79' title="bbox 1967 3763 3557 3828">
    <p class='ocr_par' dir='ltr' id='par_1_79' title="bbox 1967 3763 3557 3828">
     <span class='ocr_line' id='line_1_79' title="bbox 1967 3763 3557 3828; baseline -0.004 -3"><span class='ocrx_word' id='word_1_582' title='bbox 1967 3769 2188 3826; x_wconf 79' lang='lat' dir='ltr'><strong>ﬂuvium</strong></span> <span class='ocrx_word' id='word_1_583' title='bbox 2227 3778 2354 3828; x_wconf 84' lang='lat' dir='ltr'><strong>sunt</strong></span> <span class='ocrx_word' id='word_1_584' title='bbox 2380 3765 2661 3824; x_wconf 85' lang='lat' dir='ltr'><strong>’demersi.</strong></span> <span class='ocrx_word' id='word_1_585' title='bbox 2692 3764 2842 3820; x_wconf 85' lang='lat' dir='ltr'><strong>Adeo</strong></span> <span class='ocrx_word' id='word_1_586' title='bbox 2877 3763 3231 3820; x_wconf 83' lang='lat' dir='ltr'><strong>inhumanum</strong></span> <span class='ocrx_word' id='word_1_587' title='bbox 3260 3765 3557 3821; x_wconf 82' lang='lat' dir='ltr'><strong>crudelem-</strong></span> 
     </span>
    </p>
   </div>
   <div class='ocr_carea' id='block_1_80' title="bbox 1967 3855 3554 3933">
    <p class='ocr_par' dir='ltr' id='par_1_80' title="bbox 1967 3855 3554 3933">
     <span class='ocr_line' id='line_1_80' title="bbox 1967 3855 3554 3933; baseline -0.004 -16"><span class='ocrx_word' id='word_1_588' title='bbox 1967 3877 2071 3932; x_wconf 89' lang='lat' dir='ltr'><strong>que</strong></span> <span class='ocrx_word' id='word_1_589' title='bbox 2116 3877 2175 3917; x_wconf 91' lang='lat' dir='ltr'><strong>se</strong></span> <span class='ocrx_word' id='word_1_590' title='bbox 2229 3861 2481 3933; x_wconf 65' lang='lat' dir='ltr'><strong>praestitit</strong></span> <span class='ocrx_word' id='word_1_591' title='bbox 2527 3861 2840 3923; x_wconf 69' lang='lat' dir='ltr'><strong>Amurates,</strong></span> <span class='ocrx_word' id='word_1_592' title='bbox 2880 3855 3120 3926; x_wconf 83' lang='lat' dir='ltr'><strong>alioquin</strong></span> <span class='ocrx_word' id='word_1_593' title='bbox 3147 3856 3199 3912; x_wconf 93' lang='lat' dir='ltr'><strong>in</strong></span> <span class='ocrx_word' id='word_1_594' title='bbox 3233 3858 3463 3926; x_wconf 70' lang='lat' dir='ltr'><strong>regenda</strong></span> <span class='ocrx_word' id='word_1_595' title='bbox 3497 3876 3554 3916; x_wconf 73' lang='lat' dir='ltr'><strong>re</strong></span> 
     </span>
    </p>
   </div>
   <div class='ocr_carea' id='block_1_81' title="bbox 1969 3948 3554 4024">
    <p class='ocr_par' dir='ltr' id='par_1_81' title="bbox 1969 3948 3554 4024">
     <span class='ocr_line' id='line_1_81' title="bbox 1969 3948 3554 4024; baseline -0.001 -16"><span class='ocrx_word' id='word_1_596' title='bbox 1969 3954 2182 4024; x_wconf 78' lang='lat' dir='ltr'><strong>publica</strong></span> <span class='ocrx_word' id='word_1_597' title='bbox 2242 3953 2512 4008; x_wconf 87' lang='lat' dir='ltr'><strong>laudatus.</strong></span> <span class='ocrx_word' id='word_1_598' title='bbox 2543 3950 2839 4021; x_wconf 77' lang='lat' dir='ltr'><strong>Aliquanto</strong></span> <span class='ocrx_word' id='word_1_599' title='bbox 2875 3957 2992 4017; x_wconf 82' lang='lat' dir='ltr'><strong>pust</strong></span> <span class='ocrx_word' id='word_1_600' title='bbox 3049 3948 3288 4003; x_wconf 76' lang='lat' dir='ltr'><strong>nonnulli</strong></span> <span class='ocrx_word' id='word_1_601' title='bbox 3327 3953 3554 4019; x_wconf 69' lang='lat' dir='ltr'><strong>Spectati</strong></span> 
     </span>
    </p>
   </div>
   <div class='ocr_carea' id='block_1_82' title="bbox 1969 4041 3557 4113">
    <p class='ocr_par' dir='ltr' id='par_1_82' title="bbox 1969 4041 3557 4113">
     <span class='ocr_line' id='line_1_82' title="bbox 1969 4041 3557 4113; baseline -0.001 -10"><span class='ocrx_word' id='word_1_602' title='bbox 1969 4063 2024 4104; x_wconf 91' lang='lat' dir='ltr'><strong>et</strong></span> <span class='ocrx_word' id='word_1_603' title='bbox 2051 4047 2263 4105; x_wconf 78' lang='lat' dir='ltr'><strong>nobiles</strong></span> <span class='ocrx_word' id='word_1_604' title='bbox 2319 4045 2618 4103; x_wconf 78' lang='lat' dir='ltr'><strong>Christiani</strong></span> <span class='ocrx_word' id='word_1_605' title='bbox 2651 4054 2816 4113; x_wconf 86' lang='lat' dir='ltr'><strong>atque</strong></span> <span class='ocrx_word' id='word_1_606' title='bbox 2847 4041 3079 4112; x_wconf 80' lang='lat' dir='ltr'><strong>Agareiii</strong></span> <span class='ocrx_word' id='word_1_607' title='bbox 3112 4042 3429 4100; x_wconf 81' lang='lat' dir='ltr'><strong>Amuratem</strong></span> <span class='ocrx_word' id='word_1_608' title='bbox 3467 4061 3557 4102; x_wconf 85' lang='grc' dir='ltr'>ιο-</span> 
     </span>
    </p>
   </div>
   <div class='ocr_carea' id='block_1_83' title="bbox 1967 4135 3553 4212">
    <p class='ocr_par' dir='ltr' id='par_1_83' title="bbox 1967 4135 3553 4212">
     <span class='ocr_line' id='line_1_83' title="bbox 1967 4135 3553 4212; baseline -0.005 -18"><span class='ocrx_word' id='word_1_609' title='bbox 1967 4151 2257 4212; x_wconf 76' lang='lat' dir='ltr'><strong>gavernnt,</strong></span> <span class='ocrx_word' id='word_1_610' title='bbox 2304 4147 2363 4195; x_wconf 89' lang='lat' dir='ltr'><strong>ut</strong></span> <span class='ocrx_word' id='word_1_611' title='bbox 2410 4139 2611 4194; x_wconf 85' lang='lat' dir='ltr'><strong>litteris</strong></span> <span class='ocrx_word' id='word_1_612' title='bbox 2661 4135 2854 4193; x_wconf 81' lang='lat' dir='ltr'><strong>Joannt</strong></span> <span class='ocrx_word' id='word_1_613' title='bbox 2907 4136 3218 4204; x_wconf 73' lang='lat' dir='ltr'><strong>imperatori</strong></span> <span class='ocrx_word' id='word_1_614' title='bbox 3280 4139 3553 4212; x_wconf 63' lang='lat' dir='ltr'><strong>Slltldf‘l‘el’</strong></span> 
     </span>
    </p>
   </div>
   <div class='ocr_carea' id='block_1_84' title="bbox 1967 4229 3556 4301">
    <p class='ocr_par' dir='ltr' id='par_1_84' title="bbox 1967 4229 3556 4301">
     <span class='ocr_line' id='line_1_84' title="bbox 1967 4229 3556 4301; baseline -0.001 -7"><span class='ocrx_word' id='word_1_615' title='bbox 1967 4237 2340 4294; x_wconf 80' lang='lat' dir='ltr'><strong>Andronicum</strong></span> <span class='ocrx_word' id='word_1_616' title='bbox 2407 4233 2688 4301; x_wconf 85' lang='lat' dir='ltr'><strong>despotam</strong></span> <span class='ocrx_word' id='word_1_617' title='bbox 2723 4245 2765 4285; x_wconf 89' lang='lat' dir='ltr'><strong>e-</strong></span> <span class='ocrx_word' id='word_1_618' title='bbox 2816 4230 3047 4288; x_wconf 77' lang='lat' dir='ltr'><strong>vinculis</strong></span> <span class='ocrx_word' id='word_1_619' title='bbox 3103 4229 3403 4288; x_wconf 82' lang='lat' dir='ltr'><strong>liberaret:</strong></span> <span class='ocrx_word' id='word_1_620' title='bbox 3455 4251 3556 4292; x_wconf 85' lang='lat' dir='ltr'><strong>nec</strong></span> 
     </span>
    </p>
   </div>
   <div class='ocr_carea' id='block_1_85' title="bbox 1969 4323 3199 4387">
    <p class='ocr_par' dir='ltr' id='par_1_85' title="bbox 1969 4323 3199 4387">
     <span class='ocr_line' id='line_1_85' title="bbox 1969 4323 3199 4387; baseline -0.002 0"><span class='ocrx_word' id='word_1_621' title='bbox 1969 4345 2082 4387; x_wconf 72' lang='lat' dir='ltr'><strong>non</strong></span> <span class='ocrx_word' id='word_1_622' title='bbox 2122 4327 2456 4386; x_wconf 65' lang='lat' dir='ltr'><strong>satisiactum</strong></span> <span class='ocrx_word' id='word_1_623' title='bbox 2485 4333 2569 4380; x_wconf 82' lang='lat' dir='ltr'><strong>est</strong></span> <span class='ocrx_word' id='word_1_624' title='bbox 2598 4324 2812 4379; x_wconf 84' lang='lat' dir='ltr'><strong>illorum</strong></span> <span class='ocrx_word' id='word_1_625' title='bbox 2859 4323 3147 4380; x_wconf 84' lang='lat' dir='ltr'><strong>voluntati.</strong></span> <span class='ocrx_word' id='word_1_626' title='bbox 3191 4376 3199 4384; x_wconf 95' lang='lat'><strong>.</strong></span> 
     </span>
    </p>
   </div>
   <div class='ocr_carea' id='block_1_86' title="bbox 2045 4415 3552 4482">
    <p class='ocr_par' dir='ltr' id='par_1_86' title="bbox 2045 4415 3552 4482">
     <span class='ocr_line' id='line_1_86' title="bbox 2045 4415 3552 4482; baseline -0.001 -8"><span class='ocrx_word' id='word_1_627' title='bbox 2045 4419 2225 4475; x_wconf 67' lang='lat' dir='ltr'><strong>Rebus</strong></span> <span class='ocrx_word' id='word_1_628' title='bbox 2255 4420 2328 4473; x_wconf 87' lang='lat' dir='ltr'><strong>ita</strong></span> <span class='ocrx_word' id='word_1_629' title='bbox 2365 4416 2699 4480; x_wconf 73' lang='lat' dir='ltr'><strong>constitutis,</strong></span> <span class='ocrx_word' id='word_1_630' title='bbox 2736 4415 3049 4482; x_wconf 81' lang='lat' dir='ltr'><strong>imperator,</strong></span> <span class='ocrx_word' id='word_1_631' title='bbox 3085 4428 3210 4470; x_wconf 89' lang='lat' dir='ltr'><strong>cum</strong></span> <span class='ocrx_word' id='word_1_632' title='bbox 3245 4415 3552 4474; x_wconf 76' lang='lat' dir='ltr'><strong>Romanum</strong></span> 
     </span>
    </p>
   </div>
   <div class='ocr_carea' id='block_1_87' title="bbox 1973 4509 3558 4583">
    <p class='ocr_par' dir='ltr' id='par_1_87' title="bbox 1973 4509 3558 4583">
     <span class='ocr_line' id='line_1_87' title="bbox 1973 4509 3558 4583; baseline -0.004 -13"><span class='ocrx_word' id='word_1_633' title='bbox 1973 4513 2263 4583; x_wconf 87' lang='lat' dir='ltr'><strong>imperium</strong></span> <span class='ocrx_word' id='word_1_634' title='bbox 2318 4512 2465 4566; x_wconf 86' lang='lat' dir='ltr'><strong>omni</strong></span> <span class='ocrx_word' id='word_1_635' title='bbox 2498 4510 2656 4565; x_wconf 89' lang='lat' dir='ltr'><strong>modo</strong></span> <span class='ocrx_word' id='word_1_636' title='bbox 2683 4509 2946 4563; x_wconf 79' lang='lat' dir='ltr'><strong>vilescere</strong></span> <span class='ocrx_word' id='word_1_637' title='bbox 2977 4517 3032 4563; x_wconf 90' lang='lat' dir='ltr'><strong>et</strong></span> <span class='ocrx_word' id='word_1_638' title='bbox 3059 4509 3112 4564; x_wconf 90' lang='lat' dir='ltr'><strong>lu</strong></span> <span class='ocrx_word' id='word_1_639' title='bbox 3143 4521 3433 4579; x_wconf 86' lang='lat' dir='ltr'><strong>angustum</strong></span> <span class='ocrx_word' id='word_1_640' title='bbox 3469 4527 3558 4564; x_wconf 85' lang='lat' dir='ltr'><strong>re-</strong></span> 
     </span>
    </p>
   </div>
   <div class='ocr_carea' id='block_1_88' title="bbox 303 4600 3558 4675">
    <p class='ocr_par' dir='ltr' id='par_1_88' title="bbox 303 4600 3558 4675">
     <span class='ocr_line' id='line_1_88' title="bbox 303 4600 3558 4675; baseline -0.003 -11"><span class='ocrx_word' id='word_1_641' title='bbox 303 4610 554 4672; x_wconf 86' lang='lat' dir='ltr'><strong>ret,nulla</strong></span> <span class='ocrx_word' id='word_1_642' title='bbox 587 4625 648 4665; x_wconf 86' lang='lat' dir='ltr'><strong>se</strong></span> <span class='ocrx_word' id='word_1_643' title='bbox 679 4606 1049 4666; x_wconf 86' lang='lat' dir='ltr'><strong>misericordia</strong></span> <span class='ocrx_word' id='word_1_644' title='bbox 1099 4614 1431 4664; x_wconf 83' lang='lat' dir='ltr'><strong>commotum</strong></span> <span class='ocrx_word' id='word_1_645' title='bbox 1471 4605 1560 4660; x_wconf 89' lang='lat' dir='ltr'><strong>iri.</strong></span> <span class='ocrx_word' id='word_1_646' title='bbox 1607 4603 1788 4666; x_wconf 73' lang='lat' dir='ltr'><strong>Rebus</strong></span> <span class='ocrx_word' id='word_1_647' title='bbox 1813 4604 1867 4660; x_wconf 89' lang='lat' dir='ltr'><strong>in</strong></span> <span class='ocrx_word' id='word_1_648' title='bbox 1897 4614 1950 4674; x_wconf 74' lang='grc' dir='ltr'><strong>Β</strong></span> <span class='ocrx_word' id='word_1_649' title='bbox 1976 4605 2084 4675; x_wconf 88' lang='lat' dir='ltr'><strong>digi</strong></span> <span class='ocrx_word' id='word_1_650' title='bbox 2139 4604 2282 4659; x_wconf 85' lang='lat' dir='ltr'><strong>etin</strong></span> <span class='ocrx_word' id='word_1_651' title='bbox 2322 4603 2436 4659; x_wconf 89' lang='lat' dir='ltr'><strong>dies</strong></span> <span class='ocrx_word' id='word_1_652' title='bbox 2487 4601 2662 4672; x_wconf 86' lang='lat' dir='ltr'><strong>magis</strong></span> <span class='ocrx_word' id='word_1_653' title='bbox 2718 4614 2873 4656; x_wconf 89' lang='lat' dir='ltr'><strong>ruere</strong></span> <span class='ocrx_word' id='word_1_654' title='bbox 2905 4602 2957 4654; x_wconf 92' lang='lat' dir='ltr'><strong>in</strong></span> <span class='ocrx_word' id='word_1_655' title='bbox 3015 4600 3337 4670; x_wconf 87' lang='lat' dir='ltr'><strong>perniciem,</strong></span> <span class='ocrx_word' id='word_1_656' title='bbox 3369 4617 3558 4657; x_wconf 84' lang='lat' dir='ltr'><strong>contra</strong></span> 
     </span>
    </p>
   </div>
   <div class='ocr_carea' id='block_1_89' title="bbox 300 4693 1871 4781">
    <p class='ocr_par' dir='ltr' id='par_1_89' title="bbox 300 4693 1871 4781">
     <span class='ocr_line' id='line_1_89' title="bbox 300 4693 1871 4781; baseline -0.005 -25"><span class='ocrx_word' id='word_1_657' title='bbox 300 4701 424 4781; x_wconf 66' lang='lat' dir='ltr'><strong>Asia</strong></span> <span class='ocrx_word' id='word_1_658' title='bbox 475 4700 793 4771; x_wconf 82' lang='lat' dir='ltr'><strong>compositis</strong></span> <span class='ocrx_word' id='word_1_659' title='bbox 844 4697 1184 4768; x_wconf 85' lang='lat' dir='ltr'><strong>pacatisque,</strong></span> <span class='ocrx_word' id='word_1_660' title='bbox 1220 4695 1273 4748; x_wconf 83' lang='lat' dir='ltr'><strong>in</strong></span> <span class='ocrx_word' id='word_1_661' title='bbox 1317 4693 1587 4766; x_wconf 81' lang='lat' dir='ltr'><strong>Europam</strong></span> <span class='ocrx_word' id='word_1_662' title='bbox 1632 4694 1871 4763; x_wconf 80' lang='lat' dir='ltr'><strong>trajecti,</strong></span> 
     </span>
    </p>
   </div>
   <div class='ocr_carea' id='block_1_90' title="bbox 302 4786 1877 4850">
    <p class='ocr_par' dir='ltr' id='par_1_90' title="bbox 302 4786 1877 4850">
     <span class='ocr_line' id='line_1_90' title="bbox 302 4786 1877 4850; baseline -0.005 0"><span class='ocrx_word' id='word_1_663' title='bbox 302 4794 598 4850; x_wconf 78' lang='lat' dir='ltr'><strong>exercitum</strong></span> <span class='ocrx_word' id='word_1_664' title='bbox 641 4791 929 4848; x_wconf 79' lang='lat' dir='ltr'><strong>colestim</strong></span> <span class='ocrx_word' id='word_1_665' title='bbox 987 4790 1314 4846; x_wconf 82' lang='lat' dir='ltr'><strong>instructum</strong></span> <span class='ocrx_word' id='word_1_666' title='bbox 1348 4798 1535 4844; x_wconf 87' lang='lat' dir='ltr'><strong>contra</strong></span> <span class='ocrx_word' id='word_1_667' title='bbox 1565 4788 1706 4842; x_wconf 88' lang='lat' dir='ltr'><strong>ﬁlios</strong></span> <span class='ocrx_word' id='word_1_668' title='bbox 1739 4786 1877 4843; x_wconf 78' lang='lat' dir='ltr'><strong>sedi-</strong></span> 
     </span>
    </p>
   </div>
   <div class='ocr_carea' id='block_1_91' title="bbox 304 4878 1875 4944">
    <p class='ocr_par' dir='ltr' id='par_1_91' title="bbox 304 4878 1875 4944">
     <span class='ocr_line' id='line_1_91' title="bbox 304 4878 1875 4944; baseline -0.006 -4"><span class='ocrx_word' id='word_1_669' title='bbox 304 4885 472 4940; x_wconf 86' lang='lat' dir='ltr'><strong>tiosos</strong></span> <span class='ocrx_word' id='word_1_670' title='bbox 525 4884 814 4942; x_wconf 81' lang='lat' dir='ltr'><strong>miserunt.</strong></span> <span class='ocrx_word' id='word_1_671' title='bbox 867 4879 1171 4936; x_wconf 84' lang='lat' dir='ltr'><strong>Commisso</strong></span> <span class='ocrx_word' id='word_1_672' title='bbox 1227 4878 1389 4944; x_wconf 86' lang='lat' dir='ltr'><strong>bello,</strong></span> <span class='ocrx_word' id='word_1_673' title='bbox 1451 4879 1875 4934; x_wconf 85' lang='lat' dir='ltr'><strong>adolescentium</strong></span> 
     </span>
    </p>
   </div>
   <div class='ocr_carea' id='block_1_92' title="bbox 304 4968 1874 5044">
    <p class='ocr_par' dir='ltr' id='par_1_92' title="bbox 304 4968 1874 5044">
     <span class='ocr_line' id='line_1_92' title="bbox 304 4968 1874 5044; baseline -0.006 -13"><span class='ocrx_word' id='word_1_674' title='bbox 304 4978 521 5038; x_wconf 88' lang='lat' dir='ltr'><strong>milites,</strong></span> <span class='ocrx_word' id='word_1_675' title='bbox 556 4973 782 5044; x_wconf 85' lang='lat' dir='ltr'><strong>pecunia</strong></span> <span class='ocrx_word' id='word_1_676' title='bbox 837 4984 893 5028; x_wconf 89' lang='lat' dir='ltr'><strong>et</strong></span> <span class='ocrx_word' id='word_1_677' title='bbox 937 4971 1214 5028; x_wconf 87' lang='lat' dir='ltr'><strong>blanditiis</strong></span> <span class='ocrx_word' id='word_1_678' title='bbox 1257 4972 1324 5024; x_wconf 92' lang='lat' dir='ltr'><strong>ab</strong></span> <span class='ocrx_word' id='word_1_679' title='bbox 1375 4985 1558 5026; x_wconf 89' lang='lat' dir='ltr'><strong>amera</strong></span> <span class='ocrx_word' id='word_1_680' title='bbox 1607 4968 1874 5040; x_wconf 83' lang='lat' dir='ltr'><strong>corrupti,</strong></span> 
     </span>
    </p>
   </div>
   <div class='ocr_carea' id='block_1_93' title="bbox 303 5065 1876 5136">
    <p class='ocr_par' dir='ltr' id='par_1_93' title="bbox 303 5065 1876 5136">
     <span class='ocr_line' id='line_1_93' title="bbox 303 5065 1876 5136; baseline -0.008 -5"><span class='ocrx_word' id='word_1_681' title='bbox 303 5073 559 5131; x_wconf 84' lang='lat' dir='ltr'><strong>insidiose</strong></span> <span class='ocrx_word' id='word_1_682' title='bbox 590 5072 808 5128; x_wconf 85' lang='lat' dir='ltr'><strong>eosdem</strong></span> <span class='ocrx_word' id='word_1_683' title='bbox 852 5069 1212 5126; x_wconf 87' lang='lat' dir='ltr'><strong>deseruerunt</strong></span> <span class='ocrx_word' id='word_1_684' title='bbox 1238 5076 1294 5122; x_wconf 87' lang='lat' dir='ltr'><strong>et</strong></span> <span class='ocrx_word' id='word_1_685' title='bbox 1323 5065 1578 5136; x_wconf 77' lang='lat' dir='ltr'><strong>profugos</strong></span> <span class='ocrx_word' id='word_1_686' title='bbox 1600 5065 1654 5121; x_wconf 90' lang='lat' dir='ltr'><strong>in</strong></span> <span class='ocrx_word' id='word_1_687' title='bbox 1679 5065 1876 5120; x_wconf 79' lang='lat' dir='ltr'><strong>castel-</strong></span> 
     </span>
    </p>
   </div>
   <div class='ocr_carea' id='block_1_94' title="bbox 305 5157 1874 5236">
    <p class='ocr_par' dir='ltr' id='par_1_94' title="bbox 305 5157 1874 5236">
     <span class='ocr_line' id='line_1_94' title="bbox 305 5157 1874 5236; baseline -0.007 -13"><span class='ocrx_word' id='word_1_688' title='bbox 305 5177 354 5228; x_wconf 84' lang='lat' dir='ltr'><strong>lo</strong></span> <span class='ocrx_word' id='word_1_689' title='bbox 404 5164 639 5236; x_wconf 87' lang='lat' dir='ltr'><strong>quodam</strong></span> <span class='ocrx_word' id='word_1_690' title='bbox 699 5158 1066 5231; x_wconf 81' lang='lat' dir='ltr'><strong>Didymoticbi</strong></span> <span class='ocrx_word' id='word_1_691' title='bbox 1126 5157 1651 5228; x_wconf 78' lang='lat' dir='ltr'><strong>comprehenderunt</strong></span> <span class='ocrx_word' id='word_1_692' title='bbox 1705 5157 1874 5225; x_wconf 70' lang='lat' dir='ltr'><strong>patrio</strong></span> 
     </span>
    </p>
   </div>
   <div class='ocr_carea' id='block_1_95' title="bbox 304 5246 1878 5327">
    <p class='ocr_par' dir='ltr' id='par_1_95' title="bbox 304 5246 1878 5327">
     <span class='ocr_line' id='line_1_95' title="bbox 304 5246 1878 5327; baseline -0.008 -15"><span class='ocrx_word' id='word_1_693' title='bbox 304 5257 508 5327; x_wconf 86' lang='lat' dir='ltr'><strong>busque</strong></span> <span class='ocrx_word' id='word_1_694' title='bbox 586 5256 728 5310; x_wconf 86' lang='lat' dir='ltr'><strong>dono</strong></span> <span class='ocrx_word' id='word_1_695' title='bbox 793 5250 1124 5310; x_wconf 75' lang='lat' dir='ltr'><strong>obtulerunt.</strong></span> <span class='ocrx_word' id='word_1_696' title='bbox 1194 5247 1425 5304; x_wconf 79' lang='lat' dir='ltr'><strong>Ameras</strong></span> <span class='ocrx_word' id='word_1_697' title='bbox 1471 5248 1640 5303; x_wconf 88' lang='lat' dir='ltr'><strong>ﬁlium</strong></span> <span class='ocrx_word' id='word_1_698' title='bbox 1697 5246 1878 5303; x_wconf 84' lang='lat' dir='ltr'><strong>statim</strong></span> 
     </span>
    </p>
   </div>
   <div class='ocr_carea' id='block_1_96' title="bbox 303 5339 1883 5418">
    <p class='ocr_par' dir='ltr' id='par_1_96' title="bbox 303 5339 1883 5418">
     <span class='ocr_line' id='line_1_96' title="bbox 303 5339 1883 5418; baseline -0.008 -12"><span class='ocrx_word' id='word_1_699' title='bbox 303 5347 556 5406; x_wconf 86' lang='lat' dir='ltr'><strong>decollari</strong></span> <span class='ocrx_word' id='word_1_700' title='bbox 606 5345 795 5418; x_wconf 80' lang='lat' dir='ltr'><strong>jussit,</strong></span> <span class='ocrx_word' id='word_1_701' title='bbox 825 5352 989 5413; x_wconf 85' lang='lat' dir='ltr'><strong>atque</strong></span> <span class='ocrx_word' id='word_1_702' title='bbox 1048 5341 1292 5411; x_wconf 83' lang='lat' dir='ltr'><strong>ejusdem</strong></span> <span class='ocrx_word' id='word_1_703' title='bbox 1369 5349 1518 5395; x_wconf 88' lang='lat' dir='ltr'><strong>metu</strong></span> <span class='ocrx_word' id='word_1_704' title='bbox 1587 5339 1883 5409; x_wconf 87' lang='lat' dir='ltr'><strong>imperator</strong></span> 
     </span>
    </p>
   </div>
   <div class='ocr_carea' id='block_1_97' title="bbox 307 5429 1881 5508">
    <p class='ocr_par' dir='ltr' id='par_1_97' title="bbox 307 5429 1881 5508">
     <span class='ocr_line' id='line_1_97' title="bbox 307 5429 1881 5508; baseline -0.008 -11"><span class='ocrx_word' id='word_1_705' title='bbox 307 5441 482 5497; x_wconf 84' lang='lat' dir='ltr'><strong>lacere</strong></span> <span class='ocrx_word' id='word_1_706' title='bbox 541 5452 650 5496; x_wconf 90' lang='lat' dir='ltr'><strong>non</strong></span> <span class='ocrx_word' id='word_1_707' title='bbox 684 5435 885 5508; x_wconf 88' lang='lat' dir='ltr'><strong>potuit,</strong></span> <span class='ocrx_word' id='word_1_708' title='bbox 913 5435 1048 5504; x_wconf 88' lang='lat' dir='ltr'><strong>quin</strong></span> <span class='ocrx_word' id='word_1_709' title='bbox 1102 5446 1262 5490; x_wconf 88' lang='lat' dir='ltr'><strong>suum</strong></span> <span class='ocrx_word' id='word_1_710' title='bbox 1305 5429 1476 5484; x_wconf 85' lang='lat' dir='ltr'><strong>ﬁlium</strong></span> <span class='ocrx_word' id='word_1_711' title='bbox 1509 5429 1881 5485; x_wconf 84' lang='lat' dir='ltr'><strong>Andronicum</strong></span> 
     </span>
    </p>
   </div>
   <div class='ocr_carea' id='block_1_98' title="bbox 306 5521 1884 5602">
    <p class='ocr_par' dir='ltr' id='par_1_98' title="bbox 306 5521 1884 5602">
     <span class='ocr_line' id='line_1_98' title="bbox 306 5521 1884 5602; baseline -0.009 -13"><span class='ocrx_word' id='word_1_712' title='bbox 306 5535 584 5602; x_wconf 87' lang='lat' dir='ltr'><strong>despotam</strong></span> <span class='ocrx_word' id='word_1_713' title='bbox 601 5527 776 5586; x_wconf 88' lang='lat' dir='ltr'><strong>oculis</strong></span> <span class='ocrx_word' id='word_1_714' title='bbox 803 5526 1045 5597; x_wconf 81' lang='lat' dir='ltr'><strong>privaret</strong></span> <span class='ocrx_word' id='word_1_715' title='bbox 1061 5533 1116 5580; x_wconf 93' lang='lat' dir='ltr'><strong>et</strong></span> <span class='ocrx_word' id='word_1_716' title='bbox 1140 5521 1404 5587; x_wconf 87' lang='lat' dir='ltr'><strong>turribus,</strong></span> <span class='ocrx_word' id='word_1_717' title='bbox 1432 5537 1554 5591; x_wconf 70' lang='lat' dir='ltr'><strong>qua:</strong></span> <span class='ocrx_word' id='word_1_718' title='bbox 1582 5521 1884 5578; x_wconf 79' lang='lat' dir='ltr'><strong>Ademani-</strong></span> 
     </span>
    </p>
   </div>
   <div class='ocr_carea' id='block_1_99' title="bbox 307 5613 1882 5689">
    <p class='ocr_par' dir='ltr' id='par_1_99' title="bbox 307 5613 1882 5689">
     <span class='ocr_line' id='line_1_99' title="bbox 307 5613 1882 5689; baseline -0.007 -10"><span class='ocrx_word' id='word_1_719' title='bbox 307 5626 399 5680; x_wconf 82' lang='lat' dir='ltr'><strong>des</strong></span> <span class='ocrx_word' id='word_1_720' title='bbox 457 5624 735 5686; x_wconf 87' lang='lat' dir='ltr'><strong>dicuntur,</strong></span> <span class='ocrx_word' id='word_1_721' title='bbox 783 5619 937 5689; x_wconf 69' lang='lat' dir='ltr'><strong>juxta</strong></span> <span class='ocrx_word' id='word_1_722' title='bbox 977 5615 1306 5672; x_wconf 86' lang='lat' dir='ltr'><strong>Btachernas</strong></span> <span class='ocrx_word' id='word_1_723' title='bbox 1371 5614 1520 5680; x_wconf 88' lang='lat' dir='ltr'><strong>sitis,</strong></span> <span class='ocrx_word' id='word_1_724' title='bbox 1558 5613 1882 5669; x_wconf 88' lang='lat' dir='ltr'><strong>includeret.</strong></span> 
     </span>
    </p>
   </div>
   <div class='ocr_carea' id='block_1_100' title="bbox 308 5705 1883 5781">
    <p class='ocr_par' dir='ltr' id='par_1_100' title="bbox 308 5705 1883 5781">
     <span class='ocr_line' id='line_1_100' title="bbox 308 5705 1883 5781; baseline -0.008 -13"><span class='ocrx_word' id='word_1_725' title='bbox 308 5714 470 5770; x_wconf 78' lang='lat' dir='ltr'><strong>Erant</strong></span> <span class='ocrx_word' id='word_1_726' title='bbox 500 5713 591 5769; x_wconf 89' lang='lat' dir='ltr'><strong>alii</strong></span> <span class='ocrx_word' id='word_1_727' title='bbox 615 5723 876 5781; x_wconf 72' lang='lat' dir='ltr'><strong>praetcrea</strong></span> <span class='ocrx_word' id='word_1_728' title='bbox 921 5707 1156 5776; x_wconf 85' lang='lat' dir='ltr'><strong>decepti,</strong></span> <span class='ocrx_word' id='word_1_729' title='bbox 1191 5705 1483 5762; x_wconf 88' lang='lat' dir='ltr'><strong>illustrium</strong></span> <span class='ocrx_word' id='word_1_730' title='bbox 1513 5720 1581 5760; x_wconf 91' lang='lat' dir='ltr'><strong>ac</strong></span> <span class='ocrx_word' id='word_1_731' title='bbox 1621 5705 1883 5758; x_wconf 79' lang='lat' dir='ltr'><strong>nobilium</strong></span> 
     </span>
    </p>
   </div>
   <div class='ocr_carea' id='block_1_101' title="bbox 308 5797 1884 5871">
    <p class='ocr_par' dir='ltr' id='par_1_101' title="bbox 308 5797 1884 5871">
     <span class='ocr_line' id='line_1_101' title="bbox 308 5797 1884 5871; baseline -0.008 -10"><span class='ocrx_word' id='word_1_732' title='bbox 308 5816 415 5861; x_wconf 87' lang='lat' dir='ltr'><strong>tam</strong></span> <span class='ocrx_word' id='word_1_733' title='bbox 443 5805 880 5861; x_wconf 82' lang='lat' dir='ltr'><strong>Christianorum</strong></span> <span class='ocrx_word' id='word_1_734' title='bbox 905 5817 1066 5871; x_wconf 85' lang='lat' dir='ltr'><strong>quam</strong></span> <span class='ocrx_word' id='word_1_735' title='bbox 1097 5797 1402 5856; x_wconf 87' lang='lat' dir='ltr'><strong>Turcarum</strong></span> <span class='ocrx_word' id='word_1_736' title='bbox 1435 5797 1526 5852; x_wconf 89' lang='lat' dir='ltr'><strong>ﬁlii</strong></span> <span class='ocrx_word' id='word_1_737' title='bbox 1556 5797 1664 5852; x_wconf 86' lang='lat' dir='ltr'><strong>illis</strong></span> <span class='ocrx_word' id='word_1_738' title='bbox 1697 5813 1884 5866; x_wconf 58' lang='lat' dir='ltr'><strong>arqua-</strong></span> 
     </span>
    </p>
   </div>
   <div class='ocr_carea' id='block_1_102' title="bbox 314 5895 1880 5983">
    <p class='ocr_par' dir='ltr' id='par_1_102' title="bbox 314 5895 1880 5983">
     <span class='ocr_line' id='line_1_102' title="bbox 314 5895 1880 5983; baseline -0.004 -24"><span class='ocrx_word' id='word_1_739' title='bbox 314 5903 386 5959; x_wconf 84' lang='lat' dir='ltr'><strong>les</strong></span> <span class='ocrx_word' id='word_1_740' title='bbox 411 5903 502 5973; x_wconf 86' lang='lat' dir='ltr'><strong>qui</strong></span> <span class='ocrx_word' id='word_1_741' title='bbox 558 5910 616 5958; x_wconf 91' lang='lat' dir='ltr'><strong>et</strong></span> <span class='ocrx_word' id='word_1_742' title='bbox 658 5902 763 5974; x_wconf 83' lang='lat' dir='ltr'><strong>ipsi</strong></span> <span class='ocrx_word' id='word_1_743' title='bbox 810 5897 1624 5983; x_wconf 26' lang='lat' dir='ltr'><strong>captiamerteﬂtraditi.sunt.</strong></span> <span class='ocrx_word' id='word_1_744' title='bbox 1680 5895 1880 5952; x_wconf 89' lang='lat' dir='ltr'><strong>Eorum</strong></span> 
     </span>
    </p>
   </div>
   <div class='ocr_carea' id='block_1_103' title="bbox 1975 4690 3560 4762">
    <p class='ocr_par' dir='ltr' id='par_1_103' title="bbox 1975 4690 3560 4762">
     <span class='ocr_line' id='line_1_103' title="bbox 1975 4690 3560 4762; baseline -0.006 -13"><span class='ocrx_word' id='word_1_745' title='bbox 1975 4695 2274 4750; x_wconf 85' lang='lat' dir='ltr'><strong>Turcarum</strong></span> <span class='ocrx_word' id='word_1_746' title='bbox 2341 4707 2565 4762; x_wconf 89' lang='lat' dir='ltr'><strong>regnum</strong></span> <span class='ocrx_word' id='word_1_747' title='bbox 2633 4690 2702 4745; x_wconf 88' lang='lat' dir='ltr'><strong>ad</strong></span> <span class='ocrx_word' id='word_1_748' title='bbox 2765 4705 3039 4745; x_wconf 83' lang='lat' dir='ltr'><strong>summum</strong></span> <span class='ocrx_word' id='word_1_749' title='bbox 3107 4705 3354 4746; x_wconf 87' lang='lat' dir='ltr'><strong>crescere</strong></span> <span class='ocrx_word' id='word_1_750' title='bbox 3407 4692 3560 4747; x_wconf 68' lang='lat' dir='ltr'><strong>fasti.</strong></span> 
     </span>
    </p>
   </div>
   <div class='ocr_carea' id='block_1_104' title="bbox 1974 4781 3560 4860">
    <p class='ocr_par' dir='ltr' id='par_1_104' title="bbox 1974 4781 3560 4860">
     <span class='ocr_line' id='line_1_104' title="bbox 1974 4781 3560 4860; baseline -0.004 -15"><span class='ocrx_word' id='word_1_751' title='bbox 1974 4791 2119 4860; x_wconf 77' lang='lat' dir='ltr'><strong>gima</strong></span> <span class='ocrx_word' id='word_1_752' title='bbox 2177 4786 2650 4849; x_wconf 81' lang='lat' dir='ltr'><strong>animadverteret,</strong></span> <span class='ocrx_word' id='word_1_753' title='bbox 2706 4781 3032 4850; x_wconf 84' lang='lat' dir='ltr'><strong>comparatis</strong></span> <span class='ocrx_word' id='word_1_754' title='bbox 3137 4783 3344 4853; x_wconf 82' lang='lat' dir='ltr'><strong>aliquot</strong></span> <span class='ocrx_word' id='word_1_755' title='bbox 3400 4787 3560 4840; x_wconf 63' lang='lat' dir='ltr'><strong>trire.</strong></span> 
     </span>
    </p>
   </div>
   <div class='ocr_carea' id='block_1_105' title="bbox 1977 4876 3560 4948">
    <p class='ocr_par' dir='ltr' id='par_1_105' title="bbox 1977 4876 3560 4948">
     <span class='ocr_line' id='line_1_105' title="bbox 1977 4876 3560 4948; baseline -0.006 -10"><span class='ocrx_word' id='word_1_756' title='bbox 1977 4883 2180 4948; x_wconf 88' lang='lat' dir='ltr'><strong>mibus,</strong></span> <span class='ocrx_word' id='word_1_757' title='bbox 2213 4881 2265 4934; x_wconf 88' lang='lat' dir='ltr'><strong>in</strong></span> <span class='ocrx_word' id='word_1_758' title='bbox 2299 4879 2508 4934; x_wconf 90' lang='lat' dir='ltr'><strong>Italiam</strong></span> <span class='ocrx_word' id='word_1_759' title='bbox 2550 4878 2664 4932; x_wconf 78' lang='lat' dir='ltr'><strong>vela</strong></span> <span class='ocrx_word' id='word_1_760' title='bbox 2692 4877 2836 4940; x_wconf 80' lang='lat' dir='ltr'><strong>iecit,</strong></span> <span class='ocrx_word' id='word_1_761' title='bbox 2868 4877 2936 4931; x_wconf 87' lang='lat' dir='ltr'><strong>ab</strong></span> <span class='ocrx_word' id='word_1_762' title='bbox 2968 4877 3086 4943; x_wconf 77' lang='lat' dir='ltr'><strong>ejus</strong></span> <span class='ocrx_word' id='word_1_763' title='bbox 3109 4883 3270 4929; x_wconf 73' lang='lat' dir='ltr'><strong>terrae</strong></span> <span class='ocrx_word' id='word_1_764' title='bbox 3300 4876 3560 4945; x_wconf 84' lang='lat' dir='ltr'><strong>principi-</strong></span> 
     </span>
    </p>
   </div>
   <div class='ocr_carea' id='block_1_106' title="bbox 1979 4969 3559 5037">
    <p class='ocr_par' dir='ltr' id='par_1_106' title="bbox 1979 4969 3559 5037">
     <span class='ocr_line' id='line_1_106' title="bbox 1979 4969 3559 5037; baseline -0.006 -5"><span class='ocrx_word' id='word_1_765' title='bbox 1979 4978 2099 5037; x_wconf 81' lang='lat' dir='ltr'><strong>bus.</strong></span> <span class='ocrx_word' id='word_1_766' title='bbox 2118 4989 2189 5030; x_wconf 89' lang='lat' dir='ltr'><strong>ne</strong></span> <span class='ocrx_word' id='word_1_767' title='bbox 2223 4971 2590 5028; x_wconf 71' lang='lat' dir='ltr'><strong>Ronianorum</strong></span> <span class='ocrx_word' id='word_1_768' title='bbox 2625 4969 2912 5037; x_wconf 83' lang='lat' dir='ltr'><strong>imperium</strong></span> <span class='ocrx_word' id='word_1_769' title='bbox 2942 4980 3167 5035; x_wconf 84' lang='lat' dir='ltr'><strong>prorsus</strong></span> <span class='ocrx_word' id='word_1_770' title='bbox 3196 4975 3559 5032; x_wconf 77' lang='lat' dir='ltr'><strong>everteretur,</strong></span> 
     </span>
    </p>
   </div>
   <div class='ocr_carea' id='block_1_107' title="bbox 1979 5057 3595 5140">
    <p class='ocr_par' dir='ltr' id='par_1_107' title="bbox 1979 5057 3595 5140">
     <span class='ocr_line' id='line_1_107' title="bbox 1979 5057 3595 5140; baseline -0.006 -19"><span class='ocrx_word' id='word_1_771' title='bbox 1979 5069 2248 5137; x_wconf 87' lang='lat' dir='ltr'><strong>petiturus</strong></span> <span class='ocrx_word' id='word_1_772' title='bbox 2290 5063 2510 5119; x_wconf 73' lang='lat' dir='ltr'><strong>auxilia.</strong></span> <span class='ocrx_word' id='word_1_773' title='bbox 2559 5059 2840 5117; x_wconf 85' lang='lat' dir='ltr'><strong>Commisit</strong></span> <span class='ocrx_word' id='word_1_774' title='bbox 2901 5072 3110 5126; x_wconf 86' lang='lat' dir='ltr'><strong>rursus,</strong></span> <span class='ocrx_word' id='word_1_775' title='bbox 3161 5057 3288 5112; x_wconf 92' lang='lat' dir='ltr'><strong>dum</strong></span> <span class='ocrx_word' id='word_1_776' title='bbox 3336 5058 3595 5140; x_wconf 34' lang='lat' dir='ltr'><strong>rediret,&#39;</strong></span> 
     </span>
    </p>
   </div>
   <div class='ocr_carea' id='block_1_108' title="bbox 1982 5141 3599 5222">
    <p class='ocr_par' dir='ltr' id='par_1_108' title="bbox 1982 5141 3599 5222">
     <span class='ocr_line' id='line_1_108' title="bbox 1982 5141 3599 5222; baseline -0.007 -8"><span class='ocrx_word' id='word_1_777' title='bbox 1982 5159 2296 5214; x_wconf 78' lang='lat' dir='ltr'><strong>Andronico</strong></span> <span class='ocrx_word' id='word_1_778' title='bbox 2329 5157 2567 5222; x_wconf 69' lang='lat' dir='ltr'><strong>despota:</strong></span> <span class='ocrx_word' id='word_1_779' title='bbox 2587 5151 2737 5207; x_wconf 87' lang='lat' dir='ltr'><strong>urbis</strong></span> <span class='ocrx_word' id='word_1_780' title='bbox 2757 5158 2812 5205; x_wconf 91' lang='lat' dir='ltr'><strong>et</strong></span> <span class='ocrx_word' id='word_1_781' title='bbox 2859 5149 3066 5219; x_wconf 88' lang='lat' dir='ltr'><strong>imperii</strong></span> <span class='ocrx_word' id='word_1_782' title='bbox 3103 5149 3562 5218; x_wconf 83' lang='lat' dir='ltr'><strong>procurationem.</strong></span> <span class='ocrx_word' id='word_1_783' title='bbox 3590 5141 3599 5193; x_wconf 56' lang='grc' dir='ltr'>θ</span> 
     </span>
    </p>
   </div>
   <div class='ocr_carea' id='block_1_109' title="bbox 1984 5241 3562 5314">
    <p class='ocr_par' dir='ltr' id='par_1_109' title="bbox 1984 5241 3562 5314">
     <span class='ocr_line' id='line_1_109' title="bbox 1984 5241 3562 5314; baseline -0.005 -6"><span class='ocrx_word' id='word_1_784' title='bbox 1984 5254 2042 5308; x_wconf 81' lang='lat' dir='ltr'><strong>In</strong></span> <span class='ocrx_word' id='word_1_785' title='bbox 2088 5253 2296 5307; x_wconf 89' lang='lat' dir='ltr'><strong>Italiam</strong></span> <span class='ocrx_word' id='word_1_786' title='bbox 2343 5248 2576 5312; x_wconf 81' lang='lat' dir='ltr'><strong>delatus,</strong></span> <span class='ocrx_word' id='word_1_787' title='bbox 2634 5245 2862 5314; x_wconf 87' lang='lat' dir='ltr'><strong>primum</strong></span> <span class='ocrx_word' id='word_1_788' title='bbox 2897 5242 3221 5296; x_wconf 84' lang='lat' dir='ltr'><strong>Venetorum</strong></span> <span class='ocrx_word' id='word_1_789' title='bbox 3278 5241 3562 5300; x_wconf 81' lang='lat' dir='ltr'><strong>ﬂorentem</strong></span> 
     </span>
    </p>
   </div>
   <div class='ocr_carea' id='block_1_110' title="bbox 1985 5335 3562 5407">
    <p class='ocr_par' dir='ltr' id='par_1_110' title="bbox 1985 5335 3562 5407">
     <span class='ocr_line' id='line_1_110' title="bbox 1985 5335 3562 5407; baseline -0.006 -5"><span class='ocrx_word' id='word_1_790' title='bbox 1985 5346 2176 5402; x_wconf 82' lang='lat' dir='ltr'><strong>urbem</strong></span> <span class='ocrx_word' id='word_1_791' title='bbox 2221 5343 2374 5407; x_wconf 90' lang='lat' dir='ltr'><strong>adiit,</strong></span> <span class='ocrx_word' id='word_1_792' title='bbox 2402 5350 2458 5396; x_wconf 91' lang='lat' dir='ltr'><strong>et</strong></span> <span class='ocrx_word' id='word_1_793' title='bbox 2511 5337 2811 5394; x_wconf 85' lang='lat' dir='ltr'><strong>honoriﬁce</strong></span> <span class='ocrx_word' id='word_1_794' title='bbox 2862 5335 3082 5405; x_wconf 86' lang='lat' dir='ltr'><strong>quidem</strong></span> <span class='ocrx_word' id='word_1_795' title='bbox 3136 5351 3165 5388; x_wconf 90' lang='lat' dir='ltr'><strong>a</strong></span> <span class='ocrx_word' id='word_1_796' title='bbox 3201 5344 3315 5389; x_wconf 91' lang='lat' dir='ltr'><strong>toto</strong></span> <span class='ocrx_word' id='word_1_797' title='bbox 3369 5349 3562 5392; x_wconf 87' lang='lat' dir='ltr'><strong>senatu</strong></span> 
     </span>
    </p>
   </div>
   <div class='ocr_carea' id='block_1_111' title="bbox 1984 5425 3567 5509">
    <p class='ocr_par' dir='ltr' id='par_1_111' title="bbox 1984 5425 3567 5509">
     <span class='ocr_line' id='line_1_111' title="bbox 1984 5425 3567 5509; baseline -0.008 -15"><span class='ocrx_word' id='word_1_798' title='bbox 1984 5447 2249 5509; x_wconf 77' lang='lat' dir='ltr'><strong>exceptus</strong></span> <span class='ocrx_word' id='word_1_799' title='bbox 2279 5444 2384 5498; x_wconf 87' lang='lat' dir='ltr'><strong>est,</strong></span> <span class='ocrx_word' id='word_1_800' title='bbox 2444 5432 2542 5486; x_wconf 88' lang='lat' dir='ltr'><strong>sed</strong></span> <span class='ocrx_word' id='word_1_801' title='bbox 2584 5431 2652 5485; x_wconf 88' lang='lat' dir='ltr'><strong>de</strong></span> <span class='ocrx_word' id='word_1_802' title='bbox 2702 5426 2961 5483; x_wconf 88' lang='lat' dir='ltr'><strong>subsidiis</strong></span> <span class='ocrx_word' id='word_1_803' title='bbox 2993 5425 3191 5481; x_wconf 83' lang='lat' dir='ltr'><strong>frustra</strong></span> <span class='ocrx_word' id='word_1_804' title='bbox 3218 5427 3379 5481; x_wconf 81' lang='lat' dir='ltr'><strong>verba</strong></span> <span class='ocrx_word' id='word_1_805' title='bbox 3437 5429 3567 5484; x_wconf 77' lang='lat' dir='ltr'><strong>fecit</strong></span> 
     </span>
    </p>
   </div>
   <div class='ocr_carea' id='block_1_112' title="bbox 1983 5514 3568 5596">
    <p class='ocr_par' dir='ltr' id='par_1_112' title="bbox 1983 5514 3568 5596">
     <span class='ocr_line' id='line_1_112' title="bbox 1983 5514 3568 5596; baseline -0.008 -13"><span class='ocrx_word' id='word_1_806' title='bbox 1983 5537 2042 5583; x_wconf 87' lang='lat' dir='ltr'><strong>et</strong></span> <span class='ocrx_word' id='word_1_807' title='bbox 2065 5529 2224 5596; x_wconf 87' lang='lat' dir='ltr'><strong>plane</strong></span> <span class='ocrx_word' id='word_1_808' title='bbox 2255 5538 2360 5577; x_wconf 89' lang='lat' dir='ltr'><strong>non</strong></span> <span class='ocrx_word' id='word_1_809' title='bbox 2387 5519 2728 5576; x_wconf 86' lang='lat' dir='ltr'><strong>audiebatur.</strong></span> <span class='ocrx_word' id='word_1_810' title='bbox 2767 5514 2896 5571; x_wconf 86' lang='lat' dir='ltr'><strong>Inde</strong></span> <span class='ocrx_word' id='word_1_811' title='bbox 2919 5515 2985 5570; x_wconf 91' lang='lat' dir='ltr'><strong>ad</strong></span> <span class='ocrx_word' id='word_1_812' title='bbox 3025 5514 3302 5578; x_wconf 85' lang='lat' dir='ltr'><strong>Carolum,</strong></span> <span class='ocrx_word' id='word_1_813' title='bbox 3326 5516 3568 5572; x_wconf 83' lang='lat' dir='ltr'><strong>Franco-</strong></span> 
     </span>
    </p>
   </div>
   <div class='ocr_carea' id='block_1_113' title="bbox 1986 5608 3562 5687">
    <p class='ocr_par' dir='ltr' id='par_1_113' title="bbox 1986 5608 3562 5687">
     <span class='ocr_line' id='line_1_113' title="bbox 1986 5608 3562 5687; baseline -0.008 -12"><span class='ocrx_word' id='word_1_814' title='bbox 1986 5635 2119 5676; x_wconf 79' lang='lat' dir='ltr'><strong>rum</strong></span> <span class='ocrx_word' id='word_1_815' title='bbox 2165 5631 2370 5687; x_wconf 80' lang='lat' dir='ltr'><strong>regem,</strong></span> <span class='ocrx_word' id='word_1_816' title='bbox 2429 5612 2725 5682; x_wconf 76' lang='lat' dir='ltr'><strong>prolectus,</strong></span> <span class='ocrx_word' id='word_1_817' title='bbox 2765 5625 2833 5666; x_wconf 92' lang='lat' dir='ltr'><strong>ne</strong></span> <span class='ocrx_word' id='word_1_818' title='bbox 2875 5608 2948 5665; x_wconf 88' lang='lat' dir='ltr'><strong>ibi</strong></span> <span class='ocrx_word' id='word_1_819' title='bbox 2988 5609 3204 5676; x_wconf 86' lang='lat' dir='ltr'><strong>quidem</strong></span> <span class='ocrx_word' id='word_1_820' title='bbox 3261 5609 3562 5677; x_wconf 77' lang='lat' dir='ltr'><strong>quidquam</strong></span> 
     </span>
    </p>
   </div>
   <div class='ocr_carea' id='block_1_114' title="bbox 1987 5697 3569 5773">
    <p class='ocr_par' dir='ltr' id='par_1_114' title="bbox 1987 5697 3569 5773">
     <span class='ocr_line' id='line_1_114' title="bbox 1987 5697 3569 5773; baseline -0.008 -8"><span class='ocrx_word' id='word_1_821' title='bbox 1987 5707 2245 5772; x_wconf 87' lang='lat' dir='ltr'><strong>obtinuit,</strong></span> <span class='ocrx_word' id='word_1_822' title='bbox 2277 5705 2534 5773; x_wconf 85' lang='lat' dir='ltr'><strong>quoniam</strong></span> <span class='ocrx_word' id='word_1_823' title='bbox 2589 5700 2863 5771; x_wconf 85' lang='lat' dir='ltr'><strong>principes</strong></span> <span class='ocrx_word' id='word_1_824' title='bbox 2946 5697 3092 5754; x_wconf 88' lang='lat' dir='ltr'><strong>inter</strong></span> <span class='ocrx_word' id='word_1_825' title='bbox 3137 5714 3198 5752; x_wconf 88' lang='lat' dir='ltr'><strong>se</strong></span> <span class='ocrx_word' id='word_1_826' title='bbox 3235 5699 3569 5752; x_wconf 65' lang='lat' dir='ltr'><strong>(“aSltlebalﬂ</strong></span> 
     </span>
    </p>
   </div>
   <div class='ocr_carea' id='block_1_115' title="bbox 1988 5776 3571 5864">
    <p class='ocr_par' dir='ltr' id='par_1_115' title="bbox 1988 5776 3571 5864">
     <span class='ocr_line' id='line_1_115' title="bbox 1988 5776 3571 5864; baseline -0.009 -6"><span class='ocrx_word' id='word_1_827' title='bbox 1988 5818 2054 5858; x_wconf 90' lang='lat' dir='ltr'><strong>ac</strong></span> <span class='ocrx_word' id='word_1_828' title='bbox 2096 5798 2421 5856; x_wconf 82' lang='lat' dir='ltr'><strong>factionibus</strong></span> <span class='ocrx_word' id='word_1_829' title='bbox 2477 5776 2744 5864; x_wconf 71' lang='lat' dir='ltr'><strong>bellisque</strong></span> <span class='ocrx_word' id='word_1_830' title='bbox 2765 5802 2922 5848; x_wconf 82' lang='lat' dir='ltr'><strong>erant</strong></span> <span class='ocrx_word' id='word_1_831' title='bbox 2951 5788 3215 5846; x_wconf 86' lang='lat' dir='ltr'><strong>distracti.</strong></span> <span class='ocrx_word' id='word_1_832' title='bbox 3278 5789 3458 5857; x_wconf 86' lang='lat' dir='ltr'><strong>Itaque</strong></span> <span class='ocrx_word' id='word_1_833' title='bbox 3489 5790 3571 5844; x_wconf 85' lang='lat' dir='ltr'><strong>ni—</strong></span> 
     </span>
    </p>
   </div>
   <div class='ocr_carea' id='block_1_116' title="bbox 1991 5881 3586 5962">
    <p class='ocr_par' dir='ltr' id='par_1_116' title="bbox 1991 5881 3586 5962">
     <span class='ocr_line' id='line_1_116' title="bbox 1991 5881 3586 5962; baseline -0.008 -11"><span class='ocrx_word' id='word_1_834' title='bbox 1991 5896 2066 5952; x_wconf 83' lang='lat' dir='ltr'><strong>hil</strong></span> <span class='ocrx_word' id='word_1_835' title='bbox 2092 5893 2263 5962; x_wconf 85' lang='lat' dir='ltr'><strong>aliud,</strong></span> <span class='ocrx_word' id='word_1_836' title='bbox 2294 5903 2454 5961; x_wconf 87' lang='lat' dir='ltr'><strong>quam</strong></span> <span class='ocrx_word' id='word_1_837' title='bbox 2486 5887 2680 5959; x_wconf 89' lang='lat' dir='ltr'><strong>grandi</strong></span> <span class='ocrx_word' id='word_1_838' title='bbox 2717 5883 2946 5957; x_wconf 83' lang='lat' dir='ltr'><strong>pecunia</strong></span> <span class='ocrx_word' id='word_1_839' title='bbox 2995 5881 3258 5938; x_wconf 81' lang='lat' dir='ltr'><strong>inutiliter</strong></span> <span class='ocrx_word' id='word_1_840' title='bbox 3284 5881 3586 5960; x_wconf 59' lang='lat' dir='ltr'><strong>absumpta</strong></span> 
     </span>
    </p>
   </div>
  </div>
