3990 6556
348 403 453 467 673
759 414 767 423 '
1433 399 1873 461 (ΖΠΠΟΝῙΟΟΝ
1921 399 2190 464 MAJUS.
2231 428 2296 438 ·-
2339 401 2466 463 LIB
2535 405 2582 464 Ι.
3173 401 3178 406 ’
3497 415 3609 480 δτι

345 524 414 592 τῇ
445 520 658 591 Θρᾴκῃ,
695 519 839 572 κατά
863 516 926 572 τὸ
955 517 1281 587 φαινόμενον
1317 515 1416 584 μὲν
1464 518 1550 570 ἵνα
1578 517 1923 588 τὸνβασιλέα
1953 521 2001 582 Α
2030 516 2195 588 μέρος
2232 520 2296 572 ὲκ
2329 518 2432 590 τῆς
2464 520 2806 584 Μακεδονίας
2847 521 2940 576 καῖ
2969 522 3314 594 Βουλγαρίας
3348 528 3441 581 καὶ
3475 530 3608 600 Σερ-

345 611 616 684 βοηθήσῃ,
643 610 1155 682 ὑποκεκρυμμένως
1189 610 1242 661 δὲ
1285 609 1390 673 ἵνα,
1443 609 1538 662 ἐὰν
1586 609 1679 662 τον
1729 610 1924 679 καιρίαν
2026 610 2175 676 ϐίας,
2204 611 2357 674 τέλος
2393 614 2617 667 πάντων
2648 615 2703 668 δὲ
2749 615 2976 686 ἀγάπην
3019 617 3158 685 μετά
3194 616 3292 670 τοῦ
3344 620 3611 690 βασιλέως

340 706 481 779 εὕρῃ
511 705 818 774 ἐπιτήδειον
842 704 942 759 καὶ
965 703 1114 772 αὐτῷ
1143 701 1468 773 ἀρέσκοντα,
1503 702 1531 755 δ
1555 703 1650 757 καὶ
1680 703 1922 772 ἐγένετο,

337 799 544 862 τόπους
595 799 690 851 καὶ
721 796 908 866 χώρας
943 795 1124 864 ἑαυτῷ
1163 797 1591 865 περιποιήσηται
1627 795 1686 846 ὲν
1716 797 1781 864 τῇ
1818 795 1923 848 Εὐ-

345 889 507 962 ρώπῃ
535 890 630 944 κεν.)⁸
671 888 772 957 τὴν
803 889 980 959 ἀρχὴν
1025 887 1194 941 αὑτοῦ
1237 887 1475 959 αὐξήσῃ.
1525 887 1584 940 '0
1612 886 1669 939 δὲ
1706 889 1924 941 Καντα-

339 981 606 1049 κουζηνδς
643 979 782 1050 μετὰ
808 979 917 1031 τῶν
953 978 1172 1048 Σέρϐων
1199 982 1294 1034 καὶ
1323 979 1434 1031 τῶν
1469 978 1800 1047 Βουλγάρων
1838 978 1922 1031 ὲλ-

338 1071 451 1125 θῶν
480 1071 626 1123 κατὰ
656 1068 754 1123 τοῦ
790 1069 1183 1138 Παλαιολόγον,
1213 1070 1306 1122 καὶ
1327 1070 1486 1134 εἰδὼς
1518 1070 1610 1123 τὸν
1642 1069 1753 1142 46
1774 1071 1918 1141 ἀμη-

336 1165 446 1235 ρᾶν
477 1163 560 1217 ὄτι
605 1160 808 1225 διπλῶς
853 1160 1109 1226 διέκειτο,
1146 1163 1243 1215 καὶ
1272 1161 1428 1215 οὐδὲν
1459 1161 1814 1233 κατορθώσας
1848 1162 1918 1214 τά

335 1256 520 1310 πάντα
552 1253 872 1308 καταλιπὼν
919 1253 1155 1323 μοναχδς
1195 1253 1414 1322 ἐγένετο
1448 1255 1546 1308 καὶ
1575 1254 1696 1308 ἀντὶ
1736 1256 1917 1309 Ἰωάν-

333 1366 429 1401 νου
461 1347 699 1414 ’Ῑωάσαφ
721 1344 1040 1414 ὠνομάσθη,
1061 1346 1348 1415 κρατήσας
1371 1348 1472 1418 τὴν
1490 1347 1790 1415 βασιλείαν,
1813 1348 1917 1411 ἕως

331 1440 396 1494 οὗ
433 1443 526 1494 καὶ
564 1437 778 1506 ὲξὼσθη
821 1438 926 1490 ὑπὸ
970 1438 1063 1492 τοῦ
1093 1437 1346 1510 γαμϐροῦ
1377 1439 1654 1508 πολεμῶν,
1708 1440 1801 1510 ἔτη
1855 1440 1917 1506 ἒξ

331 1536 428 1585 καὶ
461 1532 638 1601 μῆνας
664 1530 824 1584 ἑπτά.
868 1530 928 1583 '0
967 1529 1024 1583 δὲ
1083 1528 1430 1600 Ἀμουράτης
1466 1529 1558 1584 τὸν
1599 1530 1793 1600 καιρδν
1823 1531 1916 1584 εύ-

333 1623 448 1697 ρὼν
471 1624 800 1696 ἐπιτήδειον,
832 1623 926 1677 καὶ
951 1625 1009 1677 ἑν
1031 1627 1096 1694 τῇ
1123 1623 1318 1696 Θρᾴκῃ
1347 1623 1741 1695 εὑρισκόμενος
1771 1625 1914 1678 ἕτοι-

333 1736 436 1787 μσς
464 1717 561 1771 καὶ
615 1716 1140 1786 παρεσκευασμένος
1187 1717 1329 1786 μετὰ
1365 1716 1628 1771 τοσούτου
1676 1717 1911 1788 στρατοῦ

327 1808 534 1871 καλῶς,
591 1808 687 1861 καὶ
716 1808 785 1861 τὰ
841 1806 951 1860 τῶν
991 1807 1285 1878 Ῥωμαίων
1338 1809 1557 1879 βλέπων
1606 1811 1689 1873 είς
1741 1812 1913 1882 ἄκρον

2023 701 2128 764 ἕως
2169 703 2358 768 τέλους
2383 705 2482 775 τῆς
2512 704 2659 774 ζωῆς
2689 705 2870 760 αὐτῶν
2900 708 3233 775 ποιήσαντες
3268 709 3364 762 καὶ
3411 711 3608 781 ὅρκους

2021 793 2130 866 47
2162 797 2437 866 ἀναμέσον
2488 797 2691 861 αὐτῶν,
2751 798 2838 852 ἵνα
2889 799 2988 861 τὰς
3037 799 3314 870 συνθήκας
3370 803 3461 855 καὶ
3511 805 3609 874 τὴν

2022 887 2248 956 ἀγάπην
2280 888 2562 958 φυλάξωσι
2614 891 2708 944 καὶ
2742 884 2822 955 εἷς
2874 890 3016 963 ὑπὲρ
3064 891 3160 945 τοῦ
3197 893 3390 963 ἐτέρου
3451 895 3608 949 ἔσται

2022 978 2243 1050 βοηθός.
2385 1001 2388 1003 λ

2091 1071 2260 1136 Οὗτος
2308 1073 2368 1126 δὲ
2407 1076 2435 1126 6
2485 1073 2739 1144 βασιλεὺς
2785 1074 3038 1147 Ἰωάννης
3092 1076 3215 1148 ἔσχε
3259 1079 3447 1132 τούσδε
3480 1081 3608 1142 τοὺς

2020 1165 2191 1231 υίοὺς,
2233 1167 2574 1238 Ἀνδρόνικον
2607 1171 2696 1221 τὸν
2723 1169 3014 1240 δεσπότην,
3043 1171 3297 1234 Μανουὴλ
3323 1173 3414 1225 τὸν
3446 1174 3607 1241 βασι-

2017 1257 2138 1323 λέα,
2166 1259 2446 1330 Θεόδωρον
2475 1261 2567 1314 τὸν
2595 1263 3108 1334 πορφυρογέννητον
3135 1265 3232 1318 καὶ
3263 1265 3486 1335 Μιχαὴλ
3511 1265 3603 1318 τὸν

2015 1351 2319 1422 δεσπότην
2373 1352 2434 1413 ὃς
2486 1353 2566 1424 τῷ
2625 1354 2725 1424 μὲν
2771 1362 3110 1425 πρωτογενεῖ
3154 1359 3480 1430 Ἀνδρονίκῳ
3528 1361 3604 1418 ὡς

2014 1441 2248 1512 διαδόχῳ
2277 1443 2377 1514 τῆς
2414 1442 2696 1513 βασιλείας
2729 1449 2788 1499 ἐν
2813 1451 2878 1518 τῇ
2909 1446 3060 1500 πόλει
3086 1452 3400 1517 προστάξας
3432 1446 3597 1518 εἶναι,

2013 1534 2107 1590 τὸν
2137 1536 2193 1588 δὲ
2219 1534 2450 1604 βασιλέα
2484 1536 2589 1608 κὺρ
2621 1536 2843 1609 Μιχαὴλ
2871 1539 2967 1592 τοῦ
3007 1541 3232 1593 διοικεῖν
3265 1544 3360 1596 καὶ
3393 1543 3600 1614 κυϐερ-

2014 1627 2112 1698 νᾷν
2143 1628 2240 1698 τὴν
2275 1627 2703 1698 Θεσσαλονίκην,
2747 1629 2836 1682 τὸν
2881 1629 2936 1682 δὲ
2988 1631 3266 1702 Θεόδωρον
3312 1633 3404 1687 τὸν
3461 1652 3599 1706 πορ-

2013 1720 2417 1790 φυρογέννητον
2447 1720 2587 1787 μετά
2617 1720 2679 1774 τὸ
2713 1720 3009 1776 ἀποθανεῖν
3040 1723 3128 1776 τὸν
3151 1725 3244 1777 τοῦ
3283 1727 3602 1779 Καντακυυ-

2016 1811 2178 1880 ζηνοῦ
2215 1810 2329 1864 υἱὸν
2389 1813 2447 1864 ὲν
2501 1813 2570 1882 τῇ
2645 1812 2874 1884 Σπάρτῃ
2931 1812 3126 1884 κύριον
3180 1818 3274 1870 καὶ
3329 1819 3598 1890 αὐθέντην

325 1901 780 1970 τεταπεινωμένα
814 1900 904 1955 διὰ
949 1901 1074 1964 τοὺς
1137 1899 1436 1970 ἐμφυλίους
1487 1902 1761 1971 πολέμους
1815 1903 1909 1956 καὶ
1943 1892 1984 1950 Β
2015 1902 2360 1956 ἀπέστειλεν.
2406 1904 2608 1957 Ἐλθὼν
2662 1905 2719 1959 δὲ
2763 1909 2821 1960 ἑν
2853 1911 2919 1978 τῇ
2965 1908 3330 1982 Θεσσαλονίκῃ
3377 1915 3405 1964 6
3450 1911 3600 1982 βασι-

326 1993 647 2064 συγχύσεις,
685 1993 778 2045 καὶ
802 1993 903 2045 οὐκ
937 1986 1081 2063 είχον
1107 1992 1430 2063 ἀντιστῆναι
1458 1995 1577 2056 ταῖς
1609 1995 1906 2064 δυνάμεσιν

324 2085 517 2139 αὐτοῦ.
558 2085 690 2138 Τότε
718 2085 782 2155 δὴ
813 2085 1027 2156 πρῶτον
1064 2088 1124 2138 ὲν
1150 2089 1216 2157 τῇ
1253 2086 1493 2159 Εὐρώπῃ
1524 2085 1586 2139 τό
1606 2086 1715 2140 τῶν
1752 2086 1906 2140 Ὁτθ-

326 2178 600 2249 μανλίδων
633 2178 790 2247 γένος
817 2179 1104 2243 αύθένταις
1131 2182 1290 2250 χεῖρα
1343 2181 1404 2232 ὲν
1448 2182 1514 2252 τῇ
1552 2180 1740 2251 θρᾴκῃ
1773 2179 1902 2234 ἔδα-

321 2273 438 2338 λον,
463 2273 560 2343 ,καὶ
579 2272 677 2342 την
700 2271 1102 2326 Καλλιούπολιν
1126 2270 1287 2324 ἔλασε
1310 2272 1408 2325 καὶ
1423 2271 1509 2324 ἑτέ
1518 2288 1644 2341 ρους
1669 2273 1769 2325 οὐκ
1793 2271 1903 2325 6).!-

318 2385 454 2436 γους
468 2372 666 2428 τόπους
686 2369 783 2422 καὶ
801 2367 983 2438 χώρας
999 2367 1093 2420 καὶ
1114 2363 1251 2437 φρού
1261 2381 1348 2436 ρια
1366 2363 1430 2419 ἐκ
1447 2382 1505 2417 τε
1524 2365 1625 2434 τῆς
1645 2365 1904 2418 τῶνῬω-

324 2465 504 2534 μαίων
534 2463 707 2535 ἀρχῆς
746 2461 842 2517 καὶ
871 2463 935 2514 ὲκ
960 2459 1070 2513 τῶν
1092 2457 1296 2528 ἐτέρων
1329 2457 1609 2510 αὐθεντῶν
1639 2458 1902 2528 Χριστια-

319 2558 460 2622 νῶν,
496 2556 684 2619 καθὼς
709 2555 767 2608 ὲν
795 2553 964 2624 ὀλίγῳ
997 2553 1057 2605 ὲν
1093 2553 1161 2622 τῇ
1195 2550 1295 2620 τῆς
1332 2548 1479 2619 ζωῆς
1509 2549 1672 2602 αὑτοῦ
1709 2549 1901 2620 διηγή·

318 2667 409 2703 σει
431 2649 756 2721 ῥηθήσεται.
789 2643 974 2701 Ἦσαν
1009 2629 1118 2717 γὰρ
1153 2643 1522 2714 περάπαντεςν
1546 2641 1621 2704 ὡς
1650 2641 1895 2713 προέφηο

323 2759 451 2812 μεν,
472 2741 568 2795 καὶ
599 2741 656 2794 ἐν
681 2740 890 2810 ἑτέροις
919 2739 1132 2808 καιροῖς
1152 2736 1201 2790 oi
1228 2735 1465 2806 Τοῦρκοι
1490 2735 1547 2787 ἐν
1567 2736 1632 2804 τῇ
1659 2733 1898 2806 Εὐρώπη

321 2836 406 2899 εἰς
439 2834 538 2906 τὴν
567 2834 909 2906 Χερρόνησον
942 2831 1043 2900 τῆς
1069 2830 1315 2902 Θρᾴκης,
1355 2825 1473 2882 ἀλλ’
1498 2827 1598 2882 οὐκ
1634 2827 1896 2898 ἐδυνήθη-

319 2945 424 2980 σαν
462 2927 653 2997 στῆναι
695 2923 817 2979 οὔτε
871 2923 1160 2996 κυριεῦσαι
1203 2921 1498 2984 τοσούτους
1551 2921 1754 2983 τόπους
1803 2919 1897 2974 καὶ

318 3020 561 3091 φρούρια
591 3020 685 3073 καὶ
725 3019 910 3080 πόλεις
943 3017 1018 3080 ὡς
1049 3019 1120 3072 τὰ
1163 3016 1281 3082 νῦν,
1329 3015 1465 3069 διότι
1493 3013 1753 3076 πολλάκις
1796 3013 1896 3083 μὲν

313 3113 474 3183 νόμῳ
523 3110 765 3183 πολέμου
817 3109 1200 3181 ἐδιώχθησαν,
1259 3107 1520 3171 πολλάκις
1577 3108 1652 3168 ὠς
1696 3104 1895 3179 λῃσταὶ

317 3205 661 3276 περάσαντες
691 3202 854 3257 πάλιν
881 3201 1109 3271 ἔφυγον.
1130 3200 1331 3253 Λοιπὸν
1359 3202 1387 3254 6
1429 3197 1778 3270 ’Λμουράτης
1802 3197 1895 3250 καὶ
1921 3233 1964 3293 c

312 3299 419 3370 τῆς
463 3295 965 3368 Ἀδριανουπόλεως
996 3293 1275 3366 ἐγκρατὴς
1304 3291 1601 3362 γενόμενος
1631 3291 1728 3345 καὶ
1759 3290 1893 3345 πολὺ

312 3477 700 3547 imperatorem
738 3475 1040 3544 adiuvaret,
1083 3486 1298 3537 revera,
1327 3481 1405 3538 ut,
1434 3470 1480 3527 si
1502 3470 1705 3526 faveret
1740 3483 1905 3526 occa-~

308 3572 418 3633 sio,
453 3567 910 3640 quemadmodum
968 3565 1120 3630 favit,
1144 3551 1358 3636 eppidis
1417 3573 1472 3618 et
1501 3563 1808 3632 regionibus
1842 3564 1892 3616 iu

308 3661 530 3730 Europa
581 3658 924 3730 acquirendis
943 3643 1101 3728 regni
1133 3656 1215 3713 sui
1252 3656 1386 3712 lines
1413 3653 1892 3726 prolataret.Cau-

309 3768 608 3811 tacuzenus
645 3769 767 3809 cum
819 3751 1023 3808 Serviis
1055 3765 1118 3805 ac
1155 3749 1402 3820 Bulgaria
1439 3759 1629 3803 contra
1695 3745 1896 3801 Pala‘o-

309 3846 489 3913 logum
524 3842 819 3910 profectus,
848 3857 970 3897 cum
1009 3854 1210 3894 amera:
1252 3839 1435 3894 dolum
1475 3839 1894 3894 animadvertis-

306 3945 397 3993 set
445 3950 540 3988 nec
579 3933 876 4005 quidquam
909 3931 1200 3994 effecisset,
1232 3931 1464 3984 fortunae
1511 3945 1622 3983 sua:
1657 3929 1890 3996 diﬂisus,

308 4030 638 4080 monachum
697 4023 869 4078 induit
896 4036 962 4087 ac
991 4036 1088 4091 pro
1139 4019 1348 4075 Joanne
1384 4018 1640 4089 Juasaphi
1696 4035 1894 4074 nomen

305 4117 563 4180 adscivit,
615 4129 798 4170 rerum
839 4115 1065 4186 potitus,
1107 4113 1282 4168 donec
1321 4129 1352 4166 a
1389 4127 1589 4184 genero
1620 4112 1760 4167 bello
1801 4113 1896 4168 de-

304 4207 489 4260 victus
519 4214 572 4260 et
597 4220 764 4276 regno
779 4215 978 4261 exutus
1000 4212 1103 4265 est,
1134 4217 1309 4258 annos
1340 4217 1431 4258 sex
1449 4211 1504 4256 et
1534 4215 1746 4255 menses
1772 4215 1897 4270 scp-

309 4311 436 4352 tem.
472 4295 591 4352 Jam
645 4312 768 4351 cum
814 4297 1124 4360 Amurates,
1158 4294 1498 4349 Occasionem
1534 4302 1893 4362 opportunam

311 4401 527 4452 nactus,
544 4397 693 4442 tanto
720 4402 841 4442 cum
859 4387 1099 4441 exercitu
1124 4387 1175 4440 iu
1189 4386 1420 4440 Thracia
1445 4394 1670 4454 paratus
1689 4383 1893 4439 instru-

305 4492 538 4548 ctusque
578 4480 812 4543 adesset,
853 4485 908 4532 et
933 4492 1018 4532 res
1047 4476 1327 4530 Romanas
1353 4483 1574 4544 propter
1606 4475 1796 4531 turbas
1842 4482 1896 4529 et

2009 1995 2133 2059 λεὺς
2166 1996 2273 2064 κὺρ
2303 1997 2562 2068 Μανουὴλ
2593 2001 2686 2051 καὶ
2719 1999 2946 2071 ἀγάπην
2975 2005 3066 2056 καὶ
3096 2003 3282 2072 φιλίαν
3311 2001 3424 2074 εἶχε
3457 2007 3596 2074 μετά

2006 2087 2116 2142 τῶν
2165 2087 2444 2158 ἀρχόντων
2496 2090 2590 2143 καὶ
2627 2091 2860 2161 πρώτων
2912 2094 3011 2164 τῆς
3068 2095 3276 2160 πόλεως
3340 2098 3584 2170 Σερῤῶν,

2007 2181 2204 2253 βουλὴν
2232 2183 2566 2254 ποιήσαντες
2591 2183 2676 2238 ἵνα
2706 2186 2834 2250 τοὺς
2859 2187 3110 2255 φύλακας
3147 2188 3432 2261 Τούρκους
3467 2193 3592 2256 τοὺς

2005 2273 2384 2344 φρουροῦντας
2420 2276 2480 2328 τὸ
2517 2276 2778 2348 φρούριον
2817 2279 3187 2334 ἀποκτείνωσι
3219 2283 3315 2334 καὶ
3349 2282 3409 2335 τὸ
3457 2285 3592 2338 ἄστυ

2002 2367 2079 2435 τῷ
2104 2367 2210 2436 κὺρ
2230 2366 2490 2436 Μανουὴλ
2513 2368 2782 2425 δὼσωσιν.
2808 2369 2957 2439 Αὕτη
2978 2370 3083 2441 δὲή
3113 2372 3274 2442 βουλὴ
3305 2373 3407 2426 οὐκ
3434 2374 3593 2428 ἔλαθε

2001 2459 2096 2512 τὸν
2145 2460 2392 2531 ἀμηρᾶν,
2425 2461 2520 2515 καὶ
2566 2461 2785 2524 στείλας
2815 2462 2906 2514 τὸν
2957 2464 3406 2532 Καραλί-πασιᾶν
3454 2467 3592 2535 μετὰ

2005 2552 2247 2622 στρατοῦ
2298 2553 2540 2623 πλήθους
2575 2552 2778 2607 πολλοῦ
2841 2555 2986 2608 κατά
3039 2559 3137 2626 τῆς
3177 2557 3591 2630 Θεσσαλονίκης

2002 2644 2179 2699 ἐλθεῖν
2202 2647 2301 2699 καὶ
2335 2645 2430 2700 τοῦ
2456 2647 2741 2717 Μανουὴλ,
2773 2649 3153 2729 παρήγγειλεν
3184 2649 3331 2718 αύτῷ
3366 2650 3440 2720 μὴ
3469 2650 3592 2705 6m-

2003 2737 2130 2792 σθεν
2153 2739 2335 2792 ἐλθεῖν
2367 2739 2473 2801 ἕως
2506 2733 2567 2795 οὗ
2593 2741 2692 2811 τῆν
2717 2739 3127 2810 Θεσσαλονίκην
3155 2741 3344 2812 ἀλώσῃ
3380 2757 3475 2798 και
3498 2746 3590 2798 τὶν

2000 2829 2259 2900 Μανουῆλ
2295 2831 2520 2901 δέσμιον
2547 2832 2755 2901 ἀγάγῃ.
2815 2830 3084 2894 Ἀκούσας
3132 2831 3188 2885 δὲ
3230 2833 3388 2885 τοῦτο
3418 2834 3446 2884 6
3479 2835 3589 2904 κὺρ

1998 2922 2276 2994 Μανουὴλ,
2327 2923 2423 2976 καὶ
2457 2921 2684 2992 θεωρῶν
2713 2924 2796 2976 ὅτι
2838 2923 2938 2975 οὐκ
2984 2922 3211 2976 ἐδύνατο
3259 2923 3586 2994 ἀντιστῆναι

1995 3015 2242 3085 τοσούτῳ
2270 3015 2514 3084 στρατῷ,
2551 3017 2632 3079 είς
2661 3015 2865 3070 δειλίαν
2895 3015 2990 3068 καὶ
3021 3015 3184 3083 φόϐον
3211 3015 3461 3080 ἐνέπεσε,
3490 3015 3587 3068 καὶ

2001 3107 2076 3178 μὴ
2102 3108 2242 3177 ἔχων
2274 3126 2328 3162 τι
2374 3108 2564 3180 ἕτερον
2594 3107 2801 3178 πρᾶξαι
2831 3109 2976 3177 φυγῇ
3011 3110 3081 3176 τῇ
3129 3106 3375 3177 σωτηρίᾳ.
3421 3108 3588 3177 ἐχρήσ-

2003 3217 2155 3266 σατο,
2197 3201 2368 3256 θέλων
2407 3201 2584 3255 ἐλθεῖν
2615 3200 2727 3272 ﬁs
2757 3201 2894 3270 πρὸς
2924 3201 3015 3254 τὸν
3059 3201 3272 3269 πατέρα
3305 3200 3396 3253 καὶ
3433 3198 3588 3268 βασι·
3671 3262 3676 3267 _

1997 3291 2094 3346 λέα
2137 3295 2196 3345 ὲν
2223 3296 2289 3366 τῇ
2328 3293 2504 3348 πόλει.
2550 3292 2612 3347 ’0
2664 3293 2722 3347 δὲ
2780 3293 2964 3363 πατὴρ
3003 3292 3092 3346 διὰ
3144 3289 3236 3346 τὸν
3283 3291 3447 3361 φόϐον
3489 3289 3585 3344 τοῦ

1998 3473 2174 3542 quoad
2209 3473 2475 3538 viverem,
2509 3472 2805 3528 amicitiam
2841 3473 2992 3536 fecit,
3034 3471 3376 3541 interpositis
3403 3473 3582 3527 utriu-

1996 3582 2101 3636 que
2166 3567 2546 3632 sacramentis,
2606 3567 2808 3636 quibus
2845 3580 2906 3620 se
2951 3563 3128 3618 foedus
3183 3574 3237 3618 et
3282 3564 3582 3621 amicitiam

1997 3658 2238 3713 culturos
2269 3667 2323 3712 et
2358 3657 2587 3712 invicem
2625 3657 2727 3712 sibi
2759 3657 3118 3729 auxiliaturos
3180 3669 3305 3711 esse
3345 3671 3584 3727 spopon-

1996 3749 2214 3802 derunt.
3570 3792 3572 3794 τ

2070 3841 2271 3897 llabuit
2327 3843 2628 3910 imperator
2657 3838 2900 3895 Joannes
2936 3837 3104 3892 hosce
3148 3827 3336 3892 ﬁlios':
3375 3835 3580 3890 Andro.

1995 3936 2177 3990 nit-um
2201 3936 2508 4002 despciam,
2540 3932 2842 3988 Manuelem
2876 3931 3285 3997 imperatorem,
3332 3927 3584 3984 Theodo-

1997 4041 2115 4080 rutn
2162 4027 2711 4097 =Porphyrugenitum
2744 4035 2799 4080 et
2843 4023 3158 4078 Michaelem
3232 4023 3513 4090 despotatu
3563 4041 3580 4077 :

1996 4132 2225 4187 quorum
2256 4126 2383 4171 natu
2420 4118 2715 4172 maximum
2767 4113 3162 4179 Andronicum,
3197 4121 3256 4167 ut
3305 4112 3578 4168 heredem

1997 4209 2233 4278 imperii,
2269 4210 2321 4264 in
2355 4209 2486 4264 urbe
2523 4223 2664 4273 esse,
2698 4205 3017 4262 Michaelcm
3073 4205 3452 4274 imperatorem
3484 4221 3581 4290 gut-

1996 4303 2228 4358 bernare
2251 4311 2307 4357 et
2338 4302 2722 4357 administrare
2747 4299 3188 4355 Thessalonicam
3217 4295 3408 4361 voluit,
3430 4296 3580 4350 Tlte-

1995 4397 2224 4452 odorum
2256 4395 2783 4466 Porphyrogenitum
2835 4401 2954 4462 post
2983 4400 3256 4445 mortuum
3312 4389 3577 4458 Cantacu-

1996 4487 2118 4540 zeui
2163 4486 2329 4540 tilium
2364 4486 2616 4555 Spartam
2654 4499 2779 4540 cum
2806 4483 3034 4552 imperio
3067 4480 3235 4537 misit.
3282 4479 3575 4535 Thcssalo-

306 4574 449 4630 ln-lla
474 4571 654 4625 civilia
687 4583 1029 4638 summopere
1055 4567 1284 4621 alllictas
1307 4581 1427 4621 esse
1453 4567 1678 4632 videret,
1699 4566 1895 4636 opibus
1927 4567 1970 4624 D
1999 4576 2178 4632 nicam
2245 4575 2456 4631 Manuel
2507 4577 2786 4648 ingressus
2861 4588 2982 4628 cum
3051 4572 3452 4643 magistratibus
3520 4581 3578 4628 et

305 4661 428 4731 t-jus
483 4673 590 4714 nou
619 4658 728 4726 jam
771 4667 984 4728 poterat
1037 4656 1214 4712 resisti
1253 4674 1268 4722 ;
1301 4671 1366 4710 ac
1421 4665 1530 4710 tum
1572 4655 1806 4727 primum
1839 4657 1895 4711 iu

2003 4667 2328 4736 primoribus
2353 4668 2589 4722 civitatis
2617 4666 2906 4721 Serrarum
2937 4682 3124 4736 pacem
3169 4665 3578 4734 amicitiamque

303 4756 524 4820 Europa
583 4749 1032 4806 Otltmanidarutn
1072 4764 1241 4818 genus
1280 4749 1334 4802 in
1359 4748 1566 4803 Tracia:
1627 4749 1899 4819 principes

2005 4760 2257 4817 ﬁrmavit.
2292 4759 2478 4827 Itaque
2504 4759 2557 4814 hi
2580 4759 2863 4813 consilium
2894 4760 3158 4822 inierunt,
3206 4757 3411 4813 Turcas
3438 4772 3575 4826 pra:-

305 4848 569 4914 Ῐηιρεῑιιω
623 4843 771 4907 rec“,
805 4851 968 4910 ειψιθ
1017 4842 1312 4896 Αηδυτθίεθ
1366 4840 1706 4910 Caniolmlim
1754 4843 1902 4910 εεμὶι
1999 4854 2273 4919 sidiarios,
2301 4853 2390 4922 qui
2440 4866 2620 4908 arcem
2645 4851 2921 4915 tenebant,
2950 4851 3305 4905 interficiendi
3356 4851 3578 4904 urbem-

299 4935 518 5004 aliaque
581 4947 690 4988 non
763 4946 933 5002 Pauca
1004 4931 1142 4996 loca.
1177 4933 1373 5002 oppida
1433 4943 1488 4986 et
1517 4933 1734 4988 castella
1783 4942 1893 4987 tum
1999 4961 2106 5012 que
2145 4945 2371 5000 dedendi
2431 4943 2684 5000 ttanueti.
2749 4942 2866 4996 Non
2924 4942 3081 4996 latuit
3126 4942 3228 4996 hoc
3284 4941 3570 4995 consilium

296 5024 1080 5090 Βοιηεηοτωηνῑυῐηθιῖοτυιη
1099 5023 1533 5080 Chris‘ianomm
1563 5027 1892 5096 Ρΐίηοίρωην
2000 5051 2261 5099 ameram,
2295 5037 2384 5105 qui
2415 5035 2838 5103 Carali-pasiam
2872 5051 2994 5088 cum
3031 5034 3241 5100 magnis
3268 5034 3440 5100 cupiis
3478 5034 3573 5083 ad-

298 5119 464 5173 sicuti
504 5132 626 5171 mox
661 5117 712 5169 in
759 5115 868 5169 vita
907 5114 1026 5184 ejus
1072 5130 1424 5185 exponemus.
1452 5116 1664 5172 Etenim
1713 5127 1894 5173 trans-

2005 5141 2189 5181 versus
2223 5127 2670 5181 Thessalonicam
2699 5134 2752 5180 et
2796 5126 3095 5182 Manuelem
3155 5127 3428 5186 misit,ac.
3467 5125 3569 5177 nisi

300 5211 480 5262 ierant
503 5209 748 5278 quidem,
781 5214 840 5260 ut
893 5221 1057 5277 supra
1118 5206 1428 5274 docuimus,
1456 5210 1622 5264 etiam
1652 5208 1787 5264 alias
1835 5209 1888 5263 in

202 5289 208 5293 ’
296 5301 577 5370 Europam
637 5300 845 5367 Turcae,
906 5301 962 5354 in
1012 5300 1416 5356 Chersonesum
1473 5303 1733 5369 Thraciae,
1797 5317 1894 5356 nec

299 5402 483 5447 tamen
534 5395 836 5448 consistere
877 5401 1188 5461 potuerant,
1217 5403 1312 5447 aut
1344 5401 1425 5447 tot
1488 5393 1632 5461 loca,
1666 5393 1886 5462 Oppida,

297 5485 547 5548 castella,
580 5494 709 5554 quot
766 5493 878 5538 tum
920 5494 1201 5555 ceperunt,
1237 5499 1576 5555 expugnare.
1626 5488 1886 5556 quoniam

294 5592 447 5631 nunc
475 5577 626 5646 justo
650 5576 791 5632 bello
820 5577 1018 5633 devicti
1072 5578 1491 5648 repellebantur,
1531 5594 1673 5634 nunc
1723 5581 1890 5633 latro-

295 5681 429 5722 num
463 5667 637 5721 instar
681 5668 892 5740 trajecti
930 5668 1292 5740 refugiebant.
1341 5669 1544 5724 Deinde
1568 5669 1884 5737 Amurates,

293 5759 462 5813 etiam
503 5761 852 5832 Adrianopoli
881 5773 937 5817 et
963 5777 1156 5832 magna
1192 5771 1342 5830 parte
1369 5761 1724 5831 Macedoniae,
1758 5765 1883 5820 Bul-

294 5851 462 5921 saria:
483 5863 546 5935 et
565 5853 766 5936 Serviat
794 5857 1019 5925 potitus,
1045 5865 1320 5924 postremo
1351 5872 1475 5911 cum
1529 5857 1876 5929 imperatore,

1995 5227 2150 5286 capta
2200 5218 2333 5272 urbe
2379 5227 2433 5272 et
2464 5220 2647 5274 vincto
2707 5218 2976 5284 Manuele,
3001 5235 3124 5273 eum
3157 5219 3333 5273 redire
3379 5220 3570 5274 vetuit.

1994 5308 2108 5364 Hac
2146 5325 2203 5362 re
2280 5322 2580 5379 comperta,
2623 5313 2829 5367 Manuel
2909 5312 3188 5375 dominus,
3246 5327 3369 5365 cum
3423 5320 3572 5365 ιςιηιςι

1992 5403 2254 5456 exercitui
2296 5417 2399 5456 non
2447 5420 2604 5473 posse
2635 5422 2692 5460 se
2715 5408 2970 5460 resistere
3026 5406 3374 5473 intelligeret,
3425 5416 3568 5459 metu

1992 5507 2056 5549 ac
2083 5495 2274 5548 timore
2310 5497 2808 5566 percellitur,atque
2840 5499 3064 5559 inscius.
3095 5498 3220 5565 fluid
3251 5498 3395 5550 aliud
3425 5510 3569 5564 agat,

1992 5586 2117 5656 fuga
2169 5588 2398 5642 salutem
2429 5591 2697 5658 quaeritet
2727 5590 3040 5660 Byzantium
3085 5594 3151 5646 ad
3191 5593 3568 5664 imperatorem

1989 5690 2041 5733 ct
2075 5692 2279 5748 patrem
2323 5683 2518 5737 reverti
2553 5685 2820 5739 decernit.
2852 5686 2920 5739 At
2949 5685 3056 5746 ille,
3081 5701 3320 5740 amet-am
3345 5685 3571 5747 veritus,

1989 5771 2233 5840 recipere
2284 5787 2406 5827 eum
2456 5775 2643 5841 noluit,
2685 5778 2732 5831 ei
2766 5777 2960 5830 iratum
3008 5793 3067 5831 se
3108 5793 3228 5832 esse
3283 5788 3572 5842 ostendens

1989 5862 2230 5934 adeoque
2291 5867 2637 5924 vehementer
2687 5867 2948 5923 minatus.
3004 5867 3241 5938 Speraus
3280 5874 3392 5940 jam
3457 5872 3567 5927 Ma-
