3990 6608
352 445 460 510 67

1487 441 1931 504 CHRONICON
1964 444 2239 506 MAJUS.
2281 469 2348 482 -
2397 447 2544 509 LIB.
2577 449 2624 507 Ῐ.

3512 449 3616 516 6’8

356 555 681 615 κυπτούσας
713 559 791 622 τῷ
821 552 1088 621 θελήματι
1129 551 1332 614 αὐτῶν,
1379 554 1519 607 ἀλλὰ
1564 557 1944 624 φυλαττούσας
1975 558 2020 615 Α
2048 556 2320 625 νήθησαν,
2352 559 2542 620 παῖδες
2582 558 2810 623 ἐνδόξων
2855 558 2950 610 καὶ
2984 557 3226 625 εύγενῶν
3275 559 3624 626 Χριστιανῶν

355 649 463 717 τὴν
495 648 813 717 πρέπουσαν
844 645 1059 699 εὔνοιαν
1106 647 1186 710 είς
1218 647 1344 708 τοὺς
1374 647 1641 717 πατέρας,
1680 649 1943 720 ᾐχμαλώ-

355 740 512 802 τιζον
547 737 907 800 σκυλεύοντες
960 739 1054 790 καὶ
1096 737 1607 806 ἀνδραποδίζοντες.
1663 740 1937 807 Μαθόντες

355 830 420 884 δέ
447 831 608 884 τοῦτο
645 831 704 883 ἐν
734 832 798 900 τῇ
844 830 1003 900 Ἀσίᾳ
1035 831 1063 883 ό
1097 831 1319 902 άμηρᾶς
1354 835 1450 887 καὶ
1474 834 1504 886 ό
1535 831 1790 903 βασιλεὺς
1818 832 1942 888 λίαν

361 923 718 994 ἐλυπήθησαν
748 926 843 978 καί
877 922 1293 994 ἠγανάκτησαν.
1332 924 1394 978 '0
1421 921 1516 978 οὖν
1556 927 1778 996 άμηρᾶτ
1806 925 1943 980 ὐπο-

355 1015 499 1085 ψεαν
531 1015 670 1087 ἔχων
703 1017 762 1070 ἒν
792 1018 856 1088 τῇ
889 1017 1088 1086 καρδίᾳ
1119 1017 1195 1087 μὴ
1244 1016 1333 1071 διὰ
1385 1017 1658 1090 θελήσεως
1695 1021 1788 1072 καὶ
1821 1019 1944 1089 βου-

362 1108 465 1176 λῆς
515 1109 611 1161 τοῦ
646 1108 913 1177 βασιλέως
966 1109 1112 1162 οὗτοι
1148 1111 1560 1178 ἀπεστάτησαν,
1611 1113 1944 1178 ἀποστείλας

368 1202 596 1272 μηνύων
631 1201 781 1273 αύτῷ
821 1204 961 1272 μετὰ
1011 1202 1185 1273 θυμοῦ
1235 1199 1389 1258 εἶπεν
1442 1206 1529 1258 ῐνα
1571 1207 1774 1274 τρόπον
1821 1209 1942 1262 τινὰ

365 1295 576 1365 ποιήσῃ
607 1295 755 1356 ὅπως
785 1295 879 1347 τὸν
917 1295 1259 1362 Ἀνδρόνικον
1295 1296 1584 1371 παιδεύσῃ,
1616 1299 1712 1351 καὶ
1740 1297 1944 1370 πληρο⁸

368 1389 747 1460 φορηθήσεται
775 1390 824 1442 εἰ
850 1389 878 1440 ὁ
898 1389 1152 1460 βασιλεὺς
1174 1391 1275 1442 οἰκ
1290 1384 1358 1460 ἦν
1376 1389 1545 1450 αἴτιος
1571 1391 1665 1458 τῆς
1687 1390 1945 1458 τοιαύτης

371 1482 570 1551 βουλῆς
592 1500 606 1512 ·
637 1484 685 1534 εί
715 1483 772 1536 δὲ
817 1481 994 1546 ἄλλως
1031 1481 1347 1552 γενήσεται,
1398 1482 1560 1544 αὐτὸς
1594 1475 1688 1534 καὶ
1735 1484 1762 1534 ό
1797 1481 1944 1545 οἶκος

369 1575 539 1628 αὐτοῦ
568 1575 666 1628 καλ.
711 1577 863 1630 πᾶσα
890 1577 924 1644 ἡ
965 1575 1111 1647 ἀρχὴ
1150 1575 1259 1628 τῶν
1295 1575 1586 1645 Ῥωμαίων
1613 1575 1829 1645 δψεται.
1887 1575 1944 1631 Ὀ

371 1669 426 1720 δὲ
461 1668 721 1738 βασιλεὺς
764 1667 1100 1737 ἁπεκρίνατο
1146 1667 1324 1736 λέγων
1373 1668 1457 1722 ὅτι
1489 1668 1587 1721 οὐκ
1639 1665 1778 1722 οἶδεν
1819 1667 1944 1722 οὔτε

371 1758 656 1819 ἐπίστατο,
713 1756 853 1827 μετὰ
905 1759 1086 1828 ὅρκων
1137 1757 1414 1829 μεγάλων,
1454 1759 1514 1811 τὸ
1547 1759 1805 1828 γεγονός’
1849 1762 1946 1812 καὶ

374 1851 470 1904 ἐὰν
496 1851 575 1913 είς
745 1851 935 1920 χεῖρας
972 1851 1063 1904 τὸν
1102 1852 1218 1904 υίὸν
1246 1851 1412 1920 τυχὸν
1441 1847 1609 1921 εἶχεν,
1644 1853 1772 1905 ἄνευ
1799 1853 1944 1916 τινὸς

2044 647 2141 699 καὶ
2171 646 2455 714 Τούρκων,
2496 648 2592 702 καὶ
2639 650 2793 702 αὐτοὶ
2839 650 3270 720 σαγηνευθέντες
3301 651 3379 720 τῷ
3427 653 3623 724 ἀμηρᾷ

2043 739 2311 810 ἐδόθησαν
2331 756 2347 772 ο
2381 742 2474 796 καὶ
2500 743 2550 796 οἱ
2582 744 2820 812 πατέρες
2851 743 3030 796 αὐτῶν
3061 744 3333 812 παρόντες
3359 748 3501 813 μετὰ
3531 747 3624 800 δαο

2042 830 2230 899 κρύων
2274 831 2681 902 ἐκελεύσθησαν
2717 834 2806 886 ἵνα
2859 835 3090 897 ἕκαστος
3142 837 3234 888 τὸν
3280 837 3396 889 υίὶν
3453 836 3621 890 αὑτοῦ

2042 923 2421 994 οἱκειοχείρως
2469 926 2792 998 θανατὼσῃ·
2847 927 3101 989 καὶτοὺς
3139 927 3213 995 μὴ
3264 928 3624 996 πειθομένους

2043 1017 2251 1086 πρᾶξαι
2279 1017 2425 1072 κατὰ
2448 1019 2509 1071 τὸ
2537 1001 2882 1090 προσταχθὲν
2911 1020 3097 1082 αὑτοῖς
3132 1023 3186 1074 ἐν
3217 1021 3292 1090 τῷ
3326 1021 3442 1089 ἅμα
3482 1023 3626 1075 κατὰ

2042 1108 2134 1164 τὸν
2166 1115 2414 1178 ποταμὸν
2447 1111 2777 1182 δεδημένους
2812 1112 3062 1178 ἐϐύθιζεν
3105 1114 3472 1185 ὁμοθυμαδὸν,
3515 1133 3624 1169 πα·
3697 1119 3700 1122 ’

2043 1201 2179 1279 τέρα
2209 1221 2268 1256 τε
2291 1204 2433 1272 λέγω
2471 1205 2566 1258 καὶ
2591 1205 2730 1259 υἱόν.
2764 1205 2986 1274 Ταύτην
3015 1203 3278 1277 ὠμότητα
3320 1207 3413 1259 καὶ
3445 1207 3624 1259 ἁπαν-

2045 1293 2298 1365 θρωπέαν
2327 1296 2354 1348 ό
2407 1296 2759 1368 Ἀμουράτης
2807 1297 3086 1364 ἐποίησεν,
3117 1298 3204 1350 ἀεὶ
3236 1298 3316 1361 εἰς
3346 1299 3410 1350 τὰ
3445 1300 3625 1352 πάντα

2044 1388 2233 1451 καλῶς
2263 1389 2706 1457 πολιτευόμενος.
2743 1389 2952 1458 Καιροῦ
2984 1391 3044 1442 δέ
3081 1407 3226 1452 τινος
3259 1390 3625 1458 παρελθόντος

2044 1479 2191 1539 τινὲς
2236 1479 2344 1532 τῶν
2394 1479 2624 1544 ἐνδόξων
2684 1481 2777 1532 καὶ
2831 1480 3069 1548 εὐγενῶν
3128 1481 3472 1548 Χριστιανῶν
3531 1487 3626 1535 καὶ

2055 1571 2380 1641 Ἀγαρηνῶν
2422 1571 2514 1623 τοῦ
2551 1573 2744 1640 άμηρᾶ
2784 1573 3072 1642 δεηθέντες
3117 1574 3330 1644 γράψαι
3367 1574 3501 1644 πρὸς
3533 1575 3624 1625 τὸν

2047 1663 2276 1735 βασιλέα
2305 1665 2515 1733 ’κύριον
2561 1666 2817 1733 Ἰωάννην
2853 1664 2943 1717 ἵνα
2989 1665 3081 1717 τὸν
3115 1667 3381 1735 δεσπότην
3434 1666 3623 1733 κύριον

2057 1754 2406 1823 ’Δνδρόνικον
2449 1755 2545 1808 τοῦ
2599 1743 2974 1828 ἀποκλεισμοῦ
3020 1751 3422 1831 ’ἐλευθερώσῃ·
3463 1760 3491 1812 ὃ
3531 1759 3626 1812 καὶ

2046 1850 2286 1918 ἐγένετο.

374 1905 1224 2013 ἐλεημόσῖνῖλςζῖμ’παιδεῦσαι
1273 1905 1461 1999 αύτόν.
1493 1905 1690 2006 ἲΩςδέ
1734 1947 1802 1998 τὰ
1846 1905 1947 2014 τῆς
1976 1914 2022 1974 Β
2088 1905 2234 1996 ’Καὶ
2285 1943 2394 1996 τῶν
2432 1943 2776 2016 πραγμάτων
2824 1944 3005 2008 om;
3053 1905 3290 2014 ἐχόντων
3334 1943 3556 2015 θεωρῶν
3596 1943 3624 1994 ό

385 2036 572 2098 Ἀσίας
589 2035 908 2104 διώρθωσαν
929 2034 1025 2087 καὶ
1045 2035 1398 2107 εξρήνευσαν,
1419 2035 1760 2106 περάσαντες
1781 2030 1950 2106 ἦλθον

375 2127 456 2188 εἰς
482 2125 582 2193 τὴν
615 2125 908 2194 Εὐρώπην,
945 2125 1040 2178 καὶ
1065 2125 1300 2196 στρατὸν
1326 2126 1531 2188 εὐθέως
1553 2126 1952 2196 οἰκονομήσαν-

377 2235 466 2280 τες
499 2217 746 2271 ἔστειλαν
787 2218 932 2272 κατὰ
960 2218 1069 2271 τῶν
1117 2219 1623 2292 ἀποστατησάντων
1658 2219 1808 2272 υἱῶν.
1839 2219 1950 2272 Καὶ

379 2310 621 2378 πολέμου
652 2309 939 2377 γεγονότος
973 2309 1066 2361 τόν
1113 2309 1223 2362 τῶν
1270 2310 1593 2364 ἀποστατῶν
1643 2309 1873 2380 στρατὸν
1921 2309 1950 2362 ὁ

375 2404 601 2472 άμηρᾶς
632 2401 876 2472 χρήμασι
927 2401 1020 2455 καὶ
1074 2401 1257 2470 λόγοις
1293 2403 1606 2472 ἀπατήσας,
1651 2400 1950 2468 ἐπιϐουλὴν

376 2494 635 2563 τοιαύτην
691 2493 982 2564 ἐποίησαν·
1031 2494 1264 2562 ἀφέντες
1316 2493 1516 2556 αὐτοὺς
1571 2493 1794 2563 ἔφυγον,
1855 2496 1951 2548 καὶ

377 2589 504 2650 τοὺς
546 2586 1014 2650 αὐθεντοπούλους
1050 2587 1108 2639 ἐν
1148 2605 1256 2640 τινι
1303 2587 1548 2658 φρουρίῳ
1593 2587 1688 2640 τοῦ
1720 2587 1953 2657 Διδύμο-

377 2676 558 2748 τείχου
614 2679 1038 2746 καταφυγόντας
1091 2677 1346 2739 ἐπίασαν,
1397 2679 1492 2730 καὶ
1546 2679 1659 2741 τοῖς
1709 2677 1950 2747 πατράσι

377 2768 554 2840 δῶρον
590 2771 810 2834 τούτους
852 2763 1217 2841 προσέφερον.
1270 2771 1383 2826 Καὶ
1431 2772 1460 2824 ό
1511 2773 1736 2842 ama,-
1787 2772 1952 2836 εὐθὺς

376 2863 471 2916 τὸν
511 2863 626 2916 υίὸν
657 2862 823 2916 αὐτοῦ
857 2863 1290 2932 ἀπεκεφάλισεν,
1329 2865 1358 2915 ό
1386 2864 1443 2917 δὲ
1481 2865 1736 2935 βασιλεὺς
1781 2865 1953 2926 θέλων

377 2956 474 3010 καὶ
503 2956 581 3026 μὴ
613 2956 783 3010 θέλων
806 2956 895 3010 διὰ
924 2956 1012 3008 τὸν
1038 2955 1204 3025 φόϐον
1231 2956 1328 3010 τοῖο
1360 2958 1550 3028 ἀμηρᾶ
1572 2958 1664 3011 τὸν
1685 2959 1952 3030 δεσπότην

377 3046 484 3115 κὺρ
514 3045 858 3116 Ἀνδρόνικον
889 3045 979 3098 τὸν
1009 3047 1125 3098 υίδν
1146 3044 1314 3100 αὐτοῦ
1342 3045 1451 3098 τῶν
1473 3046 1773 3119 ὀφθαλμῶν
1802 3050 1952 3104 ἐστέ-

381 3153 517 3204 ρησε
549 3138 642 3190 καὶ
676 3138 735 3189 ἐν
765 3140 876 3199 τοῖς
922 3136 1154 3206 πύργοις
1198 3140 1313 3202 τοῖς
1345 3138 1666 3208 λεγομένοις
1723 3140 1954 3209 Ἀδεμα·

380 3227 521 3291 νίδες
552 3228 785 3298 πλησίον
815 3229 1144 3302 Βλαχερνῶν
1181 3229 1504 3284 ἀπέκλεισε.
1548 3229 1813 3302 Τυχόντες
1849 3233 1954 3308 ’μὲν

379 3321 476 3375 καὶ
505 3322 685 3396 ἕτεροί
708 3341 853 3387 τινες
881 3324 978 3378 σὺν
1012 3323 1198 3390 αὐτοῖς
1231 3325 1343 3380 νέοι
1375 3324 1763 3396 συνηλικιώται
1788 3324 1954 3380 ἐπλα·

377 3507 624 3582 patribus
650 3507 806 3563 fidem
834 3505 1140 3573 servabant,
1160 3505 1425 3576 diripiunt
1448 3507 1608 3579 inque
1635 3509 1952 3565 servitutem

379 3603 650 3672 redigunt.
679 3598 794 3656 Hoc
832 3597 926 3655 ubi
989 3599 1043 3654 in
1072 3597 1199 3654 Asia
1229 3598 1518 3654 Amurates
1546 3608 1600 3654 et
1660 3600 1955 3668 imperator

379 3709 717 3766 competere,
782 3692 967 3748 dolore
1024 3701 1080 3746 et
1128 3691 1406 3748 iracundia
1454 3700 1778 3752 exarserunt
1825 3708 1841 3758 ;
1902 3698 1956 3746 et

380 3769 596 3842 amet-as
637 3784 856 3855 quidem
907 3783 1230 3839 auctoritate
1254 3793 1312 3838 et
1350 3783 1576 3840 consilio
1611 3784 1956 3854 imperatoris

381 3880 502 3935 illos
551 3877 844 3933 descivisse
884 3875 1216 3946 suspicatus,
1262 3878 1312 3930 ei
1365 3875 1537 3932 iratus
1593 3875 1952 3944 significatum

382 3971 553 4028 mittit
592 3969 858 4038 :videret,
883 3984 991 4039 quo
1029 3967 1188 4024 modo
1205 3967 1574 4026 Andronicum
1603 3969 1770 4022 fllium
1795 3969 1956 4036 puni-

383 4072 466 4118 ret
487 4073 541 4120 et
569 4063 648 4118 sic
680 4062 839 4118 fidem
875 4061 980 4117 sibi
1011 4061 1238 4126 faceret,
1263 4074 1370 4116 non
1398 4073 1522 4120 esse
1543 4075 1604 4118 se
1637 4059 1793 4118 istius
1823 4076 1959 4116 con-

381 4156 486 4212 silii
521 4163 822 4212 auctorem.
856 4153 950 4210 Sin
981 4154 1140 4214 aliter
1176 4154 1334 4221 faxit,
1360 4161 1414 4208 et
1446 4153 1620 4223 ipsum
1650 4163 1706 4208 et
1733 4153 1956 4208 domum

383 4253 504 4320 ejus
531 4262 584 4307 et
617 4260 786 4306 totum
822 4249 1128 4324 Romanum
1155 4251 1440 4321 imperium
1456 4260 1828 4322 experturum.
1850 4267 1960 4321 quo

382 4361 448 4402 ea
479 4360 564 4401 res
594 4345 868 4401 evaderet.
897 4343 1196 4414 Imperator
1221 4345 1513 4414 respondet
1548 4351 1602 4399 et
1633 4343 1785 4412 gravi
1817 4343 1962 4401 aliir-

382 4450 496 4496 mat
521 4444 887 4501 sacramento,
913 4433 1042 4490 facti
1081 4435 1324 4506 ignarum
1349 4443 1405 4492 et
1427 4435 1666 4502 inscium
1715 4449 1773 4492 se
1800 4449 1960 4502 esse;

2052 2036 2308 2107 βασιλεὺς
2337 2038 2406 2090 τὰ
2432 2037 2540 2090 τῶν
2586 2037 2879 2107 Ῥωμαίων
2913 2038 3222 2108 πράγματα
3272 2041 3626 2104 παντοιοτρόο

2052 2145 2169 2190 πως
2191 2127 2617 2198 ὑποκορίζεσθαι
2653 2129 3060 2200 ταπεινούμενα
3093 2131 3186 2184 καὶ
3209 2130 3288 2194 εἰς
3320 2131 3627 2199 ἀφανισμὴν

2052 2221 2296 2290 παντελῆ
2345 2223 2529 2294 ἡμέρᾳ
2575 2225 2642 2292 τῇ
2701 2225 2886 2295 ἡμέρᾳ
2947 2211 3246 2294 ἐρχόμενα,
3299 2226 3368 2278 τὰ
3411 2223 3468 2277 δὲ
3517 2223 3628 2275 τῶν

2051 2311 2313 2381 Τούρκων
2364 2315 2445 2378 είς
2497 2315 2667 2385 ἄκρον
2723 2316 3132 2382 προκόπτοντα,
3176 2317 3424 2386 τριήρεις
3473 2313 3629 2378 τινὰς

2053 2409 2354 2478 ἡτοίμασεν
2387 2407 2562 2478 ἐμϐὰς
2594 2409 2652 2461 ἐν
2692 2411 2758 2480 τῇ
2795 2409 3002 2481 Ἰταλίᾳ
3029 2411 3206 2463 ἐλθεῖν
3238 2411 3468 2480 αἰτῆσαι
3494 2409 3628 2480 βοή-

2053 2499 2206 2553 θειαν
2227 2501 2378 2571 παρὰ
2403 2501 2512 2553 τῶν
2535 2502 2712 2553 ἐκεῖσε
2745 2499 3042 2564 αὐθεντῶν,
3077 2502 3166 2553 ἴνα
3203 2501 3277 2572 μὴ
3314 2503 3357 2570 η’
3379 2501 3631 2571 βασιλεία

2063 2586 2352 2658 Ῥωμαίων
2400 2590 2541 2642 κατὰ
2585 2591 2785 2660 κράτος
2823 2592 2905 2651 εἰς
2953 2589 3110 2652 τέλος
3160 2591 3400 2660 ἐκπέσῃ.
3437 2591 3543 2642 Καὶ
3574 2593 3631 2643 ἐν

2053 2676 2132 2748 τῷ
2160 2677 2381 2748 μέλλειν
2412 2678 2816 2750 ἐπανέρχεσθαι
2847 2679 2942 2732 τὸν
2970 2679 3238 2750 δεσπότην
3267 2683 3374 2746 κὺρ
3413 2681 3630 2752 Ἀνδρό-

2053 2787 2204 2824 νικον
2249 2770 2414 2825 πάλιν
2459 2771 2611 2824 εῖασε
2653 2771 2882 2824 διοικεῖν
2931 2769 3038 2842 52
3077 2770 3174 2824 καὶ
3222 2771 3492 2842 κυδερνᾷν
3530 2773 3630 2842 τὴν

2053 2862 2209 2916 πόλιν
2231 2863 2324 2916 καὶ
2344 2861 2439 2933 τὴν
2465 2860 2763 2933 βασιλείαν.
2785 2861 3124 2927 Πλεύσαντος
3145 2863 3200 2916 δὲ
3226 2862 3321 2918 τοῦ
3343 2865 3636 2933 βασιλέως,

2053 2954 2292 3024 ἔφθασεν
2329 2956 2386 3006 ἐν
2415 2957 2481 3025 τῇ
2521 2953 2727 3024 Ἰταλίᾳ
2754 2957 2811 3007 ἐν
2832 2957 2897 3024 τῇ
2934 2954 3043 3006 τῶν
3073 2955 3309 3008 Ἐνετῶν
3337 2956 3516 3028 ὡραία
3534 2960 3633 3010 πό-

2053 3046 2158 3110 λει,
2185 3047 2280 3098 καὶ
2314 3047 2348 3114 ἡ
2384 3045 2648 3115 γερουσία
2681 3045 2872 3099 ἅπασα
2903 3045 3064 3116 τῆσδε
3095 3047 3193 3115 τῆς
3224 3048 3433 3112 πόλεως
3461 3049 3634 3116 ἀσμέ-

2047 3157 2162 3216 νως
2199 3138 2388 3192 τοῦτον
2418 3138 2706 3203 ἐδέξαντο·
2752 3140 2882 3211 περὶ
2923 3139 2980 3190 δέ
3031 3138 3127 3192 τοῦ
3177 3138 3446 3210 βοηθῆσαι
3481 3141 3634 3211 αὐτῷ

2056 3235 2158 3288 οὐκ
2195 3228 2266 3305 ἦν
2310 3237 2464 3304 φωνὴ
2497 3234 2592 3286 καὶ
2622 3232 2724 3286 οὐκ
2752 3227 2820 3302 ἦν
2851 3233 3140 3303 ἀκρόασις.
3187 3235 3458 3290 Κάκεῖθεν
3491 3234 3640 3299 ἐξελ-

2059 3326 2166 3379 θὼν
2198 3326 2332 3398 πρὸς
2362 3324 2456 3379 τδν
2483 3325 2629 3396 ρῆγα
2676 3325 2957 3395 Φραγκίας
3004 3325 3250 3395 Κάρολον
3285 3325 3457 3382 ἐλθὼν
3483 3327 3638 3381 οὐδὲν

2054 3493 2240 3575 putres
2270 3515 2394 3555 cum
2417 3500 2674 3573 lacrymis
2705 3511 2946 3556 astantes
2976 3518 3134 3555 suum
3187 3505 3422 3572 quisque
3467 3505 3637 3558 filium

2056 3610 2217 3652 manu
2271 3609 2372 3649 sua
2424 3591 2730 3650 interficere
2775 3593 3076 3666 jubeutur:
3107 3594 3198 3662 qui
3257 3595 3486 3662 imperio
3532 3611 3638 3650 non

2053 3695 2374 3765 paruerunt,
2402 3689 2545 3742 ‘cunt
2595 3686 2720 3742 filiis
2768 3686 3036 3756 colligati,
3082 3687 3135 3740 in
3185 3689 3638 3756 praeterﬂuentem

2054 3786 2276 3843 ﬂuvium
2315 3795 2442 3844 sunt
2468 3782 2748 3841 'demersi.
2779 3781 2928 3836 Adeo
2963 3779 3318 3836 inhumanum
3347 3782 3645 3837 crudelem.-

2054 3893 2159 3948 que
2205 3893 2263 3934 se
2317 3878 2569 3950 prastitit
2615 3878 2926 3939 Amurates,
2966 3872 3208 3942 alioquin
3233 3872 3286 3928 in
3320 3874 3561 3942 regenda-
3584 3891 3642 3931 re

2057 3971 2270 4040 publica
2331 3971 2600 4024 laudatus.
2631 3967 2934 4038 Aliquanto.
2961 3974 3080 4034 post
3135 3965 3376 4020 nonnulli
3413 3969 3642 4037 spectati

2057 4079 2113 4121 et
2139 4064 2351 4122 nobiles
2408 4062 2706 4120 Christiani
2739 4070 2902 4129 atque
2934 4059 3166 4129 Agareni
3200 4059 3516 4118 Amuratem
3554 4075 3644 4118 ro—

2055 4168 2345 4230 gaverunt,
2393 4163 2451 4211 ut
2499 4155 2698 4212 litteris
2749 4151 2941 4209 Joaunt
2994 4153 3305 4221 imperatori
3369 4157 3640 4229 suaderet,

2055 4254 2426 4312 Andronicum
2496 4250 2775 4317 despotam
2810 4261 2852 4302 ev
2903 4247 3135 4304 vinculis
3191 4246 3490 4306 liberaret:
3539 4269 3643 4310 nec

2057 4362 2170 4405 non
2210 4344 2543 4402 satisfactum
2573 4350 2656 4397 est
2685 4341 2898 4396 illorum
2946 4339 3235 4396 voluntati.
3279 4392 3287 4400 .

2133 4435 2313 4491 Rebus
2342 4436 2416 4489 ita
2454 4433 2786 4496 constitutis,
2823 4433 3137 4498 imperator,
3173 4444 3298 4484 cum
3333 4431 3639 4490 Romanum

385 4543 547 4602 atque
574 4532 764 4595 filium,
798 4528 845 4584 si
879 4530 934 4582 in
983 4543 1145 4584 manu
1185 4527 1429 4591 haberet,
1460 4528 1754 4596 quominus
1800 4527 1962 4596 puni-
2062 4530 2351 4598 imperium
2406 4528 2553 4582 omni
2586 4527 2744 4580 modo
2770 4525 3034 4580 vilescere
3065 4533 3120 4579 et
3147 4525 3200 4581 lu
3231 4538 3521 4595 angustum
3558 4543 3645 4581 re-

385 4628 642 4691 ret,nulla
675 4642 736 4683 se
767 4623 1137 4684 misericordia
1186 4631 1519 4681 cOmntotum
1559 4621 1648 4677 iri.
1696 4619 1877 4682 Rebus
1902 4621 1956 4676 iu
1986 4631 2038 4691 Β
2065 4621 2172 4691 digi
2227 4630 2286 4675 et
2316 4620 2374 4673 in
2411 4619 2525 4674 dies
2577 4617 2750 4688 magis
2805 4631 2960 4673 ruere
2993 4619 3045 4671 iu
3102 4617 3426 4686 perniciem,
3458 4633 3646 4673 contra

382 4719 513 4799 Asia
563 4717 882 4789 compositis
932 4715 1272 4787 pacatisque,
1307 4713 1360 4766 in
1405 4711 1675 4783 Europam
1720 4711 1960 4780 trajecti,
2063 4711 2362 4766 Turcarum
2429 4723 2653 4778 regnum
2720 4706 2788 4762 ad
2853 4722 3128 4762 summum
3194 4722 3442 4763 crescere
3496 4708 3649 4763 fasti.-

384 4798 686 4868 esercitum
730 4809 1018 4872 confestim
1075 4808 1402 4864 instructum
1436 4815 1623 4862 contra
1653 4806 1795 4860 tllios
1827 4803 1966 4860 sedi—
2062 4807 2208 4876 gimu
2266 4802 2738 4866 animadverteret,
2794 4798 3120 4865 comparatis
3226 4799 3432 4870 aliquot
3489 4803 3650 4857 trire-

386 4903 560 4958 tiosns
613 4902 902 4958 miserunt.
955 4897 1259 4955 Commisso
1315 4896 1476 4962 bello,
1539 4895 1963 4952 adolescentium
2067 4900 2269 4964 mibus,
2302 4898 2354 4950 in
2388 4896 2596 4950 Italiam
2638 4894 2752 4948 vela
2781 4893 2924 4956 fecit,
2956 4893 3024 4946 ab
3056 4893 3174 4959 ejus
3199 4899 3360 4946 terra:
3389 4893 3648 4961 principi-
3711 4971 3714 4974 φ

387 4996 610 5056 milites,
643 4991 870 5062 pecunia
925 5002 982 5046 et
1025 4989 1302 5046 blanditiis
1345 4990 1412 5042 ab
1463 5003 1647 5044 amera
1695 4985 1962 5056 corrupti,
2067 4994 2278 5053 bus,“
2312 4988 2678 5044 Romanorum
2714 4985 3000 5052 imperium
3030 4996 3256 5050 prorsus
3285 4991 3648 5050 everteretur,

385 5092 647 5149 insidiose
679 5089 896 5146 eosdem
940 5087 1301 5144 deseruerunt
1327 5093 1382 5140 et
1411 5083 1667 5154 profugos
1688 5083 1743 5138 in
1768 5081 1964 5137 castel-
2069 5085 2337 5154 petiturus
2379 5079 2598 5134 auxilia.
2648 5075 2928 5131 Commisit
2989 5088 3198 5141 rursus,
3251 5073 3378 5128 dum
3425 5075 3684 5154 rediret,_

386 5195 441 5246 to
491 5182 727 5255 quodam
787 5176 1154 5249 Didymoticlri
1215 5175 1739 5246 comprehenderunt
1794 5173 1963 5243 patrio
2072 5175 2385 5230 Andronico
2417 5172 2655 5237 despotte
2676 5165 2826 5221 urbis
2845 5173 2900 5219 et
2947 5165 3156 5234 imperii
3191 5161 3688 5234 procurationem)

2073 5271 2130 5325 lu
2176 5268 2384 5323 italiam
2432 5263 2664 5326 delatus,
2723 5259 2952 5328 primum
2986 5257 3310 5311 Venetorum
3367 5257 3651 5316 florentem

2075 5362 2264 5418 urbem
2310 5358 2462 5422 adiit,
2491 5364 2546 5410 et
2599 5351 2900 5407 honorifice
2951 5349 3170 5419 quidem
3225 5365 3254 5403 a
3291 5360 3404 5405 toto
3458 5365 3651 5408 senatu

387 5275 596 5346 busque
675 5273 818 5328 dono
882 5268 1213 5327 obtulerunt.
1282 5266 1513 5322 Ameras
1559 5265 1728 5320 filium
1785 5263 1968 5321 statim

386 5366 644 5424 decollari
695 5363 884 5436 jussit,
914 5370 1079 5431 atque
1137 5359 1380 5429 ejusdem
1458 5366 1606 5412 metu
1675 5356 1972 5426 imperator

390 5459 570 5514 facere
629 5471 738 5512 non
772 5453 974 5526 potuit,
1003 5453 1137 5522 quin
1191 5463 1350 5507 suum
1395 5446 1564 5502 lilium
1599 5446 1951 5502 Andronicun

2073 5462 2337 5524 exceptus
2367 5459 2472 5512 est,
2533 5445 2630 5500 sed
2672 5445 2740 5499 de
2791 5440 3049 5498 subsidiis
3082 5440 3280 5496 frustra
3307 5442 3468 5496 verba
3527 5445 3656 5500 fecit

389 5553 673 5621 despotam
690 5547 865 5603 oculis
891 5544 1134 5616 privaret
1151 5551 1205 5598 et
1229 5539 1493 5603 turribus,
1521 5554 1643 5608 qua:
1672 5538 1972 5594 Ademani-
2071 5552 2130 5599 et
2154 5543 2312 5611 plaue
2343 5552 2448 5591 non
2476 5533 2816 5590 audiebatur.
2856 5529 2984 5585 Inde
3007 5529 3074 5584 ad
3114 5529 3391 5593 Carolum,
3415 5531 3657 5588 Franco.

390 5645 488 5699 des
546 5643 824 5705 dicuntur,
872 5636 1026 5707 iuxta
1065 5633 1396 5689 Blacbernas
1461 5631 1609 5696 sitis,
1647 5629 1970 5685 includeret.
2075 5650 2208 5691 rum.
2253 5645 2458 5701 regem,
2517 5625 2813 5696 profectus,
2853 5639 2922 5679 ne
2963 5622 3036 5679 ibi
3076 5623 3294 5690 quidem
3351 5623 3652 5691 quidquam

391 5733 559 5788 Erant
589 5731 681 5786 alii
705 5741 966 5798 praeterea
1010 5725 1245 5793 decepti,
1280 5721 1572 5779 illustrium
1602 5735 1670 5776 ac
1710 5721 1972 5774 nobilium
2075 5722 2334 5786 obtinuit,
2366 5719 2622 5786 quoniam
2677 5714 2950 5806 principes
3035 5712 3181 5767 inter
3227 5728 3287 5806 se
3325 5712 3659 5806 dissidebant

391 5834 504 5879 tam
533 5823 970 5879 Christianorum
994 5835 1156 5888 quam
1186 5815 1491 5872 Turcarum
1524 5813 1615 5867 lilii
1646 5811 1756 5868 illis
1787 5828 1973 5882 aequa.
2077 5833 2144 5874 ac
2185 5812 2510 5870 [actionibus
2566 5802 2833 5876 bellisqﬁe
2852 5817 3008 5861 erant
3040 5802 3302 5856 (li-.irncti.
3367 5802 3549 5870 Itaque
3580 5805 3661 5858 ui-

397 5920 474 5976 ics
500 5920 592 5991 qui
647 5927 706 5975 et
747 5919 852 5990 ipsi
901 5913 1512 6000 captiamerzertraditi
1547 5921 1714 5997 .sunt.
1769 5910 1969 5967 Eorum
2081 5910 2155 5966 hil
2181 5906 2352 5976 aliud,
2383 5918 2543 5974 quam
2575 5900 2768 5972 grandi
2806 5914 2952 5969 pecu'
2985 5901 2990 5906 '
3325 5911 3334 5919 ι
3376 5895 3676 5977 absumpta
