3990 6590
520 360 627 424 687

1748 360 2074 421 osonen
2118 352 2549 425 rtiuAere
2772 438 2775 439 ί
3683 368 3768 430 oss

518 473 615 527 τοῦ
654 473 760 544 κὺρ
823 472 1076 543 Ἰωάννην
1129 473 1447 527 καταλιπὼν
1500 474 1585 528 ἵνα
1638 475 1813 546 διοικῇ
1846 472 1935 529 καὶ
1983 494 2080 530 κυ-
2121 482 2161 537 Α
2193 480 2550 549 χωρουμένην
2580 480 2684 532 ὑπὸ
2718 478 2881 549 λιμοῦ
2910 479 3131 541 πολλοῇ
3169 480 3393 548 ὁμοίως
3446 482 3541 530 καὶ
3572 481 3656 531 τὶν
3683 483 3765 546 τῆς

521 567 696 636 ϐερνᾷ
721 563 821 634 τὴν
850 565 1008 617 πόλιν
1045 566 1140 618 καὶ
1168 565 1539 636 άντιμάχηται
1568 569 1683 630 τοῖς
1738 568 2021 634 ἐναντίοις,
2056 570 2085 621 6

520 658 577 711 δέ
604 656 861 727 βασιλεὺς
892 658 992 725 τὴν
1024 657 1316 712 δέσποιναν
1350 659 1444 713 καὶ
1472 659 1702 728 σύζυγον
1760 659 1943 713 λαϐὼν
1992 662 2085 713 καλ⁵

519 748 602 809 είς
634 746 1046 814 Πελοπόννησον
1074 742 1246 799 ἐλθὼν
1290 747 1347 799 ἐν
1384 749 1449 815 τῇ
1516 746 1739 816 Σπάρτῃ
1786 746 1954 813 ἐγγὺς
1990 743 2084 797 τοῦ

518 837 754 904 ἀδελφοῦ
782 839 891 908 κὺρ
914 836 1192 908 Θεοδώρου
1221 839 1425 908 ταύτην
1451 841 1635 892 εἴασεν
1655 853 1669 870 ο
1701 841 1729 891 6
1757 838 1817 891 δὲ
1850 841 1907 891 ἐν
1946 838 2083 891 Ἰτα-

517 929 611 1000 λίᾳ
640 930 836 985 ὁδεύει.
863 931 1078 995 Φθάσας
1108 930 1204 985 οὖν
1254 932 1283 983 6
1322 932 1578 1001 βασιλεὺς
1627 934 1686 986 ἐν
1729 932 1945 1003 Ἐνετίᾳ
1981 932 2082 985 κά-

519 1020 698 1073 κεῖθεν
730 1020 865 1088 πρὸς
909 1019 1001 1071 τὸν
1026 1019 1196 1073 δοῦκα
1224 1020 1573 1073 Μεδιολάνων
1606 1017 1781 1073 ἐλθὼν
1816 1020 1965 1089 παρά
1986 1016 2083 1071 τοῦ

512 1112 709 1181 δουκὸς
752 1110 888 1182 μετά
918 1114 1089 1182 τιμῆς
1150 1112 1395 1183 μεγάλης
1444 1114 1538 1167 καὶ
1583 1111 1870 1181 δαψιλείας
1909 1110 1989 1165 ἔτι
2025 1109 2083 1163 δὲ
2120 1143 2129 1148 -

516 1202 610 1255 καὶ
637 1203 966 1273 δορυφορίας
998 1204 1217 1275 ἐδέχθη,
1250 1205 1345 1259 καὶ
1376 1205 1581 1268 ἵππους
1613 1206 1707 1258 καὶ
1739 1203 2082 1273 στρατιώτας

515 1296 747 1359 πολλοὺς
780 1297 957 1358 δώσεις
986 1296 1135 1367 αὐτῷ
1161 1298 1247 1350 ἳνα
1277 1297 1418 1367 πρδς
1454 1298 1546 1351 τὸν
1595 1299 1740 1367 ρἦα
1794 1297 2082 1367 Φραγκίας

513 1386 665 1457 ἔλθῃ,
685 1386 1160 1456 ἐπαγγειλάμενος
1192 1390 1220 1440 6
1245 1387 1373 1451 δοὺξ
1404 1386 1485 1457 τῷ
1506 1386 1738 1457 βασιλεῖ,
1779 1388 1875 1441 ἐὰν
1912 1387 2006 1439 καὶ
2031 1386 2080 1438 σί

510 1478 689 1547 ἕτεροι
722 1478 1168 1548 όμοφρονήσωσι,
1204 1478 1297 1532 καὶ
1353 1478 1517 1542 αὐτὸς
1551 1482 1578 1532 6
1617 1479 1744 1544 60b§
1803 1479 1947 1541 ίδίως
1986 1478 2082 1532 καὶ

511 1572 835 1637 αὐτομάτως
863 1571 995 1641 ἔλθη
1032 1573 1126 1625 καὶ
1154 1572 1232 1641 τῷ
1287 1571 1499 1641 βασιλεί
1555 1571 1651 1625 καὶ
1683 1575 1749 1642 τῇ
1796 1571 2082 1640 Ῥωμαίων

513 1664 655 1732 ἀρχῇ
692 1663 938 1733 βοηθήσῃ
969 1664 1062 1717 καὶ
1088 1663 1162 1732 μὴ
1216 1663 1355 1733 ἐάσῃ
1392 1662 1831 1716 κινδυνεύουσαν.
1878 1661 2081 1715 Ἐλθὼν

517 1754 611 1807 οὖν
639 1755 668 1806 6
694 1754 951 1823 βασιλεὺς
983 1757 1077 1808 καὶ
1118 1755 1259 1823 πρὸς
1287 1757 1381 1807 τδν
1414 1754 1559 1824 ρἧα
1603 1756 1872 1824 Φραγκῶν
1919 1747 2079 1823 εὗρεν

2192 571 2602 641 Πελοποννήσου
2635 573 2892 640 πόλεμον,
2917 572 3015 625 καὶ
3038 572 3276 642 βλέπων
3310 573 3399 625 ὅτι
3451 572 3627 633 σ’ἱδείς
3672 574 3764 624 τῶν

2188 661 2533 730 Χριστιανῶν
2558 650 2837 717 αὐθεντῶν
2863 664 3054 732 ἤθελεν
3098 665 3304 724 αὐτοῖς
3342 663 3640 731 βοηθῆσαι,
3685 668 3765 716 καὶ

2184 748 2486 819 ἀπορηθεὶς
2506 751 2666 815 ὅλως,
2701 753 2946 823 περάσας
2974 755 3032 805 ἐν
3086 755 3161 823 τῇ
3215 750 3397 819 Ῥόδῳ
3456 752 3597 821 μετά
3639 755 3767 823 τριήο

2189 857 2331 910 ρεως
2362 841 2463 911 τὴν
2491 844 2591 911 τῇς
2639 842 2893 913 Σπάρτης
2916 843 3090 913 ἀρχὴν
3128 842 3516 910 ἐπεπωλὴκει
3542 846 3604 910 τῇ
3639 843 3765 894 ἀδελ-

2185 932 2379 1003 φότητι
2405 932 2501 985 τοῦ
2530 936 2814 1004 προφήτου
2840 936 2931 988 καὶ
2965 932 3295 987 Βαπτιστοῦ
3344 933 3621 987 Ἰωάννου.
3640 935 3765 986 Στεί-

2186 1026 2377 1088 λαντις
2406 1022 2502 1079 οὖν
2527 1029 2559 1093 ἠ
2594 1026 2895 1097 ἀδελφότης
2916 1027 3066 1089 τινάς
3102 1027 3253 1078 τῶν“
3284 1027 3682 1094 σταυροφόρων
3716 1033 3761 1076 iv

2184 1115 2501 1185 τῇ-Σπάρτη
2533 1116 2623 1168 ἴνα
2654 1118 2945 1185 ἐγκρατεῖς
2983 1117 3083 1185 τῆς
3109 1115 3312 1185 ἀρχῆς
3349 1116 3432 1178 ὡς
3459 1116 3638 1183 κύριοι
3685 1118 3762 1169 καὶ

2183 1206 2444 1259 δεσπόται
2469 1209 2829 1276 γενήσωνται,
2864 1207 3041 1270 όσλαδς
3082 1206 3165 1269 ὡς
3221 1202 3379 1259 εἶδεν
3437 1206 3633 1268 αὐτοὺς
3681 1209 3758 1259 καὶ

2184 1299 2389 1369 ἤκουσε
2414 1298 2483 1351 τά
2506 1302 2797 1367 γενόμενα,
2831 1299 3100 1368 ὥρμησαν
3150 1298 3306 1367 μετὰ
3339 1296 3523 1363 ξύλων
3566 1297 3653 1351 καὶ
3678 1313 3757 1349 πε-

2182 1390 2332 1460 τρῶν
2366 1390 2506 1459 μετὰ
2539 1390 2715 1460 θυμοῦ
2750 1393 3075 1461 δραμόντες,
3115 1392 3213 1444 ἵνα
3256 1392 3395 1454 τοὺς
3440 1390 3759 1456 ἀπεσταλμέ-

2183 1499 2311 1545 νους
2344 1480 2762 1552 σταυροφόρους
2813 1481 3220 1535 ἀποκτείνωσι.
3267 1481 3334 1533 Ὀ
3394 1480 3457 1533 δέ
3493 1479 3755 1550 ἀρχιερεὺς

2181 1575 2484 1628 τοῦντόπου
2522 1573 2740 1636 σταθεὶς
2787 1574 2881 1625 καὶ
2910 1574 3217 1642 ὁμιλήσας,
3258 1573 3355 1627 ἵνα
3411 1572 3488 1644 μὴ
3548 1572 3751 1639 τοιαύτη

2182 1664 2379 1730 ἀταξία
2408 1663 2727 1734 γενήσηται,
2769 1662 3038 1716 ἐδυσώπει
3084 1663 3181 1717 τὸν
3219 1663 3382 1729 λαὸν,
3446 1664 3542 1715 καὶ
3596 1662 3752 1714 πειθό-

2185 1772 2338 1825 μενοι
2374 1757 2487 1818 τοϊς
2544 1754 2739 1806 τούτου
2800 1754 2980 1822 λόγοις
3006 1756 3121 1816 τοῖς
3151 1752 3571 1824 σταυροφόροις
3604 1751 3747 1820 τριῶν

511 1846 675 1899 αὑτὸν
700 1848 759 1898 ἐν
780 1845 1033 1915 ἀσθενείᾳ
1066 1846 1347 1916 βαρυτάτη
1370 1847 1565 1914 ἔχοντα
1592 1846 1687 1899 καὶ
1729 1846 1835 1913 ἔξω
1864 1847 2079 1913 φρενῶν
2112 1829 2157 1891 Β
2185 1845 2410 1917 ἡμερῶν
2430 1845 2637 1917 διορίαν
2671 1845 2898 1910 ἐδωσαν,
2932 1846 3021 1900 ἴνα
3053 1846 3249 1899 ἐκτῶν
3278 1846 3455 1915 ὁρίων
3478 1844 3577 1912 τῆς
3591 1845 3745 1911 Σπάρ-

513 1939 832 2009 ύπάρχοντα
858 1953 872 1967 ’
906 1939 1000 1992 καὶ
1021 1939 1071 1990 οί
1106 1936 1405 2003 σύμϐουλοι
1443 1936 1607 1990 αὑτοῦ
1660 1938 1760 1991 οὐκ
1817 1932 1966 2006 εἶχόν
2023 1955 2075 1991 τι

511 2028 883 2099 ἀποκριθῆναι
910 2027 1081 2098 μόνοι.
1130 2026 1190 2077 '0
1234 2026 1331 2094 μέν
1370 2025 1624 2094 βασιλεὺς
1662 2024 1947 2094 ἄπρακτος
1984 2026 2079 2078 ἐπὶ

509 2120 612 2189 τὴν
647 2115 1227 2171 Κωνσταντινούπολιν
1240 2112 1650 2183 ἐπανέστρεψεν
1667 2115 1762 2169 ἐπὶ
1774 2113 1926 2178 ἔτους
1950 2121 2076 2186 Ιαυε⁹

510 2208 883 2280 Σεπτεμϐρίου
917 2209 1006 2278 ιγ’.

584 2310 685 2369 ις’.
732 2303 820 2357 Ἐν
849 2304 1024 2371 τούτῳ
1062 2301 1140 2371 τῷ
1178 2300 1290 2353 ἔτει
1331 2303 1358 2354 6
1400 2300 1624 2370 ἁμηρᾶς
1670 2297 2075 2369 Μπαγιαζήτης

508 2398 652 2452 κατά
692 2397 790 2465 τῆς
844 2394 1256 2462 Πελοποννήσου
1317 2392 1410 2446 τὸν
1457 2391 1935 2446 Γιακούποπασιᾶν
1982 2392 2077 2446 καὶ

506 2493 601 2545 τὸν
627 2490 911 2558 Βρενάζην
940 2488 1147 2542 ἔστειλε
1188 2488 1327 2548 μετὰ
1369 2486 1605 2556 στρατοῦ
1662 2485 1919 2556 χιλιάδων
1952 2500 2078 2537 πεν-

507 2583 783 2652 τήκοντα’
823 2581 919 2634 καὶ
949 2583 1007 2634 ἐν
1037 2579 1118 2651 τῷ
1143 2579 1486 2651 ἀπέρχεσθαι
1518 2578 1626 2650 63
1670 2578 1868 2641 αὐτοὺς
1912 2578 1969 2631 ἐν
2006 2578 2074 2646 τῇ

506 2673 612 2745 ὁδῷ
643 2675 739 2728 καὶ
767 2673 917 2728 ἔνδον
945 2674 1043 2743 τῆς
1076 2658 1492 2741 Πελοποννήσου
1538 2671 1849 2740 φθάσαντες
1890 2668 2077 2729 ¹πολλά

509 2766 654 2819 κακὰ
683 2765 957 2819 καὶδεινὰ
984 2765 1080 2819 καὶ
1126 2763 1604 2834 ἀνδραποδισμοὺς
1662 2756 1779 2839 τοῖς
1806 2762 2073 2830 Χριστιατ-

505 2861 617 2921 νοῖς
647 2857 946 2927 ἐπέθηκαν,
972 2855 1156 2920 καθὼς
1182 2857 1239 2909 ἐν
1264 2856 1434 2925 ὀλίγῳ
1488 2854 1592 2925 ἐπὶ,
1633 2854 1733 2923 τῆς
1774 2838 1928 2922 ζωῆς
1981 2848 2075 2903 τοῦ

507 2948 910 3020 Μπαγιαζήτου
940 2949 1263 3019 ῥηθήσεται.
1319 2948 1377 3001 '0
1408 2946 1464 3001 δέ
1518 2945 1788 3015 δεσπότης
1817 2944 1922 3014 κὺρ
1946 2940 2076 2996 Θεό-

505 3041 678 3110 δωρος
710 3040 954 3111 θεωρῶν
1008 3042 1076 3094 τὰ
1125 3040 1241 3094 τῶν
1298 3038 1592 3109 Ῥωμαίων
1638 3040 1943 3107 πράγματα
1993 3035 2075 3089 ὅτι

506 3132 683 3194 οὕτως
738 3135 927 3197 κακῶς
979 3135 1271 3197 διέκειντο,
1314 3132 1409 3185 καὶ
1448 3133 1550 3201 τὴν
1615 3130 1772 3183 πόλιν
1819 3127 2074 3182 τοσοῦτον
2100 3162 2145 3224 C

408 3266 411 3269 ς
509 3225 701 3293 καιρὸν
734 3225 1153 3281 κινδυνεύουσαν
1202 3223 1718 3293 ἀποκεκλεισμένην
1770 3223 1865 3276 καὶ
1896 3237 2077 3275 στενο-

508 3412 744 3467 hostium
783 3409 1200 3479 propulsandum
1256 3409 1490 3478 reliquit.
1526 3407 1645 3478 ipse
1673 3422 1793 3462 cum
1841 3408 2076 3475 impera-

502 3507 644 3571 trice
684 3504 911 3573 conjuge
957 3502 1011 3556 in
1054 3487 1478 3571 Peloponnesum
1524 3499 1816 3569 profectus,
1872 3501 2077 3569 Spartae

508 3612 630 3650 eam
673 3596 814 3665 apud
840 3594 1179 3649 Theodorum
1212 3592 1430 3646 fratrem
1486 3591 1736 3659 deposuit
1765 3601 1819 3645 et
1870 3590 2074 3646 italiam

507 3701 696 3740 versus
755 3686 1037 3754 processit.
1105 3683 1341 3737 Primum
1396 3681 1653 3737 Venetias
1704 3681 1895 3747 venit;
1952 3680 2075 3739 inde

508 3779 575 3832 ad
607 3780 799 3834 ducem
821 3776 1298 3831 Mediolanensium
1342 3775 1600 3844 perrexit,
1632 3776 1723 3842 qui
1759 3788 1881 3828 eum
1907 3774 2076 3828 bono-

512 3871 911 3925 riliceutissinte
942 3879 1105 3938 atque
1134 3883 1331 3936 magno
1354 3884 1475 3922 cum
1508 3875 1725 3936 sumptu
1762 3877 1815 3920 et
1839 3881 1959 3921 cum
1991 3881 2076 3921 sa-

509 3961 770 4017 tellitibus
787 3960 1017 4027 excepit,
1042 3959 1327 4027 eidemque
1338 3960 1577 4026 equitum
1597 3958 1940 4027 peditumque
1964 3972 2077 4011 ma-

507 4070 669 4124 gnum
693 4054 1006 4109 comitatum
1031 4051 1098 4105 ad
1123 4066 1297 4119 regem
1342 4049 1671 4102 Francorum
1708 4048 1875 4109 dedit,
1915 4047 2074 4116 polli-

508 4129 672 4210 citus,
731 4146 778 4200 si
829 4144 1009 4197 caeteri
1060 4143 1454 4201 consentirent,
1504 4148 1677 4194 semet
1707 4139 1781 4192 illi
1812 4148 1866 4192 et
1900 4139 2073 4206 impe-

448 4220 455 4221 ί
509 4238 591 4291 rio
618 4234 981 4291 Boruanosua
1014 4242 1206 4301 sponte
1228 4233 1430 4286 auxilio
1471 4243 1755 4286 venturum
1778 4224 1857 4297 ac
1882 4231 2075 4284 discri-

510 4343 634 4382 men
658 4325 1006 4396 depulsurum
1041 4323 1289 4379 esse.,Ad
1323 4338 1500 4390 regem
1561 4321 1895 4375 Francorum
1949 4335 2072 4373 cum

507 4420 770 4479 venisset,
808 4417 996 4487 morbo
1053 4414 1371 4486 gravissimo
1422 4428 1544 4466 eum
1595 4411 1993 4466 conﬂictantem
2020 4422 2074 4466 et

2178 1951 2276 2005 της
2313 1935 2448 2005 μετὰ
2481 1936 2705 2003 εἰρήνης
2730 1936 3193 2004 ἀναχωρήσωσινσ
3239 1937 3292 1988 εί
3331 1936 3390 1988 δὲ
3421 1935 3602 1995 ἄλλως
3624 1935 3741 2001 πρά·

2180 2025 2364 2091 ξωσιν,
2399 2026 2553 2079 αὐτοὶ
2577 2024 2824 2094 ὄψονται.
2870 2024 3093 2089 Ἰδόντες
3146 2023 3253 2082 οὗν
3286 2022 3445 2082 οὗτοι
3492 2029 3573 2080 ὅτι
3616 2027 3741 2078 οὐδὲν

2178 2117 2522 2187 κατώρθουν,
2552 2116 2689 2171 ἀλλὰ
2752 2117 2953 2187 μᾶλλον
3015 2118 3261 2187 θόρυϐος
3332 2121 3432 2172 καὶ
3500 2117 3738 2171 σκάνδαλα

2178 2208 2419 2277 ἐγίνοντο
2452 2209 2547 2262 καὶ
2583 2206 2683 2278 τὴν
2723 2207 2873 2276 ζωὴν
2910 2209 3152 2277 μάλιστα
3188 2210 3579 2273 ἐκινδύνευον,
3611 2190 3741 2277 ἐγερέ

2177 2301 2363 2364 θέντες
2390 2300 2501 2372 δή,
2529 2300 2946 2372 ἐπανέστρεψαν
2980 2303 3195 2355 οἴκαδε.
3237 2304 3307 2355 Oi
3331 2302 3389 2354 δὲ
3422 2301 3734 2370 Σπαρτιᾶται

2176 2395 2267 2447 τὸν
2289 2395 2553 2464 πρόεδρον
2587 2393 2768 2448 αὐτῶν
2810 2393 2908 2447 καὶ
2930 2394 3105 2448 δοῦκα
3140 2394 3441 2462 ἐψήφισαν
3472 2387 3633 2451 εἶναι,
3657 2390 3735 2440 καὶ

2178 2487 2475 2549 πολιτικῶς
2532 2487 2628 2540 καὶ
2688 2475 3167 2555 ἐκκλησιαστικῶς
3215 2485 3421 2556 ἦθελον
3477 2482 3729 2551 κρίνεσθαι

2177 2578 2276 2630 καὶ
2325 2575 2704 2647 κυϐερνᾶσθαι
2762 2578 2854 2630 ὑπ’
2887 2578 3073 2631 αὑτοῦ.
3229 2576 3290 2629 δὲ
3343 2575 3610 2643 δεσπότης
3650 2573 3734 2638 itin

2176 2668 2456 2739 Θεόδωρος
2486 2668 2563 2731 ώς
2588 2665 2695 2721 εἶδε
2725 2668 2825 2731 τὰς
2848 2669 3072 2731 ἐλπίδας
3108 2668 3479 2737 ψευσθείσας,
3528 2667 3590 2718 τὰ
3621 2662 3729 2732 χρὴ-

2181 2777 2328 2829 ματα
2360 2760 2396 2813 ἀ
2434 2760 2601 2815 ἔλαϐε
2629 2764 2696 2829 τῇ
2737 2762 3065 2830 ἀδελφότητι
3100 2762 3340 2822 ἐκτίνας
3380 2759 3620 2818 ὄπισθεν,
3664 2756 3729 2814 εἰς

2177 2855 2435 2925 Σπάρτην
2464 2854 2522 2908 ἐν
2544 2857 2615 2925 τῇ
2644 2855 2809 2908 αὑτοῦ
2866 2857 3012 2925 ἀρχῇ
3054 2854 3232 2907 θέλων
3270 2853 3476 2915 ἐλθεῖν,
3500 2853 3594 2903 οὐκ
3629 2845 3728 2914 ἤθε-

2176 2947 2265 3000 λεν
2290 2946 2547 3017 δεχθῆναι
2568 2948 2732 3000 αὐτὸν
2754 2950 2787 2999 6
2805 2948 2996 3016 δῆμος,
3019 2948 3160 2999 ἀλλά
3201 2947 3449 3015 μάλιστα
3475 2943 3567 2996 καὶ
3587 2938 3724 3005 ὕϐρε-

2178 3054 2264 3091 σιν
2287 3038 2601 3093 ἐνὲπλυνσν.
2648 3039 2757 3093 Καὶ
2798 3038 3009 3090 πολλῶν
3063 3038 3250 3104 λόγων
3311 3034 3613 3105 γενομένων
3646 3026 3722 3077 καὶ

2178 3130 2488 3185 σκανδάλων
2519 3132 2671 3193 τέλος
2700 3132 3055 3199 ἐμεσίτευσεν
3080 3132 3106 3181 6
3133 3130 3462 3198 ἀρχιερεὺς,
3520 3121 3607 3176 καὶ
3633 3119 3719 3168 πά-

2178 3222 2263 3277 λιν
2301 3223 2601 3293 ἐδέχθησαν
2632 3216 2725 3276 καῖ
2759 3222 3022 3292 ἔστερξαν
3051 3221 3219 3273 αὑτὸν
3249 3217 3393 3273 εἶναι
3434 3217 3507 3276 ώς
3548 3212 3633 3265 καὶ
3665 3206 3715 3259 τὸ

2178 3403 2428 3459 Rhodum
2480 3403 2751 3473 trajectus,
2798 3403 3007 3471 Sparta:
3075 3403 3444 3471 principatum
3504 3390 3717 3450 societati

2175 3496 2402 3553 Joannis
2441 3497 2714 3568 prophetae
2747 3506 2800 3551 et
2846 3497 3090 3565 baptistze
3142 3494 3406 3549 vendidit.
3466 3487 3598 3544 Misit
3660 3497 3713 3537 ea

2177 3591 2408 3653 societas
2460 3588 2708 3658 Spartam
2757 3588 3070 3655 crucigeros
3105 3586 3314 3657 aliquot
3361 3586 3426 3637 ad
3455 3597 3566 3636 enm
3608 3587 3713 3645 pro-

2177 3680 2410 3735 vinciam
2439 3679 2803 3748 occupandam
2835 3690 2893 3733 et
2918 3679 3019 3733 sibi
3058 3677 3439 3733 vindicandam
3464 3682 3520 3726 ut
3563 3664 3713 3723 domi-

2179 3773 2283 3827 nis.
2315 3771 2523 3837 Quibus
2559 3770 2748 3826 incolte
2779 3769 3083 3839 conspectis
3110 3780 3165 3822 et
3208 3769 3428 3828 auditis,
3458 3776 3569 3833 qua:
3617 3762 3712 3810 acta

2177 3872 2381 3926 essent,
2416 3863 2665 3917 hortante
2698 3862 3000 3925 iracundia,
3031 3876 3173 3915 cunt
3209 3861 3381 3915 clavis
3406 3866 3461 3911 et
3510 3851 3710 3907 sasisal

2158 3970 2269 4010 ,eos
2297 3956 2618 4009 occidendos
2652 3963 2998 4024 procurrunt.
3048 3955 3115 4006 At
3147 3951 3532 4024 superveniens
3572 3954 3617 3996 et
3642 3943 3712 3991 iu-

2179 4053 2459 4105 tercedens
2490 4052 2605 4116 ejus
2633 4050 2869 4120 regionis
2921 4050 3231 4119 episcopus,
3282 4060 3348 4100 ne
3390 4044 3518 4098 tales
3570 4033 3710 4089 turbl'c

2176 4142 2812 4211 orirentur,objurgabat
2844 4143 3267 4206 multitudinem,
3290 4154 3408 4207 qua:
3432 4133 3583 4189 dictis
3611 4128 3708 4193 ejus

2175 4233 2456 4299 obsecuta,
2500 4236 2662 4288 trium
2713 4235 2921 4289 dierum
2972 4235 3209 4303 spatium
3277 4224 3561 4295 crucigcris
3599 4218 3705 4301 θρη-

2176 4325 2361 4388 cessit,
2394 4339 2501 4395 quo
2532 4342 2561 4378 e
2595 4323 2803 4393 Sparta:
2847 4326 3046 4379 ﬁnibus
3082 4323 3265 4392 quiete
3298 4321 3618 4377 excederent.
3658 4304 3702 4356 Si

2176 4430 2339 4469 secus
2370 4415 2639 4471 fecissent.
2678 4418 2823 4482 ipsos
2852 4431 3194 4484 experturos,
3242 4431 3349 4483 quo
3379 4426 3436 4465 ea
3494 4420 3570 4458 res
3600 4412 3703 4451 eve:-

512 4510 707 4565 tueutis
741 4508 992 4575 impotem
1038 4507 1273 4574 reperit;
1305 4519 1403 4569 uec
1454 4504 1728 4557 habebant
1777 4503 2072 4557 consiliarii
2102 4493 2304 4560 Dsura
2358 4516 2521 4560 esset.
2564 4504 2662 4568 Illi,
2714 4522 2836 4561 cum
2880 4508 3013 4561 nihil
3046 4521 3104 4561 se
3146 4507 3378 4567 eﬂicere,
3424 4498 3510 4553 sed
3548 4493 3702 4575 turhiIs

507 4602 647 4667 ejus,
697 4599 799 4656 soli
848 4598 988 4666 quod
1040 4597 1114 4650 illi
1172 4611 1488 4664 responsum
1544 4598 1755 4648 darent.
1796 4593 1977 4663 Itaque
2018 4606 2077 4647 re

508 4690 705 4745 infecta
729 4690 1025 4757 imperator
1055 4684 1259 4753 Cpolitn
1294 4682 1476 4750 rediit,
1505 4698 1646 4738 anno
1673 4682 1835 4747 1405,
1874 4685 2077 4739 mensis

508 4778 839 4847 Septembris
883 4776 969 4829 die
1005 4774 1087 4829 l3.

479 4861 489 4941 ι
577 4868 664 4924 16.
696 4868 895 4935 Eodem
922 4879 1065 4923 anno
1099 4862 1379 4933 Bajazetes
1417 4875 1628 4916 atneras
1655 4859 2075 4930 Giacup-pasia-

508 4980 630 5018 nem
660 4972 713 5019 et
748 4961 1040 5015 Brenazetn
1095 4956 1151 5011 in
1179 4956 1610 5025 Peloponnesum
1658 4967 1780 5021 cum
1830 4953 2073 5007 exercitu

506 5051 895 5124 quinquaginta
922 5050 1145 5104 millium
1192 5047 1377 5102 misit:
1413 5046 1503 5114 qui
1532 5055 1587 5100 et
1620 5046 1672 5099 in
1728 5046 1843 5113 ipso
1880 5043 2073 5101 itinere

508 5154 562 5197 et
592 5144 647 5199 in
684 5141 1054 5210 Peloponneso
1089 5136 1272 5191 multis
1325 5135 1706 5199 incommodis,
1747 5132 2071 5187 calamitati-

508 5239 611 5290 bus
653 5249 717 5288 ac
768 5232 1003 5289 servitiis
1055 5229 1392 5285 Christianos
1438 5226 1763 5290 aﬂlixerunt,
1800 5236 1860 5279 ut
1910 5225 2073 5293 pauio

508 5325 728 5378 infrain
758 5325 867 5378 vita
926 5320 1195 5390 Bajazetis
1251 5318 1577 5373 narrabitur.
1611 5316 1928 5374 Theodorus
1976 5316 2069 5369 de-

508 5426 683 5482 Sjtota,
711 5428 832 5466 cum
875 5428 987 5467 rem
1030 5410 1323 5464 Romanam
1377 5419 1483 5463 tam
1536 5409 1675 5462 male
1705 5407 1955 5462 allectat!)
2016 5416 2070 5461 et

509 5508 698 5559 urbem
733 5515 840 5558 tam
891 5504 979 5557 diu
1043 5502 1459 5573 periclitantem,
1498 5501 1773 5557 obsessam
1806 5510 1860 5555 et
1916 5502 2067 5568 gravi

512 5595 654 5650 [ante
683 5608 1019 5665 oppressam,
1056 5593 1248 5647 deinde
1274 5592 1698 5661 Peloponnesum
1740 5590 1877 5645 bello
1911 5604 2068 5645 vexa-

508 5698 643 5755 tani,
670 5700 722 5744 et
762 5687 1187 5743 Christianorum
1221 5685 1522 5755 principum
1559 5686 1757 5740 nullum
1787 5686 1889 5741 sibi
1918 5685 2068 5739 auxi-

508 5784 760 5839 liaturutn
809 5781 1040 5844 videret,
1081 5780 1241 5848 ,οηιηὶ
1285 5793 1381 5849 spe
1428 5778 1657 5847 abjecta,
1706 5795 1808 5833 una
1860 5777 2064 5833 triremi

2179 4610 2241 4653 ac
2270 4597 2535 4675 tumultus
2558 4597 2785 4650 excitari
2834 4604 2995 4665 atque
3022 4597 3183 4649 vitam
3239 4608 3388 4650 suam
3447 4590 3493 4640 in
3531 4573 3694 4634 discri—

2180 4702 2299 4741 men
2328 4670 2521 4741 adduci
2550 4688 2814 4753 viderent,
2843 4689 3035 4742 castris
3088 4688 3271 4751 motis,
3306 4686 3513 4739 domum
3549 4670 3693 4726 redie-

2177 4786 2325 4831 runt.
2360 4777 2610 4845 Spartani
2639 4778 2947 4846 episcOputn
2988 4779 3152 4833 etiam
3210 4776 3479 4843 praesidem
3526 4763 3691 4817 sullra-

2177 4866 2280 4935 giis
2306 4868 2707 4921 constituerunt
2734 4854 2882 4922 etab
2919 4882 2985 4921 eo
3023 4882 3134 4921 rem
3159 4883 3311 4922 suam
3364 4873 3465 4917 tam
3510 4850 3689 4909 civilem

2177 4970 2339 5026 quam
2375 4958 2798 5014 ecclesiasucam
2826 4960 3194 5014 administrari
3233 4959 3521 5013 voluerunt.
3541 4942 3579 4996 T
3586 4938 3688 4993 hed-

2176 5050 2363 5115 δοτυες
2417 5064 2539 5104 cum
2570 5065 2634 5104 se
2658 5064 2753 5119 spe
2800 5050 2995 5104 falsum
3024 5063 3147 5105 esse
3196 5049 3433 5106 vidisset,
3471 5030 3686 5128 pecunia.

2174 5156 2336 5210 quam
2413 5151 2718 5209 acceperat,
2766 5141 3010 5197 societati
3063 5144 3329 5204 restituta,
3373 5135 3597 5203 Spartam
3637 5132 3679 5170 tn

2175 5232 2505 5301 provinciam
2534 5247 2684 5287 suam
2724 5234 3014 5298 rediturus,
3060 5247 3164 5287 non
3190 5226 3527 5300 recipiebatur
3550 5232 3575 5266 a
3604 5222 3683 5277 Ρ⁰⁴

2174 5324 2322 5393 pulo,
2354 5324 2447 5379 sed
2484 5324 2858 5393 exagitabatur
2885 5324 3165 5379 conviciis.
3205 5321 3328 5378 Post
3372 5312 3551 5371 multos
3581 5312 3681 5355 tau-

2174 5416 2297 5470 dem
2362 5430 2642 5469 sermones
2678 5425 2733 5469 et
2766 5415 3049 5479 tumultus,
3083 5415 3397 5471 conciliante
3441 5400 3675 5488 episcopo.

2174 5523 2295 5563 eum
2326 5506 2595 5575 recipiunt
2620 5516 2674 5560 et
2696 5507 2985 5575 pristinum
3033 5507 3277 5562 obtinere
3318 5497 3525 5574 gradum
3567 5489 3678 5553 1³³⁸⁸·

2174 5607 2355 5651 untur.
2388 5595 2707 5665 Priusquam
2751 5608 2927 5652 tamen
2978 5599 3366 5655 restitueretur,
3403 5584 3676 5643 sacramen-

2175 5689 2243 5742 tis
2275 5703 2397 5742 eum
2449 5688 2973 5759 obstrinxerunthne
3020 5704 3254 5756 unquam
3309 5690 3497 5740 memor
3539 5667 3669 5721 εεεοίο

2171 5794 2289 5847 qua:
2328 5777 2597 5832 fecisscztt.
