3990 6556
260 430 283 443 ⁸
319 432 439 496 693

1382 440 1836 502 CHRONICON
1881 442 2154 505 MAJUS.
2195 470 2263 479 —
2290 445 2437 506 LIB.
2486 445 2533 506 Ι.

3451 400 3560 498 (δυ-ι
3584 406 3587 409 ’

315 544 632 615 κρημνώδη
662 538 828 611 εἶναι,
856 544 1037 599 καὶτὸ
1066 545 1236 617 κλίμα
1278 547 1459 603 ἐκεῖνο
1509 549 1769 619 ψυχεινδν
1802 550 1894 605 καὶ
1922 556 1966 611 Α
1997 570 2134 623 ροις,
2167 554 2264 606 καὶ
2283 552 2460 616 ἄλλως
2488 548 2829 611 κοινωνικῶς
2852 546 2914 599 τδ
2935 540 3066 610 ἦθος
3115 542 3225 605 τοῖς
3273 542 3369 594 ὑπ’
3392 541 3605 621 αὐτὸν,

318 637 660 706 δριμύτατον
689 632 779 707 ἦν.
812 636 948 691 Τότε
980 637 1075 692 καὶ
1115 638 1387 709 χειμῶνος
1417 643 1816 711 ἐπιγενομένου
1837 644 1888 695 οἱ

318 730 489 782 ἰπποι
538 729 769 783 πλεῖστα
808 730 1220 801 ἐσαθρώσαντο.
1266 732 1327 786 '0
1382 733 1439 786 δὲ
1495 733 1751 804 βασιλεὺς
1790 735 1891 805 τὴν

314 818 436 871 τῶν
471 818 658 872 ῐππων
685 818 993 888 μεθοδεύων
1011 819 1342 887 κυλλότητα,
1388 822 1620 890 περιιὼν
1647 821 1708 873 τὸ
1728 822 1892 891 στρά-

313 925 509 977 τευμα
559 909 628 963 τά
694 910 889 982 εὐγενῆ
946 912 1057 965 τῶν
1116 911 1415 984 ὀχημάτων
1477 911 1753 981 συνέλεγε,
1798 913 1893 965 καὶ

318 1000 505 1053 ταῦτα
532 1001 711 1065 διδοὺς
752 1002 1048 1072 Ῥωμαίοις
1079 1020 1141 1058 τε
1173 1006 1265 1057 καὶ
1302 1003 1526 1066 Ἰταλοῖς
1583 1005 1679 1056 καὶ
1706 1003 1893 1057 ὁπόσοι

322 1092 655 1163 κοντοφόροι
708 1092 923 1146 εἴδεσαν
974 1092 1370 1164 δεξιοστρόφοι,
1431 1094 1795 1165 επιστάμενος
1829 1093 1895 1148 δι’

320 1186 516 1239 αὐτῶν
534 1186 896 1242 ἀνθίστασθαι
912 1190 1026 1252 τοῖς
1053 1188 1339 1257 πολεμίοις
1362 1188 1459 1241 καὶ
1477 1188 1895 1259 ἀντιμαχεσθαι.

326 1277 446 1329 Καὶ
478 1276 654 1330 ταῦτα
684 1279 712 1331 6
745 1278 1005 1347 βασιλεὺς
1056 1279 1385 1348 μεθοδεύων,
1422 1268 1541 1336 ’καὶ
1574 1279 1898 1349 συμπλοκῆς

330 1368 639 1439 μελλούσης
663 1369 939 1437 γενέσθαι,
984 1370 1221 1442 ἱππότην
1256 1372 1529 1443 ὲρπίσημον
1569 1372 1630 1436 ἐξ
1668 1372 1899 1435 Ἰταλίας

328 1459 661 1529 ὁρμώμενον
683 1459 924 1527 ἔφιππον
975 1461 1315 1533 θεασάμενος
1350 1463 1679 1533 παρεστῶτα
1713 1465 1899 1528 πεζὸν,

343 1549 606 1617 Ἰωάννην
630 1550 723 1604 τὸν
754 1550 973 1621 ἀνεψιὸν
1003 1552 1295 1607 ἐκέλευσεν
1320 1551 1700 1621 ἀποδῆναιτοῦ
1741 1552 1902 1623 Ἀραρ

332 1637 499 1690 ὄικοῦ
532 1639 702 1694 ἵππου
731 1640 926 1695 τούτου
958 1644 1043 1711 ἐφ’
1072 1638 1132 1697 οὐ
1162 1642 1270 1713 ⁷ο
1294 1640 1363 1713 ἦν
1391 1645 1781 1715 ἐποχούμενος,
1812 1646 1904 1698 καὶ

1999 618 2407 715 παρεχόμενος,
2435 644 2537 714 ἤδη
2561 646 2852 714 κράτιστον
2876 641 2991 700 τοῖς
3028 636 3456 706 στρατηγοῦσιν,
3501 618 3571 684 ὲν

1999 730 2080 798 οἷς
2104 737 2198 789 καὶ
2232 736 2493 806 τρόπαια·
2517 735 2639 789 ὅθεν
2663 733 2760 787 καὶ
2786 731 2963 801 αἴρειν
2993 728 3156 790 εὐθὺς
3178 724 3272 778 τοῦ
3332 723 3562 789 σκοποῦ,

2000 823 2095 877 καὶ
2129 824 2203 888 ὡς
2246 825 2401 877 κοινὰ
2429 823 2500 876 τά
2529 822 2621 875 ὐπ’
2656 819 2823 875 αὐτοῦ
2846 817 3082 888 ἐχόμενα
3106 814 3281 867 ἐποίει
3328 814 3423 865 καὶ
3447 809 3565 863 ἕλε-ι

1976 924 2099 984 γεν
2129 912 2295 972 εἶναι.
2329 915 2455 979 Τοῖς
2486 916 2652 968 πᾶσιν
2684 908 2755 982 ἦν
2813 908 3108 977 συμπονῶν
3157 908 3214 961 ὲν
3243 905 3366 968 ταῖς
3395 901 3563 971 ἀνάγ·
3610 898 3613 903 ’

2001 1027 2131 1074 καις
2167 1009 2376 1072 αὐτῶν,
2413 1009 2511 1063 καὶ
2556 1006 2775 1077 ὲδοήθει
2828 1005 2926 1059 καὶ
2963 1003 3288 1072 ἐθεράπευε,
3329 998 3427 1053 καὶ
3466 997 3593 1062 τὰς

2003 1103 2271 1173 διαφορὰς
2298 1103 2395 1166 τάς
2425 1100 2707 1170 φυομένας
2746 1097 3022 1168 ἀναμέσον
3059 1096 3163 1165 71
3224 1092 3406 1148 αὐτῶν
3448 1092 3571 1146 ἔθεε
3604 1157 3611 1166 ι

2007 1195 2212 1264 ράπευε
2245 1194 2340 1247 καὶ
2367 1192 2601 1261 διώρθου
2639 1191 2735 1243 καὶ⁸
2763 1189 3041 1260 είρήνευε.
3074 1183 3185 1241 Καὶ
3215 1184 3390 1247 οὐδεὶς
3416 1184 3579 1238 ἀντι-ν
3635 1242 3638 1246 Α

2006 1286 2198 1353 λέγετο
2238 1286 2352 1346 τοῖς
2403 1284 2588 1351 λόγοις
2629 1283 2724 1337 καὶ
2750 1280 3057 1350 θελήμασιν
3088 1276 3291 1331 αὐτοῦ·
3341 1277 3436 1329 καὶ
3469 1274 3583 1328 ὐπδη

2006 1374 2108 1428 τοῦ
2144 1374 2411 1445 πενθερού
2455 1373 2715 1428 τοσοῦτον
2770 1372 3038 1443 ἠγαπήθη
3092 1368 3328 1423 καὶτῶν
3370 1366 3573 1438 ἐτέρων
3621 1360 3623 1363 ’

2009 1469 2230 1523 πάντων
2254 1466 2397 1530 ᾧστε
2419 1469 2488 1520 τὰ
2518 1467 2617 1519 ὅσα
2656 1465 2851 1534 ἧθελεν
2872 1464 3113 1533 ἔπραττε
3137 1460 3234 1515 καὶ
3255 1461 3305 1513 οί
3358 1458 3575 1530 βάρϐα-

2012 1578 2095 1631 ροι
2119 1562 2193 1622 ὡς
2216 1558 2470 1628 δεύτερον
2498 1556 2746 1625 Μωάμεθ
2774 1554 3058 1621 ὲδόξαξον.
3102 1546 3272 1615 Οὗτος
3302 1551 3361 1603 δὲ
3410 1550 3576 1619 γεννᾷ

2010 1653 2125 1705 υἱὸν
2153 1651 2377 1721 ὀνόματι
2430 1648 2853 1717 Σωλιμάν-Σιάχ
2902 1650 2966 1699 ὲκ
3019 1644 3122 1713 τῆς
3171 1641 3437 1712 Καμερὼ,
3481 1640 3577 1694 καὶ
3678 1660 3681 1665 ·

329 1731 521 1785 δοῦναι
544 1734 707 1787 αὐτὸν
729 1734 805 1804 τῷ
836 1734 1046 1805 Ίταλῷ.
1088 1735 1149 1789 '0
1198 1737 1254 1789 δὲ
1289 1739 1675 1808 φρονηματίας
1706 1736 1781 1791 ὣν
1809 1738 1903 1790 καὶ
2012 1744 2315 1806 παιδεύσας
2347 1742 2515 1795 αὑτὸν
2552 1741 2845 1811 Ἐλληνικῇ
2906 1739 3003 1794 καὶ¹
3072 1736 3340 1807 ’Λρασικῇ
3396 1735 3577 1805 σοφίᾳ.
3604 1728 3627 1789 η’
3704 1752 3707 1753 ⁷

332 1822 546 1891 γαῦρος
602 1824 768 1878 πλέον
806 1824 899 1878 τοῦ
933 1826 1170 1892 δέοντος,
1213 1827 1289 1896 τῷ
1332 1828 1425 1880 τοῦ
1490 1827 1756 1896 βασιλέως
1811 1829 1905 1881 καὶ
2013 1836 2156 1889 κατά
2184 1835 2366 1889 πάντα
2395 1832 2592 1896 ἐοικὼς
2618 1828 2791 1903 ἦντῷ
2841 1829 3034 1898 πατρὶ,
3081 1827 3179 1880 καὶ
3214 1826 3444 1879 πλείστα
3476 1824 3577 1892 ηὐ-
3619 1822 3623 1827 ⁷

332 1912 485 1965 θείου
526 1913 761 1985 ἀντέστη
813 1915 1169 1985 κελεύσματι,
1232 1919 1644 1987 αὐθαδεστέραν
1686 1918 1783 1989 τὴν
1818 1920 1909 1971 ἀν·
1941 1906 1987 1962 Β
2010 1926 2277 1981 massam.
2305 1926 2468 1979 αὑτὸν
2499 1927 2547 1978 οἱ
2577 1923 2881 1994 Βάρὸαροι.
2914 1920 3027 1975 Καὶ
3076 1921 3136 1972 ἐν
3180 1916 3258 1988 τῷ
3306 1916 3459 1986 τόπῳ
3486 1914 3587 1968 καὶ
3618 1909 3632 1915 ⁴’

331 2005 596 2077 τεῤῥησιν
628 2008 1000 2078 ποιησάμενος
1022 2027 1036 2042 ⁸
1069 2011 1146 2081 μὴ
1194 2012 1289 2064 ἐπὶ
1315 2011 1454 2065 πολὺ
1489 2012 1547 2064 δὲ
1581 2012 1721 2081 ἔχων
1755 2011 1906 2065 ἀνθί-
2013 2017 2165 2087 πάσῃ
2199 2018 2264 2087 τῇ
2292 2016 2557 2085 ἐπαρχία,
2614 2014 2745 2067 ἔνθα
2788 2013 2890 2081 τὴν
2936 2009 3265 2077 κατοίκησιν
3321 2008 3579 2070 ἐποιεῖτο,
3622 2001 3633 2014 ’

334 2099 574 2152 στασθαι
600 2098 678 2168 τῷ
708 2098 835 2168 θείφ
859 2098 954 2151 καὶ
979 2099 1199 2169 βασιλεῖ
1227 2101 1399 2172 (ἑώρα
1431 2102 1567 2171 πρὸς
1594 2102 1766 2173 ὀργὴν
1803 2101 1910 2172 γὰρ
2012 2108 2282 2179 αὐθέντης
2312 2107 2659 2161 καθίσταται·
2692 2104 2788 2159 καὶ
2837 2106 2867 2172 ἡ
2901 2102 3061 2172 φήμη
3088 2099 3253 2169 αὐτοῦ
3290 2099 3369 2161 είς
3402 2094 3631 2151 πᾶσαν”“

335 2188 730 2261 ἔπιδράξοντα)
786 2191 936 2245 ἄκων
990 2195 1086 2245 καὶ
1120 2194 1195 2263 μὴ
1226 2193 1555 2263 βουλόμενος
1588 2194 1678 2249 τὸν
1736 2195 1908 2247 ῐππον
2012 2202 2112 2270 τὴν
2161 2202 2348 2254 Ἀσίαν
2411 2199 2671 2270 διέδραμε
2714 2197 2808 2251 καὶ
2860 2198 3099 2268 διέρῤεε.
3160 2195 3273 2248 Καὶ
3324 2192 3582 2252 πλείστας
3618 2188 3633 2222 ί

336 2278 421 2347 τῷ
465 2279 652 2350 Ἰταλῷ
675 2279 887 2348 δίδωσι,
920 2282 1355 2352 μετακελητίσας
1376 2287 1454 2347 εἰς
1489 2286 1679 2353 ἕτερον
1702 2286 1909 2355 ὄχημα.

337 2371 514 2434 Αὐτὸς
543 2371 789 2438 ἀθυμίας
817 2374 1032 2444 πλήρης
1063 2377 1161 2428 καὶ
1206 2375 1426 2446 βράζων
1461 2376 1619 2446 θυμῷ
1653 2378 1913 2446 ἄντικρυς

336 2461 657 2529 γενόμενος,
690 2462 879 2531 φυγὼν
900 2463 1037 2534 πρὸς
1072 2464 1287 2533 Πέρσας
1326 2464 1630 2533 αὐτόμολος
1663 2467 1902 2534 γίνεται.

342 2554 451 2606 ὐν
483 2554 575 2607 καὶ
602 2554 859 2623 ἀσμένως
890 2558 987 2610 καὶ
1020 2556 1309 2620 ἀσπασίως
1333 2558 1698 2627 προσεδέξατο
1720 2560 1750 2611 6
1772 2560 1916 2631 ἀμησ

345 2647 449 2714 ρᾶς
481 2648 576 2701 καὶ
599 2648 802 2709 πάντες
828 2648 876 2700 ot
935 2647 1204 2718 βάρϐαροι
1229 2664 1243 2679 ⁸
1296 2651 1391 2701 καὶ
1423 2649 1521 2719 τὴν
1575 2650 1631 2702 ὲν
1693 2648 1915 2720 Χριστῷ

342 2739 532 2792 πίστιν
564 2724 971 2809 ἐξομοσάμενος
994 2739 1119 2792 ἀντὶ
1161 2740 1415 2795 Ἰωάννου
1459 2740 1739 2809 Τζελεπῆς
1779 2741 1914 2795 ὠνό-

349 2849 581 2900 μασται,
614 2832 709 2884 καί
736 2848 859 2884 τινα
898 2830 1126 2902 ὀνόματι
1176 2830 1417 2901 Καμερὼ
1466 2830 1560 2884 τοῦ
1600 2833 1791 2903 ἀμηρᾶ
1823 2833 1916 2885 θυ-

344 2922 559 2993 γατέρα
592 2924 825 2991 γυναῖκα
864 2924 1048 2989 ἔλαϐε,
1110 2924 1205 2978 καὶ
1262 2925 1467 2992 προῖκα
1522 2922 1724 2977 ἕδωσεν
1766 2923 1917 2994 αὐτῷ

344 3015 552 3078 τόπους
582 3014 678 3067 καὶ
703 3013 888 3085 χώρας
921 3016 1017 3068 καὶ
1050 3015 1241 3079 πόλεις
1296 3016 1390 3069 καὶ
1422 3015 1685 3087 χρήματα
1717 3017 1913 3071 πολλά.

346 3100 460 3156 Ἷῐν
484 3103 542 3156 δὲ
573 3104 603 3156 6
633 3104 774 3175 ἀνὴρ
796 3105 897 3175 τῆς
940 3104 1266 3177 Ἑλληνικῆς
1302 3106 1509 3175 σοφίας
1543 3106 1643 3160 οὐκ
1680 3106 1915 3177 apstu-

348 3211 443 3259 τος
475 3194 570 3248 καὶ
593 3196 652 3248 ὲν
674 3194 751 3265 τῷ
775 3194 957 3263 λέγειν
991 3198 1059 3265 τῇ
1113 3194 1379 3266 Ἀρασικῇ
1415 3196 1681 3267 διαλέκτῳ
1715 3196 1914 3253 ίκανὼ-

349 3304 537 3350 τατος.
564 3282 674 3341 Ἠν
703 3286 760 3340 δὲ
825 3289 923 3341 καὶ
980 3288 1414 3359 φιλοδωρότατος
1471 3292 1566 3343 καὶ
1613 3289 1845 3361 δαψιλὴς
1887 3291 1915 3343 6

352 3382 494 3444 νιος,
522 3379 551 3433 δ
581 3379 745 3433 πᾶσιν
769 3378 1003 3449 ἀρεστόν
1028 3380 1168 3445 ἔστι,
1199 3380 1294 3434 καὶ
1328 3379 1533 3450 μᾶλλον
1556 3381 1670 3445 τοῖς
1702 3380 1918 3455 βαρϐά-

356 3577 455 3629 gus
484 3571 537 3614 et
567 3562 909 3628 asperitatem
933 3573 1223 3625 summam,
1254 3562 1379 3632 equi
1416 3562 1650 3618 maxime
1671 3563 1924 3622 conficie-

356 3653 578 3705 bantur.
623 3654 861 3718 Quorum
909 3651 1164 3721 perniciei
1213 3653 1505 3723 imperator
1536 3654 1609 3709 ita
1652 3655 1923 3722 subvenit,

356 3752 419 3797 ut
462 3741 757 3798 exercitum
810 3742 998 3798 obiens
1053 3756 1349 3812 generosos
1422 3743 1681 3815 deligeret
1727 3761 1929 3816 eosque

357 3838 622 3905 praeberet
698 3835 958 3890 Romanis
1020 3842 1075 3889 et
1153 3834 1299 3891 Italis
1354 3844 1411 3890 et
1495 3845 1762 3906 quotquot
1832 3854 1926 3910 pe-

360 3930 460 3982 rite
494 3928 677 3982 hastas
704 3926 1009 3988 versabant,
1038 3926 1231 3980 horum
1261 3940 1424 3995 opera
1445 3926 1695 3983 hostibus
1714 3930 1927 3985 obviam

361 4023 440 4074 ire
475 4027 529 4073 et
561 4020 814 4074 resistere
841 4034 899 4072 se
928 4033 1087 4085 posse
1132 4018 1389 4074 conlisus.
1430 4018 1555 4075 llaec
1612 4021 1703 4075 ille
1757 4025 1932 4078 admi-

363 4113 627 4177 nistrans,
653 4127 775 4167 cum
810 4112 1056 4181 praelium
1108 4114 1518 4179 commissurus,
1564 4115 1802 4183 equitem
1850 4118 1934 4171 in—

362 4207 590 4276 signem,
622 4220 686 4258 ex
718 4186 863 4258 Italia
892 4204 1204 4267 advectum,
1248 4205 1479 4274 peditem
1536 4216 1717 4262 astare
1765 4208 1934 4263 vidis-

364 4307 466 4359 set,
512 4294 774 4349 Joannem
823 4295 889 4349 de
929 4296 1165 4349 Arabico
1204 4308 1367 4362 equo,
1410 4295 1499 4350 cui
1547 4296 1594 4353 is
1642 4297 1933 4367 insidebat,

366 4386 695 4442 descendere
738 4400 973 4455 eumque
1020 4374 1155 4441 ltalo
1205 4386 1625 4457 traderejussit.
1670 4387 1933 4457 Joannes,

364 4477 487 4533 elati
511 4486 561 4531 et
593 4492 756 4548 supra
802 4480 1016 4532 modum
1048 4477 1246 4532 ferocis
1282 4479 1472 4545 animi,
1503 4480 1845 4550 imperatoris
1881 4491 1934 4553 et

2017 2295 2221 2363 νεαρὰς
2280 2292 2392 2346 τῶν
2439 2293 2719 2367 βασιλέων
2774 2289 3066 2356 Ῥωμαίων
3134 2285 3585 2357 μεταγλωττίσας

2028 2384 2315 2454 Ἀραῦιστὶ
2347 2383 2475 2447 τούς
2499 2380 2899 2453 Τούρκουςιτοῦ
2935 2380 3360 2451 κρίνεινούτως
3415 2378 3585 2431 ἐδίδα-
3632 2370 3633 2373 “

2018 2473 2127 2539 ξεν.
2164 2474 2356 2545 Εὐρὼν
2382 2474 2437 2527 δὲ
2472 2474 2569 2527 καὶ
2597 2473 2884 2543 εὐκαιρίαν
2918 2471 3045 2524 τινὰ
3092 2469 3181 2523 διὰ
3232 2469 3330 2531 τὰς
3388 2468 3593 2537 cum};
3626 2468 3631 2473 ⁷

2018 2583 2131 2631 σεις
2162 2568 2227 2629 ἀς
2256 2567 2478 2619 ἐποίουν
2513 2566 2562 2619 ot
2611 2564 2806 2619 Ἰταλοὶ
2855 2563 3001 2617 κατά
3024 2562 3120 2627 τῆς
3168 2560 3454 2632 Ῥωμαίων
3486 2562 3586 2630 ἀρ-
3629 2563 3640 2579 ‘

2017 2659 2140 2727 χῆς,
2163 2658 2232 2711 τὰ
2254 2658 2355 2710 ὅσα
2388 2658 2557 2725 ἐγγὺς
2583 2657 2685 2727 τῆς
2716 2654 3037 2716 δεσποτείας
3087 2651 3252 2707 αὐτοῦ
3296 2651 3601 2722 Ῥωμαίων
3634 2654 3643 2665 ”

2018 2750 2242 2819 ὑπήκοα
2277 2749 2369 2818 ὐφ’
2404 2749 2602 2802 ἑαυτοῦ
2669 2748 2991 2817 ἐποίησατο.
3055 2747 3168 2799 Καὶ
3219 2744 3409 2799 οὐδένα
3454 2745 3588 2814 Χρι-
3635 2747 3638 2750 ’

2019 2842 2237 2895 στιανδν
2278 2842 2493 2895 ἀδικεῖν
2540 2841 2670 2894 ποτὲ
2736 2840 2952 2910 ἢθελεν,
3002 2838 3144 2891 ,ἀλλά
3202 2836 3406 2906 μᾶλλον
3460 2836 3587 2899 τούς

2015 2933 2280 3003 τυχόντας
2326 2934 2807 3003 ὑποτεταγμένους
2878 2931 3031 3003 αὐτῷ
3104 2930 3307 2994 πολλάς
3359 2929 3586 2999 χάριτας
3639 2929 3645 2933 ’

2017 3026 2113 3079 καὶ
2167 3026 2490 3095 εὐεργεσίας
2572 3025 2750 3079 ἐποίει
2813 3027 2910 3080 καὶ
2994 3022 3306 3092 ἐχαρίζετο.
3358 3019 3467 3072 Καὶ
3522 3011 3590 3087 ἦν
3639 3032 3652 3054 ι·

2017 3115 2268 3180 αὐξάνων
2322 3116 2505 3185 ὀλίγον
2549 3117 2685 3188 πρὸς
2743 3116 2927 3185 ὀλίγον
2994 3114 3094 3187 τὴν
3157 3110 3326 3167 αὐτοῦ
3383 3108 3584 3179 ἀρχήν.
3642 3121 3651 3129 ’λ

2017 3209 2190 3269 Αὐτὸς
2225 3210 2395 3282 γεννᾷ
2442 3207 2533 3262 τὸν
2609 3207 3010 3282 Ἐρτογρούλην
3057 3204 3271 3275 πατέρα
3321 3201 3417 3255 τοῦ
3466 3198 3586 3253 Ὀτι
3647 3223 3651 3227 ·

2022 3295 2051 3349 θ
2062 3297 2256 3369 μάνου.
3644 3304 3653 3319 ⁸

2024 3570 2165 3640 quis,
2192 3576 2307 3624 tum
2334 3567 2564 3624 ducibus
2607 3566 2857 3629 maxime,
2888 3565 2939 3618 in
2964 3563 3163 3634 quibus
3195 3576 3322 3631 spes
3353 3569 3591 3629 tropaeo-

2028 3677 2147 3716 rum
2190 3661 2295 3717 sita
2321 3669 2423 3715 est.
2475 3656 2628 3714 Unde
2667 3656 2851 3713 statim
2887 3656 3096 3712 instans
3150 3657 3321 3724 operi,
3354 3667 3449 3707 sua
3500 3666 3595 3704 νο-
3646 3672 3651 3720 ς

2028 3753 2171 3808 lebat
2189 3764 2242 3807 et
2269 3752 2486 3807 dicebat
2507 3763 2628 3806 esse
2649 3748 2978 3812 communia,
3025 3746 3283 3803 omnibus
3338 3744 3391 3797 in
3434 3741 3597 3797 rebus
3664 3766 3667 3771 ‹

2029 3846 2273 3915 angustis
2323 3847 2696 3909 succurrebat,
2754 3839 3118 3899 auxiliabatur
3170 3845 3227 3891 et
3283 3834 3600 3889 conferebat

2029 3937 2224 4002 ollleia,
2278 3947 2444 4009 atque
2500 3937 2806 3993 exorientes
2864 3936 3005 3989 inter
3045 3944 3144 3987 eos
3194 3926 3598 3985 controversias
3662 3936 3667 3941 '

2032 4028 2274 4094 sedabat,
2305 4030 2663 4097 componebat
2710 4027 3125 4094 dirimebatque.
3155 4021 3267 4077 Nec
3312 4020 3598 4092 quisquam

2033 4120 2151 4189 eius
2191 4120 2275 4176 vel
2309 4120 2489 4199 verbis
2512 4120 2596 4174 vel
2629 4116 2874 4175 consiliis
2911 4113 3338 4176 adversabatur;
3380 4119 3543 4178 atque
3569 4122 3597 4159 a

2034 4228 2228 4269 socero
2269 4212 2586 4282 exterisque
2627 4210 2907 4266 omnibus
2937 4216 3216 4275 tantopere
3252 4204 3599 4273 diligebatur,
3654 4240 3659 4243 .

2037 4313 2095 4358 ut
2123 4312 2177 4357 et
2206 4302 2429 4365 faceret,
2457 4313 2796 4371 quaecunque
2842 4296 3022 4362 vellet,
3055 4306 3104 4350 et
3132 4294 3356 4349 Barbari
3394 4308 3516 4347 eum
3544 4301 3602 4347 ut

2036 4396 2262 4450 alterum
2294 4393 2654 4449 Mohametum
2710 4390 2992 4446 baberent.
3037 4386 3333 4456 Suscepite
3372 4386 3603 4441 Camero

2040 4487 2227 4551 illium,
2261 4485 2480 4541 nomine
2510 4483 2836 4539 Solimanem
2875 4480 3153 4545 Siachum,
3198 4494 3379 4549 quem,
3402 4478 3602 4533 Grmcis

366 4568 543 4638 patrui
581 4569 808 4638 imperio
839 4578 1122 4639 repugnat,
1159 4584 1413 4623 sermone
1456 4572 1743 4627 audaciora
1774 4560 1921 4629 oblo-
1963 4571 2009 4627 Ι)
2037 4575 2390 4644 Arabicisque
2429 4572 2625 4628 litteris
2666 4570 2962 4637 eruditum,
3008 4569 3109 4625 sibi
3146 4568 3603 4625 rebusomnibus

368 4671 545 4715 cutus.
576 4660 770 4714 Verum
830 4674 953 4714 cum
1008 4660 1098 4713 ditt
1141 4660 1214 4713 illi
1278 4660 1532 4717 resistere
1577 4676 1682 4717 non
1728 4675 1928 4733 posset,

368 4767 527 4821 quem
550 4751 659 4819 jam
688 4749 764 4803 ira
795 4749 1146 4804 elici-vescere
1176 4748 1408 4814 videret,
1437 4752 1685 4818 quamvis
1714 4753 1934 4823 invitus,

372 4844 503 4897 Italo
524 4855 721 4912 equum
743 4841 1036 4905 concessit,
1078 4851 1243 4908 atque
1266 4844 1380 4908 ipse
1410 4843 1574 4897 alium
1601 4848 1933 4902 conscendit.

370 4934 511 4999 Mox,
542 4934 824 4988 stomacho
878 4942 1092 4987 tumens
1127 4941 1180 4986 et
1216 4933 1522 4990 inﬂamatus
1553 4937 1654 5001 ira,
1691 4938 1755 4992 ad
1793 4939 1937 4997 Tur-

372 5038 461 5077 cas
496 5021 806 5090 transfugit,
844 5028 1007 5090 atque
1047 5019 1241 5090 cupide
1286 5030 1339 5075 et
1377 5024 1552 5079 amice
1584 5026 1853 5095 excipitur
1870 5030 1937 5082 ab

371 5127 550 5165 autera
576 5105 892 5179 cunctisque
920 5106 1187 5165 barbaris.
1214 5110 1436 5177 Deinde,
1491 5115 1703 5184 ejurata
1736 5117 1935 5173 Christi

376 5201 496 5265 lide,
548 5216 645 5270 pro
699 5198 925 5262 Joanne,
963 5198 1223 5266 Tzelepes
1278 5204 1610 5271 nominatur,
1657 5215 1712 5261 ιι
1766 5208 1938 5277 ipsius

373 5307 571 5347 ainerae
602 5292 787 5355 tiliam,
814 5286 1043 5346 Camero
1077 5292 1316 5359 nomine,
1351 5308 1471 5349 cum
1515 5298 1639 5353 dote
1672 5300 1935 5365 locorum,

377 5390 673 5457 regionum,
705 5386 917 5441 urbium
944 5394 998 5440 et
1022 5385 1259 5454 pecuniae
1290 5390 1429 5442 haud
1463 5393 1719 5447 mediocri
1742 5392 1794 5446 in
1820 5407 1937 5446 ma-

373 5476 685 5534 trimonium
720 5477 951 5544 accepit.
1002 5475 1131 5528 Erat
1175 5478 1392 5548 juvenis
1430 5479 1523 5534 ille
1557 5479 1758 5536 Graeca:
1809 5495 1937 5533 eru-

373 5571 594 5633 ditionis
672 5572 813 5627 haud
885 5588 1098 5641 expers,
1141 5582 1195 5629 et
1250 5572 1609 5641 peritissimus
1671 5572 1939 5628 sermonis

371 5662 626 5727 Arabici;
694 5663 834 5717 idem
885 5663 1425 5719 muniﬁcentissimus
1475 5673 1527 5715 et
1579 5662 1937 5727 lautissimus,

373 5767 488 5816 qua:
518 5766 603 5805 res
625 5754 879 5807 omnibus
912 5756 1071 5822 inque
1107 5753 1296 5821 primis
1327 5753 1599 5814 Barbaris,
1637 5761 1785 5822 grata
1818 5766 1938 5806 esse

374 5839 709 5910 solet,atque
741 5843 1027 5897 exliilmlnt
1056 5858 1112 5897 se
1147 5842 1351 5896 facilem
1394 5841 1622 5897 subditis
1656 5858 1776 5895 cum
1817 5841 1939 5895 reli-

2043 4664 2373 4718 simillimum
2404 4662 2739 4723 reddidit,ac
2786 4673 3130 4729 summopere
3182 4656 3423 4711 BarbarL
3456 4657 3601 4729 cole-
3654 4676 3661 4687 ε

2039 4754 2188 4809 bant.
2222 4753 2271 4808 Is
2297 4752 2352 4805 in
2383 4750 2533 4806 omni
2560 4751 2683 4805 loco
2700 4748 2784 4804 vel
2812 4748 3111 4817 provincia,
3164 4746 3254 4800 ubi
3284 4744 3462 4800 sedem
3493 4722 3603 4798 ebl-

2038 4844 2269 4908 locabat,
2302 4841 2735 4898 constituebatur
2785 4839 3061 4911 princeps,
3094 4852 3158 4893 ac
3189 4836 3329 4891 fama
3387 4837 3504 4904 ejus
3526 4845 3606 4889 to-

2040 4944 2147 4989 tam
2184 4933 2577 5002 pervagabatur
2606 4930 2811 4986 Asiam.
2847 4928 2993 4984 ldem
3029 4926 3288 4995 plurimas
3315 4926 3605 4993 imperato-
3645 4982 3653 5002 ς

2041 5042 2159 5081 rum
2215 5025 2582 5081 Romanorum
2647 5021 2904 5086 novellas,
2957 5018 3318 5074 iuArabieam
3371 5000 3653 5084 linguam.

2040 5134 2351 5182 conversas,
2388 5128 2443 5173 ut
2466 5117 2657 5171 Turcae
2692 5118 2743 5169 in
2768 5113 2987 5184 judieiis
3039 5110 3375 5174 adhiberent,
3400 5108 3603 5163 effecit.

2040 5211 2488 5285 Idoneamautem
2533 5208 2875 5263 occasionem
2907 5213 3098 5259 nactus
3131 5209 3347 5272 propter
3396 5203 3603 5262 turbas,

2040 5318 2176 5370 quas
2222 5300 2449 5370 imperio
2511 5299 2757 5353 Romano
2797 5297 2920 5352 Itali
2972 5294 3303 5359 excitabant,
3347 5294 3603 5363 quidquid

2042 5391 2299 5458 Romana:
2321 5389 2538 5445 ditionis
2561 5389 2676 5444 suis
2700 5388 2901 5443 ﬁnibus
2933 5386 3169 5440 vicinum
3189 5394 3330 5445 erat,
3364 5385 3416 5438 in
3449 5399 3603 5437 suam

2042 5484 2248 5561 redegit
2264 5492 2621 5561 potestatem,
2648 5495 2747 5536 nec
2783 5488 2961 5533 tamen
2982 5478 3152 5531 ullum
3190 5490 3425 5543 unquam
3454 5475 3607 5529 Chri.

2041 5558 2275 5628 stianuni
2318 5571 2510 5625 laedere
2533 5568 2719 5636 voluit,
2768 5567 2898 5634 quin
2939 5565 3069 5627 imo,
3103 5563 3193 5633 qui
3239 5560 3605 5627 subjectisibi

2041 5674 2214 5725 erant,
2248 5678 2340 5716 eos
2375 5661 2650 5715 beneﬁciis
2686 5675 2748 5714 ac
2784 5659 2943 5713 donis
2987 5656 3237 5725 augebat,
3283 5653 3431 5720 regni
3480 5651 3609 5705 fines

2045 5754 2299 5819 paulatim
2327 5751 2620 5819 prolataus.
2656 5749 2853 5804 Geuuit
2885 5749 2973 5803 hic
2998 5742 3359 5814 Ertogrulem,
3396 5749 3605 5811 patrem

2043 5845 2346 5900 Otlmtanis.
