3990 6566
473 466 580 528 6‘9

1646 451 1655 459 '
1698 464 2017 527 GEORGII
2064 463 2488 523 PHRAN'I‘ZIE

3646 451 3754 515 ‘700

470 577 526 628 δὲ
559 576 686 645 ἄχρι
708 575 802 629 καὶ
827 576 927 643 τῆς
967 576 1130 645 νήσου
1159 573 1253 628 τοῦ
1286 575 1527 638 Πέλοπος
1559 573 1847 628 καὶπολλὰ
1877 575 2048 627 σκῦλα
2084 582 2121 632 Α
2150 572 2216 624 τὰ
2248 572 2307 624 δὲ
2339 571 2553 624 ἐκεῖθεν
2584 570 2748 639 μέχρι
2771 569 3023 641 Σμύρνης
3049 569 3142 621 καὶ
3168 566 3295 620 τῶν
3337 564 3638 634 παραλίων
3664 566 3752 636 τῆς

473 668 730 736 ποιήσας,
754 667 847 721 τὸν
869 667 1036 721 πλοῦν
1062 668 1265 739 τρέψας
1298 671 1357 722 ὲν
1385 672 1451 740 τῇ
1476 669 1635 740 Ἀσία
1665 668 2043 738 ὲπανὲστρεψε

476 758 618 827 μετὰ
648 758 890 830 πλήθους
948 761 1309 829 αἰχμαλώτων
1350 761 1446 815 καὶ
1486 760 1746 816 πλούτου.
1801 763 1910 814 Καὶ
1942 761 2047 814 ὑπὸ

474 851 695 903 πάντων
740 850 850 903 τῶν
890 850 1092 920 ἐτέρων
1127 851 1422 920 σατραπῶν
1454 849 1670 904 καὶτοῦ
1705 850 1887 903 κοινοῦ
1910 849 2044 903 λαοῦ

471 938 760 1002 ἀσπασίως
798 939 1013 1008 ἐδέχθη.
1068 940 1164 992 καὶ
1199 941 1337 1009 μετὰ
1387 940 1586 1009 φωνῶν
1616 940 1841 1008 ὲτίμουν
1882 940 2046 992 αὑτὸν

470 1033 520 1082 οἱ
569 1030 867 1101 βάρϐαροι·
911 1032 1005 1085 καὶ
1029 1032 1093 1085 ἐκ
1117 1033 1227 1084 τῶν
1260 1032 1556 1099 σατραπῶν
1587 1032 1772 1084 ἔκτοτε
1806 1030 2045 1098 μάλιστα

470 1118 538 1190 ἦν
570 1122 986 1192 εὐλαϐούμενος,
1011 1125 1106 1177 καὶ
1133 1125 1501 1194 προτιμητέος
1534 1125 1597 1176 ἐκ
1623 1125 1838 1177 πάντων
1865 1124 1953 1176 διὰ
1984 1123 2045 1176 τὸ

474 1212 676 1275 ἱκανῶς
705 1214 1014 1294 πλέεινκαὶ
1042 1215 1487 1283 θαλαττουργεῖν,
1532 1215 1669 1265 διότι
1709 1214 1808 1281 μὲν
1832 1214 1934 1268 οὑκ
1965 1216 2045 1267 εἰ-

473 1306 557 1355 σὶν
590 1302 788 1371 ἁγαθοὶ
834 1305 895 1357 τὸ
924 1304 1081 1372 γένος
1121 1306 1280 1357 τοῦτο
1313 1306 1421 1358 τῶν
1471 1305 1733 1375 Τούρκων
1762 1307 1820 1358 ὲν
1853 1308 1919 1374 τῇ
1952 1305 2048 1360 θα-

468 1392 648 1466 λάσσῃ
681 1393 887 1457 πλέειν,
924 1394 1086 1457 αὐτὸς
1112 1395 1170 1447 δὲ
1195 1394 1285 1448 διὰ
1305 1395 1365 1447 τὸ
1394 1393 1580 1446 πλέειν
1604 1395 1710 1464 7⁷
1736 1395 1857 1447 τότε
1887 1394 2047 1449 πλέον

466 1482 534 1553 ἦν
570 1484 1010 1555 θαυμαζόμενος.
1048 1480 1218 1548 Οὗτος
1266 1486 1435 1556 γεννᾷ
1480 1485 1573 1537 τὸν
1632 1485 1957 1554 Ὅτθμάνον,
1988 1503 2048 1551 ες

467 1568 528 1628 οὗ
562 1575 653 1628 καὶ
697 1576 1081 1644 Ὀτθμανλίδες
1122 1579 1183 1629 τὸ
1212 1579 1363 1645 γένος
1395 1577 1603 1648 ἐκλήθη
1629 1577 1801 1631 ἅπαν.

541 1673 649 1735 κγ.
687 1666 1123 1728 Ἀποϐιώσαντος
1150 1668 1243 1721 οὖν
1270 1669 1363 1720 τοῦ
1395 1668 1792 1739 Ἐρτογρούλου
1826 1669 2049 1733 σταθεὶς

468 1756 528 1807 ὲν
555 1759 618 1826 τῇ
643 1758 786 1825 ἀρχῇ
817 1757 846 1807 6
881 1758 997 1818 υίὸς
1051 1757 1217 1811 αὑτοῦ
1279 1757 1611 1827 Ὀτθμάνης,
1669 1758 1745 1821 ὡς
1795 1762 2045 1828 ετπομεν,

468 1846 566 1915 τὴν
586 1848 762 1916 ἀρχὴν
795 1848 895 1918 τὴν
921 1850 1196 1918 πατρικὴν
1227 1851 1306 1912 είς
1323 1852 1519 1919 ’χεῖρας
1550 1849 1765 1914 ἐλαϐεν,
1800 1846 1910 1904 ἔτει
1940 1852 2048 1904 ἀπὸ

469 1937 703 2001 κτίσεως
739 1940 947 2009 κόσμου
982 1940 1180 2011 ,ς-ψογ,
1217 1944 1312 1993 καὶ
1339 1945 1396 1994 ἐν
1425 1942 1595 2010 ὀλίγῳ
1622 1940 1799 2011 καιρῷ
1830 1943 2047 2010 ὁμοφω-
2078 1930 2119 1983 Β

470 2035 642 2105 νήσας
678 2034 817 2103 μετά
865 2034 973 2085 τῶν
1031 2034 1232 2101 ἑτέρων
1270 2034 1584 2104 σατραπῶν,
1637 2035 1733 2087 καὶ
1776 2035 2045 2104 πολέμους

472 2123 626 2186 τινάς
658 2129 892 2194 ποιήσας
942 2124 1083 2177 κατὰ
1117 2124 1228 2177 τῶν
1281 2125 1539 2194 ὑπηκόων
1578 2124 1904 2195 Ῥωμαίων’
1953 2128 2046 2178 καὶ

471 2213 541 2287 ἦν
578 2216 646 2270 τὰ
681 2216 857 2271 πάντα
910 2217 1006 2270 τοῦ
1039 2218 1281 2286 πολέμου
1324 2219 1547 2271 διοικῶν
1583 2221 1677 2271 καὶ
1701 2218 1988 2286 κυϐερνῶν
2019 2219 2046 2271 6

485 2308 812 2378 Ὀτθμάνης.
874 2304 1007 2361 Εἶτα
1047 2309 1147 2361 οὐκ
1195 2310 1393 2380 ήρεσεν
1443 2308 1589 2378 αὐτῷ
1628 2310 1717 2363 ἵνα
1768 2310 1965 2371 κοινῶς
1997 2310 2045 2362 οί

474 2400 675 2461 πάντες
700 2399 758 2452 ἓν
787 2394 921 2453 ῶσιν
945 2404 1041 2454 καὶ
1084 2401 1258 2464 οὐδεὶς
1317 2402 1405 2454 ἀεὶ⁴
1442 2401 1681 2473 διαφέρῃ
1707 2401 1801 2453 τοῦ
1831 2402 2044 2471 ἑτέρου.

476 2490 632 2542 Μετὰ
666 2493 868 2560 μικρᾶς
899 2493 1046 2555 τινὸς
1089 2493 1348 2562 ἀφορμῆς
1375 2493 1554 2547 αίτίαν
1590 2485 1765 2563 εὗρεν,
1811 2495 1904 2545 καὶ
1929 2492 2048 2545 δια-

477 2583 651 2649 φορᾶς
672 2583 945 2652 ἀναμέσον
961 2583 1261 2653 γενομένης
1296 2586 1374 2646 είς
1398 2584 1460 2636 σύ
1471 2583 1671 2653 μϐασιν
1700 2581 1865 2655 ἦλθον
1897 2584 2046 2647 ὅπως

472 2673 540 2725 τὰ
557 2676 656 2725 ὅσα
680 2675 743 2725 ὲκ
763 2675 863 2742 τῆς
892 2676 1366 2746 ἀρχῆςῬωμαίων
1389 2676 1694 2746 ἐκέρδησαν
1717 2676 2042 2746 μερίσωσιν,

471 2764 557 2817 ἵνα
582 2766 810 2830 ἕκαστος
838 2767 917 2829 είς
939 2768 1000 2820 τδ
1033 2767 1198 2838 τυχὸν
1227 2768 1416 2839 κύριος
1452 2769 1545 2821 καὶ
1580 2768 1850 2832 δεσπότης
1885 2769 2047 2838 μόνον

470 2858 826 2926 γνωρίζηται.
865 2860 974 2912 Καὶ
1017 2841 1236 2928 πρῶτον
1262 2860 1360 2928 μὲν
1391 2861 1442 2913 οί
1484 2860 1578 2913 τοῦ
1623 2858 1881 2930 Ἀμορίου
1917 2863 2046 2913 παῖ-ι

472 2950 581 3013 δες,
625 2951 654 3002 6
681 2951 904 3005 Χασσάν
940 2952 1035 3005 καὶ
1092 2953 1392 3023 Μαχουμὲτ
1416 2992 1431 3017 ,
1466 2952 1659 3005 ἔλαϐον
1703 2952 1772 3005 τά
1812 2950 1920 3004 ἀπὸ
1949 2950 2044 3005 τοῦ

473 3042 804 3111 Σαγγάρεως
827 3044 1075 3115 ποταμοῦ
1109 3044 1272 3114 μέχρι
1303 3041 1708 3111 Παφλαγονίας,
1734 3044 1804 3097 τὰ
1832 3042 1893 3096 δὲ
1914 3042 2049 3112 περὶ

472 3133 574 3202 τὴν
599 3135 923 3204 Μαγνησίαν
951 3136 1048 3190 xui.
1068 3136 1363 3207 Πέργαμον
1392 3136 1487 3188 καὶ
1517 3137 1749 3205 Ἔφεσον
1779 3134 1808 3187 6
1836 3134 2049 3199 Σασάν,

473 3329 538 3367 ex
567 3314 691 3369 {Eni
724 3326 778 3370 et
814 3318 1137 3375 Peritheorii
1171 3320 1449 3388 provincla
1479 3333 1583 3373 non
1635 3332 1839 3387 paucos
1877 3315 2041 3372 Chri-

471 3408 684 3464 Stianos
719 3411 963 3478 captivos
987 3413 1209 3467 abducit
1237 3423 1315 3477 et,
1335 3414 1399 3466 ad
1427 3411 1685 3465 Euboeam
1717 3423 1885 3477 usque
1918 3424 2043 3476 pro-

478 3516 718 3565 gressus,
747 3502 911 3556 etiam
932 3504 1148 3559 Cnet-ite
1174 3506 1287 3559 loca
1319 3507 1561 3574 quaedam
1580 3513 1761 3557 vexat.
1784 3502 1840 3556 In
1866 3501 2039 3570 ipsam

476 3595 610 3649 adeo
654 3597 1080 3663 PeIOponnesum
1127 3600 1396 3669 pervenit,
1432 3599 1594 3659 unde,
1626 3612 1819 3667 magna
1843 3597 2044 3651 ditatus

474 3703 582 3759 pra:
603 3690 669 3747 la.
694 3687 748 3742 in
782 3689 963 3744 Asiam
1004 3705 1223 3745 cursum
1251 3692 1531 3746 reﬂexitct
1551 3705 1673 3743 cum
1694 3668 2037 3760 captivorum

471 3789 525 3834 et
556 3780 870 3835 divitiarum
897 3799 1087 3851 magna
1125 3784 1473 3838 multitudine
1510 3783 1688 3847 rediit,
1725 3798 1754 3838 a
1815 3781 2043 3849 reliquis

474 3875 704 3938 satrapis
730 3882 783 3926 et
834 3877 1088 3929 universo
1134 3877 1331 3944 popqu
1380 3876 1613 3944 benigne
1663 3883 1923 3943 exceptus
1991 3882 2046 3927 et

475 3963 834 4018 Barbarorum
869 3968 1187 4021 honestatus
1205 3968 1704 4021 acclamationibus.
1724 3966 1801 4019 Ex
1822 3979 1885 4020 eo
1905 3974 2046 4019 tem-

476 4070 610 4125 pore
640 4071 750 4125 ιιι-ιε
777 4059 994 4114 caeteris
1051 4062 1285 4125 satrapis
1333 4062 1592 4126 dignitate
1614 4070 1668 4112 et
1716 4058 2045 4112 auctoritate

476 4148 700 4218 insignis
724 4159 840 4204 erat
866 4161 1084 4220 propter
1105 4167 1282 4206 rerum
1306 4152 1702 4204 maritimarum
1744 4149 2049 4203 navalium-

475 4257 579 4308 que
617 4242 887 4311 peritiam,
918 4244 1349 4312 quandoquidem
1388 4241 1689 4296 Turcarum
1740 4256 1871 4310 gens
1911 4239 2044 4294 mari

479 4350 585 4385 non
627 4334 924 4386 exercitata
962 4344 1068 4395 cst,
1115 4335 1206 4387 ille
1248 4345 1425 4386 autem
1468 4349 1531 4387 ex
1590 4333 1878 4400 navigandi
1932 4344 2047 4386 arte

481 4438 576 4477 sua
643 4424 856 4477 laudem
919 4434 1070 4477 tanto
1127 4425 1385 4491 majorem
1454 4424 1891 4478 nauciscebatur.
1951 4421 2048 4479 Hic

480 4513 801 4566 Othntanetn
838 4515 1043 4584 genuit,
1078 4532 1105 4565 ιι
1134 4530 1240 4583 quo
1296 4515 1545 4568 universa
1599 4504 1798 4566 famiiia
1853 4528 2045 4568 nomen

479 4602 924 4658 Othntanidarnm
960 4607 1185 4661 invenit.

544 4699 631 4751 25.
668 4699 955 4768 Ertogrule
1006 4709 1239 4763 mortuo,
1268 4701 1386 4765 ejus
1411 4701 1551 4754 illius
1605 4700 1924 4758 Othmanes.
1988 4700 2046 4753 in

476 4807 667 4861 regno,
696 4802 752 4845 ιιι
781 4794 1043 4857 diximus,
1072 4794 1388 4856 collocatus,
1421 4805 1707 4862 paternum
1755 4790 2046 4860 imperium

475 4885 731 4953 suscepit,
755 4899 899 4940 anno
920 4886 1106 4940 mundi
1134 4885 1293 4939 6773.
1333 4886 1382 4938 Is
1412 4885 1734 4953 aliquandiu
1794 4901 1913 4941 cum
1939 4899 2048 4939 ca:-

478 4977 608 5031 tcris
680 4962 914 5046 satrapis
974 4993 1229 5044 concors,
1287 4978 1426 5033 bella
1486 4981 1729 5047 quaedam
1788 4981 2048 5035 adversus

480 5066 749 5121 Ilomanos
780 5071 966 5138 gessit,
993 5071 1105 5139 ipse
1133 5086 1351 5125 omnem
1397 5088 1508 5125 rem
1564 5073 1811 5127 bellicam
1873 5073 2048 5127 admi-

478 5160 714 5212 nistrans
736 5170 792 5214 et
814 5163 1108 5217 adornans.
1152 5162 1268 5217 Mox
1323 5164 1499 5217 eidem
1538 5180 1641 5218 non
1701 5167 1926 5232 placuit,
1989 5174 2049 5219 ut

476 5252 785 5303 communia
821 5262 1012 5307 cuncta
1043 5255 1434 5318 haberent,nec
1485 5257 1773 5325 quisquam
1827 5271 1925 5311 sua
1973 5255 2042 5309 ab

478 5337 668 5393 alienis
727 5354 1059 5397 secerneret.
1114 5344 1279 5398 Facili
1330 5360 1495 5413 Opera
1547 5361 1764 5399 causam
1821 5347 2043 5415 reperit,

477 5432 617 5484 unde
647 5443 837 5487 exorto
866 5433 1112 5497 dissidio.
1142 5440 1354 5490 tandem
1397 5440 1734 5507 pepigerunt,
1764 5448 1844 5501 ut,
1899 5454 2046 5507 quac—

476 5536 708 5589 cumque
734 5523 801 5577 de
843 5524 1087 5579 Romano
1140 5528 1364 5595 imperio
1418 5529 1803 5592 detraxissent,
1860 5528 2047 5580 distri-

476 5614 703 5668 buerent
735 5615 872 5668 inter
897 5627 1078 5680 se,et,
1129 5632 1249 5686 qua:
1304 5620 1495 5686 cuique
1556 5634 1681 5687 pars
1731 5618 2038 5687 obtigisset,

477 5704 594 5774 ejus
621 5706 667 5760 is
694 5706 946 5762 dominus
968 5719 1019 5760 et
1047 5710 1298 5777 princeps
1340 5722 1504 5764 esset.
1538 5712 1613 5767 Ac
1668 5714 1899 5781 primum
1925 5717 2046 5784 qui-

479 5794 600 5847 Jetn
627 5797 829 5851 Amm'ii
892 5798 1001 5860 ﬁlii,
1044 5800 1285 5856 Clutssan
1322 5810 1373 5854 et
1410 5800 1769 5869 Mahumettts,
1820 5822 2042 5873 accepe-

485 5897 628 5955 runt,
662 5891 920 5967 quidquid
951 5890 1212 5948 terrarum
1256 5912 1281 5947 a
1345 5894 1607 5965 Sangario
1668 5896 1826 5951 ﬂuvio
1876 5915 2042 5966 usque:

2161 664 2365 735 Ἰωνίας
2394 665 2422 715 6
2456 662 2758 732 Σαρχάνης,
2790 664 2855 713 τὰ
2881 660 2935 713 δὲ
2967 659 3198 713 πλείονα
3230 659 3344 726 τῆς
3362 658 3751 726 Μεσοφρυγίας

2149 756 2244 807 καὶ
2275 753 2353 807 ἔτι
2380 754 2541 823 μέχρι
2571 752 2928 821 Φιλαδελφίας
2960 752 3057 804 καὶ
3094 751 3213 803 τῶν
3247 750 3508 817 ἔγγιστα
3538 748 3748 803 πάντων

2148 847 2256 899 ἀπὸ
2275 844 2370 897 τοῦ
2402 844 2713 915 Μαιάνδρου
2740 843 2985 913 ποταμοῦ
3028 842 3388 911 Ἀντιοχείας
3418 842 3448 893 6
3484 840 3747 907 Καραμά-

2148 957 2238 1002 νος
2275 938 2665 1008 ’Δλισσούριος,
2695 938 2762 991 τά
2786 938 2843 990 δὲ
2870 937 2977 990 ἀπὸ
3007 937 3103 1005 τῆς
3129 920 3359 996 Λυδίας
3397 934 3501 987 κα)⁵
3524 933 3747 994 Αἰολίδος

2148 1032 2260 1101 78
2285 1031 2413 1101 ἄχρι
2444 1032 2660 1093 Μυσίας
2690 1029 2785 1094 τῆς
2832 1028 2969 1099 πρὸς
2994 1029 3087 1081 τὸν
3125 1025 3559 1097 Ἑλλήσποντον
3595 1027 3623 1075 6
3644 1025 3747 1077 Κα-

2148 1125 2329 1194 λάμης
2383 1127 2479 1177 καὶ
2532 1125 2560 1176 6
2592 1122 2705 1186 υίὸς
2760 1120 2927 1174 αὑτοῦ
2960 1119 3259 1190 Καράσης,
3296 1119 3373 1171 τά
3412 1119 3474 1171 δὲ
3513 1120 3641 1187 περὶ
3667 1117 3747 1170 τὸν

2153 1215 2436 1285 Ὄλυμπον
2467 1216 2561 1268 καὶ
2605 1215 2705 1268 ὅσα
2733 1216 2831 1282 τῆς
2872 1212 3125 1274 Βιθυνίας
3160 1211 3307 1278 ἑξῆς
3336 1212 3367 1263 6
3419 1209 3743 1279 Ὁτθμᾲνης.

2150 1309 2259 1360 Καὶ
2282 1306 2455 1369 οὕτως
2482 1307 2582 1375 τὴν
2619 1305 2969 1376 αἰχμάλωτον
2994 1305 3100 1374 γῆν
3147 1303 3396 1365 ἐκείνην
3427 1303 3745 1372 μερίσαντες

2150 1402 2242 1455 καὶ
2272 1402 2396 1471 ὅρια
2452 1399 2753 1462 ἐπιθέντες,
2785 1399 2813 1450 6
2861 1396 3163 1467 Ὄτθμάνος
3230 1396 3519 1465 φίλαρχος
3554 1395 3628 1447 ὢν
3659 1395 3742 1446 καὶ

2150 1490 2480 1558 πλεονέκτης
2513 1488 2612 1541 οὐκ
2649 1486 2953 1558 ἠρέμησεν,
2988 1486 3126 1540 ἀλλά
3174 1484 3508 1553 ἀποπηδῶν
3533 1485 3601 1536 τά
3631 1486 3741 1553 ὅρια

2149 1582 2257 1635 τῶν
2291 1580 2516 1649 ἑτέρων,
2548 1578 2751 1632 ἀδικῶν
2798 1579 3018 1644 αὐτοὺς,
3050 1578 3229 1632 πολὺν
3273 1578 3457 1631 τόπον
3492 1579 3553 1643 ἐξ
3576 1579 3739 1631 αὐτῶν

2151 1672 2578 1743 περιεποιήσατο
2606 1669 2700 1723 καὶ
2750 1669 2922 1723 πολλά
2953 1669 3144 1723 ἐλύπει
3164 1669 3410 1733 αὐτούς.
3449 1670 3561 1723 Καὶ
3588 1669 3739 1721 θέλων

2142 1765 2589 1834 ’παντοιοτρόπως
2623 1763 2709 1817 ἵνα
2741 1764 2952 1835 αὐξήσῃ
2982 1749 3355 1834 τὴν’ὲαυτοῦ
3415 1764 3613 1832 μερίδα
3655 1765 3735 1813 καὶ

2150 1856 2350 1927 ἀρχὴν,
2390 1850 2505 1908 εἶτα
2528 1856 2765 1925 πόλεμον
2798 1856 3033 1926 ποιήσας
3057 1856 3202 1908 κατά
3247 1854 3557 1922 Ῥωμαίων
3583 1853 3732 1921 μέρος

2146 1952 2245 2015 τῆς
2285 1949 2540 2012 Βιθυνίας
2593 1948 2683 2018 ὑφ’
2724 1948 2916 2002 ἑαυτὸν
2946 1947 3273 2015 ἐποιήσατο,
3334 1946 3435 1998 καὶ
3471 1944 3608 2012 μετά
3652 1944 3732 1995 τσῦ

2147 2043 2245 2113 τῆς
2282 2044 2600 2111 περιφήμου
2629 2040 2835 2105 πόλεως
2862 2029 3195 2104 Σεϐαστείας
3221 2038 3618 2109 ἀμηρεύοντος
3652 2036 3730 2084 πό-

2146 2130 2313 2202 λεμον
2352 2132 2587 2201 ποιήσας
2640 2130 2733 2185 καὶ
2789 2133 2991 2195 πιάσας
3042 2130 3209 2183 αὐτὸν
3270 2129 3600 2189 ἀπέκτεινε,
3648 2127 3727 2176 καὶ

2147 2223 2423 2294 ἐγκρατὴς
2471 2224 2567 2276 καὶ
2597 2220 2792 2291 κύριος
2824 2222 3044 2291 ἐγένετο
3072 2222 3173 2291 τῆς
3205 2220 3491 2288 τοιαύτης
3540 2217 3729 2269 πόλεως

2146 2315 2241 2366 καὶ
2268 2314 2558 2383 ἐπαρχίας,
2582 2314 2678 2366 καὶ
2708 2315 2893 2367 πᾶσαν
2927 2312 3025 2383 τὴν
3078 2312 3263 2383 ἀρχὴν
3293 2311 3523 2379 ἐκείνην
3548 2308 3727 2361 ὑπέτα-

2147 2404 2258 2470 ξεν.
2302 2405 2547 2458 Ἐκεῖθεν
2576 2405 2609 2473 ἠ
2636 2403 2883 2471 βασιλεία
2914 2402 3084 2457 αὐτοῦ
3109 2404 3301 2480 ἀρχὴν
3328 2401 3580 2454 λαϐοῦσα
3607 2402 3726 2465 ἔφη·

2149 2497 2318 2568 μίσθη
2342 2498 2437 2551 καὶ
2465 2496 2833 2567 ὲμεγαλύνθη.
2869 2494 2999 2549 Eis:
3040 2495 3211 2549 πάλιν
3241 2495 3521 2564 στραφεὶς
3555 2491 3621 2542 τὰ
3639 2490 3723 2541 ὅσα

2146 2590 2381 2661 ἐδυνήθη
2427 2589 2532 2643 ὑπὸ
2565 2590 2674 2642 τῶν
2707 2589 2909 2657 ἐτέρων
2948 2586 3249 2657 ὁμοφύλων
3300 2584 3607 2654 σατραπῶν
3642 2579 3723 2631 καὶ

2148 2683 2464 2754 συντρόφων
2496 2679 2657 2735 αὐτοῦ
2714 2680 2814 2749 τῆς
2852 2679 3080 2733 ἐκείνων
3126 2681 3361 2749 μοίρας,
3429 2670 3718 2746 λῃστρικῶς

2146 2776 2241 2829 καὶ⁵
2262 2774 2400 2844 μετά
2429 2774 2780 2843 συμϐάσεως,
2812 2774 2968 2835 τινὰς
3001 2771 3205 2834 τόπους
3234 2773 3335 2824 καί
3360 2768 3597 2840 φρούρια
3618 2764 3722 2816 ἔλα·

2145 2867 2260 2922 ϐεν.
2324 2863 2458 2921 Εἶτα
2514 2867 2811 2934 ἀπέθανεν,
2856 2867 3183 2934 βασιλεύσας
3251 2865 3355 2934 ἔτη
3415 2866 3526 2930 κη’,
3580 2857 3716 2914 ἔτους

2151 2965 2327 3025 ,ςωα¹,
2362 2959 2690 3042 ίνδικτιῶνος
2742 2960 2833 3021 ια’,
2875 2960 2969 3012 καὶ
3004 2959 3033 3010 6
3084 2960 3197 3019 υίδς
3250 2955 3429 3010 αὐτοῦ
3470 2950 3715 3021 Ὀρχάνης

2144 3050 2419 3124 ὶγκρατὴς
2448 3051 2549 3125 τῆς
2586 3051 2866 3124 πατρικῆς
2894 3050 3071 3126 ἀρχῆς
3102 3051 3363 3118 γέγονεν.

2145 3329 2209 3383 ad
2226 3329 2642 3400 Paphlagoniam
2672 3331 2965 3403 porrigitur
2988 3350 3001 3397 ;
3036 3330 3397 3401 Magnesiam,
3416 3323 3710 3392 Pergamum

2146 3419 2412 3486 Ephesum
2446 3428 2500 3474 et
2533 3435 2656 3490 quae
2707 3422 2789 3477 his
2855 3421 3071 3491 oppidis
3128 3420 3392 3486 adjacent
3450 3415 3701 3483 regione!»

2144 3513 2316 3568 Sasan
2365 3514 2613 3582 accepit;
2662 3513 2789 3569 inde
2852 3515 2919 3569 ad
2978 3514 3271 3581 Smyrnam
3291 3521 3349 3567 et
3403 3506 3706 3562 maritimam

2144 3620 2299 3661 oram
2356 3604 2524 3661 lonia!
2583 3620 2700 3674 qua:
2751 3605 3043 3675 pertinent,
3103 3604 3347 3657 obtinuit
3391 3598 3707 3656 Sarchanes;

2146 3696 2407 3765 maiorem
2435 3706 2640 3768 partem
2667 3695 2915 3769 Phrygia:
2954 3696 3184 3765 Magnae,
3232 3695 3487 3759 adeoque
3548 3684 3710 3740 Phila-

2146 3788 2426 3859 delphiam
2493 3805 2687 3857 usque,
2754 3800 2806 3845 et
2847 3792 3094 3859 proxima
3150 3789 3401 3844 omniaa
3463 3780 3706 3839 Maeandri)

2147 3879 2311 3936 ﬂuvio
2345 3895 2517 3951 usque
2562 3882 2929 3946 Antiochiam,
2985 3882 3336 3936 Garamantis
3390 3874 3705 3931 Alissurius;

2150 3980 2348 4027 terram
2370 3962 2409 4026 ia
2450 3971 2614 4043 Lydia
2639 3981 2694 4027 et
2723 3970 2933 4027 Eolide
2976 3988 3149 4042 usque
3171 3974 3239 4026 ad
3296 3971 3545 4041 Mysiam,
3598 3974 3700 4027 qua:

2147 4075 2229 4121 est
2272 4065 2323 4118 in
2380 4063 2751 4132 Hellesponto,
2797 4064 3046 4118 Calamcs
3099 4078 3221 4118 cum
3308 4063 3512 4115 Carase
3564 4054 3694 4106 lilio:

2150 4154 2375 4209 ﬁnitima
2407 4154 2619 4225 Olympi
2651 4163 2706 4209 et
2737 4154 2862 4208 inde
2894 4168 3014 4222 qua:
3049 4162 3197 4222 patet
3248 4169 3378 4222 pars
3436 4144 3696 4215 Bithyniae,

2149 4246 2443 4301 Othmanes
2472 4245 2679 4300 habuit.
2735 4245 2891 4299 llunc
2956 4246 3009 4297 in
3060 4244 3281 4299 modum
3347 4254 3510 4302 terra,
3555 4246 3697 4302 quam

2150 4341 2316 4395 armis
2340 4347 2767 4409 occupaverant,
2802 4338 3094 4393 distributa
3144 4347 3192 4393 et
3223 4332 3534 4391 consumtis
3587 4327 3695 4379 liui-

2150 4431 2270 4494 bus,
2326 4426 2644 4492 Othmanes,
2696 4427 3007 4481 dotninandi
3072 4427 3418 4493 habendique
3464 4416 3692 4484 cupidine

2151 4513 2427 4579 incensus,
2487 4518 2764 4585 quiescere
2820 4532 2926 4569 non
2980 4516 3173 4583 potuit,
3245 4518 3340 4570 sed
3398 4514 3529 4566 ultra
3579 4504 3694 4557 ﬁnes

2149 4617 2425 4678 evagatus,
2452 4610 2687 4678 reliquos
2711 4609 3026 4671 laedebat,“
3047 4609 3214 4661 multa
3239 4609 3304 4661 iis
3327 4606 3441 4661 loca
3458 4594 3692 4666 eripielnl

2154 4700 2530 4771 afﬂigebatque
2556 4715 2650 4757 eos
2672 4705 2941 4771 graviter;
2964 4709 3125 4769 atque
3155 4700 3302 4754 omni
3335 4697 3489 4750 modo
3540 4690 3689 4742 nisus.

2150 4804 2208 4849 ut
2241 4803 2459 4865 augeret
2485 4808 2709 4864 regnum
2781 4808 2964 4859 suum,
3028 4807 3153 4846 mox
3210 4795 3373 4845 etiam
3443 4786 3686 4840 [lonth

2149 4887 2316 4941 armis
2363 4885 2584 4940 adortus
2611 4896 2694 4939 est
2721 4893 2775 4939 et
2800 4892 3005 4954 partem
3046 4884 3308 4952 Bithyniae
3334 4879 3432 4935 sibi
3462 4868 3683 4939 subjecit.

2154 4993 2216 5032 ac
2245 4977 2541 5047 principem
2575 4976 2859 5041 Sebastize,
2893 4976 3043 5030 urbis
3073 5041 3077 5044 ι
3102 4974 3439 5037 ειοτίεείιητρ,
3495 4972 3685 5033 λεεωε-

2147 5084 2264 5135 sus,
2301 5069 2475 5138 ipsum
2502 5078 2715 5137 captum
2768 5068 2987 5131 occidit,
3040 5068 3225 5122 urbem
3282 5065 3399 5133 ejus
3445 5067 3495 5112 et
3542 5058 3682 5104 totam

2148 5160 2480 5229 provinciam
2515 5158 2566 5211 in
2619 5167 2941 5226 potestatem
3004 5172 3156 5212 suam
3230 5152 3432 5219 redegit
3491 5141 3681 5240 sibique

2148 5251 2464 5305 vindicavit.
2494 5251 2574 5304 Ab
2608 5249 2694 5305 his
2728 5249 3028 5317 profectum
3066 5248 3261 5316 initiis,
3311 5251 3529 5314 regnum
3581 5239 3681 5297 0]“5

2151 5344 2405 5400 inclaruit
2431 5354 2486 5399 et
2514 5353 2730 5399 auctum
2761 5353 2865 5398 est.
2888 5343 3091 5398 Deinde
3124 5357 3307 5397 rursus
3340 5338 3404 5392 ad
3466 5329 3671 5423 aliorum

2150 5446 2499 5503 satraparum
2590 5434 2936 5504 popularium
2994 5434 3361 5501 sodaliumque
3404 5421 3677 5494 provincias

2149 5541 2473 5588 conversus,
2503 5526 2765 5595 quidquid
2800 5525 2924 5578 inde
2952 5525 3129 5591 potuit
3156 5524 3389 5579 locorum
3425 5527 3475 5570 et
3502 5505 3672 5600 malei-

2147 5618 2339 5683 lurum,
2366 5620 2479 5674 sive
2498 5619 2545 5672 vi
2568 5619 2681 5672 sive
2701 5618 2870 5686 pactis
2893 5616 3187 5685 ursurpavit.
3208 5613 3458 5668 Tandem.
3483 5596 3673 5666 “ille”

2147 5714 2198 5765 in
2239 5729 2403 5781 regno
2435 5714 2597 5766 annis
2642 5713 3071 5781 duodetriginta,
3126 5719 3364 5762 mortuus
3411 5706 3501 5753 est.
3549 5694 3669 5742 3""0

2148 5806 2309 5866 680i,
2382 5806 2673 5860 indictione
2758 5806 3082 5872 il,h;t:rcde
3144 5805 3385 5858 Ot'cltanc
3449 5790 3545 5842 lilio
3593 5785 3668 5829 τε·

2149 5900 2292 5952 iit‘lO.
