3990 6562
253 540 260 543 ,
353 460 453 522 τοι

1411 466 1855 528 CHRONICON
1892 470 1943 527 Μ

2048 469 2166 529 US.
2208 497 2275 505 --
2317 473 2460 533 LIB.
2509 472 2556 530 ί.
3516 471 3620 534 ’(2

428 567 527 625 κδ’.
573 569 841 640 ὐρχάνης
865 572 922 624 δὲ
947 611 963 637 ,
1014 574 1090 636 ὡς
1124 574 1376 644 εἴπομεν,
1432 577 1620 645 κύριος
1647 579 1745 644 τῆς
1777 563 1931 646 βασιὲ
1959 581 2004 637 Α
2037 577 2399 648 πολύτροπος,
2433 582 2530 634 καὶ
2565 582 2622 634 ἑν
2667 582 2781 644 τοῖς
2811 579 3070 649 πολέμοις
3098 577 3272 643 δεξιὸς
3304 579 3444 648 ὑπὲρ
3476 583 3619 630 πάν-

353 660 510 726 λείας
534 663 826 730 γενόμενος
852 664 946 717 τοῦ
978 669 1185 736 πατρός
1208 669 1285 738 τῷ
1330 671 1499 738 πατρὶ
1540 671 1620 731 είς
1651 672 1831 724 πάντα
1859 664 1931 738 ἦν

357 753 723 824 μιμούμενος,
775 755 870 808 καὶ
896 755 1006 826 79
1035 757 1153 828 ᾔτει
1178 759 1381 827 τρόπον
1420 761 1515 813 καὶ
1551 760 1805 829 ἀφορμὰς
1841 759 1930 812 ἵνα

357 843 636 907 πλουσίως
666 845 881 917 αὐξήσῃ
902 849 992 900 τὸν
1025 849 1228 917 κλῆρον
1259 852 1352 903 καὶ
1393 850 1492 918 τὴν
1520 851 1801 920 βασιλείαν
1831 851 1931 920 αὐτ

353 935 474 997 τοῦ,
507 938 602 990 καὶ
634 937 850 1007 ἡμέραν
877 956 937 993 τε
964 940 1057 994 καὶ
1084 943 1252 995 νύκτα
1285 943 1382 1012 οὐχ
1417 919 1688 1013 ἡσύχαζεν
1721 942 1809 996 ἀεὶ
1830 919 1930 996 πό-

352 1024 558 1095 λέμους
586 1027 731 1096 ἔχειν
778 1030 870 1085 καὶ
903 1031 1292 1098 ἀγωνίζεσθαι.
1336 1035 1446 1087 Καὶ
1489 1034 1670 1104 μάχην
1710 1033 1931 1105 ἐγείρας

357 1117 501 1170 κατά
522 1118 632 1170 τῶν
658 1120 948 1189 ὁμοφύλων
975 1123 1140 1179 αὐτοῦ
1166 1125 1467 1195 ἀμηράδων
1497 1127 1592 1180 καὶ
1623 1128 1823 1188 πολλὰς
1853 1126 1932 1178 νί-

353 1227 457 1273 κας
489 1211 658 1280 ήρατο
707 1214 805 1266 καὶ
862 1203 1045 1268 πᾶσαν
1096 1218 1196 1286 τὴν
1250 1219 1468 1273 Μυσίαν
1499 1219 1651 1288 νόμῳ
1692 1219 1929 1287 πολέμου

303 1351 320 1356 _
354 1302 644 1372 ικέρδησε,
682 1304 989 1360 Λυκαονίαν
1023 1311 1118 1361 καὶ
1152 1311 1396 1381 Φρυγίαν
1427 1312 1522 1363 καὶ
1576 1311 1790 1381 Καρίαν
1835 1312 1932 1368 καὶ

353 1393 465 1456 ἓως
499 1393 771 1466 θαλάττης
811 1399 910 1468 τῆς
963 1399 1095 1469 περὶ
1123 1401 1215 1454 τδν
1247 1401 1628 1474 Εὐρυμέδοντα
1660 1404 1929 1473 ποταμὸν,

360 1485 460 1536 καὶ
486 1483 548 1537 τὸ
575 1487 970 1560 ἐναπολειφθὲν
1025 1492 1190 1560 μέρος
1220 1497 1319 1562 τῆς
1372 1496 1648 1562 Βιθυνίας,
1685 1497 1934 1565 Νικομήο

263 1620 268 1622 _
356 1575 512 1626 δειαν
559 1577 653 1629 καὶ
679 1576 914 1632 Νίκαιαν
942 1579 1038 1632 καὶ
1067 1581 1231 1653 ιτερα
1256 1583 1503 1654 πολίχνια
1533 1586 1634 1638 οὐκ
1657 1585 1813 1652 ὀλίγα
1840 1585 1936 1639 καὶ

361 1667 565 1731 άστυα,
616 1669 713 1722 καὶ
761 1669 860 1738 τὴν
895 1675 1208 1744 περίφημον
1255 1677 1349 1730 καὶ
1380 1677 1590 1747 ὡραίαν
1643 1679 1798 1731 πόλιν
1831 1677 1934 1748 τῆς

365 1760 640 1831 Προύσης,
684 1764 717 1833 ἢ
755 1769 932 1818 κεῖται
967 1767 1072 1819 ὐπὸ
1118 1770 1241 1830 τοὺς
1277 1769 1443 1832 πόδας
1492 1770 1588 1822 τοῦ
1631 1768 1950 1838 Ὀλύμπου,

363 1852 472 1903 ὑπὸ
486 1857 596 1906 τῶν
637 1854 926 1925 Ῥωμαίων
957 1859 1270 1930 ἀρχομένην
1304 1860 1622 1929 ἐκέρδησεν.
1673 1861 1760 1913 Ἐν
1788 1862 1933 1914 ὲκεί-

2033 687 2133 733 τας
2169 671 2296 734 τοὺς
2327 673 2630 742 προγόνους
2682 671 2875 733 αὑτοῦ.
2916 671 3008 725 καὶ
3044 670 3216 723 πολλά
3248 669 3615 738 κατώρθωσεν

2035 758 2174 830 ἔργα
2207 764 2426 832 μνήμης
2467 761 2594 829 ἄξια
2623 765 2704 826 είς
2733 763 2962 833 αὔξησιν
2991 763 3090 832 τῆς
3120 763 3286 815 αὐτοῦ
3322 763 3498 831 ἀρχῆς
3523 763 3616 813 καὶ

2037 853 2338 924 βασιλείας.
2373 849 2542 920 Οῦτος
2574 855 2793 926 πρῶτος
2823 856 2940 926 μὲν,
2965 857 3043 919 ὡς
3067 857 3389 926 εἰρήκαμεν,
3426 858 3482 906 ὲν
3504 858 3616 914 τοῖς

2033 949 2134 1013 τῆς
2187 947 2462 1016 Εὐρώπης
2523 949 2717 1018 μέρεσι
2757 950 3003 1020 περάσας
3058 949 3158 1026 τήν
3216 946 3615 1001 Καλλιούπολιν
3724 961 3738 974 ί

2035 1037 2357 1104 κατέλαόεν,
2392 1035 2513 1091 εἶτα
2562 1040 2660 1093 καὶ
2707 1039 2808 1109 τὴν
2850 1039 3316 1110 Ἀδριανούπολιν.
3379 1039 3616 1104 Ὁμοίως

2033 1130 2130 1182 καὶ
2161 1129 2349 1194 ἕτερον
2382 1130 2481 1183 οὐκ
2510 1131 2693 1197 ὀλίγον
2725 1133 2892 1201 μέρος
2921 1131 3020 1200 τῆς
3049 1131 3275 1202 Θρᾴκης
3299 1131 3396 1183 καὶ
3430 1131 3618 1183 Μακε-

2033 1218 2209 1282 δονίας
2241 1219 2458 1278 ἔλαϐεν.
2494 1222 2766 1291 ’Υστερον
2789 1223 2845 1274 δὲ
2875 1223 3100 1292 ἀγάπην
3131 1222 3226 1274 καὶ
3263 1221 3616 1291 ὁρκωμοσίαν

2039 1311 2178 1378 μετὰ
2204 1311 2299 1364 τοῦ
2339 1303 2618 1382 βασιλέως
2655 1315 2762 1384 κὺρ
2806 1313 3056 1367 Ἰωάννου
3107 1315 3386 1383 εποίησεν.
3449 1315 3615 1367 Ἀποο

2036 1404 2421 1472 στατησάντων
2445 1405 2606 1458 τινῶν
2628 1405 2736 1458 τῶν
2764 1405 3061 1475 σατραπῶν
3090 1404 3256 1458 αὑτοῦ
3280 1405 3340 1457 ὲν
3371 1407 3436 1475 τῇ
3467 1403 3615 1473 Ἐᾠα

2038 1497 2178 1565 μετὰ
2214 1499 2308 1550 τοὺ
2359 1496 2624 1566 βασιλέως
2685 1499 2934 1568 περάσας
2989 1497 3341 1568 ὁμοθυμαδὸν
3387 1497 3616 1558 τούτους

2033 1587 2388 1658 ὲτροπὼσατο
2407 1603 2422 1617 ·
2452 1589 2552 1642 καὶ
2570 1587 2750 1658 μάχην
2772 1589 3006 1657 ποιήσας
3031 1589 3171 1657 μετά
3201 1588 3312 1639 τῶν
3335 1587 3430 1639 τοῦ
3454 1587 3509 1640 Ἀ
3521 1604 3620 1656 μο⁴

2040 1680 2156 1748 ρίου
2211 1679 2498 1746 ἀπογόνων
2547 1683 2730 1734 πᾶσαν
2789 1681 3176 1748 Παφλαγονίαν
3225 1680 3320 1732 καὶ
3371 1678 3478 1740 ἕως
3518 1677 3616 1754 τοῦ

2037 1767 2287 1837 ποταμοῦ
2317 1767 2410 1826 τοῦ
2442 1770 2774 1840 Σαγγάρεως
2802 1770 3001 1832 αὐτοὺς
3026 1769 3258 1836 νικήσας
3293 1768 3389 1819 καὶ
3421 1767 3618 1830 διώξας

2035 1860 2340 1929 ἐκυρίευσε.
2386 1863 2496 1914 Καὶ
2527 1863 2584 1914 ὲν
2611 1861 2690 1930 τῷ
2734 1862 2950 1930 μέλλειν
2987 1861 3226 1929 περᾶσαι
3275 1858 3432 1921 αὖθις
3463 1859 3520 1910 ὲν
3547 1859 3616 1927 τῇ

361 1961 443 2014 νῳ
476 1945 552 2015 τῷ
583 1947 804 2018 πολέμῳ
833 1952 932 2019 τῆς
961 1951 1212 2029 Προύσης
1240 1954 1332 2005 καὶ
1367 1953 1455 2005 τὸν
1474 1953 1612 2010 πόδα
1636 1953 1726 2007 τδν
1758 1954 1934 2017 δεξιὸν
1965 1936 2278 2020 ΒΕὑρώπῃ
2332 1949 2520 2017 μαθὼν
2549 1951 2634 2004 ὅτι
2682 1953 2712 2004 ό
2743 1952 2858 2010 υίὸς
2902 1949 3300 2017 αὐτοῦιΜωσῆς
3338 1949 3476 2017 μετά
3519 1947 3616 1998 τοῦ

360 2037 600 2108 ἐπλήγη.
635 2040 886 2109 Περάσας
909 2042 964 2097 δὲ
998 2044 1095 2102 καὶ
1117 2045 1176 2096 έν
1209 2047 1274 2115 τῇ
1309 2045 1637 2116 Χερρονήσῳ
1664 2045 1763 2114 τῆς
1793 2046 1935 2116 Θρᾲ-

364 2145 472 2194 κης
500 2129 756 2200 πολίχνιά
785 2149 908 2186 τινα
960 2133 1280 2204 πολεμήσας
1333 2136 1540 2206 ἐπῆρεν
1563 2153 1577 2168 ο
1617 2136 1843 2205 ὕστερον
1878 2137 1935 2190 δὲ

362 2219 466 2286 τὴν
496 2221 731 2293 ἀδελφὴν
759 2224 854 2277 τοῦ
886 2226 1154 2296 βασιλέως
1194 2228 1445 2283 Ἰωάννου
1478 2231 1556 2292 είς
1583 2232 1816 2298 γυναῖκα
1841 2228 1937 2281 λα-

366 2309 487 2361 σὼν.
509 2312 597 2369 διὰ
621 2314 720 2382 τὴν
741 2318 1060 2383 συγγένειαν
1082 2319 1159 2388 τῷ
1207 2319 1418 2390 βασιλεῖ
1454 2321 1532 2388 τῷ
1565 2321 1656 2378 καὶ
1675 2338 1938 2388 γυναικαφ

363 2402 546 2473 δέλφῳ
576 2404 644 2458 τὰ
696 2409 756 2459 έν
787 2411 852 2477 τῇ
890 2408 1219 2482 Χερρονήσῳ
1263 2412 1499 2482 φρούρια
1544 2411 1701 2476 αὖθις
1753 2413 1939 2482 ἐχαρί-

366 2511 523 2560 σατο,
555 2495 629 2563 ὡς
687 2497 925 2574 ἀλλαχοῦ
980 2500 1214 2571 ἔφημεν,
1266 2505 1476 2572 καὶτῷ
1520 2505 1939 2576 γυναικαδέλφῳ

370 2586 645 2656 βοηθήσας
689 2589 770 2651 εις
823 2590 925 2660 τὴν
958 2593 1239 2661 βασιλείαν
1277 2595 1376 2664 τὴν
1407 2595 1684 2667 πατρικὴν
1727 2599 1942 2650 ἀποκα-

369 2676 655 2747 τέστησεν.
689 2677 820 2734 Εῐτα
869 2683 1173 2750 ἀπέθανεν,
1215 2686 1274 2750 ὃς
1307 2687 1652 2746 ἐϐασίλευσεν
1680 2688 1773 2756 ἔτη
1809 2706 1937 2740 πεν-

373 2769 612 2837 τήκοντα
641 2773 735 2826 καὶ
764 2775 902 2833 ἑπτὰ
944 2777 1039 2830 καὶ
1070 2777 1246 2846 μῆνας
1278 2780 1434 2831 ἐννέα
1461 2781 1557 2833 καὶ
1601 2781 1812 2850 ἡμέρας
1849 2778 1939 2850 ιβ’.

373 2861 473 2919 καὶ
525 2861 555 2914 ό
607 2864 725 2928 υίὸς
775 2866 939 2920 αὺτοῦ
1006 2868 1352 2942 ’Δμουράτης
1404 2871 1503 2943 τὴν
1550 2872 1724 2943 ἀρχὴν
1773 2873 1940 2925 διεδέ-

372 2951 523 3018 ξατο.

457 3043 556 3100 κε’.
587 3046 744 3100 Μετά
772 3049 866 3102 τὸν
898 3050 1126 3106 θάνατον
1155 3053 1248 3110 οῦν
1276 3057 1369 3110 τοῦ
1387 3057 1648 3128 ὐρχάνου
1675 3061 1703 3112 ό
1749 3061 1942 3128 Ἀμου-

377 3134 550 3206 ράτης
573 3138 685 3208 80
709 3142 790 3202 αις
824 3145 1015 3212 χεῖρας
1035 3144 1216 3200 λαϐὼν
1241 3149 1342 3218 τὴν
1369 3151 1469 3217 τῆς
1493 3151 1769 3220 βασιλείας
1793 3152 1944 3218 ἑξου-
1977 3195 1979 3197 .

377 3226 523 3330 σίμν,
563 3231 623 3330 ἐν
654 3230 764 3284 Etet
790 3239 1002 3306 ⁸ςωνη’,
1040 3238 1369 3304 ίνδικτιῶνος
1417 3241 1501 3311 ιβ’,
1537 3242 1596 3306 ὃς
1626 3239 1695 3314 ἦν
1747 3246 1828 3306 είς
1875 3245 1942 3297 τὰ
1965 3266 2012 3330 c

378 3314 556 3368 πάντα
581 3317 904 3390 ἐπιτήδειος,
931 3323 1173 3395 ἀνδρεῖος
1203 3329 1295 3382 καὶ
1320 3329 1579 3400 ἀγχίνους
1610 3333 1821 3404 ὑπῆρχε
1845 3334 1939 3387 καὶ

445 3498 538 3554 24.
561 3499 842 3559 Orcltanes
866 3504 1031 3576 igitur
1072 3522 1237 3579 regno
1284 3518 1508 3578 paterno
1552 3511 1780 3580 potitus,
1847 3527 1942 3582 pa-

373 3602 513 3647 trem
543 3592 595 3647 in
626 3594 880 3651 omnibus
899 3598 1060 3654 rebus
1085 3599 1418 3664 imitabatur,
1444 3616 1509 3656 ac
1547 3604 1760 3658 modmu
1792 3617 1940 3672 qure-

374 3683 529 3739 rebat
559 3681 1006 3758 occasionesque,
1032 3705 1161 3759 opes
1188 3700 1242 3746 et
1274 3708 1518 3760 regnum,
1542 3704 1798 3762 quantum
1821 3711 1944 3765 pos.

374 3785 479 3841 set,
548 3779 802 3848 augendi,
851 3783 950 3837 nec
1007 3799 1245 3852 unquam
1300 3783 1552 3839 cessabat
1593 3799 1942 3840 commovere

379 3868 516 3922 bella
572 3880 626 3925 et
700 3873 1025 3929 certamina.
1086 3876 1272 3945 Itaque
1324 3877 1613 3945 papulares
1668 3877 1943 3947 principes

373 3959 616 4024 adortus,
650 3960 844 4016 multas
872 3963 937 4018 de
955 3963 1022 4019 iis
1043 3965 1297 4020 victorias
1323 3967 1638 4034 reportavit,
1667 3968 1945 4037 armisque

375 4049 479 4102 sibi
508 4050 714 4117 paravit
739 4060 902 4106 totam
935 4054 1187 4124 Mysiam,
1233 4056 1578 4128 Lycaoniam,
1633 4059 1944 4128 Phrygiam,

375 4139 618 4209 Cariam,
656 4157 831 4212 usque
855 4145 922 4197 ad
960 4161 1112 4201 mare
1143 4156 1195 4202 et
1228 4147 1682 4219 Eurymedontem
1714 4150 1942 4207 fluvium

378 4235 902 4328 progressusaidcm
935 4239 1198 4308 reliquam
1228 4251 1432 4312 partem
1460 4244 1749 4328 liitltyniae,
1785 4244 1948 4300 Nicon

380 4326 610 4380 mediam
637 4337 691 4381 et
711 4325 943 4382 Nicaeam
1004 4340 1058 4385 et
1089 4332 1189 4384 alia
1247 4347 1352 4386 non
1408 4325 1576 4402 pauca
1635 4336 1836 4404 oppida
1893 4343 1948 4390 ct

379 4417 561 4480 urbes,
588 4421 746 4486 inque
759 4421 947 4488 primis
963 4421 1439 4478 celebratissimam
1456 4433 1508 4480 et
1530 4426 1944 4496 pulcherrimam

379 4508 629 4574 Prusam,
673 4511 741 4565 ad
802 4511 1016 4567 radices
1066 4511 1276 4584 Olympi
1340 4517 1538 4572 montis
1587 4519 1771 4586 sitam,
1825 4535 1946 4589 qua:

2032 2043 2125 2096 τοῦ
2162 2042 2425 2112 βασιλέως
2445 2043 2561 2096 υίοῦ
2590 2043 2686 2095 τοῦ
2707 2044 2814 2112 κῦρ
2847 2041 3184 2111 Ἀνδρονίκου
3203 2040 3616 2106 ἀπεστάτησαν,

2034 2135 2154 2188 λίαν
2188 2135 2527 2204 λυπούμενος
2547 2132 2637 2206 ἦν.
2663 2135 2773 2188 Καὶ
2807 2136 3149 2206 περάσαντες
3179 2133 3390 2202 ταχέως
3415 2128 3610 2201 ἦλθον,

2035 2229 2132 2280 καὶ
2158 2226 2388 2295 στρατὸν
2421 2227 2732 2287 στείλαντες
2765 2227 2888 2279 κατ’
2921 2226 3124 2289 αὐτῶν,
3162 2225 3488 2294 νικήσαντες
3516 2221 3616 2274 αὐ-

2036 2318 2182 2380 τοὺς,
2203 2317 2422 2385 ἔφυγον.
2457 2319 2722 2387 ’Ὕστερον
2750 2318 3043 2376 πιάσαντες
3061 2316 3264 2377 αὐτοὺς
3289 2317 3316 2366 ὁ
3349 2315 3444 2382 μὲν
3467 2314 3616 2380 ἀμη-

2041 2412 2139 2480 ρᾶς
2171 2410 2263 2462 τὸν
2294 2410 2409 2462 υἱὸν
2438 2409 2604 2465 αὑτοῦ
2634 2409 2794 2472 εὐθὺς
2819 2410 3184 2470 ἐθανάτωσεν,
3221 2407 3250 2456 ό
3271 2407 3325 2459 δὲ
3364 2405 3616 2474 βασιλεὺς

2038 2505 2128 2558 τὸν
2170 2505 2284 2558 υἱὸν
2327 2503 2492 2556 αὑτοῦ
2547 2501 2886 2569 ἐτύφλωσεν.
2945 2495 3076 2553 Εἶτα
3105 2498 3286 2568 μάχην
3336 2496 3476 2548 κατά
3511 2494 3614 2560 τῆς

2039 2595 2374 2668 Βουλγαρίας
2408 2595 2502 2647 καὶ
2555 2593 2782 2662 Σερϐίας
2840 2593 3078 2660 ποιήσας
3133 2590 3270 2643 πολὺ
3323 2588 3490 2658 μέρος
3521 2585 3614 2651 ὑφ’

2041 2689 2230 2742 ἑαυτὸν
2264 2688 2561 2769 ἐποιήσατο
2590 2685 2684 2738 καὶ
2711 2684 2866 2747 νίκας
2895 2682 3140 2751 μεγάλας
3173 2681 3367 2750 ἤρατο.
3403 2675 3614 2744 Καιροῦ

2041 2778 2098 2833 δέ
2134 2780 2240 2850 81
2265 2795 2408 2840 τινος
2442 2777 2800 2848 παρελθόντος
2835 2775 2998 2828 πάλιν
3044 2773 3186 2828 κατὰ
3215 2772 3310 2824 τοῦ
3341 2771 3606 2824 δεσπότου

2041 2871 2297 2941 Λαζάρου
2325 2868 2418 2924 τοῦ
2443 2870 2544 2938 τῆς
2577 2867 2812 2936 Σερϐίας
2836 2862 3170 2936 κρατοῦντος
3193 2861 3432 2930 πόλεμον
3461 2860 3614 2911 εποι-

2043 2960 2229 3031 ήσατο.
2263 2957 2482 3029 Τρέψας
2518 2957 2614 3010 καὶ
2653 2956 2884 3026 νικήσας
2929 2952 3093 3007 αὑτὸν
3140 2949 3353 3015 ὲδὶωξε,
3384 2949 3482 3002 καὶ
3521 2947 3614 3000 τὸν

2046 3051 2274 3123 στρατὸν
2303 3049 2468 3105 αὑτοῦ
2518 3049 2889 3117 διεσκόρπισε,
2917 3045 3014 3099 καὶ
3046 3044 3247 3107 πολλὰς
3291 3043 3481 3104 πόλεις
3513 3040 3611 3092 καὶ

2043 3143 2228 3216 χώρας
2253 3140 2354 3208 τῆς
2399 3139 2632 3210 Σερσίας
2657 3136 2812 3198 αὖθις
2839 3137 3134 3204 ἐκράτησε.
3174 3130 3484 3201 Τριάκοντα
3503 3129 3619 3182 ικαὶ

2045 3233 2186 3291 ἑπτὰ
2211 3231 2392 3302 μάχας
2416 3231 2654 3300 ποιήσας
2691 3227 2936 3297 μεγάλας
2969 3224 3201 3278 πάντοτε
3228 3219 3296 3293 ἦν
3321 3219 3619 3291 τροπαιοῦ-

2043 3343 2136 3398 xu;
2164 3325 2260 3384 καὶ
2294 3324 2540 3394 νικητής.
2571 3321 2842 3390 ’Ὕστερον
2868 3319 2926 3374 δὲ
2960 3318 3066 3375 ὑπὸ
3087 3315 3180 3372 τοῦ
3206 3312 3615 3386 προῤῥηθέντος

2045 3509 2238 3580 peritia
2269 3506 2344 3562 rei
2378 3505 2586 3562 bellica:
2616 3518 2782 3572 supra
2812 3516 3007 3560 omnes
3061 3500 3298 3570 majores
3362 3495 3614 3566 insignis,

2046 3602 2210 3658 multa
2271 3599 2532 3667 pra-clara
2591 3595 2833 3651 iacinora
2896 3595 2962 3648 ad
3015 3593 3322 3663 augendum
3385 3603 3612 3658 regnum

2043 3692 2230 3749 edidit.
2261 3687 2502 3758 Namque
2530 3688 2736 3757 primus
2778 3686 2830 3740 in
2893 3683 3159 3753 Europam
3226 3681 3516 3750 trajectus,
3557 3688 3617 3730 ut

2045 3796 2208 3851 supra
2234 3779 2536 3840 docuimus.
2564 3775 2922 3844 Calliopolim,
2951 3788 3074 3828 mox
3131 3773 3295 3827 etiam
3348 3770 3615 3824 Adriauo-
3642 3808 3646 3812 .

2046 3875 2233 3946 polim,
2267 3883 2428 3939 atque
2455 3870 2618 3925 aliam
2649 3868 2790 3923 haud
2815 3867 3067 3937 exiguam
3105 3874 3316 3928 partem
3367 3862 3410 3920 Τ
3416 3863 3615 3918 ltracite
3644 3903 3648 3910 ,

2045 3974 2100 4021 et
2123 3962 2448 4017 Macedonia)
2504 3959 2810 4027 occupavit.
2841 3957 3039 4012 Postea
3077 3957 3256 4011 foedus
3304 3965 3361 4009 et
3420 3952 3648 4006 amici»

2047 4057 2178 4113 tiam
2211 4069 2332 4108 cum
2363 4049 2574 4108 Joanne
2629 4051 2962 4120 imperatore
2999 4048 3152 4111 iniit;
3189 4056 3393 4102 etcum
3424 4045 3628 4099 eodem.

2048 4150 2101 4204 iu
2141 4147 2321 4205 Asiam
2379 4145 2657 4216 trajectus,
2711 4142 2976 4212 quosdam
3011 4157 3040 4195 e
3095 4139 3333 4206 satrapis
3386 4136 3523 4202 suis,
3587 4150 3621 4188 a

2050 4241 2156 4296 [ide
2206 4239 2605 4302 desciscentes,
2675 4235 2982 4304 conjunctis
3008 4233 3217 4288 viribus
3264 4231 3331 4286 ad
3385 4229 3623 4284 alliciunt

2049 4333 2343 4397 revocavit,
2375 4339 2537 4399 atque
2563 4328 2767 4382 Amor-ii
2812 4327 3046 4397 posteris
3074 4324 3374 4381 certamine
3405 4321 3624 4377 divictis

2049 4425 2374 4494 fugatisque,
2413 4433 2524 4478 tota
2558 4421 2923 4490 Paphlagonia
2954 4433 3124 4488 usque
3185 4417 3253 4472 ad
3290 4414 3620 4485 Sangarium

2050 4518 2248 4574 ﬂumen
2278 4517 2485 4588 potitus
2517 4524 2621 4570 est.
2665 4514 2867 4569 Deinde
2898 4514 2949 4567 in
2975 4515 3246 4582 Europam
3278 4523 3621 4572 reversurus,

379 4601 543 4654 etiam
584 4611 694 4656 tum
721 4602 980 4657 Romanis
1009 4605 1252 4672 parebat,
1281 4609 1396 4661 suis
1427 4609 1724 4676 provinciis
1781 4609 1942 4664 addi-
1979 4602 2022 4656 Ι)
2051 4601 2251 4666 Mosent
2281 4609 2448 4662 tilium
2479 4624 2603 4663 cum
2644 4606 2978 4670 Andronico,
3017 4603 3243 4658 Joannis
3293 4601 3425 4664 (ilio,
3475 4598 3623 4654 defc-

384 4691 482 4746 dit.
521 4692 576 4746 In
615 4693 754 4748 bello
789 4694 1041 4750 Prusensi
1077 4696 1127 4750 in
1163 4699 1389 4752 dextero
1440 4701 1574 4766 pede
1626 4701 1947 4756 vulneratus

380 4793 484 4838 est.
520 4783 704 4852 Copiis
729 4785 854 4838 item
896 4786 948 4839 in
989 4785 1384 4844 Chersonesum
1417 4788 1666 4849 Thraciae
1693 4793 1944 4848 transdu-

381 4876 719 4946 ctis,0ppida
745 4879 994 4932 nonnulla
1014 4882 1500 4954 expugnavit,qute
1529 4894 1708 4938 tamen
1739 4894 1950 4951 postea,

384 4965 728 5036 imperatoris
795 4967 1021 5024 Joannis
1103 4985 1344 5025 sororem
1407 4973 1460 5029 in
1541 4975 1948 5031 matrimonium

383 5061 634 5128 adeptus,
665 5061 788 5113 huic
812 5071 866 5116 et
897 5062 1084 5117 uxoris
1147 5061 1297 5116 fratri
1351 5075 1572 5132 propter
1631 5066 1947 5120 atiinitatem

387 5146 532 5204 ultro
565 5152 856 5216 concessit,
893 5161 952 5206 ut
1011 5151 1136 5208 alibi
1201 5153 1466 5220 diximus;
1531 5166 1694 5225 atque
1746 5159 1948 5214 auxilio

387 5259 487 5296 suo
521 5242 723 5307 eﬂccit,
757 5255 814 5296 ut
845 5244 979 5299 levir
1033 5243 1088 5298 it:
1127 5254 1408 5314 paternum
1467 5247 1750 5314 imperium
1795 5250 1952 5304 resti-

388 5344 652 5389 tueretur.
709 5336 909 5390 Deinde
971 5346 1214 5391 mortuus
1266 5345 1366 5400 est,
1418 5348 1698 5407 postquam
1785 5355 1952 5406 regno

386 5427 599 5493 praefuit
629 5442 800 5482 annos
868 5440 1081 5486 sentem
1147 5437 1200 5482 et
1267 5430 1680 5499 quinquaginta,
1732 5448 1949 5486 menses

386 5533 600 5582 novem,
634 5521 753 5575 dies
777 5521 1060 5576 duodecim
1090 5536 1186 5588 ;ac
1215 5525 1452 5592 suscepit
1501 5524 1783 5591 imperium
1811 5525 1953 5580 lilius

382 5609 502 5680 ejus
552 5613 860 5670 Amurates.

452 5699 544 5755 25.
603 5699 734 5757 Post
786 5713 1010 5758 mortem
1068 5703 1337 5760 Orcltanis
1385 5704 1672 5761 Amurates
1721 5706 1953 5776 imperio

387 5791 592 5862 potitur
617 5807 760 5848 anno
789 5794 952 5861 6858,
985 5794 1278 5851 indictione
1309 5795 1396 5852 ιε.
1422 5796 1467 5852 ls
1493 5797 1544 5851 in
1585 5799 1744 5853 rebus
1775 5798 1953 5852 omni-

387 5879 488 5946 bus
512 5891 788 5952 strenuus,
841 5887 992 5945 fortis
1045 5898 1101 5945 et
1142 5891 1335 5950 sola-rs.
1398 5900 1558 5954 atque
1605 5891 1843 5948 versutia
1899 5903 1954 5957 et

2048 4703 2190 4758 cisse
2219 4717 2416 4771 magno
2433 4716 2554 4755 cum
2577 4699 2762 4754 dolore
2788 4697 3020 4752 audivit.
3045 4694 3344 4750 Confestim
3379 4691 3616 4761 trajecti,

2047 4795 2344 4849 exercitum
2375 4793 2635 4847 adversus
2665 4803 2759 4844 eos
2812 4787 3057 4852 mittunt,
3119 4785 3345 4838 vincunt
3403 4797 3499 4836 eos
3536 4780 3620 4833 lu-

2049 4895 2282 4956 gautque
2307 4902 2322 4950 ;
2349 4900 2472 4940 mox
2506 4883 2695 4937 iisdem
2731 4878 3160 4946 comprehensis,
3181 4890 3398 4930 ameras
3427 4873 3614 4928 statim

2054 4977 2218 5032 tilium
2286 4983 2668 5040 sumnvmorte
2747 4972 3022 5031 multavit,
3127 4971 3421 5035 imperator
3446 4975 3607 5018 suum

2053 5070 2284 5140 privavit
2309 5068 2500 5122 oculis.
2532 5066 2670 5120 Tum
2695 5065 2942 5133 Bulgaris
2969 5074 3024 5118 et
3061 5060 3274 5116 Serviis
3301 5059 3443 5114 bello
3469 5059 3620 5112 illato

2051 5170 2104 5213 et
2156 5158 2428 5228 praeclaris
2473 5157 2761 5226 reportatis
2795 5153 3063 5216 victoriis,
3117 5166 3366 5215 magnam
3394 5151 3462 5202 iis
3489 5163 3620 5217 pro-

2054 5251 2352 5303 vinciarutv
2392 5257 2603 5317 partem
2628 5247 2844 5314 eripuit.
2868 5243 3380 5310 lntermissoaliquo
3407 5254 3622 5310 tempo-

2053 5357 2131 5408 re,
2155 5341 2439 5402 Lazarum,
2460 5340 2662 5394 Serviat
2686 5341 2965 5406 despotam
2989 5375 3007 5402 ,
3034 5335 3177 5390 bello
3202 5333 3379 5388 denuo
3400 5347 3623 5402 aggres-

2053 5449 2167 5495 sus,
2208 5430 2752 5500 devicitfugavitque.
2784 5439 2838 5483 et
2865 5429 3130 5496 dissipato
3185 5428 3302 5496 ejus
3350 5425 3619 5485 exercitu,

2056 5525 2251 5575 multas
2280 5536 2470 5576 rursus
2493 5523 2656 5576 urbes
2689 5531 2742 5575 et
2782 5522 3028 5591 regiones
3098 5519 3304 5575 Serviat
3355 5521 3409 5572 in
3466 5529 3622 5582 potev

2054 5623 2254 5670 statetn
2305 5629 2456 5667 suam
2515 5615 2742 5684 redegit,
2801 5627 3005 5684 septem
3049 5613 3356 5682 etltriginta
3413 5612 3626 5679 magnis

2055 5705 2255 5776 praeliis
2305 5704 2671 5770 conﬂictatus,
2693 5719 2724 5758 e
2757 5707 2954 5775 quibus
2973 5705 3227 5758 omnibus
3254 5702 3506 5772 superior
3555 5715 3621 5756 ae

2056 5799 2229 5852 victor
2246 5799 2518 5853 discessit.
2538 5797 2778 5852 Tandem
2799 5798 2866 5852 ab
2882 5812 2970 5861 eo,
2985 5811 3142 5863 quem
3170 5801 3298 5848 ante
3321 5793 3621 5857 nominavi,

2058 5888 2262 5950 Lazaro
2285 5887 2408 5942 dolo
2447 5898 2672 5947 necatus
2699 5896 2804 5952 est,
2873 5903 3037 5960 regno
3074 5885 3276 5959 potitus
3303 5899 3476 5949 annos
3511 5893 3632 5954 trcs.
