3990 6556
257 321 406 390 ’709

1379 321 1824 384 CHRONICON
1869 321 2138 412 MAJUS.
2167 349 2236 360 -·
2278 323 2422 390 LIB.
2474 327 2516 387 ί.

3456 329 3561 391 710

268 445 413 501 Καὶ
437 447 468 498 ό
499 443 723 514 ἀμηρᾶς
758 442 1096 515 Καραμάνος
1151 439 1444 510 δεξάμενος
1488 440 1653 494 αὑτὸν
1710 439 1879 509 ἡδέως
1915 441 1958 498 Α
1987 439 2196 506 ἐδίωξε,
2228 441 2330 512 τὴν
2353 442 2622 496 Γαλατίαν
2655 442 3056 496 Καππαδοκίαν
3093 459 3151 496 τε
3202 444 3296 497 καὶ
3357 444 3564 500 Πόντον

275 539 398 592 καὶ
423 539 586 607 χεῖρα
614 535 793 598 δὼσας
824 533 1049 604 ἐξῆλθεν
1071 526 1229 596 οὗτος
1284 535 1426 586 κατὰ.
1471 531 1567 585 τοῦ
1616 530 1876 584 αύταδέλ-

274 647 406 696 (pou
436 627 630 696 Μωσῆ.
679 625 911 698 Πρώτης
943 627 1038 680 καὶ
1064 626 1326 696 δευτέρας
1362 626 1542 696 μάχης
1574 622 1874 692 γενομένης

267 726 311 778 ὁ
348 721 451 778 τοῦ
488 721 666 790 Μωσῆ
695 721 926 790 στρατὸς
967 720 1301 791 ύπερὶσχυσε
1349 721 1445 772 καὶ
1497 720 1525 771 ὁ
1584 716 1876 786 Μεσμέτης

272 813 693 885 καὶόστρατὺς
737 811 906 866 αὐτοῦ
955 811 1479 884 διεσκορπίσθησαν.
1546 811 1641 862 ἐκ
1689 809 1874 876 τρίτου

272 905 346 959 δὲ
376 905 479 976 τὴν
503 904 675 976 τύχην
696 904 1417 973 λογισάμενοςνδοκιμασαι,
1474 902 1614 972 πρὸς
1647 903 1742 955 τὸν
1775 901 1874 970 τῆς

281 995 530 1066 Σερσίας
557 1002 655 1050 καὶ
687 995 1030 1065 Βουλγαρίας
1064 995 1330 1063 αὐθέντην
1359 994 1454 1048 καὶ
1487 994 1624 1064 πρὸς
1663 994 1753 1048 τὸν
1785 991 1876 1060 βα-

282 1089 462 1143 σιλέα
520 1087 693 1142 ἐλθὼν
752 1089 1010 1157 βοήθειαν
1067 1088 1290 1158 αἰτῆσαι
1357 1088 1490 1158 παρ’
1532 1086 1738 1152 αὐτῶν,
1783 1087 1876 1140 καὶ

272 1179 569 1243 δὼσαντες
598 1179 747 1249 αὖτῷ
789 1182 946 1250 χεῖρα
981 1180 1175 1248 ἱκανὴν
1229 1181 1324 1233 καὶ
1368 1179 1603 1251 στρατὸν
1655 1177 1876 1249 ἐξῆλθεν

274 1273 454 1336 αὖθις
511 1273 652 1326 κατὰ
694 1272 786 1326 τοῦ
837 1273 1014 1338 Μωαῆ
1048 1289 1063 1304 °
1110 1274 1201 1326 καὶ
1261 1258 1441 1343 μάχης
1495 1273 1796 1342 γενομένης
1848 1274 1875 1325 ὁ

277 1365 588 1434 Μεεμέτης
633 1365 919 1434 ἀπατήσας
963 1368 1104 1434 μετὰ
1148 1367 1448 1436 χρημάτων
1493 1365 1723 1426 πολλοὺς
1765 1363 1876 1416 τῶν

283 1459 533 1528 πρώτων
587 1459 934 1527 στρατηγοὺς
981 1458 1079 1511 καὶ
1133 1458 1476 1527 κυϐερνήτας
1526 1457 1620 1510 τοῦ
1677 1457 1874 1524 Μωσῆ,

281 1553 526 1620 ἀφέντες
551 1551 718 1604 αὐτὸν
753 1551 954 1620 ἔφυγον
983 1550 1121 1620 πρὸς
1176 1549 1268 1603 τὸν
1319 1549 1630 1619 Μεεμέτην.
1701 1547 1762 1602 Ὀ
1819 1547 1875 1601 δέ

280 1645 502 1714 Μωσῆς
535 1643 658 1697 ίδὼν
683 1645 779 1698 καὶ
809 1641 970 1706 αὐτος
999 1642 1081 1705 είς
1129 1643 1310 1712 φυγὴν
1362 1643 1595 1711 ἐτράπη
1642 1643 1734 1694 καὶ
1785 1641 1874 1694 ἑλ-

290 1735 412 1790 θὼν
438 1736 498 1789 ἔν
545 1751 657 1788 τινι
694 1733 847 1805 τόπῳ
907 1733 1102 1788 δλώδει
1165 1733 1416 1802 ἐκρύϐη·
1465 1732 1524 1786 ὂν
1571 1732 1746 1802 εὑρών
1791 1751 1876 1796 τις

291 1829 610 1898 στρατηγὸς
643 1827 737 1882 τοῦ
773 1828 1035 1898 Μεεμέτη
1076 1829 1196 1881 ius!
1246 1826 1510 1893 ἀπέπνιξε
1578 1827 1874 1896 προστάξει

284 1921 394 1974 τοῦ
420 1919 684 1974 αύθέντου
716 1919 904 1976 αὑτοῦ.
948 1919 1183 1987 Ἐστάθη
1209 1918 1305 1974 οὖν
1351 1921 1385 1988 ἡ
1439 1920 1579 1990 αὐτὴ
1625 1919 1876 1990 βασιλεία

287 2013 686 2068 κινδυνεύουσα
730 2014 819 2068 διὰ
873 2014 973 2076 τὰς
1027 2012 1298 2083 διχονοίας
1338 2013 1439 2077 τὰς
1497 2013 1557 2066 έν
1622 2013 1874 2082 ἀλλήλοις

287 2109 412 2171 τοῖς
440 2109 736 2178 τέσσαρσιν
774 2105 1028 2176 ἀδελφοῖς
1064 2105 1161 2174 ἔτη
1214 2105 1344 2177 τρία
1403 2106 1496 2159 καὶ
1533 2109 1707 2176 μῆνας
1757 2105 1874 2170 δύο,

289 2199 593 2269 Μεεμέτης
620 2199 676 2252 δὲ
705 2199 982 2270 ἐγκρατὴς
1010 2199 1193 2268 πάσης
1223 2199 1324 2268 τῆς
1353 2197 1532 2267 ἀρχῆς
1568 2198 1662 2251 καὶ
1721 2199 1877 2268 βασι-

289 2292 452 2354 λείας
481 2292 579 2362 τῆς
614 2291 729 2362 89
759 2289 1039 2360 πατρικῆς
1074 2289 1212 2360 μετὰ
1258 2289 1532 2344 τοσούτων
1563 2289 1750 2344 κόπων
1781 2289 1877 2343 καὶ

291 2383 515 2437 ὀδυνῶν
543 2381 771 2449 γέγονεν
806 2379 866 2434 ἔν
889 2380 1002 2433 ἔτει
1028 2379 1170 2446 ςᾷζξ
1198 2377 1531 2441 ίνδικτιῶνος
1553 2375 1622 2446 γ’.
1857 2411 1864 2415 -

367 2472 436 2528 λ’.
467 2471 686 2542 Πρῶτον
719 2470 818 2539 μὲν
841 2469 1004 2538 ἔργον
1038 2469 1179 2539 μετὰ
1223 2469 1286 2520 τὸ
1306 2467 1496 2521 λαϐεῖν
1544 2467 1644 2537 τὴν
1699 2465 1876 2538 ἀρχὴν

292 2564 524 2633 ἐποίησε
588 2547 770 2616 τοῦτό.
824 2561 908 2614 Τὰ
965 2559 1096 2630 τέλη
1151 2559 1258 2630 τῆς
1317 2559 1730 2630 Μολδοελαχίας
1783 2559 1877 2614 καὶ

293 2654 676 2724 Μπογδανίας,
699 2655 825 2707 ὅσον
857 2648 926 2725 ἦν
957 2651 1204 2717 δυνατὸν,
1236 2653 1495 2724 ἐϐάρυνε,
1546 2655 1640 2705 καὶ
1696 2653 1876 2706 πᾶσαν

297 2748 491 2819 χώραν
523 2747 618 2802 καὶ
652 2747 818 2801 τόπον
877 2747 935 2800 έν
985 2747 1052 2817 τῇ
1112 2745 1268 2816 ’Δσία
1322 2745 1380 2798 ὲν
1434 2739 1516 2809 οἷς
1573 2746 1625 2798 οἱ
1673 2743 1876 2798 Σκύθαι

298 2839 545 2905 ἐγίνοντο
569 2837 856 2908 ἐγκρατεῖς
889 2835 1026 2905 μετὰ
1057 2833 1160 2904 τὴν
1187 2833 1573 2904 αἰχμαλωσίαν
1622 2831 1719 2888 τοῦ
1771 2850 1878 2888 παρ

298 2929 452 2998 τρδς,
487 2929 648 2981 πάλιν
679 2927 797 2997 μετ’
821 2925 1008 2994 ὀλίγον
1049 2925 1140 2994 ὑφ’
1167 2925 1357 2977 ἑαυτὸν
1411 2925 1821 2993 ἀπεκατέστησε
1859 2941 1875 2957 ·

300 3024 400 3075 καὶ
438 3025 564 3085 τοὺς
600 3021 911 3090 ὁμοφύλους
937 3022 1029 3074 καὶ
1059 3019 1390 3088 ὁμοπίστους
1435 3019 1697 3082 αὐθέντας
1727 3017 1823 3080 οὓς
1849 3019 1878 3072 6

1983 533 2077 586 καὶ
2109 534 2210 587 ὃσα
2237 535 2339 604 τῆς
2367 535 2576 588 ἄνωθεν
2617 535 2806 597 Ἀσίας
2838 535 3120 606 ἐκέρδησε.
3169 534 3276 587 Τὸν
3339 535 3564 604 Ἰσμαὶλ

1980 626 2206 694 ἀμηρᾶν
2231 625 2326 679 τοῦ
2372 625 2648 678 Σινωπίου
2707 624 2945 695 ὑποτελῆ
3003 625 3249 696 ἐποίησε,
3303 626 3398 680 καὶ¹
3453 627 3566 680 ἀπὸ

1978 717 2182 777 Λυδίας
2224 719 2328 782 ἔως
2362 719 2606 779 Δίολίδος
2668 718 2762 773 καὶ
2821 719 2951 789 ἄχρι
2995 720 3215 781 Μυσίας
3271 719 3371 790 τῆς
3427 721 3565 790 πρὶς

1981 810 2075 864 τὸν
2139 802 2544 880 Ἑλλήσποντον
2594 810 2784 880 κύριος
2837 811 3075 880 ἐγένετο,
3140 811 3235 864 καὶ
3286 813 3423 879 μετὰ
3469 814 3567 876 τῆς

1982 900 2277 971 γερουσίας
2297 903 2405 956 τῶν
2451 902 2688 956 Ἐνετῶν
2739 904 2919 974 μάχην
2949 904 3206 974 ποιήσας.
3255 903 3315 957 ’0
3341 904 3433 958 οὖν
3455 905 3568 956 τῶν

1991 993 2226 1047 Ἐνετῶν
2259 995 2445 1056 στόλος
2474 986 2624 1064 εἶχεν
2651 995 2934 1065 ναυάρχην
2955 996 3047 1048 τὸν
3073 995 3283 1067 Πέτρον
3308 996 3520 1067 Δορδᾶν
3545 1013 3560 1028 ο

1982 1085 2082 1138 καὶ
2105 1086 2278 1154 ἄμφω
2303 1086 2354 1138 οἱ
2379 1087 2558 1138 στόλοι
2583 1085 3034 1154 συναντηθέντες,
3070 1086 3214 1154 λέγω
3248 1085 3356 1140 τῶν
3415 1084 3569 1140 Ἐνε-

1980 1177 2089 1230 τῶν
2119 1177 2328 1231 καὶτοῦ
2353 1179 2566 1248 ἀμηρᾶ,
2593 1179 2872 1248 ἀναμέσον
2891 1180 3266 1249 Προικονήσου
3289 1179 3384 1233 καὶ⁵
3417 1179 3566 1234 Καλ-

1981 1271 2331 1334 λιουπόλεως,
2363 1270 2458 1324 καὶ⁵
2488 1271 2796 1340 ναυμαχίας
2832 1271 3137 1340 γενομένης
3164 1271 3360 1325 πολλαὶ
3407 1274 3564 1342 τριή-

1982 1381 2098 1434 ρεις
2128 1365 2224 1417 καὶ
2255 1365 2378 1426 νῆες
2413 1364 2522 1416 τῶν
2549 1357 2811 1431 Τούρκων
2838 1380 2970 1416 κατε
2983 1365 3346 1434 ποντίσθησαν
3373 1381 3386 1395 ο
3425 1365 3564 1432 μετὰ

1979 1457 2037 1510 δὲ
2073 1455 2249 1509 ταῦτα
2269 1457 2492 1526 ἀγάπην
2520 1457 2809 1526 ἐποίησαν.
2850 1457 3068 1523 Ἠγάπα
3106 1455 3162 1510 δὲ
3192 1459 3285 1511 τὸν
3337 1458 3564 1525 βασιλέα

1979 1547 2087 1614 κὺρ
2139 1546 2398 1614 Μανουὴλ
2423 1543 2576 1610 οὗτος
2598 1548 2626 1600 ὁ
2659 1549 2882 1618 ἁμηρᾶς
2907 1548 3004 1601 κα)⁵
3036 1549 3163 1612 τοὺς
3197 1550 3417 1620 ἑτέρους
3467 1549 3562 1601 αύ-

1981 1641 2172 1702 θὲντας
2198 1639 2565 1707 Χριστιανοὺς
2585 1641 2715 1703 τοὺς
2767 1641 2936 1708 ἐγγὺς
2974 1641 3084 1694 τῶν
3123 1643 3288 1712 ὁρίων
3341 1641 3508 1695 αὑτοῦ
3545 1657 3558 1669 ·

1981 1733 2076 1784 καὶ
2139 1733 2198 1782 ἐν
2242 1732 2320 1800 τῷ
2385 1731 2602 1800 μέλλειν
2655 1731 2818 1785 αὐτὸν
2865 1733 3129 1803 τελευτᾷν
3177 1735 3288 1806 90
3334 1734 3409 1804 τῷ
3459 1737 3564 1805 υίῷ

1911 1797 1948 1850 Β
1989 1797 2304 1894 Ἀμουράτη
2331 1797 2702 1894 παρήγγειλεν
2733 1825 2802 1878 ἵν’
2837 1826 3030 1894 ἔσηται
3072 1797 3225 1894 φίλος
3243 1797 3348 1879 ἶωι
3373 1797 3562 1896 βοηθὸς

1974 1918 2054 1987 τῷ
2107 1917 2320 1988 βασιλεῖ
2378 1918 2486 1986 κὺρ
2539 1917 2820 1986 Μανουήλ.
2875 1910 3044 1982 Οὗτος
3109 1919 3330 1989 πρῶτος
3386 1921 3443 1972 ἐν
3493 1923 3560 1990 τῇ

1989 2008 2431 2079 ’Δδριανουπόλει
2463 2009 2563 2080 τὴν
2599 2010 2869 2080 καθέδραν
2914 2011 3196 2082 ἐποίησεν,
3238 2011 3308 2082 ἢν
3359 2011 3410 2064 οί
3456 2011 3563 2078 πρὸ
3633 2018 3644 2024 “

1977 2101 2146 2155 αὐτοῦ
2164 2102 2224 2154 ἐν
2245 2103 2311 2172 τῇ
2341 2101 2560 2174 Προύσῃ
2589 2099 2758 2172 εἶχον.
2804 2101 3050 2172 ’Υπῆρχε
3090 2102 3147 2156 δὲ
3181 2102 3303 2158 λίαν
3335 2103 3561 2173 φιλόδω-

1981 2211 2072 2265 ρος
2093 2195 2185 2248 καὶ
2215 2197 2325 2258 τοῖς
2351 2195 2528 2262 φίλοις
2565 2196 2792 2266 ἄριστος
2825 2211 2840 2227 ο
2869 2196 3068 2265 ὁμοίως
3097 2195 3152 2249 δὲ
3198 2199 3310 2260 τοῖς
3345 2196 3563 2266 ἐχθροῖς

1975 2285 2082 2348 ἕως
2109 2285 2299 2349 τέλους
2323 2286 2472 2356 ζωῆς
2503 2285 2884 2356 καμηλοειδῶς
2919 2287 3178 2351 διέκειτο,
3204 2289 3298 2341 καὶ
3327 2290 3561 2341 πάντοτε

1978 2377 2073 2432 νέα
2109 2377 2474 2447 ὲφευρήματα
2504 2378 2599 2432 καὶ
2629 2381 2883 2450 μηχανὰς
2920 2378 3190 2448 γυρεύων.
3225 2377 3313 2432 ῐνα
3345 2379 3560 2450 βλάπτῃ

1978 2473 2074 2524 καὶ
2095 2471 2332 2544 ἀφανίζῃ
2365 2472 2492 2535 τοὺς
2521 2472 2711 2533 κακῶς
2757 2473 3140 2540 διακειμένους
3201 2473 3318 2542 μετ’
3369 2472 3561 2530 αὑτοῦ.

1991 2564 2254 2618 ’Δπέθανε
2275 2565 2331 2620 δὲ
2366 2565 2696 2634 βασιλεύσας
2725 2565 2819 2634 ἔτη
2879 2566 3010 2618 δέκα
3050 2568 3144 2619 καὶ
3175 2567 3338 2622 ἑπτά.

2050 2656 2152 2712 λα’.
2199 2657 2584 2722 Ἀποθανόντος
2616 2657 2710 2712 οὖν
2757 2657 2852 2712 τοῦ
2907 2659 3106 2727 ἀμηρᾶ
3158 2657 3415 2728 Μεεμέτη
3473 2658 3568 2712 καὶ

1979 2751 2224 2822 Κυρίτζη
2249 2751 2686 2822 ὀνομαζομένου,
2743 2752 2772 2804 ὁ
2824 2751 2936 2815 υἱὸς
2993 2752 3161 2805 αὐτοῦ
3220 2751 3566 2822 Ἀμουράτης

1978 2842 2155 2896 ἐλθὼν
2197 2843 2296 2913 τὴν
2321 2843 2499 2914 ἀρχὴν
2562 2843 2840 2909 διεδέξατο
2911 2845 2969 2896 ὲν
3014 2844 3125 2896 ἔτει
3177 2843 3384 2917 ⁴ςῷκδ¹⁹
3438 2843 3566 2896 ίνδι-

1980 2937 2208 3001 κτιῶνος
2265 2935 2337 3006 η’,
2396 2939 2494 2992 καὶ
2548 2937 2643 2992 τοῦ
2711 2937 3059 3010 φθινοπώρου
3112 2939 3405 3007 ἱσταμένου
3464 2938 3566 2990 οὐκ

1977 3029 2228 3100 ῆρέμησι
2251 3029 2338 3082 διὰ
2359 3029 2453 3082 τὸν
2478 3030 2749 3100 χειμῶνα,
2781 3029 2918 3084 ἀλλὰ
2963 3028 3058 3082 τδν
3115 3029 3347 3100 στρατὸν
3397 3029 3565 3083 αὐτοῦ

303 3108 489 3180 πατὴρ
544 3111 741 3175 ἐξέωσε
779 3112 881 3179 τῆς
933 3111 1110 3178 ἀρχῆς
1141 3110 1234 3162 καὶ
1271 3110 1300 3162 ὁ
1364 3109 1644 3179 Ντεμίρηῖ
1701 3108 1873 3163 ἐλθὼν
1903 3131 1949 3194 c
1983 3122 2218 3188 συνὰξας
2245 3122 2623 3193 ἔρχεταικατὰ
2652 3121 2750 3175 τοῦ
2805 3122 2953 3176 θείου
3012 3121 3176 3175 αὑτοῦ
3235 3123 3564 3188 Μουσταφᾶ,

301 3203 466 3256 πάλιν
494 3203 800 3273 μετέδωκεν
819 3203 1034 3268 αὐτοῖς,
1067 3194 1222 3268 οὗτος
1256 3204 1408 3274 νόμῳ
1433 3202 1669 3274 πολέμου
1722 3201 1877 3267 αὖθις

303 3395 392 3437 tus
425 3382 616 3451 roniis,
651 3381 914 3438 adversus
969 3381 1169 3440 Mosem
1206 3384 1425 3438 fratrem
1485 3381 1872 3453 proficiscitur.

300 3480 534 3545 Atquee
583 3473 760 3543 primo
813 3472 1034 3541 quidem
1081 3485 1135 3530 et
1185 3477 1423 3530 secundo
1476 3475 1660 3544 praelio
1715 3474 1878 3530 Mosis

304 3567 581 3623 exercitus
648 3567 899 3636 superior
947 3567 1220 3634 discessit,
1278 3567 1604 3622 Mehemetes
1653 3568 1878 3638 ejusque

301 3661 577 3718 exercitus
606 3660 770 3732 fugati
795 3669 953 3726 sunt;
1001 3664 1096 3715 scd
1130 3661 1348 3715 tertium
1410 3661 1681 3715 lortunam
1717 3675 1880 3728 expe-

303 3755 548 3831 riendam
578 3769 700 3810 esse
739 3763 906 3817 ratus,
960 3754 1256 3824 principem
1292 3753 1496 3808 Serviae
1529 3763 1582 3806 et
1613 3751 1877 3822 Bulgarite

303 3856 357 3901 et
408 3846 790 3916 imperatorem
825 3845 959 3901 adiit
989 3860 1287 3914 eorumque
1338 3845 1643 3914 imploravit
1694 3860 1875 3915 opem,

308 3950 472 4008 atque
495 3939 732 4008 acceptis
766 3939 836 3993 ab
883 3938 950 3992 iis
986 3939 1156 4006 copiis
1197 3939 1431 4004 idoneis,
1466 3941 1643 3993 denuo
1681 3937 1878 3993 adver-

305 4047 401 4087 sus
451 4031 650 4088 Mosern
688 4031 862 4086 duxit.
926 4031 1118 4086 Prtelio
1151 4031 1304 4097 inito,
1337 4047 1365 4087 e
1405 4032 1682 4102 primariis
1723 4031 1876 4086 multi

307 4122 471 4178 duces
495 4122 950 4191 centurionesque
1002 4122 1188 4189 Mosis,
1241 4123 1470 4193 pecunia
1515 4138 1544 4177 a
1575 4122 1876 4178 Mehemete

306 4215 566 4284 corrupti,
614 4215 704 4268 illo
739 4213 952 4279 relicto,
1012 4216 1078 4269 ad
1124 4215 1275 4270 hunc
1329 4214 1720 4285 transfugiunt.
1758 4213 1876 4271 Hoc

304 4319 425 4360 Clllll
461 4304 931 4360 animadvertisset
965 4303 1164 4368 Moses,
1201 4306 1252 4360 in
1279 4307 1460 4376 rugam
1487 4317 1542 4362 et
1581 4307 1695 4376 ipse
1739 4321 1874 4361 con-

307 4412 514 4462 versus,
551 4397 605 4451 in
643 4397 763 4452 loco
792 4397 992 4453 silvoso
1013 4396 1245 4462 delituit,
1277 4400 1372 4454 sed
1403 4417 1430 4454 a
1461 4401 1597 4456 duce
1640 4401 1873 4472 quodam

305 4485 618 4543 Mehemelis
671 4497 939 4556 repertus,
998 4487 1160 4556 hujus
1213 4486 1366 4556 jussu
1424 4489 1724 4544 suﬂ'oeatus
1772 4498 1875 4546 est.
1908 4476 1956 4534 ι)

300 4579 533 4645 _\"ersata
603 4579 766 4650 igitur
817 4580 870 4635 in
931 4579 1245 4636 discrimine
1311 4580 1486 4636 iuerat
1563 4581 1722 4651 hujus
1777 4581 1876 4636 imo

308 4671 627 4739 perii‘salus
651 4682 872 4741 propter
908 4672 1201 4727 intestinas
1233 4681 1466 4741 quatuor
1494 4669 1726 4724 fratrum
1759 4670 1876 4725 dis-

306 4763 519 4818 cordias
541 4779 712 4818 annos
743 4775 852 4819 tres
876 4775 930 4819 et
949 4777 1161 4820 menses
1195 4763 1356 4827 duos,
1403 4772 1565 4832 atque
1601 4761 1876 4818 Meheme-

309 4864 387 4910 tes
409 4856 644 4920 universi
667 4857 814 4926 regni
835 4865 888 4910 et
908 4853 1119 4924 imperii
1137 4854 1347 4924 paterni
1369 4869 1488 4908 cum
1505 4855 1670 4908 tantis
1687 4870 1882 4908 terum-

307 4950 390 5004 nis
417 4959 470 5003 et
501 4949 763 5005 molestiis
779 4950 978 5018 potitus
999 4955 1085 5002 est
1122 4962 1264 5001 anno
1289 4945 1454 5010 6907,
1505 4948 1803 5002 indictione
1823 4947 1878 5002 5.

377 5040 472 5095 30.
508 5038 753 5094 Primum
792 5049 918 5109 post
957 5049 1271 5109 susceptum
1299 5040 1585 5110 imperium
1615 5053 1752 5110 Opus
1779 5039 1880 5093 hoc

308 5133 498 5188 edidit.
547 5131 954 5188 Moldoblachite
999 5130 1398 5198 etBogdsnia:
1457 5131 1662 5186 tributa
1715 5146 1876 5200 quam

310 5233 519 5295 poterat
571 5225 896 5295 gravissima
937 5222 1263 5291 imperabat,
1309 5231 1366 5277 et
1403 5222 1664 5292 quidquid
1701 5224 1879 5292 regio-

309 5332 434 5370 num
472 5317 526 5370 in
555 5317 681 5371 Asia
715 5314 952 5386 Scythae,
989 5321 1149 5382 capto
1183 5315 1302 5380 ejus
1358 5324 1530 5383 patre,
1567 5328 1878 5385 occupave-

313 5417 449 5471 rant,
480 5407 631 5462 brevi
667 5407 949 5462 intervallo
981 5406 1205 5476 recepit,
1241 5413 1404 5474 atque
1463 5422 1573 5460 suae
1611 5407 1788 5476 gentis
1815 5421 1881 5463 ac

310 5499 586 5569 religionis
640 5500 915 5570 principes
956 5513 1074 5560 eos,
1107 5514 1244 5569 quos
1271 5515 1300 5552 a
1351 5509 1504 5568 patre
1534 5499 1752 5554 sedibus
1785 5515 1882 5555 ex-

308 5592 486 5658 pulsos
539 5591 784 5647 Demires
816 5591 1151 5654 restituerat,
1214 5583 1286 5646 de
1313 5592 1525 5663 integro
1585 5591 1766 5661 ejccit,
1827 5601 1882 5646 et

308 5682 596 5748 Galatiam,
650 5683 1069 5753 Cappadociam,
1110 5682 1340 5739 Pontum
1387 5692 1663 5753 totamque
1693 5685 1876 5739 Asiam

270 5788 275 5792 ‘
309 5777 637 5847 superiorem
669 5777 720 5832 iu
755 5782 1072 5846 potestatem
1106 5791 1286 5836 suam_
1311 5777 1540 5847 redegit,
1574 5775 1876 5844 lsmaclem,

1979 3216 2073 3270 καὶ
2100 3215 2330 3287 νικήσας
2357 3215 2520 3270 αὐτὸν
2552 3215 2884 3282 ἐθανάτωσε.
2919 3216 3030 3270 Καὶ
3061 3213 3225 3278 εὐθὺς
3260 3216 3401 3286 μετὰ
3460 3215 3564 3286 τὴν

1980 3399 2210 3468 Sinopes
2273 3400 2536 3464 ameram,
2586 3395 2902 3468 vectigalem
2943 3396 3089 3458 fecit.
3125 3405 3178 3450 et
3211 3411 3237 3450 a
3287 3395 3454 3467 Lydia
3496 3394 3564 3449 ad

1979 3489 2249 3547 Eolidem
2285 3505 2458 3560 usque
2475 3501 2530 3545 et
2555 3489 2804 3560 Mysiam,
2837 3505 2956 3558 quae
2987 3498 3071 3544 est
3101 3491 3155 3544 in
3187 3488 3562 3559 Hellesponto,

1980 3566 2390 3646 dominabatur,
2419 3582 2584 3638 etiam
2631 3598 2756 3637 eum
2791 3583 3016 3640 Venetis
3057 3585 3242 3653 praelia
3282 3585 3559 3640 conﬂicta-

1979 3677 2088 3733 tus,
2123 3683 2351 3748 quorum
2383 3669 2540 3725 classi
2597 3671 2794 3726 Petrus
2839 3669 3054 3727 Lordan
3119 3683 3371 3741 prmerat.
3426 3673 3561 3727 Cum

1980 3761 2156 3816 amba:
2207 3761 2435 3825 classes,
2499 3761 2833 3817 Venetorum
2868 3773 2918 3818 ct
2948 3779 3172 3827 amarae.
3241 3766 3385 3820 inter
3432 3767 3565 3820 Pro-

1979 3869 2277 3911 connesum
2318 3863 2370 3910 et
2405 3853 2744 3924 Calliopolim
2771 3865 2956 3910 essent
3011 3871 3320 3926 congressa:
3367 3866 3420 3912 et
3463 3873 3562 3926 pn-

1980 3962 2082 4016 gna
2108 3945 2420 4011 commissa,
2456 3947 2640 4001 multm
2665 3945 2968 4002 Turcarum
3019 3963 3186 4004 naves
3216 3959 3268 4004 et
3311 3951 3564 4006 triremes

1979 4036 2255 4104 depressae
2304 4041 2456 4088 sunt.
2520 4033 2722 4089 Deinde
2757 4050 2858 4103 pax
2918 4037 3059 4090 inter
3087 4052 3184 4093 eos
3229 4041 3556 4110 composita.

1977 4126 2169 4180 Amice
2197 4125 2286 4180 hic
2309 4139 2529 4180 ameras
2559 4125 2992 4196 amplectebatur
3023 4127 3412 4197 imperatorem
3448 4131 3564 4184 Ma-

1980 4217 2194 4274 nuelem
2229 4225 2284 4272 et
2316 4216 2554 4285 reliquos
2584 4218 2856 4287 principes
2910 4203 3251 4276 Christianos
3298 4222 3400 4277 sibi
3433 4223 3562 4276 vici-

1978 4325 2097 4378 nos,
2121 4319 2176 4365 et
2207 4311 2563 4366 moribundus
2610 4315 2884 4366 Amnratre
2917 4312 3026 4367 lilio
3088 4315 3390 4379 mandavit,
3423 4326 3481 4370 ut
3517 4318 3564 4374 is

1978 4418 2191 4474 quoque
2221 4403 2427 4458 amicus
2457 4413 2512 4458 et
2544 4404 2727 4460 socius
2775 4415 2920 4460 esset
2955 4404 3214 4463 Manueli.
3257 4405 3401 4463 Idem
3452 4409 3566 4480 pri~

1986 4513 2108 4552 mus
2163 4497 2514 4567 Adrianopoli
2546 4501 2729 4553 sedem
2790 4499 2994 4569 regiam
3031 4499 3342 4567 collocavit,
3389 4519 3556 4573 quam

1980 4588 2219 4659 majores
2243 4587 2362 4659 ejus
2388 4586 2570 4644 Prusrc
2601 4591 2924 4648 habuerant.
2946 4590 3078 4646 Erat
3109 4594 3555 4652 muniﬁcentissi-

1979 4693 2125 4745 mus,
2156 4688 2211 4733 et
2241 4678 2381 4732 sicut
2411 4678 2464 4733 in
2486 4679 2692 4735 amicos
2731 4681 3166 4746 liberalissimus.
3198 4683 3271 4738 ita
3311 4684 3560 4740 hostibus

1979 4784 2150 4838 usque
2188 4770 2254 4825 ad
2283 4772 2442 4824 llnem
2477 4771 2599 4826 vitae
2651 4771 3076 4841 infensissimus,
3108 4789 3430 4846 semperque
3464 4794 3558 4831 no-

1979 4877 2172 4917 varum
2232 4863 2434 4917 artium
2474 4865 2962 4936 machinarumque
3000 4867 3303 4930 studiosus,
3361 4869 3558 4938 quibus

1980 4958 2122 5013 male
2169 4972 2294 5028 erga
2351 4973 2410 5013 se
2444 4959 2699 5012 animatis
2761 4961 3018 5012 damnum
3057 4969 3218 5029 atque
3271 4960 3553 5016 interitum

1981 5047 2222 5103 aﬂerret.
2251 5048 2498 5104 Mortuus
2521 5059 2603 5104 est
2624 5064 2765 5105 anno
2795 5050 2944 5119 regni
2966 5051 3177 5106 decimo
3199 5053 3455 5121 septimo-

2051 5139 2140 5194 51.
2179 5139 2392 5194 Mortuo
2433 5139 2733 5196 Mehernetu
2777 5157 2981 5206 amera,
3017 5143 3109 5210 qui
3141 5147 3561 5214 cognominatur

1981 5229 2254 5300 Cyritzes,
2276 5231 2583 5293 Amnrntes,
2601 5231 2718 5300 ejus
2741 5233 2905 5299 ﬁlius,
2928 5235 3212 5304 imperium
3243 5238 3557 5306 capessivit,
3605 5217 3621 5232 χ

1975 5335 2128 5374 anno
2175 5319 2337 5387 6924,
2376 5321 2673 5376 indictione
2711 5321 2765 5389 8,
2813 5333 3186 5395 autumnoque
3221 5325 3460 5393 ineunte,
3500 5340 3560 5382 ut

1982 5411 2314 5479 quiesceret,
2351 5410 2589 5465 instante
2618 5410 2793 5467 hieme
2823 5417 3153 5470 commoveri
3177 5433 3283 5472 non
3311 5429 3554 5489 poterat,

1983 5503 2100 5569 sed,
2129 5501 2361 5558 collecto
2380 5505 2646 5570 exercitu,
2680 5515 2930 5575 patruum
2959 5507 3300 5581 Mustapham
3332 5527 3556 5584 aggresv

1982 5609 2078 5650 sus
2103 5604 2206 5662 est,
2242 5596 2552 5666 victumque
2585 5599 2803 5653 occidit.
2836 5600 2912 5654 Ae
2936 5602 3123 5656 statim
3156 5613 3279 5672 post
3295 5618 3414 5658 eam
3445 5605 3560 5660 vie-

1986 5685 2179 5741 toriam
2204 5687 2484 5756 praemisso
2505 5688 2713 5758 Cpolim
2743 5692 3134 5763 Michaelbego,
3165 5695 3281 5765 ipse
3298 5711 3560 5765 superve-

1985 5778 2064 5834 nit
2119 5793 2348 5850 camque
2404 5787 2595 5841 urbem
2621 5786 2868 5842 ol‘scdit:
2924 5787 3082 5857 cujus
3115 5787 3189 5842 rei
3221 5803 3383 5844 causa
3415 5799 3554 5857 erat,
