3990 6620
371 367 483 436 Ἰ15

1601 368 1932 430 GEORGII
1965 368 2064 429 ΡΗ
2078 370 2396 432 ΒΛΝΤΖᾸΞ
2421 385 2432 396 ⁸

3519 370 3631 436 ’115

376 509 513 556 σῖως
541 489 608 543 τά
634 488 868 557 φρούρια
899 485 1127 555 ἀφέντες
1159 485 1222 536 ἐκ
1267 484 1364 553 τῆς
1399 479 1630 547 Ἰταλίας
1661 480 1945 552 ἀνεχώρη-
1979 485 2024 543 Α
2052 486 2382 556 ἀειμνήστου
2437 488 2674 557 μεγάλου
2739 465 3135 548 Ίουστινιανοῦ,
3167 485 3264 556 οὐχ
3293 485 3436 556 ὑπὲρ
3465 488 3637 555 ανάγ-

377 600 476 636 σαν
498 598 511 612 ·
547 582 641 634 καὶ
673 579 844 641 οὕτως
867 579 935 632 τὰ
967 579 1025 630 ἐν
1048 580 1112 646 τῇ
1146 574 1430 645 Καλαὸρία
1457 573 1946 643 γεγόνασιν.⁹Ε6α-

375 677 618 730 υίλευσεν
646 673 702 726 δέ
735 670 834 740 ἐτη
889 671 982 722 δύο
1015 669 1112 722 καὶ
1141 669 1460 739 τριάκοντα,
1490 667 1589 720 καὶ
1627 666 1762 721 δέκα
1793 664 1948 735 βασι-

375 765 524 827 λείας
555 760 792 826 ὑπέταξε
838 759 934 814 καὶ
963 759 1252 821 ἐδούλευσε,
1311 759 1407 812 καλ⁵
1435 756 1717 819 διακοσίας
1762 755 1951 818 πόλεις

375 865 444 912 lx
464 857 573 912 τῶν
599 853 945 927 Χριστιανῶν
973 851 1156 906 ἔλασε.
1189 852 1355 904 Πέντε
1379 850 1436 904 δέ.
1461 850 1804 915 διαλέκτους,
1841 865 1949 918 χω·

377 952 461 1019 ρὶς
487 948 590 1018 τῆς
629 947 819 1011 αὐτοῦ,
854 944 1029 1014 ὀρθῶς
1075 943 1290 1014 ὡμίλει,
1337 941 1678 1014 Ἑλληνικήν,
1729 943 1950 996 Λατινι-

319 1100 338 1118 ἡ
376 1041 498 1112 κὴν,
545 1039 862 1110 Ἀραϐικὴν,
903 1036 1216 1104 Χαλδαῖκὴν
1255 1035 1352 1088 καὶ
1376 1035 1676 1105 Περσικήν.
1721 1035 1858 1087 Δίαν
1882 1028 1953 1104 ἦν

377 1135 802 1205 εὖφραινὸμενος
827 1131 1034 1200 ὁμιλεῖν
1079 1130 1172 1182 καὶ
1198 1129 1550 1196 διαλέγεσθαι
1600 1127 1736 1198 μετὰ
1771 1127 1952 1196 σοφῶν

281 1268 293 1280 .
379 1225 474 1278 καὶ
507 1223 741 1276 συνετῶν
771 1222 1013 1292 ἀνδρῶν’
1050 1223 1137 1276 διὰ
1168 1221 1327 1274 τοῦτο
1358 1222 1456 1275 καὶ
1478 1220 1571 1274 τὸν
1600 1222 1953 1291 πατριάρχην

380 1315 487 1384 κὺρ
516 1313 800 1368 Γεννάδιον
829 1314 1020 1382 ήγάπα
1053 1315 1145 1366 καὶ
1197 1314 1396 1384 ἤκουεν
1429 1311 1597 1364 αὐτοῦ
1631 1314 1722 1364 καὶ
1754 1312 1954 1381 συχνά-

382 1428 468 1472 κις
493 1408 685 1478 ὡμίλει
716 1406 888 1477 αὐτῷ.
916 1407 1110 1475 Ἔλεγε
1162 1407 1219 1459 δὲ
1239 1407 1322 1460 ὃτι
1359 1406 1422 1457 ἐκ
1453 1406 1550 1475 τῆς
1586 1404 1696 1457 τῶν
1735 1402 1953 1473 ἄστρων

382 1501 652 1571 κινήσεως
679 1497 974 1568 ἐγνώριζεν
1008 1499 1091 1551 ὅτι
1145 1498 1384 1566 βασιλεῖς
1415 1497 1642 1568 ἔμελλεν
1683 1495 1953 1561 ὑποτάξαι

384 1592 479 1645 καὶ
508 1590 738 1652 πολλοὺς
768 1590 967 1651 τόπους
1000 1588 1265 1642 δουλῶσαι
1323 1589 1415 1641 καὶ
1444 1587 1614 1652 οὕτως
1649 1587 1883 1656 ἐγένετο.

456 1680 565 1733 Καὶ
586 1678 757 1740 οὕτως
793 1679 915 1747 μὲν,
961 1677 1141 1755 καθώς
1187 1679 1560 1748 ἱστορήσαμεν
1608 1682 1728 1732 κατ’
1777 1681 1956 1731 ἐπιτο-

390 1771 520 1838 μὴν,
547 1770 580 1840 ή
605 1769 747 1838 ἁρχὴ
777 1768 872 1819 τοῦ
906 1768 1102 1835 γένους
1134 1767 1229 1818 τοῦ
1266 1769 1458 1838 ἀμηρᾶ
1497 1767 1804 1835 Ὀτθμάνου
1861 1768 1956 1820 καὶ

2053 596 2156 648 κης
2185 580 2288 647 (ὅτι
2317 579 2480 642 αὐτὸς
2533 579 2641 649 γὰρ
2692 580 2875 649 σχεδὸν
2903 579 3078 635 εἰπεῖν
3099 580 3190 633 τὸν
3229 579 3438 646 κόσμον
3457 579 3635 632 anav-

2052 691 2118 726 τα
2152 671 2434 740 ὑπέταξε),
2484 671 2622 724 ἀλλὰ
2662 671 2824 740 μόνον
2874 672 3051 738 ἐφάνη
3085 670 3236 738 αὐτῷ
3274 667 3476 722 καλόν·
3510 668 3639 720 ἐπεὶ

2053 765 2145 819 καὶ
2172 764 2338 828 ἄλλας
2364 764 2554 833 ἐτέρας
2585 763 2796 823 κτίσεις
2848 762 2945 815 καὶ
2978 761 3270 829 οἰκοδομὰς
3302 759 3505 823 ἐποίει,
3537 760 3637 822 τὴν

2065 858 2352 926 Ῥωμαίων
2382 855 2555 926 ἀρχὴν
2591 854 2954 918 καλλωπίζων
2983 895 2998 920 ,
3035 854 3218 920 ἔδοξεν
3272 851 3425 920 αὐτῷ
3473 852 3572 906 καὶ
3601 852 3637 921 ή

2057 949 2232 1011 κτίσις
2257 947 2353 1000 τοῦ
2389 944 2632 1014 Ἰσθμοῦ.
2671 944 2992 1014 Προστάξας
3039 943 3264 1010 ἐγένετο
3293 947 3353 995 ἐν
3379 941 3457 1010 τῷ
3485 942 3642 1010 τόπῳ

2055 1041 2180 1094 ἔνθα
2211 1039 2267 1092 ἐν
2301 1056 2406 1093 τινι
2447 1038 2624 1107 καιρῷ
2664 1039 2762 1089 καὶ
2793 1038 2820 1089 ὁ
2856 1035 3148 1103 πατρίκιος
3182 1034 3432 1102 Νικήτας
3461 1034 3645 1084 δὲπο-

2003 1190 2015 1200 ο
2055 1133 2423 1202 νομιζόμενος
2471 1127 2732 1198 Ὁρειφᾶς
2766 1128 2859 1192 τὰς
2892 1127 3027 1195 νῆας
3055 1127 3219 1194 ἦγουν
3245 1127 3344 1188 τὰς
3385 1126 3645 1194 τριήρεις

2052 1224 2160 1294 97
2195 1225 2294 1286 τὰς
2331 1221 2647 1291 Ῥωμαϊκὰς
2698 1219 2790 1274 διὰ
2823 1222 2921 1289 τῆς
2972 1218 3144 1288 ξηρᾶς
3178 1219 3266 1272 τοῦ
3310 1216 3534 1286 Ἰσθμοῦ
3578 1219 3647 1269 ἐκ

2053 1320 2154 1388 τῆς
2191 1315 2508 1383 Ἐλλαδικῆς
2535 1301 2806 1384 Θαλάττης
2852 1314 2935 1370 είς
2983 1312 3083 1382 τὴν
3110 1310 3335 1380 δυτικὴν
3385 1308 3648 1378 περάσας

2054 1409 2179 1472 τοὺς
2223 1408 2450 1478 Κρῆτας
2487 1406 2821 1475 Ἀγαρηνοὺς
2870 1402 3241 1473 ἐτροπώσατο.
3309 1401 3479 1454 Ἀλλὰ
3514 1400 3646 1462 πῶς

2056 1500 2152 1554 καὶ
2177 1500 2266 1553 διὰ
2296 1499 2347 1552 τί
2380 1499 2440 1551 τὸ
2470 1498 2600 1551 αὐτὸ
2629 1498 2772 1566 μέγα
2807 1496 3176 1565 στρατήγημα
3207 1495 3302 1546 καὶ
3337 1491 3500 1561 ἔργον
3536 1507 3648 1544 πε·

2061 1591 2286 1662 ριφανές
2322 1591 2414 1643 καὶ
2450 1590 2598 1653 ἄξιον
2628 1590 2849 1658 μνήμης
2879 1587 3146 1654 ἐγεγόνει,
3179 1586 3279 1637 οὐκ
3306 1584 3647 1650 ἐγκαταλεί-

2057 1687 2162 1756 ψω,
2195 1684 2329 1738 ἀλλὰ
2356 1687 2422 1753 τῇ
2455 1681 2705 1752 ἡμετέρᾳ
2751 1680 2937 1732 ἐνώοω
2981 1679 3258 1748 διηγήσει,
3299 1676 3378 1732 ἐτι
3430 1677 3488 1728 δὲ
3538 1678 3645 1727 καὶ

2061 1779 2176 1842 πῶς
2207 1781 2239 1848 ὴ
2281 1780 2442 1848 νῆσος
2474 1777 2664 1846 Κρήτη
2710 1775 2949 1828 καὶτίνι
2993 1772 3179 1840 τρόπῳ
3215 1771 3318 1822 ὑπὸ
3344 1769 3442 1836 τὴν
3484 1767 3647 1830 ἐξου-

381 1861 492 1914 τῶν
515 1860 575 1924 ἐξ
604 1857 770 1912 αὑτοῦ
797 1859 1080 1926 ἀπογόνων
1105 1859 1217 1930 96
1247 1861 1372 1931 ἄχρι
1417 1861 1512 1913 καὶ
1563 1861 1657 1913 τοῦ
1693 1860 1950 1930 Μεεμέτη
1984 1840 2030 1900 Β
2063 1840 2185 1924 σίαν
2212 1840 2675 1946 «Emungam;
2721 1867 2878 1936 ἐτυχε
2913 1864 3192 1932 γενέσθαι,
3215 1863 3309 1915 καὶ
3335 1857 3492 1922 αὖθις
3518 1859 3645 1920 πῶς

384 1952 580 2020 ἀμηρᾶ
626 1952 684 2004 ἐν
723 1951 844 2012 ταῖς
887 1951 1054 2014 ζωαῖς
1088 1950 1269 2002 αὐτῶν
1317 1950 1496 2020 μάχας
1538 1950 1636 2002 καὶ
1685 1948 1957 2016 πολέμους

384 2043 481 2097 καὶ
509 2044 664 2106 νίκας
717 2041 1147 2110 ἐπολιτεύθησαν
1197 2043 1294 2095 καὶ
1344 2042 1628 2109 ἐποίησαν.
1672 2041 1866 2108 ἰιμεῖς
1902 2039 1957 2092 δέ

383 2141 481 2208 τῆς
517 2139 616 2203 τῆς
646 2136 890 2205 ἱστορίας
919 2134 1041 2188 ὁδοῦ
1075 2136 1215 2187 κατά
1248 2135 1403 2200 τάξιν
1452 2133 1606 2196 αὖθις
1637 2131 1957 2203 ἀρξώμεθα.

457 2233 566 2300 λγ’.
601 2231 690 2284 Ἐν
708 2231 764 2284 δὲ
785 2229 864 2298 τῷ
897 2227 1104 2297 Ἰουλίῳ
1128 2229 1262 2297 μηνὶ
1290 2227 1385 2281 τοῦ
1408 2229 1598 2297 ,ςῇκω
1621 2227 1777 2289 ἐτους
1805 2225 1960 2294 ἐξῆλ-

388 2327 482 2380 θεν
513 2324 620 2378 ἀπὸ
642 2323 740 2391 τῆς
765 2322 973 2383 πόλεως
999 2321 1028 2372 ὁ
1059 2319 1310 2390 βασιλεὺς
1336 2321 1441 2390 κὺρ
1461 2322 1742 2391 Μανουήλ.
1763 2320 1959 2374 Ἀπελ-

387 2419 494 2474 θὼν
529 2420 609 2482 είς
657 2417 754 2488 τὴν
801 2415 967 2484 νῆσον
1013 2414 1190 2468 Θάσον
1245 2415 1451 2484 ἐπῇρεν
1505 2414 1675 2486 αὐτὴν
1719 2417 1776 2468 ἐν
1825 2415 1959 2483 μηνὶ

386 2510 749 2580 Σεπτεμϐρίῳ
779 2506 872 2560 τοῦ
909 2507 1098 2578 ,ςῷκῖἓν
1148 2507 1341 2570 ἓτους’
1391 2507 1488 2560 καὶ
1538 2503 1693 2568 αὖθις
1748 2506 1957 2558 ἐκεῖθεν

388 2602 631 2672 ἀπῆλθεν
663 2602 744 2658 εἰς
791 2600 889 2671 τὴν
927 2598 1355 2666 Θεσσαλονίκην,
1409 2595 1527 2651 εἶτα
1571 2599 1652 2660 είς
1688 2598 1779 2650 τὸν
1829 2598 1959 2651 Mte-

392 2699 540 2765 ρέαν,
581 2693 713 2746 ἔνθα
737 2691 1060 2761 ᾠκοδόμησε
1093 2691 1153 2741 τὸ
1191 2689 1508 2756 Ἐξαμίλιον
1546 2691 1604 2741 ἐν
1644 2690 1838 2756 ἐκείνῳ
1880 2688 1958 2757 τῷ

390 2787 540 2854 τόπῳ
573 2787 709 2839 ὅπου
745 2784 840 2837 καὶ
881 2785 938 2835 ἐν
965 2783 1180 2852 ἑτέροις
1209 2783 1418 2851 καιροῖς
1450 2779 1798 2850 ᾠκοδομήθη,
1830 2781 1960 2833 ὅταν

390 2881 418 2933 ὁ
458 2876 824 2948 Ἀρταξέρξης
856 2878 884 2929 ὁ
927 2865 1184 2945 βασιλεὺς
1229 2877 1478 2943 περάσας
1521 2873 1585 2925 ἐκ
1630 2875 1728 2941 τῆς
1773 2871 1960 2943 Ἀσίας

395 2969 536 3038 μετὰ
581 2967 669 3021 τοῦ
729 2965 1172 3036 μυριαριθμήτου
1227 2965 1436 3017 ἐκείνου
1489 2963 1722 3032 στρατοῦ
1761 2963 1961 3033 ήρχετο

395 3062 516 3114 κατ’
545 3059 748 3114 αὐτῶν.
807 3054 942 3112 Είτα
970 3057 1058 3110 διὰ
1080 3057 1143 3108 τὸ
1185 3057 1393 3126 μάκρος
1422 3055 1516 3107 τοῦ
1547 3053 1738 3124 καιροῦ
1789 3055 1849 3106 τὸ
1892 3053 1961 3105 τὰ

2061 1963 2166 2016 ὑπὸ
2215 1961 2313 2032 τὴν
2362 1961 2612 2027 ἐξουσίαν
2654 1958 2943 2028 Ῥωμαίων
2978 1957 3216 2023 ἐγένετο,
3265 1955 3360 2007 καὶ
3388 1954 3505 2013 πῶς
3529 1951 3644 2002 ὕπο

2059 2055 2157 2126 τὴν
2187 2052 2436 2118 ἐξουσίαν
2471 2054 2570 2122 τῆς
2621 2051 2918 2121 γερουσίας
2950 2051 3060 2102 τῶν
3125 2048 3354 2100 Ἐνετῶν
3385 2045 3642 2098 ἐνέπεσε.

2061 2148 2170 2200 Καὶ
2205 2149 2365 2200 πάλιν
2414 2143 2507 2198 τοῦ
2552 2145 2823 2215 ἡμετέρου
2879 2143 3040 2213 ἔργου
3095 2139 3364 2210 ἁψώμεθα
3411 2140 3508 2191 καὶ
3540 2134 3645 2188 τὸν

2062 2238 2228 2292 πλοῦν
2255 2239 2353 2308 τῆς
2383 2238 2511 2300 νέας
2548 2237 2793 2306 ἱστορίας
2829 2237 3170 2304 ποιήσωμεν.

2131 2329 2226 2384 λδ’.
2257 2331 2320 2384 Οἱ
2348 2328 2444 2382 τοῦ
2485 2329 2797 2398 καταράτου
2827 2327 3075 2396 Μωάμεθ
3112 2327 3369 2392 ἀπόγονοι
3399 2323 3646 2393 διάδοχοι

2059 2435 2120 2472 τε
2147 2418 2241 2472 καὶ
2270 2418 2600 2488 κληρονόμοι
2625 2417 2724 2486 τῆς
2751 2415 2918 2470 αὐτοῦ
2956 2415 3132 2486 ἀρχῆς
3158 2414 3372 2484 πρῶτον
3402 2414 3502 2481 μέν
3532 2413 3644 2481 τῆς

2059 2512 2168 2565 τῶν
2206 2511 2429 2580 Περσῶν
2453 2510 2626 2580 ἀρχῆς
2665 2511 2951 2578 ἐγκρατεῖς
2981 2507 3264 2576 γενόμενοι
3295 2507 3391 2559 καὶ
3417 2504 3644 2572 Μηδίας

2060 2607 2157 2660 xui.
2179 2603 2498 2666 Βαϐυλῶνος
2525 2603 2619 2655 καὶ
2657 2601 2965 2671 ’Λσσυρίων
2991 2600 3403 2670 κυριεύσαντες,
3450 2599 3551 2667 ἢδη
3575 2596 3642 2650 δι

2063 2700 2156 2751 καὶ
2174 2697 2452 2765 Αἰγύπτου
2486 2694 2577 2746 καὶ
2605 2693 2805 2759 Συρίας
2837 2692 2934 2744 καὶ
2967 2691 3263 2762 Ἀσσυρίας
3293 2693 3388 2742 καὶ
3429 2688 3642 2742 Παλαι-

2064 2790 2258 2860 στίνης,
2279 2790 2371 2841 καὶ
2393 2785 2597 2854 Λιϐύης
2627 2784 2722 2838 καὶ
2749 2783 3023 2852 ’Δφρικῆς
3049 2785 3143 2835 καὶ
3171 2782 3369 2851 μέρους
3392 2781 3493 2833 οὐκ
3519 2779 3640 2830 ὀλί-

2063 2899 2162 2950 γου
2190 2883 2252 2932 ἐκ
2276 2880 2373 2946 τῆς
2410 2876 2701 2948 Εὐρώπης,
2739 2876 2875 2945 μετὰ
2907 2874 2962 2927 δέ
3010 2891 3132 2927 τινα
3164 2875 3354 2942 καιρὸν
3380 2871 3639 2940 ἀλλήλοις

2067 2971 2481 3034 στασιάσαντες,
2538 2972 2570 3039 ή
2611 2951 2710 3038 μία
2748 2968 2887 3038 αὓτη
2928 2966 3135 3038 μεγάλη
3176 2965 3315 3036 ἀρχή
3347 2968 3427 3028 εἰς
3457 2964 3636 3017 πολλὰ

2064 3062 2406 3134 διεμερίσθη,
2439 3063 2533 3113 καὶ
2560 3060 2720 3115 ἄλλον
2759 3059 2858 3128 μὲν
2885 3059 3129 3129 ἀρχηγὸν
3155 3053 3301 3127 εἶχεν
3339 3059 3372 3125 ή
3403 3057 3634 3124 “epeia,

395 3149 574 3206 πάντα
603 3150 847 3220 δαμάζον
874 3150 968 3202 καὶ
993 3147 1395 3216 άνεπιμέλητον
1426 3148 1626 3214 ἁφεθέν
1657 3147 1958 3220 διεφθάρηο
1988 3175 2030 3232 c
2065 3152 2224 3206 ἄλλον
2253 3151 2311 3202 δὲ
2355 3151 2388 3220 ἡ
2432 3148 2714 3211 Βαόυλὼν,
2749 3148 2938 3217 ἕτερον
2970 3148 3024 3199 δὲ
3060 3147 3129 3199 τὰ
3168 3149 3264 3214 τῆς
3303 3146 3488 3206 Ἀσίας
3521 3144 3637 3196 ἄνω

394 3247 459 3298 ἐκ
492 3245 746 3312 δευτέρου
795 3243 850 3301 δὲ
873 3240 1091 3295 κτισθὲν
1131 3235 1201 3312 ἦν
1255 3239 1407 3309 παρὰ
1435 3239 1528 3292 τοῦ
1559 3239 1618 3292 ἐν
1647 3237 1960 3308 βασιλεῦσιν

399 3439 501 3478 nos
533 3423 672 3476 duos
707 3433 762 3475 ct
802 3421 1020 3490 triginta
1054 3439 1069 3486 ;
1099 3419 1387 3488 acquisivit
1417 3427 1471 3474 ct
1494 3417 1731 3486 subjecit
1757 3418 1855 3472 sibi
1889 3433 1965 3473 το-

399 3530 498 3583 gna
540 3515 748 3578 decem,
781 3523 835 3566 et
877 3511 1205 3566 Christianis
1239 3510 1396 3565 urbes
1447 3512 1707 3564 ducentas
1740 3509 1961 3578 eripuit.

405 3601 655 3671 Quinque
690 3601 904 3670 linguas
936 3609 1127 3669 praeter
1159 3615 1311 3654 suam
1341 3601 1506 3670 probe
1543 3608 1784 3662 noverat,
1821 3599 1959 3655 Grac-

397 3707 543 3760 cam,
589 3691 860 3756 Latinam,
892 3691 1204 3757 Arabicam,
1248 3691 1617 3755 Chaldaicam,
1668 3691 1960 3748 Persicam.

402 3787 458 3838 In
495 3783 881 3853 congressibus
921 3794 976 3838 et
1005 3783 1290 3853 colloquiis
1324 3799 1445 3838 cum
1500 3785 1807 3838 hominibus
1837 3798 1964 3838 eru-

399 3877 528 3932 ditis
551 3887 616 3931 ac
647 3875 1004 3945 prudentibus
1030 3875 1218 3930 hilaris
1243 3886 1362 3929 erat
1388 3892 1403 3928 :
1431 3890 1599 3946 quare
1629 3877 1790 3931 etiam
1827 3875 1968 3932 Gen-

402 3970 622 4024 nadinm
652 3967 1016 4038 patriarcham
1052 3966 1312 4038 diligebat
1343 3975 1399 4021 et
1421 3966 1678 4022 udiebat
1712 3967 1969 4038 frequen-

403 4068 589 4128 terque
611 4057 994 4112 conveniebat.
1019 4056 1262 4120 Dicebat,
1291 4057 1556 4125 didicisse
1586 4073 1646 4112 se
1683 4071 1750 4112 ex
1785 4067 1967 4114 astro-

400 4165 521 4204 rum
542 4147 1014 4208 conversionibus,
1039 4161 1098 4202 se
1121 4161 1275 4216 reges
1296 4157 1350 4202 et
1370 4147 1490 4203 loca
1519 4141 1688 4204 inulta
1712 4148 1969 4205 subactu-

399 4257 516 4296 rum
546 4255 670 4296 esse
695 4255 711 4294 :
752 4240 806 4293 id
835 4238 983 4308 quod
1013 4251 1142 4292 sane
1163 4237 1366 4294 evenit.

467 4329 602 4387 Tale
634 4331 820 4400 igitur,
849 4329 1008 4400 quale
1034 4329 1222 4397 paucis
1251 4329 1711 4397 adumbravimus,
1743 4329 1970 4389 Otltnta-

400 4423 484 4478 nis
507 4436 703 4476 autem
724 4420 951 4490 ejusque
968 4427 1306 4489 posterorum
1330 4433 1502 4488 genus
1521 4436 1692 4491 usque
1711 4425 1776 4476 ad
1794 4422 1970 4480 Mehe-

399 4524 597 4570 metem
625 4527 863 4570 ameram
901 4512 1024 4578 fuit,
1061 4512 1506 4581 eorumdemque,
1538 4513 1662 4567 dum
1695 4515 1964 4582 vixerunt,

400 4609 500 4662 ista
532 4607 694 4673 bella,
726 4620 918 4675 pugna:
951 4614 1004 4658 et
1027 4605 1286 4660 victoriae.
1321 4604 1474 4661 Nunc
1499 4607 1565 4661 ad
1602 4608 1964 4676 interruptum

401 4699 643 4753 historiae
659 4699 902 4752 ordinem
927 4705 1284 4751 revertamur.

468 4789 558 4842 '55.
619 4786 804 4840 Mense
861 4783 1002 4840 Julio
1049 4785 1177 4838 anni
1226 4784 1358 4839 692i
1408 4785 1697 4856 imperator
1758 4789 1965 4845 Manno!

399 4880 552 4957 ερριί
570 4877 840 4934 discessit.
863 4876 1100 4932 Thasum
1123 4878 1356 4933 insulam
1381 4867 1674 4948 profectus,
1694 4894 1968 4952 espngna-

403 4972 476 5026 vit
515 4987 631 5026 eam
682 4985 868 5025 mense
902 4968 1210 5039 Septembri
1263 4970 1387 5024 anni
1414 4969 1553 5025 6922
1583 4987 1597 5036 ;
1629 4971 1751 5026 inde
1783 4989 1966 5026 rursus

398 5060 839 5115 Thessalonicam
893 5061 1046 5123 abiit,
1078 5060 1346 5114 deindein
1384 5060 1643 5128 ﬂoream,
1672 5063 1758 5117 ubi
1794 5061 1968 5117 Hexa-

399 5149 608 5204 tttilium
639 5150 910 5204 exstruxit
929 5165 992 5226 eo
1016 5151 1162 5213 loco,
1191 5165 1300 5218 quo
1326 5163 1453 5204 ante
1482 5161 1823 5223 exstructum
1854 5154 1968 5207 I'ue-

400 5249 505 5306 rat,
538 5241 756 5309 quando
795 5242 1126 5295 Artaxerxes
1158 5257 1252 5294 rex
1289 5257 1407 5294 tum
1440 5244 1650 5297 intinito
1684 5245 1776 5298 illo
1811 5260 1967 5300 exer-

397 5331 510 5385 citu
563 5344 628 5383 ex
674 5329 798 5384 Asia
851 5341 1038 5385 contra
1083 5331 1300 5386 Graecos
1332 5335 1563 5403 trajecit.
1602 5336 1814 5402 Postea,
1842 5353 1963 5391 cum

399 5417 760 5473 diuturnitate
783 5421 1039 5488 temporis
1067 5422 1247 5474 omnia
1275 5429 1640 5480 consumcntis
1671 5437 1725 5479 et
1757 5427 1963 5482 incuria

399 5509 686 5564 hominum
717 5511 1012 5580 collapsum
1038 5513 1246 5577 luisset,
1275 5515 1630 5570 instauratum
1651 5530 1816 5572 erata
1854 5536 1965 5574 ma-

397 5595 848 5665 gnoJustiniano,
881 5600 1208 5667 imperatore
1235 5607 1561 5674 sempiterna
1599 5609 1825 5664 colendo
1851 5626 1964 5665 tne-

398 5693 587 5755 moria,
621 5707 725 5746 non
770 5693 986 5761 quidem
1021 5705 1239 5764 propter
1285 5699 1663 5752 necessitatem
1698 5703 1961 5770 aliquant,

399 5783 832 5855 quandoquidem
863 5785 909 5840 ei
942 5787 1162 5856 parebat
1192 5789 1338 5845 orbis
1375 5799 1644 5847 terrarum
1673 5808 1810 5863 pene
1841 5797 1961 5850 uni-

2066 3247 2158 3298 καὶ
2185 3245 2335 3298 κάτω
2369 3243 2510 3314 μέρη
2536 3258 2552 3275 ·
2585 3241 2682 3295 ἕνα
2715 3241 2816 3312 μὲν
2855 3240 3100 3311 ἀρχηγὸν
3139 3235 3284 3308 εἶχεν
3322 3239 3354 3308 ή
3396 3237 3636 3307 Ταρσὸς.
3729 3318 3734 3322 _

2065 3442 2277 3492 versus,
2305 3425 2398 3482 sed
2426 3423 2552 3493 quia
2574 3421 2842 3478 laudabile
2869 3435 2989 3476 esse
3014 3429 3320 3490 susceptum
3348 3419 3394 3474 ei
3421 3417 3640 3473 videbo-

2068 3531 2192 3574 tur:
2219 3533 2341 3572 nam
2369 3517 2512 3571 sicut
2543 3514 2647 3569 alia
2680 3513 2927 3582 quatdam
2952 3511 3174 3566 aediﬁcia
3207 3510 3497 3574 exstruxit,
3521 3509 3640 3577 qui-

2065 3613 2165 3666 bus
2196 3609 2421 3663 ornabat
2448 3607 2734 3676 imperium
2770 3605 3099 3666 Romanum,
3132 3607 3202 3655 ita
3238 3599 3496 3655 lsthmnm
3517 3615 3638 3652 ntu-

2067 3703 2186 3756 nire
2216 3699 2390 3754 eidem
2419 3697 2644 3767 placuit.
2665 3695 2888 3751 Factum
2914 3694 3164 3761 estjussu
3183 3691 3302 3760 ejus
3328 3693 3378 3743 itt
3401 3705 3467 3744 eo
3493 3689 3632 3751 loco,

2069 3789 2122 3842 in
2177 3802 2284 3858 quo
2343 3787 2617 3856 quondam
2666 3784 2928 3854 patricius
2978 3781 3216 3844 Nicetas,
3265 3791 3636 3851 cognomento

2070 3881 2325 3949 Uriphas,
2356 3891 2525 3931 naves
2552 3877 2666 3930 sive
2721 3876 2971 3930 triremes
3004 3873 3273 3928 Romanas
3305 3886 3402 3941 per
3458 3873 3638 3926 conti-

2070 3980 2284 4025 nentem
2310 3977 2512 4022 terram
2531 3965 2720 4022 Isthmi
2746 3981 2810 4021 ex
2847 3967 2978 4018 mari
3011 3965 3197 4020 (ἵνα)οο
3218 3966 3268 4019 in
3296 3963 3632 4020 occidentale

2069 4059 2234 4115 traxit
2268 4056 2513 4126 fuditque
2566 4057 2845 4125 Agarenos
2873 4055 3182 4109 Cretenses.
3213 4052 3500 4120 QuOtnodo
3529 4069 3634 4107 au-

2070 4160 2175 4205 tem
2207 4158 2262 4203 et
2301 4162 2470 4218 quare
2505 4148 2606 4202 hoc
2642 4146 2958 4216 praeclarum
3005 4154 3328 4213 strategema
3365 4153 3421 4198 et
3457 4159 3638 4214 perpe-

2073 4253 2163 4296 tuo
2193 4241 2569 4296 celebrandum
2607 4238 2818 4293 facinus
2849 4246 3115 4305 patratum
3148 4237 3329 4304 fuerit,
3364 4253 3470 4290 non
3501 4251 3640 4305 pra!-

2072 4334 2366 4388 termittatn
2411 4333 2610 4395 dicere,
2643 4332 2735 4385 sed
2784 4329 3078 4383 narrationi
3116 4339 3316 4384 nostr-.e
3346 4332 3580 4385 inseram
3617 4349 3633 4396 ;

2073 4424 2200 4478 item
2240 4423 2704 4484 commemorabo.
2737 4437 2844 4491 quo
2874 4433 3032 4490 pacto
3069 4421 3232 4476 Creta
3261 4416 3436 4476 insula
3466 4423 3519 4478 itt
3540 4439 3637 4493 po-

2075 4523 2322 4569 testatem
2350 4513 2724 4583 Agarenorunt
2747 4513 3043 4578 venerit,et
3064 4527 3272 4570 rursus.
3299 4528 3406 4582 qua
3428 4514 3638 4570 ratione

2073 4607 2138 4660 ad
2173 4605 2446 4659 Romanos
2496 4603 2738 4667 redierit,
2785 4615 2840 4656 et
2871 4601 3088 4657 tandem
3147 4601 3249 4658 sub
3307 4603 3634 4660 Venetorum

2071 4700 2330 4752 ditionem
2379 4696 2710 4751 concesserit
2743 4712 2757 4748 :
2792 4704 2902 4748 tum
2952 4695 3187 4763 denique
3217 4695 3283 4751 ad
3327 4696 3638 4754 institutum

2074 4789 2371 4843 redibimtts
2401 4799 2453 4842 et
2484 4787 2804 4842 recentioris
2828 4786 3069 4841 historiae
3093 4787 3239 4841 tilum
3267 4800 3635 4856 pertexemus.

2139 4881 2227 4934 54.
2259 4877 2584 4933 Exsecrandi
2621 4877 2940 4932 Mohametis
2979 4881 3179 4946 posteri
3215 4889 3269 4934 et
3292 4893 3638 4937 successores

2067 4983 2120 5026 et
2148 4969 2353 5040 imperii
2395 4968 2514 5038 ejus
2550 4969 2811 5034 heredes,
2849 4969 3082 5038 primum
3134 4967 3424 5025 Persarum
3470 4987 3636 5042 regno

2070 5073 2233 5130 atque
2278 5061 2474 5126 Media,
2523 5059 2815 5130 Babylonia
2849 5071 2902 5115 et
2937 5060 3164 5130 Assyria
3213 5059 3391 5130 potiti,
3439 5064 3635 5118 deinde

2067 5160 2230 5211 etiam
2285 5151 2602 5224 Egyptum,
2636 5152 2873 5224 Syriam,
2931 5153 3231 5223 Assyriam,
3264 5151 3633 5229 Palatinam,

2070 5249 2315 5319 Libyam,
2345 5247 2584 5301 Africam
2609 5256 2663 5300 et
2701 5246 2930 5316 Europae
2986 5248 3234 5316 regiones
3286 5262 3396 5302 non
3431 5263 3634 5315 paucas

2067 5339 2364 5404 consecuti,
2409 5337 2690 5407 aliquanto
2740 5345 2861 5407 post
2887 5337 3168 5392 discordes
3219 5337 3362 5393 inter
3403 5352 3466 5394 se
3509 5340 3634 5394 facti

2067 5440 2212 5496 sunt,
2235 5429 2376 5484 unde
2407 5445 2572 5484 unum
2604 5427 2732 5483 illttd
2761 5444 3013 5500 magnum
3057 5428 3343 5498 imperium
3373 5429 3426 5484 in
3471 5430 3633 5485 multa

2069 5537 2230 5592 regna
2263 5521 2495 5575 divisum
2518 5528 2622 5587 est,
2657 5529 2712 5574 et
2745 5519 2910 5574 alium
2947 5521 3242 5589 principem
3268 5522 3451 5576 Persis
3472 5534 3628 5576 nacta

2065 5627 2168 5682 est,
2199 5616 2365 5670 alium
2397 5615 2615 5685 Babylo,
2663 5614 2827 5668 alium
2867 5615 3116 5682 superior
3144 5625 3197 5668 et
3227 5613 3453 5670 inferior
3479 5616 3626 5678 Asia,

2067 5707 2228 5761 alium
2263 5706 2488 5770 Tarsus,
2527 5706 2689 5760 alium
2723 5707 2918 5777 Tyrus,
2959 5709 3124 5763 alium
3160 5707 3450 5769 lconium,.
3467 5709 3624 5761 alium

2067 5798 2254 5856 multis
2305 5799 2395 5854 illa
2425 5806 2478 5855 et
2509 5799 2783 5869 praeclaris
2813 5803 2976 5856 rebus
3021 5799 3306 5856 abundans
3355 5798 3610 5863 Melitene
