3990 6552
423 327 532 414 ita

1655 341 1978 402 GEORGII
2013 340 2113 400 PH
2125 338 2440 401 RANTZ/E

3569 331 3692 395 7Ξο

415 463 703 540 ’ρασκευῆς
737 441 1054 518 ἀπέστειλεν
1091 464 1118 515 ό
1164 463 1413 532 βασιλεὺς
1465 463 1519 514 ἐν
1571 464 1636 532 τῇ
1670 463 1865 532 Κρήτῃ
1917 460 1996 520 εἰς
2027 464 2069 521 Α
2102 475 2235 523 πους
2256 473 2269 487 °
2292 459 2361 512 τὰ
2387 459 2442 512 δὲ
2472 459 2572 530 ὅρη
2598 459 2766 530 αὐτῆς
2787 459 2886 513 οὐκ
2906 457 3162 513 ἐλάττονα
3183 454 3276 510 τοῦ
3303 455 3583 525 Ταϋγέτου
3621 459 3688 510 ἐν

422 561 675 632 βοήθειαν
721 558 816 611 τοῦ
860 555 1170 627 στρατηγοῦ
1213 553 1514 616 Φωτεινοῦ,
1573 555 1668 606 καὶ
1698 554 1990 614 ένωθέντες

423 653 562 721 μετὰ
605 649 712 704 τῶν
753 649 1070 717 ’Δγαρηνῶν
1103 647 1256 700 οὐδὲν
1300 647 1574 718 χρήσιμον
1624 647 1810 707 αὐτοῖς
1838 645 1992 706 τέλος

415 743 664 812 ἐγεγόνει
687 758 702 774 ·
751 739 1056 812 προσϐολῆς
1083 739 1139 792 δὲ
1168 740 1468 810 γενομένης
1510 739 1538 790 6
1572 739 1842 808 Δαμιανδς
1870 755 1991 791 και-

421 841 551 905 ple):
577 835 808 906 πληγεὶς
838 833 931 886 καὶ
952 835 1064 891 τοῖς
1084 833 1294 894 λοιποῖς
1317 831 1526 900 τροπῆς
1552 831 1774 899 γέγονεν
1792 830 1987 893 αἴτιος,

415 931 510 982 καὶ
535 928 561 978 6
588 927 852 987 Φωτεινδς
881 925 1035 996 μόλις
1062 927 1118 976 ὲν
1160 925 1401 993 ὄρόμωνι
1432 923 1758 986 διασώζεται
1789 924 1884 976 καὶ
1911 923 1988 992 τῷ

416 1019 626 1088 βασιλεί
663 1019 895 1086 ἄγγελος
946 1017 1180 1081 γίνεται.
1229 1015 1506 1083 Ἐγεγόνει
1543 1014 1598 1068 δὲ
1630 1015 1791 1078 αὐτὸς
1833 1016 1861 1067 6
1890 1014 1989 1068 πό-

412 1109 580 1177 λεμος
624 1109 718 1161 καὶ
762 1111 794 1178 ἡ
827 1108 1099 1178 προσϐολὴ
1130 1107 1424 1178 μακρόθεν,
1481 1107 1606 1160 ἔνθα
1635 1109 1667 1175 ἡ
1722 1107 1872 1170 πόλις
1896 1107 1989 1160 τοῦ

414 1201 696 1262 Χάνδακος
725 1200 1100 1270 ᾠκοδόμηται,
1136 1201 1268 1254 ὡσεὶ
1305 1199 1555 1262 σταδίους
1603 1199 1802 1262 εἴκοσι,
1851 1199 1990 1268 πρὸς

413 1294 482 1345 τὰ
517 1294 655 1365 μέρη
689 1293 782 1345 τοῦ
809 1296 975 1346 τόπου
1005 1292 1099 1345 τοῦ
1133 1293 1432 1363 λεγομένου
1466 1291 1763 1360 Ἀλμυροῦ,
1791 1294 1850 1344 ὲν
1879 1289 1989 1343 ἔτει

415 1391 584 1456 gap}.
623 1385 733 1437 Καὶ
757 1385 919 1438 πάλιν
958 1386 1071 1446 τοῖς
1113 1383 1438 1453 Ἀγαρηνοῖς
1467 1381 1530 1433 οὗ
1570 1380 1809 1431 διέλιπον
1827 1394 1989 1450 φρθν⁶

413 1475 556 1537 τίδες
583 1475 678 1527 καὶ
707 1475 954 1543 λογισμοὶ
985 1475 1081 1528 καὶ
1131 1473 1306 1526 δειλία
1337 1472 1432 1524 καὶ
1465 1470 1684 1538 ταραχὴ
1717 1469 1808 1521 καὶ
1838 1469 1992 1538 μέρι-

415 1586 544 1637 μνα.
586 1568 696 1621 Καὶ
725 1567 907 1621 αὐτῶν
934 1567 1109 1628 οὕτως
1142 1567 1374 1634 ἐχόντων
1406 1564 1640 1633 μοναχός
1666 1579 1748 1625 τις
1783 1563 1846 1614 ὲκ
1880 1560 1990 1613 τῶν

415 1663 585 1731 ὀρέων
616 1664 712 1730 τῆς
758 1664 925 1730 νήσου
961 1661 1300 1720 ἐπικαταὸὲς
1332 1659 1672 1729 ἁμαρτάνειν
1707 1657 1911 1726 ἔφησεν
1939 1655 1989 1708 οἳ

416 1754 670 1821 ἀσφαλῶς
702 1753 1151 1822 ὑπολαμϐάνουσι
1186 1744 1536 1816 κατοικήσειν
1592 1751 1988 1819 οἰκοδομήσαν-

2095 551 2171 621 τῷ
2201 549 2329 620 ὕψει
2349 566 2363 580 ο
2389 551 2506 621 ἔχει
2527 552 2584 604 δὲ
2617 551 2803 614 πόλεις
2831 550 3084 613 παλαιὰς,
3103 549 3351 612 πλείονας
3385 550 3419 619 ἢ
3448 549 3556 602 τῶν
3589 553 3657 603 ἐν
3677 584 3690 590 ι

2091 645 2413 713 νενήκοντα,
2471 643 2735 713 μεγίστας
2778 643 2835 698 δὲ
2890 645 2986 697 καὶ
3015 644 3450 712 ἐπιφανεστάτας
3479 644 3642 711 τρεῖς
3665 685 3680 706 ,

2093 735 2376 799 Κνωσσὸν,
2404 733 2679 805 Γόρτυναν
2711 738 2808 789 καὶ
2828 736 3134 789 Κυδωνίαν.
3151 728 3253 790 Ὧν
3280 737 3307 789 6
3333 736 3503 798 Μίνος
3527 736 3557 789 6
3579 735 3687 805 βαο

2095 825 2275 889 σιλεὺς
2299 828 2550 897 Κρήτης,
2577 827 3037 896 θαλαττοκρατῶν
3056 845 3209 890 ποτε,
3241 827 3341 896 τὴν
3370 827 3536 896 νῆσον
3555 844 3687 896 τρι-

2092 917 2164 988 χῆ
2197 918 2407 985 διελὼν,
2436 921 2492 971 ὲν
2521 921 2737 990 ἑκάστῳ
2769 922 2927 990 μέρει
2953 921 3145 984 κτίσας
3174 921 3461 990 πόλιν,τὴν
3486 923 3688 976 Κνωσ-

2095 1010 2189 1063 οδν
2221 1002 2560 1082 κατάντικρυ
2604 1014 2701 1082 τῆς
2758 1013 3211 1082 Πελοποννήσουο
3264 1011 3411 1082 αὕτη
3442 1012 3503 1066 δέ
3552 1014 3683 1066 ἔστι

2092 1101 2479 1171 προσϐόρειος.
2514 1101 2686 1166 Οὗτος
2709 1104 2736 1155 6
2767 1103 3024 1172 βασιλεὺς
3052 1107 3080 1156 6
3107 1106 3300 1169 Μῖνος,
3335 1106 3412 1167 ὡς
3438 1105 3685 1174 ἱστορεῖς

2091 1209 2203 1257 ται,
2250 1195 2465 1263 πρῶτος
2521 1194 2621 1263 τὴν
2681 1195 2902 1266 Κρήτην
2960 1177 3348 1265 ἐξημερώσας.
3370 1195 3683 1264 νομοθέτης

2095 1285 2317 1352 ἐγένετο
2348 1286 2674 1350 σπουδαῖοςο
2719 1287 2801 1340 διὸ
2849 1287 2998 1355 λέγει
3055 1289 3148 1342 καὶ
3198 1290 3227 1341 6
3255 1288 3491 1358 ποιητὴς
3542 1290 3683 1357 περὶ

2090 1375 2287 1428 αὐτοῦ’
2325 1394 2344 1427 ι
2385 1378 2481 1430 Διά
2504 1377 2602 1445 τὴν
2630 1378 2806 1447 ἄκραν
2842 1379 3193 1447 δικαιοσύνην
3216 1381 3387 1442 Μῖνος
3423 1382 3520 1433 καὶ
3543 1378 3683 1432 Ῥαο

2090 1467 2384 1534 δάμανθος,
2415 1451 2642 1538 Κρῆταιξ
2671 1471 2850 1537 ὅντες,
2896 1472 3002 1524 ὑπὸ
3022 1471 3116 1525 τοῦ
3143 1471 3262 1535 Διὸς
3295 1474 3481 1540 κριταὶ
3513 1488 3681 1523 κατεε

2091 1561 2373 1631 στάθησαν
2399 1563 2554 1632 102
2582 1566 2640 1616 ὲν
2667 1567 2786 1628 ταῖς
2816 1564 2929 1617 τῶν
2955 1564 3224 1634 μακάρων
3247 1566 3458 1633 νήσοις.
3501 1581 3522 1615 ι
3560 1563 3682 1615 Καὶ

2090 1653 2260 1706 ταῦτα
2286 1655 2415 1723 περὶ
2443 1654 2538 1708 τοῦ
2571 1656 2807 1718 Μίνωος.
2837 1657 2911 1709 Ἦ
2930 1657 2986 1710 δὲ
3014 1643 3257 1728 Γόρτυνα
3284 1660 3466 1710 κεῖται
3493 1659 3549 1708 ὲν
3576 1673 3680 1707 πε-

2091 1746 2186 1816 δίῳ
2220 1747 2356 1817 πρὸς
2383 1745 2443 1800 τὸ
2472 1747 2681 1817 Λιϐύης
2713 1749 2971 1814 πέλαγος,
3007 1749 3202 1819 ἀπέχει
3235 1749 3290 1802 δὲ
3339 1747 3437 1817 τῆς
3471 1747 3680 1800 Gali:-

416 1859 501 1907 τες
535 1845 593 1895 ἐν
639 1843 774 1911 τῷδε
806 1842 882 1912 τῷ
911 1843 1093 1914 τόπῳ·
1133 1843 1226 1894 καὶ
1259 1842 1373 1910 ἅμα
1394 1841 1569 1908 λέγων
1609 1841 1773 1892 τόπον
1817 1839 1986 1902 δεξιὸν
2025 1819 2064 1872 Β
2093 1855 2192 1907 της
2228 1838 2478 1900 σταδίους
2514 1841 2800 1909 ἑξήκοντα,
2842 1841 3138 1894 παλαιόθεν
3194 1841 3294 1910 μὲν
3325 1839 3680 1908 τετειχισμέο

415 1938 505 1990 καὶ
532 1937 703 2004 εὐφυῆ
738 1937 873 2004 προς
928 1937 1108 1988 πᾶσαν
1155 1934 1449 2004 εὐετηρίαν
1486 1932 1754 1999 ὑπέδειξε.
1787 1934 1896 1985 Καὶ
1930 1933 1986 1983 ὲν

413 2027 588 2096 τούτῳ
619 2027 880 2096 φρούριον
919 2027 1072 2096 ιοι
1131 2025 1453 2096 ἱδρύσαντες
1484 2025 1579 2077 καὶ
1607 2024 1790 2087 καλῶς
1821 2026 1986 2094 ἀκροο

415 2123 758 2186 πολίσαντες,
785 2121 813 2174 δ
835 2123 929 2174 καὶ
948 2122 1202 2175 Χάνδακα
1227 2121 1543 2189 ὠνόμασαν,
1572 2123 1666 2174 καὶ
1698 2122 1761 2172 ὲκ
1789 2120 1984 2173 τούτου

415 2213 724 2283 ὁρμώμενοι
761 2217 856 2282 τὴν
885 2215 1016 2285 ὃλην
1045 2216 1210 2284 νῆτον
1263 2215 1593 2284 κατέτρεχον
1623 2215 1718 2266 καὶ⁸
1747 2215 1846 2277 τὰς
1871 2215 2003 2266 λοι-.

415 2307 521 2370 πᾶς
567 2307 743 2369 πάσας
786 2308 969 2370 πόλεις
999 2306 1116 2377 τῆς.
1146 2308 1311 2375 νήσου
1344 2307 1668 2368 ἐδούλωσαν,
1717 2307 1858 2373 πλὴν
1887 2308 1984 2369 τῆς

414 2395 687 2464 Γορτύνης
730 2396 1160 2457 καὶ-Κυδωνίας.
1189 2398 1294 2449 Καὶ
1324 2395 1497 2458 οὕτως
1539 2396 1692 2465 μὲνή
1721 2397 1910 2464 Κρήτη
1949 2397 1981 2462 ἡ

418 2485 523 2552 μία
540 2486 650 2538 τῶν
675 2487 1008 2557 περιφήμων
1040 2488 1179 2538 ἑπτὰ
1210 2485 1462 2555 μεγάλων
1492 2487 1678 2553 νήσων
1707 2485 1851 2538 ἑάλω
1879 2485 1983 2536 ὑπὸ

412 2576 520 2629 τῶν
555 2576 824 2630 ’Ῑσπανῶν
864 2578 1218 2646 Σαρακηνῶν.
1257 2578 1367 2630 Καὶ
1399 2577 1557 2639 αὖθις
1599 2576 1737 2646 μετά
1780 2577 1898 2640 ἔτος
1928 2576 1986 2629 ἓν

412 2667 718 2736 όβασιλεὺς
753 2670 974 2738 Μιχαὴλ
1046 2669 1237 2740 ἕτερον
1299 2668 1486 2721 στέλον
1539 2669 1819 2736 ἐκπέμπει
1862 2667 1986 2722 κατ’

413 2760 615 2824 αὐτῶν,
647 2763 740 2814 καὶ
771 2761 923 2813 οὐδὲν
951 2761 1101 2827 ἄξιον
1140 2760 1300 2830 ἔργον
1327 2759 1592 2829 ἐποίησαν
1613 2776 1628 2792 ⁸
1686 2760 1782 2812 καλ⁵
1805 2761 1853 2812 οἱ
1877 2760 1982 2812 Σαο

416 2854 644 2922 ρακηνοὶ
677 2853 770 2906 τοῦ
819 2852 1014 2906 λοιποῦ
1072 2852 1393 2923 ἀμερίμνως
1425 2852 1632 2919 διῆγον,
1668 2852 1764 2905 καὶ
1804 2852 1986 2921 πάσης

415 2945 514 3013 τῆς
559 2944 725 3014 νήσου
775 2943 1105 3014 κληρονόμοι
1169 2947 1264 2996 καὶ
1296 2943 1478 3010 κύριοι
1524 2943 1832 3011 γεγόνασιν,
1892 2945 1990 2996 καὶ

417 3034 601 3088 πολλοὶ
660 3037 980 3104 Χριστιανοὶ
1013 3035 1150 3104 ὑπὲρ
1186 3034 1284 3103 τῆς
1337 3034 1525 3102 ὑγιοῦς
1550 3034 1707 3105 ἡμῶν
1745 3035 1986 3099 πίστεως

2096 1946 2186 1996 νη,
2209 1928 2439 1998 ὕστερον
2469 1931 2524 1982 δὲ
2562 1930 2670 1983 ὑπὸ
2699 1929 2794 1983 τοῦ
2822 1917 3020 2001 καιδροῦ
3051 1931 3119 1984 τὰ
3146 1932 3300 2000 τείχη
3323 1931 3600 2000 φθαρέντα
3639 1932 3677 1998 ἡ

2097 2020 2342 2074 πολιτεία
2367 2019 2504 2090 αὑτὴ
2535 2021 2728 2090 ἤθελον
2759 2022 2924 2074 πάλιν
2953 2022 3211 2092 τειχίσαι,
3238 2023 3332 2074 καὶ
3357 2020 3533 2090 ἀρχὴν
3567 2020 3678 2073 λα-

2093 2108 2265 2162 ϐοῦσα
2300 2109 2590 2171 κτίσαντες
2611 2113 2791 2178 τεῖχος
2820 2109 3009 2163 στάδια
3040 2109 3393 2179 ὀγδοήκοντα,
3424 2108 3521 2160 καὶ
3545 2106 3680 2160 στά-

2095 2219 2236 2264 σεως
2259 2203 2557 2270 γενομένης
2583 2203 2862 2269 ἀναμέσον
2890 2202 2952 2255 τὸ
2977 2201 3138 2270 ἔργον
3166 2201 3354 2262 ἀτελὲς
3376 2200 3674 2268 διέμεινεν.

2102 2290 2169 2342 'H
2197 2291 2252 2342 δὲ
2294 2292 2545 2344 Κυδωνία
2580 2291 2808 2360 μεγίστη
2853 2292 2952 2361 τὴν
2985 2291 3306 2360 προσθήκην
3351 2283 3445 2361 ἦν,
3492 2292 3682 2342 κεῖται

2092 2381 2149 2433 δὲ
2184 2380 2320 2449 αὕτη
2356 2382 2387 2448 ἡ
2422 2382 2578 2444 πόλις
2609 2382 2746 2452 πρὸς
2778 2383 2891 2442 τοῖς
2936 2382 3212 2451 ἑσπερίοις
3249 2381 3345 2446 τῆς
3377 2381 3548 2450 νήσου
3581 2380 3682 2432 πέ-

2096 2493 2243 2546 ρασι,
2272 2476 2340 2528 τὰ
2392 2475 2448 2527 δὲ
2479 2476 2577 2543 ὅρη
2615 2475 2684 2528 τὰ
2731 2476 2898 2542 ἐγγὺς
2929 2475 3100 2541 αὐτῆς
3128 2475 3194 2526 τὰ
3223 2471 3401 2542 ὑψηλά
3439 2471 3681 2541 Τίτυρος

2093 2567 2428 2620 καλοῦνται·
2459 2567 2674 2636 ἵδρυται
2702 2567 2758 2619 δὲ
2789 2569 2882 2620 ἐπὶ
2915 2566 3214 2634 θαλάσσης,
3237 2566 3510 2634 βλέπουσα
3539 2563 3682 2632 πρὸς

2095 2657 2197 2728 τὴν
2227 2657 2552 2724 Λακωνικὴν
2582 2657 2830 2722 πεδιάδα,
2873 2657 3057 2726 ἀγαθὴ
3087 2658 3180 2709 καὶ
3219 2654 3335 2708 λίαν
3360 2654 3683 2723 πανεύμορο

2095 2767 2195 2818 φος
2227 2751 2320 2802 καὶ
2354 2750 2522 2802 πολλὰ
2571 2749 2855 2802 κύκλωθεν
2891 2749 3116 2817 ἔχουσα.
3149 2747 3350 2800 Λοιπὸν
3377 2747 3458 2808 είς
3486 2745 3616 2815 τρία
3641 2747 3678 2814 ἡ

2093 2841 2279 2909 νῆσος,
2313 2842 2387 2904 ὡς
2424 2842 2786 2912 προείπομεν,
2825 2841 3176 2910 μεμέρισται,
3205 2840 3303 2891 καὶ
3326 2837 3388 2890 τὸ
3411 2838 3510 2907 μὲν
3537 2837 3679 2906 πρὸς

2091 2933 2244 3004 ηῴαν
2278 2935 2443 3006 μέρος
2499 2937 2557 2990 ὲν
2593 2938 2704 2998 τοῖς
2753 2936 2855 3004 τῆς
2898 2933 3169 3003 Γορτύνης
3219 2933 3416 3002 μέρεσι
3447 2921 3712 3002 Δωριεῖς¹

2091 3021 2321 3075 ἐκάλουν
2347 3065 2362 3088 ,
2414 3023 2475 3075 τὸ
2505 3023 2563 3076 δὲ
2599 3024 2774 3076 νότιον
2821 3025 3206 3093 Ἐτεόκρητας,
3249 3023 3308 3074 ἐν
3336 3015 3382 3088 ᾧ
3415 3022 3528 3075 ἐστι
3579 3023 3677 3074 καὶ

416 3125 496 3196 τῷ
537 3127 716 3196 καιρῷ
753 3127 948 3194 ἐκείνῳ
1007 3127 1420 3196 ἐμαρτύρησαν.
1457 3127 1616 3178 Ἐστι
1658 3127 1714 3178 δὲ
1766 3128 1799 3197 ή
1829 3126 1991 3196 νῆσος
2020 3159 2060 3212 c
2094 3112 2451 3212 τδιπολιχνιον
2480 3115 2722 3212 Πρά-σοξιο
2766 3115 2828 3168 τδ
2930 3115 3156 3212 θυτικὸν.
3191 3114 3354 3183 μέρος
3375 3114 3674 3212 βύδιὶιναςο

419 3219 558 3288 αὕτη
592 3220 777 3290 ὀρεινὴ
808 3221 900 3273 καὶ
928 3219 1137 3281 δασεῖα,
1169 3217 1280 3288 ἔχει
1307 3219 1363 3270 δέ
1384 3217 1481 3271 καὶ
1517 3218 1760 3281 αὐλῶνας
1789 3219 1994 3288 εὐκάρ-

421 3405 570 3467 torii,
602 3418 724 3459 cum
758 3402 959 3474 ingenti
987 3401 1230 3456 exercitu
1258 3411 1313 3455 et
1357 3410 1614 3469 apparatu
1673 3399 1725 3453 in
1777 3398 1993 3453 Cretam

345 3482 362 3499 ⁸
423 3499 490 3552 ad
520 3497 670 3550 illum
701 3494 1063 3565 adiuvandum
1100 3493 1269 3547 misit.
1303 3491 1498 3546 Verum
1552 3492 1849 3554 enimvero,
1871 3505 1998 3544 cou-

415 3588 624 3656 jnnctis
648 3587 774 3640 licet
799 3585 1026 3648 viribus,
1063 3582 1195 3638 nihil
1225 3583 1511 3637 adversum
1561 3582 1837 3651 Agareuos
1869 3595 1995 3650 pro-

423 3683 692 3735 fecerunt.
715 3677 922 3746 Quippe
949 3676 1140 3746 proelio
1162 3677 1478 3736 commisso,
1507 3672 1819 3739 Datniauus,
1841 3675 1994 3744 plaga

372 3835 378 3838 ,
421 3775 700 3828 mortifera
751 3772 1090 3836 vulneratus,
1145 3769 1309 3823 etiam
1371 3767 1599 3837 reliquis
1631 3782 1796 3820 causa
1858 3767 1998 3834 Ιυειθ

421 3865 546 3926 fuit.
571 3875 625 3920 et
674 3864 939 3918 Photinus
970 3863 1022 3916 in
1059 3875 1200 3930 equo
1226 3847 1576 3927 veloci'mgre
1606 3867 1881 3920 servatus,
1916 3856 1993 3912 rei

417 3957 667 4011 nuntium
721 3952 1038 4024 imperatori
1102 3951 1304 4006 attulit.
1341 3949 1504 4004 Facta
1540 3959 1623 4004 est
1669 3951 1783 4004 inec
1815 3965 1994 4019 pugna

417 4046 538 4100 loco
560 4047 626 4100 ab
649 4044 782 4099 urbe
800 4043 1087 4098 Chandace
1117 4038 1312 4094 stadiis
1330 4039 1551 4094 circiter
1573 4038 1759 4107 viginti
1781 4039 1994 4102 dissito,

420 4139 507 4192 cui
545 4151 739 4192 nomen
791 4133 1005 4205 Almyri
1039 4143 1144 4196 est,
1176 4146 1319 4185 anno
1351 4129 1534 4184 mundi
1569 4128 1728 4184 6360.
1761 4127 1992 4182 Rursum

421 4231 698 4300 Agarenos
722 4241 830 4282 non
853 4227 1176 4282 deﬁciebant
1204 4240 1367 4288 curae,
1395 4221 1769 4292 cogitationes,
1809 4219 1992 4282 timor,

423 4319 762 4389 perturbatio
797 4327 852 4370 et
889 4332 1059 4387 angor
1091 4332 1107 4381 ;
1145 4325 1309 4385 atque
1361 4316 1434 4367 ita
1468 4313 1573 4367 illis
1606 4313 1837 4376 allectis,
1878 4327 1994 4365 tuo-

424 4412 631 4464 nacbns
659 4409 876 4476 quidam
903 4422 936 4462 e
978 4407 1253 4461 montibus
1293 4405 1478 4459 insula:
1513 4404 1793 4458 descendit
1825 4417 1878 4457 et
1905 4419 1995 4457 er-

2096 3202 2191 3257 xal.
2217 3203 2496 3274 ἀναμέσον
2548 3205 2729 3260 αὐτῶν
2790 3205 3051 3269 πολλάκις
3089 3206 3264 3276 μάχαι
3302 3204 3398 3258 καὶ
3443 3204 3674 3276 πόλεμοι

2097 3390 2214 3444 διες
2249 3389 2421 3444 insula
2476 3400 2731 3446 montana
2765 3399 2817 3446 et
2851 3391 3049 3446 silvosa
3078 3399 3240 3460 atque
3262 3390 3435 3446 valles
3468 3389 3676 3446 fertiles

2099 3481 2261 3535 habet
2290 3497 2304 3533 :
2341 3489 2554 3536 montes
2581 3481 2864 3538 altitudine
2897 3481 3139 3554 Taygeto
3183 3499 3286 3538 non
3315 3484 3534 3538 cedunt.
3568 3483 3675 3538 lla.

2095 3571 2186 3627 bet
2216 3573 2378 3628 urbes
2401 3575 2653 3642 antiquas
2679 3589 2841 3643 supra
2863 3575 3179 3646 nonaginta,
3205 3576 3442 3644 atquein
3476 3577 3670 3645 primis

2097 3676 2320 3731 magnas
2363 3672 2416 3716 et
2445 3665 2652 3718 nobiles
2679 3673 2808 3729 tres,
2839 3665 3128 3732 Cnossum,
3163 3665 3458 3737 Gortynam
3477 3678 3540 3722 et
3567 3667 3672 3738 Cy-

2095 3753 2334 3820 doniam,
2366 3771 2395 3809 a
2447 3755 2645 3822 Minoe,
2673 3757 3020 3814 Cretensium
3065 3776 3213 3831 rege.
3251 3762 3339 3831 qui
3380 3763 3667 3832 imperium

2099 3847 2264 3900 maris
2294 3846 2420 3900 olim
2453 3849 2689 3912 tenebat,
2726 3859 3039 3907 exstructas
3075 3872 3088 3906 :
3119 3854 3236 3922 qui,
3268 3854 3318 3908 in
3351 3863 3464 3909 tres
3489 3864 3669 3923 partes

2098 3932 2269 3989 insula
2305 3936 2502 4001 divisa,
2537 3939 2588 3993 in
2619 3940 2862 4009 qualibet
2896 3952 3053 4012 parte
3102 3959 3262 3999 unam
3319 3947 3586 4012 condidit,
3615 3959 3670 4003 et

2051 4046 2058 4054 ’
2094 4025 2360 4083 Cnossum
2379 4031 2596 4098 quidem
2621 4049 2650 4089 e
2672 4035 2888 4104 regione
2916 4035 3267 4105 Peloponnesi
3286 4047 3340 4093 et
3361 4039 3428 4094 ad
3450 4049 3672 4109 septen-

2097 4119 2354 4174 trionem.
2387 4118 2542 4176 lluuc
2577 4136 2756 4192 regem
2794 4124 3063 4193 proditum
3091 4135 3177 4182 est
3198 4127 3428 4194 primum
3453 4128 3668 4184 Cretam

2098 4210 2292 4264 litteris
2329 4211 2632 4269 excoluisse
2679 4224 2734 4268 et
2785 4215 2996 4283 legibus
3032 4219 3272 4273 studiose
3325 4220 3666 4276 moderatum

2097 4316 2248 4357 esse:
2274 4304 2412 4357 unde
2437 4315 2597 4372 poeta
2620 4306 2752 4360 dicit
2779 4326 2793 4361 :
2821 4325 2839 4358 ι
2869 4307 3094 4378 Propter
3111 4325 3377 4365 summam
3398 4311 3666 4381 justitiam

2096 4390 2268 4446 Minos
2299 4405 2352 4448 et
2391 4396 2866 4464 Rhadamanthus,
2908 4401 3196 4468 Cretenses
3229 4417 3447 4474 genere,
3481 4419 3514 4459 a
3538 4402 3668 4458 Jove

425 4517 548 4556 rare
572 4499 690 4554 illos
719 4497 1024 4561 aﬂirmavit,
1049 4497 1094 4551 si
1117 4512 1186 4551 eo
1215 4497 1268 4551 in
1303 4497 1420 4563 loco
1447 4495 1724 4550 collocatis
1753 4495 1991 4561 sedibus,
2028 4493 2070 4548 D
2101 4484 2152 4536 ill
2205 4484 2484 4541 ὺθθῐονυιη
2520 4488 2706 4544 Ῐηευηε
2735 4489 2948 4558 indices
2981 4493 3271 4548 COﬂSlilUli'
3293 4504 3442 4549 sum.
3488 4514 3509 4548 ι
3547 4493 3666 4550 Haec

424 4604 614 4644 secure
659 4603 725 4643 se
778 4600 933 4654 posse
969 4585 1216 4640 habitare
1257 4585 1634 4640 existimarent
1668 4599 1683 4648 ;
1723 4584 1996 4653 simulque

424 4683 598 4735 locum
631 4678 1024 4734 illoneumetad
1050 4691 1264 4731 omnem
1293 4678 1588 4731 ubertatem
1619 4676 2001 4730 accommoda-.

424 4781 534 4824 tum
560 4767 969 4846 derrmnstravit.
994 4766 1070 4820 lbi
1095 4765 1354 4835 oppidum
1379 4771 1766 4818 exstruxerunt
1788 4769 1843 4815 et
1870 4775 1994 4814 arce

423 4863 560 4916 bene
613 4858 1103 4920 communiverunt.
1161 4860 1245 4913 cui
1301 4854 1606 4911 Cbandacis
1653 4869 1856 4912 nomen
1899 4854 1994 4907 du-

425 4963 535 5007 tum
557 4963 672 5008 est:
694 4950 834 5007 unde
855 4951 1152 5022 progressi,
1179 4959 1344 5004 totam
1366 4947 1593 5002 insulam
1619 4946 1991 5009 incursabant,

420 5059 718 5114 omnesque
763 5044 927 5097 nrbes
976 5042 1118 5110 ejus,
1160 5050 1354 5109 praeter
1386 5038 1686 5107 Gortynam
1723 5047 1777 5089 et
1807 5033 1990 5105 Cydo-

419 5140 584 5200 niam,
616 5136 668 5188 in
730 5133 988 5188 ditionem
1055 5146 1212 5189 suam
1268 5130 1612 5198 redegerunt.
1672 5125 1788 5181 Hoc
1829 5127 1992 5196 igitur

421 5226 584 5279 modo
606 5225 791 5291 Creta,
823 5237 926 5277 una
958 5236 1023 5276 ex
1057 5229 1263 5289 septem
1297 5217 1653 5273 nobilioribus
1682 5217 1896 5282 insulis,
1925 5217 1992 5269 ab

420 5315 675 5384 llispanis
707 5314 1002 5370 Saracenis
1036 5323 1294 5380 occupata
1349 5321 1452 5366 est.
1509 5308 1626 5364 Uno
1676 5324 1821 5362 anno
1872 5318 1993 5376 post

419 5423 608 5472 rursus
637 5405 866 5462 Michael
907 5407 1201 5474 imperator
1241 5403 1400 5457 aliam
1453 5403 1684 5457 classem
1725 5401 1990 5456 adversus

415 5501 634 5555 eosdem
683 5499 852 5564 misit,
883 5513 1006 5568 qua
1037 5508 1216 5552 tamen
1251 5495 1384 5550 nihil
1419 5491 1771 5550 memorabile
1801 5493 1985 5563 gessit.

415 5593 532 5646 Jam
563 5592 798 5660 Agareni
829 5591 976 5646 curis
1005 5589 1257 5644 omnibus
1287 5585 1450 5641 soluti
1487 5587 1740 5640 vixerunt
1771 5593 1990 5652 totaque

417 5683 593 5738 insula
632 5691 762 5736 sunt
795 5681 950 5750 potiti
976 5698 990 5735 :
1020 5694 1085 5735 ac
1108 5679 1256 5734 multi
1283 5677 1575 5732 Christiani
1603 5691 1699 5745 pro
1729 5689 1860 5729 sana
1888 5677 1990 5730 llde

415 5784 600 5830 nostra
639 5774 730 5829 illo
757 5783 1002 5842 tempore
1035 5770 1355 5842 martyrium
1389 5769 1645 5824 tulerunt.
1683 5765 1982 5824 Estautem

2098 4576 2162 4629 de
2195 4576 2392 4632 Minoe.
2428 4578 2662 4651 Gortyna
2694 4583 2746 4635 in
2792 4583 3016 4652 planitie
3049 4586 3152 4639 sita
3194 4602 3345 4641 mare
3408 4587 3664 4658 Libycum

2095 4679 2322 4734 Spectat,
2360 4687 2386 4722 τι
2428 4686 2536 4738 quo
2563 4673 2718 4728 abest
2775 4678 2964 4731 stadiis
3013 4680 3314 4748 sexaginta.
3354 4680 3666 4751 Antiquitus

2097 4762 2266 4814 muris
2295 4763 2469 4817 cincta
2493 4773 2630 4829 erat,
2661 4782 2829 4834 quos.
2863 4767 3059 4837 injuria
3087 4771 3343 4840 temporis
3378 4770 3667 4828 labefacta-

2095 4861 2201 4914 tos,
2237 4859 2591 4923 magistratus
2638 4859 2946 4914 instaurare
2987 4870 3288 4928 ceperunt,
3315 4862 3417 4918 sed
3448 4865 3516 4919 ad
3544 4875 3666 4920 octo

2095 4945 2271 4998 stadia
2307 4949 2619 5016 productos,
2655 4959 2846 5004 exorta
2880 4950 3168 5019 seditione,
3203 4954 3551 5024 reliquerunt
3584 4958 3660 5010 in-

2098 5036 2344 5091 choatos.
2388 5036 2627 5106 CydOnia
2660 5041 3032 5108 incrementis,
3059 5061 3181 5113 qua:
3207 5045 3468 5114 paulatim
3497 5049 3660 5116 cepit,

2097 5130 2330 5182 maxima
2365 5129 2487 5196 fuit,
2508 5129 2560 5183 in
2587 5132 3014 5189 occidentalibus
3038 5136 3234 5190 ﬁnibus
3257 5137 3442 5193 insulse
3469 5141 3659 5209 posita.

2093 5221 2199 5274 ΑΙιὶ
2249 5231 2481 5287 montes,
2511 5223 2603 5292 qui
2637 5223 2689 5276 iu
2722 5224 2916 5280 vicinia
2950 5237 3098 5292 sunt,
3137 5227 3308 5299 Tityri
3340 5245 3537 5287 nomen
3571 5234 3657 5288 ha-

2092 5311 2242 5367 bent.
2273 5313 2352 5366 Διί
2382 5327 2531 5366 mare
2556 5316 2658 5368 sita
2688 5325 2796 5382 est,
2826 5327 2878 5371 et
2907 5315 3230 5374 Laconicam
3260 5332 3490 5390 spectat,
3512 5338 3664 5393 egre-

2094 5403 2178 5471 gia
2205 5414 2259 5457 et
2291 5404 2518 5459 miriﬁce
2549 5406 2767 5476 elegans
2797 5417 2850 5462 el
2889 5411 3066 5479 ampla
3099 5411 3152 5465 in
3191 5413 3445 5468 circuitu.
3488 5415 3656 5470 Caete-

2092 5508 2211 5545 rum
2252 5492 2306 5546 in
2339 5502 2448 5548 tres
2486 5504 2686 5563 partes,
2728 5506 2782 5552 ut
2821 5498 3078 5564 diximus,
3122 5500 3300 5557 insula
3329 5503 3500 5557 divisa
3531 5512 3656 5560 est:

2093 5594 2302 5653 partem
2344 5589 2827 5666 versus‘orientem
2863 5592 3006 5644 circa
3042 5591 3336 5662 Gortynam
3374 5595 3655 5650 Dorienses

2092 5677 2470 5744 nominarunt;
2531 5681 2824 5734 australem
2877 5693 3080 5751 partem
3122 5686 3553 5745 Eteocrett-nses.
3602 5691 3655 5742 in

2091 5783 2194 5838 qua
2227 5770 2388 5824 etiam
2412 5768 2611 5826 Prasus
2641 5773 2954 5844 oppidulum
2977 5785 3094 5844 est;
3123 5778 3522 5834 occidentalem
3555 5780 3660 5851 Cy-
