3990 6562
291 476 409 542 721
447 498 459 506 '

1379 492 1821 559 CHRONICON
1857 499 2127 565 MAJUS.
2170 531 2237 540 —
2277 506 2426 572 LIB.
2471 510 2517 570 Ι.

3462 509 3574 572 ἿΞΞ

301 593 581 692 ἐγίνρντοἸ
622 593 853 692 Λόγουσι
901 595 958 651 δὲ.
988 597 1081 653 καὶ
1121 600 1276 655 τοῦτο
1327 606 1454 678 περὶ
1505 608 1604 679 τῆς
1635 609 1881 680 Κρήτης,
1918 621 1970 678 Α
2000 617 2218 688 κώτερα
2251 620 2392 692 μέρη
2424 622 2523 690 τῆς
2553 621 2963 692 Πελοποννήσου
2994 619 3264 688 ληίζουσι,
3301 621 3590 690 Μοθώνης
3623 619 3625 622 ⁴

298 688 396 740 ὅτι
420 685 508 739 διὰ
537 685 596 739 τὸ
623 687 720 755 τῆς
753 688 918 758 νήσου
954 693 1126 762 τραχὺ
1164 693 1265 749 οὐκ
1295 697 1548 753 ἰδύναντο
1573 702 1711 771 μετὰ
1748 703 1896 771 ἁμα-

1998 709 2092 762 κιὶ
2129 711 2308 763 Πύλου
2359 710 2516 782 ι,οή
2547 715 2641 766 καὶ
2683 712 3019 782 Γλαρέντζας
3053 712 3149 764 καὶ
3198 711 3437 779 Πάτρας,
3471 714 3568 764 καὶ

301 778 425 874 ξῶν
453 780 764 874 προσϐολὰς
792 785 970 835 ποιεῖν
997 785 1091 837 καὶ
1121 785 1526 858 ἀκοντίζεσθαι,
1559 793 1652 846 καὶ
1678 793 1896 865 πρῶτον
2003 803 2069 856 τὰ
2098 802 2264 872 ἕτερα
2317 778 2524 855 btet—05v
2557 803 2754 874 χωρία,
2798 778 3000 873 βουλὴν
3038 778 3354 871 βουλεύεται
3406 803 3466 854 ἰν
3498 805 3566 870 τῇ

235 921 259 934 ,
293 870 398 924 διὰ
425 871 583 926 τοῦτο
616 873 849 940 ἔφιπποι
873 877 922 929 οἱ
949 879 1171 948 Κρῆτες
1200 881 1409 948 ἔδειξαν
1442 885 1737 956 μάχεσθαι.

381 965 580 1035 Κύριοι
627 967 685 1020 δὲ
714 958 1004 1037 γεγονότες
1032 973 1134 1044 τῆς
1160 976 1422 1047 τοιαύτης
1453 979 1698 1049 μεγάλης
1726 982 1892 1053 νήσου

291 1055 512 1123 τρόπον
543 1055 698 1126 103
725 1056 784 1110 δν
816 1059 1028 1129 ἔφημεν
1059 1063 1109 1116 ei
1150 1064 1465 1136 Ἀγαρηνοὶ,
1503 1069 1596 1122 καὶ
1628 1070 1766 1138 νῆας
1789 1089 1894 1141 μα-

292 1147 444 1214 κρὰς
468 1150 812 1220 ποιήσαντες,
837 1153 932 1206 καὶ
954 1155 1552 1227 θαλασσοκρατοῦντες,
1579 1142 1892 1214 νεωστίίτδν

294 1239 506 1294 Μίνωα
537 1242 896 1313 μιμούμενοι,
953 1245 1313 1317 λῃστεύοντες
1341 1245 1486 1320 ἦσαν
1517 1252 1612 1304 καὶ
1642 1252 1741 1316 τὰς
1775 1253 1894 1306 Κυ-

295 1333 507 1397 κλάδας
533 1335 732 1405 νήσους
755 1336 978 1408 ἑλήῖζον
1009 1342 1102 1394 καὶ
1132 1340 1336 1411 πολλὴν
1383 1342 1594 1412 φθορὰν
1629 1344 1711 1405 εἰς
1763 1344 1893 1407 τοὺς

296 1423 674 1494 Χριστιανοὺς
704 1428 827 1482 καθ’
857 1431 1074 1500 ἡμέραν
1103 1434 1343 1490 ἐποίουν.
1373 1437 1596 1506 Χρόνων
1622 1436 1680 1489 δὲ
1708 1455 1892 1506 παρα-

295 1516 627 1587 δραμόντων
677 1526 1094 1593 τεσσαράκοντα
1126 1527 1222 1580 καὶ
1269 1527 1432 1589 ἑπτά,
1464 1529 1562 1582 ἐπὶ
1606 1529 1707 1598 τῆς
1734 1528 1891 1598 βασι·-

296 1605 458 1670 λείας
514 1608 802 1665 Βασιλείου
860 1614 954 1668 τοῦ
1002 1617 1340 1682 Μακεδόνος,
1401 1619 1548 1690 Σαὴλ
1586 1617 1889 1690 ’Λπόχαψό

297 1699 551 1770 ἀρχηγὸς
611 1704 862 1774 Κρήτης,
894 1707 1008 1770 υίὸς
1037 1708 1132 1761 τοῦ
1171 1711 1510 1783 Δάμερμουνῆ
1573 1713 1889 1783 Ἀπόχαπος

297 1791 401 1844 τοῦ
435 1793 536 1863 τὴν
587 1796 816 1866 Κρήτην
847 1800 1232 1870 κερδήσαντος,
1289 1799 1448 1868 αὖθις
1479 1806 1639 1869 αὐτὸς
1665 1805 1886 1878 λῃστρι-

299 1884 411 1949 κὰς
436 1885 573 1955 νῆας
604 1889 827 1960 μακρὰς
874 1891 1260 1964 οἰκονομήσας,
1312 1895 1380 1960 ἃς
1415 1897 1516 1968 ήδη
1545 1899 1749 1966 γαλέας
1779 1917 1879 1952 κα-

1996 894 2208 964 διανοίᾳ
2237 894 2463 965 συνετὴν
2501 896 2598 948 καὶ
2651 897 2842 966 σοφήν.
2878 897 2988 950 Καὶ
3019 892 3088 969 ἦν
3125 897 3158 964 ή
3201 895 3366 965 βουλὴ
3394 895 3489 948 καὶ
3539 896 3568 946 ό

1997 987 2154 1054 λόγος
2191 987 2355 1056 ἔργον
2418 987 2624 1050 εύθύςο
2686 988 2997 1055 ἰλιγγιάσας
3051 987 3161 1056 γὰρ
3214 985 3565 1066 περιοδεῦσαι

1999 1077 2099 1148 τὴν
2123 1067 2532 1149 Πελοπόννησον
2564 1079 2652 1133 διὰ
2690 1078 3055 1149 Μυρμιδόνων
3103 1079 3198 1132 καὶ
3237 1077 3566 1148 Ἐπιδαύρου
3593 1127 3608 1136 __

1998 1169 2091 1223 καὶ
2121 1168 2337 1223 Μαλέου
2371 1170 2469 1222 κοιλ⁸
2519 1170 2810 1238 Νεταρίου,
2845 1171 2934 1222 διὰ
2983 1171 3244 1223 δυσκόλου
3281 1170 3416 1224 πλοῦ
3473 1173 3568 1222 καὶ

1995 1260 2182 1330 χιλίων
2216 1259 2407 1330 μιλίων
2445 1263 2620 1329 μῆκος
2645 1261 2924 1330 τηνάλλως
2954 1263 3339 1330 ἀναμετρήσας
3364 1277 3425 1313 τε
3471 1264 3567 1313 καὶ
3595 1261 3612 1275 ’⁸

1995 1352 2364 1421 προσήκοντος
2393 1351 2701 1421 ὑστερήσας
2733 1352 2952 1420 καιροῦ,
2979 1353 3054 1414 ὡς
3101 1349 3269 1423 εἶχεν,
3303 1353 3466 1416 εὐθὺς
3496 1355 3561 1422 τῇ

1991 1445 2128 1514 αὐτῇ
2161 1447 2317 1498 νυκτὶ
2347 1444 2433 1497 διὰ
2464 1445 2559 1497 τοῦ
2590 1445 2956 1514 Κορινθιακοῦ
3011 1444 3204 1514 ἰσθμοῦ
3241 1445 3564 1513 πολυχειρίᾳ.

1992 1535 2337 1606 χρησάμενος
2391 1536 2531 1604 πρὸς
2565 1535 2666 1606 τὴν
2714 1536 2929 1589 ἐκεῖθεν
2983 1536 3208 1604 δυτικὴν
3263 1535 3561 1594 θάλασσαν,

1991 1627 2216 1695 πλησίον
2259 1629 2354 1680 τοῦ
2401 1627 2712 1698 ὀρύγματος
2757 1629 2894 1681 ὅπου
2935 1627 2994 1681 τὸ
3020 1625 3114 1680 τοῦ
3151 1627 3346 1696 ἰσθμοῦ
3379 1627 3564 1696 τεῖχος

1988 1719 2254 1788 ἐγεγόνει,
2291 1719 2431 1772 κατὰ
2449 1721 2509 1771 τὸ
2538 1720 2706 1789 ξηρὸν
2729 1718 3038 1782 διαϐιϐάζει
3071 1718 3170 1780 τὰς
3201 1719 3355 1786 νῆας.
3374 1717 3564 1785 Ἐμϐιο

1988 1809 2162 1871 ϐάσας
2209 1809 2265 1862 δὲ
2318 1808 2448 1863 λαίιν
2479 1810 2573 1862 καὶ
2624 1809 2829 1879 ἄνδρας
2861 1811 3140 1879 μαχίμους
3178 1807 3468 1877 συντόμως
3507 1809 3564 1859 ὲν

1986 1899 2181 1958 αὑταῖς
2211 1898 2351 1964 ὑπὲρ
2380 1899 2439 1952 τὸ
2464 1899 2714 1969 ἀρκετὸν,
2742 1900 2864 1953 ὅσον
2899 1895 2968 1970 ἦν
3005 1900 3258 1962 δυνατὸν,
3291 1899 3456 1968 ἔργου
3484 1899 3562 1950 είς

299 1979 630 2046 τονομάζειν
688 1981 950 2037 εἰώθασιν
993 1986 1115 2056 ήτοι
1169 1989 1441 2059 τριήρεις,
1504 1991 1596 2043 τὸν
1640 1991 1875 2060 ἀριθμὸν
1909 2005 1947 2058 Β
1977 2005 2122 2058 χετο.
2157 1988 2268 2041 Καὶ
2306 1987 2474 2058 μηδὲν
2501 1988 2812 2054 ἐλπίζοντες
2839 1990 2889 2043 οἱ
2921 1989 3413 2060 πολέμιοιΚρῆτες
3435 1988 3554 2057 (ἐπὶ

299 2066 440 2121 ὡσεὶ
467 2067 766 2139 τριάκοντα
822 2074 1150 2148 (κωπαρίων
1197 2081 1374 2134 εἴκοσι
1428 2081 1520 2135 καὶ
1552 2082 1644 2135 δύο
1677 2083 1880 2153 ἑκάστη

299 2158 534 2230 αὐτῶν),
560 2163 656 2216 καλ⁵
687 2166 884 2236 ἑτέρας
916 2168 1052 2235 νῆας
1101 2169 1424 2243 λῃστρικὸς,
1461 2173 1776 2245 ἐξορμήσας
1820 2177 1884 2229 ὲκ

299 2253 410 2323 τῆς
437 2255 686 2327 Κρήτης,
715 2259 816 2324 τάς
851 2261 907 2313 ἐν
928 2260 1005 2332 τῷ
1025 2263 1235 2333 Αἰγαίῳ
1262 2265 1490 2334 πελάγει
1512 2268 1709 2336 νήσους
1733 2267 1882 2330 ἐληΐ-

303 2343 608 2412 σατο,ἐίτα
659 2351 753 2404 καὶ
785 2353 958 2423 αὐτὴν
986 2354 1079 2409 τοῦ
1115 2357 1360 2422 Πέλοπος
1409 2359 1578 2427 νῆσον
1605 2359 1883 2413 κατέϐαλε

302 2441 404 2493 καὶ
431 2441 530 2506 τὰς
562 2443 811 2499 κάτωθεν
838 2447 1010 2518 αὐτῆς
1038 2452 1238 2519 νήσους
1277 2453 1488 2517 ἐλύπει,
1523 2455 1799 2508 Ζάκυνθόν
1824 2472 1883 2507 τε

304 2533 405 2585 καὶ
433 2533 808 2606 Κεφαληνίαν.
857 2539 1138 2613 Ἑμηνύθη
1169 2543 1227 2596 δὲ
1257 2543 1417 2598 τοῦτο
1444 2546 1522 2616 τῷ
1556 2546 1769 2614 βασιλεῖ
1796 2548 1886 2601 διὰ

302 2625 677 2696 ταχυδρόμου,
727 2630 823 2683 καλ⁹
865 2632 1159 2703 ὲξαρτίσας
1211 2635 1399 2689 στόλον
1454 2637 1644 2692 ἱκανὸν
1675 2637 1885 2692 στέλλει

306 2718 437 2778 κατ’
484 2719 685 2787 αὐτῶν,
742 2725 1100 2793 καταστήσας
1150 2727 1517 2798 δρουγγάριον
1549 2730 1651 2798 τῆς
1709 2730 1886 2797 αὐτῆς

308 2812 578 2881 ναυτικῆς
609 2802 896 2884 δυνάμεως
932 2817 1024 2870 τὸν
1076 2819 1373 2890 πατρίκιον
1403 2821 1675 2890 Νικήταν,
1710 2821 1883 2892 ἄνδρα

308 2901 487 2957 δεινὸν
518 2903 612 2959 καὶ
633 2906 945 2979 δραστηρδν
968 2912 1061 2964 καὶ
1092 2911 1358 2986 ἔμπειρον
1388 2914 1592 2978 παντὸς
1618 2916 1884 2986 πολέμου,

311 2991 536 3063 ὑδραίου
566 3012 626 3049 τε
654 2999 750 3051 καὶ
783 3002 1068 3070 χερσαίου,
1098 3002 1157 3066 ὃς
1193 3005 1446 3074 μηχανάς
1475 3001 1619 3060 οἶδεν
1659 3007 1736 3069 ὡς
1788 3007 1886 3077 οὐχ

310 3084 523 3154 ἕτερος.
575 3087 921 3153 Πνεύσαντος
971 3091 1028 3146 δὲ
1061 3093 1262 3164 ἀνέμου
1316 3094 1529 3166 βορείου
1569 3096 1785 3167 ήδίστου
1819 3096 1916 3149 δι’·

310 3177 508 3245 ὀλίγων
559 3180 782 3252 ήμερῶν
835 3185 1252 3256 καταλαμϐάνει
1299 3187 1398 3258 τὴν
1446 3188 1882 3258 Πελοπόννησον.

311 3270 426 3324 Καὶ
452 3271 666 3338 φθάσας
695 3274 753 3326 ὲν
780 3274 859 3346 τῷ
887 3277 1068 3350 λιμένι
1101 3280 1210 3332 τῶν
1245 3281 1564 3350 Κεγχρεῶν,
1604 3282 1678 3344 ὠς
1717 3283 1886 3353 ἐἴρη-

310 3376 428 3426 ται,
459 3361 648 3430 μαθὼν
678 3363 735 3418 δὲ
765 3342 848 3419 ὅτι
879 3342 961 3420 αἱ.
981 3368 1090 3422 τῶν
1116 3342 1608 3443 ἐχθρῶν-τριήρεις
1651 3342 1717 3428 τὰ
1744 3342 1890 3428 56:3.-
1912 3342 1958 3405 ϐ

311 3545 601 3603 donenses.
634 3547 780 3605 luter
819 3549 919 3606 hos
949 3565 1093 3622 saepe
1123 3553 1260 3610 bella
1290 3564 1344 3612 et
1371 3556 1561 3626 prmlia
1595 3560 1887 3618 commissa

312 3648 465 3694 sunt.
501 3637 746 3696 Traduut
777 3643 940 3697 etiam
987 3644 1088 3700 hoc
1117 3645 1181 3701 de
1213 3645 1397 3713 Creta,
1431 3650 1650 3718 propter
1683 3653 1891 3722 asperi-

316 3740 486 3787 tatem
529 3732 628 3788 soli
661 3749 768 3789 non
789 3737 1030 3804 potuisse
1054 3738 1107 3791 itt
1141 3753 1204 3792 ea
1237 3754 1356 3794 cum
1385 3741 1636 3796 curribus
1659 3743 1890 3813 impetus

313 3825 431 3880 fieri
485 3835 539 3880 et
579 3825 831 3896 iaculari,
885 3830 1026 3885 unde
1075 3829 1265 3889 Cretes
1311 3833 1472 3903 primi
1509 3848 1574 3888 ex
1605 3836 1760 3905 equis
1794 3850 1890 3905 pu-

314 3918 553 3986 gnarint.
1575 3977 1580 3981 .

382 4006 545 4064 Potiti
589 4009 754 4078 igitur
775 4026 971 4083 magna
1003 4015 1105 4070 hac
1132 4015 1313 4070 insula
1339 4032 1426 4086 eo,
1460 4033 1568 4088 quo
1618 4019 1887 4084 diximus,

313 4099 475 4153 modo
499 4099 753 4169 Agareni,
779 4103 1195 4174 navibuslongis
1211 4108 1514 4164 exstructis
1533 4117 1588 4164 et
1610 4109 1888 4165 vindicato

313 4189 418 4244 sibi
448 4189 677 4258 imperio
712 4193 902 4263 utaris,
939 4194 1004 4246 ad
1036 4193 1233 4250 Minois
1251 4197 1554 4266 exemplum
1587 4198 1878 4268 piraticam

314 4279 639 4334 exercebant
659 4288 709 4334 et
733 4280 997 4352 Cycladas
1022 4283 1229 4340 insulas
1253 4286 1652 4355 populabantur
1671 4297 1723 4342 et
1743 4289 1886 4343 mul-

316 4379 428 4426 tam
454 4373 695 4440 quotidie
714 4374 1014 4443 perniciem
1033 4375 1360 4433 Christianis
1392 4377 1724 4458 inferebant.
1753 4381 1887 4438 Post

315 4477 490 4519 annos
551 4473 756 4532 septem
812 4475 864 4520 et
895 4467 1284 4538 quadraginta,
1338 4469 1638 4539 imperante
1688 4473 1888 4529 Basilio

316 4549 632 4620 Macedone,
669 4552 1136 4627 SaeIApocltaps,
1184 4558 1360 4613 Cretae
1410 4561 1683 4632 princeps,
1746 4564 1884 4632 ejus,

1989 2084 2208 2139 Μαλέου
2240 2084 2348 2154 γάρ
2379 2081 2526 2154 εἶχον
2551 2083 2650 2147 τὰς
2699 2082 3119 2153 ἡμεροσκόπους
3147 2082 3240 2132 καὶ
3269 2078 3564 2131 νυκτοσκό·

1990 2193 2125 2238 πους
2153 2177 2339 2244 ταχεῖς
2370 2175 2505 2244 νῆας
2539 2175 2853 2242 φυλάττειν,
2907 2173 3003 2228 ἐάν
3057 2190 3144 2237 τις
3203 2171 3390 2229 στόλος
3433 2171 3563 2223 Ῥωο

1991 2266 2185 2336 μαῐκὸς
2217 2265 2345 2336 ἔλθῃ
2379 2266 2497 2318 κατ’
2531 2265 2762 2333 αὐτῶν),
2803 2265 2975 2328 οὕτως
3012 2262 3300 2333 αἰφνιδίως
3328 2263 3561 2314 ἐπιτίθε-

1987 2375 2076 2410 ται
2107 2357 2316 2420 αὐτοῖς,
2351 2359 2446 2410 καὶ
2478 2357 2755 2427 συγχύσας
2796 2357 2888 2410 καὶ
2944 2357 3288 2427 συνταράξας
3341 2355 3562 2413 αὐτοὺς.

1988 2450 2067 2512 εἰς
2096 2449 2272 2519 φυγὴν
2307 2449 2647 2518 ἐτράπησαν.
2679 2450 2790 2512 Τάς
2839 2449 2939 2518 μὲν
2968 2443 3061 2501 οῦν
3094 2434 3454 2518 πυρπολήσας
3484 2445 3561 2512 τῷ

1988 2540 2140 2611 ὑγρῷ
2171 2541 2328 2610 πυρὶ,
2354 2539 2452 2603 τάς
2483 2540 2540 2592 δὲ
2569 2542 2992 2606 καταποντίσας,
3022 2541 3120 2603 τὰς
3165 2540 3221 2592 δὲ
3272 2539 3561 2608 ζωγρήσας

1987 2632 2095 2684 τῶν
2127 2631 2405 2701 πολεμίων
2451 2632 2617 2702 νηῶν,
2680 2633 2803 2694 τοὺς
2863 2632 2920 2684 δὲ
2954 2631 3270 2702 βαρϐάρους
3302 2633 3430 2693 τοὺς
3461 2631 3560 2700 μὲν

1986 2723 2192 2776 ἀνελὼν
2214 2723 2292 2794 τῷ
2320 2724 2464 2792 ξίφει
2496 2725 2624 2786 τοὺς
2650 2724 2707 2777 δὲ
2741 2724 3110 2794 ὑποϐρυχίους
3162 2723 3561 2790 ποιησάμενος.

1988 2817 2082 2868 καὶ
2117 2816 2208 2868 τὸν
2237 2816 2518 2887 ναυάρχην
2544 2816 2638 2870 καὶ
2667 2817 2936 2887 αὐθέντην
2967 2815 3151 2870 αὐτῶν
3184 2813 3408 2876 ἀνελὼν,
3437 2814 3564 2875 τοὺς

1986 2905 2207 2969 λοιποὺς
2230 2907 2691 2977 διασκεδασθῆναι
2717 2907 2861 2960 κατὰ
2896 2908 2998 2977 τὴν
3028 2910 3193 2975 νῆσον
3227 2906 3560 2974 ήνάγκασενυ

1987 2995 2107 3050 εἶτα
2134 2996 2297 3061 αὐτὸς
2345 2997 2558 3063 πάντας
2591 2999 2887 3070 ζωγρήσας
2946 2998 3041 3050 καὶ
3075 2995 3422 3066 σαγηνεύσας
3449 2995 3562 3046 δια·
3602 3039 3606 3044 ,

1988 3091 2175 3160 φόροις
2202 3092 2500 3161 τιμωρίαις
2531 3091 2772 3145 ἐνέϐαλε.
2804 3091 2912 3143 Καὶ
2943 3089 3098 3160 105
3125 3088 3299 3168 οὕτως
3331 3089 3378 3139 οἱ
3410 3087 3580 3155 Κρῆθ.

1989 3198 2079 3245 τες
2114 3183 2410 3253 Ἀγαρηνοὶ
2437 3183 2640 3246 ἰδόντες
2672 3182 2997 3248 ἐδειλίασαν,
3029 3181 3128 3244 τὰς
3153 3178 3562 3247 τῶνῬωμαίων

1994 3275 2332 3344 στρατηγίας
2390 3275 2482 3326 καὶ
2542 3273 2790 3344 μηχανὰς
2839 3271 3257 3342 θαυμάζοντες·
3321 3271 3417 3322 καὶ
3465 3267 3562 3339 τὴν

1991 3367 2246 3437 τοιαύτην
2277 3366 2558 3421 ἀπώλειαν
2592 3365 2854 3436 ἐξαίφνης
2909 3363 3198 3429 παθόντες,
3231 3360 3562 3432 φοϐηθέντες

1992 3565 2050 3612 ut
2079 3556 2280 3612 dictum
2304 3561 2409 3618 est,
2441 3567 2563 3608 cum
2637 3552 2878 3608 hostium
2915 3551 3166 3606 triremes
3193 3547 3560 3608 occidentales

1991 3659 2174 3718 partes
2239 3645 2451 3708 insulae,
2514 3643 2830 3709 Mothonen,
2901 3642 3116 3714 Pyluu',
3188 3641 3560 3702 Glarentzam.

1990 3739 2183 3794 Patras
2215 3747 2269 3792 et
2311 3738 2516 3806 reliqua
2553 3738 2698 3791 illius
2746 3737 2986 3806 regionis
3019 3737 3134 3790 loca
3194 3735 3440 3805 populari
3467 3749 3564 3786 au-

1992 3830 2233 3892 divisset.
2261 3828 2549 3884 consilium
2569 3829 2750 3882 animo
2773 3827 2914 3897 cepit
2935 3828 3174 3897 prudens
3196 3836 3251 3881 et
3280 3826 3560 3880 callidum.

1991 3918 2169 3992 Atque
2189 3919 2480 3976 consilium
2506 3929 2560 3974 et
2589 3919 2814 3974 verbum
2833 3918 3022 3974 statim
3055 3918 3269 3988 excepit
3305 3919 3418 3986 ipsa
3451 3930 3558 3970 res.

1989 4011 2127 4067 Cum
2151 4012 2295 4066 enim
2334 4012 2585 4064 horreret
2621 4009 2921 4064 circumire
2963 4007 3397 4078 Pelupouuesutn
3461 4021 3558 4074 per

1991 4101 2376 4174 Myrmidones,
2411 4100 2770 4168 Epidaurum,
2806 4097 3036 4153 Maleam
3068 4109 3123 4153 et
3147 4095 3448 4158 Netarium,
3497 4112 3561 4147 ne

1992 4193 2392 4264 navigationem
2431 4192 2712 4246 molestam
2745 4191 2955 4247 subiret
2982 4199 3098 4256 aut,
3152 4189 3300 4246 ntille
3358 4187 3560 4242 millia-

1991 4285 2130 4340 rium
2169 4283 2556 4355 longitudinem
2592 4282 2963 4352 nequidquam
3009 4295 3288 4345 emensus,
3342 4278 3566 4333 adveni-

1991 4386 2072 4433 ret
2094 4391 2236 4444 sero,
2257 4376 2440 4431 statim
2457 4375 2546 4430 illa
2564 4376 2680 4446 ipsa
2708 4383 2892 4438 nocte,
2916 4375 3209 4428 multorum
3230 4387 3358 4428 usus
3375 4386 3562 4438 opera,

1991 4486 2088 4542 per
2122 4470 2383 4525 Isthmum
2411 4469 2824 4526 Corinthiacum
2877 4468 2941 4522 ad
2990 4466 3331 4523 occidentale
3391 4479 3562 4529 mare,

1989 4577 2161 4634 prope
2195 4562 2418 4628 fossam,
2446 4560 2536 4616 ttbi
2565 4575 2756 4616 murus
2793 4560 2983 4614 Isthmi
3037 4569 3173 4625 erat,
3211 4573 3308 4628 per
3362 4567 3561 4610 terram

316 4645 408 4714 qui
430 4646 652 4701 Cretam
683 4645 996 4719 occupavit,
1021 4652 1333 4719 Apocltapis
1359 4656 1699 4710 amermunis
1718 4655 1886 4720 ﬁlius,
1921 4689 1966 4745 υ
1994 4672 2160 4713 naves
2188 4656 2472 4713 transfert.
2532 4655 2794 4725 Imposito
2843 4653 3136 4708 coniesﬁtn
3203 4663 3563 4708 strenunrum

316 4736 500 4792 denuo
542 4752 708 4794 naves
735 4741 1016 4808 piraticus,
1047 4758 1186 4812 quas
1228 4759 1370 4798 nunc
1401 4745 1584 4813 galeas
1643 4749 1757 4816 sive
1790 4750 1890 4804 tri-

315 4844 497 4884 remes
534 4832 816 4886 nominare
861 4834 1062 4902 solent,
1095 4851 1326 4892 numero
1375 4838 1501 4893 .fere
1561 4839 1777 4908 triginta
1835 4849 1890 4895 et

318 4923 614 4990 remigibus
651 4925 840 4994 viginti
886 4926 1099 4984 duobus
1164 4929 1485 4994 insttuctas,
1537 4944 1701 5002 atque
1753 4933 1890 4987 alias

318 5031 485 5069 naves
503 5020 856 5087 praedatorias
885 5023 1257 5088 comparavit:
1289 5024 1486 5078 deinde
1519 5041 1548 5079 e
1581 5025 1742 5081 Creta
1763 5041 1890 5096 pro-

318 5121 558 5176 gressus,
589 5109 795 5165 insulas
834 5113 1005 5167 maris
1040 5113 1210 5184 ΑΞεωί
1244 5115 1534 5185 pOpuIatus
1565 5120 1891 5187 est,ipsatn-

318 5215 425 5268 que
457 5202 594 5256 adeo
633 5201 1071 5273 l’el0pounesum
1115 5208 1334 5272 invasit,
1371 5218 1426 5263 et
1485 5209 1692 5263 insulas
1749 5211 1890 5266 intra

318 5307 440 5348 eam
468 5293 622 5361 sitas,
683 5295 1020 5368 Zacynthum
1074 5307 1128 5352 et
1181 5298 1595 5369 Cephaleniam,
1650 5304 1887 5358 vexavit.

319 5383 434 5450 Qua
463 5400 522 5440 re
552 5388 871 5456 imperatori
899 5405 993 5458 per
1025 5389 1251 5446 faselum
1305 5393 1580 5457 nuntiata,
1634 5395 1886 5450 idoneam

320 5478 369 5532 is
402 5477 632 5533 classem
697 5478 960 5537 adversus
991 5481 1112 5537 illos
1167 5484 1338 5549 misit,
1398 5484 1694 5555 druugario
1744 5487 1888 5540 facto

318 5567 506 5626 Niceta
540 5573 792 5641 patricio,
824 5574 940 5629 viro
969 5576 1222 5644 prudenti
1249 5585 1304 5630 et
1335 5589 1561 5632 strenuo
1590 5594 1654 5631 ac
1683 5579 1884 5633 scienti

318 5665 494 5721 omnis
524 5665 599 5720 rei
635 5664 862 5732 bellicae,
896 5674 1004 5722 tum
1031 5668 1308 5723 terrestris
1339 5676 1448 5722 tum
1478 5669 1704 5724 navalis.
1744 5667 1884 5722 Idem

319 5752 634 5815 bellicarum
675 5757 868 5811 artium
911 5758 1117 5825 peritus
1171 5769 1309 5824 erat,
1372 5767 1433 5815 ut
1489 5774 1648 5814 nemo
1701 5776 1884 5830 supra.

323 5839 508 5899 Flante
537 5843 822 5902 lenissimo
868 5848 1052 5913 borea,
1080 5851 1268 5918 paucis
1294 5849 1486 5906 diebus
1532 5850 1584 5904 itt
1623 5849 1886 5919 Pelopon-

326 5947 515 5989 nesum
561 5939 828 6001 pervenit.
855 5940 1072 6002 Delatus
1108 5943 1160 5998 itt
1197 5953 1408 6007 portum
1453 5943 1882 6007 Cencltrcarttm,

1994 4748 2228 4803 militum
2261 4764 2486 4804 numero
2547 4748 2762 4818 majori,
2805 4763 2966 4816 quam
3001 4746 3138 4800 satis
3199 4755 3338 4807 crat,
3386 4740 3568 4812 operi,

1994 4850 2259 4911 quantum
2300 4849 2534 4908 poterat,
2567 4839 2929 4902 incumbebat,
2957 4847 3120 4906 atque
3140 4835 3273 4890 nihil
3311 4835 3418 4890 tale
3437 4849 3563 4903 spe.

1993 4941 2179 4988 rantes
2212 4931 2402 4986 Cretes
2435 4933 2643 4994 hostes,
2679 4930 2771 4999 qui
2806 4930 2870 4982 ad
2913 4929 3138 4982 Maleam
3170 4927 3261 4980 diu
3285 4937 3562 4993 noctuque

1995 5019 2208 5074 veloces
2227 5019 2521 5080 habebant,
2552 5033 2674 5088 qum
2711 5019 3094 5078 observarent,
3137 5017 3182 5071 si
3219 5031 3323 5085 qua
3353 5014 3562 5068 Roma-

1995 5126 2187 5164 norum
2220 5111 2409 5164 classis
2437 5120 2628 5164 contra
2655 5110 2798 5179 ipsos
2831 5124 3052 5163 cursum
3079 5109 3346 5172 tenderet,
3379 5105 3564 5162 subito

1994 5204 2224 5269 invadit,
2269 5202 2630 5270 confttsosquc
2655 5213 2706 5257 et
2761 5203 3005 5257 turbatos
3034 5203 3083 5256 iu
3148 5201 3327 5270 fugam
3381 5201 3562 5254 vertit.

1994 5294 2167 5350 Naves
2195 5309 2380 5350 eorum
2406 5295 2602 5363 partim
2631 5294 2755 5362 igne
2789 5293 2978 5349 Graeco
3028 5295 3289 5358 incendit,
3365 5292 3560 5363 partim

1994 5390 2280 5460 depressit,
2314 5389 2508 5458 partim
2543 5389 2731 5458 Cepit;
2783 5387 3058 5443 Barbaros
3092 5389 3238 5458 ipsos
3269 5395 3363 5445 aut
3383 5387 3568 5456 gladio

1995 5481 2568 5544 interemit,autundis
2596 5483 2915 5546 submersit,
2950 5492 3133 5552 atque,
3159 5483 3343 5542 occiso
3370 5496 3560 5536 eorum

1992 5573 2130 5626 duce
2161 5581 2215 5626 et
2243 5574 2512 5642 principe,
2549 5575 2790 5643 reliquos
2821 5591 2918 5645 per
2955 5575 3188 5631 insolatn
3224 5586 3291 5630 ut.
3311 5590 3370 5630 se
3399 5575 3564 5629 dissio

1991 5676 2184 5734 parent
2218 5667 2394 5734 coegit
2422 5684 2436 5718 :
2500 5683 2637 5736 quos
2670 5679 2848 5723 tamen
2891 5681 3072 5738 postea
3099 5683 3294 5722 omnes
3314 5681 3565 5735 compre-

1955 5783 1968 5796 ο
1994 5757 2190 5812 Ιιρηεο-
2205 5760 2368 5812 variis
2386 5758 2560 5814 aﬂecit
2576 5761 2870 5830 suppliciis.
2894 5759 2982 5816 llis
3003 5760 3314 5830 compertis,
3333 5759 3563 5828 Agareni

1990 5849 2278 5907 Cretenses
2300 5863 2366 5906 tet
2384 5868 2502 5908 rore
2523 5856 2752 5923 pert-uisi
2767 5865 2910 5919 sunt,
2931 5856 3258 5908 admirantes
3275 5853 3350 5907 rei
3366 5851 3567 5908 bellica:

1994 5944 2238 6013 peritiam
2258 5959 2513 6011 artesque
2540 5946 2929 6015 Romanorum;
2958 5963 3016 6002 ac
3050 5947 3142 6002 tali
3173 5946 3326 6002 clade
3345 5951 3571 6018 repente
