3990 6594
366 453 490 516 ’125

1429 450 1885 514 ermomeon
1921 452 2194 520 MAJUS.
2229 479 2294 491 -
2328 435 2472 516 Lm;
2521 454 2570 512 I.

3523 444 3629 509 726

367 572 476 642 ρον
505 566 854 638 ἔπεπωλήκει
907 565 1081 638 αὐτὴν
1127 569 1194 637 τῇ
1227 567 1342 622 τῶν
1381 567 1614 622 Ἐνετῶν
1665 570 1949 642 γερουσίᾳ,
1984 575 2028 633 Α
2057 570 2150 624 τοῦ
2181 566 2312 624 οὗσα
2343 573 2496 628 πᾶσα
2539 571 2572 642 ἡ
2628 568 2954 636 σύγκλητος,
2993 567 3052 619 ἐν
3096 559 3138 631 ᾧ
3181 564 3311 635 μηνί
3356 562 3496 634 μετᾶ
3531 561 3631 633 τὴν

365 662 478 716 καὶ
501 661 676 727 οὕτως
702 661 832 732 ἄχρι
855 660 960 732 τῆς
991 661 1226 732 σήμερον
1261 659 1377 714 ὑπὸ
1423 660 1524 725 τὰς
1552 664 1743 732 χεῖρας
1775 661 1954 716 αὐτῶν

365 755 521 810 ἐστί.

452 845 570 900 Καὶ
594 845 801 914 ταύτην
823 844 928 916 τὴν
974 844 1220 916 ἱστορίαν
1264 844 1346 916 τῷ
1377 846 1524 914 λόγῳ
1551 843 1843 912 ἡνὼσαμεν
1879 845 1954 914 τῷ

370 936 641 1007 ἡμετέρῳ
659 935 850 1008 βιϐλίῳ
870 935 1226 1009 εὑρίσκεσθαι
1242 951 1256 966 ⁸
1279 936 1372 991 καὶ
1387 936 1482 989 επὶ
1501 936 1600 1007 τὴν
1615 936 1710 990 τοῦ
1739 936 1957 1009 Ἰσθμοῦ

371 1028 677 1100 οίκοδομὴν
699 1029 1111 1100 ἐπανέλθωμεν.

450 1119 550 1175 λε’.
579 1119 670 1191 Τῷ
701 1123 864 1190 ςέιγθ
899 1119 1035 1190 ἔτει,
1065 1121 1316 1191 Μαρτίου
1350 1117 1442 1191 ιγ’,
1468 1122 1498 1174 ό
1527 1121 1781 1190 βασιλεὺς
1819 1121 1958 1176 ἁπέ-

379 1229 562 1267 σωσεν
604 1212 664 1264 ὲν
687 1210 765 1281 τῷ
793 1211 977 1282 λιμένι
1007 1210 1118 1266 τῶν
1160 1213 1456 1283 Κεγχρεῶν
1493 1210 1956 1283 ὀνομαζομένων·

377 1307 480 1358 καὶ
509 1307 576 1375 τῇ
601 1304 766 1377 ὀγδόῃ
809 1302 1125 1373 ’Δπριλλίου
1179 1304 1388 1374 ῆρξατο
1440 1304 1834 1376 ἀνακαθαίρειν
1867 1305 1962 1357 καὶ

374 1398 762 1466 ἀνοικοδομεῖν
808 1395 973 1451 αὐτὸν
1015 1394 1081 1464 δὴ
1155 1396 1318 1466 1-08
1369 1396 1464 1450 τὸν
1514 1396 1748 1465 Ἰσθμὸν,
1790 1396 1959 1464 οὗπέρ

376 1490 585 1542 ἐστι’τὺ
614 1491 787 1557 μῆκος
816 1488 850 1559 ἢ
891 1487 1098 1557 μᾶλλον
1131 1490 1311 1540 εἰπεῖν
1337 1487 1396 1539 τὸ
1426 1483 1588 1557 εὖρος
1619 1488 1684 1540 ὲκ
1708 1489 1836 1557 μιᾶς
1862 1487 1962 1540 θαο

378 1580 584 1651 λάττης
611 1581 689 1656 είς
719 1581 816 1650 τὴν
852 1580 1044 1650 ἑτέραν
1068 1579 1315 1650 ὀργυιαῐς
1337 1579 1659 1648 τρισχιλίαις
1686 1581 1780 1632 καὶ
1803 1579 1962 1631 ὀκτα-

381 1674 619 1735 κοσίαις·
650 1673 711 1726 τὺ
761 1673 819 1726 δὲ
851 1673 1064 1742 μάκρος
1100 1673 1164 1724 ὲκ
1213 1669 1316 1740 τῆς
1347 1673 1548 1741 χέρσου
1580 1673 1677 1741 τῆς
1714 1671 1962 1734 Ἑλλάδος

384 1768 507 1836 ἦτοι
537 1765 640 1830 τῆς
676 1766 935 1836 Ἀττικῆς
965 1767 1069 1834 γῆς
1103 1768 1242 1835 μετὰ
1277 1766 1339 1819 τὸ
1363 1765 1674 1835 καταϐῆναι
1706 1765 1805 1829 τὴν
1829 1780 1964 1833 τρα-

2056 660 2246 729 ᾰφιξιν
2276 661 2445 713 αὐτοῦ
2480 661 2544 729 δὴ
2584 659 2679 712 τοῦ
2721 657 2986 729 βασιλέως
3018 655 3262 708 ἀπέθανε
3306 655 3402 708 καὶ
3453 656 3482 706 ό
3526 670 3631 706 πα-

2057 753 2326 822 τριάρχης
2358 753 2464 824 κῦρ
2495 751 2802 822 Εὑθύμιοςι
2829 751 2924 804 καὶ
2957 751 3024 820 τῇ
3058 749 3143 802 κα⁰
3177 752 3270 802 τοῦ
3325 749 3504 802 Μαΐου
3531 765 3632 816 μη.

2056 843 2147 905 νδς
2173 842 2268 895 τοῦ
2301 843 2467 897 αὐτοῦ
2494 843 2649 908 ἔτους
2676 842 2925 912 ἐγεγόνει
2952 840 3304 911 πατριάρχης
3337 838 3498 909 109
3527 838 3634 928 κὺρ

2068 934 2269 1005 Ἰωσὴφ
2321 936 2350 989 ό
2411 933 2642 1002 Ἐφέσου
2705 931 3145 1005 μητροπολίτης.
3198 932 3312 986 Καὶ
3365 930 3623 1002 τῷιςῇιε

2058 1023 2171 1078 ῑτει
2202 1024 2450 1093 ἀπῆλθεν
2477 1025 2558 1089 είς
2584 1025 2683 1096 τὴν
2719 1025 3134 1093 Πελοπόννησον
3168 1026 3198 1078 ό
3240 1021 3496 1093 βασιλεὺς
3530 1022 3636 1094 κῦρ

2072 1112 2332 1182 Ἰωάννης
2359 1114 2419 1165 ὲν
2456 1117 2636 1186 καιρῷ
2668 1114 3040 1184 φθινοπώρου,
3082 1116 3140 1166 ἐν
3173 1108 3216 1182 ᾧ
3240 1114 3304 1183 δὴ
3335 1112 3514 1183 καιρῷ
3536 1113 3636 1182 τὴν

2060 1206 2470 1278 Θεσσαλονίκην
2519 1209 2870 1279 διερχόμενος
2924 1207 3019 1261 τὸν
3089 1206 3325 1260 πλαστὸν
3373 1207 3491 1260 υίδν
3542 1202 3636 1260 τοῦ

2061 1300 2465 1371 Μπαγιαζήτου
2520 1301 2731 1354 ἐκείνου
2777 1301 2872 1354 τὸν
2906 1302 3261 1366 Μουσταφᾶν,
3301 1299 3637 1366 διωκόμενον

2061 1391 2192 1444 ὄντα
2223 1391 2376 1461 παρὰ
2407 1390 2503 1444 τοῦ
2554 1392 2750 1461 ἀμηρᾶ
2791 1391 3135 1460 Ἀμουράτου
3169 1390 3265 1443 τοῦ
3311 1391 3450 1459 τάχα
3481 1387 3638 1443 ἀδελ-

2064 1483 2168 1551 φοῦ
2196 1481 2384 1546 αὐτοῦ,
2420 1483 2619 1552 ἐπῇρε,
2657 1484 2752 1537 καὶ
2781 1482 3112 1545 ἀποστείλας
3130 1485 3214 1544 εἰς
3241 1483 3482 1552 Λῆμνον,
3516 1477 3638 1536 εῐτα

2064 1573 2147 1637 εἰς
2180 1575 2292 1636 Μιζ
2299 1575 2345 1626 ιθ
2356 1576 2475 1643 ρᾶν.

2149 1664 2237 1716 Ἐν
2269 1665 2326 1717 δὲ
2356 1664 2432 1734 τῷ
2461 1665 2690 1735 χειμῶνι
2725 1665 2819 1718 τοῦ
2866 1656 3033 1719 αὑτοῦ
3065 1665 3221 1728 ἔτους
3253 1664 3513 1735 λοιμικῆς
3553 1665 3640 1717 νόο

2067 1771 2161 1808 σου
2190 1757 2489 1825 γενομένης
2548 1757 2606 1808 ὲν
2660 1757 2737 1825 τῷ
2789 1757 3028 1827 essent?
3061 1757 3241 1828 πόντῳ
3294 1758 3414 1827 ἢτοι
3459 1760 3516 1810 ἐν
3569 1759 3636 1828 τῇ

383 1863 540 1932 χεῐαν
576 1861 694 1915 ὁδὸν
725 1861 826 1931 τὴν
857 1859 1165 1930 λεγομένην
1209 1859 1450 1927 Πλάγιον
1491 1857 1698 1922 Κακδν,
1733 1857 1838 1917 ἓως
1864 1857 1966 1924 τῆς
2064 1848 2266 1917 Μαύρῃ
2313 1848 2578 1920 θαλάσσῃ,
2634 1850 2730 1902 καὶ
2767 1851 2991 1902 πανοικὶ
3043 1850 3195 1913 ὄντες
3241 1849 3300 1902 ἐν
3325 1867 3431 1904 τινι
3478 1850 3637 1904 ἄστει

385 1953 640 2016 πεδιάδος
663 1952 910 2007 κάτωθεν
943 1952 1174 2020 φθάσαι,
1204 1953 1262 2003 ὲν
1289 1946 1333 2019 ᾧ
1362 1951 1514 2020 τόπῳ
1561 1945 1631 2020 ἦν
1665 1947 1956 2002 κτισθέντα
1987 1949 2030 2004 Β
2063 1937 2172 1991 τῶν
2197 1939 2372 1992 ἐκεῖσε
2397 1939 2865 2008 κεφαλατεύοντες
2886 1942 2914 1994 6
2935 1940 3186 2010 γαμϐρός
3216 1957 3320 2011 μου
3340 1940 3636 2012 Γρηγόριος

385 2045 460 2096 τὰ
515 2043 669 2112 τείχη
717 2041 891 2095 ταῦτα
939 2039 1036 2094 τοῦ
1096 2039 1350 2109 Ἰσθμοῦ,
1406 2039 1602 2092 στάδια
1642 2038 1956 2107 τριάκοντα.

398 2133 535 2186 Ἀπὸ
564 2132 619 2185 δὲ
649 2131 758 2186 τῶν
789 2131 988 2201 τειχῶν
1019 2131 1114 2184 τοῦ
1163 2129 1382 2200 Ἰσθμοῦ
1411 2129 1518 2192 ἕως
1550 2128 1654 2198 τῆς
1695 2126 1963 2197 Κορίνθου

385 2225 483 2280 τοῦ
516 2225 654 2294 ὑπὲρ
683 2224 913 2293 νεφέλας
946 2224 1214 2294 φρουρίου
1243 2221 1450 2293 βουνῶν
1483 2221 1579 2275 καὶ
1609 2219 1704 2273 τοῦ
1745 2216 1961 2288 Ἰσθμοῦ

386 2320 542 2381 τέλος
583 2318 772 2372 στάδια
822 2319 1130 2386 ὑπάρχουσι
1178 2314 1376 2370 πολλά.
1423 2315 1614 2367 Ἐοικε
1645 2313 1701 2366 δὲ
1731 2313 1764 2382 ἡ
1798 2312 1964 2364 Πελο-

388 2412 658 2480 πόννησος
687 2409 962 2463 πλατάνου
999 2408 1186 2478 φύλλῳ
1219 2408 1302 2469 είς
1329 2407 1526 2469 πάντα,
1549 2405 1644 2458 τοῦ
1669 2405 1726 2458 δὲ
1758 2405 1960 2473 φύλλου

386 2503 450 2555 τὸ
475 2502 676 2564 καῦλος
708 2503 736 2553 ό
770 2500 984 2569 Ἰσθμός
1015 2502 1185 2552 ἐστιν.
1225 2487 1520 2577 ’Δ-νέστησε
1554 2498 1610 2550 δὲ
1639 2496 1883 2564 πύργους
1905 2499 1962 2549 ὲν

391 2595 543 2664 αὐτῷ
594 2595 791 2647 ἑκατὸν
834 2593 1184 2660 πεντήκοντα
1229 2590 1327 2644 καὶ¹
1371 2591 1543 2660 τρεῖς.
1594 2590 1706 2642 Καὶ
1757 2587 1814 2639 ἐν
1855 2603 1962 2638 τινι

393 2687 676 2758 μαρμάρῳ
738 2678 896 2754 εὗρον
950 2685 1254 2754 γράμματα
1313 2681 1681 2752 γεγραμμένα
1734 2678 1962 2762 λέγοντα

391 2780 586 2843 οὕτως·
619 2797 637 2828 ι
663 2777 780 2839 Φῶς
809 2779 872 2829 ἐκ
899 2776 1095 2843 φωτὸς,
1123 2773 1256 2835 Θεὸς
1284 2771 1537 2842 ἀληθινὸς
1569 2772 1632 2823 ὲκ
1663 2768 1798 2822 Θεοῦ
1829 2768 1963 2836 ἁλη-

393 2872 563 2934 θινοῦ,
619 2868 834 2939 φυλάξῃ
885 2867 980 2919 τὸν
1014 2866 1398 2935 αὐτοκράτορα
1458 2863 1836 2917 Ἰουστινιανδν
1869 2863 1963 2915 καὶ⁵

391 2964 484 3016 τὸν
513 2964 708 3016 πιστὸν
755 2961 945 3016 δοῦλον
995 2959 1163 3013 αὐτοῦ
1214 2960 1546 3029 Βικτωρτνον
1603 2958 1700 3012 καὶ
1753 2955 1964 3018 πάντας

391 3057 522 3119 τοὺς
557 3057 616 3110 ἐν
643 3057 711 3125 τῇ
753 3053 970 3108 Ἐλλάδι
1015 3051 1324 3119 οἰκοῦντας,
1361 3049 1491 3114 τοὺς
1545 3050 1611 3102 ὲκ
1655 3047 1791 3102 Θεοῦ
1825 3047 1964 3113 ζῶν-

392 3165 515 3211 τας.
551 3167 570 3200 ι

462 3240 554 3310 Τῷ
586 3240 643 3292 δὲ
670 3237 838 3313 ,ςῧιὸ
866 3238 998 3302 ἔτει,
1033 3237 1166 3307 μηνὶ
1189 3235 1434 3307 Μαρτίῳ,
1463 3231 1866 3304 ἐπανέστρεψεν
1883 3231 1964 3294 είς

391 3336 493 3406 τὴν
525 3333 1105 3389 Κωνσταντινούπολιν
1133 3334 1160 3385 ό
1193 3332 1449 3403 βασιλεὺς
1496 3331 1589 3385 καὶ
1619 3331 1652 3400 ἡ
1685 3313 1803 3399 μετ’
1856 3327 1959 3385 αῦ-

392 3531 643 3574 netorum
685 3519 899 3573 senatui
935 3516 1201 3582 vendidit,
1233 3517 1286 3569 in
1315 3518 1548 3585 quorum
1580 3513 1852 3582 hodieque
1877 3513 1958 3568 di-

391 3614 538 3666 tionc
569 3621 670 3665 est.

462 3701 614 3755 Hanc
645 3702 809 3770 igitur
837 3700 1206 3754 narrationem
1233 3699 1373 3753 lihro
1407 3700 1532 3754 huic
1579 3706 1784 3753 .nostro
1821 3696 1961 3750 inte-

391 3793 625 3850 xendam
651 3794 962 3860 putavimus
997 3809 1011 3858 ;
1045 3803 1387 3848 revertamur
1445 3807 1589 3848 nunc
1615 3792 1684 3846 ad
1715 3804 1958 3846 commu-

394 3889 658 3942 nitionem
692 3886 902 3940 Isthmi.

461 3981 552 4037 55.
586 3982 738 4032 Anno
763 3980 921 4042 6915,
946 3979 1034 4033 die
1084 3977 1261 4032 Martii
1291 3978 1379 4043 15,
1427 3977 1722 4047 imperator
1755 3977 1962 4030 incolu-

396 4075 500 4127 mis
533 4074 583 4125 in
608 4080 820 4140 portum
850 4069 1251 4123 Cenchrearum
1289 4070 1537 4138 pervenit
1559 4069 1662 4122 et8
1692 4068 1778 4120 die
1803 4068 1964 4133 Apri-

394 4165 462 4219 lis
505 4177 806 4231 expurgare
835 4171 891 4215 et
923 4161 1226 4215 instaurare
1255 4159 1514 4214 Isthmum
1548 4159 1722 4228 ipsum
1770 4158 1959 4227 coepit,

394 4256 548 4325 cujus
585 4255 878 4323 longitudo,
933 4255 1066 4316 sive,
1123 4261 1182 4304 ut.
1221 4253 1420 4306 melius
1472 4253 1672 4314 dicam,
1731 4253 1961 4305 latitudo

393 4349 461 4402 ab
496 4363 599 4400 uno
632 4345 767 4398 mari
803 4344 868 4397 ad
906 4344 1136 4396 alterum
1182 4344 1401 4414 orgyias
1431 4353 1512 4397 ter
1538 4344 1680 4398 mille
1706 4353 1756 4396 et
1783 4345 1961 4396 octin-

396 4448 582 4506 gemas
605 4444 772 4503 patet,
813 4434 1096 4501 longitudo
1154 4450 1182 4487 a
1230 4445 1372 4488 terra
1425 4434 1610 4488 Graeca
1642 4434 1725 4488 vel
1760 4434 1960 4500 Attica,

396 4539 677 4597 postquam
718 4526 1058 4582 descenderis
1085 4528 1167 4578 via
1195 4540 1410 4592 aspera,
1441 4541 1560 4595 quze
1595 4526 1828 4590 Πλάγιον
1853 4526 1963 4579 Κα-

2063 2033 2424 2102 Παλαιολόγος
2453 2035 2762 2102 Μαμωνᾶς,
2793 2035 2932 2104 ἀνὴρ
2966 2035 3212 2104 ἄριστος,
3252 2035 3366 2098 υίὸς
3399 2036 3496 2088 τοῦ
3545 2051 3642 2105 με-

2059 2125 2228 2192 γάλου
2279 2125 2471 2188 δουκδς
2502 2127 2758 2196 Μαμωνᾶ
2799 2124 2896 2178 τοῦ
2951 2124 3305 2198 κυριεύοντὸς
3356 2143 3489 2186 ποτε
3537 2127 3639 2194 τῆς

2059 2216 2455 2286 Μωεμὸασίας
2483 2217 2578 2271 καὶ
2608 2218 2718 2270 τῶν
2744 2220 2873 2286 περ)⁸
2919 2219 3119 2288 αὐτὴν,
3154 2219 3251 2273 καὶ
3288 2217 3386 2272 σὺν
3423 2218 3576 2288 αὖτῷ
3605 2220 3639 2287 ἡ

2059 2310 2263 2378 ἀδελφή
2293 2327 2395 2379 μου
2427 2312 2460 2379 ἡ
2491 2312 2633 2381 γυνὴ
2663 2311 2816 2382 αὐτῷ
2849 2308 3007 2366 οὖσα·
3037 2314 3132 2366 καὶ
3175 2313 3235 2365 ἒν
3276 2313 3493 2366 παιδίον
3535 2313 3640 2366 a6—

2059 2400 2169 2453 τῶν
2197 2401 2378 2469 θῆλυ,
2409 2401 2438 2453 ὃ
2489 2399 2660 2472 εἶχεν,
2710 2401 2970 2467 ἀπέθανε,
3017 2403 3111 2455 καὶ
3166 2401 3306 2472 μετὰ
3334 2402 3434 2466 τὰς
3453 2445 3464 2454 .
3493 2401 3639 2456 ιπτὰ

2062 2490 2276 2562 ἡμέρας
2309 2492 2409 2562 τῆς
2440 2492 2610 2561 θανῆς
2651 2493 2749 2546 τοῦ
2794 2493 3015 2547 παιδίου
3050 2493 3328 2547 ἀπέθανεν
3371 2495 3400 2546 ό
3428 2493 3635 2562 πατὴρ,

2062 2585 2157 2638 καὶ
2188 2584 2352 2637 πάλιν
2386 2585 2524 2656 μετὰ
2556 2585 2700 2638 ἑπτὰ
2728 2585 2950 2656 ἡμέρας
2983 2585 3084 2653 τῆς
3133 2585 3329 2639 τούτου
3376 2583 3636 2651 τελευτῆς

2061 2675 2380 2742 ἐτελεύτησε
2410 2677 2504 2730 καὶ
2532 2677 2565 2746 ἠ
2601 2678 2808 2748 μήτηρ,
2847 2677 3010 2731 ἔτιδὲ
3045 2679 3140 2731 καὶ
3173 2677 3234 2745 ἐξ
3268 2677 3380 2731 τῶν
3412 2677 3638 2747 ὗπρχει-

2063 2767 2195 2839 ρίων
2221 2767 2402 2824 αὐτῶν
2451 2769 2666 2839 ἀνδρῶν
2714 2785 2774 2822 τε
2823 2771 2921 2822 καὶ
2967 2769 3272 2838 γυναικῶνο
3309 2769 3405 2823 καὶ
3454 2768 3547 2822 δύο
3580 2769 3642 2833 ἐξ

2063 2859 2246 2912 αὐτῶν
2321 2861 2476 2930 μόνοι
2540 2861 3060 2934 ἑναπελείφθησαν,
3112 2863 3208 2917 καὶ
3261 2862 3509 2924 ἐλθόντες
3559 2865 3642 2925 είς

2062 2956 2644 3009 Κωνσταντινούπολιν
2679 2953 2834 3010 εἷπον
2879 2959 2938 3010 ὲν
2968 2959 3069 3028 μιᾷ
3123 2960 3276 3026 φωνῇ
3323 2955 3496 3010 ταῦτα
3529 2956 3642 3021 τοῖς

2061 3045 2268 3110 ἀθλίοις
2296 3065 2398 3117 μου
2433 3048 2654 3117 γονεῦσι
2680 3065 2694 3080 ⁸
2747 3053 2846 3105 καὶ
2885 3051 2950 3105 ἐκ
2975 3051 3073 3120 τῆς
3103 3050 3372 3122 τοσαύτης
3405 3049 3641 3120 θλίψεως

2063 3140 2158 3193 καὶ
2190 3141 2632 3212 ἀπαραμυθήτου
2661 3143 2840 3212 λύπης
2869 3144 2926 3196 ὲν
2956 3143 3219 3214 ἀσθενείᾳ
3253 3143 3516 3205 πεσόντες
3546 3142 3643 3195 καὶ

2067 3232 2256 3302 σχεδὸν
2292 3236 2369 3296 εἰς
2411 3234 2657 3288 κίνδυνον
2713 3234 2950 3289 θανάτου
3009 3235 3168 3305 llo
3225 3229 3412 3304 ἦλθον.
3440 3235 3518 3287 Δι’
3575 3234 3643 3304 ἢν

2067 3326 2244 3380 αἰτίαν
2277 3325 2378 3378 οὐκ
2428 3320 2652 3396 ἦλθενό
2713 3326 2982 3397 γεννήσας
3037 3343 3126 3395 με,
3186 3324 3344 3393 κάγὼ
3400 3327 3479 3388 εις
3539 3322 3643 3394 τὴν

2066 3510 2302 3565 excessit
2351 3525 2380 3563 e
2428 3509 2565 3562 vivis
2624 3511 2944 3581 Euthymius
3006 3515 3339 3584 patriarcha,
3400 3515 3456 3569 in
3487 3514 3643 3584 cujus

2071 3605 2244 3657 locum
2279 3605 2366 3659 die
2402 3603 2522 3658 Maii
2555 3606 2615 3657 τι
2647 3606 2896 3674 ejusdem
2923 3610 3050 3662 anni
3077 3621 3394 3680 surrogatus
3429 3621 3508 3666 est
3549 3608 3643 3664 ,Ιο-

2067 3699 2290 3765 sophus,
2345 3699 2680 3766 metropolita
2716 3699 2929 3765 Ephesi.
2956 3701 3113 3755 Attno
3139 3702 3303 3770 6915,
3352 3712 3641 3757 autumna—

2070 3787 2103 3840 li
2141 3797 2476 3856 tempestate,
2510 3788 2804 3856 imperator
2855 3788 3264 3864 Joannes,eum
3300 3793 3355 3848 in
3373 3793 3641 3862 Pelopon-

2069 3895 2256 3934 nesum
2291 3882 2660 3947 proﬁt-iseens,
2689 3883 2945 3936 transiret
2979 3882 3452 3950 Thessalonicam,
3530 3885 3643 3938 Mu-

2069 3974 2341 4042 stapham,
2369 3974 2612 4043 spurium
2631 3972 2896 4048 Bajazetis
2937 3976 3125 4042 ﬁlium,
3156 3993 3318 4047 quem
3350 3979 3640 4032 Amurates

2068 4081 2312 4129 ameras,
2345 4066 2511 4120 frater
2551 4051 3178 4137 ejus,lpersequebatur,
3235 4074 3444 4143 recepit
3477 4081 3532 4127 et.
3583 4073 3637 4128 in

2072 4155 2334 4211 Lemnum
2367 4157 2598 4227 imleque
2619 4156 2663 4210 Μ
2673 4159 2921 4212 izithram
2943 4161 3109 4216 misit.

2144 4249 2246 4304 Per
2282 4250 2517 4305 hiemem
2555 4252 2802 4321 ejusdem
2831 4254 2959 4307 anni
2995 4257 3061 4310 ad
3105 4255 3335 4311 Pontum
3370 4256 3639 4310 Euxinum

2069 4344 2183 4398 sive
2210 4342 2356 4398 Mare
2379 4344 2600 4414 Nigrum
2633 4346 2888 4400 saeviente
2914 4348 3240 4417 pestilentia,
3283 4364 3405 4402 eum
3431 4350 3480 4403 in
3508 4351 3643 4405 urbe

2069 4437 2304 4506 quadam
2339 4435 2453 4504 ejus
2492 4439 2728 4507 regionis
2764 4455 2884 4492 eum
2927 4431 3033 4493 tota
3068 4440 3272 4494 familia
3311 4453 3455 4498 esset
3486 4457 3641 4498 eam-

2071 4543 2178 4598 que
2209 4539 2420 4598 regeret
2447 4530 2621 4584 afﬁnis
2654 4547 2807 4585 meus
2838 4531 3133 4600 Gregorius
3164 4533 3502 4605 Palseologus
3530 4534 3644 4588 Ma-

396 4621 488 4672 κόν
519 4619 909 4683 dicitur,donee
954 4618 1004 4670 in
1048 4616 1328 4683 planitiem
1375 4617 1582 4681 venias,
1614 4631 1722 4686 quo
1748 4618 1799 4669 in
1847 4618 1964 4672 Ioco
1998 4643 2041 4696 ο
2075 4635 2285 4686 monas,
2315 4620 2456 4675 ﬁlius
2488 4623 2669 4688 magni
2722 4623 2876 4677 ducis
2921 4621 3206 4687 Mantome,
3239 4624 3380 4693 ejus,
3412 4626 3506 4694 qui
3538 4626 3643 4679 alio

395 4713 534 4766 muri
567 4711 637 4765 illi
663 4711 922 4764 exstructi
979 4721 1154 4773 erant,
1194 4710 1370 4763 stadia
1427 4710 1648 4779 triginta
1687 4725 1757 4774 ;a
1792 4711 1964 4762 muris

395 4802 590 4856 deinde
625 4817 795 4870 usque
831 4804 895 4854 ad
946 4800 1193 4854 Corinthi
1251 4801 1419 4854 colles
1464 4815 1756 4868 arcemque
1802 4816 1964 4868 supra

395 4895 906 4949 nubesemineutem
939 4902 992 4948 et
1026 4895 1182 4947 ﬁnem
1208 4893 1392 4948 Isthmi
1423 4894 1595 4948 stadia
1617 4893 1778 4947 multa
1811 4908 1960 4948 sunt.

396 4987 795 5054 Peloponnesus
826 4985 951 5041 folio
983 4986 1182 5054 platani
1205 4986 1482 5040 simillima
1513 4996 1620 5052 est,
1649 4986 1964 5057 cujuscau-

394 5081 502 5134 lem
523 5078 759 5132 Isthmus
784 5076 968 5131 refert.
1009 5077 1063 5129 In
1093 5093 1156 5132 eo
1182 5079 1452 5132 exstruxit
1511 5078 1808 5147 imperator
1857 5089 1968 5134 tur-

394 5187 483 5225 res
505 5157 724 5223 centum~
755 5169 1147 5239 quinquaginta
1200 5179 1328 5224 tres.
1371 5173 1702 5226 Invenerunt
1759 5181 1870 5226 tum
1910 5173 1960 5226 in

262 5330 310 5344 μ
397 5275 666 5314 marmore
693 5263 790 5315 has
840 5262 1051 5315 litteras
1102 5263 1443 5332 insculptas:
1482 5284 1501 5316 ι
1535 5264 1738 5320 Lumen
1778 5281 1843 5319 ex
1880 5266 1962 5318 Iu-

398 5353 561 5414 mine,
615 5350 755 5405 Deus
799 5367 955 5406 verus
981 5368 1045 5406 ex
1087 5351 1205 5407 Deo
1236 5369 1368 5408 vero
1420 5357 1692 5411 custodiat
1726 5357 1962 5428 impera-

394 5454 564 5496 torem
607 5441 978 5497 .Instinianum
1007 5445 1292 5499 etﬁdelem
1320 5446 1440 5511 ejus
1492 5448 1798 5502 ministrum
1837 5448 1962 5504 Vic-

395 5535 626 5588 toriuum
668 5546 722 5588 et
747 5551 935 5589 omnes
958 5535 1185 5590 Grzceiae
1223 5538 1428 5592 incolas
1485 5539 1578 5608 qui
1621 5541 1788 5596 vitam
1826 5556 1958 5598 eon-

395 5625 630 5679 Iormaut
657 5631 720 5678 ad
747 5628 1074 5683 voluntatem
1111 5628 1226 5683 Dei.
1269 5647 1287 5681 ι

463 5717 622 5770 Anno
647 5718 810 5777 69M,
841 5736 1029 5773 mense
1064 5721 1580 5793 Martiojmperator
1609 5734 1682 5789 et,
1717 5727 1809 5796 qtti
1839 5742 1960 5782 eum

395 5810 681 5863 comitatus
704 5823 845 5878 erat,
883 5828 1171 5882 procerum
1205 5817 1343 5870 ordo
1383 5816 1702 5884 universus,
1742 5819 1955 5888 Cpolim

398 5901 671 5957 redierunt
709 5921 722 5957 :
757 5920 861 5973 quo
886 5905 1072 5961 eodem
1103 5923 1309 5974 mense,
1339 5917 1460 5978 post
1478 5908 1623 5965 illius
1641 5910 1958 5981 adventum,

2067 4716 2284 4782 quando
2315 4705 2738 4774 Monentbasiam
2767 4730 2888 4770 cum
2936 4716 3183 4771 ﬁnitimis
3212 4717 3428 4785 oppidis
3470 4719 3643 4771 admi-

2069 4806 2360 4870 nistrabat,
2387 4816 2442 4862 et
2464 4808 2603 4877 apud
2637 4822 2760 4862 eum
2783 4818 2929 4862 esset
2951 4823 3108 4862 soror
3135 4825 3275 4873 mea,
3307 4809 3432 4879 ejus
3479 4825 3640 4876 uxor.
3749 4859 3770 4878 ,

2067 4912 2256 4952 eorum
2302 4898 2434 4965 ﬁlia,
2486 4914 2650 4968 quam
2701 4899 2914 4952 unicam
2964 4900 3168 4968 prolem
3213 4901 3508 4966 habebant,
3547 4918 3642 4956 ex-

2067 4993 2268 5044 stincta
2297 4999 2403 5052 est,
2431 4999 2484 5044 et
2508 4999 2630 5060 post
2657 4990 2836 5045 ﬁliolae
2869 5001 3095 5045 mortem
3125 4992 3215 5045 die
3241 4995 3473 5061 septimo
3505 4994 3643 5048 obiit

2067 5089 2240 5148 pater,
2260 5095 2586 5150 rursumque
2607 5091 2726 5149 post
2745 5083 2967 5136 totidem
2990 5083 3106 5138 dies
3122 5082 3286 5137 etiam
3309 5092 3642 5146 matermor-

2066 5185 2156 5224 tua
2181 5181 2283 5234 est,
2319 5181 2374 5226 et
2407 5179 2665 5242 praterea
2685 5186 2777 5227 sex
2809 5172 3090 5227 domestici
3115 5176 3398 5243 utriusque
3434 5190 3630 5234 sexus.

2070 5263 2287 5319 duobus
2343 5272 2555 5321 tantum
2586 5266 2814 5333 relictis,
2841 5266 2933 5336 qui
2967 5267 3178 5337 Cpoiim
3227 5266 3478 5338 profecti,
3527 5285 3638 5321 uno

2070 5371 2164 5412 ore
2204 5356 2426 5412 miseris
2456 5358 2776 5427 parentibus
2803 5359 2935 5413 meis
2971 5359 3132 5413 istum
3162 5362 3412 5415 nuntium
3443 5361 3640 5416 attule-

2068 5458 2215 5505 runt.
2253 5448 2318 5502 Hi
2361 5465 2425 5504 ex
2467 5450 2842 5520 magnitudine
2871 5451 3203 5507 calamitatis
3235 5463 3288 5508 et
3314 5453 3504 5508 dolore
3550 5469 3639 5508 θος

2068 5541 2182 5597 Iatii
2209 5542 2514 5610 impatienti
2547 5542 2598 5595 in
2631 5543 2878 5596 morbum
2911 5544 3047 5598 adeo
3077 5559 3182 5598 non
3221 5545 3394 5599 levem
3429 5545 3635 5600 incide-

2068 5643 2218 5696 runt,
2252 5641 2309 5686 ut
2345 5635 2396 5686 in
2430 5633 2729 5700 perieulum
2756 5635 2880 5688 vita:
2907 5635 3176 5692 venirent.
3207 5635 3322 5701 Qua
3352 5638 3418 5690 de
3449 5653 3637 5701 causa,

2068 5741 2190 5778 cum
2229 5739 2380 5795 pater
2413 5744 2566 5782 mens
2600 5738 2744 5782 esset
2773 5732 3122 5797 przepeditus.
3153 5745 3253 5798 ego
3279 5744 3401 5782 cmn
3427 5729 3636 5784 Thotua

2068 5820 2313 5888 principe
2341 5821 2392 5874 in
2418 5819 2857 5888 Peloponnesum
2880 5822 3177 5890 profectus,
3205 5822 3349 5877 illius
3375 5822 3636 5891 iungebat

2069 5911 2247 5970 cilicio
2295 5913 2346 5968 in
2391 5915 2698 5970 C(BllallOIIC
2749 5924 2802 5969 et
2837 5914 3112 5981 cubiculo,
3173 5913 3630 5987 quemadmodum
