3990 6552
354 404 492 482 729-

1423 417 1872 484 CURONICON
1911 417 2183 480 MAJUS.
2213 445 2281 455 --
2309 417 2458 480 LIB.
2496 418 2544 478 Ῐ.

3500 408 3634 471 73Ί¹

359 549 486 597 σας,
511 533 539 586 6
563 528 620 586 δὲ
653 529 917 600 βασιλεὺς·
940 530 1031 586 καὶ
1057 530 1243 586 eiulat
1265 532 1428 587 αὐτοῦ
1458 533 1606 586 ένῖον
1637 533 1748 585 τῶν
1781 530 1934 601 τριὴ-
1965 533 2009 592 Α
2041 530 2197 584 ἔλαϐε
2234 529 2385 600 παρὰ
2415 527 2524 582 τῶν
2557 522 3076 597 συμϐουλευσάντων
3126 519 3286 575 αὐτόν
3343 533 3472 572 ποτε
3531 517 3618 570 ῐνσ
3647 585 3672 610 ο

363 640 508 693 ρεων
543 623 730 694 ἤσθιον
762 625 856 678 καὶ
901 625 1106 690 ἔπινον,
1149 627 1244 678 καὶ
1273 625 1583 686 ἀποστολὰς
1628 625 1930 693 τροφίμους

358 710 443 778 εἷς
474 716 609 784 πρὸς
631 716 723 768 τὸν
756 715 944 782 ἕτερον
975 715 1324 768 ἀπέστελλον.
1363 714 1496 784 Περὶ
1523 713 1616 766 οὖν
1643 713 1734 765 τὸν
1765 713 1933 765 ἐσπεο

362 808 512 878 ρινὸν
542 810 571 861 6
621 809 842 875 ἀμηρᾶς
890 807 1129 874 ἔφιππος
1175 807 1386 874 ἀπῇ).οε
1436 803 1527 858 καὶ
1573 805 1624 858 0i
1658 806 1755 857 σὺν
1785 803 1935 869 αύτῷ

359 901 452 954 διὰ
483 901 581 969 τῆς
626 899 748 953 6606
778 901 876 970 τῆς
912 899 1040 968 περὶ
1071 900 1167 970 τὴν
1217 901 1592 968 Νικομήδειαν
1635 898 1933 968 φερούσης,

361 995 393 1046 6
416 994 473 1046 δέ
499 992 755 1062 βασιλεὺς
781 992 945 1046 καὶοί
983 991 1086 1044 υίοὶ
1120 990 1285 1044 c.6106
1315 990 1559 1060 ἀπῆλθον
1587 989 1792 1044 οἴκαδε.

433 1088 534 1157 λη’.
564 1086 652 1156 Τῷ
674 1087 729 1139 δέ
757 1085 878 1154 ἔαρι
907 1083 1000 1138 106
1051 1083 1216 1137 αὑτοῦ
1253 1083 1404 1146 ἔτους
1462 1082 1879 1150 ὲπαναστρέψσς
1909 1081 1939 1133 6

331 1217 342 1227 .
362 1179 581 1248 ἀμηρᾶς
606 1179 686 1240 είς
714 1179 810 1246 τὴν
831 1178 980 1231 δύσιν
1027 1176 1116 1229 ὃιά
1144 1176 1244 1245 τῆς
1293 1174 1416 1229 6606
1460 1176 1558 1240 τῆς
1603 1173 1941 1228 Καλλιουπύο

362 1271 500 1331 λεως
531 1268 774 1337 ἀπῆλθεν
799 1271 879 1332 είς
921 1270 1019 1338 τὴν
1061 1268 1533 1340 ’Δνδριανούπολιν
1564 1283 1581 1300 ο
1622 1268 1648 1318 6
1682 1266 1740 1318 δὲ
1787 1265 1941 1333 βασι-

364 1361 487 1422 λεὺς
529 1360 825 1429 ἑτοιμάσας
850 1360 938 1413 τδν
963 1360 1258 1430 Λεοντάριν
1286 1359 1600 1429 Δημήτριον
1626 1356 1761 1426 πρὸς
1799 1355 1944 1408 ἐκεῖ·

365 1468 454 1504 νον
481 1450 821 1517 ἀπέστειλεν,
847 1450 936 1503 ἵνα
963 1450 1092 1522 περὶ
1119 1451 1231 1504 τῶν
1254 1447 1758 1520 προμελετωμένων
1796 1447 1944 1516 μάθῃ

368 1543 460 1596 καὶ
490 1542 638 1613 αὐτῷ
668 1540 1012 1613 προμηνύσῃ,
1045 1542 1104 1595 ὃν
1146 1542 1240 1597 καὶ
1275 1542 1464 1613 ἐλέγξῃ
1509 1539 1666 1610 113
1701 1540 1827 1608 περὶ
1847 1537 1946 1600 τῆς

368 1635 537 1705 καλῆς
567 1634 786 1705 ἀγάπης
813 1634 905 1689 καὶ
932 1634 1099 1706 τιμῆς
1139 1635 1206 1706 ἢν
1235 1635 1369 1704 πρὸς
1396 1636 1602 1686 ἐκεῖνον
1634 1629 1946 1696 ἐπεδείξατο

367 1725 614 1796 καὶπερὶ
649 1725 742 1778 τοῦ
763 1728 1086 1797 περάματος
1118 1727 1215 1778 καὶ
1242 1726 1331 1780 διὰ
1363 1725 1458 1780 τοῦ
1484 1725 1728 1780 τοιούτου
1776 1722 1947 1792 πρέσο

2036 621 2206 693 πιάσῃ
2227 621 2416 674 αὐτόν’
2446 618 2729 686 εὑρίσκετο
2758 614 2816 669 δὲ
2839 615 2960 669 τότε
2991 614 3020 667 6
3054 612 3304 683 βασιλεὺς
3343 610 3408 664 δι’
3429 609 3607 664 αἰτίαν

2033 712 2223 780 λοιμοῦ
2251 712 2396 781 ὲντῇ
2437 712 2574 780 μονῇ
2609 710 2704 777 τῆς
2762 705 3148 778 Περιϐλέπτου.
3205 701 3378 764 Μόλις
3419 699 3514 754 οὖν
3555 693 3608 752 διΔ

2037 806 2202 874 ἄλλης
2248 803 2366 857 ὁδοῦ
2427 803 2527 872 τῆς
2579 801 2715 872 πρὸς
2737 800 2836 869 τὴν
2889 795 3256 867 Μεσημϐρίαν
3303 791 3616 860 ἀπαγούσης

2040 896 2173 949 ποτὲ
2203 893 2436 948 ἔστειλεν
2464 897 2492 946 6
2538 892 2832 960 Λεοντάρις
2864 889 3089 960 δρομέα,
3125 890 3218 940 καὶ
3274 884 3483 939 ἐκεῖθεν
3535 883 3621 937 διὰ

2042 986 2317 1052 θαλάσσης
2346 983 2514 1036 ἐλθὼν
2536 982 2827 1052 ἐκομίσατο
2861 979 3080 1049 γραφὴν
3107 977 3237 1046 περὶ
3264 975 3358 1028 τοῦ
3391 972 3622 1027 θανάτου

2050 1077 2210 1150 lla
2241 1077 2335 1130 106
2374 1077 2564 1147 ἀμηρᾶ
2588 1091 2601 1106 ·
2631 1073 2725 1126 καὶ
2749 1073 2961 1140 ἐγένετο
2991 1071 3044 1122 ὲν
3090 1069 3276 1138 ἐκείνῃ
3312 1068 3376 1136 τῇ
3440 1063 3620 1135 ἡμέρᾳ
3685 1129 3693 1137 ο

2040 1171 2098 1220 τί
2187 1188 2205 1220 ι
2256 1169 2536 1238 Ἐσπέρας
2571 1164 2970 1238 αύλισθήσεται
3001 1160 3300 1228 κλαυθμὸς,
3341 1157 3435 1212 καλ¹
3465 1158 3545 1220 είς
3565 1156 3623 1208 τὸ

2043 1259 2187 1333 πρωῒ
2214 1260 2556 1328 ἀγαλλίασις.
2597 1275 2616 1309 ›
2650 1258 2760 1310 Kal.
2802 1255 2909 1309 ἰδοὺ
2940 1254 3136 1314 ἔπεσον
3170 1254 3247 1314 είς
3276 1250 3468 1319 ἑτέραν
3499 1250 3624 1318 βου-η

2041 1331 2140 1422 λῆν
2176 1356 2271 1408 καὶ
2307 1351 2557 1420 μελέτην,
2597 1349 2824 1417 πότερον
2850 1347 2994 1416 ἔχειν
3023 1344 3163 1416 μετά
3209 1344 3308 1396 106
3373 1341 3493 1395 υίοῦ
3524 1342 3624 1394 '16-
3691 1331 3699 1345 ’

2044 1445 2138 1498 τοῦ
2185 1443 2520 1513 ’Λμουράτυυ
2553 1440 2775 1508 ἀγάπην
2802 1439 2896 1491 καὶ
2942 1435 3412 1507 παραχωρήσωσιν
3470 1429 3612 1485 εἶναι

2045 1535 2205 1589 αὐτὸν
2233 1533 2519 1599 αὐθέντην,
2549 1531 2624 1594 ὡς
2662 1531 2757 1584 καὶ
2785 1529 2855 1582 τά
2898 1527 3250 1598 ὁρκωμοτικά
3307 1524 3472 1578 αὑτοῦ
3520 1524 3628 1576 διε-

2046 1630 2343 1700 λάμϐανον.
2371 1629 2403 1698 ἢ
2431 1628 2520 1681 ἴνα
2543 1625 2752 1696 φέρωσι
2787 1624 2876 1677 τὸν
2905 1623 3240 1690 Μουσταφᾶν
3265 1621 3370 1673 ἀπὸ
3401 1619 3502 1690 τὴν
3527 1620 3628 1672 Μι-

2050 1723 2242 1794 ζιθρᾶν
2273 1723 2368 1775 καὶ
2411 1720 2828 1783 καταστήσωσιν
2875 1716 3036 1768 αὑτὸν
3091 1713 3357 1782 αὐθέντην
3403 1712 3482 1774 εἰς
3531 1708 3632 1778 τὴν

369 1817 516 1881 660;,
549 1819 643 1872 καὶ
670 1820 960 1889 πρόσωπον
990 1818 1134 1888 λέγω
1162 1821 1258 1874 καὶ
1293 1820 1360 1872 τὰ
1380 1819 1528 1888 δῶρα
1556 1818 1595 1871 ὃ.
1619 1813 1944 1885 προσεκόμι-
1974 1881 2017 1889 ᾳ
2051 1812 2344 1884 δύσιν,καὶ
2369 1814 2396 1864 6
2456 1813 2511 1863 ’Δ
2524 1811 2797 1879 μουράτης
2835 1807 3016 1860 ἔσεται
3043 1806 3104 1858 ὲν
3131 1806 3197 1874 τῇ
3244 1802 3400 1872 Ἀσίᾳ⁵
3436 1801 3631 1855 αύθένο

370 1926 460 1962 σεν
517 1909 685 1980 αὐτῷ.
716 1881 728 1889 '
753 1912 902 1964 Ἰδὼν
954 1881 1114 1964 αύτδν
1158 1913 1186 1964 6
1240 1881 1470 1981 ἀμηρᾶς
1489 1908 1626 1978 μετά
1654 1881 1820 1975 τιμῆς
1853 1903 1948 1956 καὶ
1974 1881 2024 1941 Β
2051 1923 2170 1976 της,
2199 1882 2292 1958 τοῦ
2320 1902 2419 1973 μέν
2445 1901 2707 1969 βασιλέως
2732 1901 2824 1953 καὶ
2856 1899 3063 1968 πατρὸς
3125 1897 3186 1950 τὸ
3248 1894 3463 1963 πρῶτον
3511 1893 3633 1964 βου-

370 1995 588 2065 ἀγάπης
627 1996 827 2067 πολλῆς
862 1997 1074 2064 ἐδέξατο
1101 1996 1188 2050 τδν
1221 1997 1480 2049 τοιοῦτον.
1525 1996 1634 2048 Καὶ
1657 1995 1808 2056 τέλος
1866 1986 1942 2044 εἷ-

371 2104 469 2141 πεν
503 2086 650 2158 αὐτῷ
676 2087 705 2141 6
730 2087 949 2158 ἀμηρᾶς
977 2090 1060 2143 ὅτι
1089 2087 1326 2140 ἀσθενῶν
1354 2083 1466 2157 εἶχε
1515 2087 1664 2148 τινὰς
1707 2088 1940 2159 ἡμέρας,

371 2179 466 2232 καὶ
497 2179 634 2248 μετὰ
659 2178 718 2231 τδ
747 2179 965 2249 ύγιᾶναι
1008 2179 1168 2231 αὑτὸν
1201 2177 1337 2248 ὁμοῦ
1382 2178 1794 2232 συναυλίσονται
1850 2180 1944 2232 καὶ

372 2270 840 2343 συνομιλήσουσιν.
882 2271 1115 2333 Ἐκεῖνος
1147 2271 1203 2324 δὲ
1242 2270 1379 2340 μετά
1417 2272 1564 2340 τρεῖς
1613 2269 1824 2341 ἡμέρας
1884 2271 1944 2323 τὸ

371 2365 471 2436 ζῇν
489 2365 842 2435 ἐξεμέτρησε.
877 2365 985 2417 Καὶ
1014 2365 1062 2417 oi
1097 2363 1192 2416 106
1221 2363 1487 2417 παλατίου
1543 2363 1708 2416 αὑτοῦ
1754 2363 1945 2433 βουλη-

372 2456 530 2526 φόροι
581 2456 681 2508 οὐκ
731 2454 1087 2524 ἀπεκάλυψαν
1130 2455 1188 2506 τὸ
1244 2455 1460 2524 συμσάν
1502 2454 1580 2522 τῷ
1611 2455 1901 2526 Δεοντάρει
1928 2470 1942 2485 ·

371 2547 486 2602 ἀλλ’
513 2550 570 2600 ἐν
592 2549 659 2617 τῇ
691 2549 863 2615 σκηνῇ
902 2545 1065 2600 αἱτοῦ
1095 2541 1184 2616 ἦν,
1217 2546 1357 2616 τάχα
1412 2544 1704 2616 θαυμάζων
1732 2545 1847 2608 πῶς
1883 2545 1945 2598 o6

376 2640 758 2709 προσεκαλεῖτο
784 2640 944 2693 αύτδν
972 2639 1000 2691 6
1023 2639 1262 2708 ἀμηρᾶς,
1288 2639 1436 2700 ὅπως
1461 2640 1552 2690 καὶ
1581 2637 1676 2700 τάς
1703 2636 1948 2700 δουλείας

373 2733 545 2788 αὐτοῦ
572 2732 800 2805 ἀκούσῃ.
836 2731 972 2785 Κατ’
1005 2731 1172 2800 αὐτὴν
1193 2730 1303 2800 γὰρ
1331 2729 1431 2799 τὴν
1461 2728 1825 2800 ὥραψτούτου
1856 2728 1947 2781 τὸν

374 2826 602 2881 θάνατον
631 2824 816 2895 μαθὼν
843 2823 1071 2886 πολλοὺς
1099 2824 1654 2892 γραμματοκομιστάς
1703 2823 1730 2874 6
1783 2823 1948 2876 Λεον-

374 2919 530 2992 τάρις
569 2917 883 2972 ἀπέστειλεν
910 2919 1046 2986 πρὸς
1080 2915 1171 2967 τὸν
1207 2913 1451 2982 βασιλέα,
1500 2915 1591 2967 καὶ
1621 2913 1723 2966 οὐκ
1762 2913 1948 2979 ἐδυνή-

376 3011 548 3080 θησαν
586 3008 841 3062 ἀπελθεῖν
891 3006 980 3062 διά
1006 3007 1066 3060 τὸ
1098 3002 1236 3060 εἶναι
1279 3004 1606 3073 κλειομένας
1641 3004 1738 3067 τάς
1773 3003 1949 3074 λάθρα

377 3100 643 3172 φερούσας
668 3098 820 3160 ὁδοὺς
848 3098 928 3160 εἰς
960 3097 1059 3167 τὴν
1107 3095 1284 3150 πόλιν.
1357 3095 1464 3148 Καὶ
1513 3095 1686 3156 οὕτως
1745 3094 1947 3165 ἡμέραι

377 3191 626 3244 πλεῖσται
662 3189 956 3260 παρῆλθον,
991 3185 1084 3255 ἀφ’
1113 3181 1173 3240 06
1203 3186 1266 3253 δὴ
1295 3185 1354 3238 τδ
1414 3183 1554 3237 κατά
1590 3184 1688 3252 τῆς
1741 3184 1948 3245 πόλεως

379 3279 736 3349 ἀπεκαλύφθη
765 3279 1086 3350 μυστήριον,
1115 3278 1208 3330 καὶ
1236 3277 1396 3348 θρους
1417 3275 1589 3345 μέγας
1619 3275 1832 3343 ἐγένετο
1855 3277 1951 3328 καὶ

381 3373 544 3446 βουλὴ
569 3376 663 3427 καὶ
688 3373 908 3444 μελέτη,
926 3373 1020 3425 καὶ
1049 3371 1280 3435 πολλοὺς
1318 3371 1571 3441 ἐλέγχους
1617 3372 1646 3423 6
1700 3369 1950 3441 βασιλεὺς

379 3553 475 3610 bat
508 3560 715 3622 :atque
745 3552 976 3608 invicem
1009 3551 1110 3607 sibi
1141 3559 1328 3621 partes
1355 3551 1615 3605 delicatas
1641 3551 1949 3606 mittebant.

380 3645 497 3702 Sub
537 3659 828 3715 vesperam
859 3659 1098 3710 ameras,
1143 3659 1284 3714 equo
1317 3644 1580 3719 insidens,
1615 3652 1668 3696 et
1698 3644 1788 3712 qui
1829 3658 1951 3697 eum

379 3739 804 3803 comitabantur,
831 3737 1205 3793 Nicomediam
1237 3751 1430 3791 versus
1466 3735 1739 3797 abierunt,
1782 3734 1959 3802 impe-

381 3843 535 3890 rator
568 3848 691 3887 cum
731 3831 856 3887 ﬁliis
888 3831 1111 3886 domum
1149 3830 1423 3885 discessit.

453 3927 544 3982 38.
572 3923 712 3980 Vere
741 3925 985 3994 ejusdem
1017 3923 1144 3978 anni
1170 3933 1450 3978 revertens
1481 3936 1696 3977 ameras
1725 3922 1779 3976 in
1807 3920 1958 3976 occi-

382 4019 626 4084 dentem,
669 4019 755 4073 via
795 4031 916 4088 quae
952 4026 1104 4074 trans
1152 4015 1493 4086 Calliopulim
1547 4015 1720 4079 ducit,
1767 4015 1960 4068 Adria—

384 4118 626 4187 nopolim
657 4118 940 4189 profectus
971 4125 1077 4172 est.
1115 4116 1416 4187 Imperator
1442 4114 1507 4168 ad
1535 4130 1656 4170 eum
1683 4112 1960 4182 expedivit

389 4213 724 4268 Demetrium
777 4212 1113 4277 Leontarim,
1168 4221 1251 4274 ttt,
1301 4225 1420 4281 qua:
1470 4209 1660 4264 inisset
1708 4208 1959 4272 consilia,

387 4316 747 4377 cognosceret
774 4307 986 4376 sibique
1025 4305 1389 4371 renuntiaret,
1426 4319 1660 4373 eumque
1685 4303 1748 4356 de
1788 4296 1960 4372 g'ratia

389 4409 445 4456 et
475 4399 701 4465 honore,
733 4415 855 4470 quae
893 4400 943 4454 ei
983 4398 1346 4468 praestitisset,
1371 4407 1425 4451 et
1453 4397 1522 4450 de
1561 4394 1964 4451 transvectione

299 4493 308 4500 ’
391 4503 662 4557 moneret,
689 4492 901 4561 legatus
938 4499 1047 4546 tum
1074 4504 1318 4560 personat
1348 4489 1630 4560 dignitate,
1665 4497 1774 4538 tum
1803 4486 1968 4538 dono-

389 4601 536 4652 rum,
569 4599 692 4654 qua:
742 4583 982 4648 afferret,
1027 4581 1386 4651 amplitudine
1427 4580 1678 4649 insignis.
1735 4578 1965 4644 Excepit
2002 4594 2045 4649 ι)

390 4691 515 4730 eum
539 4675 831 4731 admodum
864 4684 918 4731 et
948 4674 1252 4731 honorifice
1295 4683 1348 4728 et
1378 4671 1554 4726 amice
1586 4684 1822 4733 ameras,
1849 4679 1968 4721 tan-

392 4769 630 4838 demque
667 4767 717 4823 ei
770 4767 936 4833 dixit,
975 4775 1238 4836 a‘grotare
1277 4779 1336 4819 se
1387 4763 1508 4818 dies
1553 4761 1665 4832 jam
1714 4761 1966 4830 aliquot:

392 4870 687 4942 postquam
743 4859 1136 4925 convaluisset,
1195 4871 1502 4913 sermonem
1558 4870 1617 4911 se
1671 4853 1969 4909 collaturos

393 4969 539 5010 esse.
576 4956 645 5008 At
678 4962 798 5022 post
825 4953 969 5006 diem
1002 4955 1220 5007 tertium
1253 4951 1422 5005 vitam
1467 4949 1665 5020 posuit.
1700 4946 1971 5000 Consilia-

395 5047 463 5101 rii
493 5047 609 5116 ejus
632 5046 878 5115 palatini,
908 5046 1050 5114 quod
1073 5053 1350 5107 evenerat,
1377 5058 1482 5096 non
1509 5054 1770 5112 aperuere
1793 5039 1971 5092 Leon-

401 5139 528 5203 tati,
567 5145 658 5208 qui
691 5140 744 5193 itt
779 5139 1017 5194 tentorio
1045 5153 1144 5192 suo
1175 5135 1428 5204 degebat,
1469 5135 1700 5196 mirans,
1728 5147 1826 5186 cur
1865 5146 1970 5184 non

399 5240 694 5285 vocaretur
725 5230 792 5283 ab
839 5244 1022 5283 antera
1057 5230 1123 5281 ad
1166 5226 1548 5296 explicandum
1574 5227 1648 5278 .ei
1686 5221 1975 5292 legationis

399 5323 646 5380 consilia.
668 5326 784 5396 Ipsa
804 5332 986 5377 autem
1015 5321 1168 5387 liora,
1211 5335 1316 5387 qua
1344 5334 1464 5373 eum
1493 5317 1675 5371 obisse
1699 5315 1972 5382 cognovit,

404 5417 724 5474 tabellarios
773 5417 1079 5484 complures
1126 5415 1190 5469 ad
1223 5414 1608 5482 imperatorem
1664 5408 1835 5474 misit,
1884 5405 1974 5475 qui

403 5523 613 5577 tamen,
655 5512 914 5582 quoniam
964 5512 1090 5572 vim,
1122 5526 1239 5579 qua:
1271 5507 1476 5576 Cpolim
1522 5504 1792 5565 ferebant,
1838 5501 1974 5554 clam

399 5605 684 5676 praeclusa:
709 5613 890 5668 erant,
923 5618 986 5657 eo
1014 5600 1296 5669 pervenire
1323 5613 1424 5652 non
1454 5603 1762 5668 potuerunt.
1790 5591 1979 5660 itaque

403 5697 564 5753 multi
609 5697 725 5751 dies
760 5695 1037 5758 efﬂuxere,
1076 5709 1139 5748 ex
1189 5707 1296 5762 quo
1348 5705 1609 5745 arcanum
1661 5684 1979 5740 invadendae

410 5789 560 5843 urbis
589 5789 880 5843 consilium
908 5789 1104 5857 patuit,
1130 5785 1500 5850 tumultusque
1536 5785 1725 5849 ingens
1755 5787 1978 5831 exertus

408 5887 515 5948 cst,
543 5880 825 5950 multaque
857 5878 1175 5935 deliberatio
1205 5885 1259 5932 tt
1294 5875 1602 5932 sollicitudo
1635 5880 1773 5934 crat,
1803 5877 1854 5923 ct
1886 5883 1976 5922 rc-

2046 1997 2339 2066 λευομένου
2376 1996 2467 2048 καὶ
2498 1993 2772 2060 κρίνοντος
2817 1992 3042 2053 δικαίως
3070 1992 3132 2042 ἐκ
3175 1988 3387 2040 πολλῶν
3444 1985 3634 2039 αἰτιῶν

2047 2090 2132 2142 ἵνα
2163 2091 2192 2142 6
2250 2086 2591 2156 ’Ᾱμουράτης
2639 2085 2902 2150 αὐθέντης
2958 2082 3206 2153 γένηται,
3256 2079 3348 2134 τοῦ
3402 2078 3459 2131 δὲ
3515 2076 3632 2130 υίοῖ

2045 2182 2208 2236 αὑτοῦ
2239 2182 2330 2234 καὶ
2360 2182 2453 2234 106
2484 2175 2938 2246 Καντακουζηνοῦ
2987 2175 3301 2246 Δημητρίου
3351 2174 3438 2225 ἵνα
3479 2171 3634 2238 ποιή-

2045 2290 2180 2326 σωσι
2213 2274 2304 2325 τὸν
2330 2271 2688 2340 Μουσταφᾶν,
2711 2269 2961 2336 λέγοντες
2995 2268 3079 2320 ὅτι
3112 2266 3279 2318 ἐδιδεν
3300 2265 3483 2325 αὐτοῖς
3539 2264 3636 2315 καὶ

2043 2364 2144 2434 τὴν
2179 2362 2601 2417 Καλλιούπολιν.
2635 2362 2804 2423 Μόλις
2837 2359 2894 2414 δέ
2928 2377 3058 2413 ποτε
3088 2360 3249 2412 οἱονεὶ
3284 2356 3424 2410 κατά
3449 2373 3632 2424 παρα-ι

2044 2456 2288 2526 χώρησιν
2319 2457 2348 2508 6
2383 2454 2638 2524 βασιλεὺς
2669 2453 2899 2504 δέδωκεν
2922 2450 3168 2515 ἐξουσίαν
3189 2450 3267 2518 τῷ
3294 2447 3412 2517 iuit;
3469 2446 3635 2500 αὑτοῦ

2045 2549 2218 2616 λέγων
2244 2565 2258 2579 ·
2291 2567 2310 2599 ι
2366 2545 2506 2615 Ἐγὼ
2537 2546 2646 2614 γὰρ
2680 2545 2816 2614 εἰμὶ,
2840 2545 2922 2596 υίέ
2948 2560 3074 2612 μου,
3101 2543 3280 2610 γέρων
3334 2541 3430 2593 καὶ
3450 2537 3636 2604 ⁵ἀσθεον

2047 2641 2141 2710 νὴς
2169 2641 2260 2692 καὶ
2285 2640 2451 2706 ἐγγὺς
2480 2637 2572 2691 τοῦ
2601 2636 2831 2690 θανάτου
2855 2651 2872 2668 ·
2920 2633 3018 2703 τὴν
3069 2627 3162 2686 οὖν
3213 2629 3489 2700 βασιλείαν
3534 2630 3632 2682 καὶ

2046 2730 2114 2783 τὰ
2147 2730 2314 2798 αύιτῆς
2341 2729 2546 2781 δέδωκά
2581 2743 2686 2788 σοι,
2712 2725 2804 2777 καὶ¹
2857 2721 3061 2793 πρᾶξον
3120 2720 3193 2782 ὡς
3232 2717 3434 2788 βούλει.
3477 2734 3496 2767 ι
3544 2715 3635 2768 Ἐν

2047 2820 2104 2873 δέ
2133 2820 2210 2890 τῷ
2233 2818 2594 2888 Σεπτεμόρὶῳ
2623 2815 2754 2886 μηνὶ
2779 2815 2871 2868 τοῦ
2900 2809 3086 2885 ,ςέκθ
3114 2811 3265 2872 ἔτους
3302 2808 3438 2878 μετά
3465 2805 3630 2859 πλεί-

2051 2928 2192 2965 στων
2227 2912 2500 2980 τριήρεων
2526 2907 2770 2977 ἀπῆλθεν
2803 2907 2881 2967 εἰς
2911 2904 3009 2974 τὴν
3033 2899 3430 2955 Καλλιούπολιν
3460 2900 3488 2950 6
3533 2896 3631 2966 βα-

2051 2995 2232 3061 σιλεὺς
2258 2999 2363 3068 κὺρ
2404 2998 2656 3068 ἰωάννης
2690 2997 2839 3063 ἄγων
2872 2993 2967 3045 σὺν
2997 2991 3145 3060 αύτῷ
3169 2989 3264 3042 καὶ
3288 2988 3380 3041 τὸν
3405 2984 3628 3055 ἀμηρᾶν

2049 3093 2392 3162 Μουσταφᾶν
2442 3091 2551 3143 ἀπὸ
2599 3091 2696 3159 τῆς
2756 3087 3180 3154 Πελοποννήσου,
3231 3082 3329 3135 καὶ
3367 3080 3635 3146 αὐθέντην

2054 3184 2303 3250 ἐξέϐαλεν
2340 3183 2418 3245 είς
2458 3181 2553 3252 τὴν
2580 3180 2756 3234 δύσιν.
2824 3177 2934 3231 Καὶ
2965 3177 2997 3245 ἡ
3037 3172 3433 3235 Καλλιούπολις
3469 3187 3637 3238 προσ-

1979 3241 2022 3302 c
2053 3241 2314 3345 εκύνησεν
2336 3241 2549 3326 αὐτόν’·
2585 3270 2682 3324 καὶ
2715 3267 2852 3339 μετά
2883 3241 3033 3328 τινας
3080 3266 3292 3336 ἡμέρας
3339 3263 3636 3333 ζητηθείσα

2054 3369 2206 3440 παρὰ
2228 3366 2318 3421 τοῦ
2351 3364 2614 3438 βασιλέως
2647 3363 2788 3432 τάχα
2822 3359 2966 3415 κατὰ
2991 3357 3088 3421 τὰς
3117 3356 3458 3428 ὑποσχέσεις,
3491 3356 3634 3410 ἀπε-

2059 3551 2341 3604 ltementer
2391 3545 2758 3615 reprehensus
2809 3551 2894 3597 est
2942 3540 3240 3610 imperator
3287 3537 3359 3591 ab
3409 3536 3479 3591 iis
3539 3533 3633 3604 qui

2057 3656 2296 3695 ameram
2341 3634 2911 3707 comprehendendum
2957 3646 3081 3687 esse
3144 3631 3271 3685 olim
3326 3637 3642 3690 suaserant,

2063 3733 2400 3788 Versabatur
2434 3741 2546 3784 tttm
2579 3732 2876 3798 imperator
2908 3727 3081 3796 pestis
3123 3724 3360 3778 vitanda:
3389 3735 3550 3775 causa
3585 3720 3637 3772 in

2064 3825 2401 3882 monasterio
2438 3821 2782 3888 Peribleptaz.
2814 3817 2916 3872 Vix
2961 3817 3177 3871 tandem
3209 3815 3314 3870 alia
3363 3815 3474 3878 via,
3510 3827 3634 3881 quae

2066 3915 2447 3972 Mesembriam
2481 3913 2713 3977 ferebat,
2747 3908 3032 3964 Leontaris
3063 3907 3280 3960 mittere
3311 3905 3484 3974 potuit
3512 3918 3643 3957 cur-

2063 4024 2270 4070 sorem,
2304 4008 2397 4076 qui
2451 4005 2580 4060 inde
2625 4018 2719 4073 per
2761 4017 2913 4057 mare
2959 3999 3260 4071 profectus,
3317 3998 3530 4052 litteras
3577 3996 3645 4048 de

2062 4103 2213 4156 obitu
2255 4113 2453 4153 amerm
2492 4096 2719 4150 attulit:
2773 4103 2939 4163 atque
2986 4089 3403 4160 comprobatum
3449 4097 3534 4143 est
3572 4102 3642 4140 eo

2064 4194 2150 4248 die
2181 4193 2385 4248 dictum
2437 4189 2568 4243 illud
2609 4204 2624 4242 :
2679 4207 2697 4234 ι
2725 4184 2950 4255 Vesperi
2995 4183 3154 4239 ﬂetus
3211 4182 3338 4246 erit,
3385 4188 3440 4234 et
3478 4193 3640 4232 mane

2065 4286 2276 4342 laetitia.
2312 4303 2330 4336 ι
2372 4281 2450 4336 Εη
2486 4295 2691 4347 autem,
2724 4283 2789 4334 ad
2820 4279 2982 4333 aliam
3012 4291 3200 4332 curam
3235 4272 3485 4330 conversi
3517 4281 3648 4327 sunt

2067 4387 2122 4432 et
2171 4374 2656 4436 consultationem,
2691 4381 2871 4425 utrum
2918 4385 3038 4424 cum
3073 4367 3182 4422 ﬁlio
3217 4366 3334 4437 ejus
3381 4366 3645 4417 Amurate

2069 4465 2366 4520 amicitiam
2397 4457 2602 4517 inirent
2628 4475 2866 4530 cumque
2898 4462 3141 4515 sinerent
3167 4457 3468 4528 principem
3498 4470 3642 4515 esse,

2071 4557 2527 4628 quemadmodum
2555 4568 2688 4609 sane
2718 4553 2837 4623 ejus
2859 4553 3152 4622 exigebant
3183 4556 3547 4611 sacramenta,
3576 4562 3644 4598 an

2075 4652 2440 4719 Mustapltam,
2473 4647 2724 4701 Mizitltra
2752 4647 3054 4706 reductum,
3091 4643 3143 4695 in
3178 4640 3460 4695 occidente
3492 4639 3642 4707 prino

2076 4745 2249 4813 cipem
2284 4741 2706 4802 constituerent,
2761 4737 3054 4789 Amurates
3103 4733 3357 4800 princeps
3397 4740 3538 4783 esset
3590 4729 3643 4780 iu

2077 4840 2308 4893 oriente.
2362 4834 2666 4905 Imperator
2716 4837 2894 4900 pater,
2951 4828 3045 4897 qui
3083 4827 3294 4896 primus
3323 4823 3667 4896 septentiam,
3763 4817 3788 4839 '

2076 4931 2236 4997 dixit,
2270 4927 2456 4982 multis
2485 4928 2550 4981 de
2595 4925 2780 4979 eausis
2803 4935 3016 4990 aequum
3052 4918 3353 4988 judicabat,
3391 4925 3449 4968 ut
3479 4929 3650 4983 penes

2076 5025 2391 5078 Amuratcm
2424 5035 2604 5074 rerum
2641 5029 2851 5071 summa
2873 5020 3038 5076 esset,
3073 5011 3213 5064 ﬁlius
3245 5018 3426 5062 autem
3459 5007 3574 5076 ejus
3595 5016 3648 5058 et

2081 5114 2390 5170 Demetrius
2441 5112 2879 5168 (latitacuzenus,
2932 5115 2989 5156 ιιι
3035 5100 3346 5168 blustaphas
3396 5096 3650 5166 princeps

2082 5210 2257 5270 ﬁeret,
2286 5205 2429 5276 quod
2470 5206 2514 5259 is
2544 5198 2806 5255 Romanis
2835 5197 3072 5250 dedisset
3097 5190 3461 5261 Calliopolim.
3503 5186 3648 5241 Tan-

2079 5305 2226 5362 dem,
2252 5300 2381 5353 licet
2406 5309 2569 5367 a'gre,
2598 5296 2892 5364 imperator
2923 5289 3031 5344 ﬁlio
3054 5282 3442 5357 agendiyquod
3466 5280 3631 5335 vellet

2080 5404 2407 5465 potestatem
2442 5387 2715 5443 concessit
2743 5385 2829 5438 his
2857 5381 3040 5436 verbis
3079 5397 3093 5433 :
3129 5397 3147 5431 ι
3178 5377 3280 5432 Fili
3323 5374 3419 5438 mi,
3451 5387 3550 5442 ego
3570 5385 3654 5426 se-

2083 5505 2185 5545 nex
2231 5487 2448 5540 inﬁrma
2477 5480 2787 5535 valetudine
2818 5485 2875 5531 et
2908 5473 3067 5530 morti
3105 5472 3441 5542 propinquus
3472 5478 3593 5518 sum
3626 5477 3644 5516 :

2083 5584 2262 5652 itaque
2317 5577 2411 5632 libi
2438 5575 2590 5631 trado
2616 5572 2902 5643 imperium
2936 5576 2990 5622 ri.
3022 5582 3139 5636 quae
3168 5564 3234 5619 ad
3259 5563 3311 5616 id
3338 5558 3606 5629 pertinent
3635 5569 3655 5610 :

2084 5649 2272 5735 facito,
2333 5669 2480 5740 quod
2534 5667 2828 5738 placuerit.
2863 5681 2882 5716 ι
2941 5662 3122 5716 Mense
3172 5653 3478 5726 Septembri
3524 5649 3656 5704 anui

2082 5767 2220 5824 6929
2257 5763 2443 5818 multis
2463 5775 2585 5816 cum
2614 5757 2934 5811 triremibus
2959 5750 3292 5819 Calliopolim
3319 5744 3463 5800 venit
3483 5741 3655 5796 Joan-

2043 5875 2049 5881 ·
2087 5877 2182 5917 nes
2233 5859 2551 5928 imperator,
2594 5850 2934 5918 Mustapltam
2966 5863 2996 5901 e
3040 5843 3414 5910 Pcktponneso
3465 5846 3654 5890 secum
