3990 6574
357 347 455 408 763
1574 340 1903 404 GEORGII
1955 338 2381 398 PZ-ZRANTZ:E
3500 341 3596 400 ’144

353 451 626 519 ποιήσωσι
669 450 780 520 καὶ,
811 449 902 504 διὰ
934 452 992 502 τὸ
1030 449 1105 519 μὴ
1152 452 1230 513 εἰς
1281 450 1724 520 Λακεδαιμονίαν
1755 451 1925 518 ἤγουν
1957 448 1998 500 Α
2029 465 2121 517 ρος
2175 447 2397 502 δπισθεν
2447 447 2539 501 διὰ
2593 449 2689 518 τῆς
2737 448 2858 502 ὁδοῦ
2907 449 3006 514 τῆς
3040 448 3361 521 ἀπαγούσης
3394 449 3474 511 είς
3503 449 3601 518 τὴν

352 541 613 610 Σπάρτην
666 540 961 608 εὑρεθῆναι
1006 541 1141 609 ὁμοῦ
1186 543 1313 604 τοὺς
1353 541 1644 609 ἀδελφοὺς,
1689 541 1853 611 ἡνίκα
1897 544 1926 594 6
2031 537 2312 610 Σπάρτην,
2359 541 2453 592 καὶ
2499 541 2526 592 6
2577 540 2682 609 κὺρ
2728 540 2933 610 Θωμᾶς
2963 543 2991 594 6
3022 540 3462 606 αύθεντὸπουλος
3507 543 3604 595 σὺν

351 631 582 699 ἁδελφὸς
646 633 828 684 αὐτῶν
887 631 1144 684 ἐϐούλετο
1214 633 1448 702 μοναχὸς
1503 632 1782 700 γενέσθαι.
1845 634 1962 702 Τῇη

327 719 544 792 πρώτῃ
600 723 822 775 Ἰουλίου
869 723 963 776 τοῦ
998 724 1166 776 αὑτοῦ
1211 725 1367 788 ἔτους
1411 725 1722 790 ἐξελθόντες
1763 721 1926 798 ἦλθον

351 813 493 865 κατὰ
518 815 615 882 τῆς
644 816 862 882 Πάτρας
887 817 934 869 oi
962 820 1114 887 τρεῖς
1143 819 1252 872 τῶν
1274 820 1648 889 αύταδέλφων,
1677 821 1774 874 καὶ
1796 839 1863 874 πε
1874 821 1929 891 pl.

352 907 481 968 τοὺς
519 907 696 976 μύλου
713 927 736 971 ς
769 909 968 974 ἔξωθεν
994 912 1092 980 τῆς
1125 913 1294 981 αὐτῆς
1318 913 1524 976 πόλεως
1550 915 1930 983 σκηνώσαντες

355 998 537 1050 ἐκεῖσε
575 1000 666 1053 καὶ
701 999 799 1070 τὴν
831 1003 1060 1071 ἀνεψιὰν
1091 1002 1186 1056 τοῦ
1213 1004 1460 1071 Καρόλου
1499 1003 1697 1074 κυρίαν
1727 1003 1934 1057 Θεοδώ-

359 1107 458 1158 ραν
488 1089 720 1160 ἤγαγον,
747 1092 875 1145 ἔνθα
905 1094 1002 1146 καὶ
1026 1097 1053 1148 ὀ
1081 1095 1352 1166 δεσπότης
1386 1101 1489 1166 κὺρ
1523 1098 1934 1161 Κωνσταντῖνος

321 1221 332 1226 -
359 1184 702 1254 συνεξεύχθη
733 1188 828 1238 καὶ
853 1187 1139 1258 ηὑλογήθη
1169 1189 1357 1259 αὺτήν.
1385 1191 1477 1252 El;
1510 1190 1565 1244 δὲ
1596 1191 1818 1260 Πάτραν
1843 1191 1935 1243 ού-

356 1272 446 1324 δὲν
498 1276 878 1346 ὲκατωρθώοη
933 1281 1072 1348 πρὸς
1121 1279 1350 1346 ἅλωσιν,
1376 1281 1510 1334 ἀλλὰ
1546 1282 1751 1351 μᾶλλον
1781 1281 1857 1345 ὥς
1883 1301 1935 1336 τι

355 1367 574 1421 ἀστεῖον
602 1364 668 1437 ἦν
700 1371 768 1422 τὰ
798 1371 952 1440 παρὰ
979 1371 1072 1424 τοῦ
1105 1372 1370 1426 δεσπότου
1395 1373 1502 1444 κῦρ
1531 1373 1808 1444 Θεοδώρου
1840 1391 1935 1446 με-

356 1455 661 1524 λετούμενα
705 1459 800 1511 τοῦ
855 1461 1115 1528 γενέσθαι
1170 1463 1443 1532 μοναχόν⁶
1496 1464 1767 1532 ἀθετῆσαι
1827 1467 1936 1537 γὰρ

359 1544 610 1598 ἐϐούλετο
633 1550 726 1599 καὶ
753 1549 855 1602 ἀνὰ
887 1549 996 1602 τῶν
1025 1550 1272 1618 ἀδελφῶν
1305 1552 1608 1606 σκανδάλου
1638 1548 1706 1622 ἦν
1738 1555 1938 1632 αἴτιον,

357 1633 500 1689 ὥστε
531 1639 611 1692 εἰς
637 1639 703 1692 τὰ
731 1641 830 1710 τῆς
863 1642 1084 1710 Πάτρας
1113 1645 1499 1713 συμπέρασμᾶ
1529 1663 1581 1698 τι
1608 1649 1846 1716 χρηστὸν
1877 1651 1938 1702 οὐ

358 1728 737 1798 κατωρθοῦτο,
768 1732 885 1784 ἀλλ’
913 1732 944 1802 ἢ
983 1735 1147 1802 μόνον
1179 1737 1315 1805 τρία
1361 1739 1532 1805 μικρά
1562 1739 1733 1792 ἄστεα
1763 1742 1938 1809 παρέο

360 1821 547 1884 λαϐον,
579 1824 911 1892 ποιήσαντες
941 1827 1171 1895 εἰρήνην
1207 1828 1304 1880 καὶ
1331 1827 1634 1898 συμϐάσεις
1669 1832 1805 1899 μετὰ
1831 1832 1937 1885 τῶν

363 1908 514 1962 ἔνδον
563 1912 858 1967 οἰκούντων
896 1916 1036 1984 μετὰ
1075 1917 1375 1988 συνθήκης,
1426 1918 1514 1972 ἵνα
1555 1921 1752 1974 τελῶσι
1799 1922 1938 1992 πρὸς

363 2001 458 2054 τὸν
496 2001 768 2071 δεσπότην
813 2005 919 2075 κὺρ
967 2007 1383 2062 Κωνσταντῖνον
1425 2012 1547 2064 κατ’
1595 2011 1716 2075 ἔτος
1759 2017 1939 2084 χρυσᾶ

367 2093 567 2164 νούμια
597 2097 956 2153 πεντακόσια.
993 2100 1105 2156 Καὶ
1124 2101 1298 2164 οὕτως
1325 2103 1640 2173 ὲγερθέντες
1670 2108 1768 2172 μὲν
1800 2108 1940 2175 μετὰ

361 2185 456 2238 τοῦ
489 2185 756 2256 βασιλέως
784 2191 880 2244 καὶ
912 2191 1006 2244 τοῦ
1039 2193 1197 2262 130
1227 2195 1490 2248 δεσπότου
1522 2196 1628 2265 κὺρ
1659 2197 1936 2265 Θεοδώρου

361 2278 684 2349 ἀπήλθομεν
727 2281 816 2333 διὰ
847 2283 945 2352 τῆς
975 2283 1098 2337 ὀδοῦ
1147 2285 1252 2354 τῆς
1303 2289 1380 2351 είς
1416 2275 1516 2356 τὴν
1547 2288 1805 2359 Σπάρτην
1841 2273 1956 2360 cpe--

363 2369 587 2439 ρούσης,
615 2375 642 2424 6
671 2372 726 2424 δὲ
756 2373 1022 2445 δεσπότης
1053 2376 1158 2446 κὺρ
1193 2379 1613 2442 Κωνσταντῖνος
1659 2379 1728 2434 δι’
1768 2382 1938 2455 ἄλλης

361 2458 442 2523 είς
469 2458 529 2513 τὸ
556 2459 899 2532 Χλομοῦτζιν
929 2466 1068 2535 μετὰ
1097 2469 1195 2534 τῆς
1223 2471 1491 2538 γυναικὸς
1523 2472 1689 2525 αὑτοῦ
1714 2476 1807 2527 καὶ
1836 2474 1936 2543 βα-

362 2553 631 2624 σιλίσσης.
656 2551 814 2609 Μετὰ
844 2557 898 2610 δέ
933 2575 1057 2613 τινα
1088 2563 1281 2632 καιρὸν
1317 2563 1499 2634 ὀλίγον
1532 2566 1657 2619 ἐπεὶ
1685 2567 1939 2622 ἐϐούλετο

359 2645 678 2698 ἐπανελθεῖν
707 2650 734 2700 6
768 2647 1030 2717 βασιλεὺς
1062 2652 1270 2718 οἴκαδε,
1312 2656 1576 2724 μηνυθεὶς
1608 2657 1703 2713 καὶ
1731 2661 1758 2713 6
1785 2660 1938 2713 ἁδελ-

361 2737 460 2804 φὸς
497 2739 664 2791 αὑτοῦ
698 2741 949 2811 ἀπῆλθεν
975 2745 1057 2808 είς
1085 2746 1184 2816 τὴν
1237 2740 1501 2819 Σπάρτήν
1534 2750 1643 2804 ἀπὸ
1676 2751 1773 2805 τοῦ
1800 2753 1937 2806 XXo-

268 2873 276 2880 .
365 2828 650 2893 μουτζίου³
684 2831 940 2889 κάκεῖθεν
988 2836 1411 2911 διαϐιϐάσαντες
1460 2841 1788 2914 ἀμφότεροι,
1843 2847 1937 2900 καὶ

361 2921 411 2971 oi
448 2921 715 2991 τέσσαρες
743 2925 964 2996 ἀδελφοὶ
999 2929 1136 2999 ὁμοῦ
1169 2932 1388 3002 ἡμέρας
1437 2933 1630 3002 ὀλίγας
1672 2938 1935 3007 ποιήσαν-

362 3028 477 3074 τες,
502 3012 579 3082 τῷ
616 3013 934 3089 Ὀκτωϐρίῳ
969 3022 1102 3089 μηνὶ
1129 3021 1223 3074 τοῦ
1246 3023 1431 3093 γςῇλξ
1455 3026 1609 3090 ἔτους
1638 3029 1937 3088 ἀναϐάντες

2031 630 2178 699 αύτῷ
2213 631 2375 700 μέχρι
2402 631 2550 694 τινὸς
2579 632 2923 695 ἀπῆλθενιείς
2951 633 3017 685 τὰ
3043 633 3404 703 Καλάϐρυτα.

2113 721 2305 790 Ἡμεῖς
2337 722 2392 775 δὲ
2423 723 2561 792 μετὰ
2591 723 2683 777 τοῦ
2718 724 2979 777 αύθέντου
3003 725 3606 795 ήμῶνΚωνσταντίνου

2031 813 2126 866 τοῦ
2156 798 2418 867 δεσπότου
2449 813 2519 866 δι’
2543 814 2708 882 ἄλλης
2740 813 2859 868 ὀδοῦ
2893 813 3133 884 ἤλθομεν
3159 817 3239 874 είς
3273 814 3605 879 Βοστίτζαν·

2034 905 2130 958 καὶ
2160 905 2270 975 γάρ
2303 907 2351 958 εί
2385 906 2480 960 καὶ
2509 907 2744 975 μοναχὸς
2776 908 2876 960 οὐκ
2904 907 3124 974 ἐγένετο
3154 907 3181 958 6
3209 906 3479 975 δεσπότης
3502 907 3612 976 κῦρ

2035 997 2333 1068 Θεόδωρος,
2363 999 2448 1052 ίνα
2485 1000 2757 1070 άπομείνῃ
2786 994 2934 1063 ἄπας
2963 1000 2991 1052 6
3018 999 3182 1060 τόπος
3214 998 3380 1052 αὑτοῦ
3407 1000 3485 1060 είς
3515 999 3613 1051 τὸν

2035 1090 2141 1160 κῦρ
2175 1090 2591 1144 Κωνσταντῖνον
2617 1093 2705 1144 τὸν
2727 1091 2958 1160 ἀδελφὸν
2986 1091 3153 1144 αὐτοῦ
3181 1092 3329 1144 κατὰ
3359 1091 3459 1153 τὰς
3486 1107 3617 1142 συνο

2040 1181 2215 1251 θήκας
2244 1182 2338 1235 καὶ
2389 1182 2689 1252 συμϐάσεις
2724 1184 2822 1245 τὰς
2855 1183 2958 1237 ἀνὰ
2988 1183 3188 1246 αὐτῶν,
3223 1183 3340 1236 ἀλλ’
3383 1178 3477 1236 οὖν
3513 1183 3618 1236 καὶ

2037 1266 2195 1336 οὗτος
2225 1273 2423 1326 δέδωκε
2455 1273 2594 1344 πρὸς
2627 1273 2790 1328 αὐτὸν
2819 1274 2919 1344 τήν
2966 1274 3264 1338 Βοστίτζαν
3291 1275 3387 1326 καὶ
3417 1273 3485 1327 τὰ
3511 1275 3617 1327 πέ-

2043 1364 2129 1434 ριξ
2180 1365 2350 1433 αὐτῆς
2382 1367 2476 1420 καὶ
2509 1367 2589 1428 εἰς
2618 1365 2679 1418 τὸ
2716 1366 2903 1436 ἕτερον
2953 1367 3119 1438 μέρος
3151 1367 3218 1420 τά
3253 1367 3354 1418 ὅσα
3403 1367 3464 1418 ὲν
3495 1367 3617 1428 τοῖς

2041 1459 2169 1508 ποσὶ
2198 1458 2312 1518 τοῖς
2341 1456 2478 1526 πρὸς
2508 1457 2720 1526 δυσμάς
2743 1458 2894 1526 ἡλίου
2923 1458 3032 1510 εἰσὶ
3059 1456 3150 1509 τοῦ
3171 1457 3313 1526 ὑπερ
3342 1455 3615 1524 μεγέθους

2041 1549 2203 1619 ὅρους
2230 1548 2327 1600 τοῦ
2358 1549 2638 1615 Ταϋγέτου
2685 1549 2797 1617 (καὶ
2829 1548 3071 1602 ὲνέκειτο
3101 1548 3311 1618 βέλτιον
3342 1546 3618 1618 φρούριον

2043 1641 2136 1693 καὶ
2168 1640 2345 1709 χῶρον
2381 1640 2812 1704 Πελοποννήσου,
2859 1639 3011 1709 131
3047 1641 3109 1692 τὸ
3141 1639 3420 1710 Λεῦκτρον
3464 1640 3617 1693 Μαί-

2044 1750 2163 1802 νης,
2189 1733 2248 1785 τὸ
2279 1734 2460 1785 ὁποῖον
2499 1732 2745 1801 Κεταρία
2777 1731 2946 1785 πάλαι
2977 1731 3243 1801 ἐκαλεῖτο)
3293 1733 3388 1784 καὶ
3429 1730 3618 1784 πάντα

2039 1825 2132 1876 τὸν
2178 1824 2390 1877 ἐκείνου
2438 1823 2602 1890 ζυγὸν
2631 1821 2759 1890 ἄχρι
2795 1823 2891 1875 καὶ
2920 1825 3021 1893 τῆς
3053 1821 3228 1876 Πύλου
3257 1822 3358 1890 τῆς
3383 1820 3615 1888 λεγομέ-

2040 1934 2136 1987 νης
2179 1917 2391 1978 Ἰτίλου,
2437 1916 2499 1968 ἐκ
2543 1914 2601 1968 δὲ
2635 1914 2730 1967 τοῦ
2776 1914 2879 1978 ἔξω
2914 1913 3079 1982 ζυγοῦ
3109 1914 3171 1968 τὸ
3204 1913 3442 1981 κάστρον
3473 1912 3619 1980 Ζαρ-

2041 2012 2208 2073 νάτας
2238 2009 2334 2062 καὶ
2377 2008 2673 2073 Γαστίτζα,
2700 2007 2760 2060 τὸ
2785 2007 3130 2069 Διάσειστον,
3163 2006 3330 2070 Μελὲ,
3377 2005 3616 2076 Δράχιον

2041 2103 2137 2156 καὶ
2166 2102 2464 2156 Πολιανοῦν
2498 2103 2592 2155 καὶ⁵
2617 2101 2686 2154 τὰ
2716 2100 2844 2171 περὶ
2869 2100 3054 2154 αὐτόν.
3095 2100 3207 2156 Καὶ
3232 2099 3432 2152 ἐδωσεν
3461 2097 3617 2166 αὐτῷ

2041 2195 2232 2249 καὶτὰ
2265 2195 2368 2248 ὃσα
2406 2193 2564 2264 132
2596 2193 2910 2262 πολίσματα
2941 2191 3034 2246 καὶ
3065 2191 3304 2264 φρούριά
3344 2191 3484 2243 εἰσιν
3531 2193 3616 2253 εἰς

2041 2287 2224 2341 πάντα
2274 2289 2366 2341 τὸν
2415 2286 2801 2358 Μεσσηνιακὸν
2833 2284 3057 2349 κόλπον,
3081 2284 3210 2339 ἔνθα
3250 2283 3365 2352 ρἐι
3391 2283 3480 2337 διὰ
3515 2283 3616 2352 μί-

2041 2397 2135 2433 σου
2162 2381 2258 2432 καλ⁸
2280 2381 2307 2432 6
2337 2380 2585 2448 Πάμισος
2617 2381 2826 2441 ἐκεῖνος
2854 2377 3123 2447 ποταμός.
3179 2374 3368 2429 Ταῦτα
3393 2375 3620 2443 ἐπιτρο-

2041 2470 2218 2534 πικῶς
2248 2471 2470 2540 ἤρχετο,
2500 2469 2596 2523 τοῦ
2635 2470 2878 2541 μεγάλου
2922 2467 3411 2540 πρωτοστράτορος
3440 2465 3622 2538 Νικη-

2041 2564 2212 2632 φόρου
2241 2561 2336 2615 τοῦ
2364 2561 2712 2633 Μελισσηνοῦ
2738 2562 2890 2625 ὄντα,
2923 2562 2983 2615 όν
3014 2560 3106 2616 διὰ
3124 2560 3223 2632 τὴν
3255 2560 3620 2627 ποικιλότητα

2036 2658 2137 2724 τῆς
2172 2655 2496 2725 φρονήσεως
2539 2655 2637 2708 καλ⁸
2677 2653 2739 2706 τδ
2766 2653 2860 2732 ὀξὺ
2901 2655 3004 2724 τῆς
3039 2652 3282 2716 διανοίας
3312 2652 3408 2705 καὶ
3439 2655 3520 2714 εἰς
3548 2653 3620 2704 τά

2039 2748 2215 2802 πάντα
2249 2746 2573 2812 δεξιώτατον
2603 2747 2939 2816 κοινοτέροις
2977 2745 3262 2798 πείθεσθαι
3294 2744 3612 2815 πράγμασι,

2039 2841 2132 2894 καὶ
2181 2839 2597 2910 Μελισσουργὸν
2630 2839 2987 2908 ἑπωνόμαζον
3011 2839 3102 2892 τὸν
3137 2838 3306 2908 ἄνδρα
3330 2854 3345 2870 ο
3373 2838 3616 2908 διστρισ-

2037 2933 2258 3002 ἐγγονος
2307 2933 2416 3003 γὰρ
2501 2929 2570 3004 ἦν
2615 2932 2713 2986 τοῦ
2773 2931 3094 3002 θαυμαστοῦ
3152 2933 3365 2985 ἐκείνου
3419 2931 3615 3000 ἀνδρὸς

2040 3024 2356 3094 Νικηφόρον
2417 3023 2700 3093 Καίσαρος
2745 3022 2839 3075 τοῦ
2876 3020 3246 3091 Μελισσητοῦ,
3275 3021 3389 3084 υίὸς
3428 3019 3485 3072 δὲ
3515 3016 3613 3072 τοῦ

361 3102 499 3172 ὁμοῦ
556 3106 873 3177 ἀπήλθομεν
911 3111 1076 3182 μέχρι
1131 3113 1228 3166 καὶ
1282 3116 1384 3184 τῆς
1445 3118 1712 3188 Κορίνθου
1739 3138 1753 3152 ο
1787 3121 1881 3172 καὶ
1913 3123 1940 3174 6
1968 3126 2010 3184 ο
2046 3115 2559 3185 σεϐαστοκράτορος
2598 3116 2827 3176 Λέοντος
2858 3113 2954 3166 τοῦ
2988 3113 3360 3184 Μελισσηνοῦ,
3393 3111 3486 3165 καὶ
3514 3112 3615 3164 αὑ·

363 3196 464 3265 μὲν
513 3196 767 3266 βασιλεὺς
803 3202 980 3270 ἐμϐὰς
1030 3206 1111 3265 είς
1146 3206 1246 3269 τὰς
1292 3209 1542 3278 τριήρεις
1574 3212 1822 3282 ἀπῆλθεν
1859 3216 1940 3278 εἰς

363 3287 462 3359 τὴν
495 3291 1094 3364 Κωνσταντινούπολιν,
1120 3297 1147 3349 6
1174 3293 1231 3350 δὲ
1255 3298 1524 3368 δεσπότης
1551 3303 1577 3354 6
1605 3301 1710 3373 κὺρ
1735 3302 1939 3358 Θεόδω-

361 3484 552 3526 omnes
583 3457 794 3536 essent,
818 3475 1032 3541 quando
1077 3489 1266 3530 eorum
1323 3478 1492 3534 frater
1535 3480 1693 3536 vellet
1757 3498 1941 3538 mona-

365 3563 502 3617 chus
539 3562 680 3618 fieri.
720 3564 984 3621 Kalendis
1042 3565 1202 3622 Juliis
1257 3567 1499 3637 ejusdem
1547 3573 1675 3627 anni
1728 3576 1936 3644 egressi

361 3662 475 3709 tres
515 3655 942 3721 fratres,Patras
973 3649 1262 3727 venerunt,
1286 3670 1340 3716 et
1365 3672 1523 3718 extra
1555 3666 1745 3720 urbem
1799 3669 1938 3737 apud

364 3747 539 3803 molas
562 3747 799 3804 fixerunt
834 3752 1092 3818 tentoria,
1124 3767 1231 3822 quo
1255 3754 1450 3811 deinde
1492 3758 1724 3814 adducta
1755 3759 1936 3816 Theo-

365 3840 493 3895 dora
522 3842 765 3911 domina,
818 3853 1047 3914 cognata
1116 3846 1318 3916 Caroli,
1345 3851 1576 3906 solemni
1616 3856 1938 3910 caeremonia

363 3931 722 3988 Constantino
750 3937 1100 3992 matrimonio
1129 3938 1314 4009 juncta
1347 3952 1454 3997 est.
1492 3942 1688 3998 Verum
1728 3949 1794 4000 ad
1815 3948 1940 4001 sub-

362 4021 636 4094 jugandas
666 4024 857 4082 Patras
911 4028 1046 4082 nihil
1107 4042 1749 4103 prosperesgestnmest,
1799 4037 1929 4107 quin

368 4118 544 4182 potius
575 4116 767 4171 callida
799 4120 1046 4188 quaedam
1069 4121 1350 4178 sim'ulatio
1383 4132 1504 4179 erat
1566 4128 1690 4180 vitae
1743 4143 1932 4183 mona-

363 4208 530 4263 chica:
555 4209 836 4265 meditatio
865 4225 895 4265 a
949 4211 1236 4268 Theodoro
1271 4225 1550 4284 suscepta.
1597 4216 1936 4286 Repudiatu-

365 4315 462 4354 rus
529 4301 673 4355 enim
728 4303 878 4356 illum
949 4313 1090 4370 erat,
1150 4321 1488 4380 magnosque
1551 4310 1695 4364 inter
1725 4311 1928 4367 fratres

363 4392 635 4446 excitabat
692 4392 971 4459 tumultus,
1035 4396 1108 4448 ita
1142 4407 1316 4452 utres
1385 4397 1664 4455 Patrensis
1717 4401 1930 4459 felicem

364 4483 569 4537 exitum
603 4498 708 4538 non
735 4484 983 4550 haberet,
1021 4487 1115 4541 sed
1147 4486 1248 4542 tria
1276 4496 1483 4544 tantum
1507 4492 1705 4562 exigua
1734 4497 1930 4566 oppida

361 4591 708 4646 caperentur,
753 4593 877 4634 cum
937 4580 1134 4635 incolis
1167 4594 1299 4650 pace
1337 4581 1412 4636 ita
1475 4593 1654 4653 pacta,
1712 4587 1932 4643 utCon-

366 4666 608 4722 Stanlitto
627 4668 680 4746 in
699 4685 870 4724 annos
887 4669 1130 4738 singulos
1142 4687 1392 4728 nummos
1405 4687 1603 4730 aureos
1615 4677 1939 4748 quingentos

371 4761 690 4826 penderent.
720 4761 800 4817 Ita
831 4764 1074 4820 collectis
1116 4765 1280 4833 vasis,
1341 4780 1465 4822 cum
1509 4768 1842 4838 imperatore
1883 4783 1939 4829 et

326 4847 650 4936 )Theodoro
714 4854 938 4926 deSpOta
1039 4856 1290 4927 Spartam
1347 4858 1701 4917 discessimus
1745 4862 1937 4930 ;Con-

320 4937 324 4946 ’
362 4945 636 5001 stantinus
669 4957 848 5002 autem
899 4948 1123 5018 despota
1152 4948 1254 5003 alia
1283 4950 1367 5003 via
1393 4965 1515 5006 cum
1547 4953 1727 5022 regina
1773 4971 1940 5013 uxore

360 5032 731 5092 Clilomutzim
771 5038 1050 5108 profectus
1093 5051 1198 5098 est.
1250 5040 1411 5096 Brevi
1471 5051 1714 5112 tempore
1763 5045 1936 5102 inter-

365 5124 550 5192 misso,
581 5143 705 5182 cum
737 5130 956 5185 domum
993 5131 1174 5188 redire
1207 5133 1368 5190 vellet
1389 5134 1715 5205 imperator,
1771 5141 1934 5194 etiam

362 5212 752 5271 Constantinus
809 5217 875 5272 de
906 5233 968 5273 ea
993 5235 1051 5274 re
1083 5221 1284 5276 certior
1338 5221 1536 5289 factus,
1589 5223 1936 5282 Cblomutzio

366 5302 612 5375 Spartam
655 5308 820 5362 venit.
898 5310 1053 5377 Inde,
1106 5323 1398 5382 postquam
1451 5326 1684 5384 quatuor
1738 5318 1936 5374 fratres

364 5396 571 5461 aliquot
598 5396 714 5453 dies
745 5415 848 5453 una
883 5399 1124 5471 fuerunt,
1155 5419 1342 5462 mense
1363 5405 1580 5463 Octobri
1618 5411 1743 5465 anni
1795 5412 1936 5468 6937

363 5487 682 5542 Corinthum
718 5489 1032 5558 traiecimus
1065 5511 1080 5549 :
1111 5494 1184 5549 ibi
1219 5497 1518 5566 imperator
1551 5501 1759 5556 triremi
1805 5517 1937 5557 con-

358 5593 551 5634 scensa
591 5579 802 5652 Cpolim
843 5582 1126 5653 profectus
1159 5598 1288 5656 est;
1348 5590 1664 5649 Theodorus
1713 5597 1934 5667 despota

360 5669 486 5737 iter,
531 5674 679 5742 quod
716 5673 972 5744 Spartam
1023 5676 1151 5747 fert,
1214 5680 1429 5752 relegit,
1459 5685 1754 5744 comitante
1807 5702 1931 5745 eum

355 5762 563 5821 'l‘ltoma
597 5767 840 5839 principe
873 5784 1046 5841 usque
1071 5771 1380 5842 Calabryta.

2047 3205 2238 3276 θέντης
2265 3206 2502 3259 ἔκπαλαι
2528 3204 2620 3260 καὶ
2645 3204 2704 3270 ἐξ
2727 3207 2904 3276 ἀρχῆς
2929 3207 3030 3276 τῆς
3059 3205 3420 3275 ἰσχυροτάτης
3463 3203 3612 3256 Ἰθώ-

2048 3314 2182 3369 μης,
2237 3299 2270 3368 ἥ
2325 3299 2418 3350 καὶ
2476 3298 2741 3364 Μεσσήνη
2795 3297 3069 3363 ἐκαλεῖτο,
3123 3297 3216 3349 καὶ
3271 3296 3474 3359 παντὸς
3517 3294 3614 3347 τοῦ

2116 3471 2226 3528 Nos
2257 3473 2676 3546 ctrnrprincipe
2729 3483 2921 3529 nostro
2981 3475 3342 3530 Constantino
3389 3473 3612 3542 despota

2047 3566 2152 3619 alia
2184 3566 2269 3618 via
2296 3563 2587 3618 Bostitzam
2619 3564 2885 3620 venimus.
2920 3563 3144 3620 Etiamsi
3171 3565 3313 3619 enim
3357 3564 3424 3618 ad
3494 3577 3612 3616 mo-

2046 3655 2252 3710 nachos
2276 3669 2399 3710 sese
2444 3668 2556 3708 non
2619 3654 2932 3725 aggregavit
2994 3654 3310 3710 Theodorus
3367 3653 3614 3722 despota,

2043 3764 2146 3817 qua
2175 3765 2232 3803 re
2256 3761 2450 3802 omnes
2479 3748 2853 3815 possessiones
2911 3747 3031 3816 ejus
3077 3747 3144 3802 ad
3195 3747 3615 3802 Constantinum

2045 3841 2268 3897 fratrem
2313 3843 2612 3898 secundum
2668 3851 2828 3910 pacta
2881 3850 3257 3912 conventaque
3306 3841 3618 3895 transitu-rte

2043 3944 2219 3998 erant,
2260 3945 2445 3988 tamen
2485 3933 2776 3989 donavitei
2811 3933 3106 3990 Bostitzam
3131 3950 3256 3987 cum
3291 3933 3424 3989 locis
3460 3931 3618 4002 adja-

2046 4023 2325 4087 cantibus,
2352 4032 2408 4079 et
2427 4038 2494 4079 ex
2531 4023 2703 4079 altera
2754 4031 2912 4092 parte
2975 4039 3309 4093 quacunque
3363 4023 3622 4078 occiden-

2045 4125 2153 4171 tem
2217 4131 2412 4172 versus
2479 4116 2547 4170 ad
2607 4116 2821 4171 radices
2872 4117 3077 4172 montis
3103 4117 3354 4172 altissimi
3386 4116 3618 4187 Taygeti

2036 4207 2271 4276 jacent:
2317 4216 2402 4263 cst
2450 4218 2635 4263 autem
2694 4207 2768 4262 ibi
2793 4209 2958 4264 situm
3018 4208 3310 4264 Lcuctrum
3394 4208 3616 4274 Matinae,

2042 4299 2330 4355 castellum
2359 4299 2714 4370 Peloponnesi
2739 4300 3274 4369 praestantissimum,
3306 4301 3450 4372 quod
3486 4303 3619 4357 olim

2042 4391 2256 4446 Cetaria
2287 4394 2582 4448 vocabatur
2618 4411 2633 4450 :
2670 4403 2725 4450 et
2750 4410 2965 4452 omnem
2996 4393 3147 4450 illum
3171 4404 3400 4453 tractum
3443 4410 3622 4466 usque

2049 4485 2117 4538 ad
2149 4483 2368 4553 Pylum,
2395 4501 2516 4555 quae
2537 4486 2689 4542 ltilus
2714 4487 2936 4554 dicitur,
2968 4495 3022 4542 et
3046 4499 3200 4543 extra
3232 4501 3356 4544 eum
3384 4497 3619 4544 tractum

2047 4575 2326 4632 castellum
2361 4575 2648 4647 Zarnatas,
2680 4577 3002 4644 Gastitzam,
3052 4578 3405 4646 Diaseistum,
3461 4581 3622 4647 Mela,

2048 4666 2338 4722 Drachium
2369 4680 2423 4724 et
2447 4659 2730 4724 Pelianum
2751 4685 2873 4725 cum
2905 4671 3037 4726 locis
3074 4671 3358 4738 finitimis;
3395 4674 3622 4741 insuper

2047 4760 2229 4813 omnia
2253 4760 2448 4830 Oppida
2476 4765 2530 4815 et
2561 4762 2785 4817 castella
2831 4765 2899 4816 ad
2965 4763 3146 4818 sinum
3198 4762 3620 4831 Messeniacum,

2049 4864 2145 4917 per
2203 4863 2365 4918 quam
2437 4851 2673 4906 mediam
2771 4852 3048 4922 regionem
3097 4850 3347 4910 Pamisus
3425 4854 3622 4909 ﬂuvius

2046 4940 2270 4996 labitur.
2319 4941 2442 4996 Haec
2499 4944 2867 5010 procuratoris
2915 4946 3137 5000 nomine
3179 4945 3621 5012 administrabat,

2047 5047 2167 5101 qua:
2225 5029 2518 5101 Nicephori
2585 5031 2886 5101 Melisseni,
2947 5035 3130 5106 magni
3180 5037 3619 5105 protostratoris,

2043 5132 2200 5176 erant
2231 5138 2248 5188 ;
2279 5139 2440 5192 quem
2473 5135 2696 5193 propter
2754 5125 2923 5181 animi
2973 5129 3269 5184 versutiam
3304 5137 3360 5182 et
3409 5127 3619 5198 ingenii

2046 5214 2385 5270 celeritatem
2424 5217 2914 5288 (temeritatemque
2935 5233 3202 5273 summam
3225 5221 3291 5274 ad
3313 5235 3402 5275 res
3424 5235 3616 5285 novas,

2045 5319 2182 5372 quas
2225 5305 2404 5370 vellet,
2440 5307 2802 5378 perﬁciendas
2866 5311 3029 5364 etiam
3071 5309 3448 5380 Melissurgum
3525 5325 3618 5366 co-

2044 5395 2460 5464 gnominabant.
2518 5399 2650 5452 Erat
2693 5409 2872 5454 autem
2937 5400 3038 5456 viri
3090 5401 3234 5456 illius
3289 5403 3616 5469 admirandi,

2044 5491 2326 5562 Nicephori
2351 5491 2583 5548 Caesaris
2603 5493 2898 5560 Melisseni,
2931 5494 3091 5564 longo
3128 5504 3472 5564 posterorum
3528 5512 3620 5551 or—

2043 5584 2168 5640 dine
2203 5599 2390 5653 nepos,
2419 5585 2562 5640 Illius
2594 5585 2793 5641 Leonis
2826 5585 3107 5641 Melisseni
3138 5587 3616 5654 sebastocratoris,

2048 5687 2215 5747 atque
2240 5677 2352 5743 jam
2397 5678 2610 5747 pridem
2645 5690 2700 5734 et
2732 5681 2799 5735 ab
2821 5680 2978 5735 initio
3010 5679 3265 5735 dominus
3308 5679 3618 5734 munitissi-

2045 5783 2147 5824 mae
2182 5769 2332 5827 urbis
2367 5768 2642 5841 .lthomes,
2695 5787 2816 5844 quze
2842 5773 3004 5828 etiam
3065 5771 3310 5830 Messene
3375 5769 3616 5843 appella-
