3990 6596
290 453 411 518 ’145

1335 447 1776 509 CIIRONICON
1816 448 2085 511 MAJUS.
2117 472 2182 483 -·
2213 446 2360 508 LIB.
2403 441 2487 504 ΙΙ.

3450 433 3556 498 716
3569 450 3582 460 ‘

295 561 693 634 Μεσσηνιακοῦ
726 562 930 616 κόλπου
958 578 971 591 ·
1019 561 1076 624 6;
1108 562 1300 629 γέγονε
1343 561 1436 614 καὶ
1467 559 1872 629 μητροπολίτης
1909 563 1952 619 Δ
1981 559 2074 613 καὶ
2131 560 2190 612 ὲν
2229 560 2350 621 ταῖς
2414 556 2696 627 χρονικαῖς
2754 553 3020 622 ἱστορίαις
3085 551 3263 614 οὕτως
3317 552 3560 622 ἔγραφον

309 654 838 726 ’Δνδριανουπόλεως
880 652 1263 721 ἀποθανούσης
1297 651 1398 720 τῆς
1431 650 1693 718 γυναικὸς
1714 649 1882 704 αὑτοῦ

295 749 396 803 διὰ
439 748 643 810 πολλάς
667 750 765 800 ’καὶ
799 745 1114 815 ἀναγκαίας
1143 731 1332 810 ἀἰτίας
1385 747 1467 808 είς
1518 744 1708 812 κοινὴν
1739 743 1886 812 ὠφέ-

296 843 476 903 λειαν,
513 841 563 892 εί
595 839 689 893 καὶ⁹
723 841 782 892 τὸ
818 840 998 910 ἄωρον
1029 838 1124 891 τοῦ
1158 837 1394 891 θανάτου
1445 837 1692 908 ἥρπαξεν
1722 837 1886 890 αὑτὸν

297 932 400 986 καὶ
429 930 618 992 ἀτελὲς
645 932 706 981 τὸ
737 928 898 1000 ἔργον
931 927 1221 996 ἁπέμεινε.
1269 927 1534 989 Είπόντες
1567 925 1659 979 οὖν
1705 926 1886 995 ἕτεροι

299 1023 496 1076 πολλοὶ
529 1023 630 1083 τὰς
658 1023 837 1084 αίτίας
871 1022 952 1084 είς
989 1021 1209 1084 πλάτος,
1231 1021 1343 1088 ἐγὼ
1366 1019 1778 1089 ἐγκατέλειπον.
1821 1019 1889 1071 Ἦ

300 1115 366 1168 δὲ
418 1116 564 1168 αἰτία
597 1114 699 1182 τῆς
745 1113 1008 1184 τοιαύτης
1063 1113 1427 1184 ἐπιτροπικῆς
1458 1111 1889 1182 τοιουτοτρόπως

299 1205 474 1276 εἶχεν,
530 1207 630 1274 τῆς
667 1207 805 1276 πρὸς
856 1208 950 1259 τὸν
1006 1206 1274 1276 δεσπότην
1310 1206 1416 1276 κὺρ
1470 1205 1768 1275 Θεόδωρον.
1830 1202 1888 1256 ’0

303 1298 648 1372 προρῤηθεὶς
676 1299 995 1368 Νικηφόρος
1017 1299 1043 1350 6
1066 1299 1409 1369 Μελισσηνὸς
1441 1296 1597 1368 ἔσχεν
1627 1295 1742 1350 υἱὸν
1771 1295 1889 1349 ὀνό-

306 1410 445 1459 ματι
499 1391 791 1453 Νικόῗσαον,
826 1390 885 1442 δν
938 1387 1269 1460 ἀνεγέννησε
1304 1389 1393 1442 διὰ.
1424 1388 1520 1442 τοῦ
1556 1389 1714 1456 ἀργίου
1748 1389 1891 1458 βαπ-

305 1483 574 1547 τίσματος
598 1483 624 1532 6
645 1481 915 1550 δεσπότης
938 1481 1045 1550 κὺρ
1069 1480 1347 1548 Θεόδωρος
1376 1495 1390 1508 ·
1416 1483 1512 1532 καὶ
1535 1480 1594 1530 ὲν
1616 1479 1694 1548 τῷ
1714 1475 1890 1548 καιρῷ

303 1574 410 1638 τῆς
447 1573 840 1638 μεταστάσεως
868 1570 1036 1624 αὐτοῦ
1060 1572 1140 1634 είς
1163 1571 1260 1633 τὰς
1289 1569 1488 1632 ἁΰλους
1513 1569 1680 1639 μονὰς
1708 1570 1758 1639 (6
1781 1569 1890 1640 γὰρ

327 1665 424 1725 »ἰὸς
457 1663 624 1717 αὑτοῦ
666 1663 890 1732 τριετὴς
939 1666 1138 1731 νήπιος
1186 1663 1283 1730 ὣν)
1335 1663 1603 1732 διαθήκην
1655 1662 1890 1729 ποιήσας

307 1756 502 1808 τοζτον
535 1756 801 1808 κατέλιπε
832 1755 926 1808 τὸν
955 1755 1231 1824 δεσπότην
1257 1753 1364 1824 κὺρ
1397 1754 1675 1825 Θεόδωρον
1699 1753 1890 1823 κύριον

311 1848 408 1901 καὶ
442 1848 712 1915 δεσπότην
741 1848 836 1900 καὶ
877 1846 1174 1914 ἐπίτροπον
1202 1845 1297 1898 τοῦ
1327 1846 1517 1908 παιδὸς
1550 1847 1648 1898 καὶ
1669 1845 1890 1898 πάντων

1987 653 2115 715 τοὺς
2151 651 2550 720 ’Μελισσηνοὺς
2621 643 3172 714 Στρατηγοπούλους,
3245 644 3316 697 δι’
3375 645 3562 700 αἰτίαν

1987 742 2266 810 τοιαύτηνο
2301 742 2392 795 τὸν
2425 743 2532 809 γὰρ
2557 738 2800 803 Ἀλέξων
2827 736 3088 807 Καίσαρα
3145 736 3238 787 τὸν
3280 736 3564 806 Μελισσης

1989 835 2100 896 νὺν,
2130 835 2223 887 τὸν
2259 834 2351 888 καὶ
2387 833 2486 902 τὴν
2511 830 3098 886 Κωνσταντινούπολιν
3119 829 3567 898 ἐλευθερώσαντα

1994 925 2154 996 134
2184 927 2248 977 ὲκ
2283 925 2381 988 τῆς
2420 923 2674 976 Λατίνων
2689 922 2896 992 χειρὸς.
2917 918 3407 988 Στρατηγόπουλον
3427 921 3571 971 ὲπω-

1990 1016 2226 1087 νόμαζον
2259 1016 2348 1069 διὰ
2378 1015 2475 1085 τὴν
2511 1015 2747 1084 μάμμην
2789 1012 2982 1074 αὐτοῦ,
3013 1012 3108 1065 καὶ
3140 1010 3327 1064 ἔκτοτε
3353 1009 3415 1063 τὸ
3451 1011 3572 1061 ἐπί-

1993 1109 2129 1177 κλην
2164 1107 2324 1160 τοῦτο
2352 1106 2434 1170 εἰς
2464 1123 2617 1169 τινας
2636 1105 2734 1158 τοῦ
2767 1105 2958 1173 γένους
2979 1101 3173 1156 τούτου
3199 1104 3568 1169 ἐπεκράτησε·

1989 1197 2083 1250 τὸν
2137 1197 2191 1250 δὲ
2219 1195 2537 1268 Νικηφόρον
2569 1196 2664 1250 καὶ
2709 1197 2884 1265 μέγαν
2939 1197 3401 1265 πρωτοστράτορα
3454 1195 3551 1246 καὶ

1991 1290 2270 1345 Μελισσου
2280 1291 2409 1360 ργὺν
2440 1289 2829 1358 ἐπωνόμασαν.
3382 1321 3388 1324 -

2067 1384 2336 1453 Διὴρχετο
2367 1381 2424 1434 δὲ
2456 1381 2554 1452 τὴν
2586 1381 2887 1450 εἰρημένην
2931 1379 3302 1449 ἑπιτροπικὴν
3328 1377 3572 1432 καιδιοί-

1994 1493 2156 1545 κησιν
2193 1473 2287 1528 καὶ
2320 1476 2348 1527 6
2397 1472 2846 1544 πρωτοστράτωρ
2881 1472 3037 1526 Λέων
3086 1475 3114 1525 6
3146 1471 3569 1541 Φραγκόπουλος

1995 1566 2175 1637 καιρῷ
2199 1565 2310 1619 τινὶ
2342 1567 2638 1636 προστάξει
2679 1563 2774 1617 τοῦ
2823 1565 3088 1617 δεσπότου
3129 1565 3234 1634 κὺρ
3261 1564 3570 1632 Θεοδώρου.

1994 1659 2120 1712 ἐπεὶ
2183 1657 2260 1728 τῷ
2303 1657 2519 1727 ἀδελφῷ
2570 1657 2665 1709 καὶ
2728 1656 2966 1726 δεσπότῃ
3003 1656 3110 1726 κὺρ
3169 1658 3573 1725 Κωνσταντίνῳ

1994 1749 2310 1822 ἐδωρήσατο
2341 1751 2482 1818 μετὰ
2513 1748 2735 1803 πάντων
2800 1748 2910 1801 τῶν
2945 1749 3257 1819 προνομίων
3299 1744 3375 1802 ὧν
3431 1745 3570 1818 εἶχε,

1996 1841 2304 1906 τουτέστιν,
2333 1842 2430 1894 ἐὰν
2458 1843 2488 1894 6
2513 1841 2738 1909 γνήσιος
2773 1841 2985 1902 ἐκεῖνος
3042 1839 3384 1909 κληρονόμος
3437 1843 3577 1892 ἀπο-

315 1941 426 1994 τῶν
459 1941 623 1993 αὐτοῦ
659 1906 962 2010 κτημάτων
993 1906 1088 1993 καὶ
1117 1939 1419 2010 χρημάτων
1465 1906 1620 2008 133
1653 1939 1893 2004 κινητῶν
1925 1906 1966 1962 Β
1999 1931 2138 2006 θάνῃ
2194 1935 2324 2005 πρὶν
2370 1930 2467 1986 τοῦ
2661 1933 2828 1993 νόμου
2887 1931 3106 2002 ἠλικίαν
3135 1906 3342 2004 ιρθόισῃ,
3389 1932 3573 1992 πάντα

318 2036 409 2088 καὶ
441 2033 738 2102 ἀκινήτων,
764 2033 852 2085 ὅτι
886 2032 982 2085 ἐὰν
1024 2033 1054 2084 6
1102 2033 1215 2094 υἱὸς
1240 2031 1408 2084 αὑτοῦ
1438 2030 1532 2084 καὶ
1556 2029 1896 2099 κληρονόμος

313 2125 475 2187 εὐθὺς
509 2126 757 2196 ἀποθάνῃ
787 2125 958 2195 χωρὶς
989 2123 1367 2195 κληρονόμων,
1397 2123 1574 2180 πάντα
1602 2121 1670 2175 τὰ
1700 2119 1896 2174 ἑαυτοῦ

314 2218 512 2282 ἄστεα,
544 2218 731 2287 κιῖιμσι
775 2217 871 2269 καὶ
910 2217 1087 2287 χῶραι
1123 2217 1220 2269 καὶ
1257 2215 1497 2285 φρούρια
1552 2214 1767 2268 ἔσονται
1817 2212 1898 2283 τῷ

314 2309 553 2380 δεσπότῃ
582 2311 688 2379 κὺρ
722 2306 1006 2380 Θεοδώρῳ,
1035 2308 1103 2361 τὰ
1133 2307 1288 2369 ἐκτὸς
1333 2310 1429 2360 καὶ
1463 2306 1616 2369 ἐντὸς
1648 2306 1748 2375 τῆς
1787 2306 1892 2358 Πε-

313 2399 673 2467 λοποννήσου.
705 2399 889 2454 τΗσαν
924 2401 1032 2470 γὰρ
1075 2399 1144 2454 τὰ
1173 2399 1347 2462 ἐντὸς,
1405 2398 1700 2468 Ἀνδροῦσα
1747 2397 1892 2466 λέγω

314 2490 414 2542 καὶ
474 2489 804 2559 Καλαμὰτα,
849 2489 1173 2554 Μαντίνεια,
1216 2487 1508 2551 Ἰάννιτζα,
1555 2488 1774 2556 Πίδημα
1807 2486 1898 2539 καὶ

315 2582 482 2648 Μάνη
519 2585 613 2636 καὶ
644 2582 823 2649 Νησὶν
873 2584 969 2635 καὶ
1014 2581 1278 2637 Σπιτάλιν
1328 2581 1423 2634 καὶ
1461 2579 1755 2650 Γρεμπενῆ
1803 2578 1898 2640 καὶ

333 2675 516 2737 Ἀετὸς
548 2678 643 2728 καὶ
677 2675 1031 2743 Νεόκαστρον
1064 2675 1160 2727 καὶ
1207 2670 1408 2740 Ἰθώμη
1443 2674 1475 2742 ἡ
1508 2670 1602 2724 νῦν
1626 2670 1898 2740 λεγομένη

319 2766 584 2833 Μεσσήνη
619 2767 717 2818 καὶ
755 2762 1129 2833 Ἀρχὰγγελος
1161 2763 1258 2816 καὶ
1282 2761 1628 2830 Σαυλάουρος
1655 2762 1752 2814 καὶ
1787 2762 1903 2814 ’Ῑωι

321 2857 514 2910 ἀννινα
545 2857 640 2908 καὶ
672 2855 1022 2922 Λιγούδιστα,
1073 2853 1142 2906 τὰ
1189 2853 1246 2905 δὲ
1301 2852 1458 2914 ἐκτὸς
1493 2851 1706 2921 μεγάλη
1739 2846 1897 2914 Δῖνος

322 2947 422 3000 καὶ
454 2948 486 3017 ὴ
525 2948 654 3015 περὶ
685 2948 854 3016 αὐτὴν
889 2945 1154 3016 παροικία
1191 2946 1363 3010 πᾶσα,
1391 2945 1579 3014 κῶμαι
1611 2945 1704 2997 καὶ
1725 2944 1903 3015 χῶραι

320 3043 427 3104 ιως
457 3041 552 3094 καὶ
585 3039 961 3111 Περιθεωρίου
986 3055 999 3069 ·
1027 3038 1063 3092 ἃ
1091 3038 1185 3092 καὶ
1209 3037 1428 3100 σταλεὶς
1453 3035 1566 3105 ἐγὼ
1592 3037 1903 3106 παρέλαϐον

323 3134 490 3187 αὐτά.

636 3187 675 3209 κ

1996 2026 2169 2080 ταῦτα
2197 2027 2266 2081 τὰ
2289 2026 2390 2096 τῆς
2423 2025 2787 2097 ὲπιτροπικῆς
2820 2025 3084 2096 κτήματα
3115 2024 3346 2078 ἐσωνται
3369 2025 3446 2094 τῷ
3469 2027 3576 2094 κῦρ

1998 2119 2420 2189 Κωνσταντίνῳ.

2071 2219 2143 2281 γ’.
2179 2213 2290 2266 Καὶ
2329 2213 2409 2282 τῷ
2436 2211 2584 2282 αὐτῷ
2614 2210 2728 2265 ἔτει
2762 2211 3016 2283 Μαρτίου
3045 2213 3286 2283 τετάρτῃ
3313 2210 3578 2281 τέθνηκεν

1998 2310 2026 2361 6
2052 2305 2324 2375 δεσπότης
2371 2306 2478 2375 κὺρ
2558 2305 2924 2376 Ἀνδρόνικος,
2975 2307 3002 2359 6
3028 2304 3116 2360 διὰ
3150 2305 3244 2359 τοῦ
3277 2305 3422 2359 Θείου
3485 2306 3581 2358 καὶ

2002 2396 2299 2465 ἀγγελικοῦ
2359 2397 2638 2466 σχήματος
2689 2395 3121 2464 μετονομασθεὶς
3165 2392 3451 2456 Ἀκάκιος·
3481 2391 3590 2446 καῖ

2003 2487 2179 2558 ἐτάφη
2226 2489 2283 2540 ὲν
2313 2489 2380 2558 τῇ
2410 2486 2509 2539 τοῦ
2543 2486 2992 2556 Παντοκράτορος
3027 2487 3187 2555 μονῇ,
3236 2483 3367 2537 ἔνθα
3413 2482 3581 2536 κατέ-

2006 2580 2395 2650 μενε.Βουλῆς
2427 2579 2485 2633 δὲ
2504 2579 2830 2647 ἀποκρύφου
2884 2578 3008 2648 ἐμοὶ
3070 2577 3374 2648 γενομένης
3429 2576 3583 2647 παρᾶ

2001 2673 2098 2728 τοῦ
2140 2673 2398 2737 αὑθεντός
2433 2690 2534 2742 μου
2587 2671 2680 2725 καὶ
2711 2671 2973 2725 δεσπότου
3016 2670 3105 2723 ἵνα
3153 2671 3298 2724 κατὰ
3330 2670 3432 2738 τῆς
3468 2669 3582 2723 Πά-

2005 2783 2145 2837 τρας
2175 2765 2528 2834 ἀπέλθωμεν,
2570 2765 2664 2818 καὶ
2713 2765 2762 2816 εί
2795 2763 2895 2833 μὲν
2947 2762 3360 2832 παραλάϐωμεν
3389 2760 3581 2832 αὐτὴν,

2008 2861 2288 2929 μείνωμεν
2346 2857 2427 2919 είς
2483 2855 2585 2927 την
2623 2856 3056 2925 Πελοπόννησον,
3094 2855 3187 2909 καὶ
3240 2857 3267 2908 6
3311 2855 3473 2918 τόπος
3523 2855 3585 2907 ὂν

2005 2946 2152 3020 εἶχεν
2174 2951 2233 3002 ὲν
2265 2951 2332 3020 τῇ
2382 2948 2571 3021 μαύρῃ
2604 2947 2851 3016 δηλονότι
2910 2947 3160 3021 θαλάσσῃ
3191 2947 3402 3018 δοθείη,
3442 2950 3581 3012 πρὸς

2005 3043 2099 3096 τὸν
2124 3040 2353 3110 ἀδελφὸν
2383 3040 2552 3095 αὑτοῦ
2585 3040 2679 3095 τὸν
2715 3041 2966 3111 βασιλέα,
2997 3042 3048 3094 εί
3068 3041 3124 3094 δὲ
3148 3042 3208 3095 οὐ
3245 3041 3584 3111 παραλάὃω-

2010 3149 2113 3204 μεν
2135 3134 2234 3202 τὴν
2268 3133 2511 3202 Πάτραν,
2575 3133 2905 3204 ἀπέλθωμεν
2927 3149 2943 3167 ο
2978 3135 3061 3196 είς
3092 3133 3190 3203 τὴν
3233 3136 3588 3188 Κωνσταντι-

413 3227 499 3290 Ὧς
527 3227 619 3280 tat
641 3227 700 3280 τὸ
750 3226 1006 3284 πλεῖστόν
1048 3243 1202 3288 τινας
1240 3225 1304 3280 ὲκ
1327 3225 1520 3280 τούτου
1563 3226 1658 3279 τοῦ
1710 3225 1904 3294 γένους
1932 3266 1975 3324 C
2009 3226 2284 3294 νούπολιν,
2317 3226 2427 3283 καὶ,
2471 3225 2631 3290 αὐτὸς
2692 3226 2838 3298 ἔχειν
2891 3226 2972 3290 είς
3010 3227 3112 3295 τὴν
3170 3225 3584 3298 Πελοπόννησον

325 3319 437 3372 τῶν
468 3318 827 3390 Μελισσηνῶν
855 3319 952 3373 καὶ
971 3317 1499 3390 Στρατηγοπούλους
1523 3316 1903 3388 ὲπωνόμαζον,

325 3501 512 3566 batur,
539 3509 592 3555 et
624 3500 788 3555 totius
815 3503 967 3555 sinus
999 3498 1338 3556 Messeniaci.
1362 3501 1514 3556 Idem
1548 3511 1668 3570 post
1697 3501 1904 3555 obitum

331 3595 528 3648 uxoris
564 3593 907 3661 metropolita
937 3594 1319 3662 Adrianopolis
1376 3595 1552 3648 lactus
1609 3602 1715 3658 est,
1761 3608 1912 3648 com-

331 3687 487 3740 muni
544 3685 780 3739 utilitate
843 3686 1026 3740 inultis
1082 3695 1134 3740 et
1198 3685 1621 3740 uecessariisde
1649 3685 1830 3740 causis
1855 3684 1910 3739 id

332 3771 712 3843 postulante:
763 3793 1074 3848 quanquam
1145 3793 1292 3832 mors
1349 3778 1726 3848 intempestiva
1787 3792 1910 3832 eum

335 3869 541 3937 rapuit,
569 3870 822 3938 atqueita
855 3885 942 3924 res
977 3870 1156 3924 caruit
1177 3878 1392 3924 eventu.
1426 3869 1695 3924 Cteterum
1715 3882 1912 3923 causas

333 3960 458 4015 illas
501 3977 622 4015 cum
653 3962 963 4031 complures
1000 3963 1220 4030 cepiosc
1278 3962 1664 4031 explicuerint,
1688 3960 1913 4030 egoillis

331 4053 724 4122 supersedebo.
780 4052 956 4108 Causa
1038 4062 1220 4106 autem
1278 4053 1676 4119 procurationis
1741 4051 1911 4117 illius,

334 4162 500 4214 quam
537 4147 856 4201 Theodorus
887 4150 1107 4217 despota
1143 4147 1401 4211 habebat,
1438 4147 1560 4200 talis
1587 4146 1709 4200 fuit.
1741 4145 1914 4211 Quem

336 4243 610 4295 nominavi
687 4240 1027 4312 Nicephorus
1074 4241 1394 4298 Melissenus
1479 4241 1648 4296 tilium
1726 4228 1918 4295 habuit

334 4333 646 4400 Nicolaum,
680 4349 840 4404 quem
891 4349 1102 4389 esacro
1159 4334 1307 4388 fonte
1367 4342 1679 4401 susceperat
1733 4330 1916 4387 Theo-

336 4423 510 4478 dorus
529 4425 776 4493 despota.
803 4422 994 4494 Itaque
1016 4425 1083 4479 ad
1111 4425 1268 4480 sedes
1284 4426 1592 4480 animarum
1623 4427 1915 4490 transiens,

338 4530 465 4568 cum
523 4516 666 4568 [ilius
711 4524 824 4569 tres
880 4530 1060 4569 annos
1103 4523 1287 4583 ,natus
1342 4525 1510 4579 esset,
1567 4513 1916 4570 Theodorum

2015 3317 2172 3390 135
2227 3319 2296 3373 τά
2324 3318 2427 3389 τῆς
2483 3317 2710 3389 προικὸς
2737 3317 2908 3372 αὑτοῦ
2958 3316 3175 3389 κάστρα
3225 3319 3321 3372 καὶ
3369 3318 3441 3373 τὰ
3490 3315 3588 3372 τοῦ

2012 3501 2284 3556 chronicis
2321 3500 2392 3555 ita
2444 3516 2539 3557 eos
2573 3500 2940 3571 appellarunt,
2991 3499 3318 3556 Melissenos
3370 3500 3588 3556 Strate-

2012 3595 2261 3663 gopulos,
2308 3596 2378 3649 ub
2420 3610 2643 3649 causam
2681 3595 2842 3650 hanc’.
2878 3595 3134 3650 Alexinm
3169 3595 3446 3648 Caesarem
3476 3591 3590 3650 Me-

2015 3685 2299 3749 lisseuum,
2332 3687 2424 3755 qui
2452 3687 2664 3754 Gpolim
2699 3704 2728 3740 a
2766 3686 2976 3741 Latinis
3013 3686 3335 3752 vindicavit,
3373 3686 3590 3740 Strate-

2013 3778 2268 3849 g0pulum
2293 3795 2322 3832 a
2351 3787 2527 3834 matre
2555 3780 2676 3850 ejus
2702 3778 3079 3843 nominarunt,
3105 3788 3270 3848 atque
3293 3778 3420 3852 inde
3443 3778 3590 3832 istud

2014 3880 2431 3941 cognomentum
2466 3873 2518 3926 in
2553 3872 2883 3941 quibusdam
2923 3871 3156 3940 posteris
3179 3869 3296 3937 ejus
3327 3870 3585 3926 obtinuit.

2016 3960 2378 4031 Nicephorum
2431 3976 2560 4016 vero
2602 3970 2654 4016 et
2706 3976 2959 4030 magnum
3027 3970 3489 4031 protostratorem
3532 3970 3591 4017 et

2017 4054 2399 4124 Melissurgnm
2435 4054 2796 4125 appellarunt.

2087 4145 2267 4201 Gessit
2288 4146 2609 4212 aliquandiu
2634 4147 2857 4201 tutelam
2889 4155 2944 4201 et
2973 4150 3411 4217 procurationem
3438 4148 3590 4202 illam

2018 4243 2180 4295 etiam
2220 4240 2331 4296 Leo
2374 4241 2782 4312 Francopulus,
2825 4243 2984 4313 jussu
3017 4243 3291 4299 Theodori
3323 4248 3587 4314 despotze,

2020 4350 2144 4388 cum
2171 4347 2292 4388 eam
2347 4333 2716 4388 Constantino
2747 4335 2988 4404 despoue
3013 4333 3167 4388 fratri
3192 4335 3446 4391 donasset
3466 4351 3590 4390 cum

2020 4423 2274 4478 omnibus
2307 4422 2623 4492 privilegiis,
2659 4423 2761 4478 hoc
2793 4434 2896 4489 est,
2927 4423 2971 4478 si
2997 4422 3269 4492 legitimus
3300 4426 3390 4479 ille
3420 4426 3596 4481 hmres

2021 4523 2350 4580 moreretur,
2385 4515 2902 4586 antequamjustam
2946 4517 3223 4587 attigisset
3246 4528 3490 4586 aetatem,
3533 4529 3594 4574 ut

337 4607 621 4675 despotam
673 4615 999 4662 testamento
1026 4615 1259 4662 tutorem
1296 4609 1451 4676 pueri
1483 4607 1744 4672 instituit,
1795 4621 1916 4660 om-
1949 4601 1996 4660 ι)
2025 4617 2136 4662 tum
2173 4607 2356 4661 omnia
2399 4607 2564 4677 hujus
2585 4608 2776 4679 pupilli
2806 4609 2946 4664 bona
2980 4611 3342 4666 Constantino
3376 4611 3596 4665 domino

339 4701 603 4768 nitnnque
643 4697 962 4754 facultatum
996 4715 1246 4765 suarum,
1272 4701 1550 4755 mobilium
1579 4711 1636 4756 et
1666 4698 1919 4755 immobi-

343 4792 503 4856 -inm,
558 4802 995 4859 procuratorem,
1044 4801 1125 4857 ut,
1158 4793 1200 4846 si
1240 4791 1380 4846 [ilius
1411 4800 1466 4846 et
1521 4791 1697 4847 lueres
1750 4791 1921 4861 ipsius

345 4893 528 4932 snoxe
573 4881 682 4934 vita
737 4882 1050 4948 decederet,
1101 4881 1268 4936 nullis
1321 4883 1530 4938 relictis
1581 4882 1916 4946 hieredibus,

339 4967 530 5022 omnia
555 4971 771 5036 Oppida,
798 4973 926 5036 vici,
959 4973 1098 5039 loca,
1150 4975 1374 5028 castella
1431 4973 1722 5028 Theodoro
1763 4973 1924 5027 cede-

349 5068 515 5124 rent,
603 5060 721 5112 sive
808 5076 1003 5130 extra,
1085 5067 1201 5119 sive
1286 5067 1425 5119 intra
1490 5063 1922 5133 Peloponnesum

345 5150 474 5206 sita.
516 5150 657 5203 Intra
678 5148 1107 5219 Peloponnesum
1140 5165 1296 5209 erant
1323 5154 1592 5221 Audrusa,
1623 5154 1925 5215 Calamata.

349 5241 648 5306 Mantinea,
679 5238 952 5307 Jannitza,
991 5244 1234 5309 Pidema,
1263 5245 1441 5309 Mane,
1473 5245 1648 5308 Nesis,
1681 5245 1926 5315 Spitalis,

349 5335 678 5402 Grempene,
711 5333 903 5396 Aetus,
935 5334 1317 5405 Neocastrum,
1349 5336 1576 5403 Ithome,
1605 5321 1745 5406 quas
1783 5353 1932 5393 nunc

350 5426 598 5480 Messene
627 5424 1254 5498 dicitur,Archaugelus,
1276 5427 1591 5494 Sanlaurus,
1609 5429 1930 5496 lohannina,

349 5515 684 5584 Ligudista;
733 5523 886 5570 extra
933 5515 1362 5588 Peloponnesum
1416 5535 1606 5589 magna
1656 5517 1832 5574 Enos
1879 5531 1934 5575 et

351 5609 474 5676 ejus
509 5608 709 5663 vicinia
751 5617 887 5675 tata,
929 5609 1032 5663 vici
1061 5611 1334 5664 'nimirum
1362 5622 1416 5664 et
1453 5611 1569 5665 loca
1591 5627 1762 5682 usque
1785 5611 1935 5666 Peri-

355 5701 630 5758 theorium
666 5718 825 5773 ;qu:e
858 5717 959 5773 ego
985 5704 1188 5758 missus
1220 5705 1419 5772 recepi.

431 5791 760 5858 Plerumque
791 5792 1054 5862 quosdam
1094 5792 1156 5844 de
1187 5793 1291 5847 hoc
1317 5791 1734 5848 Mclisseuorum
1770 5811 1938 5865 gene-

357 5899 420 5941 re
450 5895 612 5939 ettatn
641 5884 1062 5954 Strategopulos
1094 5883 1575 5954 cognominarunt,
1603 5897 1654 5942 et
1689 5888 1742 5942 in
1784 5889 1935 5946 libris

640 5979 906 6040 PATROL.
957 5978 1074 6037 Gn.
1115 5977 1304 6040 CLVI.

2021 4699 2301 4754 cederent.

2094 4791 2150 4846 ὃ.
2192 4790 2395 4846 Eodem
2428 4805 2598 4856 anno,
2629 4800 2824 4862 quarto
2857 4792 2945 4847 die
2971 4791 3172 4856 Martii.
3221 4811 3251 4848 e
3286 4796 3392 4849 vita
3433 4799 3601 4851 cessit

2023 4883 2376 4938 Andronicus
2399 4883 2648 4954 despota,
2672 4885 2768 4954 qui
2802 4900 2897 4954 per
2929 4884 3176 4938 divinum
3207 4898 3260 4940 ct
3292 4888 3593 4955 angelicmn

2025 4974 2274 5028 habitum
2323 4975 2503 5051 dictus
2539 4984 2622 5031 est
2667 4976 2922 5032 Aeacius.
2976 4974 3238 5044 Sepultus
3267 4987 3350 5030 est
3397 4979 3447 5031 in
3483 4995 3598 5032 mo-

2029 5065 2273 5120 nasterio
2295 5065 2722 5133 Pantocratoris,
2746 5067 2838 5122 ubi
2864 5067 3116 5135 degebat.
3144 5066 3278 5121 Cum
3303 5069 3444 5122 clam
3469 5086 3598 5124 con-

2029 5155 2280 5210 stitutum
2313 5166 2460 5212 esset
2489 5172 2517 5210 a
2545 5157 2906 5214 Constantino
2930 5159 3176 5228 despota,
3205 5159 3427 5215 domino
3455 5179 3596 5230 meo,

2033 5256 2089 5300 nt
2138 5245 2330 5302 Patras
2380 5247 2895 5315 proficisceremur,
2959 5259 3014 5302 et
3076 5248 3122 5302 si
3183 5249 3491 5319 potiremur
3534 5272 3602 5308 eo

2034 5336 2174 5402 loco,
2218 5339 2270 5391 in
2316 5337 2694 5407 Peloponneso
2724 5353 3089 5402 maneremus,
3125 5349 3179 5393 et
3225 5339 3401 5407 locus,
3439 5359 3599 5412 quem

2035 5430 2271 5485 habebat
2315 5431 2380 5486 ad
2429 5445 2582 5485 mare
2627 5429 2870 5502 Nigrum,
2932 5433 3242 5489 traderetur
3287 5434 3604 5506 itnperatori

2039 5522 2191 5577 fratri
2220 5538 2362 5578 suo:
2411 5523 2494 5577 sin
2535 5538 2640 5578 non
2673 5523 3001 5592 potiremur,
3046 5525 3322 5584 abiremus
3369 5529 3607 5602 Cpolim,

2038 5615 2155 5684 ipse
2201 5616 2252 5668 in
2286 5614 2663 5684 Peloponneso
2710 5625 2915 5680 castra,
2961 5632 3083 5685 qua:
3129 5619 3255 5675 dote
3299 5630 3607 5694 acceperat,

2039 5720 2266 5776 quaque
2303 5707 2367 5760 ad
2415 5718 2641 5776 pontum
2687 5706 2958 5763 Euxinum
3009 5718 3190 5774 erant,
3241 5695 3524 5776 retineret,
3579 5727 3610 5767 a

2041 5795 2208 5849 fratre
2231 5806 2415 5848 autem
2453 5795 2744 5852 Theodoro
2773 5798 2876 5852 sibi
2907 5797 3130 5864 donata,
3157 5807 3213 5853 et
3242 5814 3362 5866 qua:
3394 5801 3614 5854 nomine

2040 5886 2222 5942 tutelae
2252 5885 2543 5958 Nicephorl
2569 5887 2842 5946 Mclisseni
2875 5889 3509 5958 administrabanturhad
3532 5893 3614 5950 si-

3221 5982 3298 6044 2's
