3990 6556
337 381 442 442 749

1363 381 1809 442 CHRONICON
1850 382 2212 442 MAIUS.—
2243 381 2386 444 LIB.
2433 384 2510 442 Il.

3469 384 3494 436 Ἰ
3506 383 3574 435 30

325 495 407 555 ἔνι
445 501 529 571 (οὐ
553 501 658 574 γὰρ
700 504 1075 575 προενόμισαν
1105 501 1166 555 τὸ
1203 501 1387 572 τυχδν)
1419 501 1748 554 ἀπέστειλαν
1801 501 1899 554 ἕνα
1925 507 1970 564 Α
2005 501 2108 553 νῶν
2142 501 2408 566 τοξεύσας
2431 502 2522 554 τὸν
2554 499 2650 552 τοῦ
2691 497 2955 553 δεσπότου
2997 498 3189 557 ἵππον,
3241 495 3299 556 ὃς
3333 494 3426 546 καὶ
3483 493 3574 545 εὐ-

323 591 438 646 τῶν
465 595 746 664 ἀρχόντων
778 597 871 648 καὶ
893 595 993 649 ’ἐνα
1020 593 1307 650 κανονικὸν
1347 595 1580 664 Μάρκον
1632 591 1896 663 τοῦνομα,

329 688 478 753 μ-ετά
526 705 672 750 τινος
736 689 1032 758 ἀνθρώπου
1099 689 1236 759 πρὸς
1265 688 1328 741 τὸ
1373 686 1750 756 μεταφράζειν
1807 688 1901 739 καὶ

321 779 511 836 ἄλλων
539 781 870 850 ἀνθρώπων,
903 783 1052 845 ὅπως
1084 782 1299 852 μάθωσι
1333 781 1479 843 τίνες
1505 781 1554 833 oi
1595 780 1692 832 ἐπε
1704 779 1903 850 ρχόμε-

325 888 413 925 νοι
437 875 534 925 καὶ
567 873 655 926 διὰ
681 873 752 929 τί.
804 874 894 938 Ὠς
924 870 1018 928 οὖν
1041 869 1182 928 εἶδον
1206 875 1379 944 ἡμᾶς,
1412 873 1510 926 καὶ
1561 871 1678 936 πῶς
1734 872 1901 941 ἡμεῖς

326 965 607 1035 ζητοῦμεν
642 968 703 1019 τὸ
729 968 966 1038 κάστρον
1003 967 1034 1038 ἢ
1089 967 1229 1035 μετά
1278 966 1557 1036 συνθήκης
1611 967 1644 1035 ἢ
1701 964 1798 1036 οἴῳ
1835 963 1902 1035 δὴ

326 1060 521 1128 τρόπῳ
552 1059 920 1129 δυνησὼμεθα
977 1059 1386 1132 παραλάϐωμεν
1426 1059 1582 1122 αὐτὸ,
1640 1056 1901 1126 ὶπιστρέ-

325 1150 534 1216 eam;
591 1150 728 1218 μετά
791 1151 1030 1219 σπουδῆς
1077 1150 1350 1220 ἔκρουσαν
1429 1149 1530 1210 τὰς
1588 1146 1901 1214 σάλπιγγας

325 1241 426 1292 καὶ
492 1243 600 1293 πᾶν
651 1242 888 1310 ὄργανον
950 1242 1272 1312 πολεμικὸν,
1326 1240 1423 1294 καὶ⁵
1479 1239 1642 1302 εὐθὺς
1694 1239 1898 1300 πάντες

321 1334 374 1386 οἵ
437 1333 589 1393 ἐντὸς
641 1334 736 1386 καὶ
793 1335 952 1399 ἐκτὸς
997 1335 1364 1404 ’συνήχθησαν
1428 1333 1508 1394 είς
1567 1330 1626 1382 τὸ
1678 1329 1904 1390 ὁπλίζε-

327 1425 478 1478 σθαι.
549 1424 746 1495 Ἡμεῖς
807 1427 868 1480 δὲ
937 1427 1031 1482 ἐπὶ
1086 1427 1186 1496 τὴν
1257 1424 1448 1496 αὔριον
1502 1421 1752 1494 ἧρξαμεν
1805 1423 1898 1476 τοῦ

325 1517 594 1586 πολέμου.

402 1613 467 1667 δ’.
513 1613 638 1666 Ἐπὶ
690 1611 790 1682 τὴν
844 1611 1036 1684 αὔριον
1065 1609 1160 1665 οὖν
1199 1611 1442 1681 τυχοῦσα
1473 1614 1508 1681 ἡ
1569 1613 1733 1682 ἑορτὴ
1789 1611 1899 1663 τῶν

324 1710 496 1780 parm
524 1705 803 1776 ἔκόψαμεν
840 1705 968 1772 βάῖα
1001 1685 1296 1776 μυρσίνης,
1323 1706 1420 1758 καὶ
1450 1706 1559 1758 πᾶν
1585 1705 1648 1756 τὸ
1669 1704 1900 1772 στρατό-

329 1801 492 1854 πεδον
523 1800 782 1868 φέροντες
811 1798 972 1868 138
1010 1798 1186 1852 ταῦτα
1213 1798 1317 1852 ἁνά
1341 1801 1535 1869 χεῖρας
1567 1799 1665 1854 καὶ
1719 1797 1900 1851 ὲλθόνο

2006 589 2138 653 θέως
2180 590 2377 644 ἔπεσεν
2413 592 2504 643 ἐπὶ
2535 591 2632 660 τῆς
2663 589 2787 659 γῆς,
2827 590 2918 642 καὶ
2954 590 3255 665 δραμόντες
3300 587 3349 639 oi
3387 583 3575 655 ἐχθροὶ

2003 684 2092 737 ἵνα
2143 684 2547 737 ἀποκτείνωσιν
2577 681 2739 736 αὑτὸν
2772 682 2805 753 ἢ
2835 683 3128 746 πιάζωσιν,
3184 679 3418 748 εὑρέθην
3463 675 3574 745 ἐγὼ

2005 775 2124 827 ἐκεῖ
2151 774 2496 844 ὑπέρμαχος.
2561 773 2832 837 Κάκεῖνος
2881 774 2980 841 μὲν
3011 772 3146 824 Θεοῦ
3180 770 3405 841 βοηθείᾳ
3435 771 3574 823 ἀπο-

2005 867 2236 932 πλακεὶς
2258 868 2351 922 τοῦ
2384 868 2552 922 ἵππου
2586 869 2759 937 ἔφυγε
2791 865 2950 931 πεζός
2976 883 2990 898 ο
3010 867 3134 935 ’ἐγὼ
3166 867 3220 919 δὲ
3254 867 3374 918 κατ’
3397 865 3576 918 αὐτῶν

2007 961 2318 1031 μαχόμενος
2369 961 2572 1014 ὲπίασα
2633 962 2755 1014 τινὰ
2813 961 2930 1014 υἱὸν
2989 962 3361 1030 Σαματέλλου.
3435 959 3576 1014 Ἀλλ’

2004 1055 2154 1124 ήμην
2183 1051 2395 1119 βαρέως
2429 1051 2864 1123 τραυματισθεὶς
2896 1055 3012 1124 ἅμα
3048 1054 3124 1123 τῷ
3157 1053 3332 1125 ἵππῳ,
3382 1055 3442 1117 ὃς
3486 1057 3578 1108 οὖ-

2004 1147 2122 1200 κέτι
2155 1145 2330 1216 ἴσχυε,
2373 1149 2468 1201 καὶ
2501 1148 2700 1200 ἔπεσεν
2729 1150 2756 1200 ὁ
2790 1149 2958 1210 ἵππος
2994 1147 3021 1200 ὁ
3058 1149 3302 1218 ἀριστος,
3339 1145 3398 1210 δς
3425 1149 3579 1219 παρὰ.

2003 1238 2097 1291 τοῦ
2129 1239 2324 1309 ἀμηρᾶ
2351 1239 2506 1310 ἐδόθη
2538 1239 2614 1308 τῷ
2660 1241 2859 1311 Ἀσάνῃ
2906 1241 3160 1310 Ἰσαακίῳ
3188 1242 3352 1312 ἡνίκα
3380 1243 3578 1311 συνήνο

2001 1349 2166 1402 τησεν
2201 1333 2422 1409 ἐκείνῳ,
2451 1329 2546 1386 ὁδ’
2597 1335 2828 1404 Ἀσάνης
2861 1335 2940 1405 τῷ
2984 1336 3219 1406 γαμϐρῷ
3284 1337 3452 1390 αὑτοῦ
3500 1338 3578 1404 τῷ

2001 1421 2454 1495 Φιλανθρωπηνῷ
2490 1425 2776 1497 Γεωργίῳ,
2809 1429 3060 1492 κάκεῖνος
3308 1429 3384 1497 τῷ
3449 1431 3579 1482 ἑαυ-

2003 1513 2097 1567 τοῦ
2127 1516 2336 1586 ἀνεψιῷ
2367 1518 2444 1586 τῷ
2498 1518 2771 1588 Κομνηνῴ
2818 1520 2894 1590 τῷ
2944 1521 3037 1573 τοῦ
3091 1523 3578 1594 πρωτοστράτορος

2004 1608 2395 1674 Καντακουζοῦ
2431 1611 2686 1682 γαμϐρῷ,
2741 1613 2798 1666 δν
2847 1617 3120 1682 φεύγοντα
3164 1618 3298 1684 πρὸς
3331 1618 3577 1672 Γαλατᾶν

2004 1699 2222 1768 φθάσας
2253 1701 2278 1753 ό
2300 1701 2528 1769 dﬁcit-eo;
2557 1720 2664 1770 μου
2696 1706 2791 1757 καὶ
2819 1707 3047 1759 ἐπίασεν
3067 1709 3250 1772 αὑτὸν,
3285 1711 3380 1764 καὶ
3403 1708 3578 1772 οὕτως

2001 1791 2030 1845 ὁ
2057 1792 2288 1863 ἀδελφός
2323 1811 2426 1861 μου
2457 1795 2805 1866 εὐηργετήοη
2839 1798 2928 1851 τὸν
2968 1799 3136 1852 ἵππον
3169 1801 3321 1868 παρά
3355 1801 3447 1853 τοῦ
3482 1801 3578 1870 βα·

324 1907 418 1952 τες
453 1865 736 1959 ἑπέσαμεν
764 1865 900 1959 πῖρὶ
926 1865 1026 1950 τὰς
1055 1887 1233 1952 πύλας
1266 1865 1653 1957 τοῦ-κάπρου.
1714 1887 1803 1950 Ὠς
1841 1887 1897 1940 δὲ
1933 1865 1974 1920 Β
2004 1883 2194 1947 σιλέως
2220 1899 2234 1914 ο
2269 1883 2444 1954 ἔγωγε
2476 1886 2656 1940 λαϐὼν
2681 1865 2810 1958 παρῖ
2842 1891 3052 1943 ἐκείνου
3077 1892 3166 1944 τὸν
3198 1865 3364 1945 ἵππον
3399 1865 3578 1964 ἀπηλ-

324 1981 592 2051 ὲκείμεθα
629 1984 697 2050 τῇ
731 1978 823 2044 κς⁹
856 1979 951 2032 τοῦ
982 1979 1150 2032 αὑτοῦ
1214 1980 1388 2050 μηνὸς
1441 1981 1692 2050 Μαρτίου
1760 1979 1898 2049 μετά

325 2075 428 2144 τὴν
461 2073 559 2128 τοῦ
625 2075 867 2143 μεγάλου
927 2073 1208 2128 Σαϐϐάτου
1255 2073 1584 2128 ἀκολουθίαν
1629 2075 1747 2144 ἦτοι
1801 2077 1898 2145 τὴν

326 2166 482 2220 θείαν
525 2167 944 2235 μυσταγωγίαν,
988 2166 1388 2240 ἀριστήσαντες
1423 2165 1777 2236 καθεζόμεθα
1839 2169 1896 2220 ὲν

320 2262 388 2328 τῇ
426 2257 748 2329 παρεμϐολῇ
789 2259 912 2328 ἢτοι
945 2261 1121 2329 σκηνῇ
1164 2259 1260 2311 τοῦ
1289 2258 1551 2312 αὑθέντου
1588 2261 1746 2329 ἡμῶν
1774 2275 1898 2312 συν-

319 2350 645 2422 ομιλοῡντες
687 2352 821 2421 περὶ
850 2352 1086 2407 πολλῶν.
1154 2353 1286 2407 Ἰδοὺ
1336 2352 1491 2420 ἄφνω
1525 2354 1671 2417 τινὲς
1723 2355 1896 2422 ὀλίγοι

317 2442 554 2512 ἔφιπποι
581 2443 805 2512 ἐξῆλθον
832 2443 934 2512 τῆς
972 2443 1148 2512 πύλης
1174 2443 1275 2512 τῆς
1307 2443 1652 2514 καλουμένης
1677 2443 1900 2516 Ἐϐραῖ-

320 2533 495 2604 κῆςῆ
553 2534 652 2586 τοῦ
706 2535 1108 2601 Ζευγαλατείου
1155 2534 1322 2607 (οὕτω
1360 2535 1470 2606 γάρ
1525 2536 1894 2606 ὠνομάζετο),

321 2627 521 2690 καὶλὼς
556 2629 858 2695 ἐφάνησαν,
891 2628 1220 2698 διωχθέντες
1259 2621 1510 2697 εἰσῆλθον
1537 2627 1624 2682 διὰ
1664 2631 1763 2699 τῆς
1801 2630 1896 2683 τοῦ

321 2717 580 2787 αἰγιαλοῦ
641 2719 857 2790 πύληςο
925 2720 1109 2772 ἐκεῖσε
1174 2719 1700 2783 κατασκευαστικῶς
1755 2716 1897 2790 ἦσαν

321 2811 526 2872 πάντες
555 2810 606 2862 οἱ
635 2810 730 2861 τοῦ
756 2809 998 2882 κάστρου
1049 2810 1189 2880 μετὰ
1223 2811 1518 2882 τζαγκρῶν
1569 2813 1664 2865 καὶ
1723 2812 1898 2876 τόξων

321 2904 418 2955 καὶ
451 2902 752 2956 σκνλόηηον.
785 2904 1046 2973 Εὑρεθεὶς
1074 2901 1167 2958 οὖν
1197 2906 1224 2958 ό
1263 2905 1535 2974 δεσπότης
1569 2906 1726 2974 κάγὼ
1764 2922 1898 2976 προ-

323 2991 639 3057 ϐαδίζοντες
673 2995 780 3064 πρὸ
816 2995 909 3048 τοῦ
933 2996 1178 3066 διωγμόῦ
1220 2991 1330 3048 τῶν
1353 2999 1685 3066 εἰρημένων,
1721 2998 1811 3050 διὰ
1835 2997 1896 3049 τὸ

322 3085 452 3145 τοὺς
510 3085 713 3148 ἵππους
774 3087 932 3157 ἡμῶν
1015 3087 1312 3158 εὑρεθῆναι
1383 3092 1521 3142 κατά
1589 3089 1896 3158 συγκυρίαν

326 3177 768 3283 ⁴ξδἰοιμαομένους
797 3180 1028 3248 πλησίον
1059 3182 1158 3252 τῆς
1178 3181 1421 3252 γεφύρας
1464 3183 1568 3252 τῆς
1624 3181 1741 3237 διδοῖ)
1793 3185 1893 3254 τῆς
1921 3223 1965 3283 C

321 3263 644 3340 ἀπαγούσης
678 3270 755 3333 εἰς
786 3270 875 3324 τὸν
901 3271 1056 3340 ἅγιον
1086 3273 1371 3343 Ἀνδρέαν,
1407 3273 1494 3338 τὶς
1531 3275 1643 3328 τῶν
1674 3276 1894 3348 Πατρηο

317 3452 402 3509 sis
434 3451 784 3508 commodum
840 3463 961 3508 esse
998 3452 1299 3514 videretur.
1339 3466 1471 3506 ecce
1501 3451 1758 3521 oppidani
1796 3464 1895 3506 nos

320 3541 592 3609 videntes,
639 3551 694 3596 et
725 3541 856 3612 quid
912 3543 1014 3597 hoc
1043 3543 1121 3597 rei
1166 3551 1318 3596 esset
1351 3542 1498 3596 dubii
1548 3542 1718 3612 (nihil
1747 3541 1892 3594 enim

319 3631 631 3700 huiusmodi
671 3633 925 3701 opinione
973 3630 1391 3701 przeceperant),
1437 3645 1601 3684 unum
1637 3648 1666 3684 e
1698 3631 1898 3700 magis-

321 3727 578 3791 tratibus,
610 3734 664 3780 et
690 3726 1014 3780 canonicum
1039 3727 1354 3793 quemdam,
1382 3723 1616 3777 Marcum
1649 3723 1890 3786 nomine,

321 3833 446 3872 cum
479 3817 586 3871 alio
617 3817 853 3887 quodam
885 3817 1104 3871 nomine
1133 3830 1198 3870 ex
1230 3815 1352 3868 aliis
1385 3822 1760 3882 percontatum
1788 3811 1894 3865 mi-

315 3920 532 3975 serunt,
561 3901 653 3979 qui
683 3920 864 3994 essent
889 3910 978 3980 qui
1010 3908 1258 3964 venirem
1284 3919 1338 3962 et
1364 3922 1525 3976 quam
1556 3907 1624 3960 ob
1648 3920 1890 3960 causam.

317 4003 422 4070 Qui
455 4013 740 4072 postquam
775 4018 876 4057 nos
907 4010 1245 4072 agnoverunt
1271 3999 1635 4067 oppidumque
1671 4014 1698 4050 a
1735 3995 1893 4050 nobis

316 4098 488 4166 quaeri
518 4099 632 4151 sive
660 4096 935 4166 pactione,
961 4094 1077 4149 sive
1109 4106 1431 4162 quocunque
1464 4091 1574 4146 alio
1601 4091 1783 4154 modo,
1813 4090 1894 4144 iu-

321 4188 673 4252 tellexeruat,
726 4185 1059 4240 festinanter
1102 4185 1333 4249 reversi,
1380 4183 1520 4236 tubis
1567 4191 1622 4236 et
1673 4181 1894 4252 reliquis

319 4277 702 4332 instrumentis
753 4276 964 4332 bellicis
994 4277 1063 4334 ad
1110 4292 1261 4330 arma
1308 4284 1529 4334 vocant.
1577 4283 1631 4328 et
1686 4273 1892 4337 cuncti,

321 4369 520 4439 quique
559 4370 722 4432 intra,
757 4368 958 4437 quique
1003 4376 1158 4422 extra
1197 4367 1398 4420 muenia
1447 4373 1628 4430 erant,
1681 4365 1747 4418 ad
1785 4364 1891 4418 vim

319 4461 607 4515 arcendam
657 4469 1016 4515 concurrunt.
1058 4459 1169 4515 Nos
1220 4458 1468 4538 sequenti
1519 4457 1637 4511 luce
1685 4456 1885 4511 bellum

317 4568 431 4607 OI‘SI
456 4567 668 4606 SlllllUS.

385 4645 444 4699 4.
473 4643 743 4700 Postridie
770 4642 959 4714 igitur,
992 4643 1252 4712 quoniam
1279 4644 1582 4712 palmarum
1611 4629 1726 4696 dies
1748 4651 1884 4706 erat,

318 4752 500 4790 ramos
533 4736 694 4806 myrti
730 4736 1157 4805 amputavimus,
1210 4750 1347 4804 quos
1385 4733 1638 4788 manibus
1670 4744 1892 4803 gestans

318 4839 464 4882 totus
497 4829 775 4882 exercitus
813 4837 1000 4897 portas
1035 4827 1198 4882 castri
1231 4828 1460 4880 adortus
1493 4836 1596 4881 est.
1629 4825 1887 4894 Ejusdem

321 4921 524 4970 densis
551 4917 726 4971 Martii
755 4918 844 4971 die
870 4918 961 4980 26,
985 4933 1106 4971 cum
1130 4925 1252 4987 post
1275 4916 1512 4971 omnium
1546 4917 1724 4986 magni
1753 4914 1891 4970 Sab-

320 5010 431 5058 hati
465 5009 576 5059 sive
609 5007 852 5062 divinam
885 5007 1269 5072 initiationem,
1308 5021 1336 5060 a
1371 5008 1598 5075 prandio
1627 5008 1680 5060 in
1711 5014 1890 5062 tento-

320 5099 404 5152 rio
434 5100 636 5151 domini
675 5098 848 5152 nostri
874 5100 1314 5153 consedissemus
1341 5109 1397 5152 et
1432 5099 1610 5152 varios
1640 5099 1892 5154 miscere-

321 5207 444 5244 mus
470 5205 778 5256 sermones,
804 5199 1026 5258 repente
1065 5191 1270 5258 aliquot
1291 5191 1505 5259 equites
1528 5206 1623 5259 per
1652 5200 1888 5259 portam,

317 5282 408 5336 cui
460 5295 655 5334 nomen
689 5291 770 5340 est
816 5281 1095 5334 llebraica:
1126 5281 1208 5334 vel
1257 5280 1554 5349 Zeugalatii
1601 5283 1699 5348 (ita
1743 5281 1888 5334 enim

317 5373 651 5443 appellatur)
693 5383 1090 5442 prorumpunt;
1125 5375 1242 5436 sed,
1295 5373 1386 5427 ubi
1435 5382 1890 5443 comparuerunt,

319 5481 446 5520 mox
471 5466 694 5535 repulsi,
721 5482 815 5534 per
842 5476 1052 5534 portam
1079 5468 1240 5520 littori
1268 5467 1568 5534 oppositam
1591 5466 1889 5534 refugiunt.

317 5557 396 5612 lbi
429 5572 621 5612 omnes
651 5558 863 5622 incolae,
895 5557 1120 5623 labaris,
1156 5559 1390 5612 arcubus
1420 5569 1473 5612 et
1508 5558 1643 5627 palis
1669 5558 1888 5622 armati,

315 5649 572 5704 aderant.
613 5648 733 5704 Jam
787 5667 908 5705 cum
956 5651 1184 5720 despota
1218 5663 1272 5705 et
1315 5666 1437 5716 ego,
1489 5659 1780 5720 antequam
1801 5650 1891 5726 illi

316 5754 420 5794 nos
442 5752 920 5811 persequerentur,
947 5743 1085 5809 fuga:
1120 5760 1216 5798 nos
1235 5743 1728 5806 commisissemns,
1763 5744 1888 5812 quia

315 5845 446 5902 equi
478 5825 650 5889 nostri
677 5834 824 5905 iuxta
862 5845 1074 5904 portam
1112 5835 1233 5898 vim,
1264 5852 1383 5905 qua:
1425 5841 1490 5890 ad
1523 5834 1578 5888 S.
1615 5835 1888 5888 Andream

2001 1982 2093 2033 θον
2124 1981 2204 2044 είς
2230 1981 2667 2052 Πελοπόννησον.
2704 1983 2894 2035 Πεσὼν
2923 1982 3015 2036 σὺν
3041 1986 3066 2036 ὁ
3087 1983 3274 2050 ἵππος,
3305 1984 3576 2053 ἐπιάσθην

2000 2073 2228 2136 πολλαῖς
2271 2075 2514 2145 πληγαῖς
2556 2075 2970 2144 πεπληγμένος.
3028 2077 3138 2128 Καὶ
3192 2078 3577 2144 ἀπαγαγόντες

2001 2179 2070 2231 με
2120 2162 2404 2234 ἕμϐλησαν
2436 2167 2516 2227 είς
2565 2165 2655 2217 τὸν
2709 2166 2908 2233 γουλᾶν
2941 2167 3060 2238 ἤτοι
3112 2168 3203 2222 τὸν
3255 2169 3466 2238 πύργον
3515 2170 3576 2222 ἐν

1999 2255 2135 2324 οἴκῳ
2166 2257 2452 2326 σκοτεινῷ,
2482 2257 2612 2310 ἔνθα
2637 2254 2776 2329 ἦσαν
2809 2263 3144 2331 μύρμυγκες
3169 2263 3264 2314 καὶ
3299 2264 3574 2333 σιτόφθει-

2002 2365 2094 2417 ρες
2131 2352 2227 2402 καὶ
2259 2352 2393 2418 μύες
2425 2350 2514 2404 διὰ
2537 2352 2596 2402 τὸ
2619 2345 2761 2404 εἶναι
2789 2369 2922 2404 ποτε
2955 2354 3104 2406 σίτου
3138 2354 3390 2426 ἀποθήκη
3423 2372 3438 2386 ·
3479 2357 3574 2408 καὶ

1999 2440 2326 2510 χειροπέδας
2364 2445 2587 2511 σιδηρᾶς
2617 2444 2953 2514 περιέθηκαν
2992 2450 3106 2509 τοῖς
3144 2449 3267 2500 ποσί
3322 2466 3425 2512 μου
3477 2451 3572 2502 καὶ

2001 2533 2197 2603 σειράν
2259 2534 2382 2587 λίαν
2451 2535 2764 2605 βαρυτάτην
2815 2539 2910 2590 καὶ
2977 2540 3209 2608 στερεὰν
3249 2540 3390 2609 μετά
3449 2543 3575 2593 σκό-

1997 2625 2161 2688 λοπος
2217 2626 2454 2704 μεγάλου
2511 2630 2652 2681 κατά
2706 2629 2810 2697 γῆς
2874 2631 3225 2700 πεπηγότος’
3286 2632 3412 2685 ἔνθα
3476 2650 3576 2686 κα-

1996 2719 2111 2780 κῶς
2184 2722 2498 2790 ὲκοιτώμην
2553 2725 2609 2774 ὲν
2659 2724 2724 2792 τῇ
2782 2724 3008 2796 τοιαύτῃ
3061 2727 3297 2797 φρουρᾷ,
3357 2727 3570 2796 πικρῶς

1996 2809 2278 2877 διαγαγὼν
2313 2812 2419 2864 ἀπὸ
2458 2831 2509 2865 τε
2572 2814 2679 2865 τῶν
2707 2815 2932 2882 πληγῶν
2958 2817 3052 2868 καὶ
3083 2817 3192 2869 τῶν
3222 2817 3438 2887 δεσμῶν
3476 2823 3572 2871 καὶ

1996 2901 2104 2953 τῶν
2127 2903 2324 2967 ἀλλων,
2359 2905 2432 2967 ὡς
2463 2906 2782 2976 δεδήλωται,
2824 2907 2859 2960 ἃ
2920 2907 3172 2979 ὑπῆρχον
3227 2913 3284 2962 ἐν
3333 2912 3460 2981 τῇδε
3503 2917 3570 2983 τῇ

2000 2995 2234 3064 φρουρᾷο

2069 3085 2131 3142 ε’.
2173 3087 2438 3142 Ἐνταῦθα
2467 3091 2524 3142 δὲ
2554 3092 2658 3161 χρὴ
2695 3093 3068 3163 διηγήσασθαι
3114 3097 3268 3164 ἡμᾶς
3298 3097 3392 3150 καὶ
3443 3097 3574 3167 περὶ

2002 3178 2102 3248 τῆς
2139 3181 2441 3250 όσιωτάτης
2475 3183 2785 3254 Θωμαῖδος.
2812 3186 2960 3256 Αὕτη
2988 3188 3052 3239 ὲκ
3073 3188 3264 3256 γένους
3294 3189 3570 3259 χρησίμου

1997 3272 2246 3342 ὑπῆρχεν
2283 3274 2340 3325 ὲν
2369 3277 2431 3344 τῇ
2477 3277 2712 3347 ἀνατολῇ
2753 3278 2851 3347 τῆς
2899 3278 3125 3343 Ἀσίαςο
3182 3280 3278 3335 καὶ
3323 3282 3576 3351 ἀπορψα·

1998 3454 2168 3518 ducil,
2213 3453 2356 3510 forte
2404 3459 2581 3524 parati
2630 3469 2810 3523 erant,
2871 3469 2926 3513 et
2962 3475 2990 3514 a
3041 3458 3288 3516 Patrensi
3333 3464 3567 3532 quodam

1997 3563 2169 3615 equus
2193 3547 2534 3604 Constantini
2571 3553 2766 3620 sagitta
2801 3552 3084 3621 perfossus
3107 3562 3279 3620 esset,
3306 3559 3568 3612 ut'statim

2001 3639 2363 3694 Collaberclur
2403 3641 2575 3705 hutni,
2607 3643 3026 3697 Constantinum
3055 3645 3124 3698 al)
3158 3646 3570 3714 insequentibus

2003 3731 2276 3793 hostibus,
2307 3731 2398 3800 qui
2437 3741 2528 3785 aut
2560 3747 2757 3801 capere
2789 3742 2880 3786 aut
2907 3735 3160 3790 occidere
3187 3752 3309 3791 eum
3343 3740 3567 3806 vellent,

1999 3837 2101 3891 ego
2133 3822 2372 3876 defendi.
2409 3821 2594 3892 Itaque
2621 3823 2804 3877 divino
2839 3825 3046 3879 auxilio
3077 3826 3168 3880 ille
3200 3842 3290 3880 rex
3317 3844 3570 3898 equnex.

1998 3912 2235 3980 peditus,
2273 3913 2434 3979 pedes
2487 3927 2546 3965 se
2585 3913 2651 3966 iis
2699 3912 3004 3980 subtraxit;
3041 3929 3142 3985 ego
3179 3918 3437 3972 adversus
3473 3920 3572 3973 lto-

1998 4014 2112 4058 stes
2146 4003 2453 4067 deeertans,
2489 4002 2658 4056 lilium
2684 4005 2973 4072 quemdam
3008 4003 3286 4063 Samatelli
3312 4011 3451 4078 cepi,
3476 4014 3570 4068 sed

1998 4101 2051 4144 et
2087 4090 2203 4159 ipse
2232 4091 2471 4158 graviter
2503 4089 2824 4146 vulneratus
2870 4108 2987 4146 sum
3031 4109 3150 4148 cum
3179 4110 3317 4164 equo
3346 4112 3572 4166 genero-

1999 4182 2238 4246 sissimo,
2290 4181 2382 4251 qui
2440 4198 2562 4236 mox
2617 4177 2830 4236 defectu
2885 4184 3077 4238 virium
3130 4189 3387 4244 concidit.
3428 4191 3566 4245 Eum

1997 4288 2196 4341 equum
2223 4275 2445 4327 dederat
2467 4289 2680 4327 ameras
2700 4271 2905 4328 lsaacio
2925 4275 3114 4336 Asani,
3135 4279 3198 4329 ad
3221 4292 3280 4331 se
3304 4281 3567 4346 profecto,

1997 4359 2207 4418 Asanes
2237 4363 2470 4435 Georgio
2496 4361 2980 4434 Philanthropeno,
3005 4383 3224 4450 genero
3246 4385 3366 4435 suo,
3405 4379 3568 4444 atque

1999 4457 2086 4510 hic
2129 4471 2319 4510 rursus
2346 4455 2623 4524 Comneno
2649 4459 3006 4524 consobrino,
3043 4453 3409 4518 Cantacuzeni
3441 4482 3570 4533 pro-

1915 4571 1970 4632 D
2001 4546 2306 4601 tostratoris
2345 4562 2563 4614 genero,
2593 4561 2754 4616 quem
2791 4545 3036 4602 Galatam
3063 4545 3360 4620 fugientem
3399 4552 3567 4609 inter

2000 4653 2149 4692 mens
2177 4639 2611 4707 comprehendit.
2642 4639 2689 4692 ls
2725 4654 2924 4709 equum
2950 4639 3094 4693 dono
3136 4645 3345 4711 accepit
3371 4643 3438 4698 ab
3466 4646 3567 4700 im-

1995 4736 2270 4797 peratore,
2310 4739 2475 4798 atque
2525 4744 2624 4798 ego
2673 4730 2867 4783 eodem
2906 4746 2932 4781 a
2988 4723 3158 4784 fratre
3207 4731 3458 4800 donatus,
3507 4737 3559 4792 ia

1993 4814 2426 4895 Peloponnesum
2477 4841 2601 4879 eum
2636 4825 2860 4879 abduxi.
2905 4825 3168 4894 ‘Collapso
3209 4827 3370 4895 igitur
3397 4845 3560 4899 equo,

1995 4914 2110 4982 ipse
2133 4915 2318 4970 multis
2342 4915 2514 4984 plagis
2538 4929 2855 4986 percussus,
2882 4915 2935 4968 in
2967 4924 3289 4984 potestatem
3316 4917 3555 4975 hostium

1995 5006 2140 5072 veni,
2180 5006 2271 5075 qui
2324 5005 2614 5059 abductum
2654 5021 2738 5059 me
2789 5007 2839 5057 in
2882 5021 3159 5058 carcerem
3211 5005 3322 5061 sive
3364 5009 3559 5064 turrim

1993 5097 2210 5152 aedificii
2243 5096 2521 5150 tenebrosi
2581 5095 2952 5164 coniecerunt,
2993 5095 3260 5152 formicis.
3294 5101 3562 5155 curculio-

1997 5186 2152 5240 nibus
2184 5193 2239 5240 et
2273 5189 2521 5240 muribus
2554 5195 2878 5248 scatentem,
2908 5186 3108 5254 quippe
3146 5201 3266 5256 quae
3291 5192 3556 5257 quondam

1998 5276 2191 5332 fuisset
2217 5278 2551 5346 granarium.
2592 5273 2822 5330 Brachia
2855 5286 2907 5330 et
2943 5277 3105 5344 pedes
3133 5275 3363 5335 vincu‘lis
3390 5291 3444 5335 et
3470 5263 3562 5336 ca;

1997 5379 2118 5424 tena
2154 5370 2303 5440 gravi
2335 5379 2388 5422 et
2428 5368 2604 5422 solida
2650 5369 2713 5421 ad
2769 5369 2949 5437 palum
3006 5385 3266 5438 magnum
3320 5372 3374 5426 in
3419 5382 3562 5428 terra

1997 5462 2228 5516 defixum
2265 5463 2730 5515 constrinxerunt.
2767 5461 2903 5515 Male
2932 5462 2984 5516 in
3018 5478 3080 5517 ea
3115 5463 3362 5518 custodia
3395 5467 3562 5521 cuba-

1998 5557 2119 5623 bam
2166 5563 2385 5625 preptcr
2423 5553 2628 5624 plagas,
2669 5555 2907 5622 vincola,
2949 5566 3003 5610 et
3052 5553 3286 5626 reliqua,
3328 5573 3447 5627 qua:
3489 5559 3562 5614 ibi

1998 5647 2162 5702 fuisse
2191 5647 2529 5707 incommoda
2559 5648 2884 5716 significavi.

2068 5738 2121 5792 5.
2165 5735 2261 5792 llic
2287 5738 2390 5792 loci
2424 5739 2491 5792 de
2520 5740 2870 5794 sanctissima
2898 5739 3198 5796 Thomaide
3230 5747 3562 5795 narrandum

2000 5831 2156 5886 nobis
2177 5840 2278 5887 est.
2310 5830 2382 5884 Ex
2404 5832 2628 5886 honesta
2655 5831 2859 5886 familia
2884 5833 3121 5888 Orientis
3151 5833 3202 5886 in
3224 5833 3349 5888 Asia
3376 5848 3568 5904 proge-
