3990 6562
531 421 631 488 151

1762 421 2086 480 GEORGII
2134 416 2556 480 PHliANTZ.-E

3693 415 3778 478 75!

526 535 808 589 νισθεῖσαν
835 535 884 586 οἱ
943 535 1144 604 ἑαυτῆς
1179 536 1469 604 συγγενεῖς
1521 537 1728 608 ἤγαγον
1793 535 1966 600 αὐτὴν
2013 534 2091 594 εἰς
2123 541 2165 594 Α
2197 535 2260 603 τῇ
2287 534 2496 602 Λήμνῳ
2529 535 2556 586 ὁ
2592 530 2811 594 πάππος
2849 549 2952 599 μου
2994 532 3310 601 εὑρίσκετο
3350 531 3503 601 μετά
3563 531 3659 602 τῆς
3702 550 3780 600 γν-

525 625 1126 691 Κωνσταντινούπολιν,
1177 627 1270 679 καὶ
1303 626 1512 679 ἔδωκαν
1568 627 1739 695 αὑτὴν
1776 629 1841 694 τῇ
1891 625 2094 692 ἀδελφῇ

523 717 632 771 τῶν
656 719 824 785 τριῶν
863 717 1167 788 ἀρχιερέων
1199 719 1293 770 καὶ⁸
1353 717 1604 785 ἀδελφῶν
1670 719 1764 770 καὶ
1823 716 2096 787 βασιλέων

528 810 627 861 καὶ
657 811 827 879 μητρὶ
861 808 955 862 τοῦ
994 811 1310 879 σοφωτάτου
1358 809 1647 863 Καϐασίλα
1674 811 1720 864 Ν
1729 811 1972 871 ικολάου,
2001 809 2098 860 καὶ

525 899 671 970 εἶχεν
707 902 878 971 αὑτὴν
915 903 1010 954 καὶ
1066 903 1343 955 ἐπαίδευε.
1389 901 1498 953 Καὶ
1549 901 1691 970 μετά
1741 919 1866 956 τινα
1902 901 2095 970 καιρὸν

525 994 773 1062 ἀπῆλθεν
801 995 880 1057 είς
910 994 1322 1064 Θεσσαλονίκην
1357 995 1446 1047 διὰ
1487 994 1549 1046 τὸ
1579 997 1757 1048 ἐκεῖσε
1810 991 1949 1048 εἶναι
2004 995 2096 1048 τὸν

525 1087 758 1154 ἀδελφὸν
813 1087 986 1156 αὑτῆς
1044 1088 1364 1140 Καϐἀσιλαν
1423 1087 1582 1159 140
1644 1089 1930 1159 ἀρχιερέα,
2003 1088 2098 1142 καὶ

523 1175 747 1246 ’ᾤκησεν
783 1179 862 1240 είς
887 1178 986 1249 τὴν
1019 1180 1192 1249 μονὴν
1215 1185 1313 1249 τῆς
1346 1181 1508 1247 ἁγίας
1528 1179 1810 1252 Θεοδὼρας
1843 1180 1982 1250 μετὰ
1997 1181 2096 1249 τῆς

531 1271 986 1338 Παλαιολογίνης,
1019 1271 1278 1340 ἐναρέτου
1310 1272 1405 1324 καὶ
1438 1271 1625 1338 λογίας
1665 1271 1943 1338 γυναικὸς,
1969 1269 2099 1340 περὶ

525 1356 594 1432 ἦς
629 1363 886 1427 πολλάκις
918 1364 1146 1429 πολλοὺς
1177 1366 1383 1436 ἤκουσα
1409 1368 1562 1436 παρὰ
1590 1365 1684 1420 τοῦ
1723 1367 1975 1434 ἀοιδίμου
2000 1367 2098 1438 βα-

532 1453 725 1514 σιλέως
764 1455 868 1522 κὺρ
929 1455 1190 1522 Μανουὴλ
1224 1456 1506 1522 ἐπαίνους,
1541 1458 1636 1510 καὶ
1672 1456 1900 1520 πολλοὺς
1938 1456 2101 1510 κανό-

526 1564 622 1606 νας
646 1544 724 1608 εἷς
751 1563 811 1597 τε
841 1547 932 1598 τδν
976 1547 1129 1613 ἅγιον
1169 1550 1482 1619 Δημήτριον
1522 1549 1616 1600 καὶ
1678 1548 1841 1616 ἁγίαν
1891 1541 2099 1603 Θεοδῶ-

533 1656 634 1703 ραν
664 1639 760 1690 καὶ
805 1639 887 1700 είς
947 1631 1138 1701 ἄλλους
1176 1640 1365 1706 ἁγίους
1416 1641 1699 1708 ἀνέγνωσα
1742 1641 1852 1709 ἐγὼ
1887 1642 2101 1709 ἐκείνης

529 1729 850 1795 ποιήματαο
888 1728 944 1781 αἳ
975 1726 1118 1796 εἶχον
1155 1731 1254 1782 σὺν
1289 1733 1482 1793 αὑταῖς
1536 1735 1631 1785 καλ⁸
1658 1735 1758 1803 τὴν
1793 1734 1958 1801 ἁγίαν
1978 1736 2100 1788 Θωο

531 1820 719 1888 μαῖδα,
749 1821 844 1870 καὶ
871 1821 1161 1873 ἐπαίδευον
1191 1823 1272 1886 εἷς
1291 1839 1350 1874 τε
1391 1824 1492 1891 τὴν
1524 1825 1732 1894 ἀρετὴν
1786 1827 1880 1878 καὶ
1910 1827 2093 1895 λόγον.

543 1912 631 1973 Ὠς
652 1911 708 1963 δέ
732 1907 861 1981 ἦλθε
890 1911 949 1963 τὸ
981 1913 1142 1986 τέλος
1170 1913 1374 1981 αὑτῶν,
1406 1914 1704 1967 κατέλιπον
1738 1916 1875 1986 αὑτῇ
1917 1917 2098 1970 πάντα

525 2004 595 2055 τὰ
629 1979 834 2068 αὑτων,
865 2002 999 2054 ἀλλὰ
1029 2002 1094 2066 δὴ
1116 1979 1213 2056 καὶ
1244 2005 1343 2072 τὴν
1362 1979 1456 2058 τοῦ
1489 2006 1808 2075 Κύπρια.νοῦ
1840 1979 2094 2074 γυναῖκα,

527 2097 650 2167 ητις
683 2098 1120 2165 ἀγανακτήσασα
1172 2097 1234 2149 τὸ
1270 2098 1508 2166 σκληρὸν
1544 2097 1642 2150 τοῦ
1675 2099 1871 2168 ἀνδρὸς
1923 2101 2095 2168 αὐτῆς

527 2193 620 2241 καὶ
647 2187 963 2242 ἀπελθοῦσα
996 2190 1133 2258 πρὸς
1193 2190 1292 2252 τάς
1354 2192 1612 2260 ῥηθείσας
1649 2193 1819 2260 μονὰς
1884 2193 2095 2264 μοναχὴ

527 2281 770 2350 ἐγένετο,
829 2281 956 2334 ἐπεὶ
1005 2281 1060 2335 δὲ
1098 2283 1158 2334 τὸ
1220 2283 1374 2346 τέλος
1426 2285 1610 2336 αὑτῶν
1649 2286 1888 2351 ἐγένετο,
1931 2287 2095 2339 πάλιν

525 2373 772 2444 ὑπετάγη
807 2379 872 2443 τῇ
901 2375 1125 2428 ἐκείνων
1157 2376 1484 2448 κληρονόμῳ
1515 2378 1614 2430 καὶ
1653 2376 1748 2430 τοῦ
1781 2377 1924 2448 βίου,
1944 2380 2095 2443 ὅπως

519 2467 725 2537 δήποτε
758 2468 852 2519 καὶ
882 2469 1003 2528 ταῖς
1035 2468 1259 2536 ἀρεταῖς
1289 2469 1566 2538 ὑπετάγη,
1625 2469 1720 2521 καὶ
1768 2469 1952 2533 καλῶς
1981 2469 2096 2539 διή-

521 2574 653 2611 νυσε
680 2557 772 2611 τὸν
805 2557 906 2626 τῆς
938 2558 1220 2628 ὑποταγῆς
1271 2561 1472 2629 δριμον
1523 2561 1685 2630 μέχρι
1717 2561 1973 2615 θανάτου.
2021 2561 2093 2614 Ἦ

522 2651 839 2720 Κυπριανοῦ
876 2651 1020 2718 λέγω
1077 2655 1213 2721 γυνὴ
1245 2648 1313 2724 ἦν
1349 2653 1491 2723 αῦτη
1552 2654 1648 2707 τοὺ
1709 2655 1957 2719 ἐλθόντος
2008 2657 2092 2718 είς

519 2741 1100 2796 Κωνσταντινούπολιν
1131 2745 1226 2796 καὶ
1286 2744 1386 2813 τὴν
1445 2748 1613 2816 μονὴν
1667 2747 1951 2810 κτίσαντος
1995 2746 2093 2818 τὴν

517 2831 598 2892 είς
659 2831 832 2900 ὁνομα
879 2833 990 2885 τῶν
1057 2833 1233 2900 ἀγίων
1295 2833 1520 2900 ἐνδόξων
1583 2835 2092 2907 μεγαλομαρτύρων

516 2923 834 2994 Θεοδὼρων,
873 2926 1355 2997 ἐπονομαζομένην
1389 2928 1482 2980 τοῦ
1512 2928 1861 2999 Κυπριανοῦ.
1894 2929 2014 2983 Τῶν
2031 2931 2090 2984 δὲ

514 3017 732 3070 ἀσεὸὡν
754 3018 855 3087 τὴν
885 3019 1293 3089 Θεσσαλονίκην
1337 3022 1770 3089 παραλαϐόντων
1801 3022 2090 3087 ἐξελθοῦσα

515 3108 550 3176 ἠ
587 3109 709 3160 ὁσία
736 3107 966 3178 θωμαῒς
1012 3111 1149 3180 μετά
1190 3111 1290 3180 τῆς
1331 3111 1707 3180 ὑποτακτικῆς
1761 3113 1936 3181 αὑτῆς
1988 3113 2090 3181 τῆς

517 3199 835 3267 Κυπριανοῦ
866 3201 1131 3268 γυναικὸς
1178 3203 1426 3273 ἀπῆλθεν
1459 3207 1538 3264 είς
1565 3207 1805 3274 Λῆμνον,
1837 3205 1922 3259 ίνα
1941 3207 2086 3258 ἐκεῖο
2111 3239 2156 3302 C

515 3292 607 3344 θεν
636 3293 802 3346 πάλιν
825 3295 905 3356 είς
931 3295 1034 3364 τὴν
1062 3295 1474 3350 Κωνσταντίνου
1543 3296 1834 3368 ἐπανέλθῃ.
1888 3298 1979 3352 Ἐν
2028 3297 2086 3350 δέ

511 3483 698 3527 nerata
752 3483 890 3529 erat.
946 3473 1272 3531 Parentibus
1316 3478 1561 3533 orbatam
1611 3482 1828 3552 cognati
1873 3482 2076 3552 Cpolim

512 3568 903 3633 perduxerunt,
939 3565 994 3621 et
1023 3568 1200 3622 sorori
1244 3570 1409 3623 trium
1443 3571 1984 3643 archiepiscoporum
2019 3589 2083 3630 ac

507 3657 741 3711 fratrum
791 3668 845 3712 et
880 3660 1290 3728 imperaturum.
1347 3663 1506 3715 matri
1557 3664 1948 3730 sapientissimi
1977 3667 2078 3722 viri

507 3747 716 3802 Nicolai
765 3748 1058 3816 Cabasilu’,
1107 3751 1474 3815 tradiderunt,
1517 3770 1544 3807 a
1597 3771 1703 3824 qua
1741 3757 1974 3811 educata
2024 3769 2080 3814 et

508 3841 755 3895 instituta
789 3853 895 3897 est.
924 3843 1018 3907 Ea,
1059 3844 1347 3912 interjecto
1377 3847 1560 3914 aliquo
1606 3860 1870 3916 tempore,
1905 3849 2078 3905 Thes-

506 3933 802 3987 salonicam
833 3935 986 3997 abiit,
1023 3935 1075 3988 in
1112 3953 1213 4004 qua
1245 3938 1379 3992 urbe
1409 3937 1712 4006 Cahasilus,
1757 3942 1928 4011 ipsius
1969 3944 2074 3997 ira-

509 4035 611 4086 ter,
668 4035 815 4078 csset
863 4024 1340 4095 archiepiscopus,
1393 4030 1710 4100 abdiditque
1760 4048 1819 4086 se
1867 4033 1919 4086 in
1960 4049 2078 4087 mo-

507 4115 802 4168 naslerium
841 4115 1056 4169 Sancta:
1084 4115 1384 4173 Theodora:
1417 4135 1540 4174 cum
1581 4121 1960 4195 Palzeologina,
1995 4125 2078 4180 fe-

508 4207 650 4259 mina
684 4207 902 4259 virtutis
925 4217 979 4260 et
1003 4207 1309 4263 litterarum
1339 4211 1604 4275 studiosa,
1634 4215 1791 4281 cujus
1815 4231 1914 4280 ego
1938 4215 2078 4271 mul-

503 4305 590 4351 tas
629 4312 770 4367 saepe
806 4298 993 4354 laudes
1030 4314 1061 4353 e
1097 4304 1406 4356 venerando
1440 4305 1792 4372 imperatore,
1828 4306 2075 4363 Manuele

505 4389 747 4452 domino,
777 4391 982 4455 audivi,
1017 4401 1073 4443 et
1097 4389 1332 4458 hymnos
1366 4409 1474 4447 non
1505 4411 1708 4464 paucos
1733 4399 1785 4450 in
1821 4409 2071 4455 sanctum

508 4479 842 4534 Demetrium
877 4491 930 4536 et
962 4492 1208 4538 sanctam
1235 4485 1577 4541 Theodoram
1601 4500 1650 4543 et
1689 4491 1824 4545 alios
1853 4503 2072 4549 sanctos

2201 623 2388 684 ναικὸς
2425 621 2592 674 αὑτοῦ
2624 623 2716 674 καὶ
2742 622 2974 676 τέκνων.
3023 623 3086 676 'H
3116 623 3218 676 οὖν
3254 622 3476 694 πρώτη
3501 626 3612 675 τῶν
3638 624 3776 677 αὑτοὺ

2202 711 2522 779 θυγατέρων
2553 711 2734 764 ἰδοῦσα
2762 711 2862 780 τὴν
2897 709 3049 764 ὁσίαν
3075 711 3167 764 καὶ
3214 712 3329 781 τὴν
3393 712 3576 776 αὑτῆς
3606 713 3780 780 ἀρετὴν

2200 801 2296 852 καὶ
2325 801 2416 854 τὸν
2454 800 2612 868 λόγον
2646 801 2979 867 ἐγκατέλιπε
3009 802 3191 869 γονεῖς
3256 803 3362 854 καὶ
3398 801 3668 870 ἀδελφοὺς
3705 808 3777 855 καὶ

2208 891 2360 962 14],
2404 891 2642 960 ἀδελφὰς
2671 893 2766 948 καὶ
2789 892 2848 944 ὁν
2881 893 3318 962 ἐμνηστεύσατο
3365 894 3454 956 είς
3485 894 3652 961 ἄνδρα
3687 897 3778 961 ape

2202 986 2313 1046 τοῖς
2343 986 2524 1048 παισὶ,
2558 985 2653 1037 καὶ
2676 983 2994 1038 ἀπελθοῦσα
3041 988 3120 1048 είς
3153 986 3592 1056 Θεσσαλονίκην
3621 987 3776 1052 γέγοκι

2207 1075 2440 1145 μοναχῆ,
2486 1077 2584 1129 καὶ
2610 1079 2666 1129 ἐν
2696 1077 2950 1146 ὑποταγῇ
2984 1077 3156 1144 αὑτῆς
3209 1076 3286 1144 δὴ
3358 1077 3468 1144 τῆς
3519 1078 3670 1138 ὁσίας
3701 1079 3779 1127 κάς

2203 1168 2352 1218 κεῖσε
2387 1167 2755 1236 ἀπομείνασα.
2786 1169 3056 1224 Κάκεῖθεν
3092 1169 3150 1221 δέ
3176 1167 3529 1234 ἐξελθοῦσαι
3561 1168 3620 1219 ai
3658 1171 3778 1235 τρεῖς

2193 1259 2296 1310 ’καὶ
2331 1259 2491 1326 μόναι
2547 1262 2604 1312 ἐν
2652 1263 2717 1330 τῇ
2748 1261 3169 1314 Κωνσταντίνου
3246 1261 3424 1312 πόλει
3458 1261 3779 1328 κατήντησαν

2201 1350 2347 1421 ἀρχῇ
2373 1353 2432 1404 ἐν
2470 1355 2534 1422 τῇ
2570 1355 2707 1423 μονῇ
2739 1355 2804 1423 τῇ
2839 1353 3322 1425 ἐπονομαζομένῃ
3357 1353 3464 1420 τῆς
3510 1350 3774 1419 Κλερένας.

2201 1443 2512 1497 Διαδοθεῖσα
2538 1443 2594 1496 δέ
2621 1445 2653 1514 ὴ
2687 1445 2854 1513 ἀρετὴ
2873 1445 2970 1512 τῆς
3000 1445 3152 1506 ὁσίας
3185 1447 3297 1496 καὶ
3338 1446 3372 1513 ἡ
3411 1445 3496 1506 είς
3520 1445 3619 1508 τὴν
3650 1442 3777 1494 θεὲαν

2202 1536 2425 1607 Γραφὴν
2489 1537 2657 1606 αὑτῆς
2702 1539 2970 1606 ἐμπειρία
3032 1537 3110 1600 εἷς
3159 1553 3227 1588 τε
3275 1537 3378 1589 τὸν
3429 1535 3654 1605 βασιλέα
3701 1537 3773 1586 καὶ

2201 1630 2555 1699 πατριάρχην
2604 1631 2700 1683 καῖ⁵
2746 1631 2956 1693 πάντας
2989 1631 3117 1694 τοὺς
3156 1629 3269 1698 τῆς
3317 1630 3568 1694 πόλεως,
3617 1631 3642 1681 ὁ
3696 1630 3773 1694 μὲν

2206 1721 2459 1790 βασιλεὺς
2491 1721 2676 1793 ἐζήτει
2707 1722 2893 1775 λαϐεῖν
2931 1721 3060 1775 ἄλλο
3089 1722 3200 1774 τῶν
3240 1721 3646 1792 μοναστηρίων
3675 1735 3767 1783 μει-

2205 1809 2428 1880 ζότερον
2462 1811 2554 1862 καὶ
2605 1811 3182 1882 εἰσοδηματικώτερον
3221 1812 3429 1866 δοῦναι
3490 1812 3649 1880 αὐτῇ,
3673 1811 3698 1861 ὁ
3725 1810 3767 1859 δὲ

2207 1905 2554 1972 πατριάρχης
2612 1903 3315 1974 ἐνταλματπατριαρχικῆς
3376 1902 3628 1967 ἐξουσίας
3673 1902 3764 1967 ἐξέο

2200 1993 2372 2047 δωκεν
2424 1999 2505 2057 είς
2545 1996 2643 2058 τὰς
2694 1996 3027 2066 βουλομένας
3087 1996 3190 2064 τῆς
3245 1996 3472 2058 πόλεως
3533 1996 3762 2061 γυναῖκας

2203 2089 2488 2156 προσιέναι
2540 2089 2713 2157 αὑτῇ’
2750 2089 2800 2141 oi
2840 2088 2895 2140 δὲ
2939 2089 3038 2157 τῆς
3100 2091 3322 2152 πόλεως
3363 2088 3565 2160 ᾕθελον
3609 2086 3757 2140 δοῦναι

2198 2181 2393 2242 αὑταῖς
2439 2183 2547 2233 πᾶν
2588 2181 2890 2249 ἀναγκαῖον
2929 2184 3022 2245 είς
3070 2183 3132 2235 τὸ
3183 2182 3638 2235 ἐπισκέπτεσθαι
3688 2183 3756 2230 καὶ

2200 2271 2527 2341 θεραπεύειν
2579 2273 2649 2326 τὰ
2675 2274 2832 2343 *πρὸς
2890 2275 3080 2344 χρείαν
3119 2275 3359 2328 αὑτῶν·
3404 2276 3506 2344 οὑχ
3549 2273 3754 2341 ὑπῆρχεν

2200 2367 2305 2434 γάρ
2339 2367 2582 2430 ἐκείναις
2604 2367 2728 2420 οὒτε
2763 2370 2988 2440 χρυσίον
3019 2369 3146 2422 οὔτε
3192 2369 3504 2439 ἀργύριον,
3530 2369 3624 2432 οὑκ
3654 2365 3753 2420 ἄλλο

2196 2461 2321 2512 τιεί
2353 2460 2428 2530 μὴ
2461 2460 2520 2512 τὸ
2575 2462 2898 2531 ἐργόχειρον
2959 2462 3054 2516 καὶ
3104 2465 3138 2532 ἡ
3208 2463 3315 2516 τοῦ
3355 2461 3500 2514 Θεοῦ
3547 2461 3628 2513 διὰ
3669 2459 3750 2509 τῶν

2193 2555 2475 2625 ἀρχόντων
2511 2556 2850 2626 προμήθεια.
2885 2557 3142 2610 Λαϐοῦσα
3181 2558 3242 2610 δὲ
3300 2560 3510 2627 μικρόν
3541 2572 3592 2606 τι
3621 2553 3751 2605 κάθι-

2198 2665 2334 2715 σμα,
2369 2649 2710 2718 συνέδραμον
2733 2651 2814 2712 εἰς
2849 2649 3130 2718 ὑποταγὴν
3155 2651 3340 2719 αὐτῆς
3371 2647 3628 2703 τοσαῦται
3650 2646 3745 2696 ὅσαι

2193 2739 2293 2790 οὑκ
2331 2739 2617 2808 ἐχώρησαν
2643 2740 2722 2802 είς
2763 2756 2824 2792 τε
2855 2740 2954 2809 τὴν
2993 2739 3085 2793 τοῦ
3117 2740 3294 2802 Λιϐὸς
3346 2739 3521 2807 μονὴν
3555 2731 3744 2797 καὶτῆς

2193 2831 2366 2898 κυρᾶς
2430 2830 2684 2900 Μάρθας.
2767 2830 2830 2885 Ἥ
2883 2832 2940 2884 δέ
2973 2833 3035 2884 οὐ
3079 2833 3311 2894 πλείους
3359 2831 3394 2902 ἢ
3457 2825 3744 2881 δυοκαίδεκα

2191 2923 2597 2992 προσελάϐετοο
2634 2927 2726 2978 καὶ
2751 2921 2895 2995 ἦσαν
2930 2925 3178 2979 τοιαῦται
3209 2926 3297 2987 είς
3355 2941 3417 2976 τε
3459 2917 3742 2987 ἀκτημοσύ-

2191 3032 2289 3085 νην
2315 3020 2408 3069 καὶ
2443 3015 2698 3088 ὑπακοὴν
2732 3019 2828 3071 καὶ
2863 3018 3232 3089 σωφροσύνην
3265 3020 3367 3070 καὶ
3403 3018 3515 3068 πᾶν
3540 3013 3652 3065 εἴτι
3679 3006 3742 3065 είς

2195 3108 2355 3178 142
2385 3108 2520 3161 Θεὸν
2552 3110 2936 3176 εὐαπόδεκτον,
2973 3112 3056 3164 ὅτι
3086 3111 3392 3164 κατέλιπον
3423 3109 3472 3159 οί
3528 3104 3618 3172 τῆς
3660 3098 3739 3149 πθ·

2190 3199 2325 3264 λεως
2359 3201 2539 3269 λέγειν
2571 3201 2636 3255 Ἦ
2673 3201 2964 3269 ἀγία,ἀλλ’
2997 3203 3064 3254 Ai
3090 3202 3247 3269 ἆγιαι
3281 3219 3294 3231 ·
3337 3201 3434 3252 καὶ
3459 3195 3586 3251 αὑτὸ
3610 3193 3665 3257 δή
3688 3187 3735 3239 τὸ

2188 3293 2359 3363 ὄνομα
2387 3289 2536 3364 εἶχον
2571 3294 2663 3358 El;
2695 3294 2795 3358 τὰς
2836 3294 3021 3363 ἁγίας.
3045 3294 3164 3348 Καὶ
3198 3295 3264 3347 τὸ
3305 3294 3410 3364 μέν
3461 3289 3567 3342 τῶν
3597 3298 3734 3356 μονα·

2187 3474 2445 3546 Cypriani
2478 3475 2733 3545 conjuge,
2764 3475 2816 3528 in
2843 3473 3106 3529 Lemnum
3159 3474 3440 3532 discessit,
3477 3467 3592 3523 imle
3612 3462 3730 3530 (lpo-

2187 3569 2278 3623 lim
2325 3583 2631 3623 reversura.
2667 3569 2722 3622 In
2749 3567 2956 3623 Lemno
2987 3577 3099 3622 tum
3128 3579 3251 3622 erat
3285 3581 3422 3620 avus
3458 3573 3602 3617 meus
3625 3565 3730 3608 cum

2188 3674 2356 3714 uxore
2387 3674 2441 3715 et
2465 3661 2673 3715 liberis.
2707 3662 2894 3730 Itaque
2931 3669 3060 3714 natu
3093 3661 3333 3714 maxima
3371 3657 3596 3710 ﬁliarum
3625 3647 3724 3706 eius

2185 3767 2307 3804 cum
2337 3759 2582 3804 sanctam
2611 3751 2750 3806 hanc
2780 3741 3041 3804 feminam
3079 3750 3311 3804 vidisset
3338 3757 3391 3803 et
3415 3741 3727 3799 observasse!

2187 3843 2437 3896 virtutem
2487 3841 2604 3910 ejus
2640 3858 2702 3898 ac
2755 3857 3086 3906 sermonem,
3140 3842 3355 3896 relictis
3410 3831 3719 3908 parentibus.

2187 3931 2464 3998 fratribus,
2495 3933 2800 3994 sororibus.
2836 3943 2888 3987 et
2916 3949 3149 4000 quocum
3175 3934 3474 4002 conjuncta
3497 3931 3605 3980 erat
3627 3931 3720 3972 ma-

2184 4028 2308 4090 rito,
2347 4035 2510 4096 atque
2545 4027 2753 4091 liberis,
2789 4025 3231 4081 Thessalonicam
3272 4024 3530 4095 profecta.
3557 4023 3717 4111 ¹¹¹⁰ξ¹³⁴

2181 4121 2301 4175 chis
2333 4134 2392 4173 se
2438 4120 2693 4188 ascripsit
2725 4119 2910 4186 ibique
2943 4119 3046 4174 sub
3079 4119 3326 4186 imperiis
3356 4121 3554 4169 sanctae
3583 4107 3716 4166 luti“s

2181 4211 2428 4265 mulieris
2449 4208 2604 4264 vixit.
2632 4211 2763 4264 lude
2792 4211 2871 4264 lim
2897 4221 3005 4265 tres
3038 4210 3164 4264 sola:
3183 4209 3396 4278 Cpolim
3423 4201 3712 4266 emigrantes

2180 4302 2450 4371 principio
2499 4302 2552 4355 in
2586 4303 2970 4356 monasterium
3003 4301 3249 4356 Clerenaa
3287 4301 3568 4352 venerunt.
3601 4287 3710 4338 (ἶυιη

2180 4406 2360 4447 autem
2417 4405 2616 4448 sanctae
2655 4395 2804 4449 illius
2851 4395 3071 4448 femina:
3103 4395 3282 4447 virtus
3315 4401 3367 4445 et
3419 4386 3705 4442 Litterarum

2178 4502 2455 4541 sacrarum
2495 4488 2687 4557 peritia
2729 4487 3045 4554 imperatori
3089 4495 3143 4540 et
3175 4482 3496 4556 patriarchae
3521 4472 3707 4530 univer-

503 4571 627 4639 legi.
665 4570 953 4627 Habt-bant
981 4582 1163 4628 autem
1192 4591 1372 4630 secum
1399 4589 1644 4632 sanctam
1681 4597 1896 4652 quoque
1924 4584 2072 4640 'l‘ho-

2187 4595 2362 4648 saeque
2381 4580 2587 4634 civitati
2623 4582 2974 4644 iunotuisset,
3004 4579 3299 4648 imperator
3319 4577 3365 4632 ei
3395 4571 3534 4628 aliud
3559 4570 3701 4652 tnajus

504 4662 737 4718 maidem
771 4679 1002 4734 eamque
1045 4667 1110 4720 ad
1147 4669 1365 4723 virtutis
1403 4679 1456 4723 et
1491 4672 1793 4727 litterarum
1825 4676 2070 4743 discipli-

500 4768 625 4808 nam
655 4755 1002 4812 erudiebant.
1057 4757 1195 4814 Cum
1229 4759 1460 4817 instaret
1505 4764 1640 4833 ipsis
1680 4767 1890 4821 vivendi
1923 4768 2069 4837 linis,

498 4846 674 4902 eidem
710 4863 832 4917 quae
864 4850 1136 4905 habebant
1173 4855 1356 4908 omnia
1400 4855 1760 4924 reliquerunt,
1808 4877 1912 4914 una
1946 4877 2068 4916 cum

498 4958 670 4998 uxore
701 4943 987 5014 Cypriani,
1011 4961 1134 5013 quae
1162 4962 1413 5017 asperam
1438 4951 1538 5004 viri
1578 4952 1664 5004 sui
1689 4961 1937 5006 naturam
1959 4971 2068 5009 non

494 5033 700 5100 ferens,
741 5035 794 5088 iu
836 5035 962 5090 illud
995 5037 1236 5105 profecta
1269 5042 1676 5105 monasterium,
1713 5045 1852 5099 inter
1884 5060 2070 5102 mona-

493 5126 626 5180 chas
656 5141 851 5182 nomen
903 5130 1156 5184 dederat.
1198 5129 1492 5198 Postquam
1530 5145 1714 5188 autem
1775 5137 1882 5190 illa
1925 5139 2064 5191 diem

491 5217 768 5284 obierunt,
815 5223 1276 5288 quemadmodum
1331 5223 1519 5278 virtuti
1579 5242 1636 5280 se
1687 5229 1940 5296 subjecit,
1990 5230 2064 5286 ita

493 5308 710 5363 illarum
746 5320 858 5364 tum
891 5315 1156 5368 bonorum
1187 5324 1298 5369 tum
1336 5317 1460 5370 vita:
1490 5331 1548 5370 se
1579 5318 1812 5384 subjecit
1841 5321 2064 5386 haeredi,

489 5410 546 5455 et
579 5401 740 5472 hujus
791 5403 1158 5472 subiectionis
1211 5422 1433 5461 cursum
1477 5409 1736 5475 pra-clare
1769 5426 1942 5480 usque
1996 5414 2063 5466 ad

490 5501 721 5546 mortem
766 5492 1019 5549 confecit.
1060 5495 1275 5568 Conjux
1317 5499 1431 5553 haec
1475 5499 1758 5570 Cypriani,
1810 5503 2060 5569 inquam,

489 5582 637 5640 illius
659 5593 801 5651 erat,
833 5585 926 5654 qui
956 5586 1166 5656 Cpolim
1208 5589 1375 5656 venit,
1404 5601 1458 5645 et
1502 5593 1898 5646 monasterium
1935 5609 2064 5647 san-

484 5681 696 5726 ctorum
726 5686 1025 5746 martyrum
1057 5678 1320 5732 nobilium
1346 5678 1762 5734 Theodororum
1794 5691 2055 5737 constru-

374 5792 385 5805 ο
482 5764 581 5822 xit.
612 5769 754 5833 quod
780 5764 1035 5836 Cypriani
1085 5769 1520 5838 cognominatur.
1559 5769 1950 5827 Thcssalmiica
1992 5775 2058 5827 ab

480 5851 662 5922 impiis
689 5868 974 5927 aucupum,
1012 5869 1198 5914 sancta
1230 5859 1489 5915 Thouiais
1515 5879 1638 5915 cum
1673 5865 1891 5916 alumna
1933 5882 2051 5929 sun,

2176 4684 2230 4726 et
2265 4672 2586 4742 locupletius
2618 4669 3008 4724 monasterium
3045 4670 3184 4722 tradi
3211 4666 3403 4735 jussit;
3431 4648 3700 4744 patriarcha

2176 4738 2536 4832 patriarchali
2559 4761 2884 4814 auctoritate
2907 4759 3188 4822 omnibus,
3211 4772 3330 4827 qua:
3352 4738 3700 4842 valeam-urbis

2174 4854 2490 4908 mulieribus
2523 4859 2844 4919 potestatem
2870 4851 3040 4914 dedit,
3069 4849 3144 4903 illi
3178 4864 3236 4903 se
3262 4835 3572 4917 aggregandi
3598 4845 3612 4893 ἱ
3636 4835 3697 4875 α’

2170 4962 2266 5000 ves
2309 4961 2429 5016 qure
2479 4955 2663 5000 essent
2712 4944 3023 4998 necessaria
3069 4943 3135 4996 ad
3191 4957 3276 4994 res
3322 4921 3693 5016 ordinandas.“

2171 5035 2639 5091 administrandas
2676 5046 2936 5104 prwstare
2962 5035 3029 5089 iis
3064 5033 3338 5088 volebant.
3379 5025 3547 5090 Neque
3569 5017 3686 5107 εξξηιξ

2169 5131 2276 5183 illis
2326 5139 2442 5182 erat
2506 5128 2586 5180 vel
2639 5143 2852 5190 aurum,
2903 5128 2984 5181 vel
3067 5135 3371 5196 argentum,
3431 5109 3507 5166 vel
3566 5094 3688 5199 8W“

2167 5221 2463 5290 quidquam
2505 5219 2607 5274 nisi
2652 5234 2787 5286 opus
2817 5234 3074 5272 manuum
3109 5228 3165 5272 et
3195 5217 3371 5270 divina
3401 5220 3490 5275 per
3518 5205 3684 5290 mﬂsls'

2168 5284 2344 5366 tratus
2393 5284 2752 5381 providentia.
2793 5310 3002 5380 Itaque,
3056 5324 3179 5364 cum
3215 5321 3319 5361 non
3367 5304 3452 5354 ita
3480 5284 3680 5355 amplum

2165 5404 2505 5460 domicilimn
2538 5405 2786 5469 haberet,
2808 5403 2876 5458 ad
2902 5404 3068 5457 vitam
3093 5417 3160 5457 ex
3184 5396 3405 5470 imperio
3425 5389 3526 5458 eius
3546 5389 3678 5474 ειεξι-

2165 5497 2286 5549 dam
2335 5506 2414 5550 tot
2462 5494 2863 5562 conﬂuxerunt,
2918 5505 3050 5564 quot
3082 5509 3188 5548 non
3243 5479 3599 5548 concesserunt
3623 5474 3672 5564 ili

2166 5591 2554 5642 mimasterium
2610 5589 2758 5644 Libis
2788 5560 2856 5644 et
2881 5560 3106 5643 Martha:
3142 5586 3387 5642 dominae.
3416 5576 3478 5630 At
3503 5560 3671 5627 receP"

2163 5679 2250 5733 illa
2285 5696 2391 5734 non
2424 5682 2542 5748 plus
2576 5682 2881 5746 duodecim,
2911 5691 3073 5752 atque
3105 5692 3260 5734 erant
3288 5683 3465 5732 om"es
3489 5659 3544 5714 3"
3566 5660 3670 5758 pair

2161 5783 2446 5842 pel-tatem,
2476 5773 2870 5838 obedientiam,
2917 5773 3268 5834 modestiam,
3302 5763 3510 5824 deniQ"C
3533 5748 3663 5806 “'"d'

2161 5867 2291 5934 quid
2324 5862 2433 5917 Deo
2470 5877 2682 5931 gratum
2719 5876 2824 5929 est,
2856 5875 2964 5917 tam
3000 5867 3215 5933 egregie
3261 5864 3462 5930 parum:
3493 5852 3541 5893 u'
3577 5843 3658 5894 ³³³⁸³
