3990 6554
392 391 502 457 '157

1410 398 1862 460 CHRONICON
1907 398 2184 461 MAJUS.
2210 424 2274 433 —
2319 400 2469 461 LIB.
2502 399 2589 459 II.

3541 391 3647 455 758

390 509 681 582 χαμουχᾶν
726 509 931 580 χρυσὸν
988 510 1256 582 πράσινον
1308 512 1401 566 καὶ
1457 515 1612 582 φωᾶν
1649 514 1963 583 προύσινον,
1994 518 2039 574 Α
2140 516 2210 589 η’.
2253 518 2365 588 Τῆς
2402 518 2458 570 δὲ
2515 512 2859 586 προθεσμίας
2891 510 3155 580 ἐλθούσης
3197 507 3292 562 καὶ
3345 507 3422 578 μὴ
3460 505 3649 560 δλθόν.

389 601 488 654 καὶ
517 601 738 671 σπάθην
759 604 1284 675 ἐγκεκοσμημένην,
1326 607 1424 658 καὶ
1449 607 1665 678 φλωρία
1696 607 1816 678 ἦτοι
1848 605 1970 660 νού-

393 710 497 761 μια
525 695 706 765 χρυσᾶ
736 696 982 764 χιλιάδας
1013 699 1186 768 τρεῖς.

465 789 532 841 θ’.
578 787 704 840 Ἐπὶ
728 788 829 858 τὴν
852 790 1047 860 αὔριον
1066 787 1163 845 οὖν
1213 794 1543 858 ἀπελθόντες
1574 796 1658 858 είς
1695 795 1967 866 Γλαρέντ-

387 879 511 943 ζαν,
539 871 650 932 ίδού
675 898 758 942 τις
791 881 976 951 ἄρχων
1003 883 1102 936 τοῦ
1149 885 1342 954 ἀμηρᾶ
1391 887 1530 956 μετά
1579 905 1734 950 τινας
1772 887 1966 955 ὀλίγας

387 971 603 1039 ἡμέρας
649 967 779 1041 ἦλθε
820 973 998 1041 λέγων
1052 976 1134 1029 ὅτι
1182 979 1214 1047 ή
1257 979 1444 1048 [Ιάτρα
1476 979 1623 1033 τελεῖ
1660 980 1738 1050 τῷ
1770 982 1965 1050 ἁμηρᾷ

384 1061 543 1130 τέλη,
578 1063 672 1115 καὶ
715 1064 971 1136 διαϐαίνῃ
998 1067 1148 1137 αὐτῷ
1194 1066 1374 1122 εἶναι·
1420 1070 1501 1124 διδ
1561 1073 1735 1142 ἄπεχε
1793 1074 1964 1140 αὐτῆς

389 1153 488 1205 καὶ
523 1153 597 1224 μὴ
632 1155 914 1226 πολιόρκει
945 1161 1141 1228 αὑτήν.
1177 1161 1245 1214 Et
1274 1163 1317 1214 δ’
1340 1161 1428 1227 οὓ,
1468 1164 1761 1233 πέμψομεν
1797 1181 1965 1233 στρα-

396 1245 488 1298 τὸν,
507 1247 650 1298 κατὰ
675 1248 794 1302 σοῦ.
833 1251 891 1302 '0
925 1252 970 1304 δ’
1002 1253 1270 1325 αὐθέντης
1301 1273 1405 1325 μου
1448 1257 1768 1328 ἀποκριθεὶς
1805 1250 1964 1330 147

384 1336 538 1405 αύτῷ
564 1333 721 1392 εἶπεν
742 1356 754 1369 ·
784 1358 806 1392 ι
857 1343 1050 1411 Ἡμεῖς
1071 1346 1392 1414 ἠκούσαμεν
1414 1349 1496 1401 ὅτι
1533 1349 1744 1404 θέλουσι
1776 1367 1962 1421 παρα-

381 1427 570 1484 δοῦναι
605 1432 780 1504 αὐτὴν
822 1438 937 1497 τοῖς
979 1438 1344 1502 Καταλάνοις.
1371 1441 1487 1493 Ούκ
1535 1440 1628 1493 οὖν
1675 1441 1827 1494 δοκεῖ
1865 1459 1957 1511 μοι

385 1522 604 1586 πρέπον
664 1519 808 1578 εἶναι
867 1528 1028 1580 ἐᾶσαι
1077 1531 1226 1599 ἡμᾶς
1266 1532 1392 1594 τούς
1429 1549 1491 1598 γε
1549 1533 1674 1596 τοὺς
1724 1532 1959 1602 ἐχθροὺς

382 1611 541 1682 ἡμῶν
569 1620 662 1669 καὶ
690 1618 918 1687 ἐχθροὺς
967 1621 1060 1673 τοῦ
1115 1622 1349 1691 ἀδελφοῦ
1412 1642 1512 1695 μου
1569 1625 1664 1680 τοῦ
1721 1627 1959 1696 μεγάλου

382 1707 580 1776 ἀμηρᾶ
624 1711 720 1763 καὶ
771 1713 935 1780 ἡμῶν
999 1715 1348 1784 παραλαϐεῖν
1390 1719 1588 1783 αὐτοὺς
1611 1721 1671 1773 τὸ
1715 1721 1960 1773 τοιοῦτον

382 1801 630 1870 κάστρον
657 1803 722 1856 τὸ
749 1805 810 1857 ἐν
834 1805 989 1876 μέσῳ
1023 1807 1135 1860 τῶν
1167 1810 1331 1878 ὁρίων
1358 1813 1391 1880 ἡ
1403 1811 1516 1880 μῶν
1549 1814 1824 1882 κείμενον.
1858 1813 1957 1868 Ἁιά

379 1890 542 1944 τοῦτο
581 1893 906 1964 ἀπήλθομεν
926 1899 1064 1959 ἐκεῖ.
1091 1901 1185 1952 καὶ
1217 1898 1574 1966 ἐξετάσαντες
1612 1906 1674 1958 τὸ
1723 1909 1956 1976 πρᾶγμα

381 1984 697 2054 ἐστήσαμεν
719 1987 806 2040 ἵνα
845 1991 921 2058 μὴ
949 1991 1174 2060 γένηται
1211 2008 1223 2022 ⁶
1252 1995 1349 2047 καὶ
1384 1995 1518 2062 ἰδοὺ,
1571 1997 1648 2061 ὡς
1709 1999 1957 2068 βλέπεις,

377 2076 701 2148 ἠγέρθημεν
737 2080 1128 2146 ἐπανελθόντες
1179 2084 1388 2142 οἴκαδε.
1447 2089 1522 2142 06
1575 2091 1714 2158 μετά
1757 2072 1981 2156 πολλὰς.

380 2169 605 2240 ἡμέρας
644 2171 949 2242 ἔχωκατὰ
997 2176 1128 2231 νοῦν
1183 2179 1270 2232 ἵνα
1313 2181 1622 2235 ἀποστείλω
1675 2184 1814 2254 πρὸς
1867 2186 1958 2238 τὸν

378 2262 614 2348 ἀδελφόν
644 2281 746 2334 μου
787 2268 878 2320 τὸν
915 2269 1093 2337 μέγαν
1126 2272 1354 2343 ἀμηρᾶν
1395 2274 1588 2328 τοῦτον
1635 2277 1701 2348 δὴ
1733 2281 1826 2330 τὸν
1857 2276 1960 2345 ἀρ·

379 2371 567 2424 κοντα,
609 2375 628 2407 ι
689 2357 952 2415 δεικνύων
1015 2364 1160 2430 ἐμέ,
1229 2383 1247 2417 ι
1278 2365 1335 2427 6;
1394 2367 1743 2438 δηλοποιήσει
1785 2371 1956 2438 αύτῷ,

380 2449 477 2499 καὶ
505 2448 727 2505 πλείονα
758 2453 893 2507 ἄλλα
946 2456 982 2510 ἃ.
1027 2459 1343 2528 ἀναμεταξὺ
1399 2462 1559 2531 ἡμῶν
1595 2462 1676 2516 δεῖ
1719 2464 1960 2532 ἐνεργεῖ-

382 2539 532 2595 σθαι.
576 2561 595 2594 ι
641 2543 701 2596 ’0
732 2542 826 2600 οὖν
860 2547 1109 2618 Τοῦρκος
1140 2551 1382 2616 ἀκούσας
1415 2557 1644 2618 τούτους
1692 2558 1820 2620 τοὺς
1875 2557 1961 2610 λό-

379 2637 621 2702 γους,έτι
645 2640 702 2692 δέ
731 2642 827 2694 καὶ
849 2643 1245 2714 φιλοδωρηθεὶς
1271 2645 1476 2710 καλῶς,
1513 2649 1722 2719 ἀπῆλθε
1749 2649 1960 2720 χαίρων

394 2729 641 2784 Ἐκείνου
670 2733 716 2785 δ’
750 2735 1218 2805 ἀναχωρήσαντος
1248 2740 1560 2808 προσέταξέ
1607 2760 1700 2810 μοι
1729 2742 1911 2812 λέγων
1941 2760 1956 2776 ο

387 2839 428 2900 ι·
460 2822 592 2876 Ἰδοὺ
611 2827 979 2897 προετοίμαζε
1010 2829 1080 2882 τὰ
1119 2831 1257 2900 πρὸς
1285 2831 1480 2902 χρείαν
1501 2834 1600 2902 τῆς
1631 2835 1773 2890 ὀδοῦ.
1808 2855 1824 2887 ι
1853 2838 1963 2892 Καὶ

385 2911 645 2982 μὴείδὼς
680 2917 792 2984 ἐγὼ
832 2919 894 2971 τὸ
939 2920 1125 2990 τυχὸν,
1157 2921 1426 2992 ἀνέφερον
1476 2923 1634 2992 αύτῷ
1670 2926 1752 2978 ὅτι
1785 2928 1833 2978 εί
1887 2928 1960 2998 μὴ

383 3004 522 3079 ἔλθῃ
552 3011 581 3060 6
609 3013 1049 3081 μητροπολίτης,
1070 3014 1205 3068 Θεοῦ
1229 3017 1604 3082 εὐδοκοῦντος,
1629 3022 1723 3072 καὶ
1747 3020 1962 3074 δὼσωσι

385 3100 524 3168 ἡμῖν
568 3102 630 3154 τὸ
680 3105 941 3174 κάστρον,
975 3105 1136 3175 κάγὼ
1163 3108 1506 3180 ἀναῤῥωσθῶ
1539 3110 1737 3179 ὀλίγον.
1778 3131 1796 3164 ι
1818 3113 1962 3166 Ἀλλ’

2070 628 2162 676 τος
2190 611 2286 664 τοῦ
2347 609 2770 680 μητροπολίτου,
2819 610 2882 678 τῇ
2940 613 2990 661 α’
3053 603 3274 658 Ἰουνίου
3333 601 3428 654 τοῦ
3478 599 3645 655 αὐτοῦ

2071 702 2233 766 ἔτους
2285 700 2653 774 ἀπηρχόμεθα
2719 701 3046 770 κινήσαντες
3105 696 3187 756 είς
3236 695 3480 761 Πάτραν.
3557 692 3648 745 Ἐν

2071 792 2296 856 ταύταις
2327 792 2420 846 οὖν
2446 795 2565 855 ταῖς
2595 792 2835 863 ἡμέραις
2865 790 2958 844 καὶ
2987 791 3015 842 6
3069 786 3231 860 ιω
3282 785 3646 838 αὑθεντότιου-

2069 887 2162 950 λος
2191 889 2219 940 ό
2252 888 2362 957 κὺρ
2407 887 2608 956 Θωμᾶς
2655 885 2716 938 τὸ
2747 883 2840 938 τοῦ
2901 883 3204 954 πριγκίπου
3269 877 3649 947 Κεντηρίωνος

2073 977 2390 1050 πτολίεθρον
2437 978 2537 1048 τὴν
2599 973 3006 1047 Χαλατρίτζαν,
3055 973 3147 1027 τοῦ
3191 971 3286 1026 καὶ
3350 970 3648 1038 μετέπειτα

2070 1074 2358 1142 γεγονότος
2396 1072 2666 1141 πενθεροῦ
2700 1069 2889 1128 αὐτοῦ,
2917 1068 3232 1135 ἐπολιόρκει
3259 1082 3273 1097 ο
3311 1066 3339 1117 6
3365 1065 3420 1117 δὲ
3444 1061 3641 1114 αὐθέν-

2068 1183 2169 1234 της
2199 1182 2302 1231 μου
2339 1164 2458 1234 ἅμα
2485 1163 2564 1232 τῷ
2590 1161 2805 1232 ἀδελφῷ
2855 1159 3022 1214 αὑτοῦ
3055 1158 3343 1226 διήρχοντο
3397 1155 3486 1206 διὰ
3541 1151 3647 1218 τῆς

2067 1255 2188 1309 ὁδοῦ
2216 1257 2317 1323 τῆς
2349 1255 2430 1316 είς
2460 1253 2684 1323 Πάτραν
2756 1251 3036 1321 φερούσης
3062 1265 3077 1280 ο
3139 1244 3496 1304 κατελθόντες
3549 1238 3644 1294 οὖν

2065 1347 2368 1416 ἐμείναμεν
2413 1345 2550 1416 ὁμοῦ
2603 1345 2684 1408 είς
2749 1343 2848 1412 ⁴τὴν
2893 1340 3261 1410 Καμενίτζαν.
3315 1336 3648 1396 Ίωαννίκιος

2066 1442 2305 1504 Βαλότας
2335 1435 2430 1494 οὖν
2481 1439 2510 1491 6
2559 1436 2652 1492 τοῦ
2713 1437 3018 1506 πριγκίπου
3069 1435 3247 1487 ἐκεῖσε
3305 1434 3511 1501 ἄρχων,
3566 1428 3645 1491 ὡς

2068 1535 2239 1604 ἔμαθε
2289 1534 2470 1601 τοῦτο,
2510 1533 2740 1602 αἰτήσας
2795 1531 3095 1601 ἀφιέρωσιν
3162 1528 3248 1580 ἵνα
3301 1525 3649 1594 ἀμφοτέρους

2063 1630 2194 1691 τοὺς
2226 1627 2492 1689 αὐθέντας
2549 1624 2676 1695 ἔλθῃ
2705 1620 3092 1692 προσκυνῆσαι
3150 1617 3370 1682 αὐτοὺς,
3405 1616 3502 1667 καὶ
3565 1612 3651 1664 ἐλ-
3725 1628 3734 1634 ·

2065 1722 2175 1774 θὼν
2202 1721 2366 1782 εὐθὺς
2398 1719 2498 1783 τὰς
2540 1719 2636 1772 τοῦ
2693 1716 3017 1785 πτολιέθρου
3061 1712 3209 1774 κλεῖς
3258 1708 3503 1762 ἐκϐαλὼν
3563 1705 3650 1759 δέ-

2063 1814 2204 1868 δωκε
2241 1813 2443 1876 ταύτας
2469 1811 2547 1882 τῷ
2593 1810 2832 1883 αὐθέντῃ
2863 1825 2965 1878 μου
3013 1804 3092 1877 τῷ
3125 1804 3384 1873 δεσπότῃ,
3435 1798 3605 1853 εἰπών
3630 1815 3645 1830 ·

2075 1925 2093 1958 ι
2123 1903 2295 1960 Τοῦτό
2329 1905 2448 1958 ἐστι
2507 1901 2828 1972 πτολίεθρον
2891 1897 3038 1960 ίδίως
3080 1893 3177 1950 τοῦ
3218 1893 3480 1946 αὑθέντου
3543 1907 3648 1960 μου

2068 1999 2164 2053 καὶ
2204 1996 2565 2067 συγγάμὸρου
2601 1994 2704 2063 τῆς
2765 1990 3048 2061 βασιλείας
3106 2005 3200 2041 σου
3232 2006 3251 2039 ι
3293 1986 3410 2055 (καὶ
3451 1984 3561 2052 γάρ
3621 1984 3650 2035 6

2068 2091 2164 2146 τοῦ
2200 2093 2504 2160 πριγκίπου
2547 2087 2663 2150 υίδς
2700 2083 3009 2156 προέλαϐεν
3038 2084 3118 2144 είς
3151 2080 3384 2148 νόμιμον
3407 2076 3648 2143 γυναῖκα

2065 2187 2166 2254 τὴν
2225 2183 2461 2253 ἀδελφὴν
2525 2180 2623 2250 τῆς
2677 2178 3003 2249 βασιλίσσης
3061 2175 3260 2245 κυρίας
3319 2168 3647 2236 θεοδὼρας),

2075 2301 2092 2333 ι
2127 2279 2184 2342 ὃς
2216 2295 2307 2347 μοι
2343 2275 2679 2345 προσέταξεν
2710 2273 2797 2326 ἵνα
2856 2269 3170 2339 παραδώσω
3218 2263 3380 2319 τοῦτο
3423 2263 3490 2330 τῇ
3552 2258 3648 2327 βα-

2070 2373 2247 2443 σιλείᾳ
2278 2387 2393 2425 σου.
2420 2390 2439 2422 ι
2487 2367 2548 2422 Ὀ
2573 2368 2628 2421 δὲ
2657 2364 2982 2436 ἀποκριθεὶς
3003 2357 3158 2415 εἶπεν
3186 2356 3364 2427 αὐτῷ·
3401 2373 3421 2407 ι
3456 2353 3646 2415 Οὕτως

2070 2465 2207 2535 ἔχει,
2267 2465 2351 2517 δτι
2395 2460 2694 2530 συγγενοῦς
2737 2457 2837 2528 μού
2888 2458 3036 2509 ἐστιν
3090 2455 3118 2507 ὁ
3169 2448 3415 2510 τοιοῦτος
3457 2445 3646 2510 τόπος,

2070 2559 2190 2613 ἀλλ’
2216 2559 2277 2611 o6
2305 2554 2701 2626 γνησιεστέρου
2737 2551 2831 2606 τοῦ
2884 2546 3119 2617 ἀδελφοῦ
3178 2560 3305 2613 μου.
3362 2539 3562 2594 Λοιπὸν
3599 2536 3650 2588 εί

2070 2651 2510 2723 προγενέστερον
2566 2643 2740 2698 ἐποίει
2795 2641 2975 2706 τοῦτο,
3025 2640 3054 2690 6
3103 2634 3328 2703 ἀδελφός
3385 2648 3488 2702 μου
3526 2628 3649 2723 κατ’

2072 2721 2205 2813 ἐμοῦ
2230 2745 2332 2798 ούκ
2370 2737 2739 2811 ἐνεχειρίζετο
2765 2735 2922 2788 οὐδὲν
2969 2732 2996 2785 ὃ
3025 2731 3134 2799 ἐγὼ
3163 2725 3331 2798 εἶχον,
3357 2726 3453 2779 καὶ
3483 2721 3649 2783 αὐτὸς

2071 2840 2165 2893 καὶ
2197 2839 2226 2892 6
2274 2836 2537 2905 αὐθέντης
2592 2849 2686 2885 σου
2754 2827 3105 2898 ἁλλοτρόπως
3166 2818 3313 2892 εἶχον
3355 2816 3506 2871 αύτό.
3566 2814 3649 2867 Τὰ

2072 2933 2166 2986 νῦν
2192 2927 2285 2986 οὖν
2320 2933 2368 2984 εί
2397 2924 2702 2998 παραλάϐω
2749 2923 2901 2986 αύτδ,
2953 2919 3171 2986 ἀνάγκη
3208 2915 3357 2968 ἐστὶν
3401 2912 3492 2965 ἴνα
3535 2908 3653 2962 δια-

2072 3026 2374 3097 φερώμεθα
2403 3019 2551 3092 μετάη
2575 3018 2668 3071 τοῦ
2699 3015 2938 3082 ἀδελφοῦ
2975 3029 3101 3084 μου,
3140 3009 3234 3063 καὶ
3267 3008 3328 3060 ού
3389 3002 3650 3097 conditas:

2186 3091 2322 3168 πολύ
2386 3091 2461 3177 τι,
2523 3107 2704 3178 πολλῷ
2765 3106 2968 3178 μᾶλλον
3023 3102 3114 3156 διὰ
3164 3099 3440 3154 τοσοῦτον.
3508 3091 3648 3147 Ἀλλ’

383 3191 560 3262 ὅμως.
595 3190 722 3249 εἶπέ
765 3215 880 3267 μοι,
923 3201 1297 3270 προετοίμαζε
1329 3203 1508 3258 πάντα
1540 3205 1608 3258 τά
1640 3205 1720 3269 είς
1755 3206 1964 3275 ἐκπλή-
1991 3221 2034 3278 ρ
2066 3209 2266 3265 ἄπελθε
2295 3208 2354 3259 ἐν
2385 3201 2555 3273 αὐτῷ,
2609 3201 2704 3255 καὶ
2762 3198 2838 3262 ὼς
2889 3197 3116 3250 δύνασαι
3180 3193 3427 3261 ποίησον.
3471 3206 3490 3240 ι
3558 3185 3652 3248 «Ὡς

387 3304 560 3355 ρωσιν
586 3289 686 3356 τῆς
723 3293 1077 3360 προστάξεως
1104 3311 1224 3348 σου.
1261 3314 1281 3346 ι

383 3475 661 3529 ornatum,
725 3471 1088 3527 curtzubacas
1145 3475 1357 3529 serieus
1418 3489 1620 3530 aureus
1677 3477 1960 3546 prasinus,

383 3555 604 3622 gladius
645 3562 988 3614 ornamentis
1030 3565 1364 3632 conspicuus
1390 3575 1444 3620 et
1483 3565 1817 3622 ﬂorenorum
1847 3569 1964 3624 sive

382 3663 737 3705 nummorum
778 3665 1069 3707 aureorum
1099 3657 1202 3712 tria
1230 3658 1418 3712 millia.

463 3738 515 3791 7.
545 3737 680 3792 Cum
709 3742 980 3810 postridie
1007 3744 1354 3799 Glareutzam
1411 3747 1640 3816 profecti
1684 3764 1963 3815 essemus,

383 3848 515 3888 ecce
548 3836 736 3902 paucis
779 3847 900 3905 post
920 3837 1114 3894 diebus
1147 3841 1365 3908 quidam
1409 3857 1474 3895 ex
1501 3857 1701 3896 amerae
1731 3845 1964 3910 optima-

386 3927 533 3980 tibus
569 3930 824 3982 nuntium
850 3932 1008 3986 nobis
1061 3932 1247 3995 atl‘erl,
1282 3935 1508 3989 Patram
1539 3950 1740 3990 amerae
1767 3938 1966 3991 tributa

383 4020 624 4087 pendere
662 4021 713 4075 iu
740 4023 1094 4093 ejusdemque
1118 4029 1466 4080 concessisse
1500 4027 1791 4082 ditionem.
1831 4029 1969 4084 Abs-

386 4112 586 4167 tineret
637 4117 866 4183 proinde
913 4135 974 4170 ea
1031 4119 1162 4171 urbe
1187 4155 1204 4181 ,
1253 4135 1388 4175 neve
1419 4136 1536 4172 eam
1573 4121 1891 4176 obsideret:
1921 4121 1967 4175 si

386 4205 572 4261 minus
615 4216 809 4260 contra
837 4223 964 4262 eum
1015 4210 1316 4264 exercitum
1363 4215 1594 4265 missum
1625 4213 1712 4265 iri.
1753 4213 1847 4266 (Jui
1888 4215 1960 4266 ita

385 4300 668 4366 respondit
698 4300 952 4370 princeps
987 4316 1178 4356 meus:
1219 4303 1358 4357 «Nos
1422 4305 1795 4367 audieramus,
1831 4306 1968 4359 velle

385 4406 486 4446 eos
541 4395 727 4447 urbem
777 4395 1055 4448 (latela'nis
1103 4396 1336 4450 tradere.
1394 4396 1528 4450 Nam
1580 4413 1796 4467 parum,
1833 4399 1968 4453 tnihi

385 4499 606 4552 aequum
666 4485 899 4552 videtur,
960 4487 1072 4555 pati
1117 4503 1218 4542 nos
1266 4505 1586 4544 communes
1616 4490 1804 4544 fratris
1838 4493 1966 4555 mei,

2070 3299 2387 3373 οὗνήκουσε
2419 3296 2611 3360 ταῦτα,
2659 3293 2864 3365 ᾔτησεν
2914 3290 3002 3344 ἵνα
3054 3287 3279 3350 ἀκάκως
3330 3281 3550 3353 εἰσέλθῃ
3593 3278 3652 3332 ἔν

2071 3479 2498 3536 couvaluissem.
2554 3472 2622 3528 At
2649 3472 2740 3527 ille
2776 3487 2790 3525 :
2827 3487 2848 3521 ι
2887 3455 3281 3531 Nihilominus,
3330 3460 3532 3532 inquit,
3580 3457 3650 3512 ad

2071 3569 2503 3641 perliciendum,
2551 3563 2698 3634 quod
2749 3559 3070 3615 mandatum
3125 3556 3223 3611 tibi
3285 3563 3407 3620 est,
3467 3551 3650 3606 omnia

2072 3676 2316 3731 pra‘para
2328 3698 2340 3711 .
2356 3677 2374 3708 ι

2143 3756 2192 3808 8.
2232 3752 2332 3807 Ubi
2364 3750 2512 3804 venit
2533 3749 2649 3803 dies
2676 3744 3008 3816 praestituta,
3043 3758 3146 3798 nec
3175 3741 3350 3796 adfuit
3375 3749 3652 3807 metmpo-

2071 3847 2186 3910 liia,
2241 3843 2504 3898 Kalendis
2563 3839 2741 3894 Iuniis
2770 3837 3016 3908 ejusdem
3055 3835 3428 3891 anniPatram
3464 3831 3645 3886 movi-

2073 3956 2218 3992 mus.
2257 3939 2359 3990 Prr
2388 3935 2610 3990 eosdem
2641 3933 2758 3987 dies
2785 3931 2946 3985 etiam
2979 3930 3219 3984 Thomas
3250 3925 3488 3981 dominis
3509 3923 3652 3978 Cen-

2073 4030 2302 4086 terionis
2341 4026 2630 4097 principis,
2685 4026 2843 4093 cujus
2872 4023 3017 4077 idem
3045 4029 3232 4090 postea
3269 4033 3440 4088 gener
3469 4015 3648 4070 factus

2071 4133 2174 4186 est,
2210 4121 2535 4192 oppidulum
2571 4117 2970 4172 Cbalatritz‘am
3018 4113 3325 4169 obsidebat.
3387 4107 3652 4163 Dominus

2073 4219 2239 4280 igitur
2272 4229 2430 4268 meus
2462 4228 2586 4267 cum
2653 4209 2821 4264 fratre
2862 4207 3085 4260 Patram
3111 4203 3405 4276 processit.
3431 4199 3656 4256 diverti-

2075 4324 2308 4371 iuusque
2343 4321 2448 4360 una
2486 4318 2681 4358 omnes
2698 4300 3101 4358 Camenitzam.
3155 4297 3346 4368 Itaque
3377 4293 3652 4350 Johanni-

2075 4401 2195 4454 cins
2234 4403 2475 4463 Balotas.
2503 4397 2770 4467 principis
2808 4397 2882 4450 ibi
2931 4403 3277 4465 procurator,
3312 4391 3403 4446 ubi
3437 4393 3535 4443 hoc
3563 4390 3651 4442 di—

2075 4496 2228 4552 dicit.
2262 4495 2536 4563 postulata
2587 4491 2949 4552 admissione,
3004 4490 3197 4543 ambos
3227 4489 3484 4542 dominos
3517 4487 3650 4538 ado-

387 4577 568 4644 magui
603 4593 825 4644 amerzc,
878 4593 1210 4650 nostrosque
1248 4583 1571 4638 hostestale
1601 4596 1843 4638 castrum
1878 4602 1970 4638 oc-
2000 4593 2045 4652 υ
2076 4595 2251 4639 ratum
2284 4585 2454 4650 venit;
2489 4592 2544 4635 et
2576 4583 2721 4636 illico
2751 4583 2993 4647 prolatas
3021 4581 3204 4648 oppidi
3233 4581 3414 4632 claves
3446 4579 3649 4645 despo-

387 4679 614 4731 rupare,
641 4665 693 4719 in
731 4667 928 4720 mediis
975 4669 1176 4725 finibus
1212 4674 1417 4724 nostris
1452 4673 1643 4726 situm.
1672 4673 1789 4738 Qua
1819 4675 1886 4727 de
1908 4689 1968 4726 re

388 4757 494 4809 hoc
543 4757 642 4810 iter
669 4760 1036 4829 suscepimus,
1060 4771 1134 4826 et,
1161 4777 1218 4815 re
1240 4765 1481 4831 cognita,
1518 4765 1567 4816 id
1604 4766 1882 4834 negotium
1913 4776 1970 4820 ut

386 4849 804 4914 impediremus,
858 4853 1114 4909 dedimus
1147 4870 1391 4925 operam.
1444 4859 1624 4925 Atque
1651 4859 1805 4912 vides
1845 4873 1966 4921 nos,

387 4938 634 4992 collectis
663 4942 940 5012 ~‘sarcinis,
989 4943 1213 4998 domum
1248 4945 1360 5013 jam
1413 4947 1613 5002 redire.
1644 4947 1964 5016 Propediem

389 5040 572 5082 autem
607 5032 670 5084 ad
711 5033 930 5087 fratrem
959 5050 1164 5098 meum,
1192 5053 1448 5106 magnum
1476 5054 1742 5104 ameram,
1784 5041 1968 5093 initte-

389 5139 449 5176 re
482 5125 739 5178 conStitui
771 5129 913 5181 hune
946 5128 1217 5181 illustrem
1242 5131 1420 5184 virum
1446 5132 1556 5198 (me
1579 5142 1759 5186 autem
1783 5142 1968 5187 osten-

388 5217 571 5284 d--bat)
606 5219 698 5284 qui
729 5219 804 5271 illi
830 5220 996 5273 etiam
1042 5221 1146 5275 alia
1181 5224 1348 5276 multa
1382 5236 1638 5293 exponet,
1666 5227 1731 5283 de
1764 5227 1966 5293 quibus

387 5310 534 5362 inter
591 5325 692 5363 nos
733 5312 816 5381 agi
849 5328 1070 5367 necesse
1098 5325 1215 5367 est.-
1241 5333 1258 5365 ι
1297 5313 1496 5380 Turca,
1538 5317 1622 5370 bis
1654 5320 1879 5383 auditis,
1910 5329 1966 5372 et

389 5403 714 5456 numer-ibus
771 5405 906 5458 bene
937 5405 1277 5470 cumulatus,
1314 5407 1437 5459 la-to
1477 5408 1662 5460 animo
1690 5409 1964 5464 discessit.

390 5492 496 5558 Qui
532 5510 654 5546 cum
706 5494 934 5557 abisset,
985 5497 1380 5552 Constantinus
1419 5499 1584 5567 jussit
1625 5516 1710 5555 me
1746 5518 1962 5570 parare,

390 5599 512 5653 qua!
543 5585 608 5636 ad
640 5586 741 5638 iter
767 5586 1077 5641 faciendum
1100 5593 1410 5645 necessaria
1444 5605 1646 5647 essent.
1680 5593 1810 5664 Ego,
1835 5595 1965 5664 quid

392 5677 468 5727 rei
503 5685 647 5730 esset
712 5677 954 5744 ignarus.
1020 5682 1297 5750 respondi,
1331 5683 1409 5736 ita
1454 5683 1595 5745 fore,
1624 5687 1668 5737 si
1714 5689 1820 5737 Uro
1851 5688 1967 5753 pla-

389 5768 618 5828 cuiSSt-t,
686 5780 741 5821 ut
791 5786 894 5823 non
951 5774 1163 5828 veniret
1203 5777 1575 5843 tnetropolita.
1627 5795 1689 5830 ac
1720 5788 1962 5831 casti-uni

385 5859 549 5915 nobis
570 5861 830 5918 traditum
865 5875 1034 5932 esset,
1062 5877 1111 5923 et
1152 5877 1443 5940 postquam
1471 5871 1589 5942 ipse
1619 5872 1958 5943 aliquantum

2076 4687 2166 4737 1:0,
2196 4677 2420 4731 domino
2451 4691 2589 4737 meo,
2617 4677 2698 4728 bis
2717 4676 2896 4729 verbis
2925 4675 3182 4727 tradidit:
3222 4670 3521 4741 «Oppidum
3551 4672 3653 4724 hoc

2075 4767 2362 4837 proprium
2418 4773 2500 4819 est
2560 4764 2783 4817 domino
2827 4777 2951 4815 meo
3011 4761 3312 4828 majestatis
3361 4768 3478 4811 'tuae
3507 4757 3650 4810 aliini

2076 4861 2297 4929 (etenim
2336 4857 2604 4928 principis
2649 4857 2791 4910 filius
2831 4868 3083 4910 sororem
3123 4850 3431 4905 Thcodurﬂ:
3475 4850 3652 4919 impe-

2073 4952 2293 5005 ratrieis
2347 4949 2604 5020 legitimis
2665 4948 2873 5017 nuptiis
2938 4946 3041 4999 sibi
3105 4942 3515 5012 conjuuxeral),
3553 4943 3647 5008 qui

2074 5043 2354 5096 mandavit
2378 5043 2538 5106 mihi,
2575 5050 2630 5094 ut
2666 5039 2944 5110 majestati
2969 5048 3074 5092 tum
3108 5037 3160 5091 id
3188 5036 3500 5090 dederem.»
3541 5033 3649 5087 Re-

2073 5134 2303 5202 spondet
2325 5133 2720 5188 Constantinus
2747 5151 2761 5186 :
2807 5151 2825 5184 ι
2854 5133 2927 5187 Ita
2956 5147 3013 5185 se
3049 5146 3134 5186 res
3156 5131 3340 5196 habet,
3363 5130 3516 5184 locus
3548 5129 3649 5183 iste

2072 5225 2252 5281 aﬂinis
2281 5226 2386 5280 mei
2422 5235 2527 5290 est,
2561 5242 2669 5280 non
2707 5226 2896 5280 fratris
2920 5225 3054 5279 mibi
3088 5222 3448 5292 cognatioris.
3479 5221 3648 5276 Catte-
3721 5236 3727 5298 ς

2071 5335 2194 5374 rum
2219 5320 2264 5375 si
2295 5320 2448 5390 prius
2484 5321 2584 5374 hoc
2611 5320 2854 5385 fecisset,
2907 5320 3077 5373 frater
3113 5334 3267 5373 meus
3305 5316 3464 5380 nihil,
3501 5317 3645 5385 quod
3720 5311 3728 5336 ⁵

2071 5427 2172 5482 ego
2229 5421 2495 5475 tenerem,
2555 5421 2746 5465 contra
2795 5427 2881 5466 me
2936 5419 3448 5479 oceuparet,atque
3478 5408 3565 5462 ille
3598 5417 3651 5461 et

2072 5507 2478 5574 priucepstuus
2503 5505 2859 5558 incommode
2893 5505 2944 5557 id
2977 5504 3255 5557 tenebant.
3291 5502 3445 5556 Nunc
3467 5511 3648 5554 autem

2073 5601 2117 5651 si
2146 5599 2404 5666 oppidum
2439 5597 2673 5666 accipio,
2694 5598 2835 5651 inter
2858 5613 2941 5650 me
2967 5597 3301 5668 fratremque
3333 5611 3509 5649 meum
3537 5594 3653 5648 dis—

2074 5691 2276 5744 sidium
2309 5690 2512 5744 exoriri
2535 5705 2764 5743 necesse
2796 5701 2899 5751 est,
2931 5691 3077 5757 quod
3104 5707 3170 5744 ne
3197 5705 3404 5760 magnae
3428 5687 3649 5754 quidem

2072 5797 2150 5835 ret
2187 5796 2377 5844 causa,
2405 5782 2606 5834 nedum
2659 5781 2884 5834 tantilla:
2920 5781 3036 5835 fieri
3060 5793 3298 5850 oportet.
3332 5779 3435 5834 Sed
3466 5789 3524 5832 tu
3555 5777 3644 5830 abi

2079 5873 2136 5927 in
2165 5873 2352 5928 urbem
2381 5883 2456 5935 et,
2486 5872 2631 5939 quod
2665 5881 2866 5940 potes,t
2885 5869 3162 5926 fﬁceallis
3187 5869 3410 5937 auditis,
3429 5865 3665 5940 petivi“.
