3990 6564
274 415 411 488 *161

1325 431 1772 495 CHRONICON
1815 434 2088 495 MAJUS.
2127 459 2200 471 -
2232 437 2384 501 LIB.
2417 436 2500 500 II.

3466 441 3574 503 762

292 543 464 616 λιιιὴν
495 544 693 616 χέρσον
716 544 970 615 εγγιστα,
1001 547 1100 600 καὶ
1125 546 1387 618 ἀπεσώθη
1412 551 1494 611 είς
1546 550 1883 605 Ναύπακτον
1913 559 1954 610 Α
1992 554 2147 609 ἐνθεν
2179 558 2267 609 καί
2298 559 2328 610 6
2356 557 2545 627 ἕτερος
2594 556 2811 611 ἐκεῖθεν
2860 556 3041 629 πολλῷ
3085 558 3418 629 διαστήματι
3476 563 3578 625 τῆς

292 637 465 692 πόλιν
495 638 594 708 τῆς
625 637 918 703 Αἰτωλίας,
950 640 1100 702 ὅπως
1157 638 1341 703 καλῶς
1398 640 1547 714 μάθῃ
1612 640 1745 710 περὶ
1790 642 1887 695 τοῦ

290 728 612 796 γεγονότος.
656 729 885 798 Ἐδεήθη
910 730 1004 784 οὖν
1033 734 1490 799 ὶπιμεῖναιιιὰμὲ
1552 735 1731 786 ἐκεῖσε
1796 735 1891 788 καὶ

295 821 403 875 ἐπὶ
425 821 524 891 τὴν
584 821 816 892 αὔριονο
879 823 1057 890 ἔγωγε
1115 824 1428 893 ὑπεσχὲθην
1490 823 1650 877 τοῦτο
1699 801 1892 878 ἕνεκεν

294 913 399 966 δύο
433 915 663 999 αίτιῶνς
696 914 796 981 τῆς
827 918 926 982 μιν
958 917 1046 969 ἵνα
1109 917 1337 986 μηνύσω
1369 917 1446 984 τῷ
1502 918 1737 988 αὐθέντῃ
1788 936 1890 984 μου

294 1009 433 1074 περὶ
453 1006 548 1058 τοῦ
580 1008 889 1071 γεγονότος,
915 1010 943 1060 6
984 1012 1070 1062 κα“·
1142 1010 1273 1080 παρ’
1313 1010 1447 1073 ἐμοῦ
1499 1009 1681 1079 ’ἔμαθε
1739 1010 1888 1079 πρῶ-

295 1113 419 1157 τον.
450 1098 549 1165 τῆς
579 1099 636 1152 δὲ
672 1099 761 1152 ἶνα
806 1100 967 1167 μάθω
994 1100 1079 1162 τίς
1125 1102 1154 1153 6
1209 1101 1413 1162 σκοπὸς
1442 1102 1610 1154 αὐτοῦ
1668 1101 1733 1171 δὴ
1790 1100 1888 1153 τοῦ

302 1192 736 1262 μητροπολίτου.
771 1193 874 1243 Διὰ
911 1194 1116 1253 ταύτας
1142 1187 1236 1244 οὖν
1262 1193 1361 1253 τὰς
1393 1191 1485 1244 δύο
1515 1194 1695 1254 αίτίας
1750 1193 1890 1244 ἀπέ-

307 1297 475 1348 μεινα
534 1282 669 1351 παρ’
728 1282 901 1352 αὐτῷ.
962 1284 1144 1336 Μέσον
1202 1283 1259 1336 δὲ
1305 1284 1607 1353 γενομένου
1656 1284 1890 1338 καὶτοῦ

302 1375 580 1443 Βικάρδου
639 1376 966 1443 Μτρκέλλου
1036 1368 1309 1444 ἡγεμόνος
1359 1377 1723 1441 Ναυπάκτου,
1794 1379 1890 1431 καὶ

302 1469 521 1536 εἴδομεν
578 1468 866 1539 ἀλλήλους,
914 1469 974 1522 6v
1019 1472 1174 1537 κάγὼ
1221 1469 1423 1539 βλέψας
1472 1470 1761 1538 ἐθαύμασα
1807 1471 1890 1524 ὅτι

302 1564 485 1617 ἔοικεν
510 1566 591 1625 είς
614 1565 795 1616 πάντα
822 1563 899 1632 τῷ
927 1564 1023 1616 τοῦ
1053 1564 1216 1634 Σίδης
1261 1564 1662 1638 μητροπολίτῃ.
1717 1565 1891 1617 Συνα-

301 1656 633 1726 νακείμενος
654 1653 749 1710 οὖν
781 1656 894 1725 ἐγὼ
939 1658 1091 1723 αὐτῷ
1157 1661 1251 1711 καὶ
1297 1652 1638 1737 συνομιλῶν.
1696 1657 1890 1737 ιν-τῷ

300 1748 653 1815 διαλέγεσθαι
678 1750 765 1802 ἀεὶ
830 1749 1254 1819 μηχανούμενος
1297 1728 1385 1821 ’ἦν
1430 1753 1580 1814 ὅπως
1638 1728 1890 1824 γνωρίσῃ

303 1841 451 1903 τίνος
475 1841 664 1895 ἕνεκεν
696 1843 895 1913 ἤθελον
929 1842 1040 1909 ἐγὼ
1067 1843 1326 1896 ἀπελθεῖν
1356 1842 1493 1913 πρὸς
1518 1843 1613 1896 τὸν
1637 1844 1886 1911 ἀμηρᾶν,

306 1935 465 2002 κάγὼ
526 1935 737 1986 ἐκεῖνον
788 1935 1199 2001 πυνθανόμενος
1250 1936 1335 1997 τίς
1388 1937 1415 1987 6
1460 1936 1665 1996 σκοπὸς
1719 1932 1887 1989 αὐτοῦ

306 2030 442 2095 περὶ
474 2027 583 2079 τῶν
613 2028 755 2080 κατὰ
783 2027 885 2095 τῆς
938 2027 1164 2096 Πάτρας
1200 2026 1356 2097 152
1389 2027 1735 2095 συμϐάντων,
1796 2028 1892 2081 καὶ

310 2121 389 2189 μὴ
423 2119 715 2188 δυνάμενοι
741 2115 821 2181 εἷς
849 2118 947 2173 τοῦ
987 2120 1178 2188 ἐτέφυ
1223 2121 1294 2173 τὰ
1341 2119 1549 2189 κρύφια
1578 2119 1887 2188 ,γνωρίσαιη

309 2210 537 2263 Ἔοικεν
568 2211 679 2280 γὰρ
702 2211 779 2274 ὥς
805 2227 950 2272 τινες
974 2211 1258 2281 κερδαλὲοι
1294 2211 1563 2278 ἐποίησαν
1594 2211 1889 2278 ἐμπορίας.

320 2302 380 2357 '0
414 2304 517 2372 μὲν,
553 2304 778 2370 φορτίον
808 2299 958 2372 εἶχεν
1017 2304 1136 2356 ἀντὶ
1190 2302 1434 2370 σηρικῆς
1499 2300 1735 2371 μετάξηε
1794 2303 1893 2363 τὰς

306 2399 408 2467 τῆς
435 2396 710 2465 θαλάσσης
739 2396 967 2465 βρύνας,
997 2399 1024 2449 6
1047 2396 1104 2449 δὶ
1152 2396 1274 2448 ἀντὶ
1331 2396 1620 2463 πεπέρεως
1676 2395 1893 2463 σχοίνου

311 2495 518 2562 σπόρον
544 2490 708 2560 ξηρόν
746 2506 761 2523 ·
822 2490 917 2545 καὶ
973 2488 1489 2555 συναπαντηθίντες
1530 2487 1666 2556 ὁμοῦ
1727 2487 1895 2538 ὲπυν-

310 2582 539 2639 θάνοντο
575 2583 825 2653 ἀλλήλων
858 2600 878 2634 ι
913 2583 965 2635 τί
994 2583 1055 2636 τὸ
1087 2581 1346 2652 φορτίον;
1373 2601 1395 2632 δ
1429 2584 1456 2633 6
1490 2580 1613 2648 μὲν,
1655 2598 1673 2631 ι
1709 2579 1896 2633 Μέτα-

311 2677 401 2743 ξα,
435 2697 455 2730 ι
499 2677 599 2747 ἔφη
634 2696 651 2728 ι
694 2677 833 2743 ἔστί,
863 2676 925 2729 τὸ
957 2675 1125 2747 ἐμόν·
1162 2694 1182 2728 ι
1219 2676 1248 2728 6
1282 2674 1362 2739 δὲ,
1397 2693 1417 2726 ι
1452 2674 1657 2741 Πέπερι
1680 2689 1694 2704 ’
1725 2691 1744 2724 ι
1801 2672 1896 2724 καὶ

309 2771 547 2827 ἕκαστος
572 2770 756 2823 αὐτῶν
782 2768 1001 2838 ἐνόμιζε
1037 2769 1234 2838 μήπως
1266 2769 1358 2819 τον
1386 2766 1578 2834 ἕτερον
1647 2762 1893 2834 συμπαί-

314 2864 404 2936 ξῃ.
448 2864 558 2916 Καὶ
598 2861 772 2925 οὕτως
816 2863 895 2924 εἰς
943 2861 1223 2933 συνθήκην
1258 2857 1425 2932 ἦλθον
1481 2861 1566 2914 ἵνα
1624 2857 1897 2912 ἀνταλλάο
1934 2900 1948 2915 κ

314 2957 480 3020 ξωσιν
512 2960 579 3011 τὰ
623 2957 841 3026 φορτία,
870 2958 965 3011 καὶ
996 2956 1071 3028 μὴ
1112 2954 1398 3024 γινώσκων
1448 2957 1476 3007 6
1538 2947 1617 3015 εἷς
1672 2953 1741 3006 τά
1802 2950 1897 3004 τοῦ

313 3050 508 3120 ἕτερον
561 3049 755 3104 ἔλαϐον
813 3051 1032 3120 φορτία.
1080 3051 1174 3103 καὶ
1223 3048 1532 3110 σπουδαίως
1600 3046 1900 3116 ἐπορεύετο

314 3144 547 3203 ἕκαστος
574 3143 660 3194 ἵνα
691 3143 882 3213 πόρρω
911 3141 1172 3212 μακρύνῃ
1207 3141 1315 3193 ἀπὸ
1342 3140 1436 3192 τοῦ
1460 3139 1646 3204 ἄλλον,
1672 3140 1747 3208 μή
1780 3155 1897 3202 πως

2000 647 2124 701 ὁδοῦ
2148 649 2245 702 καὶ
2292 647 2607 713 ἀνοίξαντες
2642 652 2740 719 οὐχ
2801 644 2961 720 εὗρον
2996 650 3169 705 οὐδέν.
3202 651 3388 714 Οὕτως
3442 654 3580 707 ἑπά-

1995 740 2165 810 θομεν
2196 744 2424 812 χήμεῖς.
2460 744 2664 796 Λοιπὸν
2694 746 2723 797 6
2759 745 3167 816 μητροπολίτης
3209 746 3408 799 δέδωκε
3465 749 3580 810 τοῖς

1992 836 2433 903 ἀπεσταλμένοις
2463 837 2733 905 Τούρκοις
2763 840 2911 909 παρὰ
2958 839 3053 891 τοῦ
3100 841 3294 907 sum
3340 842 3433 893 καὶ
3482 840 3578 895 τοῦ

1994 930 2317 997 Τουραχάνη
2354 934 2464 991 τοῖς
2533 932 2649 997 μετ’
2704 930 2836 999 ἐμοῦ
2895 929 3014 983 οἷσι
3071 932 3378 998 γράμματα
3441 932 3580 1001 πρὸς

1993 1023 2118 1081 τοὺς
2154 1023 2367 1074 ἑαυτῶν
2401 1022 2667 1083 αὐθέντας
2714 1025 2840 1087 τοὺς
2876 1026 3310 1086 ἀποστείλαντας
3357 1023 3576 1089 αὐτοὺς,

1994 1114 2168 1184 κάμοὶ
2194 1115 2251 1167 δὲ
2293 1116 2458 1177 πολὺς
2491 1116 2686 1185 συνέὁη
2711 1119 3000 1185 λογισμὸς,
3040 1119 3114 1186 μή
3154 1135 3281 1170 ποτε
3338 1118 3582 1188 ὑπόσχη-

1995 1224 2087 1260 ται
2128 1205 2313 1260 δοῦναι
2363 1211 2532 1262 ἄστεά
2575 1227 2699 1263 τινα
2752 1211 2850 1276 τῆς
2908 1211 3151 1277 Πάτρας,
3218 1212 3377 1274 εῐπερ
3433 1211 3581 1282 αὐτῷ

1999 1299 2244 1370 βοηθήσῃ
2272 1319 2342 1352 πα
2357 1301 2614 1366 ραλαὸεϊν
2652 1302 2898 1372 αὐτὴν,ἢ
2935 1302 3137 1369 πλῆθος
3167 1322 3218 1356 τι
3252 1306 3578 1373 χρημάτων.

1996 1394 2107 1447 Καὶ
2143 1394 2218 1463 μὴ
2247 1394 2555 1460 παυόμενος
2596 1394 2665 1463 τῷ
2688 1394 2938 1462 λογισμῷ
2973 1395 3081 1456 ἕως
3110 1389 3171 1448 οὗ
3222 1397 3379 1464 μάθω
3418 1396 3477 1448 τδ
3527 1397 3582 1449 τί

2001 1486 2288 1553 περέίχον
2319 1486 2383 1536 τὰ
2419 1487 2757 1553 γράμματα,
2805 1485 2897 1537 καὶ
2953 1485 3126 1537 πολλὰ
3179 1486 3452 1547 κοπιάσας
3486 1487 3581 1539 καὶ

1994 1575 2297 1629 συνεσθίων
2326 1577 2508 1632 αὐτοῖς
2542 1577 2785 1643 ἔμέθυσα
2808 1576 3008 1635 αὐτοὺς
3032 1577 3101 1629 τά
3145 1578 3380 1645 μέγιστα
3409 1579 3580 1629 ἀκου-

1994 1668 2125 1731 σίως
2157 1669 2246 1720 διὰ
2266 1669 2325 1721 τὸ
2343 1668 2734 1737 συγκοινωνεῖν
2935 1670 3081 1737 κάμὲ
3102 1670 3197 1722 σὺν
3216 1671 3399 1729 αὐτοῖς
3440 1671 3581 1738 πρὸς

1991 1759 2052 1811 τὸ
2084 1762 2249 1822 πιεῖν,
2276 1761 2371 1812 καὶ
2394 1761 2583 1830 σχεδὸν
2608 1760 2919 1829 ἔμεθύσθην
2946 1777 2961 1791 ⁸
2991 1761 3084 1812 καὶ
3105 1759 3363 1814 τοσοῦτον
3387 1760 3585 1827 ἐμέθυ-

1995 1869 2098 1906 σαν
2126 1854 2324 1907 ἐκεῖνοι
2353 1852 2499 1907 ὥστε
2525 1855 2717 1923 ἀπῆρα
2749 1854 2845 1906 ἀπ’
2875 1854 3057 1907 αὐτῶν
3110 1855 3210 1915 τὰς
3260 1852 3593 1920 ὲπιστολὰς,’

1991 1944 2091 1999 καὶ
2158 1943 2487 2013 ἀνεγνωκὼς
2541 1947 2713 2010 αὐτὰς
2777 1946 2871 2000 καὶ
2945 1947 3331 2017 μεταγράψας,
3417 1946 3583 2001 πάλιν

1993 2037 2306 2105 σφραγίσας
2365 2039 2522 2092 εἴασα
2577 2039 2799 2102 αὐτούς.
2853 2040 2942 2102 Ὠς
2969 2041 3025 2093 δὲ
3091 2040 3302 2107 ἔφθασα
3354 2041 3435 2103 είς
3482 2039 3583 2107 τὴν

1994 2129 2173 2191 πόλιν⁹
2204 2129 2359 2196 ἐδόθη
2399 2148 2492 2199 μοι
2523 2133 2909 2199 ,συμπρέσὸυς
2950 2132 3177 2199 Μάρκος
3214 2135 3240 2183 6
3286 2127 3586 2185 Παλαιολὸ-

1993 2237 2089 2289 γος
2116 2222 2144 2273 6
2181 2222 2451 2290 Ἰαγροςὸ
2485 2224 2579 2276 καὶ
2645 2222 2874 2291 ὕστερον
2939 2224 3410 2294 πρωτοστράτωρ.
3459 2223 3582 2277 τότε

1997 2312 2055 2367 δὲ
2121 2315 2690 2386 πρωτοϐεστιαρίτης.
2741 2318 2857 2371 ,Καὶ
2916 2319 3036 2371 ἀντὶ
3089 2317 3183 2371 τοῦ
3247 2318 3584 2388 σνμόοηθεῖν

1998 2425 2088 2477 μοι
2122 2410 2366 2472 ἐναντίος
2388 2405 2457 2481 ἦν
2492 2412 2629 2463 κατὰ
2662 2411 2759 2479 τῆς
2813 2412 3123 2473 ὑποθέσεως
3163 2410 3232 2463 δι’
3280 2412 3350 2481 ἢν
3409 2412 3589 2480 ἐπηρ-

1994 2501 2193 2571 χὸμην,
2219 2503 2317 2557 καὶ
2342 2502 2441 2555 οὐκ
2473 2498 2592 2556 οἶδα
2622 2504 2683 2555 τὸ
2709 2503 2906 2559 αἴτιον.
2963 2503 3077 2556 ἀλλ’
3105 2504 3136 2573 ἢ
3184 2503 3247 2556 τδ
3306 2505 3334 2554 6
3387 2502 3586 2567 φθόνος

1995 2595 2097 2645 οὐκ
2134 2589 2243 2645 οἶδε
2290 2596 2572 2664 προτιμᾷν
2629 2594 2690 2646 τὸ
2747 2595 3048 2663 συμφέρον.
3129 2593 3487 2655 ’Λπελθόντες
3539 2591 3584 2643 δ’

1997 2685 2134 2753 ὁμοῦ
2180 2685 2318 2754 πρὸς
2376 2685 2470 2737 τὸν
2532 2685 2758 2754 ἀμηρᾶν
2818 2683 3089 2750 ἐλάϐομεν
3147 2682 3446 2749 ἀπολογίαν
3498 2681 3586 2733 ἴνα

1998 2774 2154 2839 αὖθις
2188 2777 2561 2843 ἀποδώσωμεν
2581 2777 2681 2845 τὴν
2711 2777 2934 2847 Πάτραν
2973 2770 3055 2836 οἷς
3102 2778 3357 2845 προεῖχον
3384 2774 3585 2839 αὐτήν.

2011 2871 2462 2940 ’Δπελογισάμην
2499 2867 2595 2925 οὖν
2632 2870 2788 2937 κάγὼ
2839 2870 2916 2937 τῷ
2969 2870 3176 2940 πρώτῳ
3222 2869 3321 2937 τῆς
3386 2856 3587 2935 βουλῆς

1999 2962 2092 3016 τοῦ
2145 2962 2342 3034 ἄμηρᾶ
2389 2963 2629 3034 τοῦνομα
2693 2962 3128 3034 Ἰἣραὴμ-πασιᾶ
3188 2962 3272 3013 ὅτι
3321 2957 3582 3028 τοιαύτην

2000 3057 2296 3127 ἀπόκρισιν
2322 3058 2435 3124 ἐγὼ
2464 3058 2525 3112 οὐ
2549 3058 2734 3125 τολμῶ
2784 3058 2965 3110 εἰπεῖν
3019 3054 3098 3123 τῷ
3141 3053 3381 3124 αὐθέντῃ
3435 3067 3539 3118 μου
3566 3065 3584 3081 ο

2002 3144 2176 3216 ὅμως,
2218 3146 2342 3199 ἐπεὶ
2377 3149 2586 3210 ἐκεῖνος
2633 3146 2958 3200 ἀπέστειλεν
3004 3146 3106 3214 ἐμὲ
3141 3128 3277 3213 πρὸς
3335 3143 3427 3196 τὸν
3492 3140 3588 3210 μέ-
3694 3208 3705 3215 _

205 3306 220 3318 ,
315 3236 352 3305 ἡ
382 3234 603 3306 μηχανὴ
657 3231 1045 3304 φανερωθείη·
1104 3233 1199 3287 καὶ
1251 3232 1694 3305 παραγενόμενοι
1741 3233 1771 3285 ὁ
1819 3226 1969 3306 dcc
2002 3252 2107 3309 γαν
2162 3240 2411 3310 ἀμηρᾶν,
2468 3237 2834 3309 προπαξάτω
2883 3238 2980 3292 καὶ
3028 3235 3223 3298 αὐτός
3291 3250 3415 3286 τινα
3474 3231 3585 3285 τῶν

316 3421 561 3477 devenit.
617 3417 852 3490 Rogavit
912 3420 1099 3492 igitur,
1155 3428 1213 3473 ut
1243 3434 1350 3489 ego
1376 3434 1602 3489 quoque
1647 3417 1712 3471 a'J
1748 3416 1895 3471 diem

317 3525 641 3585 sequentem
676 3515 750 3569 ibi
782 3529 1098 3567 manerem:
1124 3512 1273 3581 quod
1309 3514 1356 3567 ei
1375 3513 1587 3566 duabus
1614 3509 1683 3565 de
1712 3510 1896 3565 causis

315 3608 594 3681 prcutisi:
654 3623 786 3668 una,
859 3614 919 3660 ut
967 3604 1269 3660 indicarem
1332 3605 1557 3659 domino
1607 3617 1729 3657 meo
1763 3602 1895 3671 quid

315 3701 662 3772 contigisset,
688 3701 834 3771 quod
870 3700 918 3756 is
942 3715 1076 3754 sane
1109 3715 1175 3753 ex
1210 3713 1296 3753 me
1332 3699 1571 3767 primum
1599 3696 1895 3767 cognovit;

315 3794 513 3857 altera,
556 3803 615 3847 ut
647 3794 941 3848 consilium
976 3792 1341 3861 metropolitae
1362 3791 1659 3844 discerem.
1695 3788 1777 3843 0b
1805 3803 1900 3844 eas

317 3887 454 3940 duas
485 3899 683 3939 causas
718 3885 883 3956 igitur
919 3901 1047 3939 cum
1082 3884 1178 3939 illo
1212 3884 1413 3938 mansi.
1466 3881 1588 3936 Vidi
1620 3882 1695 3936 ibi
1727 3880 1896 3936 etiam

319 3979 794 4034 intervenientem
854 3977 1155 4033 Bicardum
1224 3977 1579 4039 Marcellum,
1629 3973 1898 4044 Naupacti

317 4069 660 4142 praefectum,
679 4086 840 4140 quem
878 4070 1120 4125 mirabar
1142 4070 1371 4125 omnino
1400 4068 1744 4122 simillimum
1776 4080 1900 4122 esse

317 4163 682 4233 metropolitze
704 4163 945 4221 Sidensi.
965 4162 1278 4229 Malatesta,
1299 4178 1425 4218 cum
1446 4159 1900 4218 accubuissemus

316 4270 428 4310 una
470 4264 524 4310 et
550 4256 1024 4325 colloqueremur,
1055 4256 1110 4310 in
1146 4256 1501 4312 sermonibus
1533 4251 1782 4308 studiose
1806 4266 1902 4306 co-

317 4350 554 4405 nabatur
578 4350 874 4418 expiscari,
907 4365 1014 4420 qua
1056 4349 1123 4404 de
1165 4364 1223 4404 re
1297 4363 1403 4418 ego
1437 4348 1500 4402 ad
1532 4362 1774 4401 amcram
1797 4346 1902 4401 iter

319 4445 604 4511 suscipere
642 4444 858 4506 vellem,
900 4450 1069 4512 atque
1099 4457 1204 4513 ego
1234 4442 1480 4497 vicissim
1516 4455 1584 4496 ex
1617 4440 1714 4495 illo
1740 4456 1898 4510 qua:-

318 4534 504 4591 rcbam
527 4535 739 4597 audire,
771 4535 904 4607 quid
934 4535 1052 4604 ipse
1084 4536 1151 4591 de
1183 4535 1349 4590 rebus
1377 4534 1644 4588 adversus
1674 4532 1894 4587 Patram

317 4633 487 4704 gestis
542 4630 772 4685 sentiret
802 4645 819 4687 :
853 4643 1093 4698 cumque
1152 4636 1346 4682 neuter
1390 4641 1457 4679 ex
1488 4626 1659 4679 altero
1692 4623 1897 4680 elicere

316 4734 503 4793 posset
566 4731 777 4777 secreta
825 4722 949 4790 ejus
981 4721 1242 4785 consilia,
1278 4719 1481 4774 accidit
1532 4717 1713 4779 nobis,
1750 4714 1899 4786 quod

316 4816 650 4886 quastuosis
681 4814 1010 4884 quibusdam
1045 4813 1247 4867 accidit
1284 4820 1651 4866 mercaturam
1690 4807 1901 4862 facien-

318 4910 491 4969 tibus.
536 4923 774 4976 quorum
803 4908 941 4962 alter
968 4921 1067 4976 pro
1098 4907 1279 4961 serico
1306 4907 1547 4974 plantam
1582 4902 1886 4972 quamdam

320 5001 653 5056 maritimum
680 5001 956 5069 portabat.
973 5001 1113 5055 alter
1139 5014 1240 5069 pro
1266 4999 1457 5069 pipere
1481 4996 1634 5067 junci
1673 4996 1897 5051 baccam

318 5095 555 5149 aridam.
597 5092 663 5147 Hi
687 5109 812 5147 cum
848 5093 953 5149 sibi
979 5091 1382 5154 occurrissent,
1460 5090 1901 5160 quasissentqtte

316 5187 590 5249 vicissim,
626 5184 886 5255 quidnam
940 5184 1207 5239 mercium
1238 5191 1549 5253 portarent,
1584 5196 1729 5235 unus
1762 5178 1901 5234 seri-

319 5296 470 5345 cum,
506 5278 642 5332 alter
667 5277 820 5348 piper
850 5277 1011 5331 dixit.
1044 5277 1233 5345 itaque
1263 5290 1389 5329 cum
1416 5287 1648 5345 uterque
1669 5273 1901 5329 alterius

317 5371 613 5428 deludendi
669 5371 901 5438 cupidus
963 5380 1129 5433 esset,
1193 5370 1456 5423 convenit
1514 5369 1658 5423 inter
1692 5382 1813 5427 eos.
1839 5374 1902 5421 ut

317 5473 705 5533 permutarent
736 5475 971 5525 merces,
996 5470 1164 5530 atque
1199 5467 1429 5527 uterque
1453 5459 1583 5527 quid
1623 5457 1761 5512 alter
1791 5458 1893 5511 ba-

312 5558 469 5613 berel
525 5556 769 5626 ignarus,
795 5555 914 5625 ejus
972 5569 1113 5609 onus
1141 5552 1359 5621 accepit
1402 5551 1698 5619 abibatque
1740 5549 1895 5605 l‘csti-

316 5659 533 5711 nanter,
562 5657 623 5703 ut
645 5647 808 5718 longe
836 5646 1114 5702 recederet
1141 5660 1208 5699 ne
1226 5643 1380 5699 fraus
1399 5644 1553 5699 ﬁeret
1583 5643 1895 5698 manifesta.

315 5741 530 5797 Diversi
595 5741 768 5811 igitur
819 5756 942 5796 cum
1005 5739 1274 5795 abiissent
1297 5745 1353 5793 et
1392 5738 1560 5809 longo
1585 5736 1700 5806 jam
1725 5736 1896 5791 inter-

312 5833 460 5887 vallo
517 5834 822 5898 distarent,
858 5841 1141 5905 postremo
1195 5830 1399 5901 apertis
1448 5829 1712 5895 sarcinis,
1748 5829 1896 5898 quod

310 5929 640 5998 quarebant
694 5927 837 5982 haud
874 5934 1225 5997 repererunt.
1252 5923 1386 5981 Tale
1417 5922 1551 5995 quid
1590 5923 1756 5978 etiam
1791 5938 1890 5978 no-

1930 4593 1977 4650 Ι)

1999 3421 2086 3476 bis
2130 3438 2234 3477 usu
2308 3421 2479 3476 venit.
2514 3419 2786 3487 Deinceps
2845 3415 3194 3485 metropolita
3247 3412 3470 3479 Turcis,
3514 3410 3585 3465 ab
3670 3479 3677 3484 .

2001 3529 2186 3570 amera
2214 3522 2268 3567 et
2299 3511 2627 3565 Turacltaue
2660 3509 2871 3567 missis.
2914 3506 3007 3576 qui
3051 3521 3263 3559 mecum
3295 3515 3479 3565 erant,
3512 3501 3581 3554 ad

2000 3598 2193 3661 eorum
2244 3606 2523 3671 dominos,
2554 3618 2585 3658 a
2613 3602 2816 3671 quibus
2858 3600 3011 3655 missi
3047 3607 3334 3659 venerant,
3372 3597 3585 3650 litteras

2002 3698 2188 3753 dedit:
2252 3711 2317 3750 ac
2356 3696 2654 3749 vehemens
2705 3708 2791 3744 me
2820 3691 2994 3744 subiit
3047 3688 3316 3757 suspicio,
3348 3703 3416 3740 ne
3444 3685 3587 3741 forte

2002 3791 2198 3861 oppida
2238 3788 2489 3855 quaedam
2554 3784 2837 3840 Patrensis
2886 3783 3173 3846 territorii,
3209 3773 3302 3833 aut
3335 3780 3588 3839 aliquan-

2002 3894 2120 3939 tum
2161 3868 2411 3954 pecunia:
2469 3879 2838 3950 promisisset,
2874 3877 2917 3931 si
2965 3890 3025 3930 se
3060 3875 3112 3927 in
3156 3871 3474 3940 occupanda
3520 3885 3586 3925 ea

2003 3978 2143 4033 urbe
2170 3976 2477 4045 adiuvaret.
2538 3971 2648 4028 Nec
2713 3970 2929 4025 cessavi
2968 3986 2996 4023 ιι
3030 3968 3365 4035 suspicione,
3401 3966 3577 4018 donec

2001 4060 2410 4140 cognovissem,
2438 4066 2569 4136 quid
2599 4081 2677 4119 ea:
2704 4065 2900 4118 litterae
2929 4064 3294 4117 continerent.
3324 4059 3588 4111 multum-

2002 4180 2114 4234 que
2146 4176 2329 4232 opera:
2375 4160 2699 4226 impendens
2731 4164 2786 4211 et
2816 4172 2943 4210 cum
2989 4155 3056 4209 iis
3085 4152 3413 4211 convivaus,
3468 4150 3585 4203 ine-

2003 4256 2180 4313 briavi
2222 4270 2320 4311 eos
2355 4253 2612 4324 quamvis
2644 4257 3043 4319 repugnantes,
3076 4262 3202 4300 cum
3232 4260 3339 4299 una
3367 4256 3492 4295 cum
3516 4239 3587 4295 iis

2005 4363 2274 4422 putarem,
2305 4365 2406 4405 nec
2437 4350 2629 4401 aberat
2655 4345 2916 4407 multum,
2950 4342 3083 4411 quin
3109 4339 3414 4394 inebriarer
3446 4335 3586 4402 ipse.

2003 4442 2084 4499 Illi
2106 4453 2287 4498 autem
2316 4456 2382 4496 eo
2395 4440 2680 4496 ebrietatis
2708 4444 3130 4508 processerunt,
3154 4440 3213 4485 ut
3239 4427 3501 4496 epistolas
3520 4425 3591 4479 iis

2005 4536 2411 4599 subtraherem,
2436 4534 2638 4603 quibus
2668 4531 2830 4584 lectis
2852 4540 2902 4581 et
2933 4525 3225 4589 descriptis
3258 4530 3592 4586 rursumque

2007 4620 2334 4698 obsignatis,
2390 4626 2540 4695 ipsos
2576 4624 2776 4677 missos
2816 4620 2941 4675 l'eci.
2974 4617 3273 4686 Postquam
3311 4614 3365 4667 in
3400 4614 3588 4664 urbem

2007 4721 2156 4784 veni,
2198 4720 2414 4772 Marcus
2455 4715 2793 4783 Palaeulogns
2819 4711 3035 4780 Iagrus,
3059 4709 3152 4778 qui
3187 4718 3373 4775 postea
3398 4713 3589 4773 proto-

1972 4823 2212 4871 ‘strator
2274 4813 2397 4875 fuit,
2452 4820 2571 4863 tum
2610 4816 2792 4860 autem
2845 4799 3255 4873 protovnstiarii
3316 4798 3585 4863 dignitate

2009 4908 2359 4976 fungebatur,
2413 4902 2705 4973 legationis
2740 4901 2923 4955 socius
2957 4897 3090 4950 mihi
3143 4893 3438 4959 adjunctus
3466 4897 3576 4942 est.

2006 4996 2059 5052 ls
2096 5006 2308 5052 tantum
2339 4996 2551 5054 aberat,
2572 4989 2969 5058 utmejuvaret
2991 4986 3045 5039 in
3078 4986 3319 5053 negotio,
3353 4977 3584 5046 obquod

2003 5103 2292 5151 veneram,
2332 5096 2392 5141 ut
2421 5087 2808 5140 adversaretur
2836 5078 2967 5133 mihi
2999 5096 3012 5129 :
3048 5074 3210 5142 cujus
3234 5086 3337 5136 ego
3357 5071 3430 5124 rei
3469 5068 3590 5121 nul-

2003 5182 2116 5236 lam
2160 5180 2321 5234 aliam
2383 5188 2606 5233 causam
2671 5173 2820 5236 novi,
2860 5170 2967 5225 nisi
3005 5166 3150 5233 quod
3183 5162 3386 5218 invidia
3419 5161 3596 5213 bono-

2010 5288 2135 5328 rare
2163 5270 2453 5325 utilitatem
2484 5281 2592 5321 non
2639 5263 2951 5319 consuevit.
3000 5256 3118 5314 Una
3150 5256 3320 5326 igitur
3343 5252 3409 5304 ad
3437 5265 3591 5304 ame-

2006 5380 2122 5418 ram
2157 5360 2408 5433 profecti,
2465 5370 2790 5428 responsum
2851 5352 3102 5420 tulimus,
3141 5362 3200 5402 ut
3240 5345 3462 5399 Patratn
3498 5343 3587 5405 iis,

2005 5430 2242 5524 quorum
2303 5451 2515 5511 fuisset,
2570 5446 3020 5506 restitueremus;
3065 5456 3171 5509 qua
3196 5436 3264 5492 de
3308 5451 3365 5490 re
3393 5447 3493 5503 rgo
3517 5430 3593 5506 ei,

2006 5549 2097 5617 qui
2119 5559 2319 5600 amem
2354 5543 2570 5613 primus
2593 5548 2712 5595 erat
2741 5554 2771 5592 a
2800 5535 3073 5597 consiliis,
3103 5521 3589 5596 lbraemi-pasiani

2006 5640 2249 5702 nomine,
2287 5635 2459 5698 edixi,
2496 5634 2605 5688 tale
2642 5646 2968 5703 responsum
3005 5643 3114 5681 non
3145 5622 3349 5678 audere
3385 5633 3471 5672 me
3498 5630 3586 5670 re-

2006 5734 2153 5790 ferre
2179 5732 2247 5787 ad
2309 5730 2592 5786 dominum
2632 5742 2813 5781 meum
2842 5742 2855 5778 :
2895 5736 3084 5777 verum
3118 5729 3329 5777 tamen,
3360 5724 3485 5766 cum
3514 5705 3585 5763 ad

2005 5843 2265 5900 magnum
2292 5839 2535 5881 amcram
2565 5822 2655 5877 ille
2691 5836 2775 5875 tne
2798 5817 3066 5879 misisset,
3097 5812 3215 5881 ipse
3257 5801 3578 5878 quempiam

2006 5936 2217 5977 mecum
2259 5917 2478 5990 juberet
2517 5914 2693 5980 abire,
2724 5910 2814 5982 qui
2862 5906 3045 5981 magni
3069 5918 3268 5962 amere:
3299 5900 3587 5956 decretum
