3990 6570
427 422 545 486 769

1430 418 1924 481 'CllRONlCON
1964 420 2242 484 MAJUS.
2281 444 2351 457 —
2387 420 2536 482 LIB.
2572 420 2649 482 II.

3579 422 3685 484 770

414 535 475 587 τί
505 535 565 595 δν
597 531 673 601 τῷ
697 526 925 601 Εὐρίπῳ
948 525 1092 601 ἦραν
1123 526 1223 598 τὴν
1245 526 1495 597 γέφυραν
1524 530 1795 593 ἀκουσίως
1827 532 1896 601 τῇ
1928 529 2011 583 κθι
2040 534 2083 592 Α
2119 530 2217 601 μὲν
2246 530 2343 583 οὐν
2363 529 2443 598 τῷ
2475 528 2689 596 βασιλεῖ
2711 527 2976 597 μείνωσιν
3007 529 3066 581 ἐν
3098 532 3161 600 τῇ
3192 530 3368 595 πόλει,
3389 530 3535 585 οὗτοι
3556 534 3610 587 δὲ
3633 537 3684 589 oi

412 624 761 692 Αὐγούστου,
796 624 962 693 ἡμεῖς
993 622 1294 693 ἐμείναμεν
1327 626 1386 675 ἐν
1413 623 1598 695 ἐκείνῃ
1633 628 1699 696 τῇ
1732 624 1889 677 νυκτὶ
1919 627 2003 688 είς

411 719 518 779 τὰς
551 716 754 780 ἔξωθεν
788 716 885 784 τῆς
897 714 1142 785 γεφύρας
1160 714 1387 785 πέτρας⁸
1410 717 1504 769 καὶ
1523 716 1582 768 ἐν
1599 718 1788 789 ἐκείνῃ
1817 719 1883 787 τῇ
1913 734 2002 770 νυ-

414 809 514 861 κτὶ
540 808 709 859 πολλὰ
731 806 948 859 ἐναντία
969 805 1248 875 ἐπάθομεν
1264 806 1373 861 ἀπό
1386 823 1446 860 τε
1465 805 1672 877 ψύχους
1692 808 1788 860 καὶ
1809 808 2000 874 πείνας

412 901 514 953 καὶ
546 899 651 953 ἀπὸ
665 900 765 966 τῆς
783 898 1080 969 ξηρότητος
1101 898 1211 951 τῶν
1233 898 1451 968 πετρῶν
1472 900 1581 954 ἀπό
1604 916 1664 952 τε
1685 900 1855 967 φόϐου
1886 902 1998 954 τῶν

412 990 632 1060 λῃστῶν
661 991 753 1042 καὶ
779 990 891 1042 τῶν
924 989 1033 1045 ἀπὸ
1059 989 1156 1044 τοῦ
1186 991 1512 1062 Τουραχάνη
1551 992 1783 1062 στρατοῦ
1839 994 1993 1066 161

409 1079 510 1133 διὰ
541 1081 600 1133 τὸ
633 1081 820 1145 ξένους
849 1083 976 1144 τοὺς
1012 1081 1214 1147 ῐππους
1237 1080 1402 1150 εἶναι,
1427 1082 1519 1142 οὓς
1550 1086 1614 1152 ta;
1641 1084 1735 1137 τοῦ
1763 1087 1996 1155 Διέθρου

409 1173 844 1244 ἔδανεισάμεθα,
878 1175 906 1227 ὃ
934 1193 989 1229 τι
1020 1176 1117 1229 καὶ
1148 1178 1421 1248 παροιμία
1458 1178 1677 1246 ἐγένετο
1698 1179 1792 1231 ἐπὶ
1840 1172 2007 1251 κακῷ

406 1268 526 1328 τοῖς
553 1265 671 1336 μετ’
702 1266 840 1334 ἐμοῦ
878 1268 1000 1321 τότε
1044 1268 1199 1323 οὖσιν
1238 1270 1319 1333 είς
1372 1270 1467 1325 τὸν
1528 1270 1828 1342 μετέπειτα
1874 1271 1994 1342 ἦτοι

407 1358 643 1411 ἐπιόντα
666 1362 881 1430 χρόνον.
948 1360 1283 1423 Ἀναϐάντες
1331 1356 1427 1415 οὖν
1482 1363 1562 1424 είς
1613 1364 1712 1425 τὰς
1746 1367 1995 1434 τριήρεις

407 1452 508 1503 ἐπὶ
534 1452 633 1522 τὴν
666 1450 882 1520 αὔριον,
912 1455 978 1523 τῇ
1011 1451 1096 1521 κγ’
1131 1451 1227 1508 τοῦ
1265 1454 1646 1527 Σεπτεμϐρίου
1691 1458 1861 1526 μηνὸς
1898 1458 1991 1511 τοῦ

405 1544 608 1615 gap!
630 1545 783 1608 ἔτους
809 1549 889 1609 είς
910 1546 1010 1614 τὴν
1036 1547 1615 1602 Κωνσταντινούπολιν
1648 1548 1992 1619 ἐφθάσαμεν.

487 1634 576 1704 ιβ’.
611 1638 691 1708 Τῇ
719 1638 777 1691 δέ
808 1644 885 1692 κε’
920 1640 1171 1707 Μαρτίου
1199 1639 1293 1694 τοῦ
1342 1640 1507 1694 αὐτοῦ
1535 1642 1690 1705 ἔτους
1716 1638 1883 1716 ἦλθεν
1910 1644 1991 1710 είς

404 1732 512 1801 τὴν
578 1732 735 1786 πόλιν
783 1733 817 1803 ἠ
876 1733 972 1787 τοῦ
1032 1734 1491 1806 Παρασπονδήλου
1524 1736 1764 1803 μεγάλου
1802 1736 1992 1800 δουκδς

406 1824 662 1895 θυγάτηρ
710 1826 939 1895 ὀνόματι
996 1825 1141 1895 Ζωὴ,
1193 1826 1330 1894 μετά
1388 1825 1672 1895 βασιλικῆς
1713 1828 1990 1896 τριήρεως

405 1916 718 1987 ἐσταλμένη
748 1918 890 1988 μετά
914 1918 1173 1987 Μανουὴλ
1199 1918 1295 1971 τοῦ
1349 1917 1735 1984 Ιιαλαιολόγου,
1785 1918 1870 1973 ῐνα
1898 1905 1987 1971 κοξ

406 2010 651 2079 μίσωσιν
681 2010 877 2079 αὐτὴν,
905 2010 972 2080 ἦν
997 2009 1061 2073 δὴ
1090 2010 1185 2063 καὶ
1220 2012 1359 2079 μετά
1392 2027 1542 2073 τινας
1575 2010 1794 2081 ἡμέρας
1826 2010 1989 2080 ηὐλο-

403 2102 554 2171 τήθη
573 2105 601 2157 6
622 2102 890 2175 δεσπότης
921 2104 949 2156 ό
976 2105 1082 2171 κύρ
1114 2104 1456 2173 Δημήτριοςο
1491 2103 1614 2171 μεθ’
1634 2097 1703 2174 ἧς
1729 2104 1794 2174 δὴ
1832 2104 1988 2173 τριή-

403 2209 552 2264 ρεως
579 2194 919 2263 παρεγένετο
947 2194 1028 2256 είς
1059 2193 1159 2264 τὴν
1189 2192 1349 2246 πόλιν
1374 2195 1471 2245 καὶ¹
1503 2196 1530 2246 6
1569 2193 1841 2263 δεσπότης
1879 2198 1985 2265 κὺρ

403 2285 686 2357 Θεόδωρος
734 2286 822 2340 διὰ
852 2286 913 2339 τὸ
945 2282 1086 2339 εῖναι
1145 2285 1306 2340 αὐτὸν
1337 2290 1393 2339 ἐν
1423 2289 1490 2357 τῇ
1545 2288 1695 2340 πόλει
1737 2288 1983 2359 διάδοχον

399 2377 512 2446 τῆς
538 2378 820 2449 βασιλείας
843 2379 919 2442 ὠς
946 2378 1198 2448 δεύτερος
1219 2378 1470 2452 ἀδελφὸς.
1501 2378 1530 2433 δ
1554 2384 1644 2434 καὶ
1668 2382 1695 2434 6
1724 2378 1982 2451 βασιλεὺς

403 2468 684 2539 ἐπεκύρου
714 2469 864 2539 αὐτῷ
888 2470 1182 2533 ἀκουσίως,
1212 2471 1292 2522 ὅτι
1316 2470 1408 2523 τὸν
1442 2471 1548 2541 κὺρ
1573 2472 1981 2527 Κωνσταντῐνον

399 2561 498 2616 τὸν
554 2563 824 2631 αὐθέντην
859 2580 961 2632 μου
1012 2564 1107 2615 καὶ
1136 2563 1365 2632 ἀδελφὺν
1410 2563 1575 2615 αὐτοῦ
1608 2564 1796 2618 πλεῖον
1840 2565 1981 2634 ὠρέο

400 2670 539 2723 γετο
570 2653 715 2723 εχειν
740 2654 907 2721 ἐγγυς
933 2652 1103 2706 αὐτοῦ
1128 2655 1186 2705 ἐν
1211 2656 1278 2723 τῇ
1317 2654 1493 2715 πόλει.
1523 2655 1598 2717 ὡς
1631 2660 1726 2708 καὶ
1753 2658 1781 2709 6
1818 2655 1979 2725 λόγος

401 2743 615 2815 προῖὼν
645 2743 902 2814 δηλώσει.
948 2744 1103 2796 Ἐπεὶ
1137 2743 1196 2797 δὲ
1224 2743 1397 2810 οὕτως
1432 2745 1888 2816 παρηκολούθησε
1918 2748 1979 2802 τὸ

399 2840 666 2908 πρᾶγμα,
698 2837 1032 2903 ἐσπούδαζεν
1065 2838 1153 2892 ἵνα
1207 2841 1287 2902 είς
1315 2839 1414 2909 τὴν
1448 2838 1857 2910 Πελοπόννησον
1885 2843 1976 2895 καὶ

399 2927 533 2993 τοὺς
556 2931 706 2999 τρεῖς
731 2929 993 2997 ἀδελφοὺς
1024 2930 1416 3002 ἐγκατοικήσῃ.
1459 2927 1520 2984 '0
1556 2930 1686 2998 γοῦν
1709 2932 1975 3001 αὐθέντης

402 3038 515 3091 μου
545 3020 708 3075 πάλιν
742 3024 770 3075 6
801 3022 1071 3093 δεσπότης
1098 3021 1204 3093 κὺρ
1249 3024 1658 3087 Κωνσταντῖνος
1690 3025 1830 3093 μετά
1876 3025 1971 3078 τοῦ

397 3112 638 3182 ἀδελφοῦ
662 3114 830 3170 αὐτοῦ
859 3116 967 3186 κὺρ
991 3115 1165 3185 Θωμᾶ
1190 3115 1283 3168 τοῦ
1313 3116 1575 3170 δεσπότου
1608 3114 1695 3187 (ἧν
1716 3118 1825 3188 γὰρ
1851 3117 1971 3188 μεθ’

2103 621 2199 676 δύο
2226 624 2486 676 αὐθένται
2513 625 2594 687 εἰς
2618 622 2716 691 τὴν
2750 622 3183 693 Πελοπόννησον.
3238 623 3395 693 162
3425 626 3522 678 Δια
3553 626 3687 680 tua-

2101 733 2201 787 την
2228 715 2291 786 δὴ
2338 714 2437 783 τὴν
2480 716 2659 769 αἰτίαν
2690 716 2784 768 καὶ
2835 715 2914 782 τῷ
2949 716 3157 782 Ἰουνίῳ
3205 719 3339 785 μηνὶ
3384 718 3481 771 τοῦ
3515 719 3682 772 αὐτοῦ

2102 806 2258 870 ἔτους
2288 806 2440 877 διέϐη
2475 808 2583 863 ἀπὸ
2612 808 2710 876 τῆς
2741 808 2945 869 πόλεως
2978 810 3058 870 είς
3091 806 3190 876 τὴν
3221 809 3632 878 Πελοπόννησιιν
3655 813 3684 863 6

2100 898 2371 971 δεσπότης
2401 903 2509 971 κὺρ
2540 901 2957 963 Κωνσταντίνος-
2980 901 3053 961 ὡς
3091 901 3313 969 φεύγων
3370 903 3509 967 μετά
3547 904 3684 955 ἀκα-

2100 991 2218 1045 τίου
2251 992 2415 1059 τινδς,
2461 990 2621 1057 κάγὼ
2676 992 2732 1044 δὲ
2766 992 2898 1059 παρ’
2944 990 3108 1044 αὐτοῦ
3162 993 3381 1051 σταλεὶς
3410 994 3547 1058 πρὸς
3589 993 3681 1043 τὸν

2102 1084 2330 1153 άμηρᾶν
2362 1084 2451 1137 διὰ
2478 1084 2686 1153 ταύτην
2716 1084 2780 1149 δὴ
2818 1085 2918 1154 τὴν
2952 1085 3159 1146 αἰτίαν,
3205 1085 3291 1136 ἵνα
3338 1084 3500 1138 αύτδι
3537 1084 3680 1152 ὑπὲρ

2101 1176 2315 1229 ἑαυτῶν
2342 1176 2532 1246 ἔχωσι.
2575 1176 2687 1231 Καὶ
2736 1175 2908 1237 οὕτως
2965 1174 3218 1228 ἀπελθὼν
3275 1178 3344 1228 τά
3398 1176 3677 1228 ἀνατεθει·

2101 1268 2240 1338 μένα
2275 1286 2366 1335 μοι
2392 1268 2572 1330 καλῶς
2602 1267 2952 1337 ᾡκονόμησα.
2982 1270 3077 1322 καὶ
3097 1269 3183 1321 διὰ
3206 1270 3373 1339 ξηρᾶς
3403 1271 3481 1330 είς
3516 1270 3663 1321 "£7.0-
3685 1278 3701 1290 ί

2097 1355 2370 1426 πόννησον
2421 1355 2657 1423 ἔφθασα.
2695 1350 2871 1426 Εὗρον
2904 1357 2960 1410 δὲ
3003 1358 3131 1419 τοὺς
3164 1358 3426 1425 ἀδελφοὺς
3455 1363 3549 1410 καὶ
3581 1359 3679 1410 αὐ-

2097 1449 2290 1512 θέντας
2340 1450 2564 1519 Εχοντας
2614 1450 2841 1521 ὄχλησιν
2880 1450 3064 1518 μάχης
3114 1451 3401 1520 μεγάλην·
3449 1453 3676 1503 ὄπισθεν

2095 1544 2206 1616 γὰρ
2232 1543 2327 1596 τοῦ
2355 1545 2461 1615 κὺρ
2494 1545 2909 1598 Κωνσταντίνου
2946 1544 3038 1597 τοῦ
3084 1545 3346 1598 αὐθέντου
3399 1562 3500 1614 μου
3536 1562 3672 1597 στα-

2093 1633 2209 1698 λεὶς
2244 1636 2382 1703 μετὰ
2410 1638 2688 1707 τριήρεωε
2720 1640 2747 1689 6
2772 1636 2878 1706 κὺρ
2913 1636 3219 1706 Θεόδωρος,
3261 1636 3348 1689 ῐνα
3383 1639 3522 1689 κατά
3561 1636 3674 1689 τῶν

2094 1728 2187 1782 δύο
2219 1730 2469 1799 ἀδελφῶν
2502 1729 2669 1782 αὐτοῦ
2698 1729 2967 1799 μάχηται,
3000 1731 3095 1781 καὶ
3122 1728 3358 1799 στρατοῦ
3409 1727 3671 1782 πλείστου

2095 1823 2582 1893 συναθροισθέντσς
2606 1821 2775 1892 ἄμφω
2801 1825 2915 1885 τοῖς
2952 1824 3166 1892 μέρεσι,
3195 1823 3290 1875 καὶ
3321 1822 3556 1892 πόλεμός
3588 1840 3671 1886 τις

2089 1916 2196 1970 άνά
2245 1916 2425 1970 αὐτῶν
2477 1917 2692 1984 γέγονε.
2749 1916 2839 1986 Τῷ
2873 1919 3064 1987 ,ςῖρμέ
3108 1917 3219 1969 ἔτει
3278 1912 3669 1983 ἀπεστάλησαν

2090 2010 2244 2078 παρὰ
2286 2009 2382 2061 τοῦ
2421 2008 2687 2079 βασιλέως
2733 2010 2995 2078 πρέσϐεις
3036 2008 3172 2075 πρὸς
3222 2010 3352 2070 τοὺς
3403 2008 3667 2075 ἀδελφοὺς

2089 2101 2254 2155 αὐτοῦ
2281 2104 2310 2155 ὁ
2344 2101 2483 2171 ἄγαν
2514 2101 2748 2172 χρηστὸς
2774 2101 3045 2162 Διονύσιος
3075 2101 3116 2152 ia
3129 2103 3446 2172 ρομόναχος,
3479 2103 3507 2154 6
3532 2118 3668 2172 χρη-

2091 2191 2329 2261 ματίσας
2387 2192 2485 2244 καὶ
2520 2190 2931 2261 μητροπολίτης
2970 2193 3250 2259 Σάρδεων,
3301 2195 3395 2244 καὶ
3446 2195 3473 2245 6
3507 2193 3667 2245 Δισύ-

2088 2301 2259 2346 πατος
2278 2282 2573 2354 Γεώργιος,
2590 2285 2686 2337 καὶ
2716 2275 2863 2335 οὗτοι
2882 2284 2980 2352 τὴν
3003 2284 3187 2352 μάχην
3210 2285 3407 2351 μικρόν
3420 2302 3475 2336 τι
3497 2299 3664 2336 xus-

2086 2378 2354 2444 πράῦνσν.
2381 2376 2546 2439 Τέλος
2570 2377 2626 2429 δὲ
2656 2377 2819 2428 πάλιν
2850 2377 3023 2429 ἄλλων
3059 2376 3325 2430 ἐλθόντων
3352 2376 3658 2446 πρέσϐεων,

2085 2468 2181 2522 τοῦ
2236 2467 2580 2538 Μελισσηνοῦ
2619 2468 2768 2535 λέγω
2818 2468 3126 2540 Γρηγορίου
3178 2471 3534 2539 ίερομονάχου
3565 2473 3660 2522 καὶ

2085 2561 2486 2628 πνευματικοῦ,
2515 2560 2611 2614 τοῦ
2665 2563 2760 2614 καὶ
2813 2564 3259 2631 χρηματίσαντος
3297 2562 3523 2632 ὕστερον
3560 2580 3661 2615 πα-

2083 2658 2345 2727 τριάρχου
2377 2658 3035 2721 Κωνσταντινουπόλεως,
3068 2659 3126 2720 ὃς
3176 2661 3269 2710 καὶ
3300 2658 3435 2726 παρ’
3477 2659 3659 2721 ἄλλοις

2084 2747 2573 2819 Στρατηγόπυυλος
2600 2750 2990 2815 ἐπωνομάζετο
3026 2750 3121 2802 καὶ
3164 2751 3259 2802 σὺν
3286 2750 3436 2819 αὐτῷ
3467 2750 3529 2817 δὴ
3564 2752 3657 2801 καὶ

2081 2841 2160 2909 τῷ
2199 2841 2495 2911 Γρηγορίῳ
2531 2843 2697 2895 πάλιν
2729 2841 2825 2893 τοῦ
2858 2842 3171 2895 Δισυπάτου
3205 2843 3299 2895 καὶ
3347 2842 3479 2912 ἐμοῦ
3521 2858 3656 2909 augt-

2082 2933 2426 2987 ϐιϐασάντων
2456 2936 2553 2988 καὶ
2604 2936 3107 3005 συμφροκησάντων
3133 2938 3332 2999 αὐτοὺς
3367 2936 3450 2987 ἴνα
3495 2940 3522 2988 ὁ
3552 2937 3654 3003 μὲν

2079 3025 2344 3098 αὐθέντης
2380 3045 2482 3097 μου
2515 3029 2607 3081 καὶ
2628 3029 2899 3099 δεσπότης
2942 3027 3192 3082 ἀπελθὼν
3248 3031 3559 3100 παροικήσῃ
3598 3030 3653 3080 ἐν

2078 3122 2143 3192 τῇ
2201 3122 2799 3191 Κωνσταντινουπόλει,
2844 3126 2871 3177 6
2914 3125 2971 3178 δέ
3002 3125 3107 3195 κὺρ
3163 3123 3317 3193 163
3377 3123 3653 3193 Θεόδωρος

398 3205 565 3277 ᾐμῶν
590 3206 647 3259 ἐν
676 3208 744 3278 τῇ
776 3206 934 3259 πόλει
971 3208 1000 3260 6
1031 3206 1248 3276 πρῶτος
1291 3207 1475 3278 ἄρχων
1504 3210 1597 3262 τοῦ
1645 3210 1794 3263 οῐκου
1830 3210 1972 3263 ἐκεί·
2000 3222 2044 3280 c
2079 3215 2171 3265 καὶ
2206 3214 2312 3283 κὺρ
2353 3215 2558 3284 Θωμᾶς
2605 3217 2655 3269 oi
2705 3216 2963 3270 δεσπόται
3010 3219 3069 3269 ἐν
3111 3219 3177 3286 τῇ
3236 3216 3648 3286 Πελοποννήσῳ.

396 3314 494 3354 νου
516 3298 743 3369 ὀνόματι
803 3296 999 3353 Ῥαοὺλ
1024 3298 1265 3372 Μιχαὴλ)
1303 3302 1638 3367 ἐσπούδαζον
1670 3303 1755 3356 ἴνα
1786 3305 1836 3357 ol
1874 3302 1969 3357 δύο

393 3480 560 3535 modo
589 3480 784 3536 infecta
812 3496 871 3536 re
908 3482 1067 3537 redii.
1113 3481 1251 3537 Cum
1312 3492 1494 3537 autem
1553 3482 1811 3552 Euripum
1874 3486 1965 3555 qui

391 3572 737 3636 accolebant,
806 3574 929 3627 licet
990 3574 1170 3638 inviti,
1223 3586 1442 3639 pontem
1501 3578 1966 3631 sustulissentdie

390 3662 626 3730 Augusti
665 3663 760 3731 29,
794 3680 895 3718 nos
924 3681 1046 3720 eam
1077 3675 1291 3720 noctem
1344 3676 1496 3721 extra
1560 3677 1776 3735 pontem
1826 3670 1967 3723 inter

391 3768 525 3807 saxa
556 3753 946 3825 transegimus,
976 3765 1030 3810 et
1061 3756 1232 3810 multa
1258 3759 1485 3811 adversa
1510 3772 1540 3811 a
1567 3758 1788 3826 frigore,
1825 3755 1967 3815 fame

390 3856 446 3900 et
471 3845 673 3900 duritie
721 3861 1002 3910 saxorum,
1050 3862 1079 3901 a
1115 3848 1311 3901 timore
1380 3849 1507 3902 item
1567 3847 1839 3903 latronum
1909 3860 1963 3904 et

393 3933 636 3987 militum
678 3930 1022 3988 Turaclranis
1099 3935 1446 4004 pertulimus.
1523 3938 1781 4005 quoniam
1837 3937 1962 4004 equi

388 4022 588 4086 nostri,
613 4038 755 4093 quos
782 4038 812 4077 e
842 4022 1069 4078 Lietlrro
1112 4025 1348 4079 mutuati
1406 4040 1651 4088 eramus.
1687 4028 1961 4097 peregrini

385 4122 591 4168 erant:
654 4127 776 4181 qua:
840 4127 927 4166 res
986 4108 1312 4182 prorerrrium
1359 4116 1631 4183 quoddam
1685 4117 1953 4170 malorum

387 4202 657 4273 fuit,quze
683 4197 874 4272 postea
940 4204 1149 4272 experti
1207 4216 1357 4270 sunt,
1388 4206 1481 4276 qui
1547 4216 1677 4261 tunc
1739 4222 1955 4261 mecum

382 4294 915 4352 erarrt.(Zorrscerrsis
966 4296 1228 4365 postridie
1285 4298 1620 4363 triremibus,
1696 4299 1960 4354 vicesimo

382 4391 546 4443 tertio
597 4387 686 4444 die
739 4386 1118 4460 Septembris,
1166 4404 1313 4443 anno
1366 4387 1529 4454 69H,
1583 4388 1795 4460 Cpolirn
1835 4405 1962 4460 per-

382 4496 656 4535 νοηιιιιιις.

2073 3307 2180 3370 Καὶ
2214 3308 2280 3377 τῇ
2308 3312 2347 3359 ε’
2376 3306 2468 3359 τοῦ
2490 3308 2868 3380 Σεπτεμϐρίου
2893 3307 2967 3379 τῷ
2996 3310 3198 3379 ,ςᾏμψ
3230 3306 3381 3377 διέϐη
3412 3306 3519 3359 ἀπὸ
3549 3305 3651 3376 τῆς

2070 3481 2322 3549 Michael)
2352 3481 2691 3546 nitebantur,
2750 3492 2804 3537 ul
2837 3484 2979 3553 apud
3010 3482 3392 3552 imperatorem
3429 3482 3482 3537 in
3514 3482 3649 3536 urbe

2069 3574 2178 3628 duo
2210 3574 2363 3627 alteri
2414 3585 2714 3641 manerent,
2753 3573 2854 3643 ipsi
2891 3575 3231 3629 discederent
3283 3578 3337 3627 in
3373 3572 3646 3643 Pelopon-

2069 3681 2280 3719 nesum.
2313 3665 2491 3734 Atque
2533 3667 2631 3719 Irae
2675 3667 2742 3719 de
2768 3680 2932 3719 causa
2978 3664 3140 3720 Junio
3185 3680 3370 3719 mense
3400 3666 3643 3735 ejusdem

2067 3759 2193 3810 anni
2228 3756 2624 3812 Constantinus
2691 3757 2917 3826 despota
2974 3760 3121 3812 velut
3172 3757 3434 3827 fugitivus
3466 3752 3635 3825 parvo

2067 3849 2283 3917 navigio
2307 3833 2488 3920 'Cpol‘r
2522 3849 2576 3903 in
2632 3849 3069 3919 Peloponnesum
3125 3848 3281 3914 abiit,
3335 3859 3392 3904 et
3439 3863 3541 3919 ego
3572 3849 3639 3903 ad

2064 3955 2307 4009 arpcram
2342 3944 2544 3998 nrissus
2578 3958 2718 4006 sum,
2754 3953 2814 3998 ut
2853 3945 2999 3999 hunc
3037 3944 3092 3998 in
3145 3942 3391 4011 ipsorum
3452 3953 3638 4013 partes

2065 4034 2465 4101 pertraherent.
2516 4032 2751 4087 Discessl
2810 4032 2975 4103 igitur
3017 4044 3070 4089 et
3128 4034 3444 4088 mandatum
3503 4034 3639 4089 mihi

2064 4125 2340 4193 negotium
2369 4124 2601 4179 feliciter
2631 4127 2870 4196 transegi
2899 4143 2913 4191 ;
2963 4127 3162 4181 deinde
3200 4142 3297 4197 per
3346 4139 3549 4183 terram
3584 4131 3638 4184 in

2062 4215 2496 4286 Peloponnesum
2554 4232 2833 4282 reversus,
2872 4218 3053 4272 inverti
3111 4217 3310 4274 fratres
3363 4221 3637 4289 principes

2064 4310 2277 4379 magnis
2331 4310 2598 4365 bellorum
2636 4311 2811 4365 turbis
2844 4311 3177 4382 implicatos.
3211 4312 3657 4368 Constantinum.

2061 4406 2232 4467 cnim,
2280 4404 2560 4458 dominum
2630 4420 2834 4466 meum,
2876 4416 2935 4459 ut
2992 4408 3373 4476 insequeretur
3409 4417 3463 4463 et
3496 4409 3635 4465 duos

2060 4497 2267 4551 fratres
2299 4496 2618 4561 debellaret,
2659 4507 2884 4553 avectus
2922 4508 3005 4553 est
3041 4515 3164 4554 curn
3202 4500 3408 4555 triremi
3453 4501 3629 4557 Theo-

459 4571 542 4629 12.
593 4572 864 4630 Vicesimo
917 4577 1107 4646 quinto
1167 4573 1343 4630 Martii
1407 4575 1652 4644 ejusdem
1708 4574 1835 4628 anni
1892 4575 1946 4628 in

2076 4591 2226 4645 lorus
2267 4591 2544 4657 dominus,
2594 4601 2761 4660 atque
2814 4593 3075 4662 utrinque
3133 4595 3345 4661 magnis
3395 4596 3635 4650 collectis

390 4665 572 4718 Lrbem
606 4668 755 4721 venit
782 4666 1191 4737 Paraspondeli,
1222 4668 1399 4738 magni
1445 4668 1628 4733 ducis,
1681 4668 1810 4732 lilia,
1851 4684 1949 4720 no-

381 4760 528 4810 mine
559 4755 689 4823 Zoe,
749 4759 954 4813 triremi
1014 4760 1389 4828 imperatoria,
1444 4776 1548 4829 qua
1582 4774 1700 4813 eam
1751 4760 1949 4814 adduci

378 4847 553 4901 voluit
579 4849 895 4918 imperator,
920 4867 1041 4903 cum
1080 4850 1327 4904 Marruele
1361 4849 1665 4919 Palaeologo
1695 4851 1944 4917 admota,

375 4948 540 5008 atque
570 4942 755 5009 nupsit
785 4952 903 5009 post
953 4943 1069 4995 dies
1117 4943 1320 5013 aliquot
1380 4942 1653 4997 Demetrio
1685 4950 1944 5014 despotae.

378 5031 437 5085 ln
488 5032 674 5087 eadem
723 5035 930 5087 triremi
970 5036 1112 5090 venit
1143 5038 1308 5090 etiam
1343 5033 1664 5090 Theodorus
1693 5038 1943 5107 despota.

375 5120 469 5188 qui
504 5129 561 5173 ut
585 5118 755 5176 frater
784 5132 915 5177 natu
950 5126 1222 5179 secundus
1268 5126 1479 5195 imperii
1518 5127 1572 5181 in
1606 5127 1737 5181 urbe
1772 5128 1946 5183 hzeres

375 5222 514 5271 erat,
549 5215 692 5283 quod
741 5215 788 5269 ei
820 5216 913 5286 jus
947 5215 1241 5286 imperator
1270 5233 1379 5273 non
1412 5220 1518 5274 nisi
1578 5222 1784 5276 invitus
1815 5236 1948 5277 con—

376 5306 566 5368 Cessit,
606 5307 809 5377 quippe
872 5308 965 5376 qui
1001 5290 1426 5365 Constantinum
1466 5311 1713 5379 fratrem,
1768 5316 1946 5370 domi-

378 5410 503 5448 rrum
536 5413 737 5463 meum,
774 5413 958 5455 secum
996 5400 1050 5454 in
1082 5403 1215 5456 urbe
1247 5404 1447 5458 habere
1472 5406 1676 5471 mallet,
1709 5408 1759 5463 id
1793 5411 1940 5480 quod

374 5487 681 5556 procedens
713 5492 959 5545 narratio
1018 5504 1205 5547 nostra
1255 5494 1577 5553 declarabit.
1640 5498 1778 5567 Quia
1811 5518 1941 5559 vero

374 5582 452 5635 sic
483 5593 755 5647 evenerat,
791 5584 940 5639 dedit
965 5601 1208 5654 operam,
1240 5599 1299 5643 ut
1330 5590 1385 5644 in
1419 5592 1798 5661 Peloponneso
1831 5607 1941 5653 tres

375 5672 572 5727 fratres
609 5674 926 5733 collocaret.
993 5678 1182 5748 itaque
1210 5681 1629 5751 Constantinus,
1681 5688 1941 5747 dominus

374 5778 540 5826 meus.
585 5776 639 5821 et
672 5767 838 5822 frater
871 5770 1012 5838 ejus,
1048 5771 1285 5827 Thomas
1336 5775 1557 5843 despota
1618 5782 1757 5851 (erat
1792 5783 1936 5837 enim

372 5858 654 5913 nobiscum
688 5861 740 5916 in
778 5863 912 5918 urbe
946 5867 1155 5932 primus
1197 5869 1345 5926 illius
1389 5873 1587 5932 domus
1640 5878 1746 5931 dux
1774 5877 1936 5942 ,llaul

2059 4684 2253 4752 copiis,
2306 4684 2503 4736 bellum
2558 4684 2785 4737 exarsit.
2823 4686 2979 4738 Anno
3011 4683 3151 4738 6945
3182 4686 3251 4739 ab
3305 4686 3634 4756 imperatore

2059 4782 2125 4831 ad
2163 4779 2362 4832 fratres
2389 4777 2554 4843 legati
2585 4777 2948 4845 probissimus
2987 4779 3071 4831 vir
3122 4776 3412 4847 Dionysius
3447 4780 3633 4833 hiero-
3714 4812 3723 4823 ς

2060 4871 2384 4932 monachus,
2423 4871 2515 4939 qui
2546 4871 2894 4939 metropolita
2933 4869 3187 4924 Sardium
3227 4870 3350 4933 fuit,
3373 4881 3428 4927 et
3455 4872 3629 4928 Geor-

2058 4964 2180 5032 gius
2233 4964 2523 5032 Disyp'ttus
2588 4962 2905 5015 bellantium
2957 4961 3219 5032 impetum
3289 4965 3627 5035 aliquantum

2058 5057 2373 5124 mitigarent
2397 5073 2411 5119 ;
2438 5052 2769 5123 tandemque
2799 5054 2889 5107 alii
2923 5056 3074 5112 missi
3106 5057 3293 5125 legati,
3333 5057 3628 5128 (ἔνθεοι-ωε

2056 5143 2384 5198 Melissenus
2448 5146 2913 5201 hieromonachus
2975 5155 3029 5202 et
3081 5158 3240 5217 pater
3302 5151 3623 5220 spiritualis,

2053 5236 2147 5304 qui
2183 5235 2346 5289 etiam
2398 5236 2725 5306 patriarcha:
2751 5237 3075 5307 Cpolitanus
3118 5249 3306 5310 postea
3371 5240 3475 5294 fuit
3503 5254 3555 5296 et
3592 5244 3624 5296 'a

2053 5329 2333 5382 nonnullis
2364 5326 2783 5399 Strategopulus
2836 5333 3231 5401 appellabatur,
3291 5341 3347 5389 et
3396 5349 3519 5390 curn
3556 5351 3624 5391 eo

2052 5435 2270 5476 rursum
2299 5419 2586 5493 Disypatns
2611 5434 2666 5480 et
2686 5439 2808 5495 ego,
2838 5427 2911 5481 ita
2943 5441 3039 5482 eos
3067 5427 3121 5481 in
3163 5428 3460 5484 amicitiam
3490 5446 3626 5486 con-

2050 5515 2406 5585 cordiamque
2430 5516 2768 5587 reduximus,
2794 5530 2851 5575 ut
2866 5520 3123 5577 dominus
3142 5539 3296 5579 meus
3314 5524 3622 5581 discederet

2051 5605 2207 5675 (ἐροιὶ
2254 5606 2579 5674 habitatum,
2605 5608 2928 5668 Theodorus
2948 5623 3001 5668 et
3024 5613 3263 5670 Thomas
3286 5618 3526 5685 despotze
3564 5619 3617 5673 in

2050 5696 2425 5767 Peloponneso
2454 5714 2657 5757 essent.
2677 5705 2866 5774 Itaque
2893 5707 3289 5762 Constantinus
3314 5708 3404 5762 die
3424 5710 3458 5764 5
3487 5709 3618 5780 Sep-

2051 5793 2275 5847 tembris
2299 5796 2426 5848 anni
2454 5794 2594 5849 69l8
2616 5797 2777 5852 Patra
2805 5816 2901 5869 per
2925 5812 3122 5855 terram
3145 5803 3210 5855 ad
3237 5802 3495 5871 Euripum
3521 5821 3617 5859 no-

2048 5884 2258 5943 biscum
2292 5886 2444 5953 abiit,
2463 5898 2515 5942 ct
2549 5882 2918 5948 vela’fecimus
2942 5892 3013 5948 ab
3042 5895 3177 5949 urbe
3206 5895 3409 5963 Euripi,
3438 5898 3491 5952 in
3521 5899 3620 5953 tri-
