3990 6566
348 424 461 486 773
1404 424 1853 512 CHRONICON
1896 426 2173 487 MAJUS.
2209 451 2274 466 --
2318 424 2463 485 LIB-
2500 426 2578 486 II.
3507 430 3613 494 774

345 543 564 613 ἴλιγγον
603 545 697 598 καὶ
730 542 889 613 μόνον
935 542 1229 613 λεγόμενον
1262 541 1502 611 ἑμποιεῖ,
1541 544 1634 597 καὶ
1664 544 1763 614 τὴν
1794 547 1925 599 ἁπι-
1956 557 1997 608 Α
2033 561 2147 597 σιν’
2219 544 2419 614 μᾶλλον
2476 543 2531 595 δὲ
2583 541 2697 594 τῶν
2754 540 2935 596 ἄλλων
2982 542 3122 613 πρδς
3177 543 3276 613 τὴν
3324 545 3612 614 παροῦσαν

346 636 507 690 στίαν
560 636 762 706 ἡλίκην
816 635 1047 703 κατάγει
1098 633 1206 688 τῶν
1258 636 1790 705 ἀκροωμένωνςτίς
1822 636 1931 706 γὰρ
2038 636 2383 705 σαφεστέραν
2437 632 2734 704 περίληψιν
2782 632 2894 686 τῶν
2938 634 3267 704 εἰρημένων.
3302 635 3492 706 Ὅμως
3544 655 3608 704 γε

344 729 460 783 τῶν
491 729 557 781 ἐκ
602 728 696 779 τοῦ
732 727 938 790 παντὸς
978 725 1176 789 αἰῶνος
1221 726 1494 798 παρθένον
1529 726 1732 798 ηκουσε
1778 744 1933 782 τετο-
2039 726 2146 798 μὴν
2175 728 2436 798 ἀνωτέρω
2471 726 2671 797 μικρὸν
2699 725 2869 796 αὐτὴν
2896 726 3278 797 ἀναλάϐωμεν,
3314 726 3381 782 ἵν’
3406 729 3611 799 ἴδωμεν

344 820 547 880 κυῖανς
585 818 658 872 Ei
703 836 793 890 μοι
827 818 957 886 μεαν
1008 818 1123 888 ἔχει
1169 818 1450 873 δεικνύναι
1489 834 1594 882 τις,
1644 819 1780 889 πρὸς
1820 819 1929 872 οὐδ’

344 912 533 967 ὁτιοῦν
560 910 774 981 ἀντερῶ
803 912 1165 983 περαιτέρως.
1184 931 1201 964 ι
1249 912 1308 965 '0
1339 911 1595 982 βασιλεὺς
1622 912 1922 982 ἀπεκρίθη·

351 1024 370 1057 ι
400 1006 476 1059 Εὖ
495 1005 699 1072 λέγεις.
726 1003 909 1068 Δεῐξόν
930 1021 1021 1072 μοι
1041 1009 1105 1058 σὺ
1133 1003 1267 1057 Θεὸν
1288 1004 1374 1057 ἓτε
1384 1022 1475 1073 ρον
1496 1004 1552 1073 ἐξ
1579 1006 1811 1074 οὐρανοῦ
1832 1022 1930 1058 κα-

341 1096 680 1166 τεληλυθότα
713 1096 808 1149 καὶ
836 1095 1020 1166 σάρκα
1053 1096 1367 1164 φσρέσαντα
1388 1112 1401 1125 ο
1429 1097 1586 1163 κάγώ
1640 1112 1721 1149 σοι
1767 1096 1925 1161 δείξω

338 1191 469 1258 τὴν,
487 1189 564 1251 ὡς
579 1188 744 1251 αὐτὸς
760 1185 955 1254 ἀξιοῖς,
978 1188 1249 1257 παρθένον
1274 1187 1439 1241 αὐτὸν
1462 1190 1831 1257 γεννήσασαν.
1850 1187 1923 1240 Σὺ

340 1282 386 1335 δ’
416 1281 535 1336 ἀλλ’
571 1280 695 1335 ἐπεὶ
717 1278 896 1350 τούτῳ
926 1279 1208 1333 πιστεύειν
1240 1280 1499 1351 ὑπισχνῇ,
1531 1279 1585 1333 εἴ
1601 1280 1685 1333 σοί
1722 1297 1807 1341 τις
1832 1280 1923 1331 καὶ

338 1377 475 1431 ἄλλο
521 1375 736 1431 τοιοῦτο
775 1375 893 1447 ἔχει
934 1374 1212 1429 δεικνύναι
1255 1375 1650 1445 γεγενημένον,
1700 1373 1922 1427 δεκτέον

339 1470 410 1525 ἂν
437 1470 524 1542 εἴη
558 1487 641 1526 σοι
675 1470 955 1526 καὶτοῦτο
981 1468 1203 1540 πρῶτον
1231 1468 1326 1522 καὶ
1358 1469 1521 1538 μόνον
1550 1466 1631 1533 δν,
1666 1467 1785 1519 ἐπεὶ
1819 1469 1917 1519 κά-

339 1567 493 1618 κεῖνο
552 1564 689 1632 πρὸς
746 1563 900 1618 οὐδέν
960 1564 1149 1633 ἕτερον
1205 1562 1419 1634 ἁφορᾷν
1458 1561 1708 1631 ἔμελλεν,
1755 1562 1918 1629 εἴπερ

337 1656 561 1727 πρῶτον
583 1650 673 1728 ἦν.
697 1651 761 1708 Εἴ
787 1655 834 1708 δ’
850 1649 966 1721 οὖν,
992 1653 1155 1707 τοῦτο
1187 1655 1285 1725 μὲν
1310 1654 1522 1719 ἐατέον,
1555 1654 1728 1721 δεῖξον
1761 1654 1921 1727 166

338 1749 399 1802 δὲ
428 1748 495 1801 σύ
532 1766 620 1818 μοι
657 1747 774 1809 πῶς
802 1747 1009 1818 Μωσῆς
1050 1748 1175 1809 τοὺς
1208 1747 1509 1820 ὑμετέρους
1548 1747 1792 1818 πατέρας
1818 1748 1917 1816 τὴν

348 1839 625 1912 Ἐρυθρὰν
650 1839 1030 1910 περαιωθῆναι
1071 1839 1361 1910 πεποίηκε,
1399 1843 1509 1893 κάκ
1563 1840 1663 1908 τῆς
1711 1839 1916 1906 πέτρας

2036 820 2375 889 σαφέστερον
2412 820 2495 880 τίς
2526 822 2557 888 ἠ
2597 818 2705 871 τῶν
2747 819 3056 889 εἰρημένων
3097 818 3175 888 τῷ
3205 822 3461 893 προφήτῃ
3495 822 3613 876 διὰ-

2032 929 2154 965 νοια
2184 914 2276 964 καὶ
2305 911 2436 978 περὶ
2462 911 2627 963 τίνων
2660 908 2833 964 ἐστίν.
2867 928 2886 961 ι
2936 910 3261 978 Προσέθετο,
3307 914 3463 982 φησι,
3502 914 3615 965 Κύ-

2034 1020 2148 1071 ριος
2167 1006 2184 1052 ὶ
2200 1003 2398 1070 αλῆσαι
2420 1002 2499 1072 τῷ
2522 1002 2720 1070 Ἀχαζ,
2739 1001 2913 1069 λέγων
2934 1018 2947 1031 ·
2973 1001 3378 1073 ιθῚΑἶτησαι
3400 1007 3612 1072 σεαυτῷ

2032 1097 2262 1164 σημεῖον
2296 1100 2447 1165 παρὰ
2478 1094 2684 1163 Κυρίου
2723 1092 2821 1146 τοῦ
2851 1092 2989 1146 Θεοῦ
3019 1112 3112 1146 σου
3148 1095 3229 1157 είς
3266 1094 3487 1165 βάθοςῆ
3532 1099 3611 1159 είς

2032 1187 2186 1256 ὕψος.
2236 1188 2345 1240 Καὶ
2375 1187 2529 1240 εἶπεν
2567 1187 2762 1257 Ἀχαζ,
2795 1187 2870 1240 Οὐ
2910 1188 2983 1257 μὴ
3021 1189 3255 1257 αἰτήσω,
3300 1188 3411 1241 οὐδ’
3439 1190 3501 1242 οὐ
3538 1191 3612 1259 μὴ

2031 1281 2281 1349 πειράσω
2313 1278 2543 1347 Κύριον.
2572 1281 2684 1333 Καὶ
2716 1275 2871 1333 εἶπεν
2911 1279 3169 1344 Ἡσαΐας·
3195 1282 3295 1335 Διά
3321 1283 3481 1335 τοῦτο
3511 1282 3614 1334 δώ-

2030 1391 2114 1426 σει
2148 1373 2351 1442 Κύριος
2393 1373 2523 1443 ὑμῖν
2576 1376 2825 1443 σημεῖον.
2868 1374 3000 1427 Ἰδοὺ
3039 1377 3072 1445 ἡ
3106 1374 3383 1444 παρθένος
3418 1378 3477 1429 ὲν
3510 1391 3612 1443 γα-

2028 1465 2151 1533 στρὶ
2204 1464 2438 1534 λήψεται
2477 1463 2573 1517 καὶ
2627 1464 2845 1527 τέξεται
2884 1464 3023 1526 υἱὸν,
3073 1465 3169 1518 καὶ
3220 1465 3513 1518 καλέσουσι
3548 1467 3609 1518 τὸ

2024 1555 2198 1623 ὄνομα
2241 1556 2410 1609 αὑτοῦ
2443 1555 2818 1626 Ἐμμανουήλ.
2853 1556 3127 1628 Βούτυρον
3172 1556 3313 1625 βοῶν
3337 1558 3431 1612 καὶ
3461 1558 3605 1625 γάλα

2026 1651 2317 1721 προϐάτων
2353 1651 2446 1703 καὶ
2476 1652 2601 1719 μέλι
2632 1653 2868 1719 φάγεται
2899 1652 3032 1722 πρὶν
3072 1652 3104 1723 ἢ
3135 1654 3342 1720 γνῶναι
3373 1654 3534 1707 αὐτὸν
3567 1657 3601 1726 ἢ

2024 1744 2353 1813 προελέσθαι
2407 1743 2645 1813 πονηρὰ,
2706 1743 3030 1809 ἐκλέξασθαι
3073 1746 3134 1799 τὸ
3167 1747 3413 1814 ἀγαθόν·
3464 1746 3601 1801 διότι

2024 1837 2152 1907 πρὶν
2186 1838 2217 1908 ἦ
2247 1836 2453 1903 γνῶναι
2499 1837 2560 1889 τὸ
2604 1837 2817 1890 παιδίον
2849 1837 3057 1906 ἀγαθὸν
3092 1837 3123 1908 ἦ
3156 1842 3350 1903 κακὸν,
3384 1838 3605 1894 ἀπειθεῖ

339 1931 604 1986 τοσοῦτον
633 1931 862 1984 ἔϐλυσεν
907 1930 1051 2002 ὕδωρ
1098 1932 1173 1994 ὡς
1206 1931 1423 1987 ἅπαντα
1452 1931 1545 1984 τὸν
1598 1929 1728 1983 λαὸν
1756 1944 1913 2000 κορε-
1947 1922 1988 1976 Β
2021 1929 2255 1999 πονηρία
2287 1927 2615 1994 ἐκλέξασθαι
2656 1930 2716 1983 τὸ
2748 1931 2973 1997 ἀγαθόν.
3014 1951 3033 1983 ι
3069 1931 3193 1985 Ἀπ’
3219 1932 3395 2002 ἀρχῆς
3421 1932 3603 1987 τοίνυν

334 2026 558 2096 σθῆναι.
587 2025 685 2078 καὶ
714 2026 747 2095 ἡ
781 2024 1015 2088 κιϐωτὸς
1054 2026 1166 2088 τοῖς
1212 2024 1452 2093 ἱερεῦσιν
1484 2025 1787 2093 ἀνεχομένη
1819 2022 1915 2077 καὶ

329 2119 429 2172 τὸν
454 2117 722 2188 Ἰορδάνου
750 2116 1088 2186 διαστήσασα
1116 2117 1244 2187 ῥοῦν
1278 2117 1371 2169 ἐπὶ
1393 2115 1486 2170 τοῦ
1522 2115 1692 2188 ξηροῦ
1736 2115 1911 2188 διέϐη,

329 2209 524 2264 καὶτὰ
564 2209 950 2280 Ἰεριχούντινα
1001 2208 1330 2278 κατεσείσθη
1362 2209 1535 2279 τείχη,
1568 2209 1664 2261 καὶ
1701 2210 1766 2278 τῇ
1810 2227 1915 2280 μη-

327 2303 604 2375 λωτῇλτδν
650 2302 926 2373 Ἰορδάνην
961 2299 1120 2366 αὖθις
1166 2302 1475 2365 Ἐλισσαῖος
1521 2303 1775 2374 διέρρηξε
1821 2303 1912 2356 καὶ

325 2396 558 2465 διῃρέθη
590 2396 660 2448 τὰ
684 2394 857 2449 ὕδατα
899 2394 1053 2448 ἔνθεν
1086 2396 1181 2448 καὶ
1210 2394 1388 2459 ἔνθεν,
1420 2395 1583 2458 αὐτὸς
1610 2394 1667 2449 δὲ
1700 2397 1792 2448 ἐπὶ
1817 2393 1910 2447 τοῦ

331 2484 506 2561 ξηροῦ
558 2487 732 2560 διέϐη.
767 2484 915 2557 Ἆρα
945 2486 1087 2540 κατὰ
1121 2486 1283 2553 φύσιν
1324 2505 1377 2539 τι
1422 2486 1678 2555 γενέσθαι
1705 2487 1910 2541 τούτων

327 2582 483 2636 ἐστιν
540 2582 759 2647 είπεῖν;
811 2580 1087 2651 οὐδαμῶς.
1119 2580 1181 2632 Ei
1228 2580 1274 2632 δ’
1306 2581 1489 2633 ἐκεῖνα
1538 2581 1677 2651 ὑπὲρ
1726 2580 1908 2650 φύσιν,

326 2673 456 2728 οὐδὲ
490 2672 550 2726 τὸ
582 2673 679 2740 τῆς
710 2670 986 2743 παρθένου
1031 2670 1172 2725 κατὰ
1208 2670 1393 2738 φύσιν.
1433 2671 1620 2741 ’Υμῶν
1647 2672 1702 2724 δὲ
1728 2670 1909 2732 καλῶς

326 2765 433 2834 τὴν
490 2764 782 2818 ἀπείθειαν
838 2764 867 2816 ὁ
937 2762 1458 2833 μεγαλοφωνότατος
1524 2764 1908 2831 ἐστηλίτευσεν

338 2859 574 2923 Ἦσατας
602 2856 781 2923 λέγων
803 2874 818 2889 ’
860 2875 879 2908 ι
911 2856 1078 2926 Ὀλην
1104 2854 1204 2926 τὴν
1238 2855 1453 2925 ἡμέραν
1479 2854 1781 2915 ἐξεπέτασα
1811 2856 1907 2918 τὰς

325 2953 521 3024 χεῖράς
546 2967 649 3022 μου
681 2949 819 3020 πρὸς
843 2948 973 3003 λαὸν
1001 2948 1340 3003 ἀπειθοῦντα
1361 2949 1456 3001 καὶ
1476 2948 1854 3015 ἀντιλέγοντα.
1881 2968 1901 3000 ι

328 3042 479 3114 Πρὸς
516 3042 619 3111 μὲν
656 3042 764 3113 γὰρ
794 3039 975 3104 πάσας
1004 3040 1105 3105 τὰς
1131 3041 1262 3107 περὶ
1291 3039 1387 3093 τοῦ
1421 3040 1660 3112 Χριστοῦ
1690 3058 1909 3112 προφη-

323 3136 482 3198 τείας
514 3136 762 3204 ἐναργεῖς
806 3132 975 3197 οῠσας
1013 3134 1107 3186 καὶ
1152 3136 1499 3202 σαφεστάτας
1560 3136 1905 3205 μαινομένων

323 3229 530 3297 τρόπον
558 3227 859 3290 διάκεισθε,
892 3227 941 3279 οῖ
982 3226 1091 3280 τῶν
1116 3226 1252 3279 ὁδῶν
1278 3230 1377 3292 τὰς
1409 3230 1780 3300 τετριμμένας
1811 3232 1902 3283 ἔκαε

2016 2021 2175 2085 αῦθις
2230 2020 2356 2075 κατ’
2382 2023 2566 2090 ὀλίγον
2617 2024 2930 2089 ἐκτιθέντες
2972 2025 3286 2094 σκοπῶμεν.
3326 2045 3343 2077 ι
3396 2026 3602 2096 Προσέ-

2015 2112 2141 2167 θετο
2199 2114 2407 2186 Κύριος
2461 2115 2697 2185 λαλῆσαι
2748 2118 2828 2188 τῷ
2867 2118 3067 2188 Ἀχαζ.
3120 2118 3328 2187 λέγων’
3364 2118 3600 2190 Αἴτησαι

2014 2206 2228 2278 σεαυτῷ
2270 2211 2501 2279 σημεῖον
2546 2209 2699 2280 παρὰ
2725 2210 2935 2283 Κυρίου
2964 2212 3057 2265 τοῦ
3088 2212 3224 2265 Θεοῦ
3258 2230 3355 2265 σου
3394 2215 3475 2276 είς
3504 2213 3598 2281 βάδ-

2014 2300 2168 2370 θοςῆ
2214 2302 2296 2364 εἰς
2337 2299 2494 2371 ὕψος.
2535 2302 2647 2356 Καὶ
2697 2298 2851 2357 εἶπεν
2884 2304 3102 2376 Ἀχαζ·
3134 2306 3210 2358 Οὐ
3262 2306 3336 2377 μὴ
3385 2305 3604 2377 αἰτήσω

2012 2392 2122 2445 οὐδ’
2173 2392 2236 2446 οὐ
2290 2391 2368 2463 μὴ
2423 2394 2677 2465 πειράσω
2727 2394 2957 2465 Κύριον.
2998 2413 3016 2447 ι
3066 2393 3360 2461 Ἐξετάσαι
3415 2398 3601 2450 τοίνυν

2012 2482 2233 2551 πρῶτον
2270 2483 2505 2548 δίκαιον,
2542 2483 2628 2546 τίς
2662 2478 2731 2555 ἦν
2759 2484 2791 2554 ἡ
2839 2484 2987 2537 αἰτία
3018 2484 3115 2554 τηε
3146 2484 3242 2537 τοῦ
3273 2486 3456 2554 Ἀχαζ
3491 2504 3596 2539 παρ

2015 2574 2222 2644 ρακοῆς
2252 2574 2393 2628 ὥστε
2423 2575 2497 2646 μὴ
2528 2575 2755 2644 θελῆσαι
2786 2577 3011 2645 ποιῆσαι
3035 2578 3103 2629 τὰ
3137 2580 3596 2648 προστεταγμένα

2012 2668 2163 2739 παρὰ
2187 2667 2345 2723 Θεοῦ.
2369 2668 2556 2737 Φαμὲν
2590 2669 2653 2739 δὴ
2678 2669 2771 2724 οῦν
2806 2669 2884 2734 ὡς
2913 2669 3203 2739 ἄνθρωπος
3253 2671 3330 2725 ὢν
3364 2676 3598 2742 ματαιόο

2010 2776 2134 2830 τητι
2167 2762 2261 2813 καὶ
2284 2762 2514 2832 ἀπονοία
2546 2761 2864 2832 συνεζηκὼς
2893 2766 2986 2816 καὶ
3018 2768 3108 2817 ἐπὶ
3135 2765 3593 2838 ψευδοπροφήτας

2011 2853 2106 2905 καὶ
2134 2854 2550 2924 χρησμολόγους
2589 2858 2684 2909 καὶ
2722 2857 3004 2921 τοιούτους
3044 2859 3377 2929 ἀγυρτικοὺς
3430 2878 3589 2933 κεχη.

2010 2943 2117 3006 νὼς
2158 2943 2526 3016 ὑπερφρονεῖν
2559 2948 2659 3000 οὐκ
2711 2945 2878 3001 ὤκνει
2926 2948 3039 3001 τῶν
3088 2950 3250 3002 θείων
3282 2951 3593 3022 ἐπιταγμά-

2009 3054 2137 3092 των’
2157 3038 2281 3092 ὅθεν
2303 3040 2365 3093 τὸ
2383 3042 2863 3111 καταφρονητικὸν
2891 3042 3059 3095 οἱονεὶ
3082 3044 3176 3096 καὶ
3199 3043 3301 3114 τὴν
3317 3044 3592 3099 ἀναίδειαν

2019 3130 2250 3194 Ἡσαῖας
2279 3133 2556 3198 ὀνειδίζων
2590 3136 2802 3187 ἐκείνου
2828 3152 2843 3167 ·
2882 3153 2902 3187 ι
2945 3137 3045 3188 Διὰ
3082 3136 3261 3201 τοῦτο,
3299 3139 3453 3206 φησὶ,
3482 3138 3589 3191 δώ·

2012 3238 2094 3275 σει
2131 3222 2336 3294 Κύριος
2376 3224 2536 3286 αὐτδ;
2574 3226 2825 3295 σημεῖον,
2866 3244 2885 3277 ι
2929 3224 2993 3278 Ὀ
3024 3225 3356 3288 ἀποστείλας
3399 3243 3467 3292 με
3496 3227 3592 3296 δη-

323 3319 605 3385 κλίνοντες
631 3320 776 3375 κατὰ
807 3320 1071 3390 κρημνῶν
1114 3319 1373 3386 πολλάκις
1405 3321 1635 3387 ἑαυτοὺς
1674 3324 1902 3393 ῥίπτου-
1933 3315 1972 3328 “’
2004 3315 2183 3369 λονότι
2233 3316 2371 3386 πρὸς
2422 3318 2483 3370 σὶ
2522 3317 2612 3370 τὸν
2671 3317 2905 3392 βέϐηλόν
2944 3336 3001 3373 τε
3053 3321 3151 3374 καὶ
3199 3318 3460 3391 δυσσεσῆ,
3497 3319 3590 3373 τὸν

317 3501 485 3574 quasi
516 3500 782 3570 vertigine
813 3500 1046 3567 laboret,
1073 3502 1214 3556 istud
1271 3503 1365 3572 qui
1402 3502 1572 3571 dicat,
1626 3504 1770 3575 apud
1804 3520 1902 3560 au-

318 3597 645 3664 dientesque
672 3608 836 3663 quam
905 3609 1097 3664 parum
1132 3595 1256 3648 Iidei
1291 3595 1582 3653 habiturus
1605 3597 1729 3655 sit?
1762 3597 1898 3665 Quis

316 3689 469 3748 enim
500 3695 623 3758 post
660 3686 945 3741 hominum
979 3689 1301 3743 memoriam
1356 3688 1584 3753 audivit,
1628 3690 1899 3759 virginem

317 3787 553 3836 matrem
588 3776 797 3832 fuisse?
830 3775 886 3830 Si
944 3777 1070 3847 quis
1106 3778 1238 3831 mihi
1283 3794 1443 3832 unum
1499 3781 1749 3849 proferre
1807 3796 1901 3848 po-

319 3872 477 3933 terit,
500 3869 554 3926 in
579 3868 725 3925 nulla
754 3883 811 3923 re
843 3869 936 3922 tibi
962 3868 1074 3936 jam
1098 3871 1448 3924 adversabor.
1495 3888 1513 3921 ι
1560 3869 1895 3940 Imperator:

321 3980 347 4023 ι
389 3962 607 4029 Pulcre,
664 3962 863 4031 inquit,
917 3961 1058 4017 istud
1134 3962 1292 4018 dicis.
1350 3960 1593 4019 Ostende
1624 3973 1682 4019 tu
1764 3966 1895 4020 mibi

315 4056 486 4111 Ilium
515 4053 686 4108 Deum
719 4054 785 4107 de
816 4054 955 4109 caelo
1012 4054 1318 4124 proiectum
1351 4065 1403 4111 et
1467 4070 1702 4127 corpore
1734 4056 1895 4111 indu-

318 4153 475 4201 tum:
507 4151 561 4198 et
588 4158 689 4214 ego
736 4144 836 4199 tibi
894 4144 1204 4206 ostendam,
1267 4161 1433 4213 quam
1472 4156 1528 4201 tu
1584 4147 1896 4213 desideras,

314 4235 613 4303 virginem,
665 4250 786 4304 quae
815 4250 938 4287 eum
974 4236 1263 4304 pepererit.
1303 4234 1498 4292 Verum
1561 4241 1708 4295 enim
1766 4258 1895 4295 vero

313 4332 579 4398 quoniam
633 4328 794 4385 ﬁdem
844 4337 893 4383 te
946 4328 1258 4384 habiturum
1314 4331 1611 4399 polliceris,
1678 4334 1725 4389 si
1770 4337 1895 4403 quis

310 4422 464 4477 aliud
493 4422 673 4477 simile
722 4420 927 4477 factum
982 4421 1463 4488 demonstraverit,
1492 4424 1891 4480 admittendum

311 4514 415 4570 tibi
455 4515 561 4570 erit
579 4515 738 4570 etiam
779 4514 1011 4582 primum
1048 4514 1150 4569 hoc
1194 4524 1248 4568 et
1277 4515 1500 4570 unicum
1554 4521 1889 4587 exemplum,

2002 3507 2173 3551 totum
2206 3499 2376 3559 diem.
2422 3500 2628 3570 inquit,
2658 3501 2914 3571 protendi
2978 3518 3173 3559 manus
3227 3503 3293 3559 ad
3326 3503 3583 3573 populum

2002 3588 2346 3644 iucredulum
2418 3600 2473 3645 ct
2537 3594 3024 3648 coutradiceutem.
3076 3615 3095 3647 ι
3184 3595 3238 3647 In
3324 3596 3586 3654 omnibus

2002 3682 2149 3736 enim
2211 3686 2280 3739 de
2352 3684 2576 3745 Christo
2635 3690 2937 3752 vaticiniis,
2991 3706 3117 3746 cum
3177 3693 3587 3749 evidentissima

1999 3774 2110 3829 sint
2140 3786 2192 3831 et
2231 3780 2604 3846 apertissima,
2656 3780 2956 3835 furentium
3030 3785 3204 3837 instar
3242 3785 3427 3854 agilis,
3467 3788 3583 3854 qui,

1999 3865 2115 3920 vias
2143 3867 2299 3922 tritas
2351 3868 2716 3933 declinantes,
2758 3885 2854 3938 per
2915 3886 3079 3940 rupes
3133 3886 3276 3938 saepe
3306 3887 3363 3928 sc
3416 3874 3585 3944 projio-

2000 3960 2187 4027 ciunt;
2249 3960 2301 4015 id
2327 3977 2411 4029 lue
2449 3963 2648 4030 magis,
2706 3980 2870 4033 quam
2916 3965 2967 4017 in
3028 3965 3256 4035 reliquis
3308 3966 3497 4032 rebus,
3529 3967 3586 4022 in

1998 4051 2121 4113 bac,
2148 4052 2215 4106 de
2245 4068 2350 4123 qua
2391 4068 2515 4105 cum
2550 4054 2784 4108 maxime
2843 4071 3027 4110 Sermo
3081 4067 3183 4122 est,
3219 4059 3430 4121 czeteris
3462 4062 3582 4115 evi-

1997 4142 2267 4197 dentiore.
2311 4127 2511 4196 Verum
2543 4147 2694 4201 enim
2737 4137 2865 4201 véro
2911 4148 3075 4217 paulo
3110 4148 3275 4206 altius
3336 4166 3453 4204 eam
3493 4169 3582 4207 re-

1996 4241 2268 4302 petamus,
2304 4245 2361 4287 ιιι
2393 4236 2520 4304 quid
2569 4238 2834 4307 propheta
2887 4240 3035 4295 dicat
3070 4251 3123 4296 et
3157 4243 3224 4297 de
3260 4246 3463 4314 quibus
3494 4248 3582 4301 di-

1995 4338 2102 4387 cat,
2161 4325 2364 4381 clarius
2430 4329 2849 4399 pecspiciamus.
2916 4350 2935 4384 ι
2995 4332 3582 4407 Mandavit,'inquit,

2001 4415 2308 4483 00mious,
2368 4430 2425 4473 ut
2479 4423 2758 4477 Achazum
2822 4426 3152 4495 appellarem
3211 4429 3301 4484 his
3356 4433 3576 4488 verbis:

1998 4509 2199 4581 Expete
2236 4514 2328 4569 tibi
2362 4515 2578 4586 signum
2612 4532 2641 4571 a
2670 4516 2925 4585 Domino,
2958 4519 3070 4576 Deo
3100 4529 3217 4587 tuo,
3274 4525 3391 4579 sive
3451 4541 3579 4596 pro-

310 4607 757 4678 qnandoquidem
784 4607 1035 4663 necillutl
1059 4608 1126 4660 ad
1145 4607 1291 4662 aliud
1318 4611 1517 4677 poterit
1536 4611 1889 4675 reierri,cum
1926 4620 1971 4679 ο
2000 4604 2250 4671 fundum,
2289 4608 2405 4662 sive
2451 4610 2705 4666 sublime.
2758 4610 3062 4683 Respondit
3124 4616 3401 4683 Achazus.
3458 4620 3576 4679 Non

312 4700 553 4772 primum
578 4700 669 4753 sit.
701 4697 807 4754 Sed
840 4700 1121 4753 mittamus
1149 4704 1271 4762 hoc,
1299 4713 1465 4769 atque
1492 4710 1608 4756 tute
1637 4718 1783 4758 nunc
1809 4720 1894 4760 me

308 4793 467 4857 doce,
496 4790 770 4861 quomodo
808 4790 981 4846 Moses
1012 4799 1195 4869 patres
1234 4802 1446 4847 vestros
1471 4806 1567 4860 per
1598 4808 1749 4848 mare
1782 4794 1894 4849 Ru-

1993 4706 2268 4765 expetam,
2302 4716 2399 4754 nec
2430 4705 2647 4756 tentabo
2685 4704 3001 4761 Dominum.
3061 4706 3308 4768 Perrexit
3364 4715 3529 4772 Isaias
3561 4734 3580 4774 τ

1997 4788 2207 4845 Idcirco
2266 4791 2530 4849 Dominus
2567 4798 2680 4865 ipse
2738 4797 2894 4854 dabit
2946 4801 3101 4858 vobis
3151 4804 3391 4875 signum.
3436 4809 3581 4867 Εευε

310 4885 471 4937 brum
508 4881 871 4937 transducere
910 4882 1166 4951 potuerit,
1202 4890 1257 4936 et
1311 4896 1343 4936 e
1388 4898 1525 4938 saxo
1568 4883 1891 4954 proﬂuxerit
1995 4884 2147 4956 virgo
2183 4887 2478 4953 concipiet,
2525 4900 2573 4942 et
2617 4890 2791 4958 pariet
2826 4892 3023 4958 tilium,
3060 4905 3115 4950 et
3168 4898 3440 4957 vocabunt
3474 4922 3578 4958 no-

307 4984 463 5033 taota.
496 4992 649 5047 aqua:
684 4975 862 5042 copia,
894 4985 1099 5047 quanta
1124 4975 1190 5030 ad
1227 4974 1540 5031 satiandum
1571 4977 1886 5033 universum
1993 4991 2116 5030 men
2144 4978 2263 5048 ejus
2298 4978 2672 5038 Emanuelem.
2707 4980 2910 5055 Butyro
2937 4985 3101 5040 boum
3133 4998 3187 5042 et
3218 4990 3359 5046 lacte
3384 4996 3571 5051 ovium

303 5068 567 5141 populum
595 5080 730 5122 satis
763 5078 942 5133 esset;
973 5070 1251 5137 quomodo
1285 5082 1413 5123 arca
1438 5084 1468 5122 a
1503 5071 1888 5126 sacerdotibus
1990 5077 2045 5122 el
2083 5067 2241 5123 melle
2273 5081 2545 5135 vescetur,
2577 5083 2873 5143 antequam
2923 5079 3137 5132 noverit
3169 5080 3251 5135 vel
3307 5056 3576 5152 μεῖναιμε-

302 5169 541 5235 portata,
576 5158 800 5214 Ilutnine
834 5156 1091 5213 Iordanis
1144 5159 1348 5223 diviso,
1384 5176 1478 5228 per
1517 5160 1729 5213 siccum
1793 5160 1887 5212 de-

302 5256 412 5309 lata
441 5255 545 5320 sit;
592 5253 868 5322 quomodo
905 5251 1289 5306 Jericbnutina
1350 5252 1551 5307 muenia
1609 5267 1881 5307 concuSsa

301 5347 437 5407 sint,
472 5353 525 5399 et
548 5344 688 5416 pelle
726 5343 854 5397 ovili
906 5342 1206 5398 Iordanem
1248 5359 1437 5399 rursus
1483 5343 1713 5400 Ellszeus
1757 5360 1880 5413 per-

300 5435 538 5503 ruperit,
570 5446 645 5499 et,
688 5443 935 5501 separata
971 5433 1229 5501 utrinque
1268 5449 1433 5502 aqua,
1493 5435 1875 5496 ambulaverit,

300 5542 398 5595 per
428 5526 635 5579 aridam
691 5532 915 5578 terram.
964 5518 1113 5575 Num
1163 5523 1291 5591 quid
1338 5523 1533 5578 horum
1571 5525 1619 5578 vi
1673 5535 1879 5580 naturae

297 5618 503 5673 factum
538 5633 659 5671 esse
691 5616 797 5671 dici
821 5624 997 5684 potest
1021 5615 1043 5666 ?
1070 5612 1320 5685 profecto
1342 5630 1448 5668 non
1482 5624 1685 5684 potest.
1709 5616 1874 5685 Atqui

296 5710 346 5765 si
406 5710 499 5763 illa
533 5724 698 5778 supra
735 5718 984 5763 naturam
1019 5717 1168 5771 sunt,
1218 5721 1317 5761 nec
1374 5707 1606 5762 alterum
1663 5708 1731 5763 de
1765 5709 1875 5763 vir-

297 5801 428 5871 giz-e
456 5811 664 5856 natura:
694 5800 1036 5854 conveniens
1075 5808 1176 5854 est.
1206 5798 1473 5853 Caeterum
1504 5801 1576 5853 ab
1610 5801 1871 5855 incredu-

295 5893 449 5947 litate
480 5893 617 5946 bene
646 5909 741 5947 vos
774 5893 976 5948 ιιοιτινίι
1022 5890 1418 5960 grandiioouus
1452 5890 1664 5950 Isaias:
1706 5912 1724 5945 ι
1769 5893 1869 5949 Per

1992 5158 2069 5211 bit
2098 5160 2321 5225 malum,
2358 5170 2453 5214 aut
2485 5162 2648 5228 eliget
2682 5164 2884 5220 bonum
2917 5183 2932 5233 ;
2964 5172 3222 5238 quoniam
3249 5190 3572 5249 priusquam

1988 5250 2169 5306 ἰιιίὶιιιε
2193 5252 2515 5321 dignoscere
2547 5256 2738 5311 didicit
2768 5258 2909 5314 booa
2942 5263 3023 5317 vel
3045 5266 3209 5333 mala,
3229 5273 3468 5337 pravitas
3495 5277 3575 5326 la-

1985 5358 2110 5397 cere
2145 5353 2380 5411 rerusat,
2419 5348 2563 5415 quod
2588 5348 2792 5404 bonum
2818 5361 2953 5406 est.)
2983 5352 3103 5409 Jam
3131 5373 3279 5415 nunc
3308 5362 3377 5417 ab
3415 5365 3571 5421 initio

1983 5432 2195 5503 singula
2260 5446 2574 5502 repetamus
2632 5441 3177 5518 consideremusque.
3228 5469 3247 5502 ι
3295 5452 3570 5511 Maudavit

1983 5524 2267 5589 Dominus,
2306 5535 2364 5581 ut
2394 5528 2672 5586 Acbazum
2710 5535 3039 5603 appellarem
3070 5541 3157 5598 his
3208 5546 3425 5601 verbis:
3463 5550 3568 5603 Ex-

1981 5630 2104 5684 pcte
2134 5617 2231 5671 tibi
2267 5619 2484 5687 signum
2522 5638 2552 5676 a
2592 5622 2848 5693 Domino,
2890 5629 2999 5686 Deo
3035 5639 3152 5698 tuo,
3191 5635 3306 5690 sive
3341 5642 3570 5707 proluu-

1981 5709 2108 5763 dum
2128 5710 2243 5766 sive
2265 5713 2523 5769 sublime.
2542 5713 2849 5788 Respondit
2865 5724 3136 5792 Achazus,
3159 5728 3275 5783 Non
3295 5744 3567 5801 expetam,

1979 5818 2079 5858 nec
2132 5805 2354 5859 tentabo
2414 5803 2730 5865 Dominum.
2771 5830 2790 5863 ι
2856 5814 3101 5885 Equum
3165 5831 3270 5888 est,
3330 5825 3565 5893 primunt

1982 5910 2081 5951 nos
2112 5910 2331 5951 causam
2390 5900 2701 5969 exquirere,
2736 5916 2835 5959 cur
2893 5922 3003 5963 non
3043 5912 3347 5971 obediverit
3387 5916 3556 5974 Acba-
