3976 6568
409 378 521 439 7Ἱὸ

1617 380 1951 440 GEORGII
1981 378 2406 440 ΡΗΒΑΝΤΖἮ

3567 382 3678 445 776

408 489 898 569 κατορχησάμενον
931 488 1040 541 τῶν
1085 487 1251 543 θείων
1299 488 1719 557 ἐπιταγμάτων.
1751 490 1844 560 Μὴ
1878 491 1988 561 γὰρ
2017 495 2066 553 Α
2093 468 2394 553 καὶπὲρας
2419 488 2569 557 ἔσχε,
2602 487 2707 543 κᾶν
2743 488 2901 558 ὑμεῖς
2927 489 3157 559 τάληθὲς
3189 492 3419 562 σαθροῖς
3448 495 3558 548 τισὶ
3582 497 3679 551 λό’

408 583 474 654 δὴ
512 582 740 652 νομίσας
774 581 935 652 168
976 581 1314 635 ἀπεστάλθαι
1348 598 1422 651 με
1467 582 1608 651 πρὸς
1641 582 1698 634 σὲ
1740 581 1817 644 ὡς
1844 582 1993 647 ἄξιον

409 675 541 728 ὅντα
567 689 582 704 ⁸
616 674 812 745 πόρῤω
841 674 952 741 γὰρ
984 670 1032 725 ei
1065 674 1129 726 σὺ
1162 673 1258 725 τοῦ
1288 672 1525 734 τοιοῦτος
1567 671 1725 735 εἶναι,
1755 671 1895 725 ὥστε
1930 674 1991 725 οὐ

413 768 508 820 σοῦ
543 785 605 831 γε
641 766 824 827 ἕνεκα,
879 766 1012 817 ἀλλὰ
1059 763 1155 818 τοῦ
1216 766 1366 817 οἴκου
1405 764 1579 817 Ἰούδα
1634 766 1728 817 καὶ
1780 765 1993 817 πάντων

411 859 765 915 ἀπέσταλμαι
798 858 906 909 τῶν
932 859 1062 909 υἱστιν
1100 858 1349 925 Ἰσραήλ.
1387 876 1406 907 ι
1449 858 1547 909 Διά
1579 856 1737 910 τοῦτο
1763 856 1857 910 οὗν
1888 857 1993 908 δὼ-

414 969 495 1003 est
527 951 727 1016 Κύριος
757 949 921 1010 αὐτὸς
953 949 1087 1015 ὑμῖν
1124 953 1371 1016 σημεῖον.
1402 949 1537 1002 Ἰδοὺ
1575 949 1609 1019 ἠ
1640 948 1910 1018 παρθένος
1938 951 1995 1003 ὲν

417 1043 614 1109 γαστρὶ
639 1042 870 1110 λήψεται
906 1044 1002 1094 καὶ
1034 1042 1252 1105 τέξεται
1297 1040 1435 1106 υἶδν,
1479 1043 1576 1095 καὶ
1616 1041 1905 1095 καλέσουσι
1933 1043 1995 1095 τὸ

410 1133 583 1186 bunda
645 1135 1219 1202 αὖτοῦῈμμανουήλ.
1261 1154 1279 1186 ι
1326 1133 1388 1186 Εἰ
1441 1134 1560 1201 μὲν,
1620 1133 1693 1192 ὡς
1748 1135 1812 1187 σὺ
1865 1134 1992 1205 φῂς.

413 1229 599 1278 νεᾶνιν
627 1229 654 1278 6
684 1229 977 1295 προφήτης
1009 1228 1316 1292 προῦλεγεν
1344 1227 1401 1278 ὲν
1436 1228 1636 1295 γαστρὶ
1668 1227 1817 1292 ἕξειν
1848 1227 1989 1292 ὡμι-

411 1317 648 1381 ληκυῖαν
685 1317 864 1384 ἀνδρὶ.
922 1319 1149 1384 μάταιον
1180 1314 1248 1386 ἧν
1284 1316 1524 1386 ἀτεχνῶς
1575 1319 1671 1370 καὶ
1713 1318 1834 1371 λίαν
1865 1318 1994 1371 ἁλό-

413 1427 600 1475 γιστονι
637 1411 697 1461 τὸ
752 1412 980 1477 σημεῖον
1022 1412 1181 1463 τοῦτο
1236 1410 1445 1464 καλεῖν.
1484 1412 1648 1463 Ἀνευ
1687 1410 1744 1463 δὲ
1802 1410 1993 1464 τούτου

418 1505 514 1555 καὶ
540 1503 600 1553 τὸ
634 1501 842 1566 νεᾶνις
866 1503 984 1554 ἀντὶ
1014 1502 1110 1555 τοῦ
1154 1503 1452 1576 παρθένος
1482 1503 1737 1571 εὑρήσεις
1770 1503 1996 1570 ἐφιστὰς

417 1593 477 1645 ὲν
496 1593 573 1659 τῷ
592 1594 1022 1661 Δευτερονομίῳ.
1044 1594 1181 1661 Φησὶ
1201 1594 1311 1660 γὰρ
1332 1593 1406 1652 ὡς
1438 1610 1457 1643 ι
1472 1592 1597 1659 Εάν
1625 1610 1710 1656 τις
1740 1592 1994 1662 βιάσηται

416 1688 474 1737 ἐν
497 1684 573 1749 τῷ
598 1685 764 1753 πεδίῳ
793 1685 1028 1743 νεάνιδα,
1045 1703 1064 1739 ι
1094 1685 1359 1754 παρθένον
1382 1685 1583 1754 δηλαδή
1610 1700 1624 1716 ·
1655 1684 1889 1755 ἀλλαχοῦ
1914 1685 1992 1751 δὲ,

425 1795 444 1827 ι
467 1776 597 1830 Ἐάν
625 1792 707 1836 τις
741 1773 877 1845 εὕρῃ
911 1776 1012 1837 τὴν
1040 1777 1206 1828 παῖδα
1229 1778 1331 1843 τὴν
1370 1778 1863 1846 μεμνηστευμένην
1900 1780 1992 1832 καὶ

2095 596 2213 647 γοις
2237 580 2332 634 καὶ
2364 580 2713 644 ἀσυστάτοις,
2739 581 3075 650 οἰκειότερον
3104 583 3159 636 δὲ
3190 585 3371 638 εἰπεῖν
3404 588 3680 657 ἀνοήτοις,

2095 672 2454 741 περιτρέπειν
2488 673 2845 742 ἐπιχειρεῖτε.
2888 672 3074 737 Ἀξιον
3109 674 3165 726 δὲ
3199 676 3340 744 μηδὲ
3376 677 3680 732 τοῦτοοπα-

2096 764 2384 834 ρατρέχειν
2403 764 2477 828 ὡς
2504 764 2552 816 ei
2577 764 2651 835 μὴ
2675 768 2730 817 ὲν
2758 769 2824 834 τῇ
2856 766 3110 836 παρθένῳ
3139 769 3328 840 Μαρίᾳ
3361 770 3425 823 τὸ
3452 775 3684 840 σημεῖον

2096 854 2286 927 εἴληφε
2346 858 2541 926 πέρας.
2586 858 2701 919 πῶς
2738 858 2796 923 ἐξ
2846 859 3015 928 αὐτῆς
3064 862 3092 913 6
3124 864 3536 930 γεγεννημένος
3580 868 3687 920 οὐκ

2095 950 2159 1001 ὲκ
2214 949 2529 1019 θελήματος
2589 951 2792 1019 σαρκος
2839 952 2959 1003 οὐδὲ
3000 954 3062 1005 ἐκ
3116 953 3426 1022 θελήματος
3461 959 3681 1024 adp-6;,

2099 1040 2216 1094 ἀλλ’
2244 1043 2306 1094 ὲκ
2362 1042 2678 1109 Πνεύματος
2711 1043 2873 1109 ἁγίου
2925 1046 3065 1097 κατὰ
3098 1044 3160 1096 τὸ
3201 1050 3543 1115 προφητικ).ν
3591 1049 3684 1099 3r}-

2095 1149 2229 1197 ytov
2274 1133 2627 1203 Ἐμμανουὴλ
2668 1134 2987 1204 ὠνομάσθη,
3034 1139 3204 1206 ἤγουν
3259 1138 3396 1192 Μεθ’
3436 1141 3593 1209 ή·ι.ῶν
3653 1143 3683 1193 6

2095 1221 2229 1285 Θεός
2294 1224 2326 1296 ἢ
2375 1224 2617 1293 δηλονότι
2651 1228 2679 1278 6
2718 1227 2850 1288 Θεὸς
2885 1230 3039 1280 ἔσται
3078 1230 3197 1297 μεθ’
3231 1232 3390 1299 ήμῶν
3438 1231 3553 1283 τῶν
3586 1234 3683 1284 άν-

2096 1315 2355 1383 θρὼπων,
2395 1319 2564 1386 ήγουν
2612 1321 2800 1385 ὅμοιος
2859 1321 2990 1387 ἡμῖν
3046 1321 3333 1388 ἄνθρωπος
3382 1325 3537 1376 ἔσται
3580 1327 3682 1376 καὶ

2096 1411 2230 1472 Θεὸς
2257 1415 2283 1463 6
2316 1411 2477 1475 αὐτος
2503 1411 2784 1480 ὑπάρχων.
2820 1412 3093 1474 Ὣσλύτως
3122 1414 3174 1467 δὲ
3205 1415 3300 1467 καὶ
3334 1414 3422 1468 διὰ
3446 1418 3535 1467 το’
3572 1433 3680 1469 κα-

2095 1504 2361 1558 λέσουσι
2381 1510 2479 1556 ττν
2503 1503 2714 1569 πληθὺν
2734 1508 2914 1558 πᾶσαν
2937 1504 3126 1572 εἴρηκε
3155 1507 3263 1558 τῶν
3294 1507 3391 1559 ἀνθ
3401 1509 3619 1573 ρώπων,
3646 1506 3677 1560 ὃ

2098 1595 2194 1646 καὶ
2223 1594 2488 1661 ἐγεγόνει.
2534 1591 2758 1656 Τούτοις
2790 1593 2845 1647 δὲ
2894 1594 2986 1646 καὶ
3018 1593 3085 1646 τὰ
3117 1596 3172 1646 ὲν
3215 1595 3291 1660 τῷ
3330 1594 3546 1664 Bamb}
3578 1594 3676 1647 τοῦ

2107 1686 2382 1755 Ἰερεμίου
2421 1688 2739 1739 παντάπασι
2772 1688 3080 1754 συμφωνεῖ·
3119 1683 3290 1747 Οὗτος
3316 1687 3447 1753 γάρ,
3484 1686 3677 1754 φησιν,

2103 1798 2123 1831 ι
2148 1781 2175 1830 6
2204 1779 2337 1841 θεὸς
2368 1779 2552 1848 ἡμῶν⁹
2584 1779 2643 1830 οὑ
2674 1778 3065 1849 λογισθήσεται
3087 1779 3276 1845 ἕτερος
3311 1779 3447 1846 πρδς
3476 1780 3640 1829 αὐτόν
3659 1798 3673 1811 ο

422 1867 761 1935 βιασάμενος
816 1867 1050 1936 ιοιμηθῇ
1109 1869 1225 1936 μετ’
1261 1868 1454 1932 αὐτῆς.
1510 1869 1861 1922 ἀποκτενεῖτε
1905 1869 1995 1923 τὸν
2025 1854 2071 1914 Β
2103 1871 2289 1941 ἐξεῦρε
2321 1873 2486 1923 πᾶσιν
2516 1870 2633 1923 ὁδὸν
2667 1871 3003 1940 ἐπιστήμης,
3024 1870 3051 1921 ῗ
3087 1870 3290 1923 ὡσανεὶ
3315 1868 3524 1935 ἔλεγεν.
3551 1865 3674 1923 υἷδε

416 1960 712 2028 ἄνθρωπον
752 1957 936 2026 μόνον,
975 1958 1070 2010 καὶ
1102 1961 1166 2026 τῇ
1199 1958 1401 2011 νεάνιδι
1441 1958 1501 2010 οὐ
1533 1961 1793 2029 ποιήσετε
1822 1961 1995 2016 οὐδέν.

424 2052 536 2103 Καὶ
559 2053 585 2101 6
615 2050 856 2119 Ἔσδρας
884 2051 941 2103 δὲ
978 2052 1196 2103 νεάνιδα
1226 2051 1384 2104 καλεῖ
1412 2052 1513 2121 τὴν
1538 2052 1615 2121 τῷ
1651 2052 1865 2122 βασιλεῖ
1906 2054 2000 2107 καὶ

421 2145 682 2213 προφήτῃ
722 2144 888 2196 Δαὸὶδ
940 2145 1281 2215 γεγηρακὸτι
1337 2148 1799 2216 συγκοιμωμένην
1854 2165 1997 2218 παρ-

419 2237 600 2298 θένον.
636 2237 670 2306 ἢ
720 2238 1101 2305 περιθά).ψεως
1147 2239 1300 2307 αὐτῷ
1340 2239 1503 2309 χάριν
1535 2239 1641 2294 ὑπὸ
1674 2243 1871 2308 γήρεος
1895 2258 1999 2296 xa-

418 2330 751 2400 τεψυγμένῳ
794 2332 1161 2397 συνεκοιμᾶτο
1206 2333 1301 2382 καὶ
1327 2332 1482 2385 οὐδὲν
1514 2334 1703 2402 ἕτερον
1734 2352 1809 2388 τι.
1860 2336 2003 2401 Φησὶ

418 2422 529 2490 γὰρ
560 2423 640 2474 ὅτι
672 2423 766 2474 καὶ
791 2423 889 2485 οὐκ
919 2421 1061 2489 ἔγνω
1094 2422 1302 2491 ταύτην
1335 2426 1363 2477 6
1412 2423 1694 2495 βασιλεὺς.
1726 2424 1881 2479 Ἐπεὶ
1918 2426 1998 2493 δὲ,

420 2514 610 2585 ὥσπερ
642 2512 891 2581 εἴπομεν.
938 2517 1033 2568 καὶ
1072 2515 1133 2569 τὸ
1164 2516 1452 2570 συλλαῦεῖν
1494 2520 1734 2583 γυναῖκα
1782 2535 2003 2585 συγκοι-

425 2610 686 2680 μωμένην
719 2610 874 2678 ἀνδρὶ
906 2610 1095 2663 καινδν
1121 2609 1274 2663 οὐδὲν
1298 2605 1387 2681 ἦν,
1427 2610 1550 2664 οὐδὲ
1593 2614 1822 2680 σημεῖον
1856 2613 2001 2664 εἰκό-

416 2722 526 2768 τως
557 2704 701 2758 τοῦτ’
734 2706 800 2759 ἂν
854 2707 1113 2758 ἐκάλεσεν
1153 2709 1181 2759 6
1211 2709 1519 2776 προφήτης,
1562 2706 1813 2761 λείπεται
1843 2708 2002 2760 τοῦτο

419 2795 665 2863 νομιζειν
719 2797 884 2850 αὑτὸν
940 2799 1223 2870 εἰρηκέναι
1277 2801 1503 2868 σημεῖον
1551 2799 1798 2852 δεδόσθαι
1851 2800 2003 2867 παρὰ

419 2875 581 2951 (θεοῦ,
628 2890 689 2941 τὸ
725 2888 993 2960 παρθένον
1030 2892 1159 2946 ἄνευ
1195 2891 1385 2961 ἀνδρὸς
1427 2895 1643 2946 τεκεῖν*
1675 2894 1702 2946 ὃ
1746 2892 1905 2965 169
1937 2894 2000 2965 δὴ

420 3083 543 3134 zus,
575 3083 673 3122 nec
702 3067 883 3123 facere
910 3069 1164 3134 voluerit,
1197 3069 1341 3139 quod
1375 3084 1404 3124 a
1451 3069 1559 3123 Deo
1590 3070 1640 3125 ei
1677 3072 1998 3124 mandatum

420 3160 941 3214 erat.Arliitramur
995 3161 1179 3229 igitur,
1244 3177 1392 3225 eum,
1445 3162 1589 3229 quod
1633 3162 1795 3215 homo
1851 3168 1996 3217 esset

2101 1964 2281 2016 πᾶσαν
2333 1963 2651 2031 ἐπιστήμην
2701 1962 2777 2023 ὡς
2829 1962 3132 2025 αὖτοσοφία
3175 1961 3273 2026 ὢν,
3322 1966 3437 2015 καὶ.
3470 1968 3677 2026 πάντας

2100 2059 2226 2119 τοὺς
2251 2056 2441 2124 λόγους
2475 2057 2653 2111 αὐτῶν
2690 2057 2766 2116 ὡς
2795 2056 3134 2127 δημιουργὸς
3165 2057 3354 2110 αὐτῶν
3384 2056 3484 2119 ὢν,
3534 2077 3554 2108 ι
3585 2060 3680 2110 καὶ

2102 2149 2301 2203 ἔδωκεν
2354 2150 2527 2221 αὐτὴν
2571 2150 2773 2203 Ἰακὼὸ
2827 2150 2904 2219 τῷ
2942 2149 3094 2203 παιδὶ
3144 2149 3336 2211 αὑτοῦ,
3376 2169 3395 2202 ι
3432 2151 3555 2215 ἤτοι
3600 2151 3679 2220 τῷ

2099 2243 2270 2313 δούλῳ
2294 2242 2482 2310 αὐτοῦ,
2523 2263 2542 2296 ι
2580 2244 2679 2295 καὶ
2712 2243 2935 2312 Ἰσραὴλ
2965 2242 3042 2313 τῷ
3075 2244 3427 2312 ἠγαπημένῳ
3458 2244 3554 2296 ὑπ’
3579 2245 3678 2297 αὖ-

2099 2337 2227 2389 τοῦ·
2259 2334 2398 2405 μετὰ
2447 2336 2503 2388 δὲ
2561 2333 2739 2388 ταῦτα
2784 2337 2878 2388 ἐπὶ
2911 2335 3011 2403 τῆς
3067 2335 3172 2406 γῆς
3216 2331 3375 2405 ὤφθη
3427 2336 3525 2397 καὶ
3565 2338 3681 2399 τοῖς

2101 2429 2413 2498 ἀνθρώποις
2449 2429 2889 2498 συνανεστράφη.
2927 2446 2946 2476 ι

2170 2520 2329 2582 Eho;
2375 2522 2556 2592 ἐρωτᾷ
2582 2538 2596 2553 ·
2653 2540 2671 2573 ι
2706 2521 2953 2590 Μηδενός
2986 2540 3071 2573 πω
3116 2522 3225 2575 τῶν
3266 2522 3323 2588 ἑξ
3375 2523 3602 2586 αἰῶνος,
3636 2520 3682 2578 ὦ

2103 2612 2347 2681 βασιλεῦ,
2405 2613 2712 2683 ἀνθρώπων
2759 2615 2898 2682 ὑπὲρ
2938 2617 3005 2667 τὰ
3043 2616 3192 2685 χίλια
3242 2615 3338 2683 ἔτη
3387 2615 3678 2685 ζήσαντος,

2101 2704 2216 2769 πῶς
2234 2705 2394 2757 αὐτὸν
2417 2706 2506 2757 τὸν
2530 2705 2775 2759 Μεσσίαν
2809 2706 2967 2775 17o
2986 2707 3353 2774 τετρακοσίων
3377 2708 3545 2772 ἐγγὺς
3576 2707 3674 2777 ήδη

2101 2797 2195 2848 καὶ
2230 2796 2418 2865 χιλίων
2454 2797 2859 2866 παρῳχηκότων
2889 2794 3155 2849 ἐνιαυτῶν
3184 2797 3265 2848 ἔτι
3299 2796 3401 2865 ζῇν
3449 2797 3679 2865 ὑπειλή-

2101 2905 2234 2957 φατε
2262 2905 2277 2955 ;
2315 2888 2604 2943 Ἀδύνατον
2637 2891 2767 2960 γάρ.
2802 2890 2863 2942 EI
2891 2889 2935 2942 δ’
2970 2890 3265 2944 ἀποθανεῖν
3292 2890 3517 2962 φαίητε,
3546 2888 3678 2961 ιξιεῦ-

2099 3081 2405 3136 parumque
2439 3067 2831 3123 convenienter
2868 3067 2973 3123 hoc
3004 3068 3265 3136 prapbeta
3326 3070 3542 3140 signum
3578 3085 3674 3124 no-

2101 3161 2409 3215 minaturus
2460 3160 2676 3226 fuisset,
2717 3161 3063 3231 relinquitur,
3094 3173 3152 3216 ιιι
3207 3172 3481 3231 putemus,
3548 3178 3670 3217 eum

338 3277 345 3283 -
420 3253 662 3306 vanitate
696 3263 750 3306 et
786 3226 1037 3307 anmntia
1056 3253 1381 3317 obstrictus,
1412 3270 1475 3308 ac
1509 3255 1997 3325 pseudoprophetis
2023 3226 2068 3284 δ
2102 3251 2215 3327 hoe,
2234 3252 2446 3319 signum
2481 3266 2510 3306 a
2541 3237 2660 3306 'Dco
2689 3253 2876 3305 datum
2920 3253 2987 3307 iri
3032 3254 3239 3316 dicere.
3275 3261 3333 3308 ut
3389 3254 3563 3319 virgo.
3593 3253 3674 3305 vi-

420 3355 475 3400 rt
502 3343 743 3399 fatidicis
770 3354 824 3399 et
855 3346 1012 3399 istius
1046 3348 1261 3413 generis
1315 3348 1439 3400 aliis
1477 3349 1865 3416 impostoribus
1916 3351 2000 3405 in-

422 3439 621 3499 hiaret.
653 3439 835 3493 divina
872 3439 1124 3492 mandata
1154 3448 1507 3495 contemnere
1536 3457 1646 3496 non
1679 3453 1997 3498 cunctatum

420 3545 561 3584 esse.
603 3529 754 3585 Unde
793 3531 985 3594 Isaias,
1023 3531 1369 3585 insolentiam
1416 3534 1574 3588 istam
1617 3545 1672 3589 et
1708 3535 1998 3604 impuden-

420 3622 551 3674 tiam
579 3622 628 3676 ei
687 3622 1074 3690 exprobrans:
1123 3642 1140 3674 ι
1182 3622 1412 3686 Idcirco,
1463 3624 1667 3693 inquit,
1734 3624 1999 3683 Dominus

418 3711 535 3779 ipse
594 3711 749 3767 dab;t
813 3714 969 3767 vobis
1028 3715 1267 3783 signum.
1311 3733 1330 3766 ι
1391 3715 1493 3781 Qui
1547 3716 1794 3771 videlicet
1849 3717 1999 3772 misit

420 3821 509 3857 me
545 3805 611 3858 ad
653 3816 703 3859 te
738 3806 1024 3873 profanum
1056 3815 1107 3859 et
1138 3807 1363 3875 impium
1389 3820 1443 3860 et
1504 3807 1855 3862 insultantem
1900 3808 2001 3862 im-

416 3897 587 3964 periis
633 3896 854 3952 divinis.
911 3897 1024 3950 Noli
1083 3899 1230 3951 enim
1290 3897 1629 3964 existimare,
1698 3914 1784 3953 me
1824 3899 1890 3953 ad
1935 3908 1989 3954 te

420 3988 655 4044 missum
680 4006 822 4055 esse,
851 3990 978 4060 quia
1007 3989 1206 4059 dignus
1232 3991 1308 4046 sis
1336 4009 1349 4045 :
1384 3992 1613 4045 multum
1675 3991 1850 4047 abest.
1897 3991 2002 4047 Ita-

416 4097 525 4153 que
551 4097 658 4136 non
689 4092 911 4151 propter
938 4091 1008 4145 te,
1076 4083 1169 4137 sed
1202 4094 1422 4152 prepler
1447 4083 1670 4137 domum
1725 4080 1886 4149 Juda,
1944 4092 2000 4138 et

418 4175 711 4229 universos
750 4174 894 4227 lilios
930 4173 1094 4227 Israel
1139 4173 1342 4228 missus
1368 4163 1375 4169 ’
1403 4189 1549 4228 sum.
1599 4192 1618 4224 ι
1662 4172 1867 4228 Idcirco
1900 4174 2000 4244 igi-

422 4272 512 4316 tur
541 4260 810 4323 Dominus
846 4261 965 4329 ipse
993 4261 1142 4315 dabit
1180 4263 1336 4317 vobis
1366 4263 1602 4330 signum.
1664 4265 1804 4317 Ecce
1846 4264 1998 4335 virgo

414 4355 712 4423 concipiet,
739 4364 793 4408 et
827 4353 1003 4422 pariet
1033 4354 1223 4417 lilium,
1258 4365 1314 4408 et
1336 4354 1606 4410 vocabunt
1634 4370 1830 4410 nomen
1879 4357 1998 4427 ejus

417 4443 854 4504 Emmanuelem,
893 4462 913 4495 ι
955 4443 1112 4509 Quod
1164 4443 1234 4508 si,
1295 4455 1354 4499 ut
1409 4454 1465 4500 tu
1529 4445 1690 4511 dicis,
1735 4448 2000 4518 propheta

2102 3357 2222 3395 rum
2278 3342 2500 3395 minime
2548 3358 2732 3411 passa,
2806 3344 2976 3397 [ilium
3039 3345 3266 3399 ederet:
3339 3345 3484 3412 quod
3545 3359 3676 3400 sane

2100 3438 2355 3482 eventum
2390 3429 2600 3491 habuit,
2657 3432 3030 3499 quantumviv
3074 3449 3171 3486 vos
3214 3434 3497 3487 veritatem
3532 3450 3677 3488 utar-

2102 3520 2237 3575 cidis
2263 3521 2515 3591 maleque
2544 3524 2972 3586 cbhterentibus,
3006 3534 3120 3590 aut,
3162 3535 3220 3578 ut
3246 3526 3422 3579 dicant
3450 3527 3673 3592 rectius,

2099 3611 2316 3666 stolidis
2364 3614 2703 3681 argumentis
2759 3626 3004 3669 everti-re
3038 3618 3335 3671 conamini.
3377 3615 3488 3671 Nec
3541 3618 3673 3676 illud

2102 3702 2183 3757 fas
2214 3712 2298 3759 est
2362 3718 2467 3758 nos
2527 3705 2829 3774 praeterire,
2883 3707 2985 3760 nisi
3026 3709 3080 3759 in
3118 3709 3329 3777 virgine
3362 3707 3535 3762 Maria
3574 3710 3675 3766 hoc

2100 3794 2315 3863 signum
2355 3791 2609 3850 eventum
2643 3795 2944 3861 habuisset,
2977 3799 3255 3866 quomodo
3292 3815 3359 3852 ex
3387 3818 3450 3854 en
3490 3813 3673 3867 natus,

2102 3903 2209 3942 non
2243 3904 2308 3942 ex
2364 3889 2643 3942 voluntate
2697 3891 2903 3955 carnis,
2953 3905 3053 3944 nec
3099 3906 3166 3945 ex
3221 3892 3505 3946 voluntate
3551 3892 3671 3959 viri,

2101 3980 2195 4036 sed
2227 3996 2292 4035 ex
2322 3977 2528 4048 Spiritu
2575 3988 2766 4034 sancto
2799 3982 3100 4034 secundum
3141 3981 3419 4050 pr0pheta:
3478 3997 3669 4037 oracu-

2102 4074 2213 4127 lum
2280 4082 2509 4128 vocatus
2570 4074 2642 4127 sit
2702 4069 3046 4135 Emmanuel,
3114 4072 3167 4125 id
3213 4081 3317 4139 est,
3373 4071 3669 4129 Nobiscum

2099 4164 2420 4234 Deus:quo
2444 4167 2700 4219 nimirum
2754 4165 3104 4235 signiﬁcavit,
3162 4164 3334 4220 Deum
3385 4167 3667 4221 nobiscum

2103 4257 2217 4313 I'ore
2245 4259 2339 4328 qui
2368 4274 2557 4312 sumus
2584 4258 2854 4321 homines,
2885 4258 3000 4313 sive
3048 4257 3280 4312 similem
3314 4259 3470 4313 nobis
3495 4260 3671 4313 homi-

2105 4367 2224 4404 nem
2253 4350 2370 4404 fore
2398 4359 2452 4404 et
2485 4360 2666 4403 tamen
2701 4349 2952 4404 eumdem
2983 4348 3174 4405 Deum.
3202 4350 3361 4415 Quod
3385 4361 3440 4406 et
3469 4350 3667 4405 factum

2099 4450 2203 4495 est.
2254 4439 2399 4494 Idem
2455 4441 2623 4495 verbo
2682 4457 2702 4491 ι
2768 4442 3043 4496 vocabunt
3090 4459 3109 4494 ι
3175 4445 3393 4513 generis
3450 4445 3667 4499 humani

416 4536 910 4600 adolescentulam,
945 4551 1150 4591 marem
1181 4551 1422 4606 passam,
1451 4553 1840 4609 concepturam
1866 4557 1991 4598 esse
2025 4564 2070 4619 υ
2101 4531 2513 4586 υηίνοτεῖιδῑθιη
2569 4531 2936 4600 εῖεηῑηεθνίιί
2972 4533 3116 4602 (ιυοά
3152 4543 3206 4588 ει
3261 4534 3443 4603 ίρευηι
3476 4546 3666 4590 "em"

417 4630 762 4701 pradiceret,
791 4643 1024 4709 prorsus
1052 4628 1294 4699 ineptum
1357 4628 1496 4684 I‘oret
1523 4640 1576 4687 et
1607 4632 1675 4687 ab
1729 4633 1877 4688 omni
1912 4650 1997 4688 ra-

421 4723 571 4778 tione
604 4723 868 4789 alienum,
927 4721 1073 4777 istud
1139 4722 1354 4786 signum
1392 4724 1690 4793 appellare.
1724 4723 1995 4781 Praeterea

416 4812 883 4869 adolescentulam
944 4828 1042 4882 pro
1073 4813 1283 4882 virgine
1346 4814 1578 4882 positam
1633 4814 1904 4881 invenies,
1948 4817 1994 4872 si

414 4906 735 4971 attenderis,
769 4907 823 4961 in
884 4905 1336 4969 Deuteronomio,
1392 4907 1486 4961 ubi
1550 4909 1667 4963 hzec
1700 4910 1993 4980 leguntur:

424 5014 444 5052 ι
481 5000 536 5054 Si
560 5004 755 5071 quisin
791 5017 924 5071 agro
946 5002 1230 5057 violaverit
1261 5001 1754 5064 adolescentulam.
1783 5022 1803 5055 ι
1836 5004 1889 5058 id
1913 5016 1999 5060 est

417 5092 726 5161 virginem;
792 5101 848 5146 et
903 5092 1055 5157 alibi,
1127 5110 1146 5143 ι
1196 5093 1253 5145 Si
1316 5093 1440 5161 quis
1490 5093 1764 5148 invenerit
1823 5096 1993 5152 IiIiam

414 5194 677 5251 sponsam
710 5185 874 5252 eique
902 5186 951 5236 vi
983 5182 1125 5237 facta
1160 5184 1542 5241 concubuerit.
1607 5186 1877 5257 occidetis
1902 5204 1995 5243 so-

417 5278 528 5329 lum
561 5275 857 5337 hominem,
912 5278 964 5331 in
1016 5274 1479 5330 adoiesrentulam
1510 5277 1934 5336 nihilstatnetis.
1970 5300 1989 5334 ι

416 5368 597 5438 Atque
629 5367 831 5424 Esdras
864 5369 1130 5439 virginem
1163 5368 1313 5422 illam
1370 5384 1493 5422 cum
1530 5367 1735 5426 DtIVide
1783 5388 1909 5441 rege
1941 5384 1996 5427 et

413 5459 681 5529 propheta
709 5459 821 5529 jam
868 5461 1023 5514 senio
1074 5459 1327 5514 confecto
1385 5464 1699 5526 cubantem,
1759 5478 1870 5518 non
1924 5465 1997 5519 ob

412 5551 582 5617 aliud,
622 5551 725 5606 nisi
758 5561 817 5604 ut
849 5551 1007 5606 annis
1032 5551 1144 5620 jam
1176 5549 1467 5622 frigentem
1521 5552 1749 5621 fovetet,
1806 5558 1993 5611 adole-

413 5644 719 5700 scentulam
751 5651 926 5699 vocat.
954 5643 1095 5697 Dicit
1155 5644 1300 5697 enim
1333 5658 1360 5698 a
1406 5659 1532 5713 rege
1585 5660 1703 5698 eam
1739 5662 1845 5699 non
1888 5648 1993 5701 ini-

416 5740 526 5787 tam
568 5748 709 5789 esse.
746 5733 1017 5800 Quoniam
1047 5734 1233 5805 igitur,
1305 5744 1364 5788 ut
1411 5735 1674 5801 diximus,
1728 5736 1988 5792 I‘entinam

413 5839 445 5879 a
495 5825 610 5881 viro
669 5841 1042 5897 compressam
1079 5827 1371 5898 concipere
1424 5827 1559 5880 nihil
1616 5844 1812 5882 natum
1854 5841 1988 5897 erat,

2100 4622 2518 4692 comprobatum
2566 4632 2668 4676 est.
2710 4620 2846 4677 Cum
2898 4624 2984 4679 his
3028 4623 3190 4679 etiam
3244 4624 3498 4680 Ieremia:
3554 4642 3669 4695 qua:

2097 4721 2227 4767 sunt
2256 4713 2398 4781 apud
2436 4712 2749 4767 Baruchum
2776 4716 2989 4783 penitus
3018 4718 3393 4772 consentiunt.
3426 4718 3477 4772 Is
3503 4721 3669 4785 enim,

2105 4823 2124 4858 t
2168 4808 2310 4862 Deus
2341 4815 2548 4872 noster,
2580 4806 2775 4876 inquit.
2808 4823 2917 4863 non
2978 4810 3275 4874 habebitur
3322 4812 3577 4869 diversus
3602 4814 3667 4868 ab

2097 4915 2182 4954 eo.
2216 4897 2425 4953 Invenit
2472 4901 2731 4957 omnibus
2761 4907 2901 4956 viam
2939 4902 3205 4967 scientia),
3247 4923 3267 4957 ι
3320 4905 3480 4973 quasi
3518 4905 3668 4961 dice-

2100 5001 2204 5070 ret,
2262 4993 2417 5046 novit
2446 5006 2668 5047 omnem
2705 4992 3015 5059 scientiam,
3062 5002 3120 5047 ut
3174 4994 3267 5064 qui
3298 5004 3384 5050 est
3439 4999 3557 5066 ipsa
3583 5013 3666 5052 sa-

2097 5086 2335 5155 pientia,
2394 5094 2448 5141 et
2497 5101 2690 5141 omnes
2752 5101 3037 5142 sermones
3095 5103 3308 5151 eorum,
3371 5099 3430 5145 ut
3479 5105 3667 5146 eorum

2096 5176 2371 5239 conditor,
2411 5195 2430 5229 ι
2477 5185 2640 5246 atque
2680 5175 2831 5231 dedit
2874 5192 2994 5231 eam
3020 5178 3227 5234 Iacobo
3275 5195 3445 5250 puero
3491 5198 3615 5248 suo,
3644 5200 3665 5235 ι

2097 5268 2149 5321 id
2174 5278 2276 5331 est,
2306 5282 2467 5323 servo
2498 5283 2618 5334 suo,
2666 5287 2685 5320 t
2735 5278 2788 5323 et
2818 5266 3002 5324 lsraeli
3040 5285 3069 5324 a
3105 5286 3164 5324 se
3215 5272 3457 5336 dilecto;
3486 5289 3667 5342 postea

2097 5375 2279 5414 autem
2314 5361 2367 5415 in
2404 5370 2548 5416 terra
2587 5363 2736 5417 visus
2765 5371 2820 5417 et
2859 5378 2984 5416 cum
3018 5362 3336 5420 hominibus
3381 5379 3667 5422 conversa-

2098 5464 2185 5508 tus
2208 5463 2310 5509 est.
2351 5470 2370 5504 ι

2166 5545 2354 5603 chus
2386 5545 2742 5617 interrogavit
2769 5564 2784 5601 :
2817 5563 2836 5597 ι
2865 5537 3002 5602 Cum
3033 5555 3157 5616 post
3190 5546 3443 5603 homines
3490 5556 3663 5619 natos,

2097 5642 2416 5711 imperator,
2450 5642 2633 5695 nullus
2665 5655 2905 5711 unquam
2939 5641 3080 5693 ultra
3112 5654 3290 5697 annos
3332 5642 3480 5697 mille
3517 5644 3662 5696 vixe-

2099 5737 2190 5801 rit,
2225 5751 2335 5805 quo
2373 5744 2532 5803 pacto
2562 5734 2738 5805 ipsum
2771 5733 3019 5789 Messian]
3041 5735 3153 5802 jam
3182 5734 3341 5790 annis
3373 5736 3497 5804 plus
3521 5735 3659 5790 mille

2096 5841 2145 5886 ct
2170 5830 2583 5901 quadringentis
2611 5827 2899 5898 praeteritis
2921 5827 3101 5881 adhuc
3118 5827 3300 5883 vivere
3322 5828 3660 5897 opinamini?
