3976 6570
454 355 560 426 779
1675 372 2004 441 GEORGII
2064 376 2487 444 PHRANTZ/E
3344 392 3351 405 ί
3610 384 3719 462 Ἴδα

528 484 727 554 Παρὼν
774 486 873 541 καλ⁵
920 482 1204 554 Ματθαϊος
1248 491 1277 544 6
1308 492 1664 567 ίερομόναχος
1705 498 1799 551 καὶ
1855 499 2029 570 μέγας
2062 505 2104 562 Α
2133 505 2410 576 προτέραν
2441 506 2767 576 ἐπιφάνειάν
2808 524 2903 562 του
2936 498 3294 580 προθεσπίζει
3337 514 3433 564 καὶ
3467 498 3713 569 δείκνυσι

454 580 940 677 πρωτοσύγκελλος
964 581 1228 677 βασιλικῇ
1257 588 1556 656 προστάξει
1583 589 1759 644 ταῦτα
1792 591 1896 661 ἔφη
1931 594 2024 645 καὶ
2129 596 2220 650 τὸν
2254 599 2392 667 μετὰ
2417 599 2675 671 Ἰωάννην
2706 600 2795 655 τὶν
2827 602 3135 671 βαπτιστήν
3179 608 3401 677 ἐκείνης
3432 612 3715 677 προηγού-

450 671 837 741 ἀπελογίσατο.
875 674 985 727 Καὶ
1023 679 1051 729 6
1082 677 1180 746 μὲν
1206 677 1372 741 Ξένος
1400 680 1623 750 ἐρωτῶν
1643 676 1801 736 εἷπεν
1828 683 2023 752 οὕτως,
2133 694 2339 758 μενονο
2364 711 2382 743 t
2406 691 2541 745 Ἰδοὺ
2571 693 2680 762 γὰρ
2708 692 2839 761 ἐγὼ,
2874 694 3073 764 λέγων,
3103 671 3459 761 ἐξαποστελῶ
3599 671 3709 765 '52:—

446 765 523 861 ὡς
542 786 561 819 ι
589 767 729 861 Ἤδη
757 765 850 821 τὸν
879 769 982 839 μὲν
1010 768 1259 826 Μεσσίαν
1278 771 1594 841 ἐληλυθέναι
1618 777 1775 845 φατὲ,
1799 777 1892 831 τὸν
1923 778 2023 831 8:—
2128 782 2287 851 γελόν
2319 804 2420 855 μου
2445 788 2555 857 πρὸ
2581 788 2880 858 προσώπου
2914 808 3031 855 σου,
3060 790 3118 853 ὃς
3167 792 3579 846 κατασκευάσει
3610 796 3712 861 τὴν

449 858 643 954 σόίτην
672 860 973 954 μὴμῆκοντα
1004 861 1146 917 κατὰ
1171 863 1269 929 τὰς
1290 866 1401 919 τῶν
1430 868 1732 937 προφητῶν
1762 871 2016 941 ρήσειςς»
2127 874 2245 928 ὀδόν
2278 893 2373 930 σου
2402 877 2715 948 ἔμπροσθέν
2753 897 2870 945 σου,
2922 884 3021 936 καὶ
3064 884 3421 952 ὲπιϐλέψεται
3454 885 3574 938 ὁδον
3604 858 3712 954 πρὸ

544 952 823 1018 Menenio;
851 956 1208 1050 ἀποκριθείς·
1252 976 1271 1010 ι
1308 952 1597 1027 Ἄκουσον,
1723 954 1877 1031 Ξένε,
1928 966 2024 1019 καὶ
2126 968 2430 1050 ⁴προσώπου
2460 989 2558 1028 σου
2580 990 2594 1004 ·
2624 975 2721 1027 καὶ
2750 973 3013 1043 ἐξαίφνης
3046 977 3164 1045 ἣξει
3215 979 3297 1041 είς
3328 978 3424 1029 τὸν
3454 979 3581 1030 ναὸν
3616 952 3708 1030 αὶ-

449 1048 633 1114 σύνες.
664 1050 768 1103 Δύο
796 1050 893 1115 τὰς
922 1051 1015 1103 τοῦ
1048 1048 1290 1123 Χριστοῦ
1320 1053 1635 1124 παρουσίας
1662 1056 1712 1110 οἱ
1740 1061 2021 1128 προφῆται
2125 1048 2221 1115 τοῦ
2264 1064 2488 1129 Κύριος.
2530 1085 2548 1119 t
2602 1066 2825 1121 Πάντων
2854 1069 2962 1140 γὰρ
2996 1069 3334 1136 ἀγνοούντων
3365 1073 3393 1122 ὁ
3437 1076 3710 1141 σωτήρεος

448 1145 810 1233 κηρύττουσι,
864 1144 1075 1216 ταύτην
1102 1163 1162 1199 τε
1197 1147 1298 1217 τὴν
1343 1147 1445 1219 ἤδη
1495 1152 1881 1222 γεγενημένην
1904 1146 2022 1207 ’καὶ
2124 1144 2281 1219 τόκος
2324 1156 2547 1225 ἐγένετο
2572 1173 2585 1187 °
2618 1159 2749 1211 ναὸν
2796 1161 2905 1228 γάρ
2936 1161 3035 1229 τὴν
3067 1160 3421 1232 ἀνθρωπείαν
3450 1162 3706 1230 ὠνόμασε

444 1240 542 1308 τὴν
597 1239 677 1301 είς
713 1238 903 1291 ἔπειτα
940 1242 1007 1309 τῇ
1040 1238 1266 1310 τελευτῇ
1311 1240 1405 1293 τοῦ
1460 1241 1672 1309 κόσμου
1704 1244 2020 1314 φανησομέη
2127 1248 2313 1317 φύσιν,
2348 1253 2414 1320 ἣν
2461 1254 2489 1305 6
2525 1251 2663 1315 Θεὸς
2700 1254 2875 1321 Λόγος
2906 1254 3161 1309 ἀνέλαῆε.
3198 1255 3338 1324 Πρὸς
3370 1255 3428 1307 δὲ
3466 1258 3532 1323 τῇ
3568 1273 3705 1321 προ-

444 1348 567 1403 νην·
601 1333 697 1386 καὶ
724 1332 828 1401 τῆς
862 1332 962 1402 μὲν
996 1333 1149 1402 μιᾶς,
1199 1333 1300 1401 τῆς
1332 1332 1595 1399 δευτέρας
1620 1334 1847 1407 δηλαδὴ,
1878 1338 2016 1407 πρό-

438 1426 642 1495 δρομον
669 1423 890 1478 ἔσεσθαι
917 1423 1009 1477 τὸν
1044 1423 1239 1477 Ἠλίαν
1265 1424 1511 1493 λέγουσι,
1538 1427 1639 1496 τῆς
1666 1425 1721 1480 δὲ
1745 1429 2019 1498 προτέρας

450 1515 707 1586 Ἰωάννης
740 1514 981 1583 ἐγένετο,
1022 1515 1084 1569 δν
1106 1514 1344 1582 ἄγγελον
1375 1515 1474 1584 μὲν
1508 1517 1535 1568 6
1564 1518 1850 1586 προφήτης
1881 1506 2017 1571 ὼνό‹

2123 1432 2345 1506 ἔρχεται
2376 1436 2581 1506 Κύριος
2608 1441 3030 1507 παντοκράτωρ,
3056 1439 3152 1491 καὶ
3171 1441 3253 1501 τίς
3282 1441 3552 1509 ὑπομενεῖ
3571 1440 3705 1505 ἡμὲ-

2126 1542 2227 1597 ραν
2257 1527 2467 1580 είσόδου
2519 1527 2709 1592 αὐτοῦ,
2739 1530 2771 1599 ἢ
2805 1535 2889 1590 τίς
2938 1530 3309 1599 ὑποστήσεται
3347 1533 3406 1582 ἐν
3439 1532 3507 1600 τῇ
3546 1527 3703 1600 174

438 1625 578 1680 μασε
611 1608 923 1679 Μαλαχίας,
966 1610 1027 1662 οὐ
1079 1607 1239 1677 μόνον
1266 1607 1341 1671 ὦς
1389 1610 1489 1679 τὴν
1532 1610 1808 1680 προτέραν
1847 1613 2015 1666 αὑτοῦ
2121 1618 2362 1689 ὀπτασίᾳ
2421 1620 2628 1686 αὐτοῦς
2683 1620 3043 1691 ἀδυσώπητος
3097 1620 3369 1675 καθιεῖται
3423 1630 3619 1691 κριτὴς
3674 1626 3700 1672 ὁ

436 1706 746 1777 παρουσίαν
778 1704 947 1772 ἐγγὺς
973 1699 1140 1755 οὖσαν
1175 1702 1473 1772 μηνύοντα,
1509 1704 1647 1757 ἀλλά
1676 1705 1771 1758 καὶ
1793 1705 1865 1769 ὡς
1900 1705 2015 1776 βίον
2120 1711 2411 1775 ἀποδιδοὺς
2441 1714 2657 1784 ἑκάστῳ
2688 1714 2834 1768 κατὰ
2878 1715 2949 1768 τὰ
2998 1716 3139 1786 ἔργα
3170 1716 3362 1768 αὐτοῦ.
3411 1739 3428 1761 ι
3463 1697 3594 1766 Εἷτι
3629 1714 3703 1765 δι-

434 1798 836 1866 ἀσπασάμενον
891 1794 1091 1902 μικροῦ
1124 1795 1217 1902 τοῦ
1258 1797 1367 1849 τῶν
1392 1796 1643 1865 ἀγγέλων
1682 1798 1741 1864 ἐξ
1782 1799 2014 1869 ὲφαμίλ-
2049 1842 2091 1902 Β
2122 1803 2315 1860 δάσκει
2346 1805 2415 1859 τὰ
2442 1808 2585 1860 κατὰ
2621 1808 2720 1879 τὴν
2751 1807 3030 1879 προτέραν
3072 1806 3229 1870 αὖθις
3269 1808 3587 1879 παρουσίαν
3613 1808 3700 1859 ὑπ.

432 1892 525 1944 λου
554 1890 860 1960 χωροῦντα.
909 1888 1099 1941 Ἠλίαν
1132 1887 1188 1941 δὲ
1216 1889 1311 1942 καὶ
1343 1889 1535 1941 τοῦτον
1566 1892 1593 1942 6
1622 1891 1859 1959 Χριστὸς
1888 1892 2013 1946 ἑκά·
2049 1887 2091 1902 ’³
2120 1896 2289 1951 αὐτοῦ
2332 1896 2586 1966 δρώμενα
2612 1912 2626 1929 °
2658 1916 2678 1950 ι
2730 1898 2877 1952 Διότι
2923 1898 3087 1961 αὐτὸς
3142 1901 3437 1969 πορεύεται
3480 1898 3558 1960 ὡς
3592 1897 3699 1967 πῦρ

432 1987 537 2049 λει,
571 1984 672 2039 οὐκ
699 1980 891 2053 ἐπειδὴ
932 1980 1120 2043 Ἥλίας
1152 1976 1240 2053 ἦν,
1274 1981 1389 2035 ἀλλ’
1412 1982 1568 2053 173
1603 1983 1685 2036 δτι
1712 1983 1814 2055 τὴν
1842 1985 2012 2056 αὐτὴν
2117 1992 2485 2062 χωνευτηρίου
2518 1992 2613 2046 καὶ
2655 1991 2730 2053 ὡς
2773 1993 2882 2045 πόα
2913 1991 3245 2057 πλυνόντων,
3280 1994 3374 2045 καὶ
3422 1991 3700 2044 καθιεῖται

431 2078 625 2147 ἐκείνῳ
695 2075 926 2146 πληρῶν
962 2074 1232 2144 ἐτύγχανε
1285 2074 1602 2130 διακονίανο
1656 2075 1847 2144 ὥσπερ
1904 2079 2009 2147 γὰρ
2115 2084 2371 2156 χωνεύων
2419 2086 2516 2138 καὶ
2568 2084 2884 2154 καθαρίζων
2917 2084 2978 2138 τὸ
3025 2085 3292 2155 ἀργύριον
3340 2085 3438 2138 καὶ
3476 2086 3540 2137 τὸ
3567 2104 3699 2155 χρυ-

430 2176 637 2235 ἐκεῖνος
688 2169 1000 2240 πρόδρομος
1035 2167 1191 2220 ἔσται
1233 2167 1333 2237 τῆς
1365 2167 1629 2239 δευτέρας
1674 2168 2008 2238 παρουσίας,
2117 2179 2253 2231 σίον.
2289 2194 2308 2228 ›
2344 2177 2610 2247 Σημαίνει
2639 2176 2697 2230 δὲ
2728 2175 2817 2229 διὰ
2845 2176 3054 2230 τούτων
3079 2179 3107 2230 6
3156 2178 3447 2249 προφήτης
3478 2178 3583 2247 τὴν
3611 2178 3696 2230 διὰ

429 2267 573 2320 οὕτω
622 2268 719 2318 καὶ
771 2255 926 2319 οὗτος
976 2262 1077 2329 τῆς
1132 2260 1409 2331 προτέρας
1444 2261 1686 2330 ἐγένετο.
1745 2262 1821 2316 Οὖ
1856 2261 2008 2332 παρὰ
2113 2268 2207 2322 τοῦ
2238 2270 2397 2337 ἁγίου
2421 2267 2742 2338 Πνεὺματος
2769 2268 3060 2337 κάθαρσιν,
3090 2260 3158 2339 ἢν
3178 2268 3520 2338 θεανδρικῶς
3546 2272 3574 2321 6
3599 2270 3697 2322 Λί-

430 2350 673 2413 τοῦτοδὲ
719 2357 903 2426 μόνον.
938 2353 1053 2409 ἀλλ’
1087 2353 1168 2406 ὃτι
1204 2353 1301 2407 καὶ
1334 2347 1451 2422 βίον
1488 2352 1680 2424 μετῄει
1722 2355 2007 2425 κατάκρας
2114 2373 2210 2426 γος
2265 2359 2733 2428 πολιτευσάμενος
2794 2360 2929 2428 ἡμῖν
2956 2358 3254 2429 ἐχαρίσατο
3278 2375 3292 2390 ο
3351 2362 3448 2411 καὶ
3483 2363 3599 2429 γὰρ
3643 2362 3698 2412 ἐν

427 2453 504 2524 τῷ
536 2453 746 2507 ἐκείνου
777 2449 1168 2522 συμϐαίνοντα.
1207 2446 1349 2501 Ἀλλ’
1381 2448 1433 2500 οἱ
1469 2445 1569 2517 μὲν
1594 2446 1875 2519 προφῆται
1910 2446 2009 2501 καὶ
2109 2452 2287 2523 τούτῳ
2341 2452 2625 2520 μυστικῶς
2674 2452 2803 2516 τοὺς
2834 2452 3163 2522 προσιόντας
3211 2452 3553 2522 ἀναχωνεύει
3607 2453 3699 2505 κ.ῐ

424 2548 755 2618 ἀμφοτέρων
787 2545 1100 2614 μέμνηνται
1133 2540 1341 2595 τούτων
1376 2541 1471 2594 καὶ
1502 2542 1631 2606 τοὺς
1662 2539 2005 2611 προωδευκό·
2109 2545 2380 2613 νεουργεί,
2409 2543 2484 2612 τῷ
2517 2545 2652 2615 πυρὶ
2679 2543 2776 2598 τοῦ
2806 2544 3128 2613 Πνεύματος
3149 2543 3459 2613 χρώμενοςς
3484 2540 3579 2599 οἷα
3601 2544 3696 2616 δη-

422 2658 521 2704 τας
565 2637 838 2710 ἑκατέρας
870 2635 1242 2707 κηρύττουσιν
1266 2650 1278 2664 ⁸
1314 2633 1472 2705 ὑμεῖς
1505 2632 1563 2687 δὲ
1601 2632 1700 2704 τὴν
1732 2632 1832 2704 μὲν
1864 2648 2004 2703 προ·
2111 2636 2399 2707 μιουργὸς,
2422 2638 2450 2690 6
2480 2636 2760 2706 Δεσπότης
2787 2652 2801 2669 ’
2831 2637 3087 2707 καθάπερ
3119 2639 3227 2692 τινὶ
3274 2639 3384 2709 πόᾳ
3423 2638 3502 2709 τῷ
3540 2637 3693 2694 ὕδατι

421 2735 586 2807 τέραν
612 2734 740 2804 σιγῇ
777 2729 1106 2798 κακούργως
1142 2726 1515 2800 παρέρχεσθε,
1555 2725 1673 2795 εἴγε
1699 2726 1795 2781 καὶ
1828 2725 1905 2798 τῷ
1928 2725 2005 2799 νῷ
2106 2730 2201 2784 τοῦ
2232 2730 2614 2802 βαπτίσματος
2644 2730 2737 2806 sev
2767 2730 2869 2801 τῆς
2901 2730 3178 2801 ἁμαρτίας
3224 2732 3397 2802 ῥύπον
3438 2735 3691 2804 ἀποσμή-

423 2829 527 2899 τῆς
572 2824 803 2896 Γραφῖπ
833 2820 1080 2891 ἀτεχνῶς
1110 2819 1459 2885 ὲπιϐάλλετε,
1504 2818 1604 2891 τῆς
1639 2818 1697 2872 δὲ
1741 2818 2004 2887 δευτέρας
2105 2842 2211 2895 χει,
2237 2824 2335 2878 καὶ
2359 2822 2436 2893 τῷ
2472 2824 2608 2895 πυρὶ
2638 2823 2732 2878 τοῦ
2757 2823 3075 2893 Πνεῦματσς
3101 2823 3195 2877 τοῦ
3223 2825 3430 2891 ταύτης
3475 2825 3558 2880 ἰοῦ
3592 2828 3686 2888 τὰς

427 2917 710 2991 μόμνησθε
743 2916 937 2986 μόνης.
966 2907 1035 2985 ἦς
1061 2914 1090 2966 6
1124 2910 1397 2983 Θεσῦίτης
1427 2909 1836 2981 προδραμεῐται
1867 2910 2003 2965 πάν⁸
2107 2913 2383 2983 ἡμετέρας
2434 2912 2713 2982 ἐλευθεροῖ
2741 2912 2941 2983 ψυχάς.
2978 2913 3116 2968 Μεθ’
3146 2917 3213 2983 ἣν
3246 2917 3360 2980 τοῖς
3404 2917 3484 2987 μὴ
3514 2916 3682 2986 φυλά-

422 3029 529 3074 rei;
575 3009 787 3074 Ἠλίας.
835 3007 1005 3063 Ἀλλά
1055 3006 1161 3076 γὰρ
1207 3003 1306 3060 καὶ
1359 3003 1468 3057 τῶν
1501 3004 1769 3078 χρησμῶν
1817 3004 2002 3059 αὐτῶν
2107 3005 2229 3070 ξασι
2297 3006 2380 3067 είς
2435 3003 2588 3069 τέλος
2647 3007 2746 3077 τὴν
2801 3005 2983 3078 ψυχὴν
3042 3007 3383 3077 ἀκηλίδωτον
3453 3010 3681 3079 φοϐερὸς

421 3100 813 3169 ἀκουσώμεθα.
855 3096 918 3151 'O
966 3097 1257 3159 θεσπέσιος
1298 3093 1592 3165 Μαλαχίας
1633 3094 1733 3167 τὴν
1761 3094 1856 3147 τοῦ
1887 3094 2003 3149 Σω-
2105 3096 2403 3167 όφθήσεται
2439 3097 2535 3153 καὶ
2578 3098 2956 3168 ἀπαραίτητος
2986 3099 3282 3170 κολαστὴς,
3316 3102 3378 3154 τὸ
3424 3102 3681 3171 δεύτερον

422 3200 487 3264 τῆ
499 3210 590 3265 ρος
617 3189 906 3265 βουληθεὶς
932 3186 1241 3257 παρουσίαν
1263 3184 1496 3250 διδάξαι,
1523 3185 1616 3239 καὶ
1642 3181 1719 3249 ὥς
1744 3185 1865 3256 ἥξει
1896 3185 1999 3257 τῆς
2027 3202 2071 3263 ο
2104 3187 2261 3252 αὖθις
2290 3186 2553 3244 ἐπανιών.
2578 3189 2704 3251 Καὶ
2750 3190 2891 3259 μετά
2920 3206 3046 3244 τινα
3090 3190 3189 3260 τῆς
3222 3190 3493 3261 δευτέρας-
3521 3194 3680 3247 πάλιν

419 3290 637 3351 δικαίας
694 3282 1115 3345 ἀνταποδόσεως
1158 3283 1187 3335 6
1233 3280 1448 3351 καιρὸς,
1476 3277 1697 3349 πρῶτος
1745 3278 1846 3349 μὲν
1898 3276 1999 3350 τὴν
2103 3273 2406 3345 ἐπιδημίας
2462 3275 2919 3348 ὑπομιμνήσκει,
2972 3297 2990 3331 ⁸
3043 3278 3178 3332 Ἰδοὺ
3226 3270 3337 3348 ἐγὼ
3388 3282 3677 3335 ἀποπελῶ

418 3402 921 3474 spectantibusqtte,
946 3398 999 3453 in
1022 3395 1195 3453 calos
1211 3404 1503 3466 susceptus
1523 3401 1629 3461 est,
1647 3392 1832 3465 ibique
1851 3407 2001 3451 nunc
2103 3391 2463 3461 posteriorem
2489 3394 2954 3457 commemoratis,
2987 3396 3073 3449 cui
3104 3396 3331 3450 omnino
3363 3412 3674 3467 praeut-su-

419 3495 636 3553 assidet
665 3493 780 3549 Deo
812 3491 982 3553 Patri,
1016 3504 1144 3545 cum
1163 3488 1355 3544 eodem
1400 3487 1471 3543 ab
1514 3487 1776 3543 universo
1804 3494 1998 3543 sancto
2101 3499 2196 3540 rus
2226 3495 2311 3543 est
2333 3485 2621 3543 Thesbites
2660 3486 2821 3542 Elias.
2846 3488 3064 3543 Ateuim
3108 3492 3531 3562 audintnusipsa
3554 3510 3681 3549 ora-

418 3589 724 3646 emlestium
766 3586 939 3641 choro
976 3572 1263 3638 adoratus.
1292 3598 1314 3634 ι
1368 3622 1371 3631 .
2099 3579 2243 3634 cula.
2278 3578 2509 3636 Divinus
2555 3580 2853 3637 Malachias
2888 3582 2957 3637 de
2986 3584 3270 3638 Salvatore
3314 3584 3679 3659 aﬂnturonos

486 3679 589 3746 Qui
618 3678 746 3733 uuic
765 3672 1126 3745 disputationi
1156 3672 1423 3749 intererat
1470 3670 1763 3727 Mattbatus
1807 3671 1995 3727 hiero-
2096 3672 2299 3729 docere
2324 3674 2535 3738 volens,
2560 3683 2615 3729 et
2642 3674 2805 3743 quale
2835 3674 3080 3729 futurum
3114 3677 3186 3732 sit
3247 3686 3467 3746 tempus
3509 3681 3668 3749 jnsraa

415 3771 721 3828 monachus
750 3777 805 3823 et
828 3781 1059 3837 magnus
1093 3762 1554 3835 protosyncellus,
1602 3764 1760 3835 jussu
1820 3764 1994 3831 impe-
2095 3765 2595 3834 compensationis,
2632 3764 2872 3835 primum
2898 3766 3118 3835 quidem
3151 3768 3390 3837 priorem
3437 3773 3671 3842 alicujus

2122 1341 2262 1413 τέρᾳ
2294 1344 2389 1395 καὶ
2430 1344 2529 1412 τὴν
2556 1345 2814 1414 δευτέραν
2859 1346 3071 1399 ἔλευσιν
3122 1347 3431 1417 ὑπογράφει
3456 1361 3470 1375 ·
3521 1367 3539 1398 ι
3573 1349 3704 1398 Ὶῗοῦ
3726 1424 3738 1434 .

416 3867 621 3935 ratoris
638 3869 752 3922 haec
782 3865 918 3919 dixit
946 3862 1359 3933 responditque.
1378 3859 1730 3930 Interrogans
1760 3858 1950 3914 Xenus
1974 3874 1988 3913 :

420 3985 437 4016 ι
480 3963 609 4025 Vos,
646 3960 844 4031 inquit,
865 3957 1121 4012 Messium
1134 3956 1247 4026 jam
1269 3955 1480 4010 venisse
1500 3953 1788 4019 dictitatis,
1815 3950 1990 4006 These

414 4057 561 4112 biten
586 4070 691 4109 non
736 4052 952 4107 venisse
972 4049 1272 4105 secundum
1304 4062 1471 4102 voces
1494 4046 1885 4117 prophetarum
1909 4045 1935 4099 2
1962 4060 1981 4098 ›

415 4146 718 4216 Respondit
744 4142 1066 4197 Mattheus:
1097 4156 1116 4191 ι
1145 4138 1308 4203 Audi,
1336 4138 1510 4201 Xene,
1530 4146 1586 4193 et
1612 4137 1853 4192 adverte.
1880 4136 1987 4190 Du-

413 4243 605 4311 pliccm
636 4240 927 4293 adventum
986 4232 1193 4287 Christi
1253 4234 1535 4302 propheta
1586 4231 1982 4300 praenuntiant,

2100 3857 2395 3912 adventum
2430 3857 2763 3913 vaticinatur
2788 3857 3192 3928 significatque,
3228 3860 3320 3930 qui
3346 3867 3669 3930 praeeursori

2090 3949 2286 4006 Joatmi
2324 3950 2575 4020 baptista:
2602 3965 2963 4007 sucCessurus
2988 3953 3062 4006 sit
3093 3970 3108 4007 :
3144 3971 3164 4004 ι
3199 3956 3336 4009 Ecce
3383 3958 3555 4021 enim,
3589 3959 3667 4012 in—

2076 4042 2230 4112 -quit,
2260 4042 2512 4111 angelum
2533 4057 2713 4097 meum
2741 4053 2869 4097 ante
2901 4042 3097 4098 faciem
3128 4058 3278 4099 tuam
3314 4048 3551 4112 mittam,
3574 4052 3667 4120 qui

2090 4138 2234 4189 viatn
2271 4135 2368 4189 tibi
2400 4146 2610 4191 sternet
2666 4138 3046 4206 spectabitque
3106 4152 3223 4191 eam
3285 4153 3411 4193 ante
3472 4141 3659 4195 facient
3740 4200 3749 4206 ,

2088 4236 2237 4282 tuam
2264 4245 2279 4294 ;
2300 4238 2352 4283 et
2368 4228 2556 4283 statim
2579 4229 2757 4283 veniet
2780 4228 2846 4282 ad
2867 4230 3129 4299 templum
3143 4246 3299 4285 suum
3324 4231 3610 4287 Dominus.
3637 4252 3653 4283 ι

408 4349 557 4395 cum,
582 4334 673 4401 qui
698 4332 808 4399 jam
843 4326 1124 4396 praeteriit,
1151 4336 1204 4379 et
1235 4325 1415 4393 qui‘in
1442 4324 1550 4378 fine
1579 4338 1764 4378 rerum
1827 4322 1981 4376 futu-
2086 4321 2351 4376 Omnibus
2374 4321 2520 4375 enim
2554 4320 2753 4376 nesciis
2785 4328 2976 4390 partus
3011 4322 3271 4377 salutaris
3325 4323 3507 4382 factus
3557 4338 3655 4381 est.

414 4442 507 4482 rus
537 4434 621 4479 est
649 4430 742 4482 ;et
774 4419 940 4475 unius
967 4417 1211 4488 quidem,
1243 4416 1470 4470 secundi
1504 4428 1717 4483 nempe,
1747 4428 1984 4483 prmcur-
2085 4415 2355 4470 Nimirum
2394 4414 2655 4482 templum
2684 4423 2939 4467 naturam
2996 4413 3292 4469 humanam
3348 4420 3657 4487 appellavit.

412 4531 595 4575 sorem
628 4512 799 4567 liliam
836 4509 953 4564 fore
973 4516 1201 4571 canunt,
1244 4507 1389 4561 sicut
1418 4505 1643 4559 alterius
1674 4518 1980 4572 pra-cursor
2012 4551 2061 4577 η
2086 4523 2248 4577 quam
2279 4507 2420 4561 Deus
2441 4502 2681 4559 Verbum
2700 4508 2958 4574 suscepit.
2986 4506 3121 4559 Cum
3157 4509 3338 4575 priore
3362 4516 3659 4569 autemad~

410 4614 650 4668 Joannes
686 4606 809 4671 fuit,
829 4618 989 4673 quem
1010 4599 1309 4655 Malachias
1328 4602 1587 4669 preplteta
1611 4596 1861 4667 angelum
1883 4612 1979 4648 uo-
2009 4595 2056 4611 ⁵⁷
2090 4607 2253 4651 ventu
2284 4597 2448 4650 etiam
2480 4595 2780 4649 secundum
2801 4596 3083 4651 describit.
3118 4617 3138 4649 ι
3166 4598 3305 4654 Ecce
3322 4604 3662 4658 venitDomi-

410 4702 635 4761 tuitiavit
670 4712 818 4767 ;uon
850 4695 1052 4757 solum,
1088 4694 1215 4763 quia
1248 4692 1485 4761 priorem
1520 4688 1733 4743 Domini
1774 4687 1980 4741 adveu-
2086 4704 2192 4743 nus
2244 4690 2595 4757 oumipotens
2652 4704 2666 4740 :
2701 4689 2827 4756 quis
2871 4689 3166 4744 sustinebit
3205 4691 3348 4746 diem
3378 4694 3659 4761 ingressus

2079 4781 2220 4851 ejus,
2253 4793 2347 4835 aut
2380 4780 2505 4849 quis
2534 4778 2771 4847 prodibit
2802 4779 2856 4832 in
2890 4779 3012 4848 ejus
3051 4793 3407 4849 conspectum
3436 4785 3459 4838 2
3501 4787 3658 4841 luca-

2078 4871 2308 4925 orabilis
2329 4870 2499 4939 judex
2528 4869 2740 4923 sedebit
2767 4868 3077 4939 referetque
3106 4874 3307 4941 cuique
3352 4878 3654 4930 secundum

2076 4962 2197 5030 ejus
2228 4976 2415 5031 opera.
2457 4976 2476 5011 ι
2509 4958 2718 5015 Deinde
2749 4957 2806 5013 iu
2839 4959 3007 5029 priori
3042 4977 3237 5017 rursus
3253 4965 3488 5019 adventu
3510 4970 3658 5023 abeo

2076 5055 2218 5109 facta
2250 5054 2409 5108 docet
2438 5070 2453 5106 :
2492 5070 2510 5103 t
2544 5051 2729 5117 Quare
2761 5053 2879 5123 ipse
2910 5051 3091 5108 veniet
3124 5064 3190 5108 'ut
3218 5055 3361 5125 ignis
3414 5056 3654 5114 fornacis

2073 5158 2128 5202 et
2171 5147 2321 5200 sicut
2363 5144 2530 5200 herba
2579 5144 2870 5208 fullonum,
2923 5160 2987 5198 ac
3038 5136 3253 5200 sedi-bit
3299 5146 3549 5204 conlisus
3602 5162 3653 5205 et

2075 5254 2317 5310 purgans
2352 5248 2640 5310 argentum
2673 5246 2728 5293 et
2757 5252 2975 5291 aurum.
3016 5254 3035 5287 ι
3076 5239 3285 5303 Quibus
3321 5241 3503 5296 verbis
3529 5256 3649 5309 pro-

2071 5336 2233 5402 pheta
2264 5332 2641 5403 purgationem
2679 5344 2773 5399 per
2804 5327 3070 5397 Spiritum
3114 5342 3365 5385 sanetum
3414 5331 3645 5387 inturam

2068 5423 2363 5493 significat,
2397 5438 2561 5493 quam
2593 5421 2828 5478 Verbum
2859 5432 3091 5492 utraque
3122 5433 3313 5477 natura
3365 5424 3643 5481 nobiscum

2070 5526 2343 5571 versatum
2368 5517 2532 5569 nobis
2557 5512 2881 5583 impertivit.
2930 5511 3107 5583 Hujus
3127 5514 3272 5568 enim
3303 5530 3468 5585 opera
3492 5531 3644 5571 acce-

2067 5615 2261 5671 dentes
2299 5615 2366 5670 ad
2409 5628 2469 5669 se
2510 5614 2737 5686 mystice
2765 5612 2970 5670 confiat
3003 5629 3066 5669 ac
3097 5625 3324 5670 renovat
3355 5614 3637 5676 Dominus,

2068 5706 2192 5777 igne
2213 5703 2469 5774 Spiritus,
2502 5716 2756 5776 tanquam
2774 5705 2969 5761 artifex
2992 5705 3287 5776 quispiam,
3313 5721 3477 5771 usus;
3500 5720 3635 5775 aqua

2066 5798 2417 5868 baptismatis
2457 5808 2715 5870 tanquam
2758 5800 2928 5855 herba
2954 5802 3191 5870 quadam
3235 5800 3424 5855 sordes
3450 5812 3637 5868 pecca-

2067 5899 2244 5947 torum
2276 5890 2803 5971 abstergcns,atque
2834 5891 2957 5964 igne
2984 5891 3225 5966 Spiritus
3259 5907 3450 5950 eorum
3481 5890 3631 5962 quasi

406 4810 522 4854 tum
562 4796 671 4866 iam
699 4791 942 4847 vicinum
986 4785 1274 4850 indicavit,
1300 4784 1392 4838 sed
1426 4785 1613 4849 etiam,
1660 4782 1791 4852 quia
1855 4780 1975 4833 vita:

404 4891 714 4946 institutum
749 4890 995 4939 sectatus
1022 4888 1130 4943 est,
1175 4876 1323 4948 quod
1368 4890 1493 4931 cum
1555 4873 1803 4944 angelica
1866 4872 1975 4925 vita

404 4980 796 5055 prepemodum
825 4983 1081 5033 certaret.
1110 4972 1289 5041 Atque
1312 4969 1459 5023 hunc
1481 4982 1703 5037 quoque
1721 4964 1981 5019 Christus

404 5077 579 5131 Etiam
611 5067 923 5142 appellavit,
955 5080 1067 5119 non
1098 5063 1244 5131 quod
1271 5059 1418 5116 Elius
1450 5066 1619 5123 esset,
1674 5058 1767 5113 sed
1824 5056 1974 5126 quod

399 5167 594 5224 eodem
630 5160 945 5218 ministerio
1004 5154 1357 5227 fungebatur,
1420 5165 1534 5221 quo
1588 5149 1968 5219 illcfuugetur.

399 5262 557 5315 Sicut
589 5254 735 5309 enim
765 5250 906 5305 alter
948 5248 1244 5303 adventum
1304 5242 1610 5299 secundum
1661 5243 1968 5305 antecedet,

399 5351 483 5407 sic
518 5346 656 5401 alter
684 5341 926 5410 priorem
956 5336 1275 5392 antecessit.
1306 5333 1418 5388 Nec
1450 5333 1523 5387 ob
1574 5348 1737 5385 unam
1805 5332 1967 5384 istam

397 5450 622 5499 causam
648 5433 725 5488 ita
751 5445 877 5486 eum
912 5427 1222 5498 appellavit,
1250 5426 1343 5481 sed
1380 5426 1570 5490 etiam,
1618 5427 1747 5495 quia
1802 5425 1966 5478 vitam

395 5533 611 5592 colebat
635 5529 782 5585 illius
802 5525 925 5579 vita
954 5533 1182 5592 prorsus
1200 5520 1460 5574 similem.
1483 5520 1772 5589 Prophetas
1801 5519 1966 5590 igitur

397 5637 697 5695 utrumque
728 5619 1026 5674 adventum
1061 5621 1370 5667 memorant
1391 5623 1447 5667 et
1487 5612 1776 5682 utriusque
1825 5629 1966 5683 prac-

396 5720 577 5775 dicam
611 5714 1058 5785 praecursorem;
1094 5712 1149 5757 at
1174 5717 1269 5758 vos
1305 5704 1543 5772 priorem
1593 5707 1816 5774 quidem
1864 5707 1962 5760 ad-

395 5824 618 5867 ventum
654 5801 907 5874 nequiter
933 5799 1155 5853 silentio
1188 5796 1500 5864 jirmteritis,
1534 5797 1806 5865 siquidem
1834 5811 1961 5852 sen-

395 5920 516 5958 sum
547 5900 849 5956 Scriptum
876 5892 1018 5949 haud
1046 5889 1213 5945 dubie
1242 5878 1602 5961 assequintini
1630 5907 1644 5958 ;
1675 5906 1737 5945 ac
1781 5889 1956 5946 solum

3904 266 3909 389 l
