3976 6552
285 427 400 495 ’185

1339 429 1780 494 CHRONICON
1814 430 2179 494 MAJUS.—
2220 433 2376 494 LIB.
2418 432 2500 493 II.

3397 424 3539 488 ‘786'

267 540 332 594 δὲ
365 536 649 607 βασιλέως,
673 537 841 604 εδοξε,
869 539 944 610 μὴ
974 538 1276 610 δεξαμένου
1306 542 1398 596 τὸν
1420 541 1579 612 λόγον
1607 543 1702 596 τοῦ
1736 561 1845 598 πα·
1871 543 1921 604 Δ
1947 544 2041 598 τοῦ
2097 546 2368 616 βασιλὲως
2424 545 2535 600 άπὸ
2580 546 2678 616 τῆς
2710 544 2918 606 πόλεως
2971 544 3067 598 καὶ
3112 543 3516 612 ἀπερχομένου,

268 633 406 705 τρδς
438 630 628 698 αὑτοῦ,
669 631 833 703 μηδὲν
873 631 1045 688 είπὼν
1077 634 1316 697 ἀναστὰς
1344 635 1580 704 ἀπῆλθε.
1617 637 1726 690 Kal
1761 655 1845 706 μι-

267 723 409 794 κρὸν
470 723 693 786 σύννους
746 724 983 792 γεγονὼς
1026 727 1054 780 6
1091 728 1406 797 μακαρίτης
1456 729 1550 782 καὶ
1603 730 1847 798 ἀοίδιμος

268 818 462 888 πατὴρ
486 816 675 881 αὑτοῦ,
729 818 1008 888 ἐμϐλέψας
1059 819 1196 890 πρὸς
1229 820 1298 889 μὲ
1343 815 1497 873 εἶπε·
1528 840 1546 874 ε
1584 822 1846 892 Δοκείτῷ

273 909 492 978 βασιλεῖ
519 909 595 978 τῷ
629 909 728 978 υίῷ
765 926 870 980 μου
903 907 1042 963 εἶναι
1085 911 1250 965 αὐτὸν
1280 913 1546 983 ἁρμόδιον
1594 915 1842 984 βασιλέα,

271 1003 420 1072 πλὴν
449 1001 509 1056 ού
536 1002 630 1056 τοῦ
659 1003 929 1073 παρόντος
959 1005 1189 1076 καιροῦο
1221 1005 1409 1076 βλέπει
1440 1010 1549 1077 γὰρ
1575 1011 1672 1062 καὶ
1708 1026 1843 1080 φρο-

269 1095 361 1144 νεῖ
391 1092 626 1161 μεγάλα,
668 1095 762 1147 καὶ
785 1096 1010 1148 τοιαῦτα
1039 1091 1127 1148 οἷα
1176 1099 1226 1149 oi
1257 1099 1442 1168 καιροὶ
1489 1099 1720 1169 ἔχρῃζον
1753 1100 1847 1154 ἐπὶ

274 1184 380 1248 τῆς
409 1183 712 1263 εὐημερίας
745 1185 854 1238 τῶν
887 1187 1170 1256 προγόνων
1194 1189 1374 1257 ἡμῶν.
1411 1189 1556 1260 Πλὴν
1577 1194 1641 1260 τῇ
1674 1191 1845 1263 σήμε-

276 1288 375 1337 ρον
393 1261 468 1337 di;
495 1276 1000 1346 παρακολουθοῦσιν
1030 1280 1178 1348 ἡμᾶς
1209 1280 1277 1333 τὰ
1302 1280 1621 1353 πράγματα,
1649 1284 1711 1336 ού
1730 1261 1846 1352 ἠβα-

271 1363 434 1418 σιλεα
464 1365 606 1419 θέλει
630 1366 786 1436 ἡμῶν
807 1370 839 1439 ἡ
863 1369 1030 1441 ἀρχὴ,
1063 1370 1179 1424 ἀλλ’
1216 1372 1502 1440 οίκονόμον
1523 1391 1537 1406 ο
1570 1374 1846 1443 φοϐοῦμαι

272 1454 386 1524 γὰρ
418 1456 491 1524 μή
521 1473 652 1510 ποτε
681 1459 745 1511 ὲκ
771 1457 880 1511 τῶν
911 1463 1234 1532 ποιημάτων
1265 1464 1363 1517 καὶ
1396 1461 1846 1536 ἐπιχειρημάτων

271 1547 444 1601 αὑτοῦ
480 1550 703 1619 γένηται
731 1552 1013 1624 χαλασμδς
1044 1554 1139 1608 τοῦ
1169 1555 1320 1610 οίκου
1347 1556 1537 1610 τούτου
1556 1574 1569 1587 ο
1598 1559 1846 1627 προεῐδον

270 1641 389 1708 γάρ
439 1642 534 1695 καὶ
583 1643 680 1706 τὰς
723 1643 1052 1714 ἐνθυμήσεις
1102 1648 1294 1711 αὐτοῦ,
1337 1649 1432 1702 καὶ
1467 1651 1569 1703 ὅσα
1623 1651 1844 1716 ἑδόξασε

271 1731 626 1815 κατορθῶσαι
672 1738 809 1803 μετὰ
839 1737 934 1790 τοῦ
977 1739 1304 1808 Μουσταφᾶ,
1335 1740 1427 1794 καὶ
1470 1737 1610 1794 εἶδον
1656 1743 1752 1796 καὶ
1777 1745 1848 1798 τὰ

269 1818 406 1889 τέλη
459 1819 569 1875 τῶν
617 1823 930 1894 δογμάτων,
980 1827 1040 1880 ιν
1085 1827 1192 1882 τίνι
1247 1831 1482 1902 κινδύνῳ
1518 1833 1664 1902 ἡμᾶς
1708 1835 1846 1905 ἢγα-

269 1925 298 1977 γ
312 1926 392 1964 ον.
421 1930 440 1964 ι

346 2002 575 2075 Ἕτερον
605 2006 860 2075 βεϐαιοῦν
905 2011 1006 2082 τήν
1047 2029 1177 2067 ποτε
1214 2013 1414 2086 βουλὴν
1454 2015 1551 2071 τοῦ
1595 2018 1847 2088 ἀοιδίμου

267 2097 483 2184 πατρὸς
542 2097 730 2152 αὐτοῦ.
798 2100 888 2168 Ὠς
940 2104 1162 2175 ἔκρινεν
1209 2107 1298 2161 ίνα
1357 2110 1569 2182 ἀπέλθῃ
1621 2113 1702 2174 είς
1745 2113 1849 2184 τὴν

264 2183 516 2251 σύνοδον,
548 2190 753 2261 ἐστάλη
787 2195 927 2265 πρὸς
951 2198 1044 2252 τὸν
1079 2199 1307 2270 άμηρᾶν
1353 2203 1599 2272 πρέσϐυς
1630 2183 1848 2277 Ἀνδροσ-

267 2293 424 2342 νικος
467 2283 503 2343 6,
543 2283 766 2354 Ἵαγρος
818 2287 1064 2356 δηλῶσαι
1115 2292 1278 2348 τοῦτο
1330 2295 1468 2363 πρὸς
1517 2299 1724 2350 ἐκεῖνον
1773 2299 1849 2362 ὡς

264 2369 415 2438 τάχα
444 2372 598 2440 φίλον
629 2380 723 2431 καὶ
747 2379 981 2450 ἀδελφόν
999 2395 1014 2412 ⁸
1043 2384 1296 2450 κάκεῖνος
1325 2386 1668 2455 ἁπεκρίνατο
1687 2390 1849 2461 180

263 2463 356 2516 δτι
384 2483 402 2514 ι
436 2466 510 2520 Οὐ
540 2469 796 2536 φαίνεταί
828 2490 922 2544 μοι
946 2476 1114 2530 καλὸν
1141 2472 1284 2532 εῖναι
1316 2479 1404 2533 ἶνα
1428 2479 1618 2554 ὑπάγῃ
1644 2483 1737 2536 καὶ
1755 2499 1846 2536 το-

265 2555 464 2610 σοῦτον
511 2561 768 2635 μοχθήσῃ
814 2567 909 2620 καὶ
957 2570 1326 2644 καταναλώσῃ
1367 2572 1460 2626 τὸν
1493 2574 1609 2644 βίον
1651 2574 1844 2642 αὑτοῦ,

265 2649 368 2701 καὶ
400 2652 698 2720 μετέπειτα
725 2659 778 2711 τί
812 2659 873 2712 τὸ
903 2661 1132 2731 κέρδος;
1171 2664 1304 2718 Ἰδοὺ
1338 2666 1452 2734 ἐγὼ
1478 2667 1620 2737 ὑπὲρ
1651 2667 1843 2734 αὑτοῦ,

264 2742 320 2795 εί
349 2746 542 2813 χρείαν
577 2747 688 2817 ἔχει
717 2754 1020 2820 χρημάτων
1048 2753 1116 2806 δι’
1153 2754 1332 2820 ἔξοδον
1365 2759 1460 2811 καὶ
1487 2757 1698 2814 εῐσοδον
1747 2762 1846 2816 καὶ

263 2833 401 2890 ἄλλο
424 2855 474 2890 τι
511 2840 648 2908 πρὸς
695 2841 1002 2914 θεραπείαν
1031 2847 1222 2910 αὑτοῦ,
1260 2850 1486 2919 ἕτοιμός
1528 2852 1648 2923 είμι
1684 2852 1846 2922 θερα-

269 2925 474 2983 πεῦσαι
509 2933 723 2988 αὐτόν.»
758 2937 868 2990 Kal
895 2939 1116 3006 ἐγένετο
1141 2941 1311 3006 πολὺς
1335 2943 1496 3010 λόγος
1529 2946 1624 2998 καὶ
1653 2945 1841 3018 βουλὴ⁹

264 3021 503 3092 πότερον
533 3025 760 3097 γένηται
787 3029 849 3082 τὸ
878 3032 972 3085 τοῦ
1004 3034 1202 3103 άμηρᾶ
1229 3035 1468 3105 θέλημα,
1507 3037 1541 3108 ἢ
1579 3041 1844 3096 ἀπελθεῖν

263 3111 470 3177 αὐτοὺς
499 3117 579 3180 εις
604 3119 704 3188 τὴν
737 3120 976 3178 σύνοδον.
1005 3125 1195 3193 Ὅμως
1227 3127 1450 3192 ἐγένετο
1474 3128 1613 3200 ὅπερ
1643 3130 1842 3202 ἠθελεν

1950 637 2309 692 ἐϐουλεύσατο
2365 640 2394 693 6
2435 639 2664 709 άμηρᾶς
2710 637 2936 707 ποιῆσαι
2994 635 3176 706 μάχην
3229 637 3372 691 κατὰ
3423 639 3523 705 τῆς

1949 731 2159 793 πόλεως
2207 730 2300 784 καὶ
2349 728 2693 800 στρατόπεδα
2745 727 2962 798 πέμψαι
3016 727 3138 782 κατ’
3182 728 3376 796 αὐτῆς.
3410 730 3524 782 Kal

1947 820 2105 874 τοῦτο
2147 821 2298 892 παρὰ
2329 824 2466 874 πᾶσι
2500 825 2613 884 τοῖς
2646 819 2813 875 αὐτοῦ
2862 819 3171 888 ἐϐεϐαιώθη
3226 819 3322 872 καὶ
3369 821 3522 872 ἑστεσ

1951 912 2154 984 ρεώθη,
2183 915 2311 968 ἄνευ
2355 914 2522 984 μόνου
2557 912 2649 966 τοῦ
2684 913 2856 966 Χαλὶλ
2902 912 3146 982 parasti,
3176 912 3326 972 δατις
3358 911 3524 964 ἀντέ-

1949 1024 2072 1074 στη,
2092 1006 2266 1075 λέγων
2291 1009 2372 1062 ὅτι
2403 1027 2423 1060 ε
2445 1009 2504 1061 Ei
2523 1008 2666 1062 κατὰ
2685 1007 2787 1074 τῆς
2809 1007 3018 1070 πόλεως
3039 1007 3291 1074 ποιήσεις
3313 1005 3520 1074 μάχην,

1951 1101 2153 1170 μᾶλλόν
2204 1102 2355 1154 ἐστιν
2407 1102 2721 1165 ἐπιϐλαϐὶς,
2769 1103 2844 1172 μή
2908 1119 3023 1164 πως
3073 1102 3102 1152 6
3158 1099 3416 1167 βασιλεὺς
3462 1098 3529 1163 ἐξ

1945 1191 2194 1260 ἀνάγκης
2241 1191 2456 1259 δεηθεὶς
2491 1193 2645 1262 παρὰ
2667 1192 2777 1246 τῶν
2805 1191 3058 1246 Λατίνων
3089 1191 3349 1260 βοήθειαν
3400 1192 3525 1242 ἑπι-

1948 1283 2174 1354 κυρὼσῃ
2203 1284 2272 1336 τά
2305 1283 2556 1352 δόγματα
2591 1283 2796 1348 αὐτῶν,
2829 1282 2924 1336 κα)⁵
2949 1283 3357 1351 δμονοὴσαντες
3385 1277 3523 1348 ὁμοῦ
3623 1345 3626 1349 1

1947 1377 2289 1447 γενήσονται,
2322 1376 2460 1444 ὅπερ
2489 1375 2860 1444 ἐνδοιάζομεν.
2895 1373 3040 1426 Ἀλλ⁹
3074 1374 3212 1439 ἄφες
3237 1369 3522 1432 αὐτὸ-νύν,

1945 1469 2051 1532 ἓως
2103 1468 2170 1522 ἂν
2211 1468 2326 1540 ῐδῃς
2373 1468 2426 1520 τί
2474 1468 2673 1536 πράξει
2703 1469 2886 1530 αὐτὸς,
2920 1465 3014 1518 καὶ
3063 1466 3112 1516 εί
3165 1462 3266 1530 μὲν
3293 1461 3525 1549 διμονοὴο

1949 1577 2108 1624 σωσι,
2136 1561 2202 1616 σὺ
2256 1561 2483 1630 ἀγάπην
2528 1561 2618 1629 ἔχε
2675 1563 2792 1629 μετ’
2827 1558 3056 1612 ἐκείνων
3086 1555 3183 1610 καὶ
3211 1557 3412 1622 ὅρκους
3442 1553 3525 1613 είς

1945 1655 2008 1708 τὸ
2035 1656 2224 1724 πρόσω
2253 1654 2422 1708 πάλιν
2443 1667 2458 1684 ⁸
2492 1654 2566 1715 ὡς
2596 1653 2737 1722 ἴδῃς,
2769 1651 2915 1704 οὕτω
2966 1650 3062 1702 καὶ
3093 1647 3324 1718 πράξεις
3346 1662 3362 1676 ο
3402 1645 3451 1696 εί
3478 1642 3524 1694 δ’

1946 1747 2042 1814 οὐχ
2081 1746 2426 1815 ὁμονοήσωσι
2453 1783 2469 1806 .
2525 1745 2647 1797 τότε
2712 1742 2916 1812 μᾶλλον
2954 1740 3240 1810 ἐξέρχεται
3287 1739 3317 1790 6
3369 1738 3523 1803 λογιο

1885 1877 1922 1930 Β
1950 1839 2107 1906 σμὸς.
2133 1841 2226 1893 καὶ
2252 1838 2394 1906 μετὰ
2422 1837 2669 1899 πλείονος
2697 1836 2933 1904 θάρσους
2959 1835 3207 1930 ποιησεις
3228 1831 3263 1930 6
3283 1829 3468 1902 βούλῃ.
3495 1847 3517 1930 ε

1952 1931 2077 1982 Kal
2113 1929 2254 2001 αὕτη
2303 1931 2337 2000 ἡ
2388 1929 2555 2000 βουλὴ
2606 1929 2700 1980 τὸν
2730 1929 2850 1995 ομὶν
2899 1926 3124 1995 ἀμηρᾶν
3170 1922 3266 1977 τοῦ
3318 1918 3524 1976 σκοποῖ’)

1949 2016 2250 2080 ἐκώλυσεν,
2287 2019 2418 2089 περὶ
2463 2018 2522 2072 δὲ
2563 2016 2659 2070 τοῦ
2703 2017 2879 2071 Χαλὶλ
2917 2017 3133 2084 μπασιᾶ
3178 2014 3278 2084 τὴν
3325 2009 3524 2081 βουλὴν

1948 2111 2132 2173 δόντος
2165 2112 2243 2181 τῷ
2275 2111 2456 2183 καιρῷ
2488 2113 2683 2183 μαθεῖν
2713 2114 2862 2183 ἡμᾶς
2886 2112 3024 2167 ἄλλα
3054 2113 3163 2163 τῶν
3192 2109 3395 2164 ἄλλων.

2024 2204 2180 2274 181
2229 2203 2288 2257 '0
2346 2199 2442 2258 οὖν
2486 2204 2754 2272 αὐθέντης
2809 2221 2912 2272 μου
2965 2203 2994 2254 6
3039 2201 3310 2268 δεσπότης
3345 2201 3440 2254 καὶ
3472 2187 3524 2254 oi

1949 2296 2212 2366 ἄρχοντες
2260 2295 2591 2365 taceam”
2640 2296 2731 2348 τὸν
2779 2293 3146 2361 Παλαιολόγον
3191 2292 3396 2361 Θωμᾶν
3431 2291 3527 2345 καὶ

1949 2387 2088 2458 πρὸς
2144 2388 2236 2442 τὸν
2274 2387 2498 2458 βασιλέα
2546 2386 2917 2441 ἀπέστειλανο
2970 2387 3066 2439 καὶ
3117 2384 3378 2452 λογισμὸς
3430 2381 3526 2437 καὶ

1948 2479 2216 2549 τρικυμία
2267 2483 2327 2532 ἐν
2364 2481 2432 2550 τῇ
2477 2480 2634 2533 πόλει
2681 2479 2980 2548 περιέπεσε
3035 2477 3288 2544 πλείστη.
3324 2475 3428 2532 ἓως
3462 2466 3524 2530 οὗ

1949 2571 2115 2624 πάλιν
2167 2571 2447 2641 ἐμάθομεν
2491 2571 2594 2643 τὴν
2635 2570 2940 2639 ίσχύσασαν
2983 2567 3181 2640 βουλὴν
3220 2566 3315 2619 τοῦ
3352 2565 3524 2620 Χαλτλ

1951 2661 2194 2729 μπασιᾶ.
2238 2661 2348 2715 Kal
2381 2661 2512 2728 ίδοὺ,
2539 2659 2616 2724 ὡς
2644 2663 2758 2730 ἐγὼ
2787 2661 3075 2731 προεῖπον,
3098 2657 3177 2728 μὴ
3201 2657 3390 2710 ἕνεκεν
3421 2657 3528 2709 τῶν

1945 2752 2208 2808 τοιούτων
2240 2754 2580 2818 σκανδάλων,
2614 2755 2674 2808 τὸ
2699 2755 2774 2819 ὡς
2813 2754 2888 2826 μὴ
2917 2751 3096 2823 ὢφελε
3128 2750 3395 2820 γενέσθαι
3427 2750 3528 2820 τὴν

1949 2845 2194 2903 σύνοδον.

2019 2939 2130 2993 Kal
2157 2939 2259 3010 τὴν
2297 2938 2397 3008 μὶν
2442 2937 2550 2993 ἀπὸ
2584 2936 3219 2999 Κωνσταντινουπόλεως
3266 2935 3348 3000 είς
3383 2935 3526 2988 Ἰτα-

1945 3031 2068 3084 λίαν
2121 3032 2396 3101 περίοδον.
2431 3032 2510 3095 ὡς
2563 3032 2837 3103 περισσὴν
2885 3029 3075 3089 οὖσαν.
3107 3030 3296 3099 γραφῇ
3348 3042 3530 3094 παραέ

1944 3121 2131 3177 δοῦναι
2178 3124 2267 3177 διὰ
2289 3124 2351 3176 τὸ
2389 3123 2570 3193 μῆκος
2600 3122 2810 3192 ταύτην
2853 3122 3004 3176 ἰάσω
3029 3139 3044 3153 ο
3095 3120 3198 3191 τὴν
3226 3120 3284 3173 δὲ
3317 3119 3397 3180 είς
3429 3119 3529 3184 τὴν

267 3205 301 3260 6
339 3204 595 3276 βασιλεὺς
625 3210 657 3282 ἢ
689 3213 895 3284 μᾶλλον
934 3215 965 3286 ἡ
1005 3217 1150 3288 κακὴ
1180 3217 1341 3290 τύχη.
1380 3219 1724 3288 Ἐξελθόντος
1751 3223 1845 3280 οὖν
1871 3209 1914 3267 C
1958 3213 2200 3269 Ἐνετίαν
2232 3215 2539 3269 είσέλευσιν
2569 3212 2665 3267 τοῦ
2707 3212 2978 3284 βασιλέως
3001 3211 3260 3266 Ἰωάννου
3293 3209 3390 3262 καὶ
3419 3205 3532 3260 τῶν

265 3390 433 3446 etiam
462 3392 702 3450 deterius
724 3397 963 3452 scliisma
989 3399 1206 3454 eveniat
1228 3416 1242 3454 :
1263 3411 1317 3456 et
1340 3419 1440 3459 nos
1459 3420 1587 3462 ecce
1611 3411 1848 3478 expositi

267 3483 516 3538 loremus
542 3484 745 3554 impiis.
781 3505 800 3540 ε
831 3489 1127 3556 Imperator
1157 3507 1269 3546 non
1305 3496 1550 3562 probata,
1585 3506 1644 3550 ut
1671 3499 1847 3555 visum

266 3584 377 3638 est,
408 3576 579 3644 patris
629 3580 927 3646 sententia,
965 3583 1162 3638 tacitus
1199 3587 1440 3640 surrexit
1471 3603 1536 3642 ac
1569 3588 1845 3645 discessit.

270 3665 413 3722 Tum
456 3671 674 3740 paulum
727 3687 914 3727 secum
954 3687 1216 3742 reputans
1264 3679 1437 3734 beata:
1484 3679 1760 3736 memoriae
1795 3692 1853 3740 et

268 3761 600 3814 venerabilis
622 3772 774 3831 pater
790 3764 930 3833 ejus,
954 3782 1146 3835 meque
1164 3768 1416 3824 intuens:
1446 3771 1702 3828 «Videtur
1718 3774 1849 3840 sibi,

270 3851 474 3918 inquit,
507 3851 649 3908 ﬁlius
692 3871 844 3910 mens
877 3859 1176 3925 pratclarus
1225 3860 1528 3931 imperator
1558 3880 1680 3919 esse
1716 3883 1730 3920 :
1764 3875 1854 3922 est

273 3944 421 3996 haud
449 3944 635 4009 dubie,
667 3947 760 4002 sed
794 3963 898 4002 non
947 3949 1074 4004 huic
1101 3953 1246 4006 tutati
1273 3962 1434 4020 aptus
1457 3954 1549 4010 ille
1577 3965 1682 4012 est.
1711 3957 1852 4027 Spe-

271 4046 386 4089 ctat
413 4037 662 4108 sapitque
695 4055 913 4109 magna,
947 4050 1002 4097 et
1028 4044 1180 4107 talia,
1210 4046 1392 4114 qualia
1447 4047 1722 4118 majorum
1755 4066 1854 4107 no-

273 4139 515 4184 strorum
550 4147 809 4200 prospera
842 4145 1084 4204 tempora
1113 4140 1483 4206 postulabant.
1505 4140 1631 4205 Sed,
1666 4153 1728 4196 ut
1750 4143 1853 4199 bo-

276 4221 366 4277 die
393 4237 484 4277 res
512 4234 662 4288 sunt,
713 4241 820 4281 non
871 4227 1226 4296 imperatore,
1251 4231 1344 4285 sed
1378 4232 1744 4302 gubernatore
1771 4249 1856 4290 re-

277 4331 447 4384 gnum
476 4326 721 4372 nostrum
758 4329 899 4387 eget.
933 4320 1111 4376 Metuo
1146 4324 1290 4376 enim
1324 4340 1391 4379 nc
1427 4327 1652 4396 quando
1706 4343 1736 4382 e
1773 4327 1857 4383 fa-

279 4409 567 4464 cinoribus
612 4413 1014 4482 conatibusque
1045 4415 1165 4482 ejus
1196 4415 1359 4483 hujus
1383 4417 1544 4485 quasi
1581 4418 1736 4473 navis
1766 4418 1853 4473 in-

1952 3401 2278 3470 imperator,
2295 3399 2412 3454 sive
2444 3402 2624 3468 potius
2656 3397 2828 3452 fatum
2845 3395 3081 3452 volebat.
3109 3393 3346 3464 Egresso
3365 3390 3533 3461 igitur

1950 3510 2013 3548 es
2051 3494 2184 3547 urbe
2239 3494 2572 3562 imperatore
2621 3499 2679 3544 et
2727 3491 2832 3546 iter
2889 3493 3279 3558 prosequente,
3316 3499 3532 3542 anteras

1951 3586 2162 3655 Cpolim
2197 3599 2516 3654 oppugnare
2539 3584 2840 3652 copiasque
2861 3582 3127 3636 adversus
3158 3595 3280 3633 eam
3314 3579 3530 3632 mittere

1951 3679 2264 3734 constituit.
2300 3677 2603 3732 Suaseruut
2655 3675 2762 3728 hoc
2808 3673 3293 3742 approliaruntqne
3340 3683 3532 3724 ninnes

1953 3772 2254 3828 consiliarii
2276 3771 2549 3841 ejus.uno
2567 3767 2904 3822 Chalilbasia
2933 3763 3291 3835 excepto,qui
3319 3764 3532 3818 ca~teris

1953 3877 2263 3932 repugnans
2289 3879 2304 3916 :
2343 3881 2362 3912 ε
2401 3860 2515 3914 Iino
2544 3859 2746 3930 potius,
2777 3856 2976 3928 inquit,
2997 3857 3188 3910 urbem
3213 3870 3531 3924 oppugnare

1953 3953 2244 4010 exitiosum
2277 3952 2518 4015 videtur,
2539 3952 2800 4022 quoniam
2837 3962 3016 4006 metus
3049 3958 3154 4010 est.
3189 3963 3257 4004 ne
3289 3949 3530 4016 impera.

1956 4054 2062 4110 tor,
2083 4046 2413 4100 necessitate
2431 4055 2656 4100 coactus
2677 4058 2834 4112 opem
2857 4042 3178 4096 Latinorum
3211 4040 3530 4110 implorare,

1954 4150 2142 4193 eorum
2176 4137 2432 4208 dogmata
2481 4137 2868 4206 amplectatur,
2905 4143 2960 4189 et
2991 4137 3063 4189 ita
3107 4135 3346 4198 eveniat,
3382 4131 3530 4201 quod

1956 4244 2236 4294 veremur,
2288 4239 2350 4282 ut
2389 4227 2690 4283 concordes
2743 4228 2819 4282 illi
2869 4226 3001 4282 (lant
3037 4225 3530 4294 concilienturque.

1956 4321 2138 4387 Quare
2182 4335 2331 4376 nunc
2381 4322 2536 4374 mitte
2573 4333 2693 4375 eam
2746 4335 2859 4374 rem
2884 4357 2900 4385 ,
2939 4319 3117 4374 donec
3153 4317 3358 4374 videris
3399 4316 3532 4388 quid

1955 4410 2195 4468 Joannes
2225 4425 2327 4466 sua
2381 4418 2576 4480 sponte
2622 4409 2868 4464 facturus
2901 4407 2994 4465 sit.
3039 4407 3174 4464 Nam
3221 4409 3266 4464 si
3306 4409 3361 4462 in
3397 4423 3534 4464 con-

281 4505 480 4560 teritus
537 4509 840 4562 exoriatur.
871 4507 1129 4578 .Nantqne
1183 4512 1442 4577 praesensi
1491 4513 1849 4584 cogitationes

1958 4504 2203 4559 cordiam
2241 4503 2528 4568 redierint,
2563 4509 2682 4556 tute
2730 4501 2962 4572 posthac
2995 4516 3187 4556 rursus
3232 4499 3532 4555 amicitiam

280 4598 402 4666 ejus
431 4608 486 4652 et
525 4614 645 4668 quia
689 4616 750 4653 se
781 4617 905 4655 cum
938 4601 1223 4671 Mustapba
1260 4603 1631 4674 perlecturum
1668 4621 1856 4676 spera-

285 4691 399 4756 bat,
431 4699 593 4759 atque
623 4693 887 4757 intellexi.
921 4695 975 4747 in
1011 4695 1153 4764 quod
1187 4698 1491 4764 periculum
1529 4711 1630 4752 nos
1658 4699 1849 4767 pra-ci-

282 4783 510 4853 pitarint
541 4783 852 4837 sanctiones
878 4783 1246 4852 dogmatuma

358 4874 561 4928 Etrtibi
589 4875 758 4934 aliud.
780 4891 890 4942 quo
913 4877 1272 4932 continuatur
1295 4878 1519 4947 gloriosi
1546 4879 1720 4949 patris
1734 4881 1855 4951 ejus

281 4965 596 5022 consilium.
629 4966 922 5036 Postquam
958 4969 1022 5022 ad
1053 4969 1322 5038 synodum
1366 4972 1640 5039 proficisci
1666 4971 1855 5027 decre-

283 5060 384 5120 vit,
427 5057 493 5110 ad
529 5073 767 5112 anieram
801 5060 1012 5128 legatus
1041 5061 1245 5116 missus
1269 5070 1354 5117 cst
1390 5063 1736 5118 Andronicus
1764 5065 1851 5119 la.-

284 5165 440 5219 grus.
477 5149 567 5218 qui
600 5149 653 5203 id
687 5150 760 5203 illi
805 5160 1062 5220 tanquam
1103 5153 1279 5207 amico
1313 5162 1370 5208 et
1415 5154 1568 5207 fratri
1601 5155 1854 5211 videlicet

284 5242 646 5312 signiﬁcaret.
695 5241 998 5311 Respondit
1038 5260 1275 5310 anteras,
1306 5260 1414 5298 non
1444 5245 1550 5300 sibi
1607 5247 1852 5316 probari,

283 5350 411 5388 eum
439 5335 614 5394 abire,
634 5346 894 5404 tantoque
917 5336 1099 5390 labore
1127 5346 1300 5390 semet
1329 5339 1616 5394 conllcere.
1656 5358 1675 5391 ε
1709 5339 1852 5406 Quid

283 5423 457 5488 enim,
495 5441 515 5474 ι
555 5423 754 5493 inquit.
789 5443 806 5475 ι
844 5423 970 5478 inde.
997 5427 1350 5480 emolumenti
1384 5428 1855 5500 reportabit‘lEgo

287 5523 494 5578 tamen,
521 5513 566 5569 si
592 5515 842 5584 pecuniis
869 5516 936 5570 ad
969 5516 1177 5571 abitum
1201 5526 1255 5571 et
1275 5517 1508 5572 reditum
1528 5518 1611 5572 vel
1634 5518 1704 5574 ad
1719 5517 1864 5576 alios.

289 5619 426 5662 usus
457 5606 682 5678 indiget,
723 5619 948 5676 paratus
999 5623 1120 5664 sunt
1152 5609 1202 5663 ei
1237 5624 1584 5666 succurrere.
1612 5629 1633 5664 ε
1672 5611 1856 5666 Multis

288 5697 485 5754 deinde
539 5701 884 5755 sermonibus
915 5709 969 5756 et
1001 5701 1498 5757 consultationibus
1529 5704 1730 5773 agitata
1767 5718 1856 5760 res

223 5837 232 5844 .
286 5796 394 5853 est,
421 5799 604 5844 utrum
635 5805 835 5846 autem
864 5791 1174 5848 auctoritati
1207 5791 1530 5862 parendum.
1561 5809 1628 5847 an
1661 5796 1728 5848 ad
1761 5809 1854 5864 sy.-

290 5876 1015 5949 atidumabeundutncssct.
1061 5883 1538 5944 Sedeniailactum
1579 5892 1684 5951 est,
1709 5885 1853 5954 quod

1959 4611 2089 4652 cum
2134 4595 2203 4650 iis
2233 4610 2300 4651 ac
2332 4595 2529 4650 fmdus'
2550 4603 2802 4662 servato,
2833 4610 2898 4650 ac
2927 4592 3094 4650 facito
3127 4594 3270 4663 quod
3319 4593 3420 4647 tibi
3451 4592 3538 4647 vi-

1961 4689 2216 4744 debitur:
2256 4688 2300 4742 si
2337 4689 2480 4742 inter
2527 4701 2626 4742 eos
2655 4701 2763 4742 non
2808 4687 3151 4750 convenerit,
3192 4695 3306 4741 tum
3336 4685 3536 4740 melius

1959 4776 2484 4850 evenit,consilinm,
2508 4776 2812 4846 maiorique
2830 4791 2935 4832 con
2945 4775 3163 4831 fidentia
3183 4774 3374 4838 facies,
3388 4775 3534 4844 quod

1962 4869 2227 4924 volueris.
2266 4886 2286 4920 ι
2343 4867 2460 4924 Hoc
2497 4867 2790 4924 consilium
2837 4882 3080 4924 ameram
3112 4876 3292 4936 coepto
3351 4866 3538 4936 prohi-

1963 4962 2083 5016 buit
2108 4977 2124 5026 ;
2159 4960 2229 5016 de
2252 4959 2587 5021 Cbalilbasia
2616 4971 2823 5023 autem,
2852 4959 3066 5024 consilii
3096 4968 3404 5031 opportune
3434 4974 3536 5012 an-

1960 5064 2137 5116 ctore.
2167 5053 2273 5108 alia
2302 5068 2366 5112 es
2401 5053 2526 5108 aliis
2554 5053 2936 5124 cognovimus.
3375 5125 3378 5128 ἢ

2031 5146 2296 5205 Dominus
2343 5161 2498 5202 meus
2545 5147 2732 5216 igitur,
2765 5145 3164 5200 Constantinus
3203 5146 3452 5214 deSpota,
3483 5153 3538 5198 rt

1959 5239 2236 5310 principes
2276 5240 2542 5298 Thomam
2593 5239 2960 5309 PalaeoIOgnm
3000 5239 3314 5300 excitarunt
3368 5251 3535 5308 atque

1960 5332 2030 5387 ad
2073 5333 2463 5400 imperatorem
2509 5331 2804 5386 miserunt.
2845 5329 3054 5384 interea
3085 5330 3139 5384 in
3175 5331 3534 5400 cogitationes

1961 5435 2020 5480 et
2044 5424 2246 5480 ﬂuctus
2277 5438 2534 5480 curarunt
2596 5424 2844 5494 ingentes
2886 5421 3159 5492 Cpolitani
3195 5423 3532 5482 inciderunt.

1961 5519 2093 5573 dum
2120 5515 2678 5587 cognovimus,_quod
2714 5516 2974 5580 obtinuit,
3003 5515 3299 5569 consilium
3330 5515 3537 5570 Clmlil-

1965 5610 2156 5667 basiata.
2201 5609 2358 5665 Vides
2385 5608 2522 5677 jam,
2553 5609 2699 5678 quod
2740 5622 2904 5678 supra
2945 5607 3081 5668 dixi.
3116 5617 3336 5678 propter
3358 5615 3538 5661 tantas

1965 5701 2296 5757 oﬂensiones
2331 5716 2438 5756 non
2469 5701 2728 5756 debuisse
2759 5700 3026 5772 synodum
3060 5701 3215 5754 istam
3253 5697 3394 5752 ﬂeri.

2034 5792 2140 5848 lter
2167 5791 2514 5862 imperatoris
2538 5793 2690 5864 Cpoli
2728 5794 2784 5848 in
2817 5791 3026 5848 Italiam
3062 5790 3291 5854 factum,
3324 5799 3382 5844 ut
3422 5806 3534 5843 mu

1964 5898 2448 5956 supervacaneam,
2507 5886 2707 5943 litteris
2746 5884 2982 5952 tradere,
3012 5883 3140 5955 quia
3171 5884 3393 5954 longum
3428 5891 3536 5948 est.
