3976 6554
250 434 369 502 ’185

1308 431 1749 498 CHRONICON
1782 432 2148 495 MAJUSn-
2189 433 2344 494 LIB.
2387 431 2469 493 II.

3364 420 3508 485 ηδε.

231 547 301 600 δὲ
334 542 619 614 βασιλέως,
643 542 811 609 εδοξε,
839 543 914 615 μὴ
944 543 1246 614 δεξαμένου
1275 545 1366 599 τὸν
1389 545 1548 614 λόγον
1576 545 1671 599 τοῦ
1705 545 1891 606 παιΔ
1916 545 2010 600 τοῦ
2065 546 2337 616 βασιλέως
2393 545 2504 600 ἀπὸ
2549 545 2646 615 τῆς
2679 543 2887 604 πόλεως
2939 542 3035 596 καὶ
3081 539 3485 610 ἀπερχομένου,

232 639 376 712 τρδς
408 635 599 704 αὐτοῦ,
639 636 803 708 μηδὲν
843 636 1015 692 είπὼν
1047 639 1286 700 ἀναστὰς
1314 639 1549 708 ἀπῆλθε.
1586 640 1696 694 Καὶ
1731 657 1815 708 μι-

231 730 380 801 κρὸν
440 729 664 792 σύννους
716 729 952 798 γεγονὼς
996 731 1024 784 δ
1061 732 1376 801 μακαρίτης
1425 733 1520 784 καὶ
1572 732 1816 800 ἀοίδιμος

233 825 432 894 πατὴρ
457 822 646 887 αὑτοῦ,
699 823 978 894 ἐμϐλέψας
1029 824 1166 894 πρὸς
1200 823 1268 893 μὲ
1313 818 1467 876 εἶπεσ
1499 843 1516 876 ι
1554 826 1711 878 Δοκεῖ
1737 824 1815 894 τῷ

237 916 464 985 βασιλεῖ
490 915 566 984 τῷ
599 915 699 984 υίῷ
736 931 841 986 μου
874 913 1013 968 εἶναι
1055 915 1220 969 αύτδν
1250 917 1516 987 ἁρμόδιον
1564 917 1812 987 βασιλέα,

237 1009 391 1079 πλὴν
420 1007 481 1062 ού
507 1008 602 1062 τοῦ
630 1009 900 1078 παρόντος
929 1009 1160 1080 καιροῦ·
1191 1009 1380 1080 βλέπει
1410 1013 1520 1080 γὰρ
1546 1013 1642 1065 καὶ
1679 1028 1814 1082 φρο-

235 1101 332 1150 νεῖ
362 1097 597 1168 μεγάλα,
639 1100 733 1153 καὶ
756 1101 982 1153 τοιαῦτα
1011 1095 1098 1153 οἷα
1147 1103 1196 1153 oi
1227 1102 1412 1172 καιροὶ
1460 1101 1690 1172 ἔχρῃζον
1723 1102 1818 1156 ἐπὶ

241 1191 352 1255 τῆς
380 1189 684 1258 εὐημερίας
717 1190 826 1243 τῶν
859 1192 1142 1260 προγόνων
1165 1193 1346 1262 ἡμῶν.
1382 1193 1527 1263 Πλὴν
1549 1197 1612 1263 τῇ
1645 1193 1816 1265 σήμε-

243 1295 346 1344 ρον
365 1279 440 1343 ὡς
467 1281 972 1352 παρακολουθοῦσιν
1002 1284 1150 1352 ἡμᾶς
1181 1283 1248 1337 τὰ
1273 1283 1592 1356 πράγματα,
1621 1286 1682 1338 ού
1721 1286 1817 1354 βα-

239 1369 406 1424 σιλέα
436 1371 578 1425 θέλει
602 1371 758 1442 ἡμῶν
779 1375 812 1444 ἡ
835 1373 1002 1446 ἀρχὴ,
1035 1375 1152 1428 ἀλλ’
1188 1376 1474 1444 οἰκονόμον
1495 1394 1509 1409 ⁸
1541 1376 1818 1446 φοϐοῦμαι

240 1461 358 1530 γὰρ
390 1462 463 1531 μή
493 1479 625 1515 ποτε
654 1465 717 1516 ἐκ
743 1463 852 1516 τῶν
883 1468 1206 1537 ποιημάτων
1238 1468 1335 1520 καὶ
1368 1463 1818 1539 ἐπιχειρημάτων

239 1554 416 1607 αὑτοῦ
453 1556 676 1625 γένηται
703 1557 986 1628 χαλασμδς
1017 1558 1112 1613 τοῦ
1141 1559 1292 1613 οίκου
1320 1559 1510 1614 τούτου
1529 1577 1542 1590 ο
1570 1561 1819 1629 προείδον

239 1647 362 1715 γὰρ
411 1648 507 1701 καὶ
556 1649 653 1712 τὰς
696 1648 1024 1719 ἐνθυμήσεις
1075 1652 1266 1714 αὐτοῦ,
1310 1652 1404 1705 καὶ
1439 1655 1542 1705 ὅσα
1595 1653 1817 1718 ἑδόξασε

241 1737 599 1820 κατορθῶσαι⁹
645 1743 783 1808 μετά
812 1741 908 1794 τοῦ
950 1743 1278 1812 Μουσταφᾶ,
1309 1744 1401 1797 καὶ
1443 1740 1583 1798 εἶδον
1629 1745 1725 1798 καὶ⁵
1750 1747 1821 1799 τὰ

240 1825 380 1896 τέλη
433 1826 542 1882 τῶν
591 1829 903 1899 δογμάτων,
954 1832 1013 1884 ὲν
1058 1831 1166 1886 τίνι
1221 1835 1455 1905 κινδύνῳ
1491 1837 1638 1905 ἡμᾶς
1681 1837 1819 1907 ῆγαο

241 1931 271 1984 γ
285 1933 366 1971 ον.
395 1937 414 1970 ι

320 2009 549 2081 Ἕτερον
578 2012 834 2082 βεϐαιοῦν
879 2016 980 2087 τήν
1021 2033 1151 2071 ποτε
1189 2017 1388 2090 βουλὴν
1429 2019 1524 2074 τοῦ
1569 2021 1821 2090 ἀοιδίμου

240 2104 458 2170 πατρδς
516 2103 704 2158 αὐτοῦ.
773 2105 862 2172 Ὠς
915 2109 1136 2180 ἔκρινεν
1184 2111 1273 2165 ῐνα
1331 2113 1544 2184 ἀπέλθῃ
1595 2115 1676 2176 είς
1719 2115 1823 2186 τὴν

237 2190 490 2257 σύνοδον,
523 2197 728 2266 ἐστάλη
762 2200 902 2270 πρὸς
926 2203 1018 2256 τδν
1054 2204 1282 2274 ἀμηρᾶν
1328 2206 1574 2276 πρέσϐυς
1604 2207 1823 2279 Ἀνδρό-

241 2301 398 2349 νικος
442 2289 479 2349 ὁ¹
518 2289 741 2360 Ἰαγρος
793 2293 1039 2361 δηλῶσαι
1090 2286 1252 2352 τοῦτο
1305 2299 1443 2366 πρὸς
1492 2302 1698 2353 ἐκεῖνον
1747 2301 1824 2364 ὡς

239 2375 390 2445 τάχα
419 2378 572 2447 φίλον
603 2385 699 2437 καὶ
722 2384 956 2454 ἀδελφόν
975 2400 990 2417 ⁸
1019 2389 1271 2453 κάκεῖνος
1301 2390 1642 2458 ἀπεκρίνατο
1662 2392 1824 2463 180

239 2470 331 2524 ὅτι
359 2490 377 2521 ι
412 2472 486 2526 Oti
516 2475 771 2542 φαίνεταί
804 2495 898 2549 μοι
922 2480 1090 2534 καλὸν
1117 2476 1260 2536 εἶναι
1292 2483 1380 2537 ἶνα
1404 2483 1594 2556 ὑπάγῃ
1619 2485 1712 2537 καὶ
1731 2501 1822 2538 το·

242 2561 439 2616 σοῦτον
487 2567 744 2640 μοχθήσῃ
790 2572 886 2624 καὶ
933 2574 1301 2647 καταναλώσῃ
1343 2575 1436 2629 τὸν
1469 2577 1584 2646 βίον
1627 2576 1820 2644 αὐτοῦ,

242 2656 344 2708 καὶ
375 2658 674 2726 μετέπειτα
701 2663 754 2716 τί
788 2663 849 2717 τὺ
879 2666 1109 2736 κέρδος;
1147 2668 1280 2722 Ἰδοὺ
1315 2669 1428 2738 ἐγὼ
1454 2669 1596 2740 ὑπὲρ
1627 2668 1820 2735 αὑτοῦ,

1919 637 2278 693 ἐϐουλεύσατο
2334 640 2364 692 δ
2405 638 2633 708 ἀμηρᾶς
2679 635 2906 706 ποιῆσαι
2963 633 3146 704 μάχην
3199 634 3341 688 κατά
3392 635 3492 701 τῆς

1919 732 2128 794 πόλεως
2176 731 2269 785 καὶ
2318 727 2663 800 στρατόπεδα
2715 725 2932 796 πέμψαι
2985 725 3107 780 κατ’
3151 725 3345 794 αὐτῆς.
3380 727 3493 779 Καὶ

1917 821 2075 876 τοῦτο
2117 821 2268 892 παρά
2300 823 2436 874 πᾶσι
2470 824 2583 883 τοῖς
2615 818 2783 874 αὑτοῦ
2832 816 3140 886 ἐϐεϐαιώθη
3196 815 3291 870 καὶ
3339 818 3492 869 ἑστε-

1921 913 2124 984 ρεὼθη,
2153 915 2281 968 ἀνευ
2325 914 2492 984 μόνου
2527 912 2619 966 τοῦ
2654 911 2826 965 Χαλὶλ
2872 909 3116 979 μπασιᾶ,
3147 909 3296 969 ὅστις
3329 908 3493 960 ἀντέ-

1920 1025 2043 1076 στη,
2063 1007 2236 1075 λέγων
2261 1010 2343 1062 ὅτι
2373 1026 2393 1060 ι
2415 1009 2474 1061 Ei.
2493 1007 2636 1061 κατά
2655 1005 2758 1073 τῆς
2779 1005 2989 1067 πόλεως
3010 1004 3261 1071 ποιήσεις
3284 1002 3490 1071 μάχην,

1921 1102 2123 1171 μᾶλλόν
2175 1103 2326 1155 ἐστιν
2377 1101 2692 1164 ὲπιόλαὸὶς,
2739 1101 2815 1170 μή
2879 1117 2994 1162 πως
3045 1099 3072 1150 ὁ
3129 1096 3386 1164 βασιλεὺς
3433 1094 3495 1159 ἐξ

1917 1191 2166 1260 ἀνάγκης
2211 1192 2427 1259 δεηθεὶς
2462 1192 2616 1261 παρὰ
2638 1191 2748 1244 τῶν
2777 1190 3029 1244 Λατίνων
3061 1188 3320 1258 βοήθειαν
3371 1189 3496 1238 ἐπι·-

1919 1284 2145 1355 κυρὼσῃ
2175 1284 2244 1338 τὰ
2277 1283 2527 1351 δόγματα
2561 1282 2768 1347 αὐτῶν,
2800 1281 2895 1334 καὶ
2921 1280 3328 1348 όμονοήσαντες
3357 1273 3494 1345 ὁμοῦ
3594 1341 3598 1344 _

1919 1378 2261 1448 γενήσονται,
2294 1376 2432 1444 ὅπερ
2461 1374 2832 1442 ὲνδοιάζομεν.
2866 1371 3012 1424 Ἀλλ’
3045 1371 3184 1436 ἄφες
3209 1365 3495 1428 αὐτὸ-νῦν,

1917 1470 2022 1532 ἕως
2075 1469 2142 1523 ἂν
2183 1469 2298 1540 ἴδῃς
2345 1468 2398 1520 τί
2446 1467 2645 1536 πράξει
2675 1467 2858 1528 αὐτὸς,
2891 1463 2986 1516 καὶ
3035 1463 3084 1514 εί
3137 1460 3238 1527 μὲν
3265 1457 3497 1546 διμονοή-

1921 1578 2080 1624 σωσι,
2108 1561 2174 1616 σὺ
2229 1561 2455 1630 ἀγάπην
2500 1560 2590 1628 ἔχε
2647 1562 2764 1628 μετ’
2799 1556 3028 1610 ἐκείνων
3058 1552 3155 1607 καὶ
3183 1554 3385 1620 ὅρκους
3415 1550 3497 1609 εἰς

1918 1656 1980 1709 τὸ
2008 1657 2196 1725 πρόσω
2225 1655 2394 1708 πάλιν
2416 1667 2430 1684 ·
2465 1654 2540 1715 ὡς
2568 1652 2709 1721 ἴδῃς,
2742 1651 2888 1703 οὕτω
2938 1648 3036 1700 καὶ
3066 1644 3296 1715 πράξεις
3319 1658 3335 1673 ·
3375 1641 3424 1692 εί
3451 1638 3497 1690 δ’

1919 1748 2014 1816 οὐχ
2053 1747 2399 1816 ὀμονοήσωσι
2427 1783 2442 1806 ,
2498 1744 2621 1797 τότε
2685 1741 2889 1810 μᾶλλον
2927 1738 3213 1807 ἐξερχεται
3259 1736 3290 1786 δ
3341 1735 3496 1799 λογι-

1923 1840 2080 1907 σμὸς,
2106 1841 2199 1894 καὶ
2225 1838 2367 1907 μετὰ
2395 1837 2642 1898 πλείονος
2669 1835 2906 1903 θάρσους
2932 1833 3180 1901 ποιήσεις
3201 1828 3230 1882 δ
3256 1826 3442 1898 βούλῃ.
3473 1844 3490 1876 ι

1925 1932 2051 1984 Καὶ·
2087 1930 2228 2001 αὕτη
2277 1931 2310 2000 ἡ
2362 1928 2528 1999 βουλὴ
2579 1928 2673 1980 τὸν
2703 1927 2824 1994 ομὶν
2873 1924 3098 1993 ἀμηρᾶν
3144 1919 3240 1974 τοῦ
3291 1915 3497 1972 σκοποῖ)

1924 2017 2224 2081 ἐκώλυσεν,
2261 2019 2392 2089 περὶ
2437 2017 2496 2071 δὲ
2537 2015 2633 2070 τοῦ
2677 2015 2852 2070 Χαλὶλ
2890 2014 3107 2083 μπασιᾶ
3152 2011 3252 2081 τὴν
3299 2006 3498 2077 βουλὴν

1922 2112 2106 2174 δόντος
2139 2113 2217 2182 τῷ
2249 2111 2430 2183 καιρῷ
2462 2112 2657 2182 μαθεῖν
2687 2112 2836 2182 ἡμᾶς
2860 2110 2998 2165 ἄλλα
3029 2111 3137 2160 τῶν
3166 2106 3370 2161 ἄλλων.
3479 2182 3488 2191 ο

1999 2205 2155 2274 181
2204 2204 2263 2257 '0
2320 2199 2416 2258 οὖν
2460 2203 2728 2270 αὐθέντης
2784 2219 2887 2270 μου
2939 2200 2968 2252 ὁ
3013 2199 3285 2265 δεσπότης
3319 2198 3414 2250 καὶ
3446 2195 3499 2250 οι

1924 2297 2187 2367 ἄρχοντες
2235 2295 2566 2365 ὲξὼρθωσαν
2614 2295 2706 2348 τὸν
2755 2291 3121 2358 Παλαιολόγον
3165 2289 3370 2358 Θωμᾶν
3405 2287 3502 2341 καὶ

1924 2389 2063 2460 πρὸς
2119 2387 2472 2459 τὸνβασιλέα
2521 2385 2892 2440 ἀπέστειλανο
2945 2384 3040 2436 καὶ
3091 2381 3354 2449 λογισμὸς
3405 2379 3502 2434 καὶ

1924 2479 2192 2550 τρικυμία
2243 2483 2302 2532 ὲν
2339 2481 2408 2550 τῇ
2452 2479 2609 2532 πόλει
2656 2477 2955 2546 περιέπεσε
3010 2474 3264 2542 πλείστη.
3299 2472 3403 2529 ἕως
3439 2463 3499 2526 οὗ

1925 2571 2091 2626 πάλιν
2142 2571 2423 2640 ἐμάθομεν
2466 2571 2569 2642 τὴν
2610 2569 2916 2638 ίσχύσασαν
2958 2565 3156 2637 βουλὴν
3196 2563 3291 2616 τοῦ
3327 2561 3500 2616 Χαλ“·λ

1928 2661 2170 2730 μπασιᾶ.
2214 2661 2324 2715 Καὶ
2357 2661 2488 2727 ἰδοὺ,
2515 2658 2592 2723 ὡς
2620 2662 2733 2729 ἐγὼ
2763 2659 3051 2730 προεῖπον,
3075 2654 3153 2725 μὴ
3177 2654 3367 2708 ἕνεκεν
3396 2653 3504 2705 τῶν

242 2749 296 2802 si
325 2753 518 2820 χρείαν
553 2753 664 2823 ἔχει
693 2759 996 2824 χρημάτων
1025 2757 1092 2811 δι’
1130 2757 1308 2824 ἔξοδον
1341 2761 1437 2814 καὶ
1463 2761 1675 2816 εἴσοδον
1723 2764 1822 2818 καὶ
1921 2753 2184 2808 τοιούτων
2217 2753 2557 2817 σκανδάλων,
2591 2753 2650 2806 τὸ
2675 2753 2751 2818 ὡς
2789 2752 2864 2824 μὴ
2893 2749 3072 2820 ὢφελε
3105 2747 3372 2818 γενέσθαι
3403 2746 3504 2816 τὴν

242 2841 376 2897 ἄλλο
400 2861 450 2897 τι
487 2846 626 2914 πρὸς
673 2847 978 2919 θεραπείαν
1008 2851 1199 2914 αὑτοῦ,
1237 2853 1463 2922 ἕτοιμός
1505 2855 1625 2925 ειμι
1661 2854 1823 2924 θερα-

249 2933 451 2989 πεῦσαι
485 2939 700 2993 αὐτόν.»
735 2943 845 2996 Καὶ
873 2943 1094 3022 ἐγένετο
1118 2945 1288 3010 πολὺς
1312 2947 1473 3013 λόγος
1506 2949 1601 3001 καὶ
1631 2947 1818 3019 βουλὴ,

243 3027 480 3099 πότερον
510 3031 738 3103 γένηται
764 3035 826 3086 τὸ
855 3036 950 3089 τοῦ
981 3038 1179 3107 ἀμηρᾶ
1206 3038 1445 3108 θέλημα,
1484 3040 1518 3110 ἢ
1557 3043 1821 3098 ἀπελθεῖν

1925 2846 2171 2904 σύνοδον.
3225 2882 3237 2891 .

1996 2941 2106 2994 Καὶ
2134 2939 2236 3009 τὴν
2273 2938 2374 3009 μὲν
2419 2937 2528 2992 ἀπὸ
2561 2933 3196 2996 Κωνσταντινουπδλεως
3243 2931 3326 2996 είς
3360 2931 3504 2984 Ἰτα-

1922 3032 2045 3086 λίαν
2099 3032 2374 3102 περίοδον.
2408 3031 2487 3094 ὡς
2540 3031 2814 3102 περισσὴν
2862 3027 3052 3086 οὖσαν.
3084 3027 3273 3096 γραφῇ
3325 3037 3507 3090 παραέ

243 3119 447 3184 αὐτοὺς
477 3123 557 3186 είς
582 3125 682 3194 τὴν
715 3125 954 3182 σύνοδον.
983 3129 1173 3197 Ὅμως
1204 3131 1428 3196 ἐγένετο
1451 3131 1590 3203 ὅπερ
1621 3132 1820 3203 ἠθελεν
1922 3122 2108 3178 δοῦναι
2156 3124 2245 3177 διὰ
2267 3124 2328 3176 τδ
2367 3123 2547 3193 μῆκος
2577 3121 2787 3190 ταύτην
2830 3120 2981 3174 ἒάσω
3007 3136 3021 3151 ·
3072 3117 3175 3188 τὴν
3204 3117 3261 3170 δὲ
3295 3116 3374 3176 είς
3407 3115 3506 3203 την

248 3211 280 3267 ὁ
317 3211 573 3282 βασιλεὺς
603 3215 635 3287 ἢ
667 3218 873 3289 μᾶλλον
912 3220 943 3290 ἡ
983 3221 1129 3292 κακὴ
1158 3221 1319 3293 τύχη.
1359 3202 1702 3290 Ἐξελθόντρς
1729 3224 1824 3281 οὖν
1849 3210 1892 3268 C
1935 3214 2178 3269 Ἐνετίαν
2210 3214 2517 3268 είσὲλευσιν
2547 3211 2642 3266 τοῦ
2685 3211 2956 3283 βασιλέως
2979 3208 3238 3263 Ἰωάννου
3271 3205 3368 3258 καὶ
3397 3202 3510 3256 τῶν

245 3397 412 3455 etiam
440 3398 680 3455 deterius
703 3401 942 3456 schisma
967 3403 1186 3458 eveniat
1207 3419 1221 3457 :
1242 3415 1296 3459 et
1319 3422 1419 3462 nos
1438 3422 1566 3482 ecce
1590 3413 1828 3480 expositi

249 3489 494 3544 loremus
521 3489 724 3560 impiis.
760 3510 778 3544 ι
810 3493 1106 3561 imperator
1137 3511 1248 3550 non
1283 3498 1529 3565 probatu,
1564 3508 1622 3552 ut
1649 3500 1826 3556 visum

248 3591 356 3644 est,
387 3582 558 3650 patris
609 3584 906 3650 sententia,
944 3587 1142 3641 tacitus
1179 3590 1419 3642 surrexit
1450 3605 1516 3644 ac
1548 3590 1824 3646 discessit.

251 3672 392 3728 Tum
436 3676 653 3746 paulum
706 3692 894 3732 secum
933 3691 1195 3746 reputans
1243 3683 1417 3736 beate
1464 3681 1740 3738 memoria!
1775 3693 1833 3741 et

250 3766 580 3820 venerabilis
601 3777 754 3836 pater
770 3768 909 3838 ejus,
934 3786 1126 3839 meque
1144 3771 1363 3827 intuens
1381 3789 1396 3826 :
1425 3791 1444 3825 ι
1457 3773 1682 3830 Videtur
1698 3776 1829 3842 sibi,

252 3857 454 3924 inquit,
487 3857 630 3913 ﬁlius
672 3876 824 3915 mens
859 3862 1156 3930 pratclarus
1206 3863 1508 3934 imperator
1538 3882 1660 3921 esse
1697 3884 1710 3921 :
1744 3876 1834 3924 est

255 3950 401 4003 haud
429 3949 616 4014 dubie,
648 3952 741 4006 sed
775 3968 878 4006 non
927 3953 1055 4008 huic
1082 3957 1227 4009 aetati
1253 3965 1414 4023 aptus
1437 3957 1530 4012 ille
1557 3968 1662 4014 est.
1691 3959 1833 4029 Spe-

253 4052 367 4096 ctat
394 4042 642 4114 sapitque
675 4061 894 4113 magna,
928 4055 982 4101 et
1009 4048 1160 4110 talia,
1191 4049 1372 4118 qualia
1428 4050 1704 4121 majorum
1737 4067 1835 4108 no-

256 4145 496 4190 strorum
531 4153 791 4206 prospera
823 4149 1065 4208 tempora
1095 4143 1464 4210 postulabant.
1486 4142 1612 4207 Sed,
1647 4155 1710 4198 ut.
1731 4145 1836 4200 bo-’

259 4228 347 4283 die
375 4243 474 4283 res.
493 4240 643 4294 sunt,
694 4247 802 4286 non
853 4232 1207 4300 imperatore,
1233 4234 1326 4288 sed
1359 4235 1725 4306 gubernatore
1752 4251 1837 4292 re-

260 4337 428 4391 gnum
457 4332 703 4377 nostrum
739 4333 881 4392 eget.
914 4324 1093 4380 Metuo
1127 4327 1272 4380 enim
1305 4343 1372 4382 ne
1408 4329 1634 4398 quando
1687 4345 1717 4384 e
1755 4329 1840 4384 fa-

263 4416 549 4469 cinoribus
594 4418 996 4486 conatibusque
1027 4418 1146 4486 ejus
1178 4418 1341 4486 hujus
1366 4419 1526 4488 quasi
1563 4420 1718 4475 navis
1748 4420 1835 4474 in-

1930 3402 2256 3471 imperator,
2274 3399 2390 3454 sive
2422 3401 2603 3468 potius
2635 3396 2806 3450 fatum
2824 3393 3060 3450 volebat.
3087 3390 3324 3461 Egresso
3343 3386 3512 3457 igitur

1929 3511 1992 3549 ex
2029 3495 2163 3548 urbe
2218 3493 2552 3562 imperatore
2601 3497 2658 3542 et
2705 3489 2811 3544 iter
2868 3491 3258 3556 prosequente,
3295 3495 3511 3538 anteras

1931 3587 2140 3656 Cpolim
2176 3599 2496 3654 oppugnare
2518 3582 2818 3651 cupiasque
2839 3580 3106 3633 adversus
3137 3591 3258 3630 eam
3293 3575 3510 3628 mittere

1931 3679 2243 3734 constituit.
2279 3677 2582 3731 Suaserunt
2635 3674 2741 3727 hoc
2787 3671 3272 3740 approlmruntque
3319 3679 3512 3720 «mines

1933 3773 2234 3829 consiliarii
2257 3771 2399 3840 ejus.
2417 3783 2528 3824 uno
2547 3765 2884 3821 Chalilbasia
2913 3760 3271 3832 excepto,qui
3299 3760 3511 3814 casteris

1933 3877 2244 3933 repugnans
2269 3879 2284 3915 :
2323 3881 2342 3912 ι
2381 3859 2495 3913 Imo
2524 3858 2726 3928 potius,
2757 3854 2955 3925 inquit,
2977 3854 3168 3908 urbem
3193 3866 3511 3920 oppugnare

1933 3953 2224 4010 exitiosum
2257 3952 2498 4014 videtur,
2519 3950 2781 4021 quoniam
2817 3959 2996 4003 metus
3029 3955 3135 4007 est.
3169 3960 3237 4000 ne
3269 3945 3510 4012 impera-

1936 4055 2042 4111 tor,
2064 4045 2394 4100 necessitate
2411 4053 2636 4098 coactus
2657 4056 2814 4110 opem
2837 4040 3159 4094 Latinorum
3192 4037 3511 4107 implorare,

1935 4151 2122 4194 eorum
2157 4137 2413 4208 dogmata
2463 4135 2848 4205 amplectatur,
2885 4141 2941 4187 et
2971 4134 3044 4186 ita
3087 4132 3327 4194 eveniat,
3363 4127 3510 4197 quod

1938 4245 2217 4294 veremur,
2269 4238 2331 4282 ut
2370 4226 2672 4283 concordes
2724 4226 2800 4281 illi
2850 4224 2982 4280 (lant
3019 4223 3511 4291 concilienturque.

1937 4321 2120 4388 Quare
2163 4335 2313 4375 nunc
2363 4321 2518 4374 mitte
2555 4332 2675 4374 eam
2727 4333 2840 4372 rem
2865 4349 2882 4383 ~,
2921 4317 3098 4372 donec
3134 4314 3339 4370 videris
3381 4312 3513 4384 quid

1937 4411 2177 4468 Joannes
2207 4425 2309 4466 sua
2364 4417 2558 4480 sponte
2604 4408 2850 4463 facturus
2883 4405 2976 4463 sit.
3020 4404 3156 4461 Nam
3203 4406 3247 4460 si
3287 4405 3343 4459 in
3379 4419 3516 4461 cou-

265 4512 462 4566 teritus
521 4514 822 4568 exoriatur.
865 4511 1111 4583 Namque
1165 4515 1425 4582 praesensi
1474 4515 1828 4586 cogitationes

1940 4505 2185 4560 cordiam
2223 4503 2510 4567 redierint,
2545 4509 2663 4555 tute
2713 4499 2944 4570 posthac
2977 4513 3169 4553 rursus
3214 4495 3514 4551 amicitiam

264 4605 385 4672 cjus
415 4613 469 4658 et
508 4619 628 4674 quae
672 4621 732 4658 se
764 4621 888 4660 cum
921 4605 1205 4675 Mnstapba
1243 4606 1614 4677 perfecturum
1651 4623 1839 4677 spera.

269 4698 383 4762 bat,
414 4705 576 4765 atque
606 4699 870 4762 intellexi,
905 4699 958 4752 in
994 4699 1136 4768 quod
1169 4701 1474 4768 periculum
1513 4714 1612 4754 nos
1642 4701 1832 4769 praeci-

266 4789 494 4859 pitat-int
524 4787 834 4842 sanctiones
861 4787 1229 4857 dngmalum.)

342 4880 544 4936 Etrtibi
573 4880 741 4939 aliud.
764 4896 874 4946 quo
897 4881 1255 4936 continuatur
1279 4881 1502 4950 gloriosi
1529 4882 1703 4952 patris
1718 4883 1839 4953 ejus

265 4971 580 5028 consilium.
613 4971 906 5040 Postquam
941 4973 1007 5026 ad
1037 4973 1306 5041 synodum
1350 4974 1624 5041 proficisci
1649 4973 1840 5029 decre-

267 5066 369 5126 vit,
412 5063 478 5116 ad
514 5079 752 5117 amaram
785 5065 998 5132 legatus
1025 5065 1229 5119 missus
1254 5073 1338 5120 est
1374 5065 1720 5120 Andronicus
1747 5067 1836 5120 la.-

225 5198 231 5202 .
269 5171 425 5226 grus,
461 5155 551 5224 qui
585 5155 637 5208 id
671 5155 744 5208 illi
789 5164 1048 5224 tanquam
1087 5156 1264 5210 amico
1298 5165 1354 5211 et
1400 5156 1552 5209 fratri
1586 5157 1839 5212 videlicet

270 5248 631 5318 signiﬁcaret.
679 5246 983 5316 Respondit
1023 5263 1260 5314 anteras,
1291 5263 1398 5301 non
1429 5247 1535 5302 sibi
1591 5249 1837 5318 probari,

268 5356 396 5394 eum
425 5341 599 5400 abire,
619 5351 880 5409 tantoque
901 5340 1085 5394 labore
1113 5350 1285 5394 semet
1314 5341 1601 5396 coniicere.
1641 5359 1660 5393 ι
1695 5341 1836 5407 Quid

269 5429 443 5494 enim,
481 5447 500 5480 ι
540 5429 739 5498 inquit.
773 5449 791 5480 ι
829 5428 956 5484 inde
983 5431 1336 5484 emolumenti
1369 5430 1850 5502 reportabit'IEgo.

273 5530 479 5584 tamen,
507 5519 552 5575 si
578 5521 828 5590 pecuniis
855 5521 922 5574 ad
955 5521 1163 5576 abitum
1187 5530 1240 5575 et
1259 5519 1493 5575 reditum
1514 5520 1597 5575 vel
1620 5520 1690 5575 ad
1705 5519 1854 5581 alios,

275 5625 412 5668 usus
443 5612 668 5684 indiget,
709 5623 933 5682 paratus
985 5628 1106 5668 sum
1137 5613 1188 5667 ei
1223 5628 1570 5668 succurrere.
1598 5631 1619 5666 ι
1658 5612 1843 5668 Multis

275 5703 471 5760 deinde
525 5705 870 5760 sermonibus
901 5713 955 5760 et
988 5705 1484 5760 consultationibus
1515 5707 1717 5775 agitata
1753 5719 1843 5761 res

211 5844 220 5852 .
273 5802 381 5859 est.
408 5805 590 5850 utrum
622 5811 821 5851 amem
851 5795 1160 5852 auctoritati
1193 5794 1516 5866 parendum.
1547 5812 1614 5849 an
1647 5798 1714 5850 ad
1747 5811 1840 5865 sy.-

277 5883 1002 5955 nOdumabeundumcsset.
1048 5886 1524 5949 Scdenirnlactunt
1566 5894 1670 5953 est,
1695 5887 1840 5956 quod

1942 4612 2072 4653 cum
2117 4596 2186 4650 iis
2213 4610 2282 4650 ac
2315 4594 2512 4650 fmdus'
2533 4602 2784 4660 servato,
2815 4607 2880 4648 ac
2909 4589 3076 4648 facito
3109 4591 3254 4660 quod
3301 4589 3402 4644 tibi
3434 4588 3521 4643 vi-

1944 4690 2199 4745 debitur:
2239 4687 2284 4742 si
2320 4688 2462 4741 inter
2510 4700 2609 4741 eos
2638 4699 2746 4740 non
2791 4684 3133 4746 convenerit,
3175 4692 3289 4738 tum
3319 4680 3518 4735 melius

1942 4776 2467 4850 evenit,consilinm.
2491 4775 2795 4845 majorique
2813 4789 2918 4829 con
2929 4773 3146 4828 ﬁdentia
3165 4772 3357 4834 facies,
3371 4770 3516 4839 quod

1947 4869 2211 4926 volueris.
2249 4886 2269 4920 ι
2326 4866 2444 4923 Hoc
2480 4865 2772 4924 consilium
2821 4879 3064 4922 ameram
3095 4872 3276 4933 ccepto
3335 4863 3522 4932 prohi-

1947 4962 2066 5018 buit
2092 4977 2108 5027 ;
2142 4961 2213 5016 de
2236 4957 2578 5020 Chalilbasia
2600 4968 2807 5022 autem,
2836 4957 3050 5022 consilii
3079 4965 3388 5028 opportune
3418 4970 3519 5008 au-

1944 5064 2121 5117 ctore,
2151 5053 2258 5108 alia
2287 5067 2350 5110 ex
2385 5052 2510 5107 aliis
2538 5051 2920 5122 cognovimus.
3359 5121 3362 5124 ἢ

2017 5147 2280 5205 Dominus
2327 5160 2483 5201 meus
2529 5146 2716 5214 igitur,
2748 5141 3148 5198 Constantinus
3187 5143 3436 5211 despo’ta,
3468 5149 3522 5194 rt

1944 5240 2220 5312 principes
2260 5239 2527 5296 Thomam
2577 5221 2945 5307 Palaeolognm
2985 5236 3299 5296 excitarunt
3353 5247 3519 5303 atque

1945 5333 2015 5388 ad
2058 5333 2448 5400 imperatorem
2494 5331 2790 5384 miserunt.
2831 5327 3038 5384 Interea
3070 5327 3124 5382 in
3159 5327 3519 5396 cogitationes

1946 5436 2006 5481 et
2029 5425 2232 5481 ﬂuctus
2261 5437 2520 5479 curarum
2581 5423 2829 5492 ingentes
2871 5418 3144 5489 Cpolitani
3180 5419 3517 5477 inciderunt.

1947 5519 2078 5574 dum
2106 5513 2664 5587 cognovimus,_quod
2700 5513 2960 5578 obtinuit,
2989 5512 3284 5566 consilium
3315 5511 3522 5566 Chalit-

1951 5611 2142 5667 basiae.
2186 5609 2344 5664 Vides
2371 5607 2507 5676 jam,
2539 5607 2685 5677 quod
2725 5620 2890 5676 supra
2931 5604 3067 5665 dixi.
3102 5613 3322 5674 propter
3344 5610 3524 5657 tantas

1951 5701 2283 5758 oﬂensiones
2318 5715 2425 5755 non
2456 5700 2714 5755 debuisse
2745 5697 3012 5770 synodum
3047 5697 3201 5750 istam
3239 5693 3379 5748 ﬂeri.
3483 5705 3508 5709 "

2021 5793 2127 5848 lter
2154 5792 2501 5862 imperatoris
2524 5791 2676 5862 Cpoli
2715 5792 2770 5846 in
2804 5789 3012 5846 Italiam
3049 5787 3278 5850 factum,
3309 5795 3368 5840 ut
3408 5801 3519 5838 mn

1951 5898 2436 5956 supervacaneam,
2494 5885 2693 5942 litteris
2733 5882 2969 5949 tradere,
2999 5880 3127 5952 quia
3157 5881 3379 5950 longum
3415 5886 3522 5943 est.
