3976 6554
494 356 597 425 783

1710 354 2044 423 GEORGII
2079 358 2513 424 ΡΗΠΑΝΤΖΆΕ

3636 354 3736 427 ταί

490 476 601 543 σηφ
634 465 729 525 καί
761 469 856 525 τοῦ
899 469 1162 525 δεσπότου
1194 472 1301 542 κὺρ
1350 473 1666 543 Δημητρίου
1700 474 1795 526 καὶ
1842 473 2057 526 πολλῶν
2088 478 2129 532 Α
2159 489 2295 542 νην;
2331 491 2351 527 ι
2392 475 2469 528 Οὐ
2521 474 2609 528 διὰ
2655 475 2862 544 ταύτην
2888 475 2985 529 οὖν
3017 474 3116 547 τὴν
3155 477 3341 530 αἰτίαν
3377 473 3536 531 εἶπον
3578 479 3637 533 τλ
3663 480 3736 541 ὡς

486 568 765 637 ἀρχόντων
812 568 913 635 τῆς
944 566 1255 635 συγκλήτου
1298 566 1522 635 καὶτῆς
1566 566 1864 635 ἐκκλησίας
1899 565 2058 636 177

486 664 581 714 καὶ
613 662 830 713 πάντων
863 659 1048 728 σχεδὸν
1090 658 1201 711 τῶν
1257 658 1674 729 μητροπολιτῶν
1705 660 1799 712 καὶ
1840 654 2056 711 ἐπισκό-

490 770 606 805 πων
637 751 725 802 διὰ
777 749 876 820 τὴν
914 750 1310 820 μελκηθεῖσαν
1349 752 1444 804 καὶ
1485 749 1562 820 μὴ
1612 750 1993 820 ὡφεληθεῖσαν
2025 750 2057 817 ἢ

490 845 694 913 μᾶλλον
722 842 899 895 εἰπεῖν
941 840 1014 910 μὴ
1046 839 1413 909 ὠφελήσασαν
1445 839 1664 893 σύνοδον
1697 839 1795 911 τὴν
1826 841 1883 892 ὲν
1909 840 2060 892 Φλω-

490 937 677 1006 ρεντίᾳ
729 934 1244 1003 συναθροισθεῖσαν,
1292 934 1420 986 ἔνθα
1470 936 1565 986 καὶ
1606 934 1666 987 ού
1720 934 2059 1005 συνεπὲρασε

485 1031 599 1088 τοίς
636 1028 793 1078 πᾶσι.
823 1026 898 1078 Οὐ
929 1025 1074 1093 λέγω
1102 1024 1265 1079 τοῦτο
1294 1024 1437 1080 κατὰ
1458 1028 1567 1079 τῶν
1590 1027 1691 1095 τῆς
1732 1025 2061 1095 Ἐκκλησίας

486 1120 781 1189 δογμάτων
804 1132 819 1148 °
852 1117 1028 1171 ταῦτα
1085 1118 1194 1188 γὰρ
1226 1120 1362 1189 παρ’
1412 1118 1593 1182 ἄλλοις
1628 1117 1891 1186 ἐδόθησαν
1937 1120 2060 1186 κρί-

487 1213 705 1265 νεσθαι·
748 1210 874 1280 ἐμοὶ
903 1209 960 1261 δὲ
990 1210 1152 1280 ἀρκεῖ
1185 1211 1217 1279 ἡ
1268 1209 1512 1278 πατρική
1563 1226 1665 1276 μου
1705 1208 1927 1278 διαδοχὴ
1960 1208 2061 1278 τῆς

489 1308 746 1371 πίστεως,
800 1304 935 1358 διότι
970 1304 1032 1356 ού
1079 1302 1235 1372 παρά
1262 1320 1412 1365 τινος
1454 1301 1562 1355 τῶν
1613 1303 1841 1356 ἐκείνων
1875 1303 2060 1372 μερῶν

486 1400 596 1452 τῶν
630 1399 689 1461 ἐξ
743 1398 991 1460 ἐναντίας
1042 1398 1256 1465 ἥκουσα
1299 1394 1482 1464 λέγειν
1532 1396 1601 1449 τὰ
1635 1397 1880 1465 ἡμέτερα
1912 1395 2059 1448 κακὰ

485 1488 650 1547 εἶναι.
689 1489 824 1541 ἀλλὰ
868 1489 1069 1556 μᾶλλον
1104 1487 1245 1539 καλὰ
1285 1486 1381 1539 καὶ
1415 1487 1644 1555 ἀρχαῖα,
1679 1486 1773 1537 καὶ
1802 1486 1868 1537 τὰ
1916 1487 2060 1537 ὲκεί-

484 1601 593 1636 νων
625 1581 790 1634 πάλιν
818 1581 879 1632 ού
929 1578 1099 1643 κακὰ,
1140 1578 1276 1631 ἀλλὰ
1324 1577 1486 1630 καλά.
1524 1578 1634 1631 Καὶ
1675 1576 1751 1638 ὡς
1795 1577 1971 1629 εἰπεῖν
2002 1577 2059 1627 ὲν

482 1672 918 1742 παραδείγματι,
966 1672 1049 1723 ὃτι
1093 1668 1194 1739 τὴν
1230 1670 1402 1738 μέσην
1434 1668 1550 1720 όδδν
1577 1669 1676 1738 τῆς
1720 1668 1928 1729 πόλεως
1960 1668 2058 1737 τὴν

484 1766 754 1820 πλατεῖαν
807 1766 903 1817 καὶ
932 1762 1251 1833 εὐρύχωρον
1283 1761 1625 1830 διηρχόμεθα
1667 1762 1898 1821 πολλοὺς
1930 1761 2058 1831 χρό-

484 1876 609 1918 νους
660 1856 801 1927 μετά
840 1873 1030 1917 τινων,
1065 1854 1134 1907 δι’
1161 1850 1230 1925 ἦς
1266 1854 1627 1922 καταντῶμεν
1650 1854 1729 1915 είς
1763 1852 1861 1923 τὴν
1896 1855 2059 1914 ἁγίαν

487 1952 717 2021 Σοφίανο
744 1947 865 2004 εἶτα
892 1949 1032 2019 μετά
1057 1965 1208 2008 τινας
1236 1947 1465 2015 καιροὺς
1494 1946 1692 2016 εὑρέθη
1724 1947 1876 2015 παρά
1896 1962 2059 1999 τινων

485 2046 581 2097 καὶ
614 2041 752 2109 ἄλλη
804 2038 920 2101 ὁδὸς
971 2037 1321 2101 καταντῶσα,
1354 2036 1429 2107 ὡς
1478 2036 1722 2103 λέγουσι,
1767 2040 1864 2089 καὶ
1916 2036 2056 2107 αὐτὴ

483 2137 621 2197 διιεῖ,
652 2136 751 2188 καὶ
788 2129 1196 2202 παροτρύνουσί
1251 2147 1323 2200 με
1372 2128 1662 2196 λέγοντεςο
1705 2147 1723 2179 ι
1776 2129 1926 2182 Ἐλθὲ
1965 2130 2059 2183 καὶ

486 2230 551 2281 σὺ
583 2228 671 2280 διὰ
691 2227 788 2296 τῆς
821 2224 944 2279 ὁδοῦ
975 2224 1201 2291 ταύτης,
1234 2225 1300 2291 ἢν
1327 2221 1562 2293 εὕρομεν
1584 2236 1599 2249 '
1634 2220 1859 2288 καὶγὰρ
1889 2222 1936 2271 εί
1963 2219 2058 2272 καί

483 2324 636 2375 ἔστιν
685 2319 827 2389 αὕτη
874 2319 939 2372 δι’
966 2312 1033 2389 ἧς
1086 2320 1306 2389 ἀπέρχῃ
1340 2316 1481 2385 καλὴ
1538 2316 1630 2367 καὶ
1675 2312 1899 2383 ἀρχαία,
1962 2314 2058 2366 καὶ

486 2413 621 2482 ἡμῖν
674 2410 917 2481 ἀρχῆθεν
966 2409 1185 2478 γνωστὴ
1225 2408 1320 2462 καὶ
1376 2410 1473 2461 σὺν
1535 2408 1664 2475 ὑμῖν
1710 2405 2055 2475 διερχομένη,

489 2504 625 2561 ἀλλὰ
645 2504 742 2559 καὶ
768 2501 930 2571 αὕτη,
962 2502 1028 2573 ην
1060 2501 1293 2572 εὕρομεν
1331 2500 1448 2563 νῦν,
1475 2501 1614 2568 καλή
1662 2500 1813 2552 ἔστιν
1835 2514 1850 2529 ·
1890 2514 1911 2549 ι
1947 2497 2059 2564 ἐγὼ

488 2597 545 2653 δὲ
579 2595 796 2650 ἁκούων
852 2593 1003 2662 παρὰ
1044 2592 1141 2662 μὲν
1170 2592 1279 2644 τῶν
1322 2592 1404 2644 ὅτι
1437 2591 1576 2659 καλή
1612 2592 1747 2654 ἐστι,
1805 2589 1958 2659 παρὰ.
1998 2587 2056 2641 δὲ

483 2687 593 2742 τῶν
618 2687 703 2740 ὅτι
730 2686 794 2740 οὐ
816 2684 979 2754 καλὴ,
1017 2685 1113 2738 καὶ
1145 2681 1477 2749 ἀσυμφωνία
1507 2679 1643 2732 οὖσα
1678 2682 1736 2731 ὲν
1765 2678 1844 2748 τῷ
1885 2681 2055 2747 μέσῳ,

484 2779 572 2835 διὰ
599 2779 651 2835 τί
680 2777 757 2849 μὴ
786 2778 927 2831 είπω
971 2778 1090 2847 μετ’
1134 2776 1361 2845 είρήνης
1387 2788 1403 2804 ο
1448 2791 1467 2825 ι
1504 2770 1837 2843 Ἀπέρχεσθε
1875 2770 2057 2831 καλῶς

484 2875 565 2935 si;
609 2870 706 2942 τὴν
739 2870 903 2938 ἁγίαν
950 2868 1150 2935 Σοφίαν
1202 2866 1331 2920 ὅθεν
1373 2865 1667 2936 βούλεσθε*
1738 2862 1850 2930 ἐγὼ
1890 2863 2056 2916 πάλιν

483 2963 680 3017 διέλθω
710 2962 799 3016 διὰ
820 2964 919 3031 τῆς
951 2958 1074 3013 ὁδοῦ
1109 2960 1176 3029 ἢν
1203 2958 1298 3012 καὶ
1333 2958 1452 3027 μεθ’
1482 2955 1637 3018 ὑμῶν
1667 2954 1849 3024 πολλῷ
1880 2956 2056 3023 χρόνῳ

489 3053 653 3123 178
685 3052 1015 3122 διηρχόμην,
1062 3055 1159 3101 καὶ
1194 3048 1365 3115 καλὴν
1400 3048 1575 3115 αὐτὴν
1610 3046 1707 3098 καὶ
1734 3045 1864 3115 παρ’
1901 3043 2056 3112 ὑμῶν

2165 564 2241 634 μὴ
2271 563 2655 633 ὡφελὴσασαν,
2696 564 2815 620 ἀλλ’
2850 566 3037 620 ῑνεκεν
3062 568 3161 635 τῆς
3194 569 3579 637 ἀσυμφωνίας.
3616 571 3736 621 Εἴθε

2161 655 2355 718 ῑνωσις
2386 657 2471 726 εῐη
2504 656 2613 709 τῶν
2637 656 2974 724 ἐκκλησιῶν,
2998 660 3095 711 καὶ
3124 657 3425 727 ὑστερῆσαι
3460 675 3527 727 με
3556 661 3583 711 ὁ
3607 662 3736 717 Θεὸς

2160 747 2271 801 τῶν
2303 747 2602 818 ὀφθαλμῶν
2642 767 2768 819 μου.
2795 750 2956 803 Ἀλλὰ
2986 751 3075 804 διὰ
3118 750 3210 815 τίς
3262 753 3345 804 δτι
3403 752 3500 804 καὶ
3529 753 3667 820 αὐτὴ
3701 755 3733 823 ἡ

2160 842 2260 912 τῆς
2291 843 2513 895 συνόδου
2560 842 2821 905 ὑπόθεσις
2856 837 2924 911 ἦν
2960 843 3108 895 αίτία
3145 842 3338 915 πρώτη
3376 844 3469 896 καὶ
3524 846 3736 912 μεγάλη

2164 933 2249 986 ἵνα
2280 936 2508 1004 γένηται
2558 936 2764 1003 ήκατὰ
2807 939 2907 1005 τῆς
2952 936 3588 997 Κωνσταντινουπόλ.εως
3631 937 3736 988 τῶν

2163 1023 2379 1078 ἀσεϐῶν
2403 1024 2617 1092 ἔφοδος,
2648 1027 2745 1078 καὶ
2772 1025 2883 1079 ἀπὸ
2928 1026 3134 1094 ταύτης
3164 1025 3329 1079 πάλιν
3370 1027 3405 1094 ἡ
3449 1026 3736 1095 πολιορκία

2162 1116 2257 1167 καὶ
2289 1107 2639 1186 αίχμαλωσία
2674 1118 2772 1169 καὶ
2800 1118 3031 1187 τοιαύτη
3081 1118 3176 1171 καὶ
3207 1118 3446 1187 τοσαύτη
3479 1100 3735 1186 συμμεθιρὰ

2162 1208 2351 1278 ήμῶνο
2388 1210 2483 1261 καὶ
2509 1209 2783 1262 ἀκούσατε
2815 1209 3003 1277 λόγους
3041 1208 3290 1279 ἀληθείς,
3326 1210 3426 1280 τήν
3452 1210 3735 1276 Ausonii)-

2162 1300 2314 1354 θειαν
2347 1302 2758 1371 προϐαλομένου
2794 1321 2897 1372 μου
2926 1304 3253 1372 μαρτυρίαν.

2235 1390 2402 1445 Εἶπεν
2436 1396 2464 1447 ό
2487 1394 2736 1463 ἀοίδιμος
2774 1394 3029 1462 βασιλεὺς
3059 1394 3165 1464 κὺρ
3194 1394 3451 1465 Μανουὴλ
3479 1396 3618 1464 πρὶς
3643 1397 3734 1447 τὸν

2162 1486 2279 1539 υἱὸν
2312 1484 2503 1551 αὑτοῦ,
2547 1485 2639 1538 τδν
2689 1485 2915 1555 βασιλέα
2944 1490 3048 1557 κίιρ
3073 1486 3353 1556 Ἰωάννην,
3404 1487 3568 1555 μόνος
3600 1489 3731 1557 πρὶς

2162 1579 2345 1646 μόνον,
2388 1578 2570 1647 κάμοῦ
2609 1580 2774 1646 μόνου
2823 1580 3120 1646 ἱσταμένου
3156 1580 3469 1649 ἔμπροσθεν
3516 1580 3729 1632 αὐτῶν

2161 1670 2254 1722 καὶ
2296 1671 2620 1732 ἐκπεσόντος
2664 1670 2825 1738 λόγου
2869 1673 2998 1737 περὶ
3020 1675 3121 1739 τῆς
3153 1672 3375 1724 συνόδου
3408 1671 3512 1741 ἔφη
3545 1688 3557 1700 ·
3589 1690 3610 1723 ι
3640 1672 3729 1723 Ti!

2165 1777 2293 1829 μου,
2326 1762 2558 1831 βεϐαίως
2594 1764 2686 1815 καὶ
2718 1762 2939 1832 ἀληθῶς
2966 1763 3309 1831 ἐπιστάμεθα
3346 1765 3406 1815 ὲκ
3439 1764 3608 1831 μέσον
3636 1764 3730 1829 τῆς

2162 1854 2393 1921 καρδίας
2418 1855 2599 1908 αὐτῶν
2628 1855 2690 1924 δὴ
2718 1855 2829 1908 τῶν
2860 1854 3092 1921 ἀσεϐῶν,
3128 1857 3214 1909 ὅτι
3244 1856 3364 1909 λίαν
3397 1857 3728 1922 διστάζουσι,

2161 1945 2491 2014 φοϐούμενοι
2544 1930 2618 2014 μή
2666 1962 2783 2009 πως
2821 1949 3278 2017 συμφωνήσωμεν
3318 1950 3414 2001 καὶ
3446 1948 3731 2016 ἑνωθὼμεν

2159 2040 2273 2099 τοῖς
2315 2038 2555 2101 δυτικοϊς
2602 2040 2953 2107 Χριστιανθὶς
2977 2054 2990 2069 ο
3025 2039 3175 2092 δοκεῖ
3202 2040 3313 2108 γὰρ
3358 2040 3545 2101 αὐτοῖς
3577 2039 3657 2091 ὅτι
3684 2042 3730 2091 εί

2159 2127 2317 2180 τοῦτο
2340 2129 2589 2198 γένηται,
2617 2130 2911 2199 γενήσεταί
2936 2147 2986 2182 τι
3021 2131 3192 2183 κακὸν
3223 2130 3367 2199 μέγα
3398 2130 3523 2183 κατ’
3550 2131 3729 2183 αὐτῶν

2161 2220 2312 2290 παρὰ
2341 2220 2448 2273 τῶν
2494 2222 2802 2290 είρημένων
2844 2222 3080 2274 δυτικὼν
3108 2222 3176 2274 δι’
3206 2223 3378 2291 ἡμᾶς.
3426 2223 3631 2275 Δοιπδν
3673 2224 3730 2273 rb

2160 2313 2288 2377 περὶ
2319 2312 2418 2379 τῆς
2451 2312 2675 2365 συνόδου
2728 2312 2929 2382 μελέτα
2969 2313 3070 2382 μὲν
3104 2313 3237 2364 αὐτὸ
3286 2315 3382 2364 καὶ
3420 2312 3600 2380 ζήτει,
3641 2313 3729 2363 καὶ

2162 2403 2395 2473 μάλιστα
2428 2406 2556 2458 ὅταν
2578 2404 2771 2472 χρείαν
2798 2404 2947 2473 ἔχεις
2978 2402 3218 2473 φοϐῆσαι
3248 2405 3375 2467 τοὺς
3400 2405 3644 2467 ἀσεϐεῖς.
3675 2406 3730 2457 rb

2159 2496 2216 2548 δὲ
2258 2497 2486 2562 ποιῆσαι
2527 2497 2700 2565 αὐτὴν
2749 2498 2948 2567 μηκέτι
2984 2498 3359 2569 ἐπιχειρισθῇς
3402 2498 3559 2561 αὐτὸ,
3595 2500 3727 2553 διότι

2159 2586 2234 2649 ὡς
2266 2587 2451 2657 βλέπω
2480 2589 2609 2652 τοὺς
2640 2590 2975 2658 ἡμετέρους,
3002 2588 3103 2642 οὐκ
3133 2592 3271 2642 είσιν
3301 2592 3556 2661 ἀρμόδιοι
3592 2594 3730 2659 πρὸς

2158 2680 2220 2733 τὸ
2246 2681 2430 2748 εὑρεῖν
2481 2681 2706 2749 μέθοδον
2739 2684 2834 2734 καὶ
2880 2682 3083 2753 τρόπον
3117 2682 3363 2746 ἐνὼσεως
3409 2684 3729 2753 συμφωνίας

2158 2788 2218 2825 τε
2249 2775 2343 2826 καὶ
2382 2774 2605 2843 εἰρήνης
2645 2773 2805 2843 179
2845 2774 2940 2827 καὶ
2970 2776 3191 2845 ἀγάπης
3233 2775 3330 2827 καὶ
3370 2775 3647 2845 ὁμονοίας,
3682 2777 3730 2830 sl

2161 2864 2236 2936 μὴ
2266 2864 2611 2935 φροντίζουσι
2656 2868 2792 2935 πρὸς
2838 2866 2898 2919 τὸ
2935 2866 3259 2937 ἐπιπρέψαι
3308 2868 3531 2930 αὐτοὺς.
3582 2869 3728 2936 λέγω

2158 2959 2285 3019 τοὺς
2306 2957 2585 3023 δυτικοὺς,
2614 2957 2688 3021 ὡς
2714 2953 2859 3028 ἦμεν
2882 2958 3146 3029 ἀρχῆθεν.
3176 2959 3346 3013 Τοῦτο
3376 2960 3433 3015 δὲ
3464 2962 3731 3016 ἀδύνατον

2158 3046 2361 3111 ὄντως·
2395 3047 2585 3119 σχεδὸν
2618 3052 2727 3119 γὰρ
2761 3049 3036 3119 φοϐοῦμαι
3068 3050 3145 3122 μὴ
3174 3052 3268 3104 καὶ
3302 3055 3487 3123 χεῖρον
3520 3055 3727 3123 σχίσμα

485 3149 584 3201 καὶ
630 3146 737 3199 τῶν
769 3142 1064 3213 ’προγόνων
1122 3140 1577 3212 μαρτυρουμένην
1604 3138 1721 3199 ,καὶ
1773 3135 2055 3207 διερχομέ-
2081 3138 2127 3200 C
2158 3138 2411 3210 γένηται’
2440 3142 2531 3192 καὶ
2556 3141 2665 3193 ίδοίι
2686 3141 3158 3212 ἁπεκαλύφθημεν
3182 3146 3297 3206 τοῖς
3318 3144 3562 3197 ἀσεϐέσι.
3579 3164 3598 3197 ι
3619 3145 3728 3199 Τοῦ

488 3326 671 3395 tisque
718 3334 824 3377 tam
876 3319 1142 3379 senatorii
1174 3318 1404 3383 ordinis,
1435 3330 1599 3389 quam
1636 3312 1891 3370 Ecclesiae
1922 3313 2052 3369 viris

490 3417 824 3487 primoribus
870 3424 925 3469 et
954 3413 1223 3467 universis
1254 3408 1645 3479 propemodum
1693 3408 2054 3476 ntetropoiitis

486 3520 541 3564 et
569 3508 866 3578 episcopis,
902 3511 1124 3574 prapter
1162 3516 1305 3565 eam,
1334 3514 1497 3570 quam
1524 3497 1910 3559 meditabatur,
1956 3498 2049 3552 sed

487 3604 716 3660 cuinon
742 3598 966 3668 profuit,
1003 3596 1106 3663 vel,
1140 3603 1198 3650 ut
1227 3594 1407 3665 aptius
1444 3592 1645 3654 dicam,
1676 3604 1798 3659 quae
1822 3590 1935 3659 ipsa
1970 3589 2055 3641 ni-

485 3698 563 3753 ιιι
589 3693 817 3767 profuit,
852 3688 1138 3745 Florentia
1182 3694 1428 3743 coactam
1471 3683 1739 3754 synodum
1777 3680 2049 3735 discessit.

484 3790 638 3858 lu‘ca
678 3787 843 3858 igitur
889 3798 1014 3839 cum
1063 3779 1291 3850 reliquis
1328 3778 1589 3832 omnibus
1625 3774 1764 3830 nihil
1826 3772 2054 3842 profecit

486 3854 784 3951 imperator
816 3896 829 3931 :
866 3874 1017 3945 quod
1057 3887 1165 3925 non
1204 3870 1273 3925 de
1302 3868 1577 3937 dogmatis
1608 3862 1868 3920 Ecclesia
1890 3864 2052 3951 dicor:

485 3987 550 4027 ea
572 3950 730 4023 enim
759 3967 880 4021 aliis
913 3968 1038 4018 data
1077 3967 1205 4015 sunt
1228 3957 1546 4027 judicanda,
1583 3968 1650 4008 ac
1684 3952 1819 4006 mihi
1854 3950 2053 4004 snllicit

484 4066 644 4138 quasi
680 4062 996 4119 hereditate
1035 4074 1066 4112 a
1106 4055 1409 4123 majoribus
1454 4057 1675 4118 accepta
1717 4048 1872 4111 fides,
1918 4061 2054 4115 quo-

485 4162 633 4216 niam
673 4172 701 4211 a
734 4157 953 4210 nemine
974 4148 1264 4205 contrariae
1285 4145 1458 4216 partis
1484 4141 1695 4197 assecla
1721 4139 1925 4203 audivi,
1951 4138 2053 4192 do-

486 4260 667 4323 gmata
701 4257 888 4303 nostra
913 4258 1076 4313 prava
1112 4257 1255 4303 esse,
1289 4241 1399 4293 into
1421 4237 1601 4306 potius
1630 4235 1855 4305 pulchra
1876 4242 1929 4288 et
1955 4247 2053 4285 an-

488 4348 661 4413 tiqua,
682 4350 993 4410 quanquam
1017 4348 1114 4388 nec
1137 4348 1234 4387 sua
1253 4331 1504 4400 dogmata
1529 4342 1713 4395 prava,
1747 4327 1839 4379 sed
1858 4334 1912 4378 et
1934 4324 2051 4388 ipsa

2157 3332 2320 3389 quam
2352 3319 2632 3375 vobiscum
2665 3322 2757 3375 diu
2792 3324 3073 3391 usurpari,
3110 3332 3163 3380 et
3183 3326 3466 3396 pulchram
3496 3328 3645 3382 illam
3675 3339 3725 3384 et

2155 3426 2187 3465 a
2220 3412 2489 3466 nobismet
2506 3429 2567 3466 ac
2592 3415 2890 3482 majoribus
2909 3417 3190 3485 probatam
3213 3430 3643 3489 usurpatamque
3660 3421 3684 3473 ἲ
3699 3444 3714 3472 ι

2157 3502 2273 3557 Non
2308 3504 2408 3559 hac
2468 3506 2535 3558 de
2565 3519 2730 3559 causa
2767 3505 2934 3574 igitur
2968 3510 3236 3578 synodum
3286 3511 3422 3565 nihil
3452 3513 3724 3583 profuisse

2156 3594 2293 3662 dixi,
2322 3596 2416 3651 sed
2446 3608 2669 3668 prapter
2702 3598 3057 3657 discordiam.
3091 3600 3311 3656 Utinam
3348 3606 3498 3661 iieret
3543 3609 3727 3662 conci—

2156 3689 2310 3745 liatio
2334 3690 2695 3744 ecclesiarum
2732 3690 2748 3744 i
2782 3692 2866 3746 sic
2888 3706 2988 3761 ego
3014 3708 3122 3747 non
3151 3709 3488 3761 recusarem,
3519 3700 3722 3767 privari

2157 3796 2244 3835 me
2300 3797 2330 3835 a
2367 3780 2477 3835 Deo
2496 3781 2694 3836 oculis.
2734 3781 3003 3837 Nimirum
3034 3785 3149 3853 ipsa
3184 3786 3329 3842 illius
3354 3790 3550 3858 synodi
3576 3805 3721 3859 quau

2155 3875 2264 3929 stio
2302 3889 2466 3928 causa
2520 3875 2697 3943 prima
2736 3882 2789 3929 et
2825 3878 3149 3945 gravissima
3186 3888 3303 3933 erat
3361 3873 3722 3950 expeditionis

2154 3967 2221 4023 ab
2249 3968 2430 4038 impiis
2447 3977 2635 4021 contra
2667 3967 2876 4038 Cpolim
2906 3980 3173 4039 susceptae
3198 3983 3362 4042 atque
3379 3974 3575 4030 deinde
3593 3992 3722 4031 con-

2153 4068 2358 4114 secutae
2386 4059 2724 4114 obsessionis
2755 4070 2811 4115 et
2839 4064 3267 4132 expugnationis
3292 4076 3346 4120 et
3375 4074 3541 4121 tantae
3564 4068 3721 4135 hujus

2154 4149 2325 4204 cladis
2380 4158 2581 4204 nostra:
2613 4167 2627 4203 :
2668 4151 2811 4220 agite
2843 4152 3029 4206 audite
3062 4172 3076 4217 ;
3112 4156 3398 4212 audituros
3452 4173 3550 4213 vos
3605 4176 3720 4216 esse

2153 4243 2497 4297 narrationes
2529 4236 2708 4306 ve‘ras,
2746 4252 2917 4298 testor
2960 4259 3107 4311 eum,
3133 4248 3327 4316 quiest
3362 4250 3473 4318 ipsa
3502 4252 3719 4305 veritas.

2226 4336 2515 4391 Gloriosus
2547 4337 2846 4405 imperator
2881 4338 3092 4394 Manuel
3128 4340 3391 4396 Joannem
3431 4345 3599 4398 lilium
3622 4348 3719 4399 im-

485 4434 713 4507 pnlchra
734 4444 857 4485 esse
889 4424 1245 4481 contendunt.
1283 4423 1457 4487 Quam
1487 4433 1599 4473 rem
1625 4419 1700 4471 ila
1733 4416 1917 4471 licebit
1947 4430 2046 4524 0r“
2076 4463 2128 4524 Β
2156 4436 2459 4498 peratorem
2481 4428 2629 4482 solus
2656 4430 2859 4491 solum,
2887 4445 2973 4483 me
2996 4432 3158 4485 unico
3189 4439 3560 4500 astantc,cnm
3590 4433 3725 4490 forte

484 4505 666 4591 emplo
690 4520 983 4574 illustrare.
1021 4513 1081 4568 Si
1111 4513 1192 4566 via
1225 4512 1314 4565 illa
1341 4526 1435 4580 per
1474 4509 1709 4563 mediam
1746 4508 1935 4562 urbem
1967 4505 2047 4559 fe-

487 4625 641 4671 rente
676 4612 836 4683 plana
869 4618 923 4665 et
945 4606 1125 4675 ampla
1154 4619 1251 4676 per
1280 4604 1497 4672 longum
1522 4601 1785 4669 temporis
1816 4600 2047 4667 spatium

489 4722 613 4763 cum
670 4703 796 4758 aliis
844 4698 1171 4770 quibusdam
1209 4694 1441 4765 profecti
1481 4705 1727 4746 essemus
1752 4689 1821 4744 ad
1846 4702 2051 4745 sancite

490 4797 710 4868 Sophia
738 4794 1019 4863 templum,
1062 4788 1278 4850 deinde,
1318 4793 1442 4855 post
1483 4781 1698 4851 aliquod
1727 4793 1941 4849 tempus
1969 4782 2053 4832 in-

490 4901 651 4947 veuta
686 4904 715 4942 a
766 4884 1046 4941 nonnullis
1091 4881 1198 4936 alia
1228 4880 1337 4944 via,
1364 4887 1420 4933 et
1456 4876 1603 4945 ipsa,
1646 4884 1705 4927 ut
1728 4872 1805 4927 illi
1833 4872 2049 4939 quidem

487 4986 753 5044 dicerent,
772 4978 964 5034 eodem
995 4977 1224 5038 ferente,
1253 4972 1673 5025 cohortarentur
1703 4980 1788 5018 me
1815 4966 1899 5018 his
1934 4980 2053 5018 ver-

486 5076 607 5132 bis:
635 5091 661 5124 ι
683 5070 849 5127 Utare
874 5080 930 5124 tu
956 5082 1177 5137 quoque
1205 5066 1329 5129 hac,
1360 5076 1523 5131 quam
1559 5060 1892 5123 invenimus,
1918 5059 2003 5112 via
2032 5074 2048 5122 ;

486 5166 701 5223 etiamsi
727 5164 873 5220 enim
896 5162 1143 5231 ista,qua
1177 5167 1233 5212 tu
1261 5156 1459 5219 uteris,
1491 5153 1722 5224 pulchra
1745 5160 1800 5206 et
1824 5151 2048 5219 antiqua

487 5267 574 5315 ast
602 5271 666 5311 ac
705 5254 863 5310 nobis
900 5252 1108 5321 pridem
1149 5258 1277 5304 nota
1317 5256 1371 5301 et
1401 5245 1683 5300 vobiscum
1718 5243 1936 5305 usitata,
1971 5257 2052 5294 ta-

490 5364 614 5406 men
627 5347 791 5402 etiam
814 5346 927 5398 bac
945 5342 1170 5411 pulchra
1192 5350 1294 5399 est.
1314 5353 1479 5409 quam
1500 5334 2001 5397 nuncinvenimus;
2030 5350 2051 5383 ι

376 5418 381 5421 ’
487 5455 590 5511 ego
624 5447 806 5493 autem
847 5436 917 5489 ab
956 5434 1081 5488 aliis
1110 5432 1380 5495 audirem,
1418 5429 1700 5499 pulchram
1737 5439 1856 5478 eam
1901 5437 2051 5486 esse,

491 5535 559 5585 ab
581 5529 724 5592 aliis,
753 5542 861 5582 non
894 5524 1196 5595 pulchram,
1214 5531 1463 5590 essetque
1486 5520 1630 5574 inter
1647 5528 1907 5585 utrosque
1932 5516 2055 5571 dis-

488 5620 679 5678 sensio
706 5628 762 5673 et
785 5615 1058 5673 discordia
1083 5631 1097 5667 :
1132 5613 1323 5682 quidni
1362 5624 1464 5681 ego
1490 5611 1672 5680 quiete
1716 5609 1790 5662 ita
1821 5622 2051 5676 respon-

2159 4524 2224 4574 de
2254 4521 2463 4591 synodo
2498 4520 2706 4575 mentio
2739 4521 3043 4586 incidisset,
3083 4523 3162 4578 sic
3197 4533 3279 4578 est
3308 4525 3542 4581 affatus:
3581 4545 3599 4580 ι
3625 4522 3725 4580 Fili

2160 4612 2476 4680 mi,inqnit,
2513 4626 2640 4665 vere
2695 4627 2759 4666 ae
2782 4621 2932 4666 certo
2972 4615 3180 4669 scimus
3211 4617 3511 4686 exploratis
3536 4620 3725 4688 impioa

2160 4719 2276 4758 rum
2300 4703 2509 4759 intimis
2535 4704 2809 4768 sensibus,
2843 4707 3196 4762 vehementer
3227 4724 3323 4764 eos
3355 4712 3478 4779 angi
3520 4728 3585 4767 ac
3616 4714 3721 4767 for-

2160 4797 2388 4862 midare,
2447 4812 2513 4850 ne
2578 4798 2796 4867 quando
2847 4800 3203 4855 conciliemur
3236 4813 3289 4857 et
3328 4805 3721 4873 conjungamur

2160 4904 2281 4943 cum
2304 4887 2633 4942 Christianis
2658 4889 3111 4944 occidentalibus.
3144 4890 3254 4946 ﬂor:
3278 4895 3427 4947 enim
3454 4896 3499 4948 si
3522 4895 3636 4960 fiat,
3656 4899 3717 4950 ab

2161 4983 2250 5046 iis,
2297 4996 2433 5051 quos
2477 4981 2609 5038 dixi.
2654 4981 3081 5038 occidentalibus
3128 5000 3326 5053 magno
3366 4998 3487 5043 sese
3520 4991 3718 5045 damno

2159 5085 2379 5145 propter
2403 5090 2502 5129 nos
2531 5085 2821 5129 mactatum
2846 5076 2910 5127 iri
2938 5085 3148 5143 putant.
3167 5077 3432 5141 Cancrum
3455 5082 3635 5149 cogita
3657 5087 3717 5138 de

2158 5168 2365 5238 synodo
2394 5175 2449 5221 et
2484 5180 2595 5220 rem
2639 5180 2784 5220 curre
2822 5168 2984 5233 habe,
3022 5170 3351 5237 praesertim,
3404 5187 3529 5227 cum
3574 5175 3720 5245 impii

2156 5259 2251 5314 tibi
2284 5257 2512 5311 timendi
2541 5266 2703 5323 sunt;
2733 5272 2924 5327 cogere
2954 5270 3136 5313 autem
3165 5275 3284 5313 eam
3307 5277 3370 5315 ne
3396 5263 3509 5331 jam
3538 5282 3722 5336 ngng-

2155 5348 2328 5411 diare,
2356 5350 2616 5416 quoniam
2648 5357 2950 5413 nostrates,
2974 5359 3031 5403 ut
3061 5350 3193 5404 mihi
3235 5353 3456 5421 quidem
3489 5356 3719 5423 videtur,

2156 5441 2223 5495 ad
2250 5440 2628 5494 inveniendam
2652 5442 2921 5495 rationem
2949 5442 3280 5513 modumque
3297 5448 3718 5514 coniunctionis,

2156 5546 2479 5596 consensus,
2522 5532 2691 5601 pacis,
2744 5531 3031 5588 cbaritatis
3056 5543 3111 5589 et
3165 5537 3471 5596 concordia
3521 5555 3721 5611 nequa-

2160 5637 2324 5692 quam
2362 5624 2471 5691 apti
2528 5633 2679 5686 sunt,
2712 5624 2806 5678 sed
2855 5637 2973 5690 eos,
3013 5626 3377 5683 occidentales
3405 5629 3548 5695 dico,
3596 5635 3724 5685 tales

488 5715 709 5769 det-em:
741 5729 767 5763 s
800 5708 876 5765 Ite
922 5722 1041 5773 vos.
1066 5721 1177 5777 qua
1212 5704 1407 5774 piaret,
1437 5705 1505 5757 ad
1558 5704 1812 5771 templum
1855 5712 2054 5755 sancta

2164 5714 2343 5767 facere
2362 5718 2602 5769 animum
2626 5718 2915 5784 inducunt,
2939 5715 3131 5787 quales
3164 5710 3371 5773 fuimus
3400 5723 3717 5791 antiquitus.

497 5803 715 5876 Sophia
748 5824 763 5870 ;
793 5817 898 5874 ego
925 5800 1153 5872 posthac
1181 5811 1399 5869 quoque
1426 5796 1712 5865 usurpabo
1740 5796 1880 5849 viam
1911 5810 2055 5859 eam,

2166 5806 2317 5871 Quini
2368 5806 2608 5877 profecto
2638 5807 2754 5864 fieri
2785 5823 2892 5866 non
2926 5819 3139 5882 potest;
3176 5827 3237 5867 ac
3263 5814 3426 5868 timeo
3463 5827 3624 5882 pene,
3659 5830 3720 5868 ne
