3976 6564
283 443 396 510 785

1336 444 1777 510 CHRONICON
1810 446 2086 510 MAJUS.
2110 466 2176 484 δ·-
2217 448 2372 509 LIB.
2414 447 2496 509 II.

3394 440 3535 504 786'

264 555 327 608 δὲ
361 551 646 622 βασιλέως,
669 552 838 618 ἔδοξε,
865 553 941 625 μὴ
971 553 1273 624 δεξαμένου
1303 557 1394 610 τὸν
1417 557 1575 626 λόγον
1603 558 1698 612 τοῦ
1732 577 1842 614 πα·
1867 559 1916 620 Δ
1944 560 2037 614 τοῦ
2093 561 2364 631 βασιλέως
2420 561 2531 616 ἀπὸ
2576 562 2674 632 τῆς
2706 560 2915 621 πόλεως
2968 561 3063 614 καὶ
3109 559 3512 628 ἀπερχομένου,

266 647 402 720 τρδς
434 644 625 714 αὐτοῦ,
666 646 830 718 μηδὲν
870 647 1042 704 εἰπὼν
1074 649 1313 712 ἀναστὰς
1341 650 1577 720 ἀπῆλθε.
1612 652 1723 706 Καὶ
1758 671 1842 721 μι-

265 738 406 810 κρδν
466 738 690 800 σύννους
742 739 979 808 γεγονὼς
1023 742 1051 795 δ
1087 743 1402 812 μακαρίτης
1452 744 1547 796 καὶ
1599 745 1843 813 ἀοίδιμος

265 833 458 902 πατὴρ
483 831 672 896 αὑτοῦ,
725 832 1005 904 ἐμϐλέψας
1055 835 1192 905 πρὸς
1226 834 1294 904 μὲ
1339 829 1493 888 εἴπεο
1525 855 1543 888 ι
1580 839 1738 890 Δοκεῖ
1763 837 1842 907 τῷ

270 924 489 992 βασιλεῖ
515 923 592 993 τῷ
625 924 724 993 ιιίῷ
762 941 866 995 μου
899 922 1039 978 εἶναι
1081 926 1246 980 αύτδν
1276 928 1542 998 ἁρμόδιον
1590 930 1838 999 βασιλέα,

269 1017 416 1087 πλὴν
445 1016 506 1070 ού
533 1017 627 1071 τοῦ
655 1019 926 1088 παρόντος
955 1019 1153 1090 καιροῦ
1172 1037 1185 1052 ·
1217 1020 1405 1091 βλέπει
1436 1025 1545 1092 γὰρ
1571 1026 1668 1077 καὶ
1704 1041 1839 1095 cppe-

267 1109 356 1158 νεῖ
386 1106 622 1176 μεγάλα,
664 1110 758 1162 καὶ
781 1111 1006 1163 τοιαῦτα
1036 1106 1122 1164 οἷα
1172 1113 1222 1164 οί
1252 1114 1438 1184 καιροὶ
1485 1113 1716 1184 ἔχρῃζον
1749 1114 1843 1168 ἐπὶ

273 1200 375 1263 τῆς
404 1198 708 1266 εὐημερίας
741 1199 850 1252 τῶν
883 1203 1166 1270 προγόνων
1190 1205 1371 1272 ἡμῶν.
1406 1205 1552 1274 Πλὴν
1574 1209 1637 1276 τῇ
1670 1206 1842 1278 σήμε-

275 1303 371 1352 ρον
390 1287 465 1351 ὠς
491 1291 996 1367 παρακολουθοῦσιν
1026 1294 1175 1364 ἡμᾶς
1205 1295 1273 1348 τὰ
1298 1296 1617 1368 πράγματα,
1645 1299 1707 1351 ού
1745 1300 1842 1367 βα·

271 1377 430 1432 σιλια
460 1379 602 1434 θέλει
627 1381 782 1450 ἡμῶν
804 1385 836 1454 ἡ
859 1384 1027 1456 ἀρχὴ,
1060 1385 1175 1438 ἀλλ’
1213 1387 1498 1456 οἰκονόμον
1519 1406 1534 1421 ο
1566 1389 1842 1458 φοϐοῦμαι

270 1469 383 1538 γὰρ
414 1470 487 1539 μή
516 1488 648 1525 ποτε
678 1475 741 1526 ἐκ
767 1473 875 1526 τῶν
907 1478 1230 1547 ποιημάτων
1262 1479 1359 1532 καὶ
1392 1477 1842 1552 ἐπιχειρημάτων

269 1562 439 1616 αὑτοῦ
475 1565 699 1634 γένηται
727 1567 1009 1638 χαλασμδς
1040 1569 1136 1622 τοῦ
1165 1570 1316 1624 οἴκου
1343 1571 1533 1626 τούτου
1553 1589 1565 1602 ·
1593 1574 1843 1642 προείδον

268 1655 385 1723 γὰρ
434 1656 530 1710 καὶ
579 1658 676 1721 τάς
719 1658 1048 1729 ἐνθυμήσεις
1098 1663 1290 1726 αὑτοῦ,
1333 1664 1428 1716 καὶ
1463 1666 1564 1717 ὅσα
1619 1666 1840 1732 ἑδόξασε

270 1745 622 1829 κατορθῶσαι
667 1753 805 1817 μετὰ
835 1752 930 1804 τοῦ
973 1754 1301 1823 Μουσταφᾶ,
1332 1756 1424 1808 καὶ
1466 1753 1606 1810 εἶδον
1651 1758 1748 1811 καὶ
1773 1761 1843 1813 τὰ

268 1833 401 1904 τέλη
454 1835 565 1890 τῶν
613 1837 926 1908 δογμάτων,
976 1843 1036 1895 ἐν
1081 1841 1188 1898 τίνι
1243 1846 1477 1917 κινδύνῳ
1514 1849 1660 1918 ἡμᾶς
1704 1849 1842 1921 ἡγα-

268 1940 388 1991 γον.
416 1945 435 1978 ι

342 2014 570 2090 Ἕτερον
600 2020 855 2090 βεϐαιοῦν
901 2026 1002 2096 τήν
1044 2044 1174 2082 ποτε
1210 2029 1410 2101 βουλὴν
1450 2031 1546 2086 τοῦ
1591 2033 1842 2103 ἀοιδίμου

266 2112 479 2178 πατρὸς
537 2112 724 2167 αὐτοῦ.
794 2115 883 2182 Ὠς
936 2119 1157 2190 ἔκρινεν
1205 2122 1294 2176 ἴνα
1353 2125 1565 2196 ἀπέλθῃ
1617 2128 1698 2189 είς
1740 2129 1844 2198 τὴν

263 2197 511 2266 σύνοδον,
544 2205 749 2275 ἐστάλη
783 2209 922 2280 προς
947 2213 1040 2266 τὸν
1075 2215 1303 2285 άμηρᾶν
1349 2219 1595 2287 πρέσϐυς
1625 2197 1845 2292 ’Λνδρύ-

265 2309 419 2357 νικος
463 2297 496 2356 ὁ¹
539 2298 762 2368 ’Ῑαγρος
814 2302 1060 2371 δηλῶσαι
1111 2296 1273 2363 τοῦτο
1326 2310 1464 2378 πρὸς
1512 2314 1719 2366 ἐκεῖνον
1768 2313 1844 2377 ὡς

262 2383 410 2452 τάχα
440 2387 592 2455 φίλον
624 2395 719 2446 καὶ
742 2393 976 2465 ἀδελφόν
995 2411 1010 2427 ’
1039 2399 1292 2464 κάκεῖνος
1321 2401 1663 2470 ἀπεκρίνατο

263 2477 352 2530 δτι
379 2497 397 2530 ι
431 2480 506 2534 υύ
536 2484 791 2550 φαίνεταί
824 2504 918 2558 μοι
942 2490 1110 2544 καλὸν
1137 2487 1280 2546 εἶναι
1312 2494 1400 2548 ἶνα
1424 2494 1614 2569 ὑπάγῃ
1640 2498 1732 2550 καὶ
1750 2514 1842 2550 το-

264 2569 460 2624 σοῦτον
509 2576 764 2649 μοχθήσῃ
810 2582 904 2634 καὶ
953 2585 1321 2659 καταναλώσῃ
1363 2587 1456 2640 τὸν
1489 2589 1604 2658 βίον
1647 2589 1840 2657 αὐτοῦ,

264 2663 364 2716 καὶ
395 2667 694 2734 μετέπειτα
721 2673 774 2725 τί
807 2673 868 2726 τὸ
898 2676 1128 2746 κέρδος;
1166 2679 1299 2733 Ἰδοὺ
1334 2681 1448 2749 ἐγὼ
1473 2682 1616 2752 ὑπὲρ
1647 2681 1839 2748 αὑτοῦ,

263 2756 317 2809 εί
345 2760 538 2828 χρείαν
573 2762 684 2831 ἔχει
712 2768 1016 2834 χρημάτων
1045 2768 1112 2822 δι’
1149 2769 1328 2835 ἔξοδον
1361 2768 1456 2826 καὶ
1483 2773 1694 2829 εἴσοδον
1742 2777 1842 2830 καὶ

261 2848 396 2905 ἄλλο
419 2869 470 2905 τι
507 2855 644 2923 πρὸς
691 2856 998 2928 θεραπείαν
1027 2863 1218 2926 αὑτοῦ,
1255 2865 1482 2934 ἕτοιμός
1523 2867 1644 2938 ειμι
1680 2867 1842 2937 θερα-

269 2940 470 2997 πεῦσαι
504 2947 718 3002 αὐτόν.»
754 2951 863 3005 Kal
891 2954 1112 3020 ἐγένετο
1137 2957 1307 3021 πολὺς
1331 2959 1491 3025 λόγος
1525 2961 1619 3013 καὶ
1649 2959 1846 3032 βουλὴ..

262 3035 498 3107 πότερον
528 3040 756 3112 γένηται
782 3044 844 3096 τὸ
874 3047 969 3099 τοῦ
1001 3048 1197 3118 άμηρά
1224 3049 1463 3120 θέλημα,
1503 3052 1536 3122 ἢ
1574 3055 1839 3111 ἀπελθεῖν

1945 652 2305 708 ἐϐουλεύσατο
2361 655 2391 708 δ
2431 654 2660 724 dirupi;
2707 653 2934 723 ποιῆσαι
2989 651 3173 722 μάχην
3225 653 3368 706 κατὰ
3419 655 3519 720 τῆς

1945 745 2155 808 πόλεως
2202 745 2296 800 καὶ
2345 744 2689 816 στρατόπεδα
2741 743 2959 814 πέμψαι
3012 743 3134 798 κατ’
3178 743 3372 813 αὐτῆς.
3406 746 3520 798 Kal

1943 835 2101 889 τοῦτο
2143 836 2294 907 παρὰ
2325 839 2462 890 πᾶσι
2497 840 2609 899 τοῖς
2642 835 2810 891 αὐτοῦ
2859 834 3167 904 ἐϐεϐαιώθη
3222 835 3317 888 καὶ
3365 837 3518 888 ἑστε-

1947 927 2150 998 ρεώθη,
2178 930 2306 983 ἄνευ
2352 929 2518 1000 μόνου
2553 928 2645 982 τοῦ
2680 929 2852 982 Χαλὶλ
2898 927 3142 997 μπασιᾶ,
3173 928 3322 988 ὅστις
3355 927 3518 980 ἀντέ-

1945 1039 2068 1090 στη,
2089 1022 2262 1090 λέγων
2287 1024 2368 1077 ὅτι
2399 1042 2419 1076 ι
2441 1025 2500 1077 Εἰ
2519 1024 2662 1077 κατὰ
2681 1022 2783 1091 τῆς
2805 1022 3014 1085 πόλεως
3036 1023 3287 1090 ποιήσεις
3309 1021 3516 1091 μάχην,

1947 1116 2148 1184 μᾶλλόν
2200 1117 2352 1170 ἐστιν
2403 1117 2717 1182 ὲπιδλαϐὶς,
2765 1118 2840 1188 μή
2904 1135 3020 1180 πως
3069 1117 3098 1168 6
3154 1114 3412 1182 βασιλεὺς
3458 1113 3520 1178 ἐξ

1941 1205 2191 1275 ἀνάγκης
2237 1207 2452 1274 δεηθεὶς
2487 1208 2641 1278 παρὰ
2663 1208 2773 1262 τῶν
2801 1207 3054 1262 Λατίνων
3085 1207 3345 1276 βοήθειαν
3396 1208 3520 1257 ἑπι-

1944 1299 2170 1369 κυρὼσῃ
2199 1299 2268 1352 τὰ
2301 1299 2552 1367 δόγματα
2587 1299 2792 1364 αὐτῶν,
2825 1298 2920 1352 καὶ
2946 1299 3352 1367 ὀμονοήσαντες
3381 1292 3520 1365 ὁμοῦ
3618 1361 3622 1365 _

1943 1392 2285 1462 γενήσονται,
2318 1392 2457 1460 ὅπερ
2485 1390 2856 1459 ἐνδοιάζομεν.
2891 1389 3036 1442 Ἀλλ’
3069 1390 3208 1454 ἄφες
3233 1385 3518 1448 αὑτὸ-νῦν,

1941 1484 2046 1546 ἕως
2099 1483 2166 1538 ἂν
2207 1483 2322 1556 ἴδῃς
2369 1484 2422 1536 τί
2470 1483 2668 1552 πράξει
2699 1484 2882 1545 αὐτὸς,
2916 1481 3009 1533 καὶ
3059 1481 3108 1532 ει
3161 1477 3521 1565 μὲνδμονοή-

1945 1592 2104 1638 σωσι,
2131 1576 2198 1631 σὺ
2252 1577 2479 1645 ἀγάπην
2524 1576 2614 1644 ἔχε
2670 1579 2788 1644 μετ’
2823 1573 3052 1628 ἐκείνων
3081 1570 3178 1625 καὶ
3207 1573 3408 1638 ὅρκους
3437 1569 3521 1629 εἰς

1941 1670 2003 1723 τὸ
2031 1671 2219 1740 πρόσω
2249 1669 2416 1724 πάλιν
2439 1683 2454 1699 '
2488 1669 2563 1731 ὡς
2591 1668 2732 1738 ἴδῃς,
2765 1667 2912 1720 οὕτω
2961 1665 3058 1718 καὶ
3089 1662 3320 1734 πράξεις
3341 1677 3358 1692 ο
3397 1661 3446 1711 εἰ
3474 1657 3531 1709 δ’·

1941 1762 2037 1829 οὐχ
2076 1762 2421 1830 ὁμονοήσωσι
2449 1799 2465 1822 ,
2521 1761 2644 1813 τότε
2709 1757 2912 1826 μᾶλλον
2950 1756 3236 1825 ἐξέρχεται
3282 1755 3313 1805 δ
3364 1753 3519 1819 λογιε-

1881 1892 1918 1945 B
1946 1854 2103 1921 σμὸς,
2129 1856 2221 1908 καὶ
2248 1853 2390 1922 μετά
2418 1853 2664 1914 πλείονος
2692 1851 2931 1945 θάρσους,
2955 1850 3203 1945 ποιησεις
3223 1847 3259 1945 δ
3278 1845 3464 1917 βούλῃ.
3490 1863 3512 1945 ι

1947 1946 2073 1998 Kal'
2109 1944 2250 2016 αὕτη
2299 1947 2332 2015 ἠ
2383 1944 2550 2016 βουλὴ
2602 1944 2695 1996 τὸν
2725 1944 2846 2010 ρμὲν
2895 1942 3120 2011 ἀμηράν
3166 1938 3262 1992 τοῦ
3313 1934 3518 1990 σκοποῦ

1945 2031 2245 2096 ἐκώλυσεν,
2282 2034 2413 2104 περὶ
2458 2033 2518 2088 δὲ
2557 2031 2654 2086 τοῦ
2699 2032 2874 2086 Χαλὶλ
2912 2032 3128 2100 μπασιᾶ
3173 2029 3273 2100 τὴν
3320 2025 3519 2096 βουλὴν

1944 2127 2127 2189 δόντος
2160 2127 2238 2196 τῷ
2270 2127 2452 2198 καιρῷ
2483 2128 2679 2198 μαθεῖν
2708 2130 2858 2199 ἡμᾶς
2882 2127 3019 2182 ἄλλα
3050 2128 3158 2179 τῶν
3187 2124 3390 2179 ἄλλων.
3499 2201 3508 2210 ⁸

2020 2219 2176 2289 181
2225 2219 2283 2272 '0
2341 2215 2438 2273 οὖν
2481 2220 2749 2287 αὐθέντης
2804 2236 2908 2287 μου
2960 2218 2990 2269 ὀ
3035 2217 3306 2284 δεσπότης
3340 2217 3435 2269 καὶ
3467 2215 3519 2269 οι

1944 2311 2208 2381 ἄρχοντες
2256 2309 2586 2380 ἑξώρθωσαν
2635 2311 2726 2364 τὸν
2775 2309 3142 2376 Παλαιολόγον
3186 2307 3391 2377 Θωμᾶν
3426 2307 3522 2360 καὶ

1945 2403 2084 2474 πρὸς
2139 2402 2493 2473 τὸνβασιλέα
2542 2401 2912 2456 ἀπέστειλανο
2966 2402 3061 2454 καὶ
3112 2399 3374 2468 λογισμὸς
3426 2397 3522 2452 καὶ

1944 2494 2212 2564 τρικυμία
2262 2497 2322 2547 ἑν
2359 2497 2428 2566 τῇ
2473 2495 2628 2548 πόλει
2676 2494 2976 2564 περιέπεσε
3030 2492 3282 2560 πλείστη.
3319 2491 3423 2548 ἕως
3458 2483 3520 2545 οὗ

1945 2586 2110 2640 πάλιν
2162 2586 2442 2656 ἐμάθομεν
2487 2587 2589 2658 τὴν
2630 2585 2936 2655 ίσχύσασαν
2977 2583 3176 2655 βουλὴν
3215 2582 3311 2634 τοῦ
3348 2580 3519 2635 Kal")

1947 2676 2188 2744 μπασιᾶ.
2233 2676 2343 2730 Kal
2377 2676 2508 2742 ιδοίι,
2535 2675 2612 2739 ὡς
2640 2678 2753 2745 ἐγὼ
2783 2676 3070 2746 προεῖπον,
3094 2672 3172 2744 μὴ
3196 2672 3386 2726 ἕνεκεν
3415 2673 3524 2725 τῶν

1941 2767 2204 2822 τοιούτων
2235 2769 2576 2833 σκανδάλων,
2610 2769 2669 2823 τὸ
2695 2770 2770 2834 ὡς
2809 2769 2884 2841 μὴ
2912 2767 3091 2838 ὤφελε
3123 2765 3390 2836 γενέσθαι
3422 2765 3523 2836 τὴν

1944 2860 2038 2914 σύν
2046 2860 2189 2918 οδον.
3244 2900 3255 2910 κ

2014 2955 2125 3008 Καὶ
2153 2954 2254 3024 τὴν
2292 2953 2393 3023 μὲν
2438 2953 2546 3008 ἀπὸ
2580 2951 3214 3014 Κωνσταντινουπόλεως
3261 2950 3344 3014 είς
3378 2950 3521 3003 Ἰτα-

1940 3045 2062 3100 λίαν
2117 3047 2392 3116 περίοδον,
2426 3047 2504 3110 ὡς
2559 3047 2832 3118 περισσὴν
2880 3045 3070 3104 οὖσαν.
3102 3045 3291 3114 γραφῇ
3343 3057 3524 3110 παρα-ί

262 3125 466 3191 αὐτοὺς
495 3131 575 3194 εἰς
600 3133 699 3203 τὴν
732 3134 972 3192 σύνοδον.
1002 3139 1191 3208 Ὅμως
1223 3141 1446 3207 ἐγένετο
1469 3143 1608 3214 ὅπερ
1638 3145 1836 3216 ἢθελεν
1939 3136 2126 3192 δοῦναι
2173 3139 2262 3192 διὰ
2285 3139 2346 3191 τδ
2385 3139 2565 3209 μῆκος
2595 3137 2804 3207 ταύτην
2848 3137 2998 3191 ἐάσω
3025 3154 3039 3169 ο
3090 3135 3192 3206 τὴν
3221 3135 3278 3188 δὲ
3312 3135 3392 3196 είς
3424 3134 3524 3199 τὴν

266 3217 300 3274 ὁ
335 3219 590 3290 βασιλεὺς
620 3224 653 3296 ἢ
685 3228 891 3298 μᾶλλον
931 3230 961 3301 ἡ
1001 3231 1146 3302 κακὴ
1176 3231 1336 3304 τύχη.
1376 3233 1720 3302 Ἐξελθόντος
1746 3237 1840 3294 οὖν
1866 3224 1909 3282 C
1953 3228 2196 3283 Ἐνετίαν
2227 3229 2534 3284 είσέλευσιν
2565 3227 2660 3282 τοῦ
2703 3227 2973 3299 βασιλέως
2996 3226 3255 3281 Ἰωάννου
3289 3225 3385 3278 καὶ
3413 3221 3527 3276 τῶν

263 3404 430 3459 etiam
458 3405 697 3464 deterius
720 3411 959 3466 schisma
985 3413 1202 3468 eveniat
1223 3430 1238 3468 :
1259 3425 1313 3470 et
1335 3433 1436 3472 nos
1455 3434 1583 3476 ecce
1607 3425 1844 3492 expositi

266 3496 511 3552 loremus
539 3499 740 3568 impiis.
776 3519 795 3554 ι
827 3503 1122 3571 Imperator
1152 3520 1264 3560 non
1300 3509 1546 3576 probata,
1581 3520 1638 3564 ut
1666 3513 1842 3569 visum

263 3598 374 3652 est,
404 3590 575 3657 patris
624 3593 923 3660 sententia,
960 3596 1158 3651 tacitus
1195 3601 1435 3654 surrexit
1467 3617 1532 3656 ac
1564 3602 1840 3659 discessit.

266 3679 409 3736 Tum
452 3685 669 3755 paulum
722 3701 908 3742 secum
949 3701 1210 3756 reputans
1259 3693 1432 3748 beatae
1479 3695 1756 3750 memoriae
1791 3707 1848 3754 et

265 3775 595 3828 venerabilis
616 3786 769 3845 pater
785 3777 924 3847 ejus,
948 3795 1142 3849 meque
1159 3782 1379 3838 intuens
1397 3801 1412 3838 :
1441 3785 1697 3842 «Videtur
1713 3789 1844 3854 sibi,

268 3865 469 3933 inquit,
502 3865 645 3922 ﬁlius
687 3885 839 3924 meus
874 3872 1170 3938 pratclarus
1221 3875 1523 3946 imperator
1553 3894 1675 3934 esse
1711 3897 1726 3934 :
1759 3888 1849 3936 est

269 3957 417 4010 haud
445 3958 630 4023 dubie,
662 3961 755 4016 sed
789 3977 893 4016 non
942 3963 1070 4019 huic
1097 3967 1242 4020 αξιοιί
1267 3977 1429 4034 aptus
1452 3969 1544 4024 ille
1572 3980 1677 4026 est.
1707 3971 1848 4042 Spe-

269 4060 381 4103 ctat
409 4050 657 4122 sapitque
690 4069 908 4122 magna,
941 4065 996 4111 et
1023 4058 1174 4121 talia,
1205 4060 1386 4128 qualia
1443 4062 1718 4133 majorum
1751 4080 1849 4122 no-

271 4153 510 4198 strorum
545 4161 804 4214 prospera
837 4158 1078 4218 tempora
1109 4154 1478 4220 postulabant.
1501 4155 1626 4219 Sed,
1661 4167 1724 4211 ut
1745 4158 1848 4213 ho-

273 4235 361 4290 die
388 4251 478 4290 res
507 4248 656 4302 sunt,
708 4255 816 4294 non
867 4241 1221 4310 imperatore,
1246 4245 1340 4299 sed
1373 4247 1739 4316 gubernatore
1766 4264 1851 4305 re-

273 4345 442 4398 gnum
471 4341 716 4385 nostrum
753 4343 894 4401 eget.
927 4334 1106 4389 Metuo
1141 4338 1286 4391 enim
1319 4354 1386 4393 ne
1422 4342 1646 4410 quando
1701 4357 1731 4396 e
1769 4341 1853 4397 fa-

275 4423 562 4477 cinoribus
608 4427 1009 4496 canalibusque
1041 4429 1160 4496 ejus
1192 4428 1354 4498 hujus
1379 4431 1539 4499 quasi
1576 4433 1730 4488 navis
1761 4433 1848 4487 in-

1947 3416 2273 3484 imperator,
2291 3414 2407 3468 sive
2439 3417 2619 3482 potius
2651 3412 2822 3466 fatum
2840 3410 3076 3467 volebat.
3104 3408 3339 3479 Egresso
3360 3405 3528 3476 igitur

1946 3524 2008 3562 ex
2046 3508 2179 3561 urbe
2234 3508 2567 3576 imperatore
2617 3513 2674 3558 et
2722 3505 2827 3560 iter
2884 3509 3274 3573 prosequente,
3311 3515 3527 3558 amera‘s

1947 3601 2157 3670 Cpolim
2191 3613 2511 3669 oppugnare
2535 3598 2834 3667 copiasque
2855 3597 3122 3652 adversus
3153 3609 3274 3648 eam
3309 3595 3526 3647 mittere

1947 3693 2258 3748 constituit.
2295 3692 2598 3746 Suaserunt
2651 3690 2756 3744 hoc
2803 3689 3288 3757 approbaruntqne
3335 3698 3527 3739 ninnes

1949 3787 2249 3842 consiliarii
2271 3786 2414 3856 ejus,
2433 3799 2544 3840 uno
2562 3781 2899 3837 Cbalilbasia
2928 3779 3286 3850 cxcepto,qui
3315 3780 3527 3832 cn-teris

1947 3892 2258 3947 repugnans
2285 3893 2299 3930 :
2338 3895 2356 3927 ι
2396 3874 2510 3929 lmo
2539 3874 2740 3944 potius,
2772 3871 2970 3942 inquit,
2992 3871 3183 3926 urbem
3209 3885 3526 3938 oppugnare

1948 3968 2238 4024 exitiosum
2272 3967 2513 4032 videtur,
2533 3966 2795 4037 quoniam
2831 3977 3010 4020 metus
3043 3973 3149 4025 est.
3184 3978 3251 4019 ne
3284 3964 3525 4032 impera.

1951 4069 2056 4125 tor,
2079 4061 2408 4114 necessitate
2425 4069 2650 4114 coactus
2671 4073 2828 4126 opem
2852 4057 3173 4111 Latinorum
3206 4055 3525 4126 implorare,

1949 4165 2136 4208 eorum
2171 4151 2427 4222 dogmata
2475 4151 2862 4220 amplectatur,
2899 4158 2955 4205 et
2986 4151 3058 4204 ita
3101 4151 3341 4213 eveniat,
3377 4147 3524 4216 quod

1951 4259 2230 4308 veremur,
2284 4253 2344 4298 ut
2383 4242 2684 4298 concordes
2737 4242 2813 4298 illi
2864 4241 2996 4297 llant
3033 4241 3525 4310 concilientnrque.

1951 4336 2133 4402 Quare
2177 4350 2327 4390 nunc
2375 4336 2531 4390 mitte
2568 4348 2687 4390 eam
2740 4350 2854 4389 rem
2878 4373 2895 4400 ,
2934 4334 3111 4389 donec
3147 4333 3352 4388 videris
3393 4332 3526 4404 quid

1950 4425 2190 4482 Joannes
2220 4441 2321 4482 sua
2377 4433 2571 4495 sponte
2617 4424 2863 4479 facturus
2896 4422 2988 4480 sit.
3033 4422 3168 4479 Nam
3215 4424 3260 4478 si
3300 4424 3355 4478 in
3392 4438 3528 4480 con-

276 4519 475 4573 teritus
533 4522 835 4575 exoriatur.
878 4521 1124 4593 Namque
1179 4526 1437 4592 praesensi
1486 4528 1850 4598 cogitationes
1883 4559 1926 4612 ο
1953 4519 2197 4574 cordia!“
2236 4518 2522 4583 redierim:
2557 4525 2675 4572 ιυιθ
2724 4516 2956 4586 Ροδίιιθο
2990 4530 3182 4571 "mus
3226 4513 3526 4612 διηῖξείξῖθξη

274 4612 397 4680 ejus
426 4621 481 4667 et
520 4627 640 4682 quin
684 4629 744 4667 se
776 4630 900 4668 cum
934 4615 1218 4685 Mustapba
1256 4617 1626 4688 perfecturum
1664 4636 1851 4690 spera-

279 4705 394 4771 bat,
427 4713 589 4772 atqne
619 4707 882 4771 intellexi,
916 4709 970 4762 in
1007 4709 1148 4778 quod
1182 4713 1486 4779 periculurn
1525 4726 1626 4766 nos
1653 4713 1844 4782 praeei-

277 4797 506 4866 pitarint
536 4797 846 4852 sanctiones
873 4797 1241 4867 dogmalum.)

353 4887 556 4943 Errtibi
584 4889 753 4948 aliud.
775 4905 885 4956 quo
908 4891 1266 4946 continuatur
1291 4892 1514 4961 gloriosi
1541 4894 1714 4963 patris
1729 4895 1850 4964 ejus

275 4979 592 5036 consilium.
624 4980 917 5050 Postquam
953 4983 1018 5035 ad
1047 4983 1316 5051 synodum
1362 4985 1634 5052 proﬁcisci
1661 4985 1851 5041 decre-

277 5074 380 5134 vit,
422 5071 489 5125 ad
525 5086 762 5126 numam
796 5073 1008 5142 legatus
1036 5074 1240 5130 missus
1265 5084 1350 5130 est
1385 5077 1731 5132 Andronicus
1759 5079 1846 5132 la...

225 5206 230 5209 .
278 5178 435 5233 grus,
472 5163 562 5232 qui
595 5163 648 5216 id
682 5163 756 5216 illi
800 5173 1058 5234 tanquam
1097 5166 1273 5220 amico
1308 5176 1365 5222 et
1410 5168 1562 5220 fratri
1597 5168 1850 5225 videlicet

277 5255 641 5325 signiﬁcaret.
689 5255 993 5325 Respondit
1033 5273 1270 5324 anteras,
1301 5274 1408 5312 non
1439 5259 1544 5314 sibi
1601 5261 1847 5329 probari,

274 5363 406 5402 eum
435 5349 609 5407 abire,
630 5359 889 5417 tantoque
909 5349 1094 5403 labore
1123 5360 1294 5404 semet
1324 5353 1611 5408 coniicere.
1651 5371 1670 5405 ι
1705 5352 1848 5419 Quid

275 5435 452 5500 enim,
491 5455 510 5487 ι
549 5436 748 5506 inquit.
783 5457 800 5488 ι
839 5437 965 5492 inde
992 5440 1346 5494 emolumenti
1378 5442 1720 5510 reportabit‘l
1737 5443 1850 5514 Ego

280 5537 488 5592 tamen,
517 5527 562 5582 si
588 5529 836 5598 pecuniis
864 5529 931 5583 ad
965 5529 1172 5584 abitum
1197 5539 1250 5585 et
1269 5530 1502 5585 reditum
1523 5531 1606 5586 vel
1629 5532 1698 5587 ad
1715 5531 1866 5589 alios

280 5632 422 5675 usus
451 5620 676 5691 indiget,
718 5632 942 5690 paratus
994 5637 1115 5678 sum
1147 5623 1197 5676 ei
1232 5637 1578 5679 succurrere.
1607 5643 1628 5676 ι
1666 5624 1852 5680 Multis

279 5710 480 5767 deinde
535 5714 879 5769 sermonibus
909 5722 964 5769 et
997 5715 1492 5770 consultationibus
1525 5717 1725 5786 agitata
1763 5732 1852 5773 res

205 5852 218 5860 .
277 5809 389 5866 est,
417 5813 598 5858 utrum
630 5818 830 5860 anterze
859 5805 1169 5860 auctoritati
1202 5805 1524 5876 parendum,
1556 5823 1622 5860 an
1655 5810 1722 5861 ad
1755 5823 1848 5878 sy.-

280 5889 823 5962 nOdumobeundum
847 5906 1010 5952 esset.
1057 5896 1532 5958 Scdeuiznlactum
1573 5906 1678 5965 est,
1703 5899 1847 5967 quod

1955 4625 2084 4666 cum
2129 4610 2198 4664 iis
2229 4625 2294 4665 ae
2327 4609 2524 4664 fmdus
2545 4618 2796 4676 servato,
2827 4623 2892 4665 ac
2921 4607 3088 4664 facito
3121 4609 3265 4678 quod
3314 4607 3415 4662 tibi
3446 4607 3534 4663 vi-

1956 4703 2210 4759 debitur:
2251 4702 2296 4757 si
2332 4703 2474 4756 inter
2521 4716 2620 4756 eos
2649 4716 2757 4756 non
2803 4701 3146 4764 convenerit,
3187 4710 3300 4756 tum
3331 4699 3531 4755 melius

1954 4790 2478 4863 evenit,consilium,
2502 4791 2806 4861 maiorique
2825 4805 2929 4847 con
2940 4791 3158 4847 fidentia
3177 4791 3369 4854 facies,
3382 4791 3528 4860 quod

1957 4883 2222 4939 volueris.
2260 4901 2280 4934 ι
2337 4881 2455 4938 Hoc
2491 4882 2782 4939 consilium
2831 4898 3075 4940 ameram
3107 4892 3287 4954 coepto
3347 4883 3533 4953 probi-

1958 4975 2078 5031 buit
2103 4991 2118 5040 ;
2153 4975 2224 5030 de
2247 4972 2590 5035 Chalilbasia
2611 4985 2818 5038 autem,
2847 4976 3062 5041 consilii
3091 4985 3399 5047 opportune
3429 4991 3530 5029 au-

1955 5078 2132 5130 ctore.
2162 5067 2268 5122 alia
2297 5081 2360 5124 ex
2395 5067 2521 5122 aliis
2549 5067 2931 5138 cognovimus.
3369 5141 3372 5146 _

2027 5160 2290 5218 Dominus
2337 5174 2493 5216 meus
2539 5161 2726 5230 igitur,
2759 5160 3158 5216 (iniustaminus
3198 5162 3446 5231 despota,
3479 5170 3532 5214 tt

1954 5253 2230 5325 principes
2270 5253 2537 5312 Thomam
2587 5237 2955 5324 Palaeol0gum
2995 5254 3309 5315 excitarunt
3363 5267 3530 5324 atque

1955 5345 2024 5400 ad
2068 5346 2458 5415 imperatorem
2503 5346 2799 5401 miserunt.
2840 5344 3048 5400 lnterea
3079 5345 3133 5399 in
3169 5346 3529 5415 cogitationes

1955 5449 2016 5494 et
2039 5438 2240 5494 ﬂuctus
2271 5452 2529 5493 curarum
2590 5439 2838 5508 ingentes
2881 5436 3153 5506 Cpolitani
3189 5438 3526 5496 inciderunt.

1956 5532 2088 5587 dum
2115 5530 2673 5601 cognovimus,gquod
2709 5531 2968 5595 obtinuit,
2997 5530 3294 5585 consilium
3324 5531 3532 5585 Chalit-

1960 5624 2150 5680 basim.
2195 5623 2353 5679 Vides
2379 5622 2516 5691 jam,
2548 5623 2694 5692 quod
2734 5637 2898 5692 supra
2940 5621 3075 5682 dixi.
3110 5632 3330 5693 propter
3352 5631 3533 5676 tantas

1960 5715 2290 5771 oﬂensiones
2326 5729 2432 5770 non
2464 5715 2723 5770 debuisse
2753 5715 3020 5786 synodum
3055 5715 3210 5768 istam
3246 5713 3388 5768 ﬂeri.
3491 5727 3494 5753 ‘-

2028 5806 2134 5861 lter
2162 5806 2509 5876 imperatoris
2532 5807 2684 5878 Cpoli
2722 5808 2778 5862 in
2812 5807 3018 5864 Italiam
3057 5805 3285 5870 factum,
3317 5816 3376 5860 ut
3416 5822 3527 5859 mn

1959 5912 2442 5970 supervacaneam,
2501 5901 2701 5958 litteris
2741 5899 2976 5968 tradere,
3007 5899 3134 5970 quia
3164 5901 3387 5970 longum
3423 5907 3530 5964 est.
