  <div class='ocr_page' id='page_1' title='image "/cluster/home/n/w/nwhite01/storage/ocr_20150623/156/hvd.32044019208438/547.png"; bbox 0 0 3976 6556; ppageno 0'>
   <div class='ocr_carea' id='block_1_1' title="bbox 499 352 602 423">
    <p class='ocr_par' dir='ltr' id='par_1_1' title="bbox 499 352 602 423">
     <span class='ocr_line' id='line_1_1' title="bbox 499 352 602 423; baseline 0.01 -3"><span class='ocrx_word' id='word_1_1' title='bbox 499 352 602 423; x_wconf 72' lang='lat'><strong>783</strong></span> 
     </span>
    </p>
   </div>
   <div class='ocr_carea' id='block_1_2' title="bbox 1715 354 2518 426">
    <p class='ocr_par' dir='ltr' id='par_1_2' title="bbox 1715 354 2518 426">
     <span class='ocr_line' id='line_1_2' title="bbox 1715 354 2518 426; baseline 0.004 -3"><span class='ocrx_word' id='word_1_2' title='bbox 1715 354 2048 424; x_wconf 82' lang='lat' dir='ltr'><strong>GEORGII</strong></span> <span class='ocrx_word' id='word_1_3' title='bbox 2084 358 2518 426; x_wconf 73' lang='lat' dir='ltr'><strong>PHRANTZA!</strong></span> 
     </span>
    </p>
   </div>
   <div class='ocr_carea' id='block_1_3' title="bbox 3642 362 3743 433">
    <p class='ocr_par' dir='ltr' id='par_1_3' title="bbox 3642 362 3743 433">
     <span class='ocr_line' id='line_1_3' title="bbox 3642 362 3743 433; baseline 0 -2"><span class='ocrx_word' id='word_1_4' title='bbox 3642 362 3743 433; x_wconf 63' lang='lat' dir='ltr'><strong>7N</strong></span> 
     </span>
    </p>
   </div>
   <div class='ocr_carea' id='block_1_4' title="bbox 495 462 3744 551">
    <p class='ocr_par' dir='ltr' id='par_1_4' title="bbox 495 462 3744 551">
     <span class='ocr_line' id='line_1_4' title="bbox 495 462 3744 551; baseline 0.004 -27"><span class='ocrx_word' id='word_1_5' title='bbox 495 473 604 541; x_wconf 78' lang='grc' dir='ltr'>σὴφ</span> <span class='ocrx_word' id='word_1_6' title='bbox 638 462 734 523; x_wconf 63' lang='grc' dir='ltr'>καὶ</span> <span class='ocrx_word' id='word_1_7' title='bbox 765 466 860 523; x_wconf 81' lang='grc' dir='ltr'>τοῦ</span> <span class='ocrx_word' id='word_1_8' title='bbox 904 468 1167 523; x_wconf 72' lang='grc' dir='ltr'><strong>δεσπότου</strong></span> <span class='ocrx_word' id='word_1_9' title='bbox 1198 471 1305 542; x_wconf 73' lang='grc' dir='ltr'><strong>κὺρ</strong></span> <span class='ocrx_word' id='word_1_10' title='bbox 1355 472 1670 543; x_wconf 71' lang='grc' dir='ltr'><strong>Δημητρίου</strong></span> <span class='ocrx_word' id='word_1_11' title='bbox 1705 474 1800 527; x_wconf 77' lang='grc' dir='ltr'>καὶ</span> <span class='ocrx_word' id='word_1_12' title='bbox 1846 474 2061 527; x_wconf 75' lang='grc' dir='ltr'>πολλῶν</span> <span class='ocrx_word' id='word_1_13' title='bbox 2092 479 2134 534; x_wconf 79' lang='grc' dir='ltr'>Α</span> <span class='ocrx_word' id='word_1_14' title='bbox 2163 491 2300 544; x_wconf 86' lang='grc' dir='ltr'>νην;</span> <span class='ocrx_word' id='word_1_15' title='bbox 2337 492 2356 529; x_wconf 73' lang='grc' dir='ltr'><strong>ι</strong></span> <span class='ocrx_word' id='word_1_16' title='bbox 2396 477 2473 530; x_wconf 83' lang='grc' dir='ltr'><strong>Οὐ</strong></span> <span class='ocrx_word' id='word_1_17' title='bbox 2524 477 2614 531; x_wconf 77' lang='grc' dir='ltr'>διὰ</span> <span class='ocrx_word' id='word_1_18' title='bbox 2660 478 2866 548; x_wconf 89' lang='grc' dir='ltr'>ταύτην</span> <span class='ocrx_word' id='word_1_19' title='bbox 2892 479 2990 533; x_wconf 76' lang='grc' dir='ltr'><strong>οὖν</strong></span> <span class='ocrx_word' id='word_1_20' title='bbox 3021 479 3120 551; x_wconf 75' lang='grc' dir='ltr'>τὴν</span> <span class='ocrx_word' id='word_1_21' title='bbox 3159 471 3345 535; x_wconf 83' lang='grc' dir='ltr'>αίτίαν</span> <span class='ocrx_word' id='word_1_22' title='bbox 3382 479 3541 537; x_wconf 75' lang='grc' dir='ltr'>εἷπον</span> <span class='ocrx_word' id='word_1_23' title='bbox 3584 486 3643 538; x_wconf 70' lang='grc' dir='ltr'><strong>τλ</strong></span> <span class='ocrx_word' id='word_1_24' title='bbox 3669 488 3744 548; x_wconf 77' lang='grc' dir='ltr'><strong>ως</strong></span> 
     </span>
    </p>
   </div>
   <div class='ocr_carea' id='block_1_5' title="bbox 490 565 2063 637">
    <p class='ocr_par' dir='ltr' id='par_1_5' title="bbox 490 565 2063 637">
     <span class='ocr_line' id='line_1_5' title="bbox 490 565 2063 637; baseline 0.005 -23"><span class='ocrx_word' id='word_1_25' title='bbox 490 565 768 635; x_wconf 76' lang='grc' dir='ltr'><strong>ἀρχόντων</strong></span> <span class='ocrx_word' id='word_1_26' title='bbox 816 566 917 634; x_wconf 83' lang='grc' dir='ltr'>τῆς</span> <span class='ocrx_word' id='word_1_27' title='bbox 948 565 1259 634; x_wconf 73' lang='grc' dir='ltr'><strong>συγκλήτου</strong></span> <span class='ocrx_word' id='word_1_28' title='bbox 1303 565 1526 635; x_wconf 77' lang='grc' dir='ltr'>καὶτῆς</span> <span class='ocrx_word' id='word_1_29' title='bbox 1570 566 1869 636; x_wconf 71' lang='grc' dir='ltr'><strong>ἐκκλησίας</strong></span> <span class='ocrx_word' id='word_1_30' title='bbox 1904 567 2063 637; x_wconf 78' lang='grc'><strong>177</strong></span> 
     </span>
    </p>
   </div>
   <div class='ocr_carea' id='block_1_6' title="bbox 489 656 2059 729">
    <p class='ocr_par' dir='ltr' id='par_1_6' title="bbox 489 656 2059 729">
     <span class='ocr_line' id='line_1_6' title="bbox 489 656 2059 729; baseline 0 -18"><span class='ocrx_word' id='word_1_31' title='bbox 489 662 585 711; x_wconf 73' lang='grc' dir='ltr'>καὶ</span> <span class='ocrx_word' id='word_1_32' title='bbox 617 659 835 711; x_wconf 75' lang='grc' dir='ltr'>πάντων</span> <span class='ocrx_word' id='word_1_33' title='bbox 867 658 1052 727; x_wconf 70' lang='grc' dir='ltr'>σχεδὸν</span> <span class='ocrx_word' id='word_1_34' title='bbox 1095 656 1205 710; x_wconf 89' lang='grc' dir='ltr'><strong>τῶν</strong></span> <span class='ocrx_word' id='word_1_35' title='bbox 1261 658 1677 729; x_wconf 83' lang='grc' dir='ltr'>μητροπολιτῶν</span> <span class='ocrx_word' id='word_1_36' title='bbox 1709 661 1803 713; x_wconf 76' lang='grc' dir='ltr'>καὶ</span> <span class='ocrx_word' id='word_1_37' title='bbox 1843 656 2059 713; x_wconf 70' lang='grc' dir='ltr'>ἐπισκό-</span> 
     </span>
    </p>
   </div>
   <div class='ocr_carea' id='block_1_7' title="bbox 493 747 2061 821">
    <p class='ocr_par' dir='ltr' id='par_1_7' title="bbox 493 747 2061 821">
     <span class='ocr_line' id='line_1_7' title="bbox 493 747 2061 821; baseline 0 -19"><span class='ocrx_word' id='word_1_38' title='bbox 493 767 610 802; x_wconf 73' lang='grc' dir='ltr'><strong>πων</strong></span> <span class='ocrx_word' id='word_1_39' title='bbox 641 748 729 800; x_wconf 78' lang='grc' dir='ltr'><strong>διὰ</strong></span> <span class='ocrx_word' id='word_1_40' title='bbox 781 747 880 818; x_wconf 78' lang='grc' dir='ltr'>τὴν</span> <span class='ocrx_word' id='word_1_41' title='bbox 919 748 1314 818; x_wconf 65' lang='grc' dir='ltr'>μελετηθεῖσαν</span> <span class='ocrx_word' id='word_1_42' title='bbox 1353 752 1448 803; x_wconf 78' lang='grc' dir='ltr'><strong>καὶ</strong></span> <span class='ocrx_word' id='word_1_43' title='bbox 1489 749 1566 820; x_wconf 75' lang='grc' dir='ltr'>μὴ</span> <span class='ocrx_word' id='word_1_44' title='bbox 1616 751 1996 821; x_wconf 78' lang='grc' dir='ltr'>ὠφεληθεῖσαν</span> <span class='ocrx_word' id='word_1_45' title='bbox 2028 750 2061 818; x_wconf 76' lang='grc' dir='ltr'>ἢ</span> 
     </span>
    </p>
   </div>
   <div class='ocr_carea' id='block_1_8' title="bbox 493 838 2063 912">
    <p class='ocr_par' dir='ltr' id='par_1_8' title="bbox 493 838 2063 912">
     <span class='ocr_line' id='line_1_8' title="bbox 493 838 2063 912; baseline 0 -19"><span class='ocrx_word' id='word_1_46' title='bbox 493 842 697 910; x_wconf 74' lang='grc' dir='ltr'>μᾶλλον</span> <span class='ocrx_word' id='word_1_47' title='bbox 726 840 903 892; x_wconf 79' lang='grc' dir='ltr'>εἰπεῖν</span> <span class='ocrx_word' id='word_1_48' title='bbox 945 839 1019 908; x_wconf 75' lang='grc' dir='ltr'><strong>μὴ</strong></span> <span class='ocrx_word' id='word_1_49' title='bbox 1050 838 1417 908; x_wconf 74' lang='grc' dir='ltr'>ὠφελήσασαν</span> <span class='ocrx_word' id='word_1_50' title='bbox 1448 840 1667 893; x_wconf 83' lang='grc' dir='ltr'><strong>σύνοδον</strong></span> <span class='ocrx_word' id='word_1_51' title='bbox 1700 839 1799 912; x_wconf 81' lang='grc' dir='ltr'>τὴν</span> <span class='ocrx_word' id='word_1_52' title='bbox 1830 843 1887 893; x_wconf 69' lang='grc' dir='ltr'>ἐν</span> <span class='ocrx_word' id='word_1_53' title='bbox 1913 841 2063 893; x_wconf 81' lang='grc' dir='ltr'>Φλω-</span> 
     </span>
    </p>
   </div>
   <div class='ocr_carea' id='block_1_9' title="bbox 493 932 2062 1007">
    <p class='ocr_par' dir='ltr' id='par_1_9' title="bbox 493 932 2062 1007">
     <span class='ocr_line' id='line_1_9' title="bbox 493 932 2062 1007; baseline 0.002 -22"><span class='ocrx_word' id='word_1_54' title='bbox 493 934 679 1002; x_wconf 80' lang='grc' dir='ltr'>ρεντίᾳ</span> <span class='ocrx_word' id='word_1_55' title='bbox 732 932 1247 1001; x_wconf 79' lang='grc' dir='ltr'>συναθροισθεῖσαν,</span> <span class='ocrx_word' id='word_1_56' title='bbox 1296 933 1424 986; x_wconf 71' lang='grc' dir='ltr'>ἔνθα</span> <span class='ocrx_word' id='word_1_57' title='bbox 1473 937 1568 986; x_wconf 83' lang='grc' dir='ltr'>καὶ</span> <span class='ocrx_word' id='word_1_58' title='bbox 1609 935 1668 987; x_wconf 89' lang='grc' dir='ltr'><strong>ού</strong></span> <span class='ocrx_word' id='word_1_59' title='bbox 1723 935 2062 1007; x_wconf 81' lang='grc' dir='ltr'>συνεπέρασε</span> 
     </span>
    </p>
   </div>
   <div class='ocr_carea' id='block_1_10' title="bbox 488 1022 2063 1096">
    <p class='ocr_par' dir='ltr' id='par_1_10' title="bbox 488 1022 2063 1096">
     <span class='ocr_line' id='line_1_10' title="bbox 488 1022 2063 1096; baseline 0 -19"><span class='ocrx_word' id='word_1_60' title='bbox 488 1027 603 1085; x_wconf 67' lang='lat' dir='ltr'><strong>ut;</strong></span> <span class='ocrx_word' id='word_1_61' title='bbox 638 1025 796 1076; x_wconf 82' lang='grc' dir='ltr'>πᾶσι.</span> <span class='ocrx_word' id='word_1_62' title='bbox 827 1024 901 1076; x_wconf 81' lang='grc' dir='ltr'><strong>Οὐ</strong></span> <span class='ocrx_word' id='word_1_63' title='bbox 932 1023 1077 1091; x_wconf 77' lang='grc' dir='ltr'>λέγω</span> <span class='ocrx_word' id='word_1_64' title='bbox 1106 1022 1268 1078; x_wconf 78' lang='grc' dir='ltr'>τοῦτο</span> <span class='ocrx_word' id='word_1_65' title='bbox 1298 1024 1440 1079; x_wconf 85' lang='grc' dir='ltr'><strong>κατά</strong></span> <span class='ocrx_word' id='word_1_66' title='bbox 1461 1028 1570 1078; x_wconf 88' lang='grc' dir='ltr'><strong>τῶν</strong></span> <span class='ocrx_word' id='word_1_67' title='bbox 1594 1027 1693 1095; x_wconf 78' lang='grc' dir='ltr'>τῆς</span> <span class='ocrx_word' id='word_1_68' title='bbox 1735 1026 2063 1096; x_wconf 84' lang='grc' dir='ltr'>Ἐκκλησίας</span> 
     </span>
    </p>
   </div>
   <div class='ocr_carea' id='block_1_11' title="bbox 489 1116 2063 1189">
    <p class='ocr_par' dir='ltr' id='par_1_11' title="bbox 489 1116 2063 1189">
     <span class='ocr_line' id='line_1_11' title="bbox 489 1116 2063 1189; baseline 0 -18"><span class='ocrx_word' id='word_1_69' title='bbox 489 1117 784 1186; x_wconf 78' lang='grc' dir='ltr'>δογμάτων</span> <span class='ocrx_word' id='word_1_70' title='bbox 807 1130 821 1146; x_wconf 85' lang='grc'><strong>·</strong></span> <span class='ocrx_word' id='word_1_71' title='bbox 855 1116 1031 1170; x_wconf 80' lang='grc' dir='ltr'>ταῦτα</span> <span class='ocrx_word' id='word_1_72' title='bbox 1088 1117 1197 1187; x_wconf 87' lang='grc' dir='ltr'>γὰρ</span> <span class='ocrx_word' id='word_1_73' title='bbox 1229 1119 1365 1189; x_wconf 67' lang='lat' dir='ltr'><strong>stap’</strong></span> <span class='ocrx_word' id='word_1_74' title='bbox 1414 1118 1597 1181; x_wconf 80' lang='grc' dir='ltr'>ἄλλοις</span> <span class='ocrx_word' id='word_1_75' title='bbox 1630 1118 1894 1187; x_wconf 77' lang='grc' dir='ltr'><strong>ἐδόθησαν</strong></span> <span class='ocrx_word' id='word_1_76' title='bbox 1940 1122 2063 1187; x_wconf 84' lang='grc' dir='ltr'>κρί-</span> 
     </span>
    </p>
   </div>
   <div class='ocr_carea' id='block_1_12' title="bbox 488 1208 2063 1280">
    <p class='ocr_par' dir='ltr' id='par_1_12' title="bbox 488 1208 2063 1280">
     <span class='ocr_line' id='line_1_12' title="bbox 488 1208 2063 1280; baseline 0.001 -19"><span class='ocrx_word' id='word_1_77' title='bbox 488 1211 707 1262; x_wconf 83' lang='grc' dir='ltr'>νεσθαι·</span> <span class='ocrx_word' id='word_1_78' title='bbox 750 1208 876 1278; x_wconf 70' lang='grc' dir='ltr'>ἐμοὶ</span> <span class='ocrx_word' id='word_1_79' title='bbox 905 1208 962 1259; x_wconf 72' lang='grc' dir='ltr'>δὲ</span> <span class='ocrx_word' id='word_1_80' title='bbox 993 1210 1155 1278; x_wconf 83' lang='grc' dir='ltr'>ἀρκεῖ</span> <span class='ocrx_word' id='word_1_81' title='bbox 1187 1210 1219 1278; x_wconf 80' lang='grc' dir='ltr'>ἠ</span> <span class='ocrx_word' id='word_1_82' title='bbox 1270 1209 1515 1278; x_wconf 79' lang='grc' dir='ltr'><strong>πατρική</strong></span> <span class='ocrx_word' id='word_1_83' title='bbox 1565 1226 1667 1276; x_wconf 86' lang='grc' dir='ltr'><strong>μου</strong></span> <span class='ocrx_word' id='word_1_84' title='bbox 1707 1209 1929 1280; x_wconf 75' lang='grc' dir='ltr'>διαδοχὴ</span> <span class='ocrx_word' id='word_1_85' title='bbox 1963 1210 2063 1279; x_wconf 83' lang='grc' dir='ltr'>τῆς</span> 
     </span>
    </p>
   </div>
   <div class='ocr_carea' id='block_1_13' title="bbox 491 1301 2062 1373">
    <p class='ocr_par' dir='ltr' id='par_1_13' title="bbox 491 1301 2062 1373">
     <span class='ocr_line' id='line_1_13' title="bbox 491 1301 2062 1373; baseline 0 -17"><span class='ocrx_word' id='word_1_86' title='bbox 491 1305 749 1369; x_wconf 85' lang='grc' dir='ltr'>πίστεως,</span> <span class='ocrx_word' id='word_1_87' title='bbox 803 1302 936 1356; x_wconf 79' lang='grc' dir='ltr'>διότι</span> <span class='ocrx_word' id='word_1_88' title='bbox 973 1303 1034 1354; x_wconf 80' lang='grc' dir='ltr'><strong>ού</strong></span> <span class='ocrx_word' id='word_1_89' title='bbox 1081 1301 1237 1371; x_wconf 81' lang='grc' dir='ltr'>παρά</span> <span class='ocrx_word' id='word_1_90' title='bbox 1265 1319 1414 1365; x_wconf 85' lang='grc' dir='ltr'>τινος</span> <span class='ocrx_word' id='word_1_91' title='bbox 1456 1301 1564 1355; x_wconf 83' lang='grc' dir='ltr'><strong>τῶν</strong></span> <span class='ocrx_word' id='word_1_92' title='bbox 1616 1303 1843 1356; x_wconf 83' lang='grc' dir='ltr'>ἐκείνων</span> <span class='ocrx_word' id='word_1_93' title='bbox 1877 1304 2062 1373; x_wconf 82' lang='grc' dir='ltr'>μερῶν</span> 
     </span>
    </p>
   </div>
   <div class='ocr_carea' id='block_1_14' title="bbox 488 1394 2061 1466">
    <p class='ocr_par' dir='ltr' id='par_1_14' title="bbox 488 1394 2061 1466">
     <span class='ocr_line' id='line_1_14' title="bbox 488 1394 2061 1466; baseline -0.001 -16"><span class='ocrx_word' id='word_1_94' title='bbox 488 1397 598 1450; x_wconf 82' lang='grc' dir='ltr'><strong>τῶν</strong></span> <span class='ocrx_word' id='word_1_95' title='bbox 632 1397 690 1459; x_wconf 76' lang='grc' dir='ltr'>ἐξ</span> <span class='ocrx_word' id='word_1_96' title='bbox 745 1397 993 1458; x_wconf 79' lang='grc' dir='ltr'><strong>ἐναντίας</strong></span> <span class='ocrx_word' id='word_1_97' title='bbox 1044 1397 1258 1464; x_wconf 73' lang='grc' dir='ltr'>ἥκουσα</span> <span class='ocrx_word' id='word_1_98' title='bbox 1301 1394 1484 1463; x_wconf 75' lang='grc' dir='ltr'>λέγειν</span> <span class='ocrx_word' id='word_1_99' title='bbox 1534 1396 1603 1448; x_wconf 73' lang='grc' dir='ltr'>τὰ</span> <span class='ocrx_word' id='word_1_100' title='bbox 1637 1398 1882 1466; x_wconf 79' lang='grc' dir='ltr'>ἡμέτερα</span> <span class='ocrx_word' id='word_1_101' title='bbox 1915 1396 2061 1449; x_wconf 85' lang='grc' dir='ltr'>κακὰ</span> 
     </span>
    </p>
   </div>
   <div class='ocr_carea' id='block_1_15' title="bbox 486 1485 2061 1555">
    <p class='ocr_par' dir='ltr' id='par_1_15' title="bbox 486 1485 2061 1555">
     <span class='ocr_line' id='line_1_15' title="bbox 486 1485 2061 1555; baseline -0.003 -14"><span class='ocrx_word' id='word_1_102' title='bbox 486 1485 652 1544; x_wconf 80' lang='grc' dir='ltr'>εἶναι.</span> <span class='ocrx_word' id='word_1_103' title='bbox 691 1487 825 1539; x_wconf 78' lang='grc' dir='ltr'>ἀλλὰ</span> <span class='ocrx_word' id='word_1_104' title='bbox 870 1487 1071 1554; x_wconf 82' lang='grc' dir='ltr'>μᾶλλον</span> <span class='ocrx_word' id='word_1_105' title='bbox 1106 1486 1246 1538; x_wconf 67' lang='grc' dir='ltr'>καλὰ</span> <span class='ocrx_word' id='word_1_106' title='bbox 1286 1486 1383 1538; x_wconf 79' lang='grc' dir='ltr'><strong>καὶ</strong></span> <span class='ocrx_word' id='word_1_107' title='bbox 1417 1486 1645 1555; x_wconf 86' lang='grc' dir='ltr'>ἀρχαῖα,</span> <span class='ocrx_word' id='word_1_108' title='bbox 1680 1486 1774 1537; x_wconf 60' lang='grc' dir='ltr'><strong>καὶ⁵</strong></span> <span class='ocrx_word' id='word_1_109' title='bbox 1804 1487 1871 1537; x_wconf 70' lang='grc' dir='ltr'>τὰ</span> <span class='ocrx_word' id='word_1_110' title='bbox 1918 1488 2061 1538; x_wconf 77' lang='grc' dir='ltr'>ἐκεί-</span> 
     </span>
    </p>
   </div>
   <div class='ocr_carea' id='block_1_16' title="bbox 485 1576 2060 1642">
    <p class='ocr_par' dir='ltr' id='par_1_16' title="bbox 485 1576 2060 1642">
     <span class='ocr_line' id='line_1_16' title="bbox 485 1576 2060 1642; baseline -0.003 -9"><span class='ocrx_word' id='word_1_111' title='bbox 485 1598 594 1633; x_wconf 90' lang='grc' dir='ltr'><strong>νων</strong></span> <span class='ocrx_word' id='word_1_112' title='bbox 626 1579 791 1632; x_wconf 66' lang='grc' dir='ltr'>πάλιν</span> <span class='ocrx_word' id='word_1_113' title='bbox 819 1579 881 1631; x_wconf 84' lang='grc' dir='ltr'><strong>ού</strong></span> <span class='ocrx_word' id='word_1_114' title='bbox 930 1577 1099 1642; x_wconf 75' lang='grc' dir='ltr'>κακὰ,</span> <span class='ocrx_word' id='word_1_115' title='bbox 1141 1578 1277 1631; x_wconf 83' lang='grc' dir='ltr'><strong>ἀλλά</strong></span> <span class='ocrx_word' id='word_1_116' title='bbox 1325 1576 1487 1630; x_wconf 81' lang='grc' dir='ltr'>καλά.</span> <span class='ocrx_word' id='word_1_117' title='bbox 1524 1578 1635 1632; x_wconf 74' lang='grc' dir='ltr'><strong>Καὶ</strong></span> <span class='ocrx_word' id='word_1_118' title='bbox 1677 1576 1753 1637; x_wconf 79' lang='grc' dir='ltr'>ὡς</span> <span class='ocrx_word' id='word_1_119' title='bbox 1796 1577 1973 1629; x_wconf 76' lang='grc' dir='ltr'>εἰπεῖν</span> <span class='ocrx_word' id='word_1_120' title='bbox 2003 1578 2060 1628; x_wconf 83' lang='grc' dir='ltr'><strong>ἐν</strong></span> 
     </span>
    </p>
   </div>
   <div class='ocr_carea' id='block_1_17' title="bbox 483 1667 2060 1739">
    <p class='ocr_par' dir='ltr' id='par_1_17' title="bbox 483 1667 2060 1739">
     <span class='ocr_line' id='line_1_17' title="bbox 483 1667 2060 1739; baseline -0.002 -15"><span class='ocrx_word' id='word_1_121' title='bbox 483 1670 918 1739; x_wconf 66' lang='grc' dir='ltr'>παραδείγματι,</span> <span class='ocrx_word' id='word_1_122' title='bbox 968 1670 1051 1721; x_wconf 86' lang='grc' dir='ltr'>ὃτι</span> <span class='ocrx_word' id='word_1_123' title='bbox 1094 1667 1195 1738; x_wconf 83' lang='grc' dir='ltr'><strong>τὴν</strong></span> <span class='ocrx_word' id='word_1_124' title='bbox 1231 1669 1404 1737; x_wconf 79' lang='grc' dir='ltr'>μέσην</span> <span class='ocrx_word' id='word_1_125' title='bbox 1434 1668 1551 1720; x_wconf 61' lang='grc' dir='ltr'>ὁδὸν</span> <span class='ocrx_word' id='word_1_126' title='bbox 1578 1669 1678 1738; x_wconf 84' lang='grc' dir='ltr'><strong>τῆς</strong></span> <span class='ocrx_word' id='word_1_127' title='bbox 1721 1668 1929 1730; x_wconf 80' lang='grc' dir='ltr'>πόλεως</span> <span class='ocrx_word' id='word_1_128' title='bbox 1961 1669 2060 1738; x_wconf 85' lang='grc' dir='ltr'><strong>τὴν</strong></span> 
     </span>
    </p>
   </div>
   <div class='ocr_carea' id='block_1_18' title="bbox 485 1760 2059 1831">
    <p class='ocr_par' dir='ltr' id='par_1_18' title="bbox 485 1760 2059 1831">
     <span class='ocr_line' id='line_1_18' title="bbox 485 1760 2059 1831; baseline -0.003 -12"><span class='ocrx_word' id='word_1_129' title='bbox 485 1764 755 1819; x_wconf 77' lang='grc' dir='ltr'><strong>πλατεῖαν</strong></span> <span class='ocrx_word' id='word_1_130' title='bbox 807 1765 903 1815; x_wconf 73' lang='grc' dir='ltr'><strong>καὶ</strong></span> <span class='ocrx_word' id='word_1_131' title='bbox 933 1760 1251 1831; x_wconf 83' lang='grc' dir='ltr'><strong>εὐρύχωρον</strong></span> <span class='ocrx_word' id='word_1_132' title='bbox 1284 1760 1627 1830; x_wconf 84' lang='grc' dir='ltr'>διηρχόμεθα</span> <span class='ocrx_word' id='word_1_133' title='bbox 1667 1762 1899 1823; x_wconf 78' lang='grc' dir='ltr'>πολλοὺς</span> <span class='ocrx_word' id='word_1_134' title='bbox 1931 1761 2059 1831; x_wconf 85' lang='grc' dir='ltr'>χρό-</span> 
     </span>
    </p>
   </div>
   <div class='ocr_carea' id='block_1_19' title="bbox 485 1849 2059 1925">
    <p class='ocr_par' dir='ltr' id='par_1_19' title="bbox 485 1849 2059 1925">
     <span class='ocr_line' id='line_1_19' title="bbox 485 1849 2059 1925; baseline -0.002 -15"><span class='ocrx_word' id='word_1_135' title='bbox 485 1874 610 1916; x_wconf 84' lang='grc' dir='ltr'>νους</span> <span class='ocrx_word' id='word_1_136' title='bbox 660 1854 801 1925; x_wconf 83' lang='grc' dir='ltr'>μετά</span> <span class='ocrx_word' id='word_1_137' title='bbox 841 1871 1030 1916; x_wconf 88' lang='grc' dir='ltr'>τινων,</span> <span class='ocrx_word' id='word_1_138' title='bbox 1065 1853 1133 1906; x_wconf 83' lang='grc' dir='ltr'>δι’</span> <span class='ocrx_word' id='word_1_139' title='bbox 1160 1849 1230 1924; x_wconf 85' lang='grc' dir='ltr'>ἦς</span> <span class='ocrx_word' id='word_1_140' title='bbox 1266 1854 1628 1922; x_wconf 74' lang='grc' dir='ltr'><strong>καταντῶμεν</strong></span> <span class='ocrx_word' id='word_1_141' title='bbox 1651 1854 1730 1916; x_wconf 81' lang='grc' dir='ltr'><strong>είς</strong></span> <span class='ocrx_word' id='word_1_142' title='bbox 1764 1853 1862 1923; x_wconf 76' lang='grc' dir='ltr'>τὴν</span> <span class='ocrx_word' id='word_1_143' title='bbox 1897 1855 2059 1915; x_wconf 82' lang='grc' dir='ltr'>ἁγίαν</span> 
     </span>
    </p>
   </div>
   <div class='ocr_carea' id='block_1_20' title="bbox 487 1944 2060 2018">
    <p class='ocr_par' dir='ltr' id='par_1_20' title="bbox 487 1944 2060 2018">
     <span class='ocr_line' id='line_1_20' title="bbox 487 1944 2060 2018; baseline -0.002 -15"><span class='ocrx_word' id='word_1_144' title='bbox 487 1950 717 2018; x_wconf 76' lang='grc' dir='ltr'>Σοφίαν·</span> <span class='ocrx_word' id='word_1_145' title='bbox 745 1944 865 2002; x_wconf 80' lang='grc' dir='ltr'>εἶτα</span> <span class='ocrx_word' id='word_1_146' title='bbox 891 1948 1033 2017; x_wconf 83' lang='grc' dir='ltr'>μετά</span> <span class='ocrx_word' id='word_1_147' title='bbox 1057 1964 1209 2008; x_wconf 81' lang='grc' dir='ltr'>τινας</span> <span class='ocrx_word' id='word_1_148' title='bbox 1236 1946 1465 2014; x_wconf 78' lang='grc' dir='ltr'>καιροὺς</span> <span class='ocrx_word' id='word_1_149' title='bbox 1494 1946 1692 2016; x_wconf 83' lang='grc' dir='ltr'>εὑρέθη</span> <span class='ocrx_word' id='word_1_150' title='bbox 1725 1948 1876 2015; x_wconf 77' lang='grc' dir='ltr'>παρά</span> <span class='ocrx_word' id='word_1_151' title='bbox 1897 1963 2060 2000; x_wconf 84' lang='grc' dir='ltr'>τινων</span> 
     </span>
    </p>
   </div>
   <div class='ocr_carea' id='block_1_21' title="bbox 484 2035 2057 2108">
    <p class='ocr_par' dir='ltr' id='par_1_21' title="bbox 484 2035 2057 2108">
     <span class='ocr_line' id='line_1_21' title="bbox 484 2035 2057 2108; baseline -0.003 -14"><span class='ocrx_word' id='word_1_152' title='bbox 484 2044 581 2094; x_wconf 70' lang='grc' dir='ltr'>καὶ</span> <span class='ocrx_word' id='word_1_153' title='bbox 614 2039 751 2107; x_wconf 76' lang='grc' dir='ltr'>ἄλλη</span> <span class='ocrx_word' id='word_1_154' title='bbox 803 2037 921 2100; x_wconf 80' lang='grc' dir='ltr'>ὁδὸς</span> <span class='ocrx_word' id='word_1_155' title='bbox 970 2037 1321 2100; x_wconf 85' lang='grc' dir='ltr'>καταντῶσα,</span> <span class='ocrx_word' id='word_1_156' title='bbox 1354 2035 1429 2107; x_wconf 76' lang='grc' dir='ltr'>ὡς</span> <span class='ocrx_word' id='word_1_157' title='bbox 1478 2035 1722 2103; x_wconf 81' lang='grc' dir='ltr'>λέγουσι,</span> <span class='ocrx_word' id='word_1_158' title='bbox 1767 2040 1865 2089; x_wconf 82' lang='grc' dir='ltr'>καὶ</span> <span class='ocrx_word' id='word_1_159' title='bbox 1916 2036 2057 2108; x_wconf 79' lang='grc' dir='ltr'>αὑτὴ</span> 
     </span>
    </p>
   </div>
   <div class='ocr_carea' id='block_1_22' title="bbox 482 2128 2059 2201">
    <p class='ocr_par' dir='ltr' id='par_1_22' title="bbox 482 2128 2059 2201">
     <span class='ocr_line' id='line_1_22' title="bbox 482 2128 2059 2201; baseline -0.002 -15"><span class='ocrx_word' id='word_1_160' title='bbox 482 2134 621 2195; x_wconf 58' lang='lat' dir='ltr'><strong>tusi,</strong></span> <span class='ocrx_word' id='word_1_161' title='bbox 652 2133 750 2186; x_wconf 78' lang='grc' dir='ltr'>καὶ</span> <span class='ocrx_word' id='word_1_162' title='bbox 788 2129 1196 2201; x_wconf 83' lang='grc' dir='ltr'>παροτρύνουσί</span> <span class='ocrx_word' id='word_1_163' title='bbox 1251 2146 1322 2199; x_wconf 83' lang='grc' dir='ltr'><strong>με</strong></span> <span class='ocrx_word' id='word_1_164' title='bbox 1371 2128 1662 2195; x_wconf 75' lang='grc' dir='ltr'><strong>λέγοντες⁸</strong></span> <span class='ocrx_word' id='word_1_165' title='bbox 1705 2147 1723 2180; x_wconf 82' lang='grc' dir='ltr'><strong>ε</strong></span> <span class='ocrx_word' id='word_1_166' title='bbox 1776 2130 1927 2183; x_wconf 79' lang='grc' dir='ltr'>Ἐλθὲ</span> <span class='ocrx_word' id='word_1_167' title='bbox 1965 2131 2059 2184; x_wconf 72' lang='grc' dir='ltr'>καὶ</span> 
     </span>
    </p>
   </div>
   <div class='ocr_carea' id='block_1_23' title="bbox 486 2220 2058 2295">
    <p class='ocr_par' dir='ltr' id='par_1_23' title="bbox 486 2220 2058 2295">
     <span class='ocr_line' id='line_1_23' title="bbox 486 2220 2058 2295; baseline -0.003 -17"><span class='ocrx_word' id='word_1_168' title='bbox 486 2226 550 2279; x_wconf 79' lang='grc' dir='ltr'><strong>σὺ</strong></span> <span class='ocrx_word' id='word_1_169' title='bbox 582 2225 671 2278; x_wconf 72' lang='grc' dir='ltr'>διὰ</span> <span class='ocrx_word' id='word_1_170' title='bbox 691 2226 787 2295; x_wconf 81' lang='grc' dir='ltr'>τῆς</span> <span class='ocrx_word' id='word_1_171' title='bbox 821 2223 943 2277; x_wconf 85' lang='grc' dir='ltr'><strong>όδοῦ</strong></span> <span class='ocrx_word' id='word_1_172' title='bbox 974 2223 1200 2291; x_wconf 81' lang='grc' dir='ltr'><strong>ταύτης,</strong></span> <span class='ocrx_word' id='word_1_173' title='bbox 1233 2224 1299 2291; x_wconf 81' lang='grc' dir='ltr'>ῆν</span> <span class='ocrx_word' id='word_1_174' title='bbox 1326 2220 1562 2293; x_wconf 79' lang='grc' dir='ltr'>εὕρομεν</span> <span class='ocrx_word' id='word_1_175' title='bbox 1584 2236 1598 2250; x_wconf 85' lang='grc'><em>’</em></span> <span class='ocrx_word' id='word_1_176' title='bbox 1634 2221 1858 2289; x_wconf 76' lang='grc' dir='ltr'>καὶγὰρ</span> <span class='ocrx_word' id='word_1_177' title='bbox 1889 2223 1935 2273; x_wconf 80' lang='grc' dir='ltr'><strong>εί</strong></span> <span class='ocrx_word' id='word_1_178' title='bbox 1964 2220 2058 2273; x_wconf 82' lang='grc' dir='ltr'><strong>καί</strong></span> 
     </span>
    </p>
   </div>
   <div class='ocr_carea' id='block_1_24' title="bbox 482 2311 2058 2389">
    <p class='ocr_par' dir='ltr' id='par_1_24' title="bbox 482 2311 2058 2389">
     <span class='ocr_line' id='line_1_24' title="bbox 482 2311 2058 2389; baseline -0.004 -16"><span class='ocrx_word' id='word_1_179' title='bbox 482 2322 635 2373; x_wconf 66' lang='grc' dir='ltr'>ἔστιν</span> <span class='ocrx_word' id='word_1_180' title='bbox 684 2317 826 2387; x_wconf 72' lang='grc' dir='ltr'>αὕτη</span> <span class='ocrx_word' id='word_1_181' title='bbox 873 2317 939 2370; x_wconf 86' lang='grc' dir='ltr'>δι’</span> <span class='ocrx_word' id='word_1_182' title='bbox 964 2311 1032 2389; x_wconf 81' lang='grc' dir='ltr'>ἦς</span> <span class='ocrx_word' id='word_1_183' title='bbox 1084 2318 1305 2388; x_wconf 80' lang='grc' dir='ltr'><strong>ἀπέρχῃ</strong></span> <span class='ocrx_word' id='word_1_184' title='bbox 1340 2315 1481 2385; x_wconf 79' lang='grc' dir='ltr'>καλὴ</span> <span class='ocrx_word' id='word_1_185' title='bbox 1536 2316 1629 2368; x_wconf 74' lang='grc' dir='ltr'>καὶ</span> <span class='ocrx_word' id='word_1_186' title='bbox 1674 2312 1899 2383; x_wconf 79' lang='grc' dir='ltr'>ἀρχαία,</span> <span class='ocrx_word' id='word_1_187' title='bbox 1962 2315 2058 2367; x_wconf 74' lang='grc' dir='ltr'>καὶ</span> 
     </span>
    </p>
   </div>
   <div class='ocr_carea' id='block_1_25' title="bbox 485 2405 2055 2479">
    <p class='ocr_par' dir='ltr' id='par_1_25' title="bbox 485 2405 2055 2479">
     <span class='ocr_line' id='line_1_25' title="bbox 485 2405 2055 2479; baseline -0.004 -17"><span class='ocrx_word' id='word_1_188' title='bbox 485 2411 620 2479; x_wconf 79' lang='grc' dir='ltr'>ἡμῖν</span> <span class='ocrx_word' id='word_1_189' title='bbox 673 2408 915 2479; x_wconf 77' lang='grc' dir='ltr'>ἀρχῆθεν</span> <span class='ocrx_word' id='word_1_190' title='bbox 964 2408 1183 2477; x_wconf 81' lang='grc' dir='ltr'>γνωστὴ</span> <span class='ocrx_word' id='word_1_191' title='bbox 1223 2407 1319 2461; x_wconf 80' lang='grc' dir='ltr'>καὶ</span> <span class='ocrx_word' id='word_1_192' title='bbox 1375 2410 1472 2461; x_wconf 79' lang='grc' dir='ltr'><strong>σὺν</strong></span> <span class='ocrx_word' id='word_1_193' title='bbox 1533 2407 1663 2475; x_wconf 81' lang='grc' dir='ltr'>ὑμῖν</span> <span class='ocrx_word' id='word_1_194' title='bbox 1709 2405 2055 2475; x_wconf 80' lang='grc' dir='ltr'>διερχομένη,</span> 
     </span>
    </p>
   </div>
   <div class='ocr_carea' id='block_1_26' title="bbox 488 2498 2057 2571">
    <p class='ocr_par' dir='ltr' id='par_1_26' title="bbox 488 2498 2057 2571">
     <span class='ocr_line' id='line_1_26' title="bbox 488 2498 2057 2571; baseline -0.006 -13"><span class='ocrx_word' id='word_1_195' title='bbox 488 2501 624 2558; x_wconf 78' lang='grc' dir='ltr'>ἀλλὰ</span> <span class='ocrx_word' id='word_1_196' title='bbox 643 2502 740 2556; x_wconf 69' lang='grc' dir='ltr'><strong>καὶ</strong></span> <span class='ocrx_word' id='word_1_197' title='bbox 767 2500 929 2571; x_wconf 74' lang='grc' dir='ltr'>αὕτη,</span> <span class='ocrx_word' id='word_1_198' title='bbox 960 2500 1027 2571; x_wconf 73' lang='grc' dir='ltr'>ῆν</span> <span class='ocrx_word' id='word_1_199' title='bbox 1059 2500 1292 2571; x_wconf 77' lang='grc' dir='ltr'>εὕρομεν</span> <span class='ocrx_word' id='word_1_200' title='bbox 1329 2500 1446 2563; x_wconf 82' lang='grc' dir='ltr'>νῦν,</span> <span class='ocrx_word' id='word_1_201' title='bbox 1474 2501 1613 2569; x_wconf 78' lang='grc' dir='ltr'>καλή</span> <span class='ocrx_word' id='word_1_202' title='bbox 1661 2500 1812 2553; x_wconf 72' lang='grc' dir='ltr'>ἐστιν</span> <span class='ocrx_word' id='word_1_203' title='bbox 1835 2514 1849 2529; x_wconf 77' lang='grc'><strong>⁸</strong></span> <span class='ocrx_word' id='word_1_204' title='bbox 1889 2515 1910 2550; x_wconf 74' lang='grc' dir='ltr'><strong>ι</strong></span> <span class='ocrx_word' id='word_1_205' title='bbox 1946 2498 2057 2565; x_wconf 78' lang='grc' dir='ltr'><strong>ἐγὼ</strong></span> 
     </span>
    </p>
   </div>
   <div class='ocr_carea' id='block_1_27' title="bbox 487 2588 2055 2660">
    <p class='ocr_par' dir='ltr' id='par_1_27' title="bbox 487 2588 2055 2660">
     <span class='ocr_line' id='line_1_27' title="bbox 487 2588 2055 2660; baseline -0.006 -11"><span class='ocrx_word' id='word_1_206' title='bbox 487 2594 544 2650; x_wconf 72' lang='grc' dir='ltr'>δὲ</span> <span class='ocrx_word' id='word_1_207' title='bbox 577 2592 795 2648; x_wconf 86' lang='grc' dir='ltr'>ἀκούων</span> <span class='ocrx_word' id='word_1_208' title='bbox 850 2593 1001 2660; x_wconf 81' lang='grc' dir='ltr'><strong>παρὰ</strong></span> <span class='ocrx_word' id='word_1_209' title='bbox 1042 2591 1139 2660; x_wconf 76' lang='grc' dir='ltr'><strong>μὲν</strong></span> <span class='ocrx_word' id='word_1_210' title='bbox 1168 2591 1277 2643; x_wconf 87' lang='grc' dir='ltr'><strong>τῶν</strong></span> <span class='ocrx_word' id='word_1_211' title='bbox 1321 2592 1402 2644; x_wconf 85' lang='grc' dir='ltr'>ὅτι</span> <span class='ocrx_word' id='word_1_212' title='bbox 1435 2591 1574 2659; x_wconf 88' lang='grc' dir='ltr'>καλή</span> <span class='ocrx_word' id='word_1_213' title='bbox 1611 2591 1746 2655; x_wconf 78' lang='grc' dir='ltr'>ἐστι,</span> <span class='ocrx_word' id='word_1_214' title='bbox 1803 2590 1957 2660; x_wconf 77' lang='grc' dir='ltr'>παρὰ.</span> <span class='ocrx_word' id='word_1_215' title='bbox 1997 2588 2055 2642; x_wconf 72' lang='grc' dir='ltr'>δὲ</span> 
     </span>
    </p>
   </div>
   <div class='ocr_carea' id='block_1_28' title="bbox 481 2679 2054 2753">
    <p class='ocr_par' dir='ltr' id='par_1_28' title="bbox 481 2679 2054 2753">
     <span class='ocr_line' id='line_1_28' title="bbox 481 2679 2054 2753; baseline -0.006 -15"><span class='ocrx_word' id='word_1_216' title='bbox 481 2684 592 2741; x_wconf 76' lang='grc' dir='ltr'><strong>τῶν</strong></span> <span class='ocrx_word' id='word_1_217' title='bbox 616 2685 701 2738; x_wconf 78' lang='grc' dir='ltr'><strong>ὅτι</strong></span> <span class='ocrx_word' id='word_1_218' title='bbox 728 2685 792 2738; x_wconf 82' lang='grc' dir='ltr'><strong>οὐ</strong></span> <span class='ocrx_word' id='word_1_219' title='bbox 814 2683 976 2753; x_wconf 81' lang='grc' dir='ltr'>καλὴ,</span> <span class='ocrx_word' id='word_1_220' title='bbox 1014 2684 1111 2737; x_wconf 73' lang='grc' dir='ltr'>καὶ</span> <span class='ocrx_word' id='word_1_221' title='bbox 1143 2681 1475 2749; x_wconf 72' lang='grc' dir='ltr'>ἀσυμφωνία</span> <span class='ocrx_word' id='word_1_222' title='bbox 1505 2679 1641 2732; x_wconf 76' lang='grc' dir='ltr'>οὖσα</span> <span class='ocrx_word' id='word_1_223' title='bbox 1676 2682 1734 2731; x_wconf 82' lang='grc' dir='ltr'>ὲν</span> <span class='ocrx_word' id='word_1_224' title='bbox 1763 2679 1843 2748; x_wconf 84' lang='grc' dir='ltr'>τῷ</span> <span class='ocrx_word' id='word_1_225' title='bbox 1883 2682 2054 2747; x_wconf 81' lang='grc' dir='ltr'>μέσῳ,</span> 
     </span>
    </p>
   </div>
   <div class='ocr_carea' id='block_1_29' title="bbox 481 2770 2056 2847">
    <p class='ocr_par' dir='ltr' id='par_1_29' title="bbox 481 2770 2056 2847">
     <span class='ocr_line' id='line_1_29' title="bbox 481 2770 2056 2847; baseline -0.006 -14"><span class='ocrx_word' id='word_1_226' title='bbox 481 2777 571 2833; x_wconf 71' lang='grc' dir='ltr'>διὰ</span> <span class='ocrx_word' id='word_1_227' title='bbox 596 2776 650 2833; x_wconf 83' lang='grc' dir='ltr'><strong>τί</strong></span> <span class='ocrx_word' id='word_1_228' title='bbox 678 2775 755 2847; x_wconf 79' lang='grc' dir='ltr'>μὴ</span> <span class='ocrx_word' id='word_1_229' title='bbox 784 2776 924 2829; x_wconf 81' lang='grc' dir='ltr'>εἴπω</span> <span class='ocrx_word' id='word_1_230' title='bbox 969 2777 1087 2846; x_wconf 83' lang='grc' dir='ltr'>μετ’</span> <span class='ocrx_word' id='word_1_231' title='bbox 1132 2775 1359 2844; x_wconf 87' lang='grc' dir='ltr'>είρήνης</span> <span class='ocrx_word' id='word_1_232' title='bbox 1385 2788 1401 2804; x_wconf 75' lang='grc' dir='ltr'><strong>ο</strong></span> <span class='ocrx_word' id='word_1_233' title='bbox 1445 2791 1464 2824; x_wconf 84' lang='grc' dir='ltr'><strong>ε</strong></span> <span class='ocrx_word' id='word_1_234' title='bbox 1503 2770 1836 2843; x_wconf 81' lang='grc' dir='ltr'>Ἀπέρχεσθε</span> <span class='ocrx_word' id='word_1_235' title='bbox 1873 2770 2056 2832; x_wconf 87' lang='grc' dir='ltr'>καλῶς</span> 
     </span>
    </p>
   </div>
   <div class='ocr_carea' id='block_1_30' title="bbox 482 2864 2054 2941">
    <p class='ocr_par' dir='ltr' id='par_1_30' title="bbox 482 2864 2054 2941">
     <span class='ocr_line' id='line_1_30' title="bbox 482 2864 2054 2941; baseline -0.006 -17"><span class='ocrx_word' id='word_1_236' title='bbox 482 2872 563 2932; x_wconf 82' lang='grc' dir='ltr'>εἰς</span> <span class='ocrx_word' id='word_1_237' title='bbox 606 2869 704 2941; x_wconf 82' lang='grc' dir='ltr'><strong>τὴν</strong></span> <span class='ocrx_word' id='word_1_238' title='bbox 737 2869 901 2936; x_wconf 80' lang='grc' dir='ltr'>ἁγίαν</span> <span class='ocrx_word' id='word_1_239' title='bbox 947 2867 1148 2935; x_wconf 83' lang='grc' dir='ltr'>Σοφίαν</span> <span class='ocrx_word' id='word_1_240' title='bbox 1199 2865 1329 2919; x_wconf 74' lang='grc' dir='ltr'>ὅθεν</span> <span class='ocrx_word' id='word_1_241' title='bbox 1371 2865 1626 2936; x_wconf 86' lang='grc' dir='ltr'>βούλεσθε</span> <span class='ocrx_word' id='word_1_242' title='bbox 1651 2879 1664 2893; x_wconf 82' lang='lat'><strong><em>°</em></strong></span> <span class='ocrx_word' id='word_1_243' title='bbox 1736 2864 1847 2930; x_wconf 80' lang='grc' dir='ltr'><strong>ἐγὼ</strong></span> <span class='ocrx_word' id='word_1_244' title='bbox 1888 2864 2054 2917; x_wconf 79' lang='grc' dir='ltr'>πάλιν</span> 
     </span>
    </p>
   </div>
   <div class='ocr_carea' id='block_1_31' title="bbox 481 2955 2055 3029">
    <p class='ocr_par' dir='ltr' id='par_1_31' title="bbox 481 2955 2055 3029">
     <span class='ocr_line' id='line_1_31' title="bbox 481 2955 2055 3029; baseline -0.006 -14"><span class='ocrx_word' id='word_1_245' title='bbox 481 2960 677 3015; x_wconf 79' lang='grc' dir='ltr'>διέλθω</span> <span class='ocrx_word' id='word_1_246' title='bbox 708 2959 797 3014; x_wconf 83' lang='grc' dir='ltr'>διὰ</span> <span class='ocrx_word' id='word_1_247' title='bbox 817 2963 916 3029; x_wconf 79' lang='grc' dir='ltr'><strong>τῆς</strong></span> <span class='ocrx_word' id='word_1_248' title='bbox 948 2957 1071 3012; x_wconf 83' lang='grc' dir='ltr'>ὁδοῦ</span> <span class='ocrx_word' id='word_1_249' title='bbox 1106 2958 1173 3028; x_wconf 80' lang='grc' dir='ltr'>ἢν</span> <span class='ocrx_word' id='word_1_250' title='bbox 1200 2957 1296 3010; x_wconf 67' lang='grc' dir='ltr'><strong>καὶ</strong></span> <span class='ocrx_word' id='word_1_251' title='bbox 1330 2957 1450 3026; x_wconf 82' lang='grc' dir='ltr'>μεθ’</span> <span class='ocrx_word' id='word_1_252' title='bbox 1480 2955 1634 3018; x_wconf 84' lang='grc' dir='ltr'>ὑμῶν</span> <span class='ocrx_word' id='word_1_253' title='bbox 1664 2955 1846 3025; x_wconf 82' lang='grc' dir='ltr'>πολλῷ</span> <span class='ocrx_word' id='word_1_254' title='bbox 1878 2957 2055 3024; x_wconf 69' lang='grc' dir='ltr'>χρόνῳ</span> 
     </span>
    </p>
   </div>
   <div class='ocr_carea' id='block_1_32' title="bbox 487 3044 2054 3120">
    <p class='ocr_par' dir='ltr' id='par_1_32' title="bbox 487 3044 2054 3120">
     <span class='ocr_line' id='line_1_32' title="bbox 487 3044 2054 3120; baseline -0.006 -14"><span class='ocrx_word' id='word_1_255' title='bbox 487 3050 650 3120; x_wconf 74' lang='grc'><strong>178</strong></span> <span class='ocrx_word' id='word_1_256' title='bbox 683 3050 1012 3120; x_wconf 84' lang='grc' dir='ltr'>διηρχόμην,</span> <span class='ocrx_word' id='word_1_257' title='bbox 1059 3055 1156 3101; x_wconf 71' lang='grc' dir='ltr'>καὶ</span> <span class='ocrx_word' id='word_1_258' title='bbox 1191 3047 1363 3115; x_wconf 75' lang='grc' dir='ltr'>καλὴν</span> <span class='ocrx_word' id='word_1_259' title='bbox 1397 3047 1572 3115; x_wconf 80' lang='grc' dir='ltr'>αὐτὴν</span> <span class='ocrx_word' id='word_1_260' title='bbox 1607 3046 1704 3099; x_wconf 77' lang='grc' dir='ltr'>καὶ</span> <span class='ocrx_word' id='word_1_261' title='bbox 1731 3045 1861 3116; x_wconf 78' lang='grc' dir='ltr'>παρ’</span> <span class='ocrx_word' id='word_1_262' title='bbox 1898 3044 2054 3112; x_wconf 80' lang='grc' dir='ltr'>ὑμῶν</span> 
     </span>
    </p>
   </div>
   <div class='ocr_carea' id='block_1_33' title="bbox 2170 565 3743 642">
    <p class='ocr_par' dir='ltr' id='par_1_33' title="bbox 2170 565 3743 642">
     <span class='ocr_line' id='line_1_33' title="bbox 2170 565 3743 642; baseline 0.007 -26"><span class='ocrx_word' id='word_1_263' title='bbox 2170 565 2245 636; x_wconf 77' lang='grc' dir='ltr'>μὴ</span> <span class='ocrx_word' id='word_1_264' title='bbox 2275 566 2660 635; x_wconf 81' lang='grc' dir='ltr'>ὠφελήσασαν,</span> <span class='ocrx_word' id='word_1_265' title='bbox 2701 567 2820 623; x_wconf 84' lang='grc' dir='ltr'>ἀλλ’</span> <span class='ocrx_word' id='word_1_266' title='bbox 2854 569 3043 624; x_wconf 72' lang='grc' dir='ltr'>ἕνεκεν</span> <span class='ocrx_word' id='word_1_267' title='bbox 3066 573 3165 640; x_wconf 84' lang='grc' dir='ltr'>τῆς</span> <span class='ocrx_word' id='word_1_268' title='bbox 3198 573 3585 642; x_wconf 81' lang='grc' dir='ltr'>ἀσυμφωνίας.</span> <span class='ocrx_word' id='word_1_269' title='bbox 3622 578 3743 628; x_wconf 71' lang='grc' dir='ltr'>Εἴθε</span> 
     </span>
    </p>
   </div>
   <div class='ocr_carea' id='block_1_34' title="bbox 2165 656 3743 733">
    <p class='ocr_par' dir='ltr' id='par_1_34' title="bbox 2165 656 3743 733">
     <span class='ocr_line' id='line_1_34' title="bbox 2165 656 3743 733; baseline 0.004 -25"><span class='ocrx_word' id='word_1_270' title='bbox 2165 656 2359 721; x_wconf 71' lang='grc' dir='ltr'>ἓνωσις</span> <span class='ocrx_word' id='word_1_271' title='bbox 2390 659 2476 728; x_wconf 81' lang='grc' dir='ltr'><strong>είη</strong></span> <span class='ocrx_word' id='word_1_272' title='bbox 2508 659 2618 712; x_wconf 78' lang='grc' dir='ltr'><strong>τῶν</strong></span> <span class='ocrx_word' id='word_1_273' title='bbox 2641 659 2979 727; x_wconf 72' lang='grc' dir='ltr'>ἐκκλησιῶν.</span> <span class='ocrx_word' id='word_1_274' title='bbox 3002 664 3100 716; x_wconf 81' lang='grc' dir='ltr'>καὶ</span> <span class='ocrx_word' id='word_1_275' title='bbox 3129 663 3430 732; x_wconf 75' lang='grc' dir='ltr'>ὑστερῆσαι</span> <span class='ocrx_word' id='word_1_276' title='bbox 3464 681 3533 733; x_wconf 91' lang='grc' dir='ltr'><strong>με</strong></span> <span class='ocrx_word' id='word_1_277' title='bbox 3559 667 3589 717; x_wconf 88' lang='grc' dir='ltr'><strong>ό</strong></span> <span class='ocrx_word' id='word_1_278' title='bbox 3613 667 3743 723; x_wconf 72' lang='grc' dir='ltr'>Θεὸς</span> 
     </span>
    </p>
   </div>
   <div class='ocr_carea' id='block_1_35' title="bbox 2163 740 3739 828">
    <p class='ocr_par' dir='ltr' id='par_1_35' title="bbox 2163 740 3739 828">
     <span class='ocr_line' id='line_1_35' title="bbox 2163 740 3739 828; baseline 0.004 -26"><span class='ocrx_word' id='word_1_279' title='bbox 2163 749 2275 802; x_wconf 86' lang='grc' dir='ltr'><strong>τῶν</strong></span> <span class='ocrx_word' id='word_1_280' title='bbox 2306 749 2606 820; x_wconf 82' lang='grc' dir='ltr'>ὀφθαλμῶν</span> <span class='ocrx_word' id='word_1_281' title='bbox 2646 770 2771 823; x_wconf 90' lang='grc' dir='ltr'>μου.</span> <span class='ocrx_word' id='word_1_282' title='bbox 2799 752 2960 807; x_wconf 78' lang='grc' dir='ltr'>Ἀλλὰ</span> <span class='ocrx_word' id='word_1_283' title='bbox 2990 740 3089 809; x_wconf 77' lang='grc' dir='ltr'><strong>διά</strong></span> <span class='ocrx_word' id='word_1_284' title='bbox 3122 755 3213 820; x_wconf 87' lang='grc' dir='ltr'>τί;</span> <span class='ocrx_word' id='word_1_285' title='bbox 3265 758 3349 809; x_wconf 81' lang='grc' dir='ltr'>ὅτι</span> <span class='ocrx_word' id='word_1_286' title='bbox 3407 758 3506 810; x_wconf 78' lang='grc' dir='ltr'>καὶ</span> <span class='ocrx_word' id='word_1_287' title='bbox 3532 759 3671 826; x_wconf 73' lang='grc' dir='ltr'>αὑτὴ</span> <span class='ocrx_word' id='word_1_288' title='bbox 3708 762 3739 828; x_wconf 77' lang='grc' dir='ltr'>ἡ</span> 
     </span>
    </p>
   </div>
   <div class='ocr_carea' id='block_1_36' title="bbox 2164 840 3742 920">
    <p class='ocr_par' dir='ltr' id='par_1_36' title="bbox 2164 840 3742 920">
     <span class='ocr_line' id='line_1_36' title="bbox 2164 840 3742 920; baseline 0.003 -24"><span class='ocrx_word' id='word_1_289' title='bbox 2164 844 2263 914; x_wconf 81' lang='grc' dir='ltr'>τῆς</span> <span class='ocrx_word' id='word_1_290' title='bbox 2295 845 2516 897; x_wconf 81' lang='grc' dir='ltr'>συνόδου</span> <span class='ocrx_word' id='word_1_291' title='bbox 2564 845 2825 909; x_wconf 78' lang='grc' dir='ltr'>ὑπόθεσις</span> <span class='ocrx_word' id='word_1_292' title='bbox 2860 840 2928 915; x_wconf 75' lang='grc' dir='ltr'>ἦν</span> <span class='ocrx_word' id='word_1_293' title='bbox 2963 847 3112 900; x_wconf 87' lang='grc' dir='ltr'>αίτία</span> <span class='ocrx_word' id='word_1_294' title='bbox 3148 846 3342 920; x_wconf 81' lang='grc' dir='ltr'>πρώτη</span> <span class='ocrx_word' id='word_1_295' title='bbox 3380 850 3474 901; x_wconf 75' lang='grc' dir='ltr'><strong>καὶ</strong></span> <span class='ocrx_word' id='word_1_296' title='bbox 3528 852 3742 918; x_wconf 68' lang='grc' dir='ltr'>μεγάλη</span> 
     </span>
    </p>
   </div>
   <div class='ocr_carea' id='block_1_37' title="bbox 2167 935 3741 1009">
    <p class='ocr_par' dir='ltr' id='par_1_37' title="bbox 2167 935 3741 1009">
     <span class='ocr_line' id='line_1_37' title="bbox 2167 935 3741 1009; baseline 0.004 -22"><span class='ocrx_word' id='word_1_297' title='bbox 2167 935 2253 987; x_wconf 80' lang='grc' dir='ltr'><strong>ίνα</strong></span> <span class='ocrx_word' id='word_1_298' title='bbox 2284 937 2512 1007; x_wconf 82' lang='grc' dir='ltr'>γένηται</span> <span class='ocrx_word' id='word_1_299' title='bbox 2561 939 2767 1007; x_wconf 81' lang='grc' dir='ltr'>ἠκατά</span> <span class='ocrx_word' id='word_1_300' title='bbox 2811 943 2911 1009; x_wconf 84' lang='grc' dir='ltr'>τῆς</span> <span class='ocrx_word' id='word_1_301' title='bbox 2955 941 3594 1003; x_wconf 72' lang='grc' dir='ltr'>Κωνσταντινουπόλεως</span> <span class='ocrx_word' id='word_1_302' title='bbox 3636 943 3741 994; x_wconf 85' lang='grc' dir='ltr'><strong>τῶν</strong></span> 
     </span>
    </p>
   </div>
   <div class='ocr_carea' id='block_1_38' title="bbox 2166 1025 3742 1100">
    <p class='ocr_par' dir='ltr' id='par_1_38' title="bbox 2166 1025 3742 1100">
     <span class='ocr_line' id='line_1_38' title="bbox 2166 1025 3742 1100; baseline 0.004 -23"><span class='ocrx_word' id='word_1_303' title='bbox 2166 1025 2383 1081; x_wconf 75' lang='grc' dir='ltr'>ἀσεϐῶν</span> <span class='ocrx_word' id='word_1_304' title='bbox 2407 1027 2620 1095; x_wconf 71' lang='grc' dir='ltr'>ἔφοδος,</span> <span class='ocrx_word' id='word_1_305' title='bbox 2651 1031 2748 1081; x_wconf 69' lang='lat' dir='ltr'><strong>xci</strong></span> <span class='ocrx_word' id='word_1_306' title='bbox 2776 1028 2886 1082; x_wconf 79' lang='grc' dir='ltr'><strong>ἀπὸ</strong></span> <span class='ocrx_word' id='word_1_307' title='bbox 2932 1030 3137 1099; x_wconf 81' lang='grc' dir='ltr'>ταύτης</span> <span class='ocrx_word' id='word_1_308' title='bbox 3167 1030 3332 1085; x_wconf 82' lang='grc' dir='ltr'>πάλιν</span> <span class='ocrx_word' id='word_1_309' title='bbox 3374 1033 3409 1100; x_wconf 76' lang='grc' dir='ltr'><strong>ἡ</strong></span> <span class='ocrx_word' id='word_1_310' title='bbox 3452 1032 3742 1100; x_wconf 80' lang='grc' dir='ltr'>πολιορκία</span> 
     </span>
    </p>
   </div>
   <div class='ocr_carea' id='block_1_39' title="bbox 2164 1106 3742 1192">
    <p class='ocr_par' dir='ltr' id='par_1_39' title="bbox 2164 1106 3742 1192">
     <span class='ocr_line' id='line_1_39' title="bbox 2164 1106 3742 1192; baseline 0.005 -24"><span class='ocrx_word' id='word_1_311' title='bbox 2164 1117 2260 1169; x_wconf 75' lang='grc' dir='ltr'><strong>καὶ</strong></span> <span class='ocrx_word' id='word_1_312' title='bbox 2292 1110 2643 1188; x_wconf 85' lang='grc' dir='ltr'>αίχμαλωσία</span> <span class='ocrx_word' id='word_1_313' title='bbox 2676 1121 2775 1173; x_wconf 81' lang='grc' dir='ltr'>καὶ</span> <span class='ocrx_word' id='word_1_314' title='bbox 2804 1120 3034 1191; x_wconf 84' lang='grc' dir='ltr'>τοιαύτη</span> <span class='ocrx_word' id='word_1_315' title='bbox 3084 1122 3179 1175; x_wconf 78' lang='grc' dir='ltr'><strong>καὶ</strong></span> <span class='ocrx_word' id='word_1_316' title='bbox 3210 1123 3449 1192; x_wconf 76' lang='grc' dir='ltr'>τοσαύτη</span> <span class='ocrx_word' id='word_1_317' title='bbox 3483 1106 3742 1192; x_wconf 59' lang='grc' dir='ltr'>συμφορὰ</span> 
     </span>
    </p>
   </div>
   <div class='ocr_carea' id='block_1_40' title="bbox 2164 1210 3741 1285">
    <p class='ocr_par' dir='ltr' id='par_1_40' title="bbox 2164 1210 3741 1285">
     <span class='ocr_line' id='line_1_40' title="bbox 2164 1210 3741 1285; baseline 0.005 -25"><span class='ocrx_word' id='word_1_318' title='bbox 2164 1210 2353 1280; x_wconf 61' lang='grc' dir='ltr'>ἡμῶν</span> <span class='ocrx_word' id='word_1_319' title='bbox 2391 1213 2487 1264; x_wconf 73' lang='grc' dir='ltr'>καὶ</span> <span class='ocrx_word' id='word_1_320' title='bbox 2512 1212 2785 1265; x_wconf 77' lang='grc' dir='ltr'>ἀκούσατε</span> <span class='ocrx_word' id='word_1_321' title='bbox 2817 1213 3005 1280; x_wconf 75' lang='grc' dir='ltr'>λόγους</span> <span class='ocrx_word' id='word_1_322' title='bbox 3044 1212 3293 1284; x_wconf 82' lang='grc' dir='ltr'>ἀληθεῖς,</span> <span class='ocrx_word' id='word_1_323' title='bbox 3329 1216 3428 1285; x_wconf 71' lang='grc' dir='ltr'><strong>τὴν</strong></span> <span class='ocrx_word' id='word_1_324' title='bbox 3455 1216 3741 1283; x_wconf 58' lang='lat' dir='ltr'><strong>Aureoli)-</strong></span> 
     </span>
    </p>
   </div>
   <div class='ocr_carea' id='block_1_41' title="bbox 2164 1302 3254 1376">
    <p class='ocr_par' dir='ltr' id='par_1_41' title="bbox 2164 1302 3254 1376">
     <span class='ocr_line' id='line_1_41' title="bbox 2164 1302 3254 1376; baseline 0.006 -21"><span class='ocrx_word' id='word_1_325' title='bbox 2164 1302 2316 1357; x_wconf 87' lang='grc' dir='ltr'>θειαν</span> <span class='ocrx_word' id='word_1_326' title='bbox 2350 1304 2760 1373; x_wconf 78' lang='grc' dir='ltr'>προόαλομένου</span> <span class='ocrx_word' id='word_1_327' title='bbox 2797 1324 2898 1375; x_wconf 90' lang='grc' dir='ltr'><strong>μου</strong></span> <span class='ocrx_word' id='word_1_328' title='bbox 2928 1308 3254 1376; x_wconf 78' lang='grc' dir='ltr'>μαρτυρίαν.</span> 
     </span>
    </p>
   </div>
   <div class='ocr_carea' id='block_1_42' title="bbox 2236 1392 3740 1471">
    <p class='ocr_par' dir='ltr' id='par_1_42' title="bbox 2236 1392 3740 1471">
     <span class='ocr_line' id='line_1_42' title="bbox 2236 1392 3740 1471; baseline 0.004 -24"><span class='ocrx_word' id='word_1_329' title='bbox 2236 1392 2405 1448; x_wconf 76' lang='grc' dir='ltr'>Εἶπεν</span> <span class='ocrx_word' id='word_1_330' title='bbox 2439 1398 2467 1449; x_wconf 88' lang='grc' dir='ltr'><strong>ό</strong></span> <span class='ocrx_word' id='word_1_331' title='bbox 2489 1397 2738 1465; x_wconf 80' lang='grc' dir='ltr'>ἀοίδιμος</span> <span class='ocrx_word' id='word_1_332' title='bbox 2776 1397 3031 1465; x_wconf 80' lang='grc' dir='ltr'>βασιλεὺς</span> <span class='ocrx_word' id='word_1_333' title='bbox 3062 1399 3167 1468; x_wconf 82' lang='grc' dir='ltr'><strong>κὺρ</strong></span> <span class='ocrx_word' id='word_1_334' title='bbox 3196 1400 3453 1471; x_wconf 75' lang='grc' dir='ltr'>Μανουὴλ</span> <span class='ocrx_word' id='word_1_335' title='bbox 3482 1402 3621 1470; x_wconf 58' lang='grc' dir='ltr'>πρὶς</span> <span class='ocrx_word' id='word_1_336' title='bbox 3646 1403 3740 1453; x_wconf 73' lang='grc' dir='ltr'>τὸν</span> 
     </span>
    </p>
   </div>
   <div class='ocr_carea' id='block_1_43' title="bbox 2163 1486 3736 1563">
    <p class='ocr_par' dir='ltr' id='par_1_43' title="bbox 2163 1486 3736 1563">
     <span class='ocr_line' id='line_1_43' title="bbox 2163 1486 3736 1563; baseline 0.003 -24"><span class='ocrx_word' id='word_1_337' title='bbox 2163 1488 2281 1540; x_wconf 78' lang='grc' dir='ltr'>υἱὸν</span> <span class='ocrx_word' id='word_1_338' title='bbox 2314 1486 2505 1554; x_wconf 73' lang='grc' dir='ltr'>αὑτοῦ,</span> <span class='ocrx_word' id='word_1_339' title='bbox 2549 1488 2640 1541; x_wconf 77' lang='grc' dir='ltr'><strong>τὸν</strong></span> <span class='ocrx_word' id='word_1_340' title='bbox 2691 1488 2916 1558; x_wconf 81' lang='grc' dir='ltr'>βασιλέα</span> <span class='ocrx_word' id='word_1_341' title='bbox 2946 1493 3050 1560; x_wconf 79' lang='grc' dir='ltr'><strong>κὺρ</strong></span> <span class='ocrx_word' id='word_1_342' title='bbox 3076 1490 3355 1561; x_wconf 78' lang='grc' dir='ltr'>Ἰωάννην,</span> <span class='ocrx_word' id='word_1_343' title='bbox 3406 1493 3570 1560; x_wconf 87' lang='grc' dir='ltr'>μόνος</span> <span class='ocrx_word' id='word_1_344' title='bbox 3604 1496 3736 1563; x_wconf 60' lang='grc' dir='ltr'><strong>πρὲρς</strong></span> 
     </span>
    </p>
   </div>
   <div class='ocr_carea' id='block_1_44' title="bbox 2164 1580 3735 1653">
    <p class='ocr_par' dir='ltr' id='par_1_44' title="bbox 2164 1580 3735 1653">
     <span class='ocr_line' id='line_1_44' title="bbox 2164 1580 3735 1653; baseline 0.004 -24"><span class='ocrx_word' id='word_1_345' title='bbox 2164 1580 2347 1648; x_wconf 90' lang='grc' dir='ltr'>μόνον,</span> <span class='ocrx_word' id='word_1_346' title='bbox 2390 1580 2572 1648; x_wconf 81' lang='grc' dir='ltr'>κάμοῦ</span> <span class='ocrx_word' id='word_1_347' title='bbox 2611 1583 2775 1649; x_wconf 87' lang='grc' dir='ltr'>μόνου</span> <span class='ocrx_word' id='word_1_348' title='bbox 2824 1583 3122 1650; x_wconf 76' lang='grc' dir='ltr'>ἱσταμένου</span> <span class='ocrx_word' id='word_1_349' title='bbox 3157 1585 3471 1653; x_wconf 76' lang='grc' dir='ltr'>ἔμπροσθεν</span> <span class='ocrx_word' id='word_1_350' title='bbox 3518 1586 3735 1637; x_wconf 67' lang='grc' dir='ltr'>αὐτῶν·</span> 
     </span>
    </p>
   </div>
   <div class='ocr_carea' id='block_1_45' title="bbox 2163 1671 3733 1747">
    <p class='ocr_par' dir='ltr' id='par_1_45' title="bbox 2163 1671 3733 1747">
     <span class='ocr_line' id='line_1_45' title="bbox 2163 1671 3733 1747; baseline 0.004 -25"><span class='ocrx_word' id='word_1_351' title='bbox 2163 1671 2255 1723; x_wconf 75' lang='grc' dir='ltr'>καὶ</span> <span class='ocrx_word' id='word_1_352' title='bbox 2298 1673 2622 1734; x_wconf 77' lang='grc' dir='ltr'>ἐκπεσόντος</span> <span class='ocrx_word' id='word_1_353' title='bbox 2666 1673 2827 1741; x_wconf 83' lang='grc' dir='ltr'>λόγου</span> <span class='ocrx_word' id='word_1_354' title='bbox 2871 1677 3123 1743; x_wconf 75' lang='grc' dir='ltr'>περὶτῆς</span> <span class='ocrx_word' id='word_1_355' title='bbox 3154 1677 3377 1729; x_wconf 83' lang='grc' dir='ltr'>συνόδου</span> <span class='ocrx_word' id='word_1_356' title='bbox 3410 1676 3513 1747; x_wconf 73' lang='grc' dir='ltr'>ἔφη</span> <span class='ocrx_word' id='word_1_357' title='bbox 3546 1694 3559 1706; x_wconf 67' lang='grc' dir='ltr'><strong>ο</strong></span> <span class='ocrx_word' id='word_1_358' title='bbox 3592 1696 3612 1729; x_wconf 84' lang='grc' dir='ltr'><strong>ε</strong></span> <span class='ocrx_word' id='word_1_359' title='bbox 3643 1678 3733 1729; x_wconf 71' lang='lat' dir='ltr'><strong>Ti!</strong></span> 
     </span>
    </p>
   </div>
   <div class='ocr_carea' id='block_1_46' title="bbox 2166 1764 3734 1837">
    <p class='ocr_par' dir='ltr' id='par_1_46' title="bbox 2166 1764 3734 1837">
     <span class='ocr_line' id='line_1_46' title="bbox 2166 1764 3734 1837; baseline 0.005 -23"><span class='ocrx_word' id='word_1_360' title='bbox 2166 1779 2294 1830; x_wconf 85' lang='grc' dir='ltr'>μου,</span> <span class='ocrx_word' id='word_1_361' title='bbox 2327 1764 2559 1833; x_wconf 77' lang='grc' dir='ltr'>βεϐαίως</span> <span class='ocrx_word' id='word_1_362' title='bbox 2595 1766 2687 1819; x_wconf 75' lang='grc' dir='ltr'>καὶ</span> <span class='ocrx_word' id='word_1_363' title='bbox 2718 1765 2940 1836; x_wconf 84' lang='grc' dir='ltr'>ἀληθῶς</span> <span class='ocrx_word' id='word_1_364' title='bbox 2967 1767 3311 1835; x_wconf 75' lang='grc' dir='ltr'>ἐπιστάμεθα</span> <span class='ocrx_word' id='word_1_365' title='bbox 3347 1770 3408 1820; x_wconf 68' lang='grc' dir='ltr'>ἐκ</span> <span class='ocrx_word' id='word_1_366' title='bbox 3440 1770 3611 1837; x_wconf 77' lang='grc' dir='ltr'>μέσου</span> <span class='ocrx_word' id='word_1_367' title='bbox 3638 1770 3734 1835; x_wconf 77' lang='grc' dir='ltr'>τῆς</span> 
     </span>
    </p>
   </div>
   <div class='ocr_carea' id='block_1_47' title="bbox 2162 1856 3732 1929">
    <p class='ocr_par' dir='ltr' id='par_1_47' title="bbox 2162 1856 3732 1929">
     <span class='ocr_line' id='line_1_47' title="bbox 2162 1856 3732 1929; baseline 0.004 -22"><span class='ocrx_word' id='word_1_368' title='bbox 2162 1856 2393 1923; x_wconf 76' lang='grc' dir='ltr'>καρδίας</span> <span class='ocrx_word' id='word_1_369' title='bbox 2419 1858 2601 1910; x_wconf 73' lang='grc' dir='ltr'>αὐτῶν</span> <span class='ocrx_word' id='word_1_370' title='bbox 2629 1858 2691 1927; x_wconf 78' lang='grc' dir='ltr'>δὴ</span> <span class='ocrx_word' id='word_1_371' title='bbox 2719 1858 2830 1911; x_wconf 88' lang='grc' dir='ltr'><strong>τῶν</strong></span> <span class='ocrx_word' id='word_1_372' title='bbox 2860 1858 3093 1926; x_wconf 67' lang='grc' dir='ltr'>ἀσεϐῶν,</span> <span class='ocrx_word' id='word_1_373' title='bbox 3128 1861 3215 1914; x_wconf 77' lang='grc' dir='ltr'>ὅτι</span> <span class='ocrx_word' id='word_1_374' title='bbox 3246 1860 3365 1914; x_wconf 83' lang='grc' dir='ltr'>λίαν</span> <span class='ocrx_word' id='word_1_375' title='bbox 3399 1862 3732 1929; x_wconf 72' lang='grc' dir='ltr'>διστάζονσι,</span> 
     </span>
    </p>
   </div>
   <div class='ocr_carea' id='block_1_48' title="bbox 2162 1932 3734 2023">
    <p class='ocr_par' dir='ltr' id='par_1_48' title="bbox 2162 1932 3734 2023">
     <span class='ocr_line' id='line_1_48' title="bbox 2162 1932 3734 2023; baseline 0.004 -26"><span class='ocrx_word' id='word_1_376' title='bbox 2162 1946 2491 2016; x_wconf 80' lang='grc' dir='ltr'>φοϐούμενοι</span> <span class='ocrx_word' id='word_1_377' title='bbox 2545 1932 2618 2017; x_wconf 76' lang='grc' dir='ltr'>μή</span> <span class='ocrx_word' id='word_1_378' title='bbox 2666 1964 2784 2012; x_wconf 85' lang='grc' dir='ltr'>πως</span> <span class='ocrx_word' id='word_1_379' title='bbox 2822 1953 3278 2021; x_wconf 78' lang='grc' dir='ltr'>συμφωνήσωμεν</span> <span class='ocrx_word' id='word_1_380' title='bbox 3318 1955 3415 2006; x_wconf 77' lang='grc' dir='ltr'>καὶ</span> <span class='ocrx_word' id='word_1_381' title='bbox 3446 1954 3734 2023; x_wconf 76' lang='grc' dir='ltr'>ἑνωθῶμεν</span> 
     </span>
    </p>
   </div>
   <div class='ocr_carea' id='block_1_49' title="bbox 2160 2040 3732 2113">
    <p class='ocr_par' dir='ltr' id='par_1_49' title="bbox 2160 2040 3732 2113">
     <span class='ocr_line' id='line_1_49' title="bbox 2160 2040 3732 2113; baseline 0.003 -23"><span class='ocrx_word' id='word_1_382' title='bbox 2160 2042 2273 2101; x_wconf 81' lang='grc' dir='ltr'>τοῖς</span> <span class='ocrx_word' id='word_1_383' title='bbox 2315 2040 2555 2103; x_wconf 83' lang='grc' dir='ltr'>δυτικοῖς</span> <span class='ocrx_word' id='word_1_384' title='bbox 2602 2042 2953 2110; x_wconf 74' lang='grc' dir='ltr'>Χριστιανοῖς</span> <span class='ocrx_word' id='word_1_385' title='bbox 2978 2058 2990 2072; x_wconf 92' lang='grc'><strong>·</strong></span> <span class='ocrx_word' id='word_1_386' title='bbox 3025 2043 3176 2096; x_wconf 73' lang='grc' dir='ltr'>δοκεῖ</span> <span class='ocrx_word' id='word_1_387' title='bbox 3202 2044 3313 2113; x_wconf 84' lang='grc' dir='ltr'>γὰρ</span> <span class='ocrx_word' id='word_1_388' title='bbox 3358 2045 3547 2107; x_wconf 77' lang='grc' dir='ltr'>αὐτοῖς</span> <span class='ocrx_word' id='word_1_389' title='bbox 3579 2045 3659 2098; x_wconf 83' lang='grc' dir='ltr'><strong>δτι</strong></span> <span class='ocrx_word' id='word_1_390' title='bbox 3685 2049 3732 2097; x_wconf 85' lang='grc' dir='ltr'><strong>εί</strong></span> 
     </span>
    </p>
   </div>
   <div class='ocr_carea' id='block_1_50' title="bbox 2159 2128 3731 2209">
    <p class='ocr_par' dir='ltr' id='par_1_50' title="bbox 2159 2128 3731 2209">
     <span class='ocr_line' id='line_1_50' title="bbox 2159 2128 3731 2209; baseline 0.005 -27"><span class='ocrx_word' id='word_1_391' title='bbox 2159 2128 2317 2182; x_wconf 83' lang='grc' dir='ltr'>τοῦτο</span> <span class='ocrx_word' id='word_1_392' title='bbox 2340 2132 2589 2201; x_wconf 85' lang='grc' dir='ltr'>γένηται,</span> <span class='ocrx_word' id='word_1_393' title='bbox 2617 2132 2910 2202; x_wconf 78' lang='grc' dir='ltr'>γενήσεταί</span> <span class='ocrx_word' id='word_1_394' title='bbox 2936 2150 2986 2185; x_wconf 90' lang='grc' dir='ltr'><strong>τι</strong></span> <span class='ocrx_word' id='word_1_395' title='bbox 3020 2135 3192 2187; x_wconf 76' lang='grc' dir='ltr'>κακὸν</span> <span class='ocrx_word' id='word_1_396' title='bbox 3224 2136 3368 2209; x_wconf 81' lang='grc' dir='ltr'>μέγα</span> <span class='ocrx_word' id='word_1_397' title='bbox 3400 2136 3524 2188; x_wconf 79' lang='grc' dir='ltr'>κατ’</span> <span class='ocrx_word' id='word_1_398' title='bbox 3552 2137 3731 2190; x_wconf 79' lang='grc' dir='ltr'>αὐτῶν</span> 
     </span>
    </p>
   </div>
   <div class='ocr_carea' id='block_1_51' title="bbox 2160 2221 3731 2295">
    <p class='ocr_par' dir='ltr' id='par_1_51' title="bbox 2160 2221 3731 2295">
     <span class='ocr_line' id='line_1_51' title="bbox 2160 2221 3731 2295; baseline 0.004 -22"><span class='ocrx_word' id='word_1_399' title='bbox 2160 2221 2311 2292; x_wconf 80' lang='grc' dir='ltr'><strong>παρά</strong></span> <span class='ocrx_word' id='word_1_400' title='bbox 2341 2222 2448 2276; x_wconf 85' lang='grc' dir='ltr'><strong>τῶν</strong></span> <span class='ocrx_word' id='word_1_401' title='bbox 2494 2225 2802 2293; x_wconf 84' lang='grc' dir='ltr'>είρημένων</span> <span class='ocrx_word' id='word_1_402' title='bbox 2845 2225 3080 2277; x_wconf 84' lang='grc' dir='ltr'>δυτικῶν</span> <span class='ocrx_word' id='word_1_403' title='bbox 3108 2226 3176 2278; x_wconf 83' lang='grc' dir='ltr'>δι’</span> <span class='ocrx_word' id='word_1_404' title='bbox 3206 2228 3379 2295; x_wconf 77' lang='grc' dir='ltr'>ἡμᾶς.</span> <span class='ocrx_word' id='word_1_405' title='bbox 3426 2228 3633 2280; x_wconf 73' lang='grc' dir='ltr'>Δοιπδν</span> <span class='ocrx_word' id='word_1_406' title='bbox 3675 2230 3731 2279; x_wconf 69' lang='grc' dir='ltr'>τὸ</span> 
     </span>
    </p>
   </div>
   <div class='ocr_carea' id='block_1_52' title="bbox 2159 2314 3730 2386">
    <p class='ocr_par' dir='ltr' id='par_1_52' title="bbox 2159 2314 3730 2386">
     <span class='ocr_line' id='line_1_52' title="bbox 2159 2314 3730 2386; baseline 0.001 -21"><span class='ocrx_word' id='word_1_407' title='bbox 2159 2314 2418 2381; x_wconf 74' lang='grc' dir='ltr'>περὶτῆς</span> <span class='ocrx_word' id='word_1_408' title='bbox 2450 2314 2674 2367; x_wconf 82' lang='grc' dir='ltr'>συνόδου</span> <span class='ocrx_word' id='word_1_409' title='bbox 2727 2316 2929 2385; x_wconf 73' lang='grc' dir='ltr'>μελέτα</span> <span class='ocrx_word' id='word_1_410' title='bbox 2969 2318 3069 2386; x_wconf 83' lang='grc' dir='ltr'>μὲν</span> <span class='ocrx_word' id='word_1_411' title='bbox 3104 2318 3236 2369; x_wconf 81' lang='grc' dir='ltr'>αὐτὸ</span> <span class='ocrx_word' id='word_1_412' title='bbox 3286 2320 3382 2369; x_wconf 72' lang='grc' dir='ltr'><strong>καὶ</strong></span> <span class='ocrx_word' id='word_1_413' title='bbox 3421 2316 3603 2385; x_wconf 78' lang='grc' dir='ltr'>ζήτει,</span> <span class='ocrx_word' id='word_1_414' title='bbox 3644 2318 3730 2370; x_wconf 74' lang='grc' dir='ltr'>καὶ</span> 
     </span>
    </p>
   </div>
   <div class='ocr_carea' id='block_1_53' title="bbox 2162 2405 3730 2477">
    <p class='ocr_par' dir='ltr' id='par_1_53' title="bbox 2162 2405 3730 2477">
     <span class='ocr_line' id='line_1_53' title="bbox 2162 2405 3730 2477; baseline 0.004 -20"><span class='ocrx_word' id='word_1_415' title='bbox 2162 2405 2394 2475; x_wconf 80' lang='grc' dir='ltr'>μάλιστα</span> <span class='ocrx_word' id='word_1_416' title='bbox 2427 2408 2555 2463; x_wconf 83' lang='grc' dir='ltr'>ὅταν</span> <span class='ocrx_word' id='word_1_417' title='bbox 2578 2406 2770 2475; x_wconf 83' lang='grc' dir='ltr'>χρείαν</span> <span class='ocrx_word' id='word_1_418' title='bbox 2797 2408 2947 2477; x_wconf 75' lang='grc' dir='ltr'>ἔχεις</span> <span class='ocrx_word' id='word_1_419' title='bbox 2978 2407 3218 2477; x_wconf 81' lang='grc' dir='ltr'>φοσῆσαι</span> <span class='ocrx_word' id='word_1_420' title='bbox 3247 2410 3375 2472; x_wconf 79' lang='grc' dir='ltr'>τοὺς</span> <span class='ocrx_word' id='word_1_421' title='bbox 3401 2411 3647 2473; x_wconf 74' lang='grc' dir='ltr'>ἀσεϐεῖς,</span> <span class='ocrx_word' id='word_1_422' title='bbox 3676 2412 3730 2463; x_wconf 65' lang='grc' dir='ltr'>τὸ</span> 
     </span>
    </p>
   </div>
   <div class='ocr_carea' id='block_1_54' title="bbox 2158 2498 3726 2573">
    <p class='ocr_par' dir='ltr' id='par_1_54' title="bbox 2158 2498 3726 2573">
     <span class='ocr_line' id='line_1_54' title="bbox 2158 2498 3726 2573; baseline 0.007 -24"><span class='ocrx_word' id='word_1_423' title='bbox 2158 2498 2215 2549; x_wconf 74' lang='grc' dir='ltr'>δὲ</span> <span class='ocrx_word' id='word_1_424' title='bbox 2257 2498 2485 2565; x_wconf 78' lang='grc' dir='ltr'>ποιῆσαι</span> <span class='ocrx_word' id='word_1_425' title='bbox 2526 2499 2699 2568; x_wconf 79' lang='grc' dir='ltr'>αὐτὴν</span> <span class='ocrx_word' id='word_1_426' title='bbox 2748 2502 2947 2570; x_wconf 78' lang='grc' dir='ltr'>μηκέτι</span> <span class='ocrx_word' id='word_1_427' title='bbox 2982 2502 3358 2573; x_wconf 78' lang='grc' dir='ltr'>ἑπιχειρισθῇς</span> <span class='ocrx_word' id='word_1_428' title='bbox 3402 2504 3560 2567; x_wconf 75' lang='grc' dir='ltr'>αὐτὸ.</span> <span class='ocrx_word' id='word_1_429' title='bbox 3598 2505 3726 2560; x_wconf 81' lang='grc' dir='ltr'>διότι</span> 
     </span>
    </p>
   </div>
   <div class='ocr_carea' id='block_1_55' title="bbox 2158 2588 3729 2666">
    <p class='ocr_par' dir='ltr' id='par_1_55' title="bbox 2158 2588 3729 2666">
     <span class='ocr_line' id='line_1_55' title="bbox 2158 2588 3729 2666; baseline 0.007 -25"><span class='ocrx_word' id='word_1_430' title='bbox 2158 2588 2233 2651; x_wconf 80' lang='grc' dir='ltr'>ὡς</span> <span class='ocrx_word' id='word_1_431' title='bbox 2264 2589 2449 2658; x_wconf 81' lang='grc' dir='ltr'>βλέπω</span> <span class='ocrx_word' id='word_1_432' title='bbox 2480 2592 2607 2654; x_wconf 80' lang='grc' dir='ltr'>τοὺς</span> <span class='ocrx_word' id='word_1_433' title='bbox 2638 2592 2973 2661; x_wconf 76' lang='grc' dir='ltr'>ἡμετέρους,</span> <span class='ocrx_word' id='word_1_434' title='bbox 3002 2592 3102 2646; x_wconf 78' lang='grc' dir='ltr'><strong>οὐκ</strong></span> <span class='ocrx_word' id='word_1_435' title='bbox 3132 2596 3270 2647; x_wconf 86' lang='grc' dir='ltr'>είσιν</span> <span class='ocrx_word' id='word_1_436' title='bbox 3300 2597 3556 2666; x_wconf 83' lang='grc' dir='ltr'>ἀρμόδιοι</span> <span class='ocrx_word' id='word_1_437' title='bbox 3595 2600 3729 2665; x_wconf 58' lang='grc' dir='ltr'>πρὸς</span> 
     </span>
    </p>
   </div>
   <div class='ocr_carea' id='block_1_56' title="bbox 2156 2682 3727 2759">
    <p class='ocr_par' dir='ltr' id='par_1_56' title="bbox 2156 2682 3727 2759">
     <span class='ocr_line' id='line_1_56' title="bbox 2156 2682 3727 2759; baseline 0.005 -24"><span class='ocrx_word' id='word_1_438' title='bbox 2156 2682 2219 2735; x_wconf 79' lang='grc' dir='ltr'>τὸ</span> <span class='ocrx_word' id='word_1_439' title='bbox 2244 2683 2428 2749; x_wconf 81' lang='grc' dir='ltr'>εὑρεῖν</span> <span class='ocrx_word' id='word_1_440' title='bbox 2479 2683 2705 2752; x_wconf 80' lang='grc' dir='ltr'>μέθοδον</span> <span class='ocrx_word' id='word_1_441' title='bbox 2737 2688 2833 2737; x_wconf 80' lang='grc' dir='ltr'>καὶ</span> <span class='ocrx_word' id='word_1_442' title='bbox 2879 2686 3082 2757; x_wconf 86' lang='grc' dir='ltr'>τρόπον</span> <span class='ocrx_word' id='word_1_443' title='bbox 3116 2686 3362 2751; x_wconf 82' lang='grc' dir='ltr'>ἐνὼσεως</span> <span class='ocrx_word' id='word_1_444' title='bbox 3408 2690 3727 2759; x_wconf 82' lang='grc' dir='ltr'>συμφωνίας</span> 
     </span>
    </p>
   </div>
   <div class='ocr_carea' id='block_1_57' title="bbox 2156 2777 3729 2851">
    <p class='ocr_par' dir='ltr' id='par_1_57' title="bbox 2156 2777 3729 2851">
     <span class='ocr_line' id='line_1_57' title="bbox 2156 2777 3729 2851; baseline 0.006 -25"><span class='ocrx_word' id='word_1_445' title='bbox 2156 2777 2341 2827; x_wconf 72' lang='grc' dir='ltr'>τεκαὶ</span> <span class='ocrx_word' id='word_1_446' title='bbox 2380 2777 2604 2846; x_wconf 73' lang='grc' dir='ltr'>εἰρήνης</span> <span class='ocrx_word' id='word_1_447' title='bbox 2643 2777 2804 2846; x_wconf 77' lang='lat'><strong>179</strong></span> <span class='ocrx_word' id='word_1_448' title='bbox 2844 2778 2939 2831; x_wconf 84' lang='grc' dir='ltr'>καὶ</span> <span class='ocrx_word' id='word_1_449' title='bbox 2969 2780 3189 2850; x_wconf 81' lang='grc' dir='ltr'>ἀγάπης</span> <span class='ocrx_word' id='word_1_450' title='bbox 3232 2780 3328 2832; x_wconf 81' lang='grc' dir='ltr'>καὶ</span> <span class='ocrx_word' id='word_1_451' title='bbox 3369 2782 3647 2851; x_wconf 80' lang='grc' dir='ltr'>ὁμονοίας,</span> <span class='ocrx_word' id='word_1_452' title='bbox 3681 2783 3729 2835; x_wconf 86' lang='grc' dir='ltr'><strong>εί</strong></span> 
     </span>
    </p>
   </div>
   <div class='ocr_carea' id='block_1_58' title="bbox 2159 2866 3725 2941">
    <p class='ocr_par' dir='ltr' id='par_1_58' title="bbox 2159 2866 3725 2941">
     <span class='ocr_line' id='line_1_58' title="bbox 2159 2866 3725 2941; baseline 0.006 -22"><span class='ocrx_word' id='word_1_453' title='bbox 2159 2866 2234 2937; x_wconf 80' lang='grc' dir='ltr'>μὴ</span> <span class='ocrx_word' id='word_1_454' title='bbox 2264 2867 2609 2937; x_wconf 71' lang='grc' dir='ltr'>φροντίζουσι</span> <span class='ocrx_word' id='word_1_455' title='bbox 2653 2872 2790 2938; x_wconf 80' lang='grc' dir='ltr'>πρὸς</span> <span class='ocrx_word' id='word_1_456' title='bbox 2836 2870 2896 2923; x_wconf 85' lang='grc' dir='ltr'><strong>τὸ</strong></span> <span class='ocrx_word' id='word_1_457' title='bbox 2933 2871 3257 2941; x_wconf 79' lang='grc' dir='ltr'>ἐπιστρέψαι</span> <span class='ocrx_word' id='word_1_458' title='bbox 3306 2873 3531 2936; x_wconf 74' lang='grc' dir='ltr'>αὐτοὺς.</span> <span class='ocrx_word' id='word_1_459' title='bbox 3582 2875 3725 2941; x_wconf 77' lang='grc' dir='ltr'>λέγω</span> 
     </span>
    </p>
   </div>
   <div class='ocr_carea' id='block_1_59' title="bbox 2156 2956 3728 3033">
    <p class='ocr_par' dir='ltr' id='par_1_59' title="bbox 2156 2956 3728 3033">
     <span class='ocr_line' id='line_1_59' title="bbox 2156 2956 3728 3033; baseline 0.006 -23"><span class='ocrx_word' id='word_1_460' title='bbox 2156 2960 2283 3021; x_wconf 79' lang='grc' dir='ltr'>τοὺς</span> <span class='ocrx_word' id='word_1_461' title='bbox 2304 2959 2583 3026; x_wconf 80' lang='grc' dir='ltr'>δυτικοὺς,</span> <span class='ocrx_word' id='word_1_462' title='bbox 2612 2960 2687 3023; x_wconf 85' lang='grc' dir='ltr'>ὡς</span> <span class='ocrx_word' id='word_1_463' title='bbox 2713 2956 2857 3031; x_wconf 81' lang='grc' dir='ltr'>ἦμεν</span> <span class='ocrx_word' id='word_1_464' title='bbox 2880 2962 3143 3033; x_wconf 81' lang='grc' dir='ltr'>ἀρχῆθεν.</span> <span class='ocrx_word' id='word_1_465' title='bbox 3173 2964 3344 3019; x_wconf 80' lang='grc' dir='ltr'>Τοῦτο</span> <span class='ocrx_word' id='word_1_466' title='bbox 3374 2966 3433 3020; x_wconf 73' lang='grc' dir='ltr'>δὲ</span> <span class='ocrx_word' id='word_1_467' title='bbox 3462 2967 3728 3022; x_wconf 80' lang='grc' dir='ltr'>ἀδύνατον</span> 
     </span>
    </p>
   </div>
   <div class='ocr_carea' id='block_1_60' title="bbox 2155 3047 3724 3129">
    <p class='ocr_par' dir='ltr' id='par_1_60' title="bbox 2155 3047 3724 3129">
     <span class='ocr_line' id='line_1_60' title="bbox 2155 3047 3724 3129; baseline 0.006 -27"><span class='ocrx_word' id='word_1_468' title='bbox 2155 3047 2359 3113; x_wconf 69' lang='grc' dir='ltr'>ὅντως*</span> <span class='ocrx_word' id='word_1_469' title='bbox 2393 3050 2583 3122; x_wconf 83' lang='grc' dir='ltr'>σχεδὸν</span> <span class='ocrx_word' id='word_1_470' title='bbox 2616 3055 2724 3122; x_wconf 83' lang='grc' dir='ltr'>γὰρ</span> <span class='ocrx_word' id='word_1_471' title='bbox 2758 3052 3033 3123; x_wconf 76' lang='grc' dir='ltr'>φοδοῦμαι</span> <span class='ocrx_word' id='word_1_472' title='bbox 3066 3054 3142 3126; x_wconf 85' lang='grc' dir='ltr'>μὴ</span> <span class='ocrx_word' id='word_1_473' title='bbox 3171 3056 3265 3109; x_wconf 77' lang='grc' dir='ltr'>καὶ</span> <span class='ocrx_word' id='word_1_474' title='bbox 3300 3061 3486 3128; x_wconf 82' lang='grc' dir='ltr'>χεῖρον</span> <span class='ocrx_word' id='word_1_475' title='bbox 3520 3061 3724 3129; x_wconf 85' lang='grc' dir='ltr'>σχίσμα</span> 
     </span>
    </p>
   </div>
   <div class='ocr_carea' id='block_1_61' title="bbox 483 3136 3724 3217">
    <p class='ocr_par' dir='ltr' id='par_1_61' title="bbox 483 3136 3724 3217">
     <span class='ocr_line' id='line_1_61' title="bbox 483 3136 3724 3217; baseline 0.002 -20"><span class='ocrx_word' id='word_1_476' title='bbox 483 3146 581 3197; x_wconf 75' lang='grc' dir='ltr'>καὶ</span> <span class='ocrx_word' id='word_1_477' title='bbox 627 3144 735 3196; x_wconf 86' lang='grc' dir='ltr'><strong>τῶν</strong></span> <span class='ocrx_word' id='word_1_478' title='bbox 767 3141 1060 3211; x_wconf 77' lang='grc' dir='ltr'>’προγόνων</span> <span class='ocrx_word' id='word_1_479' title='bbox 1119 3139 1574 3211; x_wconf 86' lang='grc' dir='ltr'>μαρτυρουμένην</span> <span class='ocrx_word' id='word_1_480' title='bbox 1600 3138 1718 3203; x_wconf 39' lang='grc' dir='ltr'>,καὶ</span> <span class='ocrx_word' id='word_1_481' title='bbox 1769 3136 2052 3208; x_wconf 81' lang='grc' dir='ltr'>διερχομέ-</span> <span class='ocrx_word' id='word_1_482' title='bbox 2078 3139 2125 3201; x_wconf 79' lang='lat' dir='ltr'><strong><em>C</em></strong></span> <span class='ocrx_word' id='word_1_483' title='bbox 2156 3139 2408 3212; x_wconf 78' lang='grc' dir='ltr'>γένηται·</span> <span class='ocrx_word' id='word_1_484' title='bbox 2437 3144 2529 3195; x_wconf 73' lang='grc' dir='ltr'>καὶ</span> <span class='ocrx_word' id='word_1_485' title='bbox 2553 3143 2662 3196; x_wconf 76' lang='grc' dir='ltr'>ἰδοὺ</span> <span class='ocrx_word' id='word_1_486' title='bbox 2683 3144 3155 3217; x_wconf 78' lang='grc' dir='ltr'>ἀπεκαλύφθημεν</span> <span class='ocrx_word' id='word_1_487' title='bbox 3180 3150 3294 3211; x_wconf 81' lang='grc' dir='ltr'>τοῖς</span> <span class='ocrx_word' id='word_1_488' title='bbox 3316 3149 3597 3203; x_wconf 74' lang='grc' dir='ltr'>ἀσεϐέσι.»</span> <span class='ocrx_word' id='word_1_489' title='bbox 3618 3151 3724 3204; x_wconf 76' lang='grc' dir='ltr'><strong>Τοῦ</strong></span> 
     </span>
    </p>
   </div>
   <div class='ocr_carea' id='block_1_62' title="bbox 485 3311 2049 3392">
    <p class='ocr_par' dir='ltr' id='par_1_62' title="bbox 485 3311 2049 3392">
     <span class='ocr_line' id='line_1_62' title="bbox 485 3311 2049 3392; baseline -0.006 -14"><span class='ocrx_word' id='word_1_490' title='bbox 485 3322 669 3392; x_wconf 78' lang='lat' dir='ltr'><strong>lisque</strong></span> <span class='ocrx_word' id='word_1_491' title='bbox 715 3332 821 3375; x_wconf 83' lang='lat' dir='ltr'><strong>tam</strong></span> <span class='ocrx_word' id='word_1_492' title='bbox 873 3317 1138 3377; x_wconf 88' lang='lat' dir='ltr'><strong>senatorii</strong></span> <span class='ocrx_word' id='word_1_493' title='bbox 1170 3317 1401 3382; x_wconf 84' lang='lat' dir='ltr'><strong>ordinis,</strong></span> <span class='ocrx_word' id='word_1_494' title='bbox 1432 3330 1595 3389; x_wconf 89' lang='lat' dir='ltr'><strong>quam</strong></span> <span class='ocrx_word' id='word_1_495' title='bbox 1633 3311 1888 3370; x_wconf 65' lang='lat' dir='ltr'><strong>Ecclesiae</strong></span> <span class='ocrx_word' id='word_1_496' title='bbox 1918 3314 2049 3370; x_wconf 87' lang='lat' dir='ltr'><strong>viris</strong></span> 
     </span>
    </p>
   </div>
   <div class='ocr_carea' id='block_1_63' title="bbox 487 3407 2050 3484">
    <p class='ocr_par' dir='ltr' id='par_1_63' title="bbox 487 3407 2050 3484">
     <span class='ocr_line' id='line_1_63' title="bbox 487 3407 2050 3484; baseline -0.003 -16"><span class='ocrx_word' id='word_1_497' title='bbox 487 3414 820 3484; x_wconf 81' lang='lat' dir='ltr'><strong>primoribus</strong></span> <span class='ocrx_word' id='word_1_498' title='bbox 866 3422 921 3467; x_wconf 89' lang='lat' dir='ltr'><strong>et</strong></span> <span class='ocrx_word' id='word_1_499' title='bbox 950 3411 1220 3466; x_wconf 80' lang='lat' dir='ltr'><strong>universis</strong></span> <span class='ocrx_word' id='word_1_500' title='bbox 1251 3407 1642 3479; x_wconf 84' lang='lat' dir='ltr'><strong>propemodum</strong></span> <span class='ocrx_word' id='word_1_501' title='bbox 1689 3408 2050 3477; x_wconf 86' lang='lat' dir='ltr'><strong>metropolitis</strong></span> 
     </span>
    </p>
   </div>
   <div class='ocr_carea' id='block_1_64' title="bbox 483 3497 2045 3575">
    <p class='ocr_par' dir='ltr' id='par_1_64' title="bbox 483 3497 2045 3575">
     <span class='ocr_line' id='line_1_64' title="bbox 483 3497 2045 3575; baseline -0.006 -14"><span class='ocrx_word' id='word_1_502' title='bbox 483 3517 538 3561; x_wconf 86' lang='lat' dir='ltr'><strong>et</strong></span> <span class='ocrx_word' id='word_1_503' title='bbox 565 3506 862 3575; x_wconf 81' lang='lat' dir='ltr'><strong>episcopis,</strong></span> <span class='ocrx_word' id='word_1_504' title='bbox 898 3509 1120 3573; x_wconf 77' lang='lat' dir='ltr'><strong>propter</strong></span> <span class='ocrx_word' id='word_1_505' title='bbox 1158 3515 1301 3563; x_wconf 87' lang='lat' dir='ltr'><strong>eam,</strong></span> <span class='ocrx_word' id='word_1_506' title='bbox 1330 3512 1493 3569; x_wconf 87' lang='lat' dir='ltr'><strong>quam</strong></span> <span class='ocrx_word' id='word_1_507' title='bbox 1520 3497 1906 3559; x_wconf 86' lang='lat' dir='ltr'><strong>meditabatur,</strong></span> <span class='ocrx_word' id='word_1_508' title='bbox 1952 3499 2045 3553; x_wconf 89' lang='lat' dir='ltr'><strong>sed</strong></span> 
     </span>
    </p>
   </div>
   <div class='ocr_carea' id='block_1_65' title="bbox 483 3590 2051 3666">
    <p class='ocr_par' dir='ltr' id='par_1_65' title="bbox 483 3590 2051 3666">
     <span class='ocr_line' id='line_1_65' title="bbox 483 3590 2051 3666; baseline -0.007 -13"><span class='ocrx_word' id='word_1_509' title='bbox 483 3601 712 3657; x_wconf 80' lang='lat' dir='ltr'><strong>ruinon</strong></span> <span class='ocrx_word' id='word_1_510' title='bbox 738 3596 961 3666; x_wconf 81' lang='lat' dir='ltr'><strong>profuit,</strong></span> <span class='ocrx_word' id='word_1_511' title='bbox 999 3595 1101 3661; x_wconf 90' lang='lat' dir='ltr'><strong>vel,</strong></span> <span class='ocrx_word' id='word_1_512' title='bbox 1136 3602 1194 3648; x_wconf 91' lang='lat' dir='ltr'><strong>ut</strong></span> <span class='ocrx_word' id='word_1_513' title='bbox 1222 3593 1403 3663; x_wconf 83' lang='lat' dir='ltr'><strong>aptius</strong></span> <span class='ocrx_word' id='word_1_514' title='bbox 1440 3591 1641 3655; x_wconf 84' lang='lat' dir='ltr'><strong>dicam,</strong></span> <span class='ocrx_word' id='word_1_515' title='bbox 1672 3604 1794 3660; x_wconf 66' lang='lat' dir='ltr'><strong>qua:</strong></span> <span class='ocrx_word' id='word_1_516' title='bbox 1818 3590 1931 3659; x_wconf 90' lang='lat' dir='ltr'><strong>ipsa</strong></span> <span class='ocrx_word' id='word_1_517' title='bbox 1966 3590 2051 3642; x_wconf 88' lang='lat' dir='ltr'><strong>ni-</strong></span> 
     </span>
    </p>
   </div>
   <div class='ocr_carea' id='block_1_66' title="bbox 480 3681 2044 3763">
    <p class='ocr_par' dir='ltr' id='par_1_66' title="bbox 480 3681 2044 3763">
     <span class='ocr_line' id='line_1_66' title="bbox 480 3681 2044 3763; baseline -0.01 -13"><span class='ocrx_word' id='word_1_518' title='bbox 480 3694 560 3750; x_wconf 81' lang='lat' dir='ltr'><strong>bil</strong></span> <span class='ocrx_word' id='word_1_519' title='bbox 585 3691 815 3763; x_wconf 77' lang='lat' dir='ltr'><strong>profuit,</strong></span> <span class='ocrx_word' id='word_1_520' title='bbox 847 3686 1134 3743; x_wconf 68' lang='lat' dir='ltr'><strong>Florentia</strong></span> <span class='ocrx_word' id='word_1_521' title='bbox 1178 3693 1424 3744; x_wconf 78' lang='lat' dir='ltr'><strong>coactam</strong></span> <span class='ocrx_word' id='word_1_522' title='bbox 1467 3683 1735 3754; x_wconf 83' lang='lat' dir='ltr'><strong>synodum</strong></span> <span class='ocrx_word' id='word_1_523' title='bbox 1772 3681 2044 3736; x_wconf 81' lang='lat' dir='ltr'><strong>discessit.</strong></span> 
     </span>
    </p>
   </div>
   <div class='ocr_carea' id='block_1_67' title="bbox 479 3773 2049 3855">
    <p class='ocr_par' dir='ltr' id='par_1_67' title="bbox 479 3773 2049 3855">
     <span class='ocr_line' id='line_1_67' title="bbox 479 3773 2049 3855; baseline -0.01 -13"><span class='ocrx_word' id='word_1_524' title='bbox 479 3787 634 3855; x_wconf 15' lang='lat' dir='ltr'><strong>luges</strong></span> <span class='ocrx_word' id='word_1_525' title='bbox 674 3784 838 3855; x_wconf 89' lang='lat' dir='ltr'><strong>igitur</strong></span> <span class='ocrx_word' id='word_1_526' title='bbox 884 3796 1009 3837; x_wconf 86' lang='lat' dir='ltr'><strong>cum</strong></span> <span class='ocrx_word' id='word_1_527' title='bbox 1058 3778 1287 3849; x_wconf 81' lang='lat' dir='ltr'><strong>reliquis</strong></span> <span class='ocrx_word' id='word_1_528' title='bbox 1323 3776 1584 3831; x_wconf 86' lang='lat' dir='ltr'><strong>omnibus</strong></span> <span class='ocrx_word' id='word_1_529' title='bbox 1621 3774 1760 3830; x_wconf 83' lang='lat' dir='ltr'><strong>nihil</strong></span> <span class='ocrx_word' id='word_1_530' title='bbox 1821 3773 2049 3843; x_wconf 88' lang='lat' dir='ltr'><strong>profecit</strong></span> 
     </span>
    </p>
   </div>
   <div class='ocr_carea' id='block_1_68' title="bbox 481 3852 2046 3948">
    <p class='ocr_par' dir='ltr' id='par_1_68' title="bbox 481 3852 2046 3948">
     <span class='ocr_line' id='line_1_68' title="bbox 481 3852 2046 3948; baseline -0.01 -14"><span class='ocrx_word' id='word_1_531' title='bbox 481 3852 779 3948; x_wconf 60' lang='lat' dir='ltr'><strong>imperator</strong></span> <span class='ocrx_word' id='word_1_532' title='bbox 811 3893 824 3928; x_wconf 94' lang='lat'>:</span> <span class='ocrx_word' id='word_1_533' title='bbox 862 3871 1012 3943; x_wconf 71' lang='lat' dir='ltr'><strong>quod</strong></span> <span class='ocrx_word' id='word_1_534' title='bbox 1052 3885 1161 3924; x_wconf 78' lang='lat' dir='ltr'><strong>non</strong></span> <span class='ocrx_word' id='word_1_535' title='bbox 1199 3868 1268 3924; x_wconf 86' lang='lat' dir='ltr'><strong>de</strong></span> <span class='ocrx_word' id='word_1_536' title='bbox 1297 3868 1572 3936; x_wconf 82' lang='lat' dir='ltr'><strong>dogmatis</strong></span> <span class='ocrx_word' id='word_1_537' title='bbox 1603 3863 1863 3921; x_wconf 72' lang='lat' dir='ltr'><strong>Ecclesiae</strong></span> <span class='ocrx_word' id='word_1_538' title='bbox 1886 3865 2046 3919; x_wconf 85' lang='lat' dir='ltr'><strong>dico:</strong></span> 
     </span>
    </p>
   </div>
   <div class='ocr_carea' id='block_1_69' title="bbox 480 3951 2048 4026">
    <p class='ocr_par' dir='ltr' id='par_1_69' title="bbox 480 3951 2048 4026">
     <span class='ocr_line' id='line_1_69' title="bbox 480 3951 2048 4026; baseline -0.013 -3"><span class='ocrx_word' id='word_1_539' title='bbox 480 3983 545 4023; x_wconf 88' lang='lat' dir='ltr'><strong>ea</strong></span> <span class='ocrx_word' id='word_1_540' title='bbox 578 3966 724 4020; x_wconf 86' lang='lat' dir='ltr'><strong>enim</strong></span> <span class='ocrx_word' id='word_1_541' title='bbox 753 3964 875 4018; x_wconf 86' lang='lat' dir='ltr'><strong>aliis</strong></span> <span class='ocrx_word' id='word_1_542' title='bbox 908 3965 1033 4015; x_wconf 85' lang='lat' dir='ltr'><strong>data</strong></span> <span class='ocrx_word' id='word_1_543' title='bbox 1072 3966 1200 4013; x_wconf 85' lang='lat' dir='ltr'><strong>sunt</strong></span> <span class='ocrx_word' id='word_1_544' title='bbox 1223 3956 1541 4026; x_wconf 86' lang='lat' dir='ltr'><strong>judicanda,</strong></span> <span class='ocrx_word' id='word_1_545' title='bbox 1579 3967 1645 4008; x_wconf 89' lang='lat' dir='ltr'><strong>ac</strong></span> <span class='ocrx_word' id='word_1_546' title='bbox 1679 3952 1813 4006; x_wconf 88' lang='lat' dir='ltr'><strong>mihi</strong></span> <span class='ocrx_word' id='word_1_547' title='bbox 1849 3951 2048 4005; x_wconf 78' lang='lat' dir='ltr'><strong>sudicit</strong></span> 
     </span>
    </p>
   </div>
   <div class='ocr_carea' id='block_1_70' title="bbox 479 4048 2048 4135">
    <p class='ocr_par' dir='ltr' id='par_1_70' title="bbox 479 4048 2048 4135">
     <span class='ocr_line' id='line_1_70' title="bbox 479 4048 2048 4135; baseline -0.011 -16"><span class='ocrx_word' id='word_1_548' title='bbox 479 4062 639 4135; x_wconf 86' lang='lat' dir='ltr'><strong>quasi</strong></span> <span class='ocrx_word' id='word_1_549' title='bbox 674 4059 991 4116; x_wconf 67' lang='lat' dir='ltr'><strong>hereditate</strong></span> <span class='ocrx_word' id='word_1_550' title='bbox 1030 4072 1061 4110; x_wconf 87' lang='lat' dir='ltr'><strong>a</strong></span> <span class='ocrx_word' id='word_1_551' title='bbox 1100 4053 1403 4121; x_wconf 75' lang='lat' dir='ltr'><strong>majoribus</strong></span> <span class='ocrx_word' id='word_1_552' title='bbox 1448 4058 1670 4118; x_wconf 87' lang='lat' dir='ltr'><strong>accepta</strong></span> <span class='ocrx_word' id='word_1_553' title='bbox 1710 4048 1867 4112; x_wconf 81' lang='lat' dir='ltr'><strong>fides,</strong></span> <span class='ocrx_word' id='word_1_554' title='bbox 1913 4062 2048 4115; x_wconf 89' lang='lat' dir='ltr'><strong>quo-</strong></span> 
     </span>
    </p>
   </div>
   <div class='ocr_carea' id='block_1_71' title="bbox 478 4138 2049 4215">
    <p class='ocr_par' dir='ltr' id='par_1_71' title="bbox 478 4138 2049 4215">
     <span class='ocr_line' id='line_1_71' title="bbox 478 4138 2049 4215; baseline -0.015 -2"><span class='ocrx_word' id='word_1_555' title='bbox 478 4160 628 4214; x_wconf 77' lang='lat' dir='ltr'><strong>niam</strong></span> <span class='ocrx_word' id='word_1_556' title='bbox 667 4169 696 4208; x_wconf 85' lang='lat' dir='ltr'><strong>a</strong></span> <span class='ocrx_word' id='word_1_557' title='bbox 729 4155 948 4208; x_wconf 80' lang='lat' dir='ltr'><strong>nemine</strong></span> <span class='ocrx_word' id='word_1_558' title='bbox 968 4147 1259 4203; x_wconf 67' lang='lat' dir='ltr'><strong>contraria:</strong></span> <span class='ocrx_word' id='word_1_559' title='bbox 1280 4144 1453 4215; x_wconf 82' lang='lat' dir='ltr'><strong>partis</strong></span> <span class='ocrx_word' id='word_1_560' title='bbox 1479 4140 1689 4197; x_wconf 83' lang='lat' dir='ltr'><strong>assecia</strong></span> <span class='ocrx_word' id='word_1_561' title='bbox 1715 4140 1919 4203; x_wconf 80' lang='lat' dir='ltr'><strong>audivi,</strong></span> <span class='ocrx_word' id='word_1_562' title='bbox 1946 4138 2049 4192; x_wconf 47' lang='lat' dir='ltr'><strong>doq</strong></span> 
     </span>
    </p>
   </div>
   <div class='ocr_carea' id='block_1_72' title="bbox 480 4235 2047 4320">
    <p class='ocr_par' dir='ltr' id='par_1_72' title="bbox 480 4235 2047 4320">
     <span class='ocr_line' id='line_1_72' title="bbox 480 4235 2047 4320; baseline -0.013 -16"><span class='ocrx_word' id='word_1_563' title='bbox 480 4257 660 4320; x_wconf 85' lang='lat' dir='ltr'><strong>gmata</strong></span> <span class='ocrx_word' id='word_1_564' title='bbox 695 4254 883 4301; x_wconf 89' lang='lat' dir='ltr'><strong>nostra</strong></span> <span class='ocrx_word' id='word_1_565' title='bbox 907 4256 1071 4312; x_wconf 81' lang='lat' dir='ltr'><strong>prava</strong></span> <span class='ocrx_word' id='word_1_566' title='bbox 1107 4255 1249 4302; x_wconf 85' lang='lat' dir='ltr'><strong>esse,</strong></span> <span class='ocrx_word' id='word_1_567' title='bbox 1283 4240 1393 4292; x_wconf 81' lang='lat' dir='ltr'><strong>imo</strong></span> <span class='ocrx_word' id='word_1_568' title='bbox 1416 4237 1595 4306; x_wconf 80' lang='lat' dir='ltr'><strong>potius</strong></span> <span class='ocrx_word' id='word_1_569' title='bbox 1624 4235 1850 4305; x_wconf 83' lang='lat' dir='ltr'><strong>pulchra</strong></span> <span class='ocrx_word' id='word_1_570' title='bbox 1870 4242 1924 4287; x_wconf 90' lang='lat' dir='ltr'><strong>et</strong></span> <span class='ocrx_word' id='word_1_571' title='bbox 1949 4247 2047 4285; x_wconf 86' lang='lat' dir='ltr'><strong>an-</strong></span> 
     </span>
    </p>
   </div>
   <div class='ocr_carea' id='block_1_73' title="bbox 482 4324 2045 4410">
    <p class='ocr_par' dir='ltr' id='par_1_73' title="bbox 482 4324 2045 4410">
     <span class='ocr_line' id='line_1_73' title="bbox 482 4324 2045 4410; baseline -0.012 -15"><span class='ocrx_word' id='word_1_572' title='bbox 482 4346 655 4410; x_wconf 84' lang='lat' dir='ltr'><strong>tiqua,</strong></span> <span class='ocrx_word' id='word_1_573' title='bbox 676 4348 987 4409; x_wconf 73' lang='lat' dir='ltr'><strong>quanquam</strong></span> <span class='ocrx_word' id='word_1_574' title='bbox 1010 4347 1108 4387; x_wconf 87' lang='lat' dir='ltr'><strong>nec</strong></span> <span class='ocrx_word' id='word_1_575' title='bbox 1131 4346 1229 4385; x_wconf 86' lang='lat' dir='ltr'><strong>sua</strong></span> <span class='ocrx_word' id='word_1_576' title='bbox 1247 4330 1498 4398; x_wconf 76' lang='lat' dir='ltr'><strong>dogmata</strong></span> <span class='ocrx_word' id='word_1_577' title='bbox 1523 4340 1707 4395; x_wconf 80' lang='lat' dir='ltr'><strong>prava,</strong></span> <span class='ocrx_word' id='word_1_578' title='bbox 1742 4326 1833 4379; x_wconf 85' lang='lat' dir='ltr'><strong>sed</strong></span> <span class='ocrx_word' id='word_1_579' title='bbox 1852 4335 1906 4378; x_wconf 92' lang='lat' dir='ltr'><strong>et</strong></span> <span class='ocrx_word' id='word_1_580' title='bbox 1928 4324 2045 4389; x_wconf 80' lang='lat' dir='ltr'><strong>ipsa</strong></span> 
     </span>
    </p>
   </div>
   <div class='ocr_carea' id='block_1_74' title="bbox 2154 3321 3722 3401">
    <p class='ocr_par' dir='ltr' id='par_1_74' title="bbox 2154 3321 3722 3401">
     <span class='ocr_line' id='line_1_74' title="bbox 2154 3321 3722 3401; baseline 0.011 -28"><span class='ocrx_word' id='word_1_581' title='bbox 2154 3334 2317 3390; x_wconf 85' lang='lat' dir='ltr'><strong>quam</strong></span> <span class='ocrx_word' id='word_1_582' title='bbox 2349 3321 2629 3378; x_wconf 82' lang='lat' dir='ltr'><strong>vobiscum</strong></span> <span class='ocrx_word' id='word_1_583' title='bbox 2662 3324 2753 3378; x_wconf 93' lang='lat' dir='ltr'><strong>diu</strong></span> <span class='ocrx_word' id='word_1_584' title='bbox 2789 3328 3070 3394; x_wconf 84' lang='lat' dir='ltr'><strong>usurpavi,</strong></span> <span class='ocrx_word' id='word_1_585' title='bbox 3107 3336 3160 3383; x_wconf 93' lang='lat' dir='ltr'><strong>et</strong></span> <span class='ocrx_word' id='word_1_586' title='bbox 3180 3330 3464 3401; x_wconf 81' lang='lat' dir='ltr'><strong>pulchram</strong></span> <span class='ocrx_word' id='word_1_587' title='bbox 3494 3333 3643 3388; x_wconf 85' lang='lat' dir='ltr'><strong>illam</strong></span> <span class='ocrx_word' id='word_1_588' title='bbox 3673 3346 3722 3390; x_wconf 81' lang='lat' dir='ltr'><strong>et</strong></span> 
     </span>
    </p>
   </div>
   <div class='ocr_carea' id='block_1_75' title="bbox 2152 3413 3711 3495">
    <p class='ocr_par' dir='ltr' id='par_1_75' title="bbox 2152 3413 3711 3495">
     <span class='ocr_line' id='line_1_75' title="bbox 2152 3413 3711 3495; baseline 0.008 -29"><span class='ocrx_word' id='word_1_589' title='bbox 2152 3427 2183 3466; x_wconf 89' lang='lat' dir='ltr'><strong>a</strong></span> <span class='ocrx_word' id='word_1_590' title='bbox 2217 3413 2485 3469; x_wconf 85' lang='lat' dir='ltr'><strong>nobismet</strong></span> <span class='ocrx_word' id='word_1_591' title='bbox 2502 3432 2564 3469; x_wconf 87' lang='lat' dir='ltr'><strong>ac</strong></span> <span class='ocrx_word' id='word_1_592' title='bbox 2589 3418 2887 3485; x_wconf 76' lang='lat' dir='ltr'><strong>majoribus</strong></span> <span class='ocrx_word' id='word_1_593' title='bbox 2906 3421 3187 3488; x_wconf 86' lang='lat' dir='ltr'><strong>probatam</strong></span> <span class='ocrx_word' id='word_1_594' title='bbox 3210 3439 3308 3478; x_wconf 89' lang='lat' dir='ltr'><strong>usu</strong></span> <span class='ocrx_word' id='word_1_595' title='bbox 3320 3435 3641 3495; x_wconf 83' lang='lat' dir='ltr'><strong>rpatamque</strong></span> <span class='ocrx_word' id='word_1_596' title='bbox 3658 3427 3711 3479; x_wconf 66' lang='grc' dir='ltr'>τι</span> 
     </span>
    </p>
   </div>
   <div class='ocr_carea' id='block_1_76' title="bbox 2152 3504 3721 3588">
    <p class='ocr_par' dir='ltr' id='par_1_76' title="bbox 2152 3504 3721 3588">
     <span class='ocr_line' id='line_1_76' title="bbox 2152 3504 3721 3588; baseline 0.012 -30"><span class='ocrx_word' id='word_1_597' title='bbox 2152 3504 2269 3559; x_wconf 72' lang='lat' dir='ltr'><strong>Non</strong></span> <span class='ocrx_word' id='word_1_598' title='bbox 2304 3506 2404 3561; x_wconf 89' lang='lat' dir='ltr'><strong>hac</strong></span> <span class='ocrx_word' id='word_1_599' title='bbox 2464 3508 2531 3561; x_wconf 91' lang='lat' dir='ltr'><strong>de</strong></span> <span class='ocrx_word' id='word_1_600' title='bbox 2561 3522 2727 3562; x_wconf 85' lang='lat' dir='ltr'><strong>causa</strong></span> <span class='ocrx_word' id='word_1_601' title='bbox 2764 3508 2930 3577; x_wconf 83' lang='lat' dir='ltr'><strong>igitur</strong></span> <span class='ocrx_word' id='word_1_602' title='bbox 2964 3514 3233 3582; x_wconf 86' lang='lat' dir='ltr'><strong>synodum</strong></span> <span class='ocrx_word' id='word_1_603' title='bbox 3283 3516 3418 3570; x_wconf 89' lang='lat' dir='ltr'><strong>nihil</strong></span> <span class='ocrx_word' id='word_1_604' title='bbox 3449 3519 3721 3588; x_wconf 88' lang='lat' dir='ltr'><strong>profuisse</strong></span> 
     </span>
    </p>
   </div>
   <div class='ocr_carea' id='block_1_77' title="bbox 2151 3596 3724 3670">
    <p class='ocr_par' dir='ltr' id='par_1_77' title="bbox 2151 3596 3724 3670">
     <span class='ocr_line' id='line_1_77' title="bbox 2151 3596 3724 3670; baseline 0.01 -20"><span class='ocrx_word' id='word_1_605' title='bbox 2151 3596 2289 3664; x_wconf 78' lang='lat' dir='ltr'><strong>dixi,</strong></span> <span class='ocrx_word' id='word_1_606' title='bbox 2318 3599 2411 3653; x_wconf 85' lang='lat' dir='ltr'><strong>sed</strong></span> <span class='ocrx_word' id='word_1_607' title='bbox 2442 3611 2665 3670; x_wconf 89' lang='lat' dir='ltr'><strong>pr0pter</strong></span> <span class='ocrx_word' id='word_1_608' title='bbox 2698 3601 3053 3661; x_wconf 84' lang='lat' dir='ltr'><strong>discordiam.</strong></span> <span class='ocrx_word' id='word_1_609' title='bbox 3087 3605 3307 3661; x_wconf 84' lang='lat' dir='ltr'><strong>Utinam</strong></span> <span class='ocrx_word' id='word_1_610' title='bbox 3344 3611 3495 3667; x_wconf 87' lang='lat' dir='ltr'><strong>lieret</strong></span> <span class='ocrx_word' id='word_1_611' title='bbox 3540 3615 3724 3669; x_wconf 80' lang='lat' dir='ltr'><strong>conci-</strong></span> 
     </span>
    </p>
   </div>
   <div class='ocr_carea' id='block_1_78' title="bbox 2152 3690 3717 3772">
    <p class='ocr_par' dir='ltr' id='par_1_78' title="bbox 2152 3690 3717 3772">
     <span class='ocr_line' id='line_1_78' title="bbox 2152 3690 3717 3772; baseline 0.009 -26"><span class='ocrx_word' id='word_1_612' title='bbox 2152 3690 2306 3746; x_wconf 89' lang='lat' dir='ltr'><strong>liatio</strong></span> <span class='ocrx_word' id='word_1_613' title='bbox 2329 3692 2691 3747; x_wconf 84' lang='lat' dir='ltr'><strong>ecclesiarum</strong></span> <span class='ocrx_word' id='word_1_614' title='bbox 2728 3693 2744 3748; x_wconf 77' lang='grc' dir='ltr'><strong>ί</strong></span> <span class='ocrx_word' id='word_1_615' title='bbox 2778 3695 2861 3750; x_wconf 89' lang='lat' dir='ltr'><strong>sic</strong></span> <span class='ocrx_word' id='word_1_616' title='bbox 2884 3710 2983 3764; x_wconf 88' lang='lat' dir='ltr'><strong>ego</strong></span> <span class='ocrx_word' id='word_1_617' title='bbox 3009 3713 3118 3752; x_wconf 94' lang='lat' dir='ltr'><strong>non</strong></span> <span class='ocrx_word' id='word_1_618' title='bbox 3147 3714 3485 3766; x_wconf 63' lang='lat' dir='ltr'><strong>recitsarem,</strong></span> <span class='ocrx_word' id='word_1_619' title='bbox 3517 3707 3717 3772; x_wconf 82' lang='lat' dir='ltr'><strong>privari</strong></span> 
     </span>
    </p>
   </div>
   <div class='ocr_carea' id='block_1_79' title="bbox 2152 3782 3717 3866">
    <p class='ocr_par' dir='ltr' id='par_1_79' title="bbox 2152 3782 3717 3866">
     <span class='ocr_line' id='line_1_79' title="bbox 2152 3782 3717 3866; baseline 0.01 -30"><span class='ocrx_word' id='word_1_620' title='bbox 2152 3798 2239 3837; x_wconf 88' lang='lat' dir='ltr'><strong>me</strong></span> <span class='ocrx_word' id='word_1_621' title='bbox 2294 3798 2326 3837; x_wconf 88' lang='lat' dir='ltr'><strong>a</strong></span> <span class='ocrx_word' id='word_1_622' title='bbox 2362 3782 2472 3838; x_wconf 87' lang='lat' dir='ltr'><strong>Deo</strong></span> <span class='ocrx_word' id='word_1_623' title='bbox 2492 3783 2690 3838; x_wconf 90' lang='lat' dir='ltr'><strong>oculis.</strong></span> <span class='ocrx_word' id='word_1_624' title='bbox 2730 3784 2998 3841; x_wconf 83' lang='lat' dir='ltr'><strong>Nimirum</strong></span> <span class='ocrx_word' id='word_1_625' title='bbox 3029 3789 3145 3858; x_wconf 86' lang='lat' dir='ltr'><strong>ipsa</strong></span> <span class='ocrx_word' id='word_1_626' title='bbox 3179 3791 3325 3847; x_wconf 79' lang='lat' dir='ltr'><strong>illius</strong></span> <span class='ocrx_word' id='word_1_627' title='bbox 3350 3796 3546 3864; x_wconf 75' lang='lat' dir='ltr'><strong>synodi</strong></span> <span class='ocrx_word' id='word_1_628' title='bbox 3572 3811 3717 3866; x_wconf 73' lang='lat' dir='ltr'><strong>quae-</strong></span> 
     </span>
    </p>
   </div>
   <div class='ocr_carea' id='block_1_80' title="bbox 2150 3876 3718 3956">
    <p class='ocr_par' dir='ltr' id='par_1_80' title="bbox 2150 3876 3718 3956">
     <span class='ocr_line' id='line_1_80' title="bbox 2150 3876 3718 3956; baseline 0.01 -25"><span class='ocrx_word' id='word_1_629' title='bbox 2150 3876 2259 3931; x_wconf 87' lang='lat' dir='ltr'><strong>stio</strong></span> <span class='ocrx_word' id='word_1_630' title='bbox 2297 3891 2461 3931; x_wconf 85' lang='lat' dir='ltr'><strong>causa</strong></span> <span class='ocrx_word' id='word_1_631' title='bbox 2516 3878 2691 3946; x_wconf 83' lang='lat' dir='ltr'><strong>prima</strong></span> <span class='ocrx_word' id='word_1_632' title='bbox 2731 3886 2784 3932; x_wconf 90' lang='lat' dir='ltr'><strong>et</strong></span> <span class='ocrx_word' id='word_1_633' title='bbox 2821 3882 3145 3949; x_wconf 83' lang='lat' dir='ltr'><strong>gravissima</strong></span> <span class='ocrx_word' id='word_1_634' title='bbox 3182 3893 3298 3938; x_wconf 83' lang='lat' dir='ltr'><strong>erat</strong></span> <span class='ocrx_word' id='word_1_635' title='bbox 3357 3880 3718 3956; x_wconf 70' lang='lat' dir='ltr'><strong>expeditionis</strong></span> 
     </span>
    </p>
   </div>
   <div class='ocr_carea' id='block_1_81' title="bbox 2148 3969 3717 4047">
    <p class='ocr_par' dir='ltr' id='par_1_81' title="bbox 2148 3969 3717 4047">
     <span class='ocr_line' id='line_1_81' title="bbox 2148 3969 3717 4047; baseline 0.01 -24"><span class='ocrx_word' id='word_1_636' title='bbox 2148 3969 2216 4024; x_wconf 90' lang='lat' dir='ltr'><strong>ab</strong></span> <span class='ocrx_word' id='word_1_637' title='bbox 2244 3969 2424 4040; x_wconf 86' lang='lat' dir='ltr'><strong>impiis</strong></span> <span class='ocrx_word' id='word_1_638' title='bbox 2441 3980 2630 4024; x_wconf 88' lang='lat' dir='ltr'><strong>contra</strong></span> <span class='ocrx_word' id='word_1_639' title='bbox 2661 3969 2871 4041; x_wconf 88' lang='lat' dir='ltr'><strong>Cpolim</strong></span> <span class='ocrx_word' id='word_1_640' title='bbox 2901 3985 3169 4043; x_wconf 71' lang='lat' dir='ltr'><strong>susceptae</strong></span> <span class='ocrx_word' id='word_1_641' title='bbox 3193 3988 3357 4047; x_wconf 88' lang='lat' dir='ltr'><strong>atque</strong></span> <span class='ocrx_word' id='word_1_642' title='bbox 3374 3979 3572 4037; x_wconf 86' lang='lat' dir='ltr'><strong>deinde</strong></span> <span class='ocrx_word' id='word_1_643' title='bbox 3589 3998 3717 4037; x_wconf 88' lang='lat' dir='ltr'><strong>con-</strong></span> 
     </span>
    </p>
   </div>
   <div class='ocr_carea' id='block_1_82' title="bbox 2147 4061 3717 4141">
    <p class='ocr_par' dir='ltr' id='par_1_82' title="bbox 2147 4061 3717 4141">
     <span class='ocr_line' id='line_1_82' title="bbox 2147 4061 3717 4141; baseline 0.011 -27"><span class='ocrx_word' id='word_1_644' title='bbox 2147 4070 2353 4116; x_wconf 74' lang='lat' dir='ltr'><strong>secuta:</strong></span> <span class='ocrx_word' id='word_1_645' title='bbox 2381 4061 2719 4117; x_wconf 86' lang='lat' dir='ltr'><strong>obsessionis</strong></span> <span class='ocrx_word' id='word_1_646' title='bbox 2750 4074 2805 4118; x_wconf 91' lang='lat' dir='ltr'><strong>et</strong></span> <span class='ocrx_word' id='word_1_647' title='bbox 2834 4069 3263 4135; x_wconf 73' lang='lat' dir='ltr'><strong>expugnationis</strong></span> <span class='ocrx_word' id='word_1_648' title='bbox 3286 4081 3340 4125; x_wconf 90' lang='lat' dir='ltr'><strong>et</strong></span> <span class='ocrx_word' id='word_1_649' title='bbox 3369 4079 3537 4127; x_wconf 68' lang='lat' dir='ltr'><strong>tanta!</strong></span> <span class='ocrx_word' id='word_1_650' title='bbox 3559 4075 3717 4141; x_wconf 84' lang='lat' dir='ltr'><strong>hujus</strong></span> 
     </span>
    </p>
   </div>
   <div class='ocr_carea' id='block_1_83' title="bbox 2148 4150 3715 4223">
    <p class='ocr_par' dir='ltr' id='par_1_83' title="bbox 2148 4150 3715 4223">
     <span class='ocr_line' id='line_1_83' title="bbox 2148 4150 3715 4223; baseline 0.011 -18"><span class='ocrx_word' id='word_1_651' title='bbox 2148 4150 2319 4205; x_wconf 87' lang='lat' dir='ltr'><strong>cladis</strong></span> <span class='ocrx_word' id='word_1_652' title='bbox 2375 4161 2576 4207; x_wconf 76' lang='lat' dir='ltr'><strong>nostra:</strong></span> <span class='ocrx_word' id='word_1_653' title='bbox 2607 4170 2621 4206; x_wconf 88' lang='lat'><strong>:</strong></span> <span class='ocrx_word' id='word_1_654' title='bbox 2663 4155 2805 4223; x_wconf 82' lang='lat' dir='ltr'><strong>agite</strong></span> <span class='ocrx_word' id='word_1_655' title='bbox 2837 4156 3024 4211; x_wconf 84' lang='lat' dir='ltr'><strong>audite</strong></span> <span class='ocrx_word' id='word_1_656' title='bbox 3056 4175 3070 4222; x_wconf 90' lang='lat'><strong>;</strong></span> <span class='ocrx_word' id='word_1_657' title='bbox 3106 4161 3393 4218; x_wconf 88' lang='lat' dir='ltr'><strong>audituros</strong></span> <span class='ocrx_word' id='word_1_658' title='bbox 3447 4180 3545 4219; x_wconf 84' lang='lat' dir='ltr'><strong>vos</strong></span> <span class='ocrx_word' id='word_1_659' title='bbox 3599 4182 3715 4222; x_wconf 80' lang='lat' dir='ltr'><strong>esse</strong></span> 
     </span>
    </p>
   </div>
   <div class='ocr_carea' id='block_1_84' title="bbox 2148 4239 3713 4324">
    <p class='ocr_par' dir='ltr' id='par_1_84' title="bbox 2148 4239 3713 4324">
     <span class='ocr_line' id='line_1_84' title="bbox 2148 4239 3713 4324; baseline 0.008 -27"><span class='ocrx_word' id='word_1_660' title='bbox 2148 4244 2490 4299; x_wconf 86' lang='lat' dir='ltr'><strong>narrationes</strong></span> <span class='ocrx_word' id='word_1_661' title='bbox 2524 4239 2702 4310; x_wconf 86' lang='lat' dir='ltr'><strong>ve&#39;ras,</strong></span> <span class='ocrx_word' id='word_1_662' title='bbox 2740 4256 2911 4302; x_wconf 89' lang='lat' dir='ltr'><strong>testor</strong></span> <span class='ocrx_word' id='word_1_663' title='bbox 2953 4262 3102 4315; x_wconf 90' lang='lat' dir='ltr'><strong>eum,</strong></span> <span class='ocrx_word' id='word_1_664' title='bbox 3128 4253 3322 4320; x_wconf 82' lang='lat' dir='ltr'><strong>quiest</strong></span> <span class='ocrx_word' id='word_1_665' title='bbox 3356 4254 3468 4324; x_wconf 83' lang='lat' dir='ltr'><strong>ipsa</strong></span> <span class='ocrx_word' id='word_1_666' title='bbox 3497 4258 3713 4312; x_wconf 82' lang='lat' dir='ltr'><strong>veritas.</strong></span> 
     </span>
    </p>
   </div>
   <div class='ocr_carea' id='block_1_85' title="bbox 2219 4338 3713 4407">
    <p class='ocr_par' dir='ltr' id='par_1_85' title="bbox 2219 4338 3713 4407">
     <span class='ocr_line' id='line_1_85' title="bbox 2219 4338 3713 4407; baseline 0.01 -16"><span class='ocrx_word' id='word_1_667' title='bbox 2219 4338 2509 4394; x_wconf 85' lang='lat' dir='ltr'><strong>Gloriosus</strong></span> <span class='ocrx_word' id='word_1_668' title='bbox 2540 4340 2839 4407; x_wconf 87' lang='lat' dir='ltr'><strong>imperator</strong></span> <span class='ocrx_word' id='word_1_669' title='bbox 2875 4341 3085 4399; x_wconf 79' lang='lat' dir='ltr'><strong>Manuel</strong></span> <span class='ocrx_word' id='word_1_670' title='bbox 3122 4344 3385 4401; x_wconf 81' lang='lat' dir='ltr'><strong>Joannem</strong></span> <span class='ocrx_word' id='word_1_671' title='bbox 3426 4351 3594 4404; x_wconf 84' lang='lat' dir='ltr'><strong>lilium</strong></span> <span class='ocrx_word' id='word_1_672' title='bbox 3617 4354 3713 4406; x_wconf 91' lang='lat' dir='ltr'><strong>im-</strong></span> 
     </span>
    </p>
   </div>
   <div class='ocr_carea' id='block_1_86' title="bbox 479 4415 3714 4526">
    <p class='ocr_par' dir='ltr' id='par_1_86' title="bbox 479 4415 3714 4526">
     <span class='ocr_line' id='line_1_86' title="bbox 479 4415 3714 4526; baseline 0.005 -45"><span class='ocrx_word' id='word_1_673' title='bbox 479 4430 706 4503; x_wconf 85' lang='lat' dir='ltr'><strong>pulchra</strong></span> <span class='ocrx_word' id='word_1_674' title='bbox 727 4442 850 4483; x_wconf 79' lang='lat' dir='ltr'><strong>esse</strong></span> <span class='ocrx_word' id='word_1_675' title='bbox 882 4422 1240 4479; x_wconf 71' lang='lat' dir='ltr'><strong>contendunt.</strong></span> <span class='ocrx_word' id='word_1_676' title='bbox 1277 4421 1451 4485; x_wconf 75' lang='lat' dir='ltr'><strong>Quam</strong></span> <span class='ocrx_word' id='word_1_677' title='bbox 1481 4432 1593 4526; x_wconf 58' lang='lat' dir='ltr'><strong>re&quot;:</strong></span> <span class='ocrx_word' id='word_1_678' title='bbox 1619 4418 1694 4470; x_wconf 66' lang='lat' dir='ltr'><strong>ila</strong></span> <span class='ocrx_word' id='word_1_679' title='bbox 1727 4415 1911 4526; x_wconf 47' lang='lat' dir='ltr'><strong>“cibit</strong></span> <span class='ocrx_word' id='word_1_680' title='bbox 1941 4430 2040 4526; x_wconf 52' lang='grc' dir='ltr'><em>δέ·</em></span> <span class='ocrx_word' id='word_1_681' title='bbox 2069 4464 2121 4526; x_wconf 76' lang='lat' dir='ltr'><strong><em>D</em></strong></span> <span class='ocrx_word' id='word_1_682' title='bbox 2149 4438 2452 4499; x_wconf 85' lang='lat' dir='ltr'><strong>peratorem</strong></span> <span class='ocrx_word' id='word_1_683' title='bbox 2474 4431 2623 4485; x_wconf 88' lang='lat' dir='ltr'><strong>solus</strong></span> <span class='ocrx_word' id='word_1_684' title='bbox 2650 4433 2852 4495; x_wconf 87' lang='lat' dir='ltr'><strong>solum,</strong></span> <span class='ocrx_word' id='word_1_685' title='bbox 2880 4449 2966 4487; x_wconf 90' lang='lat' dir='ltr'><strong>me</strong></span> <span class='ocrx_word' id='word_1_686' title='bbox 2990 4436 3152 4489; x_wconf 90' lang='lat' dir='ltr'><strong>unico</strong></span> <span class='ocrx_word' id='word_1_687' title='bbox 3183 4444 3554 4505; x_wconf 78' lang='lat' dir='ltr'><strong>astante,cum</strong></span> <span class='ocrx_word' id='word_1_688' title='bbox 3584 4440 3714 4497; x_wconf 88' lang='lat' dir='ltr'><strong>forte</strong></span> 
     </span>
    </p>
   </div>
   <div class='ocr_carea' id='block_1_87' title="bbox 478 4506 2041 4588">
    <p class='ocr_par' dir='ltr' id='par_1_87' title="bbox 478 4506 2041 4588">
     <span class='ocr_line' id='line_1_87' title="bbox 478 4506 2041 4588; baseline -0.01 -13"><span class='ocrx_word' id='word_1_689' title='bbox 478 4519 659 4588; x_wconf 85' lang='lat' dir='ltr'><strong>emplo</strong></span> <span class='ocrx_word' id='word_1_690' title='bbox 684 4517 976 4571; x_wconf 81' lang='lat' dir='ltr'><strong>illustrare.</strong></span> <span class='ocrx_word' id='word_1_691' title='bbox 1014 4511 1074 4566; x_wconf 85' lang='lat' dir='ltr'><strong>Si</strong></span> <span class='ocrx_word' id='word_1_692' title='bbox 1104 4511 1186 4564; x_wconf 86' lang='lat' dir='ltr'><strong>via</strong></span> <span class='ocrx_word' id='word_1_693' title='bbox 1218 4510 1309 4564; x_wconf 89' lang='lat' dir='ltr'><strong>illa</strong></span> <span class='ocrx_word' id='word_1_694' title='bbox 1334 4524 1428 4578; x_wconf 87' lang='lat' dir='ltr'><strong>per</strong></span> <span class='ocrx_word' id='word_1_695' title='bbox 1467 4507 1703 4562; x_wconf 87' lang='lat' dir='ltr'><strong>mediam</strong></span> <span class='ocrx_word' id='word_1_696' title='bbox 1740 4508 1929 4561; x_wconf 88' lang='lat' dir='ltr'><strong>urbem</strong></span> <span class='ocrx_word' id='word_1_697' title='bbox 1961 4506 2041 4559; x_wconf 81' lang='lat' dir='ltr'><strong>fe-</strong></span> 
     </span>
    </p>
   </div>
   <div class='ocr_carea' id='block_1_88' title="bbox 480 4600 2040 4680">
    <p class='ocr_par' dir='ltr' id='par_1_88' title="bbox 480 4600 2040 4680">
     <span class='ocr_line' id='line_1_88' title="bbox 480 4600 2040 4680; baseline -0.01 -13"><span class='ocrx_word' id='word_1_698' title='bbox 480 4621 634 4668; x_wconf 83' lang='lat' dir='ltr'><strong>rente</strong></span> <span class='ocrx_word' id='word_1_699' title='bbox 669 4609 828 4680; x_wconf 86' lang='lat' dir='ltr'><strong>plana</strong></span> <span class='ocrx_word' id='word_1_700' title='bbox 861 4614 916 4661; x_wconf 90' lang='lat' dir='ltr'><strong>et</strong></span> <span class='ocrx_word' id='word_1_701' title='bbox 938 4604 1119 4673; x_wconf 76' lang='lat' dir='ltr'><strong>ampla</strong></span> <span class='ocrx_word' id='word_1_702' title='bbox 1148 4618 1244 4673; x_wconf 90' lang='lat' dir='ltr'><strong>per</strong></span> <span class='ocrx_word' id='word_1_703' title='bbox 1274 4602 1491 4671; x_wconf 83' lang='lat' dir='ltr'><strong>longum</strong></span> <span class='ocrx_word' id='word_1_704' title='bbox 1516 4600 1779 4666; x_wconf 87' lang='lat' dir='ltr'><strong>temporis</strong></span> <span class='ocrx_word' id='word_1_705' title='bbox 1810 4600 2040 4667; x_wconf 84' lang='lat' dir='ltr'><strong>spatium</strong></span> 
     </span>
    </p>
   </div>
   <div class='ocr_carea' id='block_1_89' title="bbox 481 4688 2044 4767">
    <p class='ocr_par' dir='ltr' id='par_1_89' title="bbox 481 4688 2044 4767">
     <span class='ocr_line' id='line_1_89' title="bbox 481 4688 2044 4767; baseline -0.01 -9"><span class='ocrx_word' id='word_1_706' title='bbox 481 4718 605 4759; x_wconf 88' lang='lat' dir='ltr'><strong>cum</strong></span> <span class='ocrx_word' id='word_1_707' title='bbox 663 4700 789 4755; x_wconf 87' lang='lat' dir='ltr'><strong>aliis</strong></span> <span class='ocrx_word' id='word_1_708' title='bbox 837 4695 1165 4767; x_wconf 88' lang='lat' dir='ltr'><strong>quibusdam</strong></span> <span class='ocrx_word' id='word_1_709' title='bbox 1203 4692 1435 4763; x_wconf 84' lang='lat' dir='ltr'><strong>profecti</strong></span> <span class='ocrx_word' id='word_1_710' title='bbox 1475 4703 1721 4744; x_wconf 84' lang='lat' dir='ltr'><strong>essemus</strong></span> <span class='ocrx_word' id='word_1_711' title='bbox 1745 4688 1815 4743; x_wconf 89' lang='lat' dir='ltr'><strong>ad</strong></span> <span class='ocrx_word' id='word_1_712' title='bbox 1840 4703 2044 4745; x_wconf 74' lang='lat' dir='ltr'><strong>sancite</strong></span> 
     </span>
    </p>
   </div>
   <div class='ocr_carea' id='block_1_90' title="bbox 482 4781 2046 4864">
    <p class='ocr_par' dir='ltr' id='par_1_90' title="bbox 482 4781 2046 4864">
     <span class='ocr_line' id='line_1_90' title="bbox 482 4781 2046 4864; baseline -0.013 -11"><span class='ocrx_word' id='word_1_713' title='bbox 482 4794 702 4864; x_wconf 60' lang='lat' dir='ltr'><strong>Sophia</strong></span> <span class='ocrx_word' id='word_1_714' title='bbox 730 4791 1012 4860; x_wconf 88' lang='lat' dir='ltr'><strong>templum,</strong></span> <span class='ocrx_word' id='word_1_715' title='bbox 1055 4785 1271 4848; x_wconf 78' lang='lat' dir='ltr'><strong>deinde,</strong></span> <span class='ocrx_word' id='word_1_716' title='bbox 1312 4792 1434 4854; x_wconf 88' lang='lat' dir='ltr'><strong>post</strong></span> <span class='ocrx_word' id='word_1_717' title='bbox 1475 4781 1691 4850; x_wconf 83' lang='lat' dir='ltr'><strong>aliquod</strong></span> <span class='ocrx_word' id='word_1_718' title='bbox 1720 4792 1934 4850; x_wconf 86' lang='lat' dir='ltr'><strong>tempus</strong></span> <span class='ocrx_word' id='word_1_719' title='bbox 1962 4782 2046 4833; x_wconf 80' lang='lat' dir='ltr'><strong>in-</strong></span> 
     </span>
    </p>
   </div>
   <div class='ocr_carea' id='block_1_91' title="bbox 482 4873 2041 4944">
    <p class='ocr_par' dir='ltr' id='par_1_91' title="bbox 482 4873 2041 4944">
     <span class='ocr_line' id='line_1_91' title="bbox 482 4873 2041 4944; baseline -0.012 0"><span class='ocrx_word' id='word_1_720' title='bbox 482 4896 643 4944; x_wconf 69' lang='lat' dir='ltr'><strong>venia</strong></span> <span class='ocrx_word' id='word_1_721' title='bbox 677 4900 707 4939; x_wconf 87' lang='lat' dir='ltr'><strong>a</strong></span> <span class='ocrx_word' id='word_1_722' title='bbox 758 4881 1039 4939; x_wconf 80' lang='lat' dir='ltr'><strong>nonnullis</strong></span> <span class='ocrx_word' id='word_1_723' title='bbox 1084 4878 1190 4934; x_wconf 85' lang='lat' dir='ltr'><strong>alia</strong></span> <span class='ocrx_word' id='word_1_724' title='bbox 1221 4878 1329 4943; x_wconf 89' lang='lat' dir='ltr'><strong>via,</strong></span> <span class='ocrx_word' id='word_1_725' title='bbox 1356 4885 1412 4932; x_wconf 87' lang='lat' dir='ltr'><strong>et</strong></span> <span class='ocrx_word' id='word_1_726' title='bbox 1448 4875 1594 4944; x_wconf 83' lang='lat' dir='ltr'><strong>ipsa.</strong></span> <span class='ocrx_word' id='word_1_727' title='bbox 1639 4883 1698 4928; x_wconf 90' lang='lat' dir='ltr'><strong>ut</strong></span> <span class='ocrx_word' id='word_1_728' title='bbox 1720 4873 1797 4927; x_wconf 82' lang='lat' dir='ltr'><strong>illi</strong></span> <span class='ocrx_word' id='word_1_729' title='bbox 1825 4873 2041 4939; x_wconf 79' lang='lat' dir='ltr'><strong>quidem</strong></span> 
     </span>
    </p>
   </div>
   <div class='ocr_carea' id='block_1_92' title="bbox 479 4966 2045 5042">
    <p class='ocr_par' dir='ltr' id='par_1_92' title="bbox 479 4966 2045 5042">
     <span class='ocr_line' id='line_1_92' title="bbox 479 4966 2045 5042; baseline -0.012 -6"><span class='ocrx_word' id='word_1_730' title='bbox 479 4982 745 5042; x_wconf 87' lang='lat' dir='ltr'><strong>dicerent,</strong></span> <span class='ocrx_word' id='word_1_731' title='bbox 764 4976 956 5031; x_wconf 84' lang='lat' dir='ltr'><strong>eodem</strong></span> <span class='ocrx_word' id='word_1_732' title='bbox 987 4974 1216 5037; x_wconf 83' lang='lat' dir='ltr'><strong>ferente,</strong></span> <span class='ocrx_word' id='word_1_733' title='bbox 1245 4972 1665 5025; x_wconf 87' lang='lat' dir='ltr'><strong>cohortarentur</strong></span> <span class='ocrx_word' id='word_1_734' title='bbox 1694 4980 1781 5019; x_wconf 87' lang='lat' dir='ltr'><strong>tne</strong></span> <span class='ocrx_word' id='word_1_735' title='bbox 1807 4966 1891 5019; x_wconf 88' lang='lat' dir='ltr'><strong>his</strong></span> <span class='ocrx_word' id='word_1_736' title='bbox 1926 4981 2045 5018; x_wconf 74' lang='lat' dir='ltr'><strong>ver-</strong></span> 
     </span>
    </p>
   </div>
   <div class='ocr_carea' id='block_1_93' title="bbox 477 5060 2039 5135">
    <p class='ocr_par' dir='ltr' id='par_1_93' title="bbox 477 5060 2039 5135">
     <span class='ocr_line' id='line_1_93' title="bbox 477 5060 2039 5135; baseline -0.012 -6"><span class='ocrx_word' id='word_1_737' title='bbox 477 5073 563 5129; x_wconf 87' lang='lat' dir='ltr'><strong>bis</strong></span> <span class='ocrx_word' id='word_1_738' title='bbox 582 5088 601 5127; x_wconf 84' lang='lat'><strong>:</strong></span> <span class='ocrx_word' id='word_1_739' title='bbox 627 5089 653 5122; x_wconf 72' lang='grc' dir='ltr'><strong>ε</strong></span> <span class='ocrx_word' id='word_1_740' title='bbox 674 5069 841 5125; x_wconf 86' lang='lat' dir='ltr'><strong>Utare</strong></span> <span class='ocrx_word' id='word_1_741' title='bbox 866 5077 922 5122; x_wconf 93' lang='lat' dir='ltr'><strong>tu</strong></span> <span class='ocrx_word' id='word_1_742' title='bbox 948 5080 1168 5135; x_wconf 83' lang='lat' dir='ltr'><strong>quoque</strong></span> <span class='ocrx_word' id='word_1_743' title='bbox 1197 5064 1320 5129; x_wconf 89' lang='lat' dir='ltr'><strong>bac,</strong></span> <span class='ocrx_word' id='word_1_744' title='bbox 1351 5076 1514 5132; x_wconf 87' lang='lat' dir='ltr'><strong>quam</strong></span> <span class='ocrx_word' id='word_1_745' title='bbox 1551 5060 1884 5123; x_wconf 84' lang='lat' dir='ltr'><strong>invenimus,</strong></span> <span class='ocrx_word' id='word_1_746' title='bbox 1909 5060 1995 5113; x_wconf 83' lang='lat' dir='ltr'><strong>via</strong></span> <span class='ocrx_word' id='word_1_747' title='bbox 2024 5074 2039 5123; x_wconf 88' lang='lat'><strong>;</strong></span> 
     </span>
    </p>
   </div>
   <div class='ocr_carea' id='block_1_94' title="bbox 478 5152 2039 5229">
    <p class='ocr_par' dir='ltr' id='par_1_94' title="bbox 478 5152 2039 5229">
     <span class='ocr_line' id='line_1_94' title="bbox 478 5152 2039 5229; baseline -0.01 -9"><span class='ocrx_word' id='word_1_748' title='bbox 478 5163 695 5220; x_wconf 80' lang='lat' dir='ltr'><strong>etiamsi</strong></span> <span class='ocrx_word' id='word_1_749' title='bbox 719 5161 864 5218; x_wconf 90' lang='lat' dir='ltr'><strong>enim</strong></span> <span class='ocrx_word' id='word_1_750' title='bbox 887 5160 1134 5229; x_wconf 79' lang='lat' dir='ltr'><strong>ista,qua</strong></span> <span class='ocrx_word' id='word_1_751' title='bbox 1168 5166 1223 5212; x_wconf 89' lang='lat' dir='ltr'><strong>tu</strong></span> <span class='ocrx_word' id='word_1_752' title='bbox 1252 5156 1449 5220; x_wconf 74' lang='lat' dir='ltr'><strong>uteris,</strong></span> <span class='ocrx_word' id='word_1_753' title='bbox 1482 5154 1713 5223; x_wconf 83' lang='lat' dir='ltr'><strong>pulchra</strong></span> <span class='ocrx_word' id='word_1_754' title='bbox 1737 5160 1791 5207; x_wconf 92' lang='lat' dir='ltr'><strong>et</strong></span> <span class='ocrx_word' id='word_1_755' title='bbox 1816 5152 2039 5221; x_wconf 87' lang='lat' dir='ltr'><strong>antiqua</strong></span> 
     </span>
    </p>
   </div>
   <div class='ocr_carea' id='block_1_95' title="bbox 478 5244 2043 5320">
    <p class='ocr_par' dir='ltr' id='par_1_95' title="bbox 478 5244 2043 5320">
     <span class='ocr_line' id='line_1_95' title="bbox 478 5244 2043 5320; baseline -0.01 -10"><span class='ocrx_word' id='word_1_756' title='bbox 478 5263 565 5311; x_wconf 84' lang='lat' dir='ltr'><strong>est</strong></span> <span class='ocrx_word' id='word_1_757' title='bbox 592 5268 657 5308; x_wconf 75' lang='lat' dir='ltr'><strong>ac</strong></span> <span class='ocrx_word' id='word_1_758' title='bbox 696 5252 854 5308; x_wconf 74' lang='lat' dir='ltr'><strong>nobis</strong></span> <span class='ocrx_word' id='word_1_759' title='bbox 891 5251 1099 5320; x_wconf 82' lang='lat' dir='ltr'><strong>pridem</strong></span> <span class='ocrx_word' id='word_1_760' title='bbox 1140 5257 1267 5303; x_wconf 84' lang='lat' dir='ltr'><strong>nota</strong></span> <span class='ocrx_word' id='word_1_761' title='bbox 1308 5256 1362 5301; x_wconf 85' lang='lat' dir='ltr'><strong>et</strong></span> <span class='ocrx_word' id='word_1_762' title='bbox 1392 5245 1673 5300; x_wconf 88' lang='lat' dir='ltr'><strong>vobiscum</strong></span> <span class='ocrx_word' id='word_1_763' title='bbox 1709 5244 1927 5307; x_wconf 84' lang='lat' dir='ltr'><strong>usitata,</strong></span> <span class='ocrx_word' id='word_1_764' title='bbox 1962 5257 2043 5295; x_wconf 56' lang='lat' dir='ltr'><strong>ta.</strong></span> 
     </span>
    </p>
   </div>
   <div class='ocr_carea' id='block_1_96' title="bbox 366 5335 2042 5419">
    <p class='ocr_par' dir='ltr' id='par_1_96' title="bbox 366 5335 2042 5419">
     <span class='ocr_line' id='line_1_96' title="bbox 366 5335 2042 5419; baseline -0.013 -14"><span class='ocrx_word' id='word_1_765' title='bbox 366 5414 371 5419; x_wconf 23' lang='lat'><strong><em>1</em></strong></span> <span class='ocrx_word' id='word_1_766' title='bbox 479 5361 605 5403; x_wconf 82' lang='lat' dir='ltr'><strong>men</strong></span> <span class='ocrx_word' id='word_1_767' title='bbox 618 5345 781 5400; x_wconf 73' lang='lat' dir='ltr'><strong>etiam</strong></span> <span class='ocrx_word' id='word_1_768' title='bbox 804 5344 917 5398; x_wconf 66' lang='lat' dir='ltr'><strong>bac</strong></span> <span class='ocrx_word' id='word_1_769' title='bbox 936 5342 1160 5411; x_wconf 84' lang='lat' dir='ltr'><strong>pulchra</strong></span> <span class='ocrx_word' id='word_1_770' title='bbox 1182 5349 1285 5399; x_wconf 89' lang='lat' dir='ltr'><strong>est.</strong></span> <span class='ocrx_word' id='word_1_771' title='bbox 1304 5352 1470 5408; x_wconf 83' lang='lat' dir='ltr'><strong>quam</strong></span> <span class='ocrx_word' id='word_1_772' title='bbox 1491 5335 1991 5398; x_wconf 83' lang='lat' dir='ltr'><strong>nuueinvenitnus;</strong></span> <span class='ocrx_word' id='word_1_773' title='bbox 2021 5350 2042 5383; x_wconf 68' lang='grc' dir='ltr'><strong>ι</strong></span> 
     </span>
    </p>
   </div>
   <div class='ocr_carea' id='block_1_97' title="bbox 476 5429 2041 5509">
    <p class='ocr_par' dir='ltr' id='par_1_97' title="bbox 476 5429 2041 5509">
     <span class='ocr_line' id='line_1_97' title="bbox 476 5429 2041 5509; baseline -0.012 -15"><span class='ocrx_word' id='word_1_774' title='bbox 476 5452 580 5509; x_wconf 77' lang='lat' dir='ltr'><strong>ego</strong></span> <span class='ocrx_word' id='word_1_775' title='bbox 614 5446 796 5492; x_wconf 87' lang='lat' dir='ltr'><strong>autem</strong></span> <span class='ocrx_word' id='word_1_776' title='bbox 837 5435 907 5489; x_wconf 86' lang='lat' dir='ltr'><strong>ab</strong></span> <span class='ocrx_word' id='word_1_777' title='bbox 946 5433 1073 5487; x_wconf 88' lang='lat' dir='ltr'><strong>aliis</strong></span> <span class='ocrx_word' id='word_1_778' title='bbox 1100 5431 1371 5494; x_wconf 82' lang='lat' dir='ltr'><strong>audirem,</strong></span> <span class='ocrx_word' id='word_1_779' title='bbox 1408 5429 1691 5498; x_wconf 84' lang='lat' dir='ltr'><strong>pulchram</strong></span> <span class='ocrx_word' id='word_1_780' title='bbox 1728 5439 1847 5479; x_wconf 87' lang='lat' dir='ltr'><strong>eam</strong></span> <span class='ocrx_word' id='word_1_781' title='bbox 1893 5437 2041 5487; x_wconf 81' lang='lat' dir='ltr'><strong>esse,</strong></span> 
     </span>
    </p>
   </div>
   <div class='ocr_carea' id='block_1_98' title="bbox 480 5517 2045 5595">
    <p class='ocr_par' dir='ltr' id='par_1_98' title="bbox 480 5517 2045 5595">
     <span class='ocr_line' id='line_1_98' title="bbox 480 5517 2045 5595; baseline -0.008 -11"><span class='ocrx_word' id='word_1_782' title='bbox 480 5533 548 5584; x_wconf 87' lang='lat' dir='ltr'><strong>ab</strong></span> <span class='ocrx_word' id='word_1_783' title='bbox 570 5529 713 5592; x_wconf 81' lang='lat' dir='ltr'><strong>aliis,</strong></span> <span class='ocrx_word' id='word_1_784' title='bbox 742 5542 851 5582; x_wconf 92' lang='lat' dir='ltr'><strong>non</strong></span> <span class='ocrx_word' id='word_1_785' title='bbox 883 5524 1185 5595; x_wconf 87' lang='lat' dir='ltr'><strong>pulchram,</strong></span> <span class='ocrx_word' id='word_1_786' title='bbox 1204 5530 1454 5589; x_wconf 81' lang='lat' dir='ltr'><strong>essetque</strong></span> <span class='ocrx_word' id='word_1_787' title='bbox 1476 5519 1621 5574; x_wconf 76' lang='lat' dir='ltr'><strong>inter</strong></span> <span class='ocrx_word' id='word_1_788' title='bbox 1637 5528 1898 5585; x_wconf 83' lang='lat' dir='ltr'><strong>utrosque</strong></span> <span class='ocrx_word' id='word_1_789' title='bbox 1922 5517 2045 5571; x_wconf 86' lang='lat' dir='ltr'><strong>dis-</strong></span> 
     </span>
    </p>
   </div>
   <div class='ocr_carea' id='block_1_99' title="bbox 477 5609 2041 5681">
    <p class='ocr_par' dir='ltr' id='par_1_99' title="bbox 477 5609 2041 5681">
     <span class='ocr_line' id='line_1_99' title="bbox 477 5609 2041 5681; baseline -0.011 -4"><span class='ocrx_word' id='word_1_790' title='bbox 477 5620 669 5676; x_wconf 79' lang='lat' dir='ltr'><strong>sensio</strong></span> <span class='ocrx_word' id='word_1_791' title='bbox 696 5628 751 5673; x_wconf 83' lang='lat' dir='ltr'><strong>et</strong></span> <span class='ocrx_word' id='word_1_792' title='bbox 775 5614 1047 5671; x_wconf 81' lang='lat' dir='ltr'><strong>discordia</strong></span> <span class='ocrx_word' id='word_1_793' title='bbox 1072 5630 1087 5666; x_wconf 89' lang='lat'><strong>:</strong></span> <span class='ocrx_word' id='word_1_794' title='bbox 1122 5612 1313 5681; x_wconf 82' lang='lat' dir='ltr'><strong>quidni</strong></span> <span class='ocrx_word' id='word_1_795' title='bbox 1352 5624 1453 5680; x_wconf 89' lang='lat' dir='ltr'><strong>ego</strong></span> <span class='ocrx_word' id='word_1_796' title='bbox 1480 5611 1662 5680; x_wconf 83' lang='lat' dir='ltr'><strong>quiete</strong></span> <span class='ocrx_word' id='word_1_797' title='bbox 1706 5609 1780 5662; x_wconf 78' lang='lat' dir='ltr'><strong>ita</strong></span> <span class='ocrx_word' id='word_1_798' title='bbox 1811 5623 2041 5676; x_wconf 79' lang='lat' dir='ltr'><strong>respon-</strong></span> 
     </span>
    </p>
   </div>
   <div class='ocr_carea' id='block_1_100' title="bbox 478 5703 2048 5776">
    <p class='ocr_par' dir='ltr' id='par_1_100' title="bbox 478 5703 2048 5776">
     <span class='ocr_line' id='line_1_100' title="bbox 478 5703 2048 5776; baseline -0.008 -9"><span class='ocrx_word' id='word_1_799' title='bbox 478 5714 697 5767; x_wconf 78' lang='lat' dir='ltr'><strong>der-em:</strong></span> <span class='ocrx_word' id='word_1_800' title='bbox 730 5728 756 5763; x_wconf 74' lang='grc' dir='ltr'><strong>ε</strong></span> <span class='ocrx_word' id='word_1_801' title='bbox 790 5707 865 5763; x_wconf 84' lang='lat' dir='ltr'><strong>Ite</strong></span> <span class='ocrx_word' id='word_1_802' title='bbox 912 5720 1031 5772; x_wconf 82' lang='lat' dir='ltr'><strong>vos,</strong></span> <span class='ocrx_word' id='word_1_803' title='bbox 1056 5720 1166 5776; x_wconf 83' lang='lat' dir='ltr'><strong>qua</strong></span> <span class='ocrx_word' id='word_1_804' title='bbox 1202 5703 1397 5773; x_wconf 76' lang='lat' dir='ltr'><strong>placet,</strong></span> <span class='ocrx_word' id='word_1_805' title='bbox 1426 5705 1495 5757; x_wconf 86' lang='lat' dir='ltr'><strong>ad</strong></span> <span class='ocrx_word' id='word_1_806' title='bbox 1548 5703 1803 5771; x_wconf 84' lang='lat' dir='ltr'><strong>templum</strong></span> <span class='ocrx_word' id='word_1_807' title='bbox 1845 5713 2048 5756; x_wconf 70' lang='lat' dir='ltr'><strong>sanctae</strong></span> 
     </span>
    </p>
   </div>
   <div class='ocr_carea' id='block_1_101' title="bbox 485 5796 2049 5875">
    <p class='ocr_par' dir='ltr' id='par_1_101' title="bbox 485 5796 2049 5875">
     <span class='ocr_line' id='line_1_101' title="bbox 485 5796 2049 5875; baseline -0.012 -14"><span class='ocrx_word' id='word_1_808' title='bbox 485 5802 704 5875; x_wconf 65' lang='lat' dir='ltr'><strong>Sophia</strong></span> <span class='ocrx_word' id='word_1_809' title='bbox 737 5822 751 5870; x_wconf 90' lang='lat'><strong>;</strong></span> <span class='ocrx_word' id='word_1_810' title='bbox 782 5815 888 5873; x_wconf 78' lang='lat' dir='ltr'><strong>ego</strong></span> <span class='ocrx_word' id='word_1_811' title='bbox 914 5800 1142 5870; x_wconf 76' lang='lat' dir='ltr'><strong>posthac</strong></span> <span class='ocrx_word' id='word_1_812' title='bbox 1170 5811 1388 5867; x_wconf 80' lang='lat' dir='ltr'><strong>quoque</strong></span> <span class='ocrx_word' id='word_1_813' title='bbox 1416 5796 1703 5864; x_wconf 77' lang='lat' dir='ltr'><strong>usurpabo</strong></span> <span class='ocrx_word' id='word_1_814' title='bbox 1730 5796 1869 5850; x_wconf 80' lang='lat' dir='ltr'><strong>viam</strong></span> <span class='ocrx_word' id='word_1_815' title='bbox 1900 5810 2049 5861; x_wconf 75' lang='lat' dir='ltr'><strong>eam,</strong></span> 
     </span>
    </p>
   </div>
   <div class='ocr_carea' id='block_1_102' title="bbox 2152 4522 3719 4592">
    <p class='ocr_par' dir='ltr' id='par_1_102' title="bbox 2152 4522 3719 4592">
     <span class='ocr_line' id='line_1_102' title="bbox 2152 4522 3719 4592; baseline 0.006 -17"><span class='ocrx_word' id='word_1_816' title='bbox 2152 4526 2217 4576; x_wconf 85' lang='lat' dir='ltr'><strong>de</strong></span> <span class='ocrx_word' id='word_1_817' title='bbox 2248 4524 2456 4592; x_wconf 83' lang='lat' dir='ltr'><strong>synodo</strong></span> <span class='ocrx_word' id='word_1_818' title='bbox 2492 4522 2698 4577; x_wconf 87' lang='lat' dir='ltr'><strong>mentio</strong></span> <span class='ocrx_word' id='word_1_819' title='bbox 2732 4525 3036 4589; x_wconf 88' lang='lat' dir='ltr'><strong>incidisset,</strong></span> <span class='ocrx_word' id='word_1_820' title='bbox 3076 4528 3157 4582; x_wconf 90' lang='lat' dir='ltr'><strong>sic</strong></span> <span class='ocrx_word' id='word_1_821' title='bbox 3191 4538 3273 4583; x_wconf 89' lang='lat' dir='ltr'><strong>est</strong></span> <span class='ocrx_word' id='word_1_822' title='bbox 3301 4531 3494 4585; x_wconf 74' lang='lat' dir='ltr'><strong>affatus</strong></span> <span class='ocrx_word' id='word_1_823' title='bbox 3522 4549 3537 4587; x_wconf 88' lang='lat'><strong>:</strong></span> <span class='ocrx_word' id='word_1_824' title='bbox 3576 4551 3594 4586; x_wconf 78' lang='grc' dir='ltr'><strong>ι</strong></span> <span class='ocrx_word' id='word_1_825' title='bbox 3620 4528 3719 4587; x_wconf 83' lang='lat' dir='ltr'><strong>Fili</strong></span> 
     </span>
    </p>
   </div>
   <div class='ocr_carea' id='block_1_103' title="bbox 2153 4614 3720 4695">
    <p class='ocr_par' dir='ltr' id='par_1_103' title="bbox 2153 4614 3720 4695">
     <span class='ocr_line' id='line_1_103' title="bbox 2153 4614 3720 4695; baseline 0.009 -29"><span class='ocrx_word' id='word_1_826' title='bbox 2153 4614 2468 4682; x_wconf 84' lang='lat' dir='ltr'><strong>mi,inquit,</strong></span> <span class='ocrx_word' id='word_1_827' title='bbox 2505 4628 2632 4667; x_wconf 87' lang='lat' dir='ltr'><strong>vere</strong></span> <span class='ocrx_word' id='word_1_828' title='bbox 2687 4630 2751 4669; x_wconf 88' lang='lat' dir='ltr'><strong>ac</strong></span> <span class='ocrx_word' id='word_1_829' title='bbox 2775 4625 2925 4670; x_wconf 86' lang='lat' dir='ltr'><strong>certo</strong></span> <span class='ocrx_word' id='word_1_830' title='bbox 2964 4619 3174 4673; x_wconf 89' lang='lat' dir='ltr'><strong>scimus</strong></span> <span class='ocrx_word' id='word_1_831' title='bbox 3205 4622 3505 4691; x_wconf 82' lang='lat' dir='ltr'><strong>exploratis</strong></span> <span class='ocrx_word' id='word_1_832' title='bbox 3530 4626 3720 4695; x_wconf 55' lang='lat' dir='ltr'><strong>impiw</strong></span> 
     </span>
    </p>
   </div>
   <div class='ocr_carea' id='block_1_104' title="bbox 2152 4705 3714 4785">
    <p class='ocr_par' dir='ltr' id='par_1_104' title="bbox 2152 4705 3714 4785">
     <span class='ocr_line' id='line_1_104' title="bbox 2152 4705 3714 4785; baseline 0.01 -26"><span class='ocrx_word' id='word_1_833' title='bbox 2152 4721 2268 4759; x_wconf 85' lang='lat' dir='ltr'><strong>rum</strong></span> <span class='ocrx_word' id='word_1_834' title='bbox 2294 4705 2501 4761; x_wconf 86' lang='lat' dir='ltr'><strong>intimis</strong></span> <span class='ocrx_word' id='word_1_835' title='bbox 2527 4708 2802 4772; x_wconf 87' lang='lat' dir='ltr'><strong>sensibus.</strong></span> <span class='ocrx_word' id='word_1_836' title='bbox 2836 4710 3190 4767; x_wconf 83' lang='lat' dir='ltr'><strong>vehementer</strong></span> <span class='ocrx_word' id='word_1_837' title='bbox 3221 4730 3316 4769; x_wconf 92' lang='lat' dir='ltr'><strong>eos</strong></span> <span class='ocrx_word' id='word_1_838' title='bbox 3348 4718 3471 4785; x_wconf 83' lang='lat' dir='ltr'><strong>angi</strong></span> <span class='ocrx_word' id='word_1_839' title='bbox 3513 4734 3579 4773; x_wconf 91' lang='lat' dir='ltr'><strong>ac</strong></span> <span class='ocrx_word' id='word_1_840' title='bbox 3611 4720 3714 4773; x_wconf 77' lang='lat' dir='ltr'><strong>for—</strong></span> 
     </span>
    </p>
   </div>
   <div class='ocr_carea' id='block_1_105' title="bbox 2153 4798 3715 4877">
    <p class='ocr_par' dir='ltr' id='par_1_105' title="bbox 2153 4798 3715 4877">
     <span class='ocr_line' id='line_1_105' title="bbox 2153 4798 3715 4877; baseline 0.01 -26"><span class='ocrx_word' id='word_1_841' title='bbox 2153 4798 2380 4864; x_wconf 86' lang='lat' dir='ltr'><strong>midare,</strong></span> <span class='ocrx_word' id='word_1_842' title='bbox 2440 4814 2505 4852; x_wconf 90' lang='lat' dir='ltr'><strong>nc</strong></span> <span class='ocrx_word' id='word_1_843' title='bbox 2570 4802 2787 4870; x_wconf 84' lang='lat' dir='ltr'><strong>quando</strong></span> <span class='ocrx_word' id='word_1_844' title='bbox 2840 4804 3196 4859; x_wconf 73' lang='lat' dir='ltr'><strong>conciliemur</strong></span> <span class='ocrx_word' id='word_1_845' title='bbox 3229 4819 3283 4862; x_wconf 90' lang='lat' dir='ltr'><strong>et</strong></span> <span class='ocrx_word' id='word_1_846' title='bbox 3321 4811 3715 4877; x_wconf 72' lang='lat' dir='ltr'><strong>coniungantur</strong></span> 
     </span>
    </p>
   </div>
   <div class='ocr_carea' id='block_1_106' title="bbox 2152 4888 3712 4969">
    <p class='ocr_par' dir='ltr' id='par_1_106' title="bbox 2152 4888 3712 4969">
     <span class='ocr_line' id='line_1_106' title="bbox 2152 4888 3712 4969; baseline 0.01 -26"><span class='ocrx_word' id='word_1_847' title='bbox 2152 4905 2273 4943; x_wconf 87' lang='lat' dir='ltr'><strong>cum</strong></span> <span class='ocrx_word' id='word_1_848' title='bbox 2296 4888 2625 4945; x_wconf 81' lang='lat' dir='ltr'><strong>Christianis</strong></span> <span class='ocrx_word' id='word_1_849' title='bbox 2650 4891 3104 4948; x_wconf 83' lang='lat' dir='ltr'><strong>occidentalibus.</strong></span> <span class='ocrx_word' id='word_1_850' title='bbox 3136 4895 3247 4951; x_wconf 73' lang='lat' dir='ltr'><strong>Hoc</strong></span> <span class='ocrx_word' id='word_1_851' title='bbox 3270 4901 3421 4953; x_wconf 82' lang='lat' dir='ltr'><strong>enim</strong></span> <span class='ocrx_word' id='word_1_852' title='bbox 3447 4902 3491 4969; x_wconf 84' lang='lat' dir='ltr'><strong>si</strong></span> <span class='ocrx_word' id='word_1_853' title='bbox 3515 4902 3631 4968; x_wconf 66' lang='lat' dir='ltr'><strong>li‘at,</strong></span> <span class='ocrx_word' id='word_1_854' title='bbox 3650 4905 3712 4957; x_wconf 89' lang='lat' dir='ltr'><strong>ab</strong></span> 
     </span>
    </p>
   </div>
   <div class='ocr_carea' id='block_1_107' title="bbox 2152 4982 3711 5058">
    <p class='ocr_par' dir='ltr' id='par_1_107' title="bbox 2152 4982 3711 5058">
     <span class='ocr_line' id='line_1_107' title="bbox 2152 4982 3711 5058; baseline 0.004 -21"><span class='ocrx_word' id='word_1_855' title='bbox 2152 4984 2242 5047; x_wconf 90' lang='lat' dir='ltr'><strong>iis,</strong></span> <span class='ocrx_word' id='word_1_856' title='bbox 2288 4999 2424 5052; x_wconf 88' lang='lat' dir='ltr'><strong>quos</strong></span> <span class='ocrx_word' id='word_1_857' title='bbox 2468 4982 2600 5042; x_wconf 82' lang='lat' dir='ltr'><strong>dixi.</strong></span> <span class='ocrx_word' id='word_1_858' title='bbox 2645 4984 3073 5042; x_wconf 62' lang='lat' dir='ltr'><strong>occidentalibus</strong></span> <span class='ocrx_word' id='word_1_859' title='bbox 3120 5004 3318 5058; x_wconf 86' lang='lat' dir='ltr'><strong>magno</strong></span> <span class='ocrx_word' id='word_1_860' title='bbox 3358 5004 3481 5049; x_wconf 80' lang='lat' dir='ltr'><strong>sese</strong></span> <span class='ocrx_word' id='word_1_861' title='bbox 3514 4998 3711 5053; x_wconf 76' lang='lat' dir='ltr'><strong>damno</strong></span> 
     </span>
    </p>
   </div>
   <div class='ocr_carea' id='block_1_108' title="bbox 2150 5079 3711 5155">
    <p class='ocr_par' dir='ltr' id='par_1_108' title="bbox 2150 5079 3711 5155">
     <span class='ocr_line' id='line_1_108' title="bbox 2150 5079 3711 5155; baseline 0.01 -26"><span class='ocrx_word' id='word_1_862' title='bbox 2150 5087 2371 5147; x_wconf 86' lang='lat' dir='ltr'><strong>propter</strong></span> <span class='ocrx_word' id='word_1_863' title='bbox 2395 5092 2493 5132; x_wconf 90' lang='lat' dir='ltr'><strong>nos</strong></span> <span class='ocrx_word' id='word_1_864' title='bbox 2522 5088 2812 5131; x_wconf 87' lang='lat' dir='ltr'><strong>mactatum</strong></span> <span class='ocrx_word' id='word_1_865' title='bbox 2838 5079 2901 5131; x_wconf 91' lang='lat' dir='ltr'><strong>iri</strong></span> <span class='ocrx_word' id='word_1_866' title='bbox 2930 5090 3140 5147; x_wconf 87' lang='lat' dir='ltr'><strong>putant.</strong></span> <span class='ocrx_word' id='word_1_867' title='bbox 3159 5082 3424 5147; x_wconf 68' lang='lat' dir='ltr'><strong>Caeterum</strong></span> <span class='ocrx_word' id='word_1_868' title='bbox 3447 5088 3629 5155; x_wconf 81' lang='lat' dir='ltr'><strong>cogita</strong></span> <span class='ocrx_word' id='word_1_869' title='bbox 3651 5094 3711 5145; x_wconf 89' lang='lat' dir='ltr'><strong>de</strong></span> 
     </span>
    </p>
   </div>
   <div class='ocr_carea' id='block_1_109' title="bbox 2148 5170 3714 5253">
    <p class='ocr_par' dir='ltr' id='par_1_109' title="bbox 2148 5170 3714 5253">
     <span class='ocr_line' id='line_1_109' title="bbox 2148 5170 3714 5253; baseline 0.008 -29"><span class='ocrx_word' id='word_1_870' title='bbox 2148 5170 2357 5239; x_wconf 79' lang='lat' dir='ltr'><strong>synodo</strong></span> <span class='ocrx_word' id='word_1_871' title='bbox 2385 5177 2440 5223; x_wconf 87' lang='lat' dir='ltr'><strong>et</strong></span> <span class='ocrx_word' id='word_1_872' title='bbox 2474 5183 2586 5222; x_wconf 87' lang='lat' dir='ltr'><strong>rem</strong></span> <span class='ocrx_word' id='word_1_873' title='bbox 2630 5184 2775 5223; x_wconf 75' lang='lat' dir='ltr'><strong>cura:</strong></span> <span class='ocrx_word' id='word_1_874' title='bbox 2812 5170 2976 5238; x_wconf 88' lang='lat' dir='ltr'><strong>babc,</strong></span> <span class='ocrx_word' id='word_1_875' title='bbox 3013 5176 3343 5242; x_wconf 66' lang='lat' dir='ltr'><strong>prasertitn,</strong></span> <span class='ocrx_word' id='word_1_876' title='bbox 3396 5192 3521 5233; x_wconf 90' lang='lat' dir='ltr'><strong>cum</strong></span> <span class='ocrx_word' id='word_1_877' title='bbox 3567 5182 3714 5253; x_wconf 88' lang='lat' dir='ltr'><strong>impii</strong></span> 
     </span>
    </p>
   </div>
   <div class='ocr_carea' id='block_1_110' title="bbox 2146 5259 3715 5343">
    <p class='ocr_par' dir='ltr' id='par_1_110' title="bbox 2146 5259 3715 5343">
     <span class='ocr_line' id='line_1_110' title="bbox 2146 5259 3715 5343; baseline 0.008 -29"><span class='ocrx_word' id='word_1_878' title='bbox 2146 5260 2242 5315; x_wconf 90' lang='lat' dir='ltr'><strong>tibi</strong></span> <span class='ocrx_word' id='word_1_879' title='bbox 2274 5259 2502 5314; x_wconf 82' lang='lat' dir='ltr'><strong>timendi</strong></span> <span class='ocrx_word' id='word_1_880' title='bbox 2531 5269 2695 5326; x_wconf 87' lang='lat' dir='ltr'><strong>sunt;</strong></span> <span class='ocrx_word' id='word_1_881' title='bbox 2723 5276 2915 5331; x_wconf 77' lang='lat' dir='ltr'><strong>cogere</strong></span> <span class='ocrx_word' id='word_1_882' title='bbox 2944 5274 3128 5317; x_wconf 85' lang='lat' dir='ltr'><strong>autem</strong></span> <span class='ocrx_word' id='word_1_883' title='bbox 3157 5280 3277 5319; x_wconf 87' lang='lat' dir='ltr'><strong>eam</strong></span> <span class='ocrx_word' id='word_1_884' title='bbox 3299 5283 3362 5321; x_wconf 92' lang='lat' dir='ltr'><strong>ue</strong></span> <span class='ocrx_word' id='word_1_885' title='bbox 3388 5268 3499 5337; x_wconf 78' lang='lat' dir='ltr'><strong>jam</strong></span> <span class='ocrx_word' id='word_1_886' title='bbox 3530 5286 3715 5343; x_wconf 76' lang='lat' dir='ltr'><strong>aggre-</strong></span> 
     </span>
    </p>
   </div>
   <div class='ocr_carea' id='block_1_111' title="bbox 2146 5350 3710 5429">
    <p class='ocr_par' dir='ltr' id='par_1_111' title="bbox 2146 5350 3710 5429">
     <span class='ocr_line' id='line_1_111' title="bbox 2146 5350 3710 5429; baseline 0.008 -24"><span class='ocrx_word' id='word_1_887' title='bbox 2146 5350 2319 5413; x_wconf 83' lang='lat' dir='ltr'><strong>diare,</strong></span> <span class='ocrx_word' id='word_1_888' title='bbox 2347 5353 2606 5419; x_wconf 86' lang='lat' dir='ltr'><strong>quoniam</strong></span> <span class='ocrx_word' id='word_1_889' title='bbox 2639 5361 2940 5418; x_wconf 79' lang='lat' dir='ltr'><strong>nostrates,</strong></span> <span class='ocrx_word' id='word_1_890' title='bbox 2964 5363 3021 5408; x_wconf 90' lang='lat' dir='ltr'><strong>ut</strong></span> <span class='ocrx_word' id='word_1_891' title='bbox 3052 5355 3185 5409; x_wconf 86' lang='lat' dir='ltr'><strong>mihi</strong></span> <span class='ocrx_word' id='word_1_892' title='bbox 3226 5358 3446 5427; x_wconf 84' lang='lat' dir='ltr'><strong>quidem</strong></span> <span class='ocrx_word' id='word_1_893' title='bbox 3480 5362 3710 5429; x_wconf 84' lang='lat' dir='ltr'><strong>videtur,</strong></span> 
     </span>
    </p>
   </div>
   <div class='ocr_carea' id='block_1_112' title="bbox 2147 5442 3709 5520">
    <p class='ocr_par' dir='ltr' id='par_1_112' title="bbox 2147 5442 3709 5520">
     <span class='ocr_line' id='line_1_112' title="bbox 2147 5442 3709 5520; baseline 0.009 -24"><span class='ocrx_word' id='word_1_894' title='bbox 2147 5442 2213 5496; x_wconf 74' lang='lat' dir='ltr'><strong>ad</strong></span> <span class='ocrx_word' id='word_1_895' title='bbox 2241 5442 2619 5496; x_wconf 74' lang='lat' dir='ltr'><strong>inveniendam</strong></span> <span class='ocrx_word' id='word_1_896' title='bbox 2642 5445 2911 5499; x_wconf 84' lang='lat' dir='ltr'><strong>rationem</strong></span> <span class='ocrx_word' id='word_1_897' title='bbox 2939 5446 3271 5518; x_wconf 78' lang='lat' dir='ltr'><strong>modumque</strong></span> <span class='ocrx_word' id='word_1_898' title='bbox 3288 5453 3709 5520; x_wconf 79' lang='lat' dir='ltr'><strong>coniunCtionis,</strong></span> 
     </span>
    </p>
   </div>
   <div class='ocr_carea' id='block_1_113' title="bbox 2146 5535 3711 5617">
    <p class='ocr_par' dir='ltr' id='par_1_113' title="bbox 2146 5535 3711 5617">
     <span class='ocr_line' id='line_1_113' title="bbox 2146 5535 3711 5617; baseline 0.009 -29"><span class='ocrx_word' id='word_1_899' title='bbox 2146 5548 2469 5598; x_wconf 76' lang='lat' dir='ltr'><strong>consensus,</strong></span> <span class='ocrx_word' id='word_1_900' title='bbox 2512 5535 2681 5603; x_wconf 84' lang='lat' dir='ltr'><strong>pacis,</strong></span> <span class='ocrx_word' id='word_1_901' title='bbox 2733 5535 3021 5593; x_wconf 83' lang='lat' dir='ltr'><strong>cbaritatis</strong></span> <span class='ocrx_word' id='word_1_902' title='bbox 3046 5548 3101 5593; x_wconf 87' lang='lat' dir='ltr'><strong>et</strong></span> <span class='ocrx_word' id='word_1_903' title='bbox 3155 5543 3462 5602; x_wconf 61' lang='lat' dir='ltr'><strong>concordia</strong></span> <span class='ocrx_word' id='word_1_904' title='bbox 3511 5561 3711 5617; x_wconf 86' lang='lat' dir='ltr'><strong>nequa-</strong></span> 
     </span>
    </p>
   </div>
   <div class='ocr_carea' id='block_1_114' title="bbox 2150 5624 3713 5701">
    <p class='ocr_par' dir='ltr' id='par_1_114' title="bbox 2150 5624 3713 5701">
     <span class='ocr_line' id='line_1_114' title="bbox 2150 5624 3713 5701; baseline 0.012 -27"><span class='ocrx_word' id='word_1_905' title='bbox 2150 5637 2313 5693; x_wconf 83' lang='lat' dir='ltr'><strong>quam</strong></span> <span class='ocrx_word' id='word_1_906' title='bbox 2352 5626 2461 5693; x_wconf 70' lang='grc' dir='ltr'>εριί</span> <span class='ocrx_word' id='word_1_907' title='bbox 2518 5636 2669 5689; x_wconf 88' lang='lat' dir='ltr'><strong>sunt,</strong></span> <span class='ocrx_word' id='word_1_908' title='bbox 2702 5628 2796 5681; x_wconf 83' lang='lat' dir='ltr'><strong>sed</strong></span> <span class='ocrx_word' id='word_1_909' title='bbox 2845 5624 2963 5695; x_wconf 84' lang='lat' dir='ltr'><strong>eos,</strong></span> <span class='ocrx_word' id='word_1_910' title='bbox 3002 5631 3367 5689; x_wconf 80' lang='lat' dir='ltr'><strong>occidentales</strong></span> <span class='ocrx_word' id='word_1_911' title='bbox 3395 5635 3538 5701; x_wconf 88' lang='lat' dir='ltr'><strong>dico,</strong></span> <span class='ocrx_word' id='word_1_912' title='bbox 3586 5641 3713 5692; x_wconf 85' lang='lat' dir='ltr'><strong>tates</strong></span> 
     </span>
    </p>
   </div>
   <div class='ocr_carea' id='block_1_115' title="bbox 2153 5715 3705 5797">
    <p class='ocr_par' dir='ltr' id='par_1_115' title="bbox 2153 5715 3705 5797">
     <span class='ocr_line' id='line_1_115' title="bbox 2153 5715 3705 5797; baseline 0.009 -28"><span class='ocrx_word' id='word_1_913' title='bbox 2153 5715 2332 5769; x_wconf 75' lang='lat' dir='ltr'><strong>facere</strong></span> <span class='ocrx_word' id='word_1_914' title='bbox 2351 5720 2592 5771; x_wconf 87' lang='lat' dir='ltr'><strong>animum</strong></span> <span class='ocrx_word' id='word_1_915' title='bbox 2616 5721 2905 5787; x_wconf 81' lang='lat' dir='ltr'><strong>inducunt,</strong></span> <span class='ocrx_word' id='word_1_916' title='bbox 2928 5720 3120 5791; x_wconf 86' lang='lat' dir='ltr'><strong>quales</strong></span> <span class='ocrx_word' id='word_1_917' title='bbox 3154 5716 3360 5779; x_wconf 85' lang='lat' dir='ltr'><strong>fuimus</strong></span> <span class='ocrx_word' id='word_1_918' title='bbox 3389 5729 3705 5797; x_wconf 87' lang='lat' dir='ltr'><strong>antiquitus.</strong></span> 
     </span>
    </p>
   </div>
   <div class='ocr_carea' id='block_1_116' title="bbox 2155 5807 3706 5888">
    <p class='ocr_par' dir='ltr' id='par_1_116' title="bbox 2155 5807 3706 5888">
     <span class='ocr_line' id='line_1_116' title="bbox 2155 5807 3706 5888; baseline 0.009 -29"><span class='ocrx_word' id='word_1_919' title='bbox 2155 5807 2306 5873; x_wconf 77' lang='lat' dir='ltr'><strong>Quod</strong></span> <span class='ocrx_word' id='word_1_920' title='bbox 2356 5808 2597 5879; x_wconf 78' lang='lat' dir='ltr'><strong>profecto</strong></span> <span class='ocrx_word' id='word_1_921' title='bbox 2627 5811 2743 5867; x_wconf 76' lang='lat' dir='ltr'><strong>ﬁeri</strong></span> <span class='ocrx_word' id='word_1_922' title='bbox 2774 5827 2881 5869; x_wconf 91' lang='lat' dir='ltr'><strong>non</strong></span> <span class='ocrx_word' id='word_1_923' title='bbox 2915 5824 3128 5885; x_wconf 89' lang='lat' dir='ltr'><strong>potest;</strong></span> <span class='ocrx_word' id='word_1_924' title='bbox 3165 5832 3226 5872; x_wconf 83' lang='lat' dir='ltr'><strong>ac</strong></span> <span class='ocrx_word' id='word_1_925' title='bbox 3253 5820 3414 5873; x_wconf 81' lang='lat' dir='ltr'><strong>timeo</strong></span> <span class='ocrx_word' id='word_1_926' title='bbox 3451 5833 3611 5888; x_wconf 80' lang='lat' dir='ltr'><strong>pene,</strong></span> <span class='ocrx_word' id='word_1_927' title='bbox 3646 5836 3706 5873; x_wconf 78' lang='lat' dir='ltr'><strong>ne</strong></span> 
     </span>
    </p>
   </div>
  </div>
