3976 6552
268 429 383 497 ’185

1323 427 1763 493 CHRONICON
1796 428 2162 491 MAJUS.‘-
2204 429 2359 490 LIB.
2401 427 2483 488 II.

3380 415 3522 481 ἠδ’

249 542 314 596 et
349 537 633 609 βασιλέως,
656 538 825 604 εδοξε,
853 538 928 610 μὴ
959 538 1260 609 δεξαμένου
1289 540 1381 594 τὸν
1403 540 1562 610 λόγον
1590 541 1685 594 τοῦ
1719 559 1829 596 πα-
1855 540 1905 600 Δ
1931 541 2024 595 τοῦ
2081 542 2352 612 βασιλέως
2407 541 2518 595 ἀπὸ
2563 541 2661 611 τῆς
2693 539 2901 599 πόλεως
2954 538 3050 591 καὶ
3095 535 3500 605 ἀπερχομένου,

249 634 390 707 τρδς
422 630 613 699 αὐτοῦ,
654 631 818 704 μηδὲν
858 631 1030 686 εἰπὼν
1061 633 1300 695 ἀναστὰς
1328 634 1564 703 ἀπῆλθε.
1601 635 1710 688 Καὶ
1745 652 1830 704 μι-

249 725 394 797 κρὸν
454 725 678 786 σύννους
730 724 967 793 γεγονὼς
1011 727 1038 779 ὁ
1075 727 1390 795 μακαρίτης
1439 727 1534 780 καὶ
1587 727 1830 795 ἀοίδιμος

249 819 446 889 πατὴρ
472 816 660 882 αὑτοῦ,
714 817 993 889 ἐμϐλέψας
1044 819 1180 889 πρὸς
1214 819 1282 888 μὲ
1327 813 1481 871 εἷπε*
1513 838 1530 872 ι
1568 821 1725 874 Δοκεῖ
1751 820 1830 888 τῷ

255 911 478 980 βασιλεῖ
504 909 580 979 τῷ
613 910 713 979 υίῷ
750 927 854 980 μου
888 907 1028 963 εἶναι
1070 910 1234 964 αὑτὸν
1265 912 1530 982 ἁρμόδιον
1579 912 1827 982 βασιλέα,

255 1004 405 1074 πλὴν
434 1003 495 1056 ού
522 1003 616 1057 τοῦ
643 1004 915 1074 παρόντος
944 1003 1142 1074 καιροῦ
1161 1021 1174 1037 ο
1206 1004 1394 1075 βλέπει
1425 1007 1534 1075 γὰρ
1560 1008 1656 1060 καὶ
1693 1023 1829 1077 φρο-

253 1096 346 1145 νεῖ
376 1092 611 1163 μεγάλα,
653 1095 747 1147 καὶ
771 1096 996 1148 τοιαῦτα
1025 1091 1112 1148 οἷα
1161 1097 1211 1148 οἱ
1241 1097 1427 1166 καιροὶ
1475 1096 1705 1167 ἔχρῃζον
1738 1097 1832 1151 ἐπὶ

259 1187 366 1250 τῆς
394 1185 698 1253 εὐημερίας
731 1185 840 1238 τῶν
873 1187 1156 1255 προγόνων
1180 1188 1360 1256 ἡμῶν.
1396 1187 1542 1258 Πλὴν
1563 1192 1627 1258 τῇ
1659 1189 1831 1261 σήμε-

261 1291 360 1340 ρον
379 1263 454 1338 ὡς
481 1277 986 1347 παρακολουθοῦσιν
1016 1279 1165 1348 ἡμᾶς
1195 1279 1263 1332 τὰ
1288 1279 1607 1352 πράγματα,
1636 1282 1697 1334 ού
1736 1283 1832 1350 βα·

257 1365 420 1420 σιλια
450 1366 592 1421 θέλει
616 1367 772 1437 ἡμῶν
793 1370 826 1439 ἡ
849 1368 1016 1440 ἀρχὴ,
1050 1369 1166 1423 ἀλλ’
1203 1371 1489 1440 οἰκονόμον
1509 1390 1524 1405 ο
1556 1372 1833 1442 φοϐοῦμαι

257 1456 374 1526 γὰρ
404 1458 477 1526 μή
507 1475 639 1511 ποτε
668 1461 731 1511 ἐκ
757 1458 866 1512 τῶν
897 1462 1221 1532 ποιημάτων
1252 1463 1350 1516 καὶ
1382 1459 1833 1534 ἐπιχειρημάτων

257 1549 430 1603 αὐτοῦ
466 1552 690 1620 γένηται
718 1553 1000 1624 χαλασμδς
1031 1553 1126 1608 τοῦ
1156 1554 1306 1609 οἴκου
1334 1555 1524 1609 τούτου
1543 1572 1556 1586 ·
1585 1557 1833 1624 προείδον

256 1643 376 1711 γὰρ
425 1643 521 1696 καὶ
570 1644 667 1707 τὰς
711 1643 1039 1714 ἐνθυμήσεις
1090 1647 1280 1710 αὐτοῦ,
1325 1648 1419 1701 καὶ
1454 1650 1556 1701 ὅσα
1610 1649 1831 1714 ὲδόξασε

257 1732 613 1815 κατορθῶσαι
659 1739 797 1804 μετὰ
826 1737 922 1790 τοῦ
964 1739 1293 1807 Μουσταφᾶ,
1323 1740 1415 1793 καὶ
1457 1736 1598 1793 εἶδον
1643 1741 1738 1793 καὶ
1763 1742 1834 1794 τὰ

257 1821 393 1891 τέλη
446 1821 556 1876 τῶν
605 1824 918 1894 δογμάτων,
968 1827 1028 1880 ἐν
1073 1827 1180 1882 τινι
1236 1830 1470 1901 κινδύνῳ
1506 1832 1652 1900 ἡμᾶς
1695 1831 1833 1903 ἠγα-

257 1927 380 1979 γον.
408 1932 427 1966 ι

333 2003 563 2077 Ἕτερον
593 2007 848 2077 βεϐαιοῦν
893 2011 994 2082 τήν
1036 2029 1166 2066 ποτε
1203 2013 1402 2084 βουλὴν
1443 2013 1538 2069 τοῦ
1583 2016 1834 2085 ἀοιδίμου

256 2099 472 2166 πατρὸς
530 2099 718 2154 αὐτοῦ.
787 2101 876 2168 Ὠς
929 2104 1150 2175 ἔκρινεν
1198 2107 1286 2160 ἶνα
1345 2108 1558 2179 ἀπέλθῃ
1609 2111 1690 2172 είς
1733 2111 1836 2180 τὴν

253 2183 504 2253 σύνοδον,
537 2192 742 2261 ἐστάλη
776 2195 915 2266 πρὸς
940 2198 1033 2251 τὸν
1068 2199 1296 2269 ἀμηρᾶν
1341 2202 1588 2270 πρέσϐυς
1619 2203 1837 2274 Ἀνδρό-

256 2295 412 2344 νικος
456 2284 492 2343 ὁ,
532 2284 755 2355 Ἵαγρος
807 2288 1053 2356 δηλῶσαι
1104 2291 1266 2346 τοῦτο
1319 2294 1457 2361 πρὸς
1505 2297 1712 2348 ἐκεῖνον
1761 2295 1838 2359 ὡς

253 2370 404 2440 τάχα
433 2374 587 2442 φίλον
618 2381 713 2431 καὶ
736 2379 970 2450 ἀδελφόν
989 2395 1004 2412 ⁸
1033 2383 1286 2448 κάκεῖνος
1315 2384 1656 2452 ἁπεκρίνατο
1676 2387 1838 2458 180

254 2464 346 2518 ϐτι
373 2485 392 2516 ι
425 2467 500 2521 Ού
530 2471 785 2536 φαίνεταί
818 2490 912 2544 μοι
936 2475 1104 2529 καλὸν
1131 2471 1274 2531 εἷναι
1306 2477 1394 2532 ῖνα
1418 2477 1608 2552 ὑπάγῃ
1633 2480 1726 2532 καὶ
1744 2495 1836 2532 το·

257 2556 454 2611 σοῦτον
501 2562 758 2635 μοχθήσῃ
804 2567 899 2619 καὶ
947 2569 1315 2642 καταναλώσῃ
1357 2570 1450 2624 τὸν
1483 2571 1598 2641 βίον
1641 2571 1834 2638 αὑτοῦ,

256 2651 359 2702 καὶ
391 2653 688 2720 μετέπειτα
715 2658 768 2710 τί
802 2659 863 2712 τὸ
893 2661 1122 2730 κέρδος;
1161 2662 1294 2716 Ἰδοὺ
1329 2664 1442 2732 ἐγὼ
1467 2664 1610 2734 ὑπὲρ
1641 2663 1833 2730 αὑτοῦ,

256 2743 312 2796 εί
339 2747 533 2815 χρείαν
567 2747 679 2818 ἔχει
707 2754 1010 2820 χρημάτων
1039 2752 1106 2806 δι’
1143 2752 1322 2818 ἔξοδον
1355 2750 1450 2809 καὶ
1475 2755 1689 2811 εἴσοδον
1737 2759 1836 2814 καὶ

256 2835 392 2892 ἄλλο
415 2856 465 2892 τι
501 2841 639 2910 πρὸς
687 2842 992 2914 θεραπείαν
1021 2846 1212 2909 αὐτοῦ.
1251 2847 1476 2917 ἕτοιμός
1519 2849 1638 2920 είμι
1675 2849 1837 2919 θερα-

263 2927 466 2984 πεύσαι
500 2933 714 2988 αὐτόν.)
749 2937 858 2990 Ka‘t
887 2938 1107 3006 ἐγένετο
1132 2940 1302 3005 πολὺς
1325 2942 1486 3008 λόγος
1520 2944 1615 2996 καὶ
1644 2942 1832 3014 βουλὴ,

258 3023 494 3094 πότερον
524 3026 752 3098 γένηται
778 3029 840 3081 τὸ
869 3031 964 3084 τοῦ
995 3033 1192 3102 ἀμηρᾶ
1220 3033 1458 3104 θέλημα,
1498 3035 1532 3105 ἢ
1569 3037 1835 3093 ἀπελθεῖν

258 3109 462 3177 αὐτοὺς
491 3117 571 3180 είς
597 3119 696 3189 τὴν
729 3120 968 3177 σύνοδον.
997 3124 1187 3192 Ὅμως
1218 3126 1442 3191 ἐγένετο
1465 3126 1604 3197 ὅπερ
1635 3127 1834 3198 ἢθελεν

1933 633 2293 689 ἐϐουλεύσατο
2348 636 2378 688 ὀ
2419 633 2648 704 ἁμηρᾶς
2693 631 2920 701 ποιῆσαι
2977 629 3160 700 μάχην
3213 630 3355 683 κατά
3406 631 3506 697 τῆς

1933 727 2142 789 πόλεως
2190 726 2284 780 καὶ
2333 723 2676 796 στρατόπεδα
2729 721 2946 792 πέμψαι
2999 721 3121 776 κατ’
3165 721 3359 789 αὐτῆς.
3394 722 3508 774 Καὶ

1931 817 2090 870 τοῦτο
2130 816 2282 888 παρὰ
2313 819 2450 870 πᾶσι
2484 819 2597 878 τοῖς
2629 813 2797 870 αὐτοῦ
2846 811 3155 881 ἐϐεϐαιώθη
3210 811 3305 866 καὶ
3353 813 3506 864 ἑστε-

1935 908 2138 980 ρεώθη.
2167 911 2296 964 ἄνευ
2340 909 2506 980 μόνου
2541 907 2634 961 τοῦ
2669 907 2840 961 Χαλὶλ
2886 905 3130 975 μπασιᾶ,
3161 905 3310 964 ὅστις
3343 903 3507 956 ἀντέ-

1935 1021 2057 1071 στη.
2077 1003 2250 1071 λέγων
2275 1005 2356 1056 ὅτι
2387 1021 2408 1055 r
2429 1004 2489 1056 Ei
2508 1003 2650 1057 κατὰ
2669 1001 2771 1069 τῆς
2793 1000 3003 1062 πόλεως
3024 1000 3275 1067 ποιήσεις
3298 997 3504 1067 μάχην,

1937 1097 2138 1167 μᾶλλόν
2189 1099 2340 1151 ἐστιν
2391 1096 2706 1160 ἑπιϐλαϐὶς,
2753 1096 2829 1165 μή
2893 1112 3008 1157 πως
3058 1095 3086 1145 ὁ
3143 1092 3400 1160 βασιλεὺς
3447 1089 3512 1154 ἐξ

1931 1187 2179 1256 ἀνάγκης
2225 1187 2440 1254 δεηθεὶς
2477 1187 2630 1256 παρὰ
2652 1187 2762 1240 τῶν
2790 1185 3044 1239 Λατίνων
3075 1183 3333 1254 βοήθειαν
3385 1185 3510 1234 ἐπι-

1935 1280 2159 1350 κυρώσῃ
2189 1279 2258 1332 τὰ
2290 1279 2540 1346 δόγματα
2576 1278 2782 1342 αὐτῶν,
2815 1276 2909 1330 καὶ
2935 1275 3342 1344 ὀμονοήσαντες
3370 1269 3509 1340 ὁμοῦ
3607 1336 3611 1340 .

1933 1373 2274 1443 γενήσονται,
2308 1372 2446 1439 ὅπερ
2475 1369 2846 1438 ἐνδοιάζομεν.
2880 1367 3026 1421 Ἀλλ’
3059 1367 3197 1431 ἄφες
3222 1361 3508 1424 αὑτὸ-νῦν,

1931 1465 2037 1528 ἕως
2089 1463 2156 1518 ἂν
2196 1463 2312 1535 ἴδῃς
2358 1463 2412 1515 τί
2460 1462 2659 1530 πράξει
2688 1463 2872 1524 αὐτὸς,
2906 1459 3000 1512 καὶ
3049 1459 3098 1510 ει
3151 1453 3511 1542 μὲνδιμονοή-

1935 1573 2094 1620 σωσι,
2122 1556 2188 1612 σὺ
2242 1557 2470 1624 ἀγάπην
2514 1556 2604 1624 ἔχε
2661 1557 2778 1623 μετ’
2813 1551 3042 1606 ἐκείνων
3073 1548 3169 1603 καὶ
3197 1550 3398 1615 ὅρκους
3429 1545 3511 1605 είς

1931 1651 1994 1704 τὸ
2022 1652 2209 1720 πρόσω
2239 1649 2408 1704 πάλιν
2430 1663 2444 1678 ·
2479 1649 2554 1710 ὡς
2582 1647 2724 1716 ἴδῃς,
2757 1646 2902 1698 οὕτω
2952 1644 3049 1696 καὶ
3080 1639 3310 1710 πράξεις
3332 1654 3349 1668 ν
3388 1637 3438 1688 εἰ
3465 1634 3510 1686 δ’

1932 1743 2028 1810 οὐχ
2067 1742 2412 1811 ὁμονοήσωσι
2440 1778 2456 1802 ,
2512 1740 2635 1792 τότε
2700 1735 2904 1805 μᾶλλον
2941 1733 3227 1803 ἐξέρχεται
3272 1732 3304 1782 ὁ
3355 1730 3510 1795 λογι-

1872 1873 1910 1926 B
1937 1835 2094 1902 σμὸς,
2119 1837 2213 1888 καὶ
2239 1833 2381 1902 μετὰ
2409 1832 2655 1893 πλείονος
2683 1830 2920 1899 θάρσους
2946 1828 3194 1926 mulcet;
3215 1824 3251 1926 θ
3269 1822 3456 1894 βούλῃ.
3482 1839 3504 1926 Ζ

1939 1927 2064 1979 Kat'
2100 1925 2242 1996 αὕτη
2291 1926 2324 1996 ἡ
2376 1923 2542 1994 βουλὴ
2594 1923 2687 1975 τὸν
2717 1922 2838 1989 ομὶν
2887 1919 3112 1988 ἀμηρᾶν
3158 1915 3253 1970 τοῦ
3305 1911 3511 1968 σκοποῖ’)

1938 2011 2237 2076 ἐκώλυσεν.
2275 2014 2406 2084 περι
2450 2013 2510 2067 δὲ
2549 2011 2647 2064 τοῦ
2691 2011 2866 2065 Χαλὶλ
2904 2009 3120 2078 μπασιᾶ
3165 2005 3266 2076 τὴν
3313 2002 3511 2074 βουλὴν

1936 2107 2119 2170 δόντος
2152 2108 2231 2177 τῷ
2263 2107 2444 2178 καιρῷ
2476 2108 2671 2178 μαθεῖν
2700 2108 2850 2178 ἡμᾶς
2874 2105 3012 2160 ἄλλα
3042 2105 3151 2156 τῶν
3179 2101 3383 2157 ἄλλων.

2013 2200 2169 2270 181
2218 2199 2276 2252 '0
2334 2195 2430 2253 οὖν
2474 2199 2742 2266 αὐθέντης
2797 2214 2900 2267 μου
2953 2196 2982 2248 ὁ
3027 2195 3299 2261 δεσπότης
3333 2194 3428 2246 καὶ
3460 2178 3512 2246 oi

1937 2292 2202 2362 ἄρχοντες
2249 2289 2579 2360 ἀξώρθωσαν
2627 2290 2719 2344 τὸν
2768 2287 3134 2354 Παλαιολόγον
3181 2285 3384 2354 Θωμᾶν
3419 2283 3516 2337 καὶ

1938 2384 2078 2455 πρὸς
2133 2384 2225 2437 τὸν
2263 2383 2487 2454 βασιλέα
2536 2381 2906 2435 ἀπέστειλανο
2959 2380 3054 2432 καὶ
3105 2377 3367 2445 λογισμὸς
3419 2374 3515 2429 καὶ

1938 2474 2206 2546 τρικυμία
2257 2478 2316 2527 tv
2353 2477 2422 2545 τῇ
2467 2474 2623 2528 πόλει
2670 2473 2969 2542 περιέπεσε
3024 2470 3278 2537 πλείστη.
3313 2468 3417 2525 ἕως
3451 2459 3514 2522 οὗ

1939 2567 2105 2620 πάλιν
2157 2566 2436 2636 ἐμάθομεν
2481 2567 2584 2637 τὴν
2624 2564 2930 2634 ίσχύσασαν
2972 2560 3170 2632 βουλὴν
3210 2559 3305 2611 τοῦ
3342 2557 3514 2611 Χαλτλ

1942 2656 2184 2725 μπασιᾶ.
2227 2656 2338 2710 Καὶ
2371 2656 2503 2722 ἰδοὺ,
2529 2654 2606 2718 ὼς
2634 2657 2747 2724 ἐγὼ
2777 2653 3065 2724 προεῖπον,
3089 2649 3167 2721 μὴ
3191 2649 3381 2703 ἕνεκεν
3410 2649 3519 2701 τῶν

1935 2748 2199 2804 τοιούτων
2231 2749 2570 2812 σκανδάλων,
2605 2749 2664 2802 τὸ
2689 2749 2765 2812 ὡς
2803 2747 2878 2820 μὴ
2907 2744 3086 2816 ὢφελε
3119 2742 3386 2813 γενέσθαι
3417 2742 3519 2812 τὴν

1939 2842 2185 2899 σύνοδον.
3239 2878 3251 2885 .

2010 2936 2120 2988 Καὶ
2148 2935 2250 3005 τὴν
2287 2933 2388 3004 μὲν
2433 2932 2541 2988 ἀπὸ
2574 2929 3209 2991 Κωνσταντινουπόλεως
3257 2926 3340 2991 εἰς
3374 2927 3518 2979 Ὶταο

1935 3027 2059 3081 λίαν
2113 3027 2388 3097 περίοδον,
2421 3027 2500 3089 ὡς
2554 3026 2828 3097 περισσὴν
2876 3023 3066 3082 οὖσαν.
3097 3022 3286 3091 γραφῇ
3339 3032 3521 3086 napi-3

1935 3117 2122 3174 δοῦναι
2169 3119 2258 3172 διὰ
2281 3119 2342 3171 τὸ
2381 3118 2560 3188 μῆκος
2591 3115 2801 3185 ταύτην
2845 3115 2995 3169 ἐάσω
3021 3132 3034 3146 ·
3086 3113 3188 3183 τὴν
3218 3112 3275 3165 δι
3308 3111 3388 3172 si;
3421 3111 3520 3175 τὴν

263 3205 296 3261 ὁ
331 3206 587 3294 βασιλεὺς
617 3210 650 3282 ἢ
682 3213 888 3284 μᾶλλον
927 3215 957 3286 ἡ
997 3215 1142 3286 κακὴ
1173 3216 1333 3288 τύχη.
1372 3197 1716 3285 Ἐξελθὸντος
1743 3219 1837 3276 οὖν
1863 3205 1906 3264 C
1949 3209 2192 3264 Ἐνετίον
2224 3209 2530 3263 είσέλευσιν
2561 3206 2656 3261 τοῦ
2699 3205 2970 3278 βασιλέως
2993 3203 3251 3258 Ἰωάννου
3285 3201 3382 3254 καὶ
3410 3197 3523 3251 τῶν

261 3391 427 3450 etiam
455 3392 694 3450 deterius
717 3396 956 3450 schisma
981 3398 1199 3453 eveniat
1220 3414 1235 3452 :
1255 3409 1309 3454 et
1333 3417 1433 3456 nos
1452 3417 1579 3476 ecce
1604 3408 1842 3475 expositi

263 3484 508 3538 loremus
535 3484 738 3554 impiis.
774 3505 793 3539 ι
825 3488 1120 3556 imperator
1149 3505 1261 3544 non
1297 3493 1543 3560 probata,
1577 3503 1636 3547 ιιι
1663 3496 1840 3551 visum

261 3585 372 3638 εει,
402 3576 573 3644 patris
622 3578 921 3644 sententia,
958 3581 1155 3635 tacitus
1192 3584 1432 3637 surrexit
1465 3600 1530 3639 ac
1562 3585 1838 3641 discessit.

264 3666 406 3722 Tum
450 3671 667 3740 paulum
720 3687 906 3726 secum
947 3685 1208 3741 reputans
1257 3677 1430 3731 beatae
1477 3677 1754 3733 memoriae
1789 3688 1846 3736 et

264 3761 594 3814 venerabilis
615 3771 768 3831 pater
784 3762 924 3832 ejus,
947 3780 1140 3833 meque
1157 3766 1377 3822 intuens
1395 3785 1410 3821 :
1440 3768 1696 3824 tVidetur
1711 3771 1842 3836 sibi,

267 3852 468 3920 inquit,
501 3851 644 3907 ﬁlius
686 3870 838 3909 meus
873 3857 1170 3924 protelarus
1219 3858 1522 3928 imperator
1552 3877 1674 3916 esse
1710 3879 1724 3916 :
1758 3871 1847 3918 est

269 3945 416 3996 haud
443 3944 629 4009 dubie,
662 3946 754 4001 sed
789 3963 892 4000 non
941 3948 1069 4002 huic
1096 3951 1241 4004 attati
1267 3960 1428 4018 aptus
1451 3951 1543 4006 ille
1571 3963 1676 4009 est.
1705 3953 1846 4024 Spe-

266 4047 381 4090 (εισι
409 4036 657 4108 sapitque
690 4055 908 4107 magna,
941 4049 996 4096 et
1023 4042 1174 4104 talia,
1205 4043 1386 4112 qualia
1442 4045 1717 4115 majorum
1750 4062 1848 4103 no-

268 4141 510 4184 atrorum
545 4147 804 4200 prospera
837 4143 1079 4202 tempora
1109 4137 1477 4203 postulabant.
1500 4137 1626 4202 Sed,
1661 4149 1722 4193 ut
1745 4139 1848 4194 ho-

271 4222 362 4278 dic
389 4237 478 4277 res
507 4234 657 4287 sunt,
708 4240 816 4280 non
867 4225 1220 4294 imperatore,
1247 4229 1340 4282 sed
1373 4229 1739 4300 gubernatore
1766 4246 1851 4287 re-

271 4331 442 4386 gnum
471 4327 717 4371 nostrum
753 4328 895 4387 eget.
929 4319 1108 4374 Metuo
1142 4321 1286 4374 enim
1319 4337 1386 4376 ne
1423 4324 1646 4393 quando
1701 4339 1731 4378 e
1768 4323 1853 4379 fa-

274 4409 563 4463 cinoribus
609 4412 1010 4480 conatibusque
1041 4413 1160 4480 ejus
1191 4413 1354 4481 hujus
1379 4414 1539 4482 quasi
1576 4415 1731 4470 navis
1761 4415 1849 4469 in.

1945 3397 2270 3466 imperator,
2289 3393 2404 3448 sive
2435 3396 2617 3462 potius
2648 3391 2820 3445 fatunt
2838 3387 3073 3445 volebat.
3101 3385 3338 3456 Egresso
3357 3382 3525 3452 igitur

1943 3506 2005 3544 ex
2043 3489 2176 3542 urbe
2231 3488 2564 3556 imperatore
2614 3492 2670 3538 et
2719 3484 2824 3540 iter
2881 3485 3271 3551 prosequente,
3308 3491 3525 3534 autem

1944 3578 2164 3650 Cpolim'
2189 3593 2510 3649 oppugnare
2532 3577 2832 3646 copiasque
2853 3575 3120 3628 adversus
3151 3586 3272 3625 eam
3307 3571 3524 3624 mittere

1945 3674 2256 3729 constituit.
2293 3671 2596 3726 Suaserunt
2649 3669 2754 3722 hoc
2800 3666 3286 3736 approharuntqne
3333 3674 3526 3715 omnes

1947 3767 2247 3824 consiliarii
2269 3766 2542 3835 ejus.uno
2561 3761 2896 3816 Chaliibasia
2926 3756 3284 3828 execpto,qui
3313 3756 3525 3810 cateris

1946 3871 2256 3927 repugnans
2283 3873 2298 3911 :
2337 3875 2355 3907 ι
2395 3854 2508 3908 Imo
2537 3853 2739 3924 potius,
2770 3849 2969 3920 inquit,
2991 3850 3182 3904 urbem
3207 3862 3524 3916 oppugnare

1947 3948 2237 4006 exitiosum
2271 3947 2512 4010 videtur,
2533 3946 2794 4016 quoniam
2830 3955 3010 3999 metus
3043 3950 3148 4002 est.
3183 3955 3250 3996 ne
3283 3941 3523 4008 impera-

1950 4049 2056 4105 tor,
2077 4041 2407 4095 necessitate
2425 4049 2650 4094 coactus
2670 4052 2828 4106 opem
2851 4035 3172 4090 Latinorum
3205 4032 3524 4102 implorare,

1949 4147 2136 4189 eorum
2170 4132 2427 4203 dogmata
2477 4131 2862 4200 amplectatur,
2899 4137 2955 4183 et
2985 4129 3057 4182 ita
3101 4128 3340 4190 eveniat,
3376 4122 3524 4193 quod

1951 4239 2230 4289 veremur,
2283 4233 2345 4277 ut
2384 4222 2684 4278 concordes
2737 4221 2814 4276 illi
2863 4219 2996 4275 (iant
3033 4218 3525 4287 concilienturque.

1951 4317 2134 4383 Quare
2177 4331 2327 4371 nunc
2375 4317 2531 4369 mitte
2568 4328 2687 4370 eam
2740 4329 2854 4368 rem
2879 4351 2896 4378 ,
2934 4312 3111 4368 donec
3146 4310 3352 4366 videris
3393 4308 3526 4380 quid

1951 4406 2191 4463 Joannes
2221 4420 2322 4462 sua
2378 4412 2572 4475 sponte
2618 4403 2863 4458 facturus
2896 4401 2989 4458 sit.
3033 4399 3169 4456 Nam
3216 4401 3260 4456 si
3301 4401 3356 4454 in
3393 4415 3529 4456 con-

275 4506 476 4560 teritns
535 4508 836 4562 exoriatur.
878 4506 1124 4577 Namque
1179 4509 1438 4576 praesensi
1487 4510 1850 4581 cogitationes
1884 4540 1926 4595 ι)
1954 4499 2198 4555 cordia!“
2237 4497 2524 4562 redierim.
2559 4503 2677 4550 ῑυιε
2725 4495 2957 4566 [msulae
2990 4508 3182 4548 ""609
3227 4491 3527 4546 amicmam

274 4599 399 4667 ejus
427 4607 483 4653 et
522 4613 642 4668 quae
686 4615 746 4652 se
778 4616 901 4654 cum
935 4600 1220 4669 Mustapha
1256 4600 1628 4671 perfecturum
1665 4618 1852 4672 spera-

279 4693 397 4757 bat,
429 4700 590 4759 atque
621 4692 884 4756 intellexi,
917 4694 972 4746 in
1009 4693 1150 4762 quod
1183 4696 1488 4762 periculurn
1527 4709 1626 4749 nos
1655 4695 1846 4764 praeci-

278 4783 508 4854 pitarint
538 4782 848 4837 sanctiones
876 4783 1244 4852 tingit-talum.)

355 4874 559 4929 Etrtibi
587 4874 754 4934 aliud.
778 4891 888 4940 quo
911 4875 1269 4930 conﬁrmatur
1293 4876 1517 4945 gloriosi
1544 4876 1717 4946 patris
1732 4877 1852 4948 ejus

277 4965 595 5023 consilium.
626 4966 920 5034 Postquam
956 4967 1020 5020 ad
1051 4967 1320 5036 synodum
1365 4969 1638 5036 proﬁcisci
1663 4968 1853 5024 decre-

279 5061 383 5119 vit.
426 5057 492 5111 ad
528 5073 766 5110 ameram
800 5059 1012 5126 legatus
1039 5059 1243 5114 missus
1268 5068 1352 5114 est
1388 5060 1734 5115 Andronicus
1761 5062 1849 5114 la.-

281 5164 439 5220 grus,
475 5149 565 5218 qui
599 5149 652 5203 id
685 5149 758 5202 illi
803 5159 1061 5219 tanquam
1101 5150 1277 5204 amico
1311 5159 1368 5206 et
1414 5151 1566 5204 fratri
1600 5151 1852 5207 videlicet

281 5242 645 5312 signiﬁcaret.
693 5241 996 5310 Respondit
1036 5258 1274 5309 anteras,
1305 5258 1413 5296 non
1443 5243 1549 5297 sibi
1605 5243 1851 5312 probari,

279 5351 410 5389 cum
439 5335 613 5394 abire,
633 5345 894 5404 tantoque
917 5334 1098 5389 labore
1127 5344 1298 5389 semet
1328 5337 1616 5391 coniicere.
1655 5354 1674 5388 ι
1709 5335 1850 5402 Quid

281 5423 456 5488 enim,
495 5441 514 5474 ι
553 5423 753 5492 inquit.
787 5442 805 5473 ι
843 5422 970 5477 inde
996 5425 1350 5478 emolumenti
1383 5425 1863 5496 reportabitiEgo

285 5525 493 5578 tamen,
521 5513 566 5569 si
593 5515 841 5584 pecuniis
869 5514 936 5568 ad
969 5515 1176 5569 abitum
1201 5525 1254 5569 et
1274 5514 1507 5569 reditum
1529 5515 1611 5569 vel
1634 5515 1704 5570 ad
1719 5514 1869 5572 alios,

286 5619 425 5663 usus
456 5606 682 5678 indiget,
723 5618 948 5676 paratus
999 5622 1119 5662 sum
1151 5607 1201 5661 ei
1237 5622 1584 5662 succurrere.
1612 5626 1633 5660 ι
1672 5607 1856 5663 Multis

284 5699 484 5755 deinde
539 5700 884 5755 sermonibus
915 5707 970 5754 et
1002 5699 1498 5754 consultationibus
1530 5701 1731 5769 agitata
1768 5714 1856 5755 res

217 5841 227 5850 .
283 5797 394 5854 est,
421 5800 603 5845 utrum
635 5805 835 5846 amera:
865 5790 1174 5846 auctoritati
1207 5789 1530 5861 parendum,
1562 5806 1628 5844 an
1661 5792 1728 5844 ad
1761 5805 1854 5860 sy.-

286 5876 1016 5950 aodumabeundumcssct.
1061 5881 1538 5944 Sedcttintfactum
1579 5889 1684 5948 est,
1709 5881 1854 5950 quod

1956 4607 2085 4648 cum
2130 4591 2199 4646 iis
2230 4605 2296 4646 ac
2328 4589 2525 4645 i'mdus'
2546 4597 2798 4655 servato,
2828 4602 2894 4643 ac
2922 4585 3089 4642 facito
3122 4586 3266 4656 quod
3315 4583 3415 4638 tibi
3447 4583 3534 4638 vi-

1957 4685 2212 4741 debitur:
2252 4683 2297 4737 si
2333 4683 2476 4736 inter
2523 4695 2622 4736 eos
2651 4695 2759 4734 non
2804 4679 3147 4742 convenerit,
3189 4688 3302 4733 tum
3333 4675 3532 4731 melius

1956 4771 2480 4845 evenit,consilinm,
2505 4770 2808 4840 majorique
2826 4784 2931 4825 con
2942 4769 3077 4824 iiden
3087 4771 3159 4824 tia
3179 4767 3530 4836 facies,qnod

1959 4864 2224 4920 volueris.
2263 4881 2282 4915 ι
2339 4861 2456 4918 Hoc
2493 4861 2785 4918 monilium
2833 4875 3077 4918 ameram
3108 4869 3290 4930 coepto
3349 4859 3535 4930 prohi-

1960 4957 2080 5013 buit
2106 4973 2121 5022 ;
2156 4955 2226 5011 de
2250 4952 2584 5016 Chaiilbasia
2613 4964 2820 5017 autem,
2849 4953 3064 5019 consilii
3093 4962 3401 5024 opportune
3431 4967 3533 5005 au-

1957 5060 2134 5112 ctore.
2165 5049 2271 5103 alia
2300 5063 2363 5106 ex
2398 5046 2523 5102 aliis
2551 5046 2933 5117 cognovimus.

2030 5142 2293 5200 Dominus
2340 5155 2496 5196 meus
2543 5140 2730 5209 igitur,
2761 5138 3162 5194 Constantinus
3201 5139 3449 5208 deSpota,
3481 5146 3536 5191 ιι

1957 5235 2234 5306 principes
2273 5234 2540 5292 Thomam
2590 5233 2958 5303 PalaeoIOgnm
2998 5232 3313 5292 excitarunt
3367 5244 3533 5300 atque

1959 5327 2029 5382 ad
2072 5329 2460 5396 imperatorem
2507 5326 2802 5380 miserunt.
2843 5323 3052 5378 interea
3083 5324 3137 5378 in
3173 5323 3533 5392 cogitationes

1960 5431 2018 5477 et
2043 5420 2244 5476 tinctus
2275 5433 2533 5474 curarum
2594 5418 2842 5488 ingentes
2885 5414 3157 5485 Cpolitani
3194 5416 3530 5474 inciderunt.

1961 5515 2092 5569 dum
2119 5509 2677 5582 cogoovimus,_quod
2713 5509 2973 5574 obtinuit,
3002 5507 3298 5562 consilium
3329 5507 3536 5562 Chalit-

1965 5606 2155 5662 basiate.
2199 5603 2357 5659 Vides
2384 5603 2521 5671 jam,
2552 5603 2698 5672 quod
2738 5615 2902 5671 supra
2944 5600 3079 5660 dixi.
3115 5609 3335 5670 propter
3357 5606 3538 5653 tantas

1964 5696 2296 5752 oii‘ensiones
2331 5710 2438 5750 non
2469 5695 2727 5750 debuisse
2758 5693 3025 5766 synodum
3059 5693 3214 5746 istam
3251 5689 3392 5744 ﬁeri.

2034 5788 2140 5842 iter
2167 5787 2514 5857 imperatoris
2537 5786 2689 5857 Cpoli
2727 5788 2783 5842 in
2816 5785 3024 5842 italiam
3061 5783 3290 5848 factum,
3323 5792 3382 5836 ut
3421 5798 3532 5835 mu

1964 5893 2448 5951 supervacaneam,
2507 5879 2706 5937 litteris
2747 5879 2982 5946 tradere,
3011 5876 3140 5948 quia
3171 5877 3392 5947 longum
3428 5883 3535 5941 est.
