3976 6550
224 341 370 405 809
1251 343 1686 406 CHRONICON
1730 339 1995 401 MAJUS.
2033 363 2100 376 -·-
2132 341 2277 401 LIB.
2311 339 2428 399 III.
3377 331 3485 395 810

235 473 428 527 passu,
459 457 557 511 καὶ
607 457 762 527 παρά
812 457 1033 511 πάντων
1075 458 1357 520 ἀσπασίως
1412 457 1604 528 ἐδέχθη
1641 457 1670 508 ὀ
1705 457 1820 518 νέος
1845 452 1899 514 Α
1925 473 2034 509 των
2065 454 2369 524 ἔδέχθημεν
2408 455 2546 523 μετά
2582 452 2780 522 χαρᾶς,
2833 451 2927 504 καὶ
2975 449 3325 520 κρουομιίνων
3378 447 3490 500 τῶν

214 547 402 631 ᾖναξ
424 548 562 617 μετὰ
587 549 1172 620 χαρᾶς,ἐμπλησμένοι
1195 552 1432 608 ἅπαντες
1448 532 1827 618 ἀγαλλιάσεως
1934 547 2217 615 μουσικῶν
2282 546 2444 599 εἰδῶν
2481 547 2578 597 καὶ
2623 543 2878 613 ὁργάνων
2922 541 3128 604 πάντες
3175 541 3228 594 oi
3277 539 3490 593 ἐκεῖθεν

236 637 361 690 καὶ
400 637 764 708 εὐφροσύνης,
797 641 890 691 καὶ
921 639 1224 710 θριάμϐους
1248 640 1516 708 μεγάλους
1569 640 1833 705 ποιήσαν-
1928 640 2156 709 ἔτρεχον
2192 639 2322 693 ἰδεῖν
2342 639 2436 692 καὶ
2455 637 2791 708 ἔθαύμαζον,
2821 635 3078 703 λέγοντες
3107 635 3190 688 ’ότι
3213 632 3493 702 ἠκούομεν

235 743 380 790 τις,
395 727 468 787 ὡς
487 728 609 790 ἔθος
635 729 782 781 ἐστὶν
807 731 921 792 τοῖς
947 731 1142 783 νεωστὶ
1163 731 1517 799 ἐστεμμένοις
1551 727 1831 797 βασιλεῦσι
1932 731 2064 799 περί⁵
2093 728 2323 792 τούτων,
2354 728 2472 782 ἀλλ’
2497 727 2774 796 αἰσθητῶς
2803 727 2879 788 ὡς
2909 726 2980 778 τά
3009 724 3106 778 νῦν
3145 723 3247 776 οὐκ
3275 723 3492 792 εἴδομεν

251 819 476 874 ποιεῖν.
501 818 657 870 Μετά
696 819 753 871 δέ
800 837 953 883 τινας
985 820 1199 890 ἡμέρας
1234 820 1327 874 τὸν
1354 820 1692 885 αὐτάδελφον
1733 817 1834 871 αὐ-
1929 819 2054 873 οὔτε
2086 818 2424 888 ἠκούσαμεν.
2455 819 2588 887 Οὐχὶ
2624 816 2790 886 μόνον
2835 814 2946 868 ἀπὸ
2975 812 3078 881 τῆς
3117 810 3358 880 Ἰϐηρίας
3393 810 3493 862 πό·

244 909 363 962 τοῦ
395 911 490 963 τὸν
514 911 622 980 κὺρ
654 912 859 979 Θωμᾶν
876 910 968 965 τὸν
989 911 1421 966 αὑθεντόπουλον
1447 912 1526 974 εἱς
1552 911 1613 962 τὸ
1636 909 1834 962 δεσπο-
1932 912 2094 975 λεως,
2124 911 2261 964 ἀλλά
2291 911 2388 964 καὶ
2436 911 2502 964 ὲκ
2531 909 2639 963 τῶν
2672 906 2834 977 πέριξ
2883 905 3056 974 αὐτῆς
3109 905 3206 958 καὶ
3235 902 3493 973 περάτων

248 1003 426 1054 στικὸν
454 1001 674 1070 ἀξίωμα
705 1003 1024 1058 ἀνεϐίϐασε.
1066 1004 1177 1056 Καὶ
1195 1002 1272 1072 τῷ
1307 1002 1456 1070 αὐτῷ
1482 1002 1591 1054 ἔτει
1615 1003 1673 1056 ἐν
1700 998 1834 1070 μηνὶ

252 1093 570 1162 Αὐγούστῳ
600 1093 833 1160 ἐξελθὼν
861 1096 962 1161 τῆς
994 1095 1200 1159 πόλεως
1217 1096 1246 1148 ὀ
1274 1093 1614 1165 προρῥηθεὶς
1637 1091 1836 1146 δεσπό-

255 1200 377 1253 της
411 1185 517 1254 κὺρ
547 1182 752 1252 Θωμᾶς
782 1185 1030 1253 ἀπῆλθεν
1068 1187 1148 1244 είς
1190 1185 1623 1253 Πελοπόννησον.
1663 1182 1742 1252 Τῇ
1774 1180 1835 1233 δὲ

261 1271 472 1345 πρώτῃ
495 1274 874 1345 Σεπτεμϐρίου
901 1277 997 1330 τοῦ
1027 1275 1207 1344 ’ςῇνέ
1237 1277 1395 1339 ἔτους
1433 1273 1627 1344 ἐξῆλθε
1663 1272 1759 1326 καὶ
1810 1273 1840 1324 ὁ

263 1361 556 1433 δεσπότης
602 1366 632 1418 ὀ
687 1366 1206 1438 πορφυρογέννητος
1239 1369 1346 1438 κὺρ
1368 1369 1702 1438 Δημήτριος,
1735 1363 1835 1424 καὶ

263 1455 490 1524 ἀπῆλθε
514 1457 771 1521 κάκεῖνος
797 1460 880 1520 εἰς
924 1457 1356 1528 Πελοπόννησον,
1399 1459 1494 1512 καὶ
1535 1456 1838 1526 συμϐάσεις

265 1545 404 1615 μεθ’
432 1547 612 1615 ὅρκων
639 1548 892 1618 φρικτῶν
926 1549 1038 1622 πρὸ
1078 1548 1174 1604 τοῦ
1205 1549 1449 1615 ἐξελθεῖν
1484 1549 1688 1612 αὐτοὺς
1738 1550 1839 1618 τῆς

269 1637 494 1700 *πόλεως
525 1639 760 1692 ὶνώπιον
785 1639 888 1709 τῆς
918 1641 1114 1710 κυρίας
1136 1641 1346 1710 μητρὸς
1375 1640 1560 1706 αὐτῶν
1612 1641 1710 1695 καὶ
1735 1640 1835 1710 βα-

267 1728 531 1798 σιλίσσης
567 1735 662 1783 καὶ
710 1732 802 1783 τοῦ
855 1731 1260 1800 αὐτοκράτορος
1305 1730 1400 1784 καὶ
1451 1730 1680 1798 ἀδελφοῦ
1740 1732 1838 1786 καὶ

269 1823 500 1874 πάντων
539 1821 649 1875 τῶν
700 1823 799 1890 τῆς
858 1823 1170 1892 συγκλήτου
1227 1823 1503 1894 ἐγκρίτων
1560 1824 1838 1894 ἀρχόντων

271 1914 634 1982 ποιήσαντες,
669 1912 757 1966 ῐνα
789 1913 979 1983 μηδεὶς
1003 1912 1098 1966 τοῦ
1129 1912 1323 1983 ἑτέρου
1350 1913 1479 1976 τοὺς
1510 1914 1709 1978 τόπους
1741 1915 1841 1968 καὶ

270 2007 408 2074 ὅρια
435 2005 730 2076 ὐπερπηδᾷ
745 2007 838 2058 καὶ
863 2005 1111 2078 ἁρπάζῃ,
1142 2004 1258 2059 ἀλλ’
1287 2007 1584 2076 εἰρηνικῶς
1608 1990 1834 2075 διάγειν.

273 2092 444 2158 οὗτοι
474 2097 530 2150 δὲ
561 2098 702 2166 μετὰ
751 2097 925 2150 ταῦτα
961 2097 1038 2166 μὴ
1093 2097 1437 2166 τηρήσαντες
1489 2099 1613 2162 τοὺς
1643 2098 1841 2170 ὅρκους

271 2191 380 2242 καὶ
431 2189 531 2251 τάς
585 2188 865 2258 συνθήκας
914 2189 1213 2258 ἠθέτησαν.
1279 2191 1380 2242 Διὰ
1430 2187 1591 2242 τοῦτο
1643 2191 1702 2243 ἐν
1743 2191 1842 2243 ὑσ-

280 2281 488 2349 τέροις,
546 2280 620 2344 ὠς
685 2280 860 2350 ἐφάνη
919 2281 1015 2335 καὶ
1071 2275 1213 2334 εἶδον
1266 2279 1447 2345 κάγὼ.
1501 2282 1686 2342 κακῶς
1710 2282 1847 2336 ἀπέ-

277 2373 452 2426 ὶαϐον
501 2375 598 2426 καὶ
656 2372 794 2441 πρὸς
855 2371 1118 2438 ἀλλήλους
1167 2371 1514 2440 διετέθησαν,
1554 2373 1630 2434 ὼς
1655 2373 1844 2443 πρόσω

276 2466 614 2534 διηγήσομαι
669 2463 738 2516 τά
813 2462 1374 2534 παρακολουθήσαντα
1400 2462 1714 2532 ἀναμεταξύ
1744 2464 1844 2518 αύ-

277 2574 414 2611 των.
813 2604 816 2606 .

354 2648 436 2717 Τῇ
465 2647 523 2701 δὲ
551 2648 792 2718 τετάρτῃ
827 2645 920 2699 τοῦ
954 2646 1294 2716 Ὀκτωϐρίου
1326 2645 1499 2716 μηνὸς
1529 2645 1623 2700 τοῦ
1672 2645 1840 2699 αὐτοῦ

283 2739 443 2802 ἔτους
471 2739 707 2807 ἐστάλην
737 2738 848 2804 εγὼ
871 2739 1027 2805 παρά
1062 2740 1158 2789 τοῦ
1193 2737 1454 2791 αύθέντου
1491 2755 1591 2806 μου
1626 2739 1720 2790 καὶ
1752 2738 1846 2807 βα-

285 2832 485 2892 σιλέως
517 2829 657 2898 πρὸς
688 2828 780 2881 τὸν
829 2826 991 2896 207
1017 2826 1116 2894 τῆς
1156 2827 1399 2896 Ἰϐηρίας
1431 2825 1622 2897 κύριον
1666 2828 1845 2897 Γεῶρ-

284 2941 410 2992 γιον
440 2923 650 2987 Μέπεν,
679 2921 740 2984 ὃς
773 2919 906 2990 παρ’
941 2920 1076 2988 ἡμῖν
1122 2917 1228 2988 ph:
1273 2918 1513 2987 λέγεται,
1563 2919 1660 2971 καὶ
1708 2920 1844 2990 πρὸς

283 3017 380 3070 τὸν
414 3013 639 3084 βασιλέα
667 3009 1089 3082 Τραπεζοῦντος
1118 3010 1228 3080 κίιρ
1273 3009 1524 3080 Ἰωάννην
1562 3009 1658 3065 τὸν
1687 3010 1844 3076 Κομ-

1869 1779 1910 1833 Β

1932 1001 2156 1070 ἓτρεχον
2219 1000 2350 1054 ἰδεῖν
2405 999 2502 1054 καὶ
2559 998 2814 1056 ἀκοῦσαι.
2855 997 2940 1051 ὅτι
2994 997 3056 1048 τὸ
3083 993 3257 1064 όνομα
3312 992 3493 1047 αὐτῶν

1932 1093 2154 1162 ἢκουον,
2180 1093 2234 1147 τί
2259 1093 2317 1145 δέ
2346 1093 2497 1146 ἐστιν
2546 1092 2648 1146 οὐκ
2683 1090 3003 1158 ἐγίνωσκον.
3061 1087 3172 1141 Καὶ
3227 1085 3495 1139 stme

1934 1185 2170 1248 πολλῶν,
2208 1186 2266 1236 ὲν
2295 1184 2481 1246 αὐτοῖς
2511 1178 2580 1252 ἦν
2611 1185 2707 1236 καί
2760 1197 2848 1243 τις
2892 1179 3124 1248 γηραιὸς
3183 1175 3314 1229 ὡσεὶ
3357 1175 3495 1228 ὲτῶν

1938 1275 2161 1338 ἑκατὸν,
2194 1276 2292 1328 καὶ
2315 1273 2443 1327 τάδε
2471 1290 2564 1342 μοι
2591 1273 2917 1342 διηγήσατο.
2953 1265 3067 1322 Ἦν
3124 1268 3363 1343 τοῦνομα
3417 1267 3496 1334 τῷ

1939 1366 2223 1436 πρεσϐύτῃ
2280 1365 2545 1434 Ἐφραὶμ,
2602 1363 2923 1432 ὁρμώμενος
2952 1363 3015 1414 ὲκ
3044 1360 3153 1429 τῆς.
3173 1360 3494 1429 περιφήμου

1936 1459 2035 1527 τῆς
2079 1456 2316 1526 Ἰϐηρίας
2348 1455 2561 1518 πόλεως
2597 1453 2930 1524 λεγομὲνης.
2953 1491 2969 1508 .
2992 1488 3009 1506 .
3035 1488 3050 1505 .
3079 1491 3094 1504 .
3127 1466 3144 1481 ·
3173 1451 3233 1514 ὃς
3283 1452 3348 1504 ἐκ
3381 1451 3494 1502 νεό-

1935 1566 2102 1618 τητος
2133 1546 2300 1602 αὐτοῦ
2320 1548 2715 1619 ᾐχμαλωτίσθη
2769 1546 2874 1600 ὐπὸ
2909 1543 3202 1616 βαρϐάρων
3239 1543 3334 1596 καὶ
3367 1543 3496 1596 ἀσε-

1938 1639 2051 1692 ϐῶν
2079 1637 2190 1691 τῶν
2223 1639 2435 1692 ἐκεῖθεν
2461 1638 2659 1704 ἐθνῶν,
2715 1637 2809 1691 καὶ
2865 1635 3160 1704 ὲπῶλησαν
3214 1634 3381 1688 αὑτὸν
3417 1637 3498 1694 εἰς

1939 1729 2006 1783 τὰ
2035 1729 2290 1800 ὲνδὸτερα
2330 1730 2472 1800 μέρη
2498 1729 2608 1783 τῶν
2644 1727 2900 1798 Περσῶν.
2938 1727 2996 1780 '0
3025 1725 3083 1780 δὲ
3116 1726 3306 1796 κύριος
3331 1725 3497 1778 αὐτοῦ

1940 1822 2184 1892 ἔμπορος
2202 1821 2301 1886 ὢν,
2339 1821 2434 1874 καὶ
2465 1819 2606 1890 μετά
2633 1819 2841 1886 ἑτέρων
2877 1817 3088 1871 πολλῶν
3113 1817 3380 1887 ἐμπόρων
3409 1816 3500 1869 θέ-

1939 1914 2130 1977 λοντες
2157 1913 2336 1997 ἐλθεῖν
2364 1913 2508 1966 κατά
2533 1912 2602 1964 τά
2626 1910 2736 1964 τῶν
2769 1909 2949 1964 Ἰνδῶν
2973 1909 3119 1979 μέρη
3147 1911 3381 1978 ποιῆσαι
3403 1908 3502 1977 τὴν

1941 2004 2127 2068 αὐτοῖς
2158 2003 2567 2073 νενομισμένην
2595 2001 2895 2071 ἐμπορίαν,
2929 2002 3024 2056 καὶ
3063 2001 3505 2072 περιπατοῦντες

1943 2096 2157 2166 ἡμέρας
2186 2095 2287 2150 οὐκ
2311 2095 2504 2163 ⁴ιλίγας
2531 2095 2774 2164 ήγγισαν
2809 2094 2963 2148 ἔνδον
3010 2095 3109 2162 τῆς
3156 2094 3268 2147 τῶν
3327 2093 3504 2148 Ἰνδῶν

1943 2186 2150 2257 χώρας.
2195 2186 2256 2240 Ὀ
2289 2187 2458 2249 αὐτὸς
2497 2187 2744 2256 Ἐφραὶμ
2779 2187 3064 2257 ἐπιθυμῶν
3090 2187 3256 2257 208
3281 2187 3506 2256 φεύγειν

1941 2281 2040 2334 τοῦ
2063 2279 2236 2351 ζυγοῦ
2257 2280 2357 2348 τῆς
2383 2281 2762 2350 αἰχμαλωσίας
2799 2280 2986 2350 ἐζήτει
3043 2281 3333 2350 εὐκαιρίαν
3360 2295 3373 2309 ·
3415 2282 3510 2334 κοὶ

1943 2374 2004 2428 ἐν
2035 2374 2138 2445 μιᾷ
2163 2374 2322 2428 νυκτί⁵
2339 2375 2666 2443 πανσελήνῳ
2695 2373 2724 2425 ὁ
2746 2372 2938 2442 κύριος
2955 2373 3124 2426 αὐτοῦ
3157 2373 3509 2435 κεκοπιακὼς

1944 2465 2010 2517 lx
2052 2463 2156 2534 τῆς
2188 2463 2500 2533 ὁδοιπορίας
2541 2463 2640 2516 καὶ
2671 2462 2851 2532 ἕτεροι
2893 2461 3295 2532 συνοδοιπόροι,
3347 2464 3511 2526 αὐτὸς

1946 2556 2049 2626 τῆς
2082 2555 2258 2626 τύχης
2289 2557 2436 2625 φορᾷ
2464 2557 2818 2625 χρησάμενος
2850 2554 3098 2626 ἐγερθεὶς
3132 2557 3312 2624 φυγὰς
3331 2554 3510 2626 ᾤχετο

1945 2648 2012 2700 ὲκ
2045 2647 2216 2700 τόπου
2249 2648 2330 2710 είς
2359 2646 2553 2710 τόπον,
2591 2647 2912 2716 περιπατῶν
2943 2647 3157 2742 ἡμερας
3221 2648 3420 2708 πολλὰς
3446 2650 3506 2701 ἐν

1945 2738 2181 2809 ἐρήμοις
2231 2739 2424 2802 τόποις
2477 2740 2574 2792 καὶ
2624 2738 2866 2802 ἀϐάτοις.
2902 2738 3177 2805 Ἔφθασεν
3235 2741 3316 2803 εἷς
3359 2755 3509 2801 τινας

1947 2831 2166 2898 νήσους.
2201 2832 2260 2883 ὲν
2291 2823 2383 2892 αἶς
2418 2829 2665 2883 οίκοῦσιν
2699 2830 2751 2882 oi
2805 2829 3134 2901 Μακρόϐιοι·
3172 2830 3511 2901 μακροϐίους

1947 2922 2059 2991 γὰρ
2087 2920 2421 2990 ὀνομάζουσι
2455 2920 2548 2974 διὰ
2573 2921 2633 2974 τὸ
2662 2920 2764 2991 ζῇν
2794 2920 2978 2977 πλεῖον
3005 2920 3050 2997 ἦ.
3074 2921 3272 2975 ἑκατὸν
3311 2922 3512 2992 πεντή-

1949 3031 2117 3069 κοντα
2154 3013 2250 3084 ἐτη
2283 3014 2517 3073 ἕκαστος
2550 3012 2752 3068 αὐτῶν.
2803 3013 2916 3065 Καὶ
2943 3012 3104 3066 τοῦτο
3160 3013 3220 3066 δὲ
3277 3015 3510 3082 γίνεται,

285 3104 468 3175 νηνδν,
528 3101 667 3173 μετὰ
707 3100 898 3172 δώρων
953 3099 1176 3169 ἀγλαῶν
1227 3100 1324 3153 καὶ
1405 3099 1608 3168 πολλῆς
1665 3117 1850 3170 παρα·
1877 3097 1921 3155 C
1953 3104 2199 3175 λέγουσι,
2231 3105 2323 3159 διὰ
2344 3106 2445 3174 τήν
2471 3103 2571 3158 τοῦ
2611 3104 2774 3174 ἀέρος
2810 3103 3113 3173 εὐκρασίαν
3147 3107 3243 3160 καὶ
3272 3106 3516 3176 καθαρό-

287 3194 518 3264 σκευῆς.
554 3192 695 3263 μετά
716 3193 998 3262 ἀρχόντων
1055 3191 1153 3244 καὶ
1195 3191 1550 3259 στρατιωτῶν
1586 3194 1850 3262 καὶῑερο.

289 3286 553 3358 μονὰχων
577 3285 672 3338 καὶ
701 3283 958 3355 μοναχῶν
990 3283 1087 3338 καὶ
1140 3281 1362 3352 ψαλτῶν
1419 3284 1699 3355 μουσικῶν
1754 3286 1851 3338 καὶ

288 3381 496 3450 ίατρῶν
542 3377 638 3432 καί
685 3393 849 3430 τινων
899 3377 1210 3446 κρουόντων
1255 3376 1473 3444 ὄργανα
1537 3379 1631 3430 καὶ
1683 3377 1849 3447 ἕτερα

287 3473 409 3542 εῐδη
435 3469 703 3542 μουσικά.
752 3469 867 3523 Καὶ
895 3467 1144 3532 natm;
1175 3468 1258 3533 είς
1299 3467 1544 3537 Ἰϐηρίαν
1574 3469 1681 3523 ὑπὸ
1710 3469 1852 3524 nav-

289 3660 381 3709 sto
406 3664 596 3707 mense
615 3663 684 3705 ex
709 3648 846 3704 urbe
875 3662 1128 3719 egressus
1148 3648 1202 3703 in
1234 3647 1666 3719 Peloponnesum
1697 3653 1850 3710 abiit.

290 3743 548 3799 Kalendis
575 3740 986 3812 Septembribus
1019 3740 1146 3794 anni
1176 3739 1320 3797 6955
1344 3741 1508 3795 etiam
1547 3740 1852 3800 Demetrius

285 3839 516 3907 despota
537 3835 1030 3908 porphyrogenitus
1053 3834 1306 3890 discessit
1327 3834 1684 3906 similiterque
1719 3835 1854 3890 abiit

294 3933 350 3986 in
377 3929 832 3999 Peloponnesum.
853 3927 913 3981 Hi
935 3935 1228 3997 antequam
1255 3942 1318 3981 ex
1347 3927 1481 3982 urbe
1503 3927 1850 3993 excederent,

290 4035 474 4079 coram
511 4031 680 4075 matre
709 4017 1056 4088 imperatrice
1086 4025 1142 4073 et
1171 4019 1500 4086 imperatore
1525 4017 1694 4073 fratre
1716 4033 1851 4073 cun—

288 4114 505 4183 ctisque
536 4110 791 4166 senatorii
838 4109 1047 4165 ordinis
1089 4110 1222 4165 viris
1253 4110 1590 4172 primoribus
1621 4111 1850 4163 horren-

290 4207 379 4260 dis
405 4204 760 4260 sacramentis
789 4217 850 4258 se
880 4202 1270 4264 astrinxerunt,
1303 4208 1363 4255 ut
1394 4209 1582 4256 neuter
1628 4201 1852 4256 alterius

293 4297 413 4350 loca
470 4294 714 4364 finesque
766 4292 1048 4349 invaderet
1091 4302 1185 4346 aut
1238 4300 1495 4355 vastaret,
1525 4291 1617 4345 sed
1661 4305 1849 4360 pacem

293 4393 536 4442 servaret
565 4393 815 4453 uterque.
837 4383 906 4436 At
936 4397 1082 4445 mox,
1124 4382 1385 4449 neglectis
1411 4397 1475 4436 ac
1503 4381 1720 4438 violatis
1761 4397 1850 4437 sa-

1953 3215 2112 3268 τητα,
2149 3197 2241 3250 διὰ
2272 3196 2329 3248 τὶ
2361 3196 2462 3266 μὲν
2511 3196 2568 3247 ὲν
2605 3195 2836 3258 ἐκείνοις
2885 3198 3001 3258 τοῖς
3057 3196 3284 3266 μέρεσιν
3316 3199 3374 3252 οὐ
3405 3199 3518 3250 λεί-

1953 3307 2152 3343 πονται
2184 3288 2401 3357 ὀπῶραι
2432 3289 2687 3341 παντοῖαι
2716 3287 2786 3340 δι’
2819 3287 2945 3340 ὅλου
2973 3287 3071 3340 τοῦ
3103 3289 3380 3351 ἐνιαυτοῦ,
3417 3296 3514 3342 καὶ

1953 3381 2022 3434 τά
2047 3381 2148 3450 μὲν
2163 3379 2412 3446 ἀνθοῦσι,
2435 3381 2506 3432 τὰ
2532 3379 2592 3432 δὲ
2616 3377 3014 3447 όμφακίζουσι,
3043 3378 3113 3433 τὰ
3141 3379 3198 3432 δὲ
3217 3381 3511 3448 τρυγᾶται.

1986 3473 2118 3525 Eata!
2143 3469 2204 3523 δὲ
2253 3470 2350 3524 καὶ
2386 3469 2457 3524 τά
2489 3468 2706 3539 μεγάλα
2764 3469 2966 3522 Ἰνδικά
3027 3469 3272 3538 γίνονται
3335 3471 3518 3542 κάρυα

1955 3649 2155 3705 talibus
2187 3646 2376 3713 rebus,
2421 3658 2728 3714 nunquam,
2765 3651 2824 3697 ut
2853 3656 3024 3707 nunc,
3071 3643 3328 3700 sensibus
3355 3659 3518 3700 usur-

1953 3750 2132 3806 passe.
2164 3732 2350 3803 Neque
2379 3731 2558 3786 solum
2586 3745 2656 3783 ex
2692 3730 2847 3797 urbe,
2892 3730 2987 3784 sed
3021 3732 3186 3786 etiam
3229 3747 3259 3786 e
3297 3733 3429 3788 locis
3458 3742 3515 3786 ct

1955 3826 2279 3897 regionibus
2314 3823 2561 3879 finitimis
2613 3823 2680 3876 ad
2732 3822 3029 3878 ridendum
3070 3823 3516 3891 audiendumque

1955 3924 2340 3979 accurrerunt,
2388 3909 2650 3981 quoniam
2696 3911 2912 3964 illarum
2945 3924 3130 3964 rerum
3164 3908 3388 3962 nomina
3420 3924 3518 3962 au-

1954 4008 2222 4071 diverant,
2261 4002 2455 4072 quales
2499 4001 2606 4056 illae
2633 4008 2839 4063 essent,
2873 4001 3225 4069 ignorabant.
3267 3997 3517 4066 Cumque

1954 4095 2112 4152 multi
2157 4093 2581 4158 confluxissent,
2631 4090 2733 4146 fuit
2778 4091 2919 4144 inter
2963 4091 3061 4146 hos
3087 4104 3255 4146 senex
3293 4089 3516 4157 quidam

1954 4198 2173 4246 centum
2204 4186 2429 4242 circiter
2457 4198 2754 4251 annorum,
2791 4183 2886 4253 qui
2921 4183 3038 4238 haec
3071 4183 3202 4237 mihi
3245 4185 3515 4237 narravit.

1955 4280 2087 4335 Erat
2119 4293 2318 4334 nomen
2359 4278 2480 4333 seni
2509 4275 2787 4345 prraitu,
2822 4285 2877 4330 et
2903 4275 3173 4329 oriundus
3202 4284 3320 4330 erat
3352 4291 3382 4330 e
3413 4293 3518 4330 no-

1958 4374 2052 4429 bili
2085 4373 2278 4428 lberite
2315 4372 2470 4434 urbe,
2503 4383 2626 4438 quae
2655 4367 2960 4438 appellatur
2997 4408 3013 4421 .
3049 4409 3063 4424 .
3096 4409 3110 4423 .
3159 4368 3300 4423 Puer
3326 4380 3518 4439 captus

292 4475 587 4532 oramentis
641 4472 1120 4543 pactionibusque,
1170 4481 1378 4540 postea,
1432 4481 1494 4526 ut
1543 4473 1850 4542 comparuit
1877 4460 1930 4487 ν
1959 4485 1990 4523 a
2042 4465 2294 4524 barbaris
2319 4472 2374 4519 et
2401 4461 2584 4532 impiis
2628 4461 2738 4515 illis
2766 4460 3037 4528 gentibus,
3068 4462 3319 4517 venditus
3348 4473 3431 4519 est
3464 4464 3516 4518 in

286 4581 500 4636 egoque
531 4567 648 4636 ipse
689 4565 821 4628 vidi,
860 4563 999 4618 male
1030 4563 1170 4618 inter
1215 4579 1271 4617 se
1301 4563 1480 4619 allecti
1535 4573 1589 4618 et
1623 4564 1849 4618 animati

291 4657 560 4722 fuerunt;
603 4655 746 4710 unde
778 4669 900 4724 qua:
931 4664 1120 4710 exorta
1177 4655 1290 4710 sint
1341 4655 1486 4708 inter
1535 4669 1652 4722 eos,
1709 4654 1851 4710 infra

289 4747 595 4817 expﬁcabo.

365 4840 461 4896 Die
484 4847 677 4914 quarto
701 4837 954 4893 Octobris
975 4837 1219 4906 ejusdem
1245 4837 1374 4890 anni
1404 4835 1472 4890 ab
1495 4835 1849 4904 imperatore,

291 4933 518 4988 domino
551 4945 696 4992 meo,
737 4930 804 4983 ad
835 4929 1137 4998 principem
1168 4926 1381 4992 lberire,
1415 4925 1708 4994 Georgium
1742 4924 1853 4978 Me-

292 5039 421 5094 pen,
447 5021 539 5090 qui
583 5037 612 5075 a
647 5020 806 5074 nobis
840 5035 931 5074 rex
964 5019 1186 5083 dicitur,
1236 5025 1291 5071 et
1312 5015 1575 5072 Joannem
1619 5016 1854 5069 Comneo

293 5128 450 5179 num,
478 5111 834 5182 Trapezuntis
877 5125 1080 5179 regem,
1129 5108 1333 5163 missus
1367 5122 1488 5162 sum
1537 5121 1659 5160 cum
1693 5105 1853 5160 donis

293 5203 593 5276 splendidis
627 5203 908 5270 multoque
943 5208 1206 5271 apparatu
1263 5213 1387 5253 cum
1418 5197 1550 5252 viris
1578 5197 1853 5252 nobilibus

292 5304 351 5350 et
397 5294 682 5357 satellitio,
744 5306 871 5346 cum
931 5288 1378 5344 hieromonachis
1419 5298 1474 5342 et
1524 5287 1851 5353 monachis,

291 5371 419 5439 cum
444 5382 636 5451 psaltis
658 5389 714 5435 et
736 5379 987 5445 medicis,
1019 5380 1258 5448 aliisque
1288 5376 1617 5447 quibusdam
1649 5391 1853 5447 organa

291 5484 352 5532 et
382 5474 489 5530 alia
535 5475 894 5530 instrumenta
928 5472 1140 5526 musica
1187 5468 1465 5524 tractandi
1500 5468 1711 5536 peritis.
1751 5460 1853 5522 Ubi

292 5568 352 5622 in
398 5566 630 5622 lberiam
658 5565 929 5631 venimus,
981 5562 1169 5618 cuncti
1218 5576 1321 5616 nos
1354 5560 1464 5615 laiti
1497 5567 1850 5628 exceperunt,

295 5659 638 5729 pulsatisque
665 5657 885 5728 organis
913 5655 1238 5724 ceterisque
1272 5652 1672 5718 instrumentis,
1705 5651 1858 5705 inco-

1955 4563 2248 4626 interiores
2268 4555 2520 4624 regiones
2549 4553 2864 4608 Persarum.
2895 4550 3029 4606 Cum
3063 4553 3230 4608 herus
3260 4553 3403 4622 ejus,
3423 4556 3519 4623 qui

1954 4664 2224 4715 mercator
2241 4655 2384 4711 erat.
2407 4654 2462 4701 et
2490 4644 2582 4699 alii
2613 4645 2768 4699 multi
2803 4652 3157 4705 mercatores,
3183 4649 3325 4712 apud
3356 4643 3519 4700 indos

1954 4746 2174 4810 solitum
2217 4736 2321 4792 sibi
2364 4742 2663 4789 mercatum
2715 4731 2937 4796 facturi,
2985 4732 3102 4785 dies
3151 4733 3362 4800 nliquut
3416 4733 3520 4788 iter

1957 4835 2234 4891 fecissent,
2255 4828 2478 4897 jamque
2499 4821 3000 4892 appropinquarent
3022 4821 3219 4876 tinibus
3239 4821 3517 4889 Indorum,

1957 4922 2240 4996 prraini,
2281 4917 2413 4986 jugo
2445 4912 2654 4969 servitii
2691 4926 2750 4966 se
2786 4909 3116 4966 subtrahere
3147 4910 3396 4980 cupiens,
3430 4911 3520 4966 fu-

1955 5031 2036 5085 gae
2064 5007 2535 5082 Opportunitatem
2572 5000 2876 5072 quaerebat,
2919 5013 2986 5054 ac
3036 5010 3193 5054 nocte
3237 5001 3519 5070 plcnilunii

1955 5106 2164 5161 lumine
2189 5103 2482 5159 illustrata,
2500 5109 2625 5151 cum
2645 5094 2809 5147 herus
2825 5106 2950 5146 cum
2973 5091 3203 5160 reliquis
3225 5095 3522 5151 comitibus

1957 5197 2135 5252 fessus
2160 5200 2308 5250 esset
2339 5205 2406 5245 ex
2437 5187 2657 5250 itinere,
2686 5184 2804 5255 ipse
2834 5182 3068 5238 fortuna:
3105 5184 3369 5252 conlisus,
3398 5202 3523 5241 sur-

1956 5288 2099 5342 rexit
2126 5282 2492 5354 fugiendoque
2523 5280 2640 5332 loca
2675 5276 2926 5340 mutavit,
2952 5287 3007 5330 et
3031 5276 3150 5332 dies
3179 5292 3290 5333 non
3319 5292 3524 5348 paucos

1958 5395 2052 5450 per
2077 5375 2223 5431 invia
2249 5387 2313 5427 ac
2345 5371 2558 5426 deserta
2588 5369 3052 5436 circumvagatns.
3085 5369 3330 5436 pervenit
3357 5369 3412 5423 in
3437 5369 3524 5423 in-

1957 5469 2106 5526 sulas
2122 5465 2410 5537 quasdam,
2433 5475 2570 5530 quas
2587 5457 2836 5528 Longazvi
2860 5457 3126 5513 habitant.
3144 5458 3354 5529 Quippe
3374 5458 3525 5513 L0..-

1959 5574 2137 5633 gazvos
2177 5559 2278 5612 bos
2304 5551 2578 5624 appellant
2607 5557 2915 5621 propterea,
2940 5551 3088 5620 quod
3125 5550 3317 5620 singuli
3351 5550 3520 5602 vitam

1960 5666 2126 5720 supra
2162 5661 2339 5702 annos
2371 5653 2590 5699 centum
2623 5651 2682 5697 et
2725 5641 3121 5711 quinquaginta
3165 5642 3471 5709 producunt
3504 5657 3519 5692 :

295 5751 362 5806 ia:
393 5758 786 5807 concursantes
829 5747 1020 5803 mirari
1051 5760 1115 5800 ac
1145 5745 1410 5814 profiteri,
1438 5743 1660 5799 audisse
1700 5758 1760 5798 se
1789 5743 1858 5798 de
1961 5745 2014 5799 id
2051 5741 2195 5814 quod
2227 5739 2341 5795 ﬁeri
2379 5738 2534 5793 aiunt
2564 5746 2786 5806 propter
2805 5735 2952 5790 acris
2982 5732 3300 5802 temperiem
3334 5740 3386 5786 et
3421 5745 3524 5800 pu-

643 5841 907 5902 PATROL.
954 5839 1072 5901 GR.
1116 5834 1296 5898 CLVI

2895 5825 3058 5916 ’ρο
