  <div class='ocr_page' id='page_1' title='image "/cluster/home/n/w/nwhite01/storage/ocr_20150623/156/hvd.32044019208438/562.png"; bbox 0 0 3976 6580; ppageno 0'>
   <div class='ocr_carea' id='block_1_1' title="bbox 229 374 355 436">
    <p class='ocr_par' dir='ltr' id='par_1_1' title="bbox 229 374 355 436">
     <span class='ocr_line' id='line_1_1' title="bbox 229 374 355 436; baseline 0.016 -2"><span class='ocrx_word' id='word_1_1' title='bbox 229 374 355 436; x_wconf 82' lang='grc'><strong>813</strong></span> 
     </span>
    </p>
   </div>
   <div class='ocr_carea' id='block_1_2' title="bbox 1265 364 2497 430">
    <p class='ocr_par' dir='ltr' id='par_1_2' title="bbox 1265 364 2497 430">
     <span class='ocr_line' id='line_1_2' title="bbox 1265 364 2497 430; baseline -0.004 -1"><span class='ocrx_word' id='word_1_2' title='bbox 1265 367 1718 430; x_wconf 82' lang='lat' dir='ltr'><strong>CIIRONICON</strong></span> <span class='ocrx_word' id='word_1_3' title='bbox 1752 364 2018 424; x_wconf 78' lang='lat' dir='ltr'><strong>MAJUS.</strong></span> <span class='ocrx_word' id='word_1_4' title='bbox 2065 385 2125 398; x_wconf 88' lang='grc'><strong>-</strong></span> <span class='ocrx_word' id='word_1_5' title='bbox 2182 365 2330 426; x_wconf 86' lang='lat' dir='ltr'><strong>LIB.</strong></span> <span class='ocrx_word' id='word_1_6' title='bbox 2379 365 2497 424; x_wconf 88' lang='lat' dir='ltr'><strong>III.</strong></span> 
     </span>
    </p>
   </div>
   <div class='ocr_carea' id='block_1_3' title="bbox 3390 365 3497 424">
    <p class='ocr_par' dir='ltr' id='par_1_3' title="bbox 3390 365 3497 424">
     <span class='ocr_line' id='line_1_3' title="bbox 3390 365 3497 424; baseline -0.037 -2"><span class='ocrx_word' id='word_1_7' title='bbox 3390 365 3497 424; x_wconf 68' lang='lat' dir='ltr'><strong>8H.</strong></span> 
     </span>
    </p>
   </div>
   <div class='ocr_carea' id='block_1_4' title="bbox 229 476 3494 554">
    <p class='ocr_par' dir='ltr' id='par_1_4' title="bbox 229 476 3494 554">
     <span class='ocr_line' id='line_1_4' title="bbox 229 476 3494 554; baseline -0.003 -15"><span class='ocrx_word' id='word_1_8' title='bbox 229 485 524 539; x_wconf 73' lang='grc' dir='ltr'><strong>ἀπέθανεν</strong></span> <span class='ocrx_word' id='word_1_9' title='bbox 551 483 579 534; x_wconf 92' lang='lat'><strong>6</strong></span> <span class='ocrx_word' id='word_1_10' title='bbox 614 483 836 552; x_wconf 71' lang='grc' dir='ltr'>ἀμηρᾶς</span> <span class='ocrx_word' id='word_1_11' title='bbox 868 487 896 536; x_wconf 84' lang='lat'><strong>6</strong></span> <span class='ocrx_word' id='word_1_12' title='bbox 938 485 1314 554; x_wconf 71' lang='grc' dir='ltr'>Ἀμοςράτης,</span> <span class='ocrx_word' id='word_1_13' title='bbox 1357 483 1385 534; x_wconf 84' lang='grc' dir='ltr'><strong>ὃ</strong></span> <span class='ocrx_word' id='word_1_14' title='bbox 1435 481 1592 548; x_wconf 75' lang='grc' dir='ltr'><strong>κάγὼ</strong></span> <span class='ocrx_word' id='word_1_15' title='bbox 1618 478 1826 550; x_wconf 76' lang='grc' dir='ltr'>ἔμαθον</span> <span class='ocrx_word' id='word_1_16' title='bbox 1856 498 1897 545; x_wconf 68' lang='grc' dir='ltr'><strong>Α</strong></span> <span class='ocrx_word' id='word_1_17' title='bbox 1927 479 2021 532; x_wconf 72' lang='grc' dir='ltr'><strong>καὶ</strong></span> <span class='ocrx_word' id='word_1_18' title='bbox 2052 480 2084 548; x_wconf 79' lang='grc' dir='ltr'>ή</span> <span class='ocrx_word' id='word_1_19' title='bbox 2120 479 2272 543; x_wconf 85' lang='grc' dir='ltr'>πόλις</span> <span class='ocrx_word' id='word_1_20' title='bbox 2301 477 2626 548; x_wconf 78' lang='grc' dir='ltr'>ὴπορημένη</span> <span class='ocrx_word' id='word_1_21' title='bbox 2662 477 2780 531; x_wconf 82' lang='grc' dir='ltr'>ἐστὶ</span> <span class='ocrx_word' id='word_1_22' title='bbox 2839 477 2929 530; x_wconf 76' lang='grc' dir='ltr'>διὰ</span> <span class='ocrx_word' id='word_1_23' title='bbox 2963 476 3353 547; x_wconf 64' lang='grc' dir='ltr'>τδνιαύθέντην</span> <span class='ocrx_word' id='word_1_24' title='bbox 3391 496 3494 546; x_wconf 79' lang='grc' dir='ltr'><strong>μου</strong></span> 
     </span>
    </p>
   </div>
   <div class='ocr_carea' id='block_1_5' title="bbox 228 571 1819 646">
    <p class='ocr_par' dir='ltr' id='par_1_5' title="bbox 228 571 1819 646">
     <span class='ocr_line' id='line_1_5' title="bbox 228 571 1819 646; baseline -0.003 -18"><span class='ocrx_word' id='word_1_25' title='bbox 228 576 330 630; x_wconf 75' lang='grc' dir='ltr'>ἔτι</span> <span class='ocrx_word' id='word_1_26' title='bbox 346 574 426 627; x_wconf 80' lang='grc' dir='ltr'><strong>ῶν</strong></span> <span class='ocrx_word' id='word_1_27' title='bbox 453 576 514 627; x_wconf 80' lang='grc' dir='ltr'><strong>ἐν</strong></span> <span class='ocrx_word' id='word_1_28' title='bbox 539 576 605 644; x_wconf 80' lang='grc' dir='ltr'>τῇ</span> <span class='ocrx_word' id='word_1_29' title='bbox 638 573 868 645; x_wconf 79' lang='grc' dir='ltr'>Ἰϐηρίᾳ.</span> <span class='ocrx_word' id='word_1_30' title='bbox 897 576 985 638; x_wconf 82' lang='grc' dir='ltr'>Ὠς</span> <span class='ocrx_word' id='word_1_31' title='bbox 1004 571 1098 629; x_wconf 81' lang='grc' dir='ltr'>οὖν</span> <span class='ocrx_word' id='word_1_32' title='bbox 1119 573 1284 646; x_wconf 77' lang='grc' dir='ltr'>ἦλθον</span> <span class='ocrx_word' id='word_1_33' title='bbox 1306 577 1387 637; x_wconf 88' lang='grc' dir='ltr'><strong>είς</strong></span> <span class='ocrx_word' id='word_1_34' title='bbox 1406 573 1819 643; x_wconf 79' lang='grc' dir='ltr'>Τραπεζοῦντα,</span> 
     </span>
    </p>
   </div>
   <div class='ocr_carea' id='block_1_6' title="bbox 226 662 1817 735">
    <p class='ocr_par' dir='ltr' id='par_1_6' title="bbox 226 662 1817 735">
     <span class='ocr_line' id='line_1_6' title="bbox 226 662 1817 735; baseline -0.001 -19"><span class='ocrx_word' id='word_1_35' title='bbox 226 664 438 735; x_wconf 71' lang='grc' dir='ltr'>εῐρηκό</span> <span class='ocrx_word' id='word_1_36' title='bbox 471 681 560 732; x_wconf 89' lang='grc' dir='ltr'><strong>μοι</strong></span> <span class='ocrx_word' id='word_1_37' title='bbox 581 665 609 716; x_wconf 97' lang='lat'><strong>6</strong></span> <span class='ocrx_word' id='word_1_38' title='bbox 640 663 891 732; x_wconf 79' lang='grc' dir='ltr'>βασιλεὺς</span> <span class='ocrx_word' id='word_1_39' title='bbox 918 665 1116 720; x_wconf 81' lang='grc' dir='ltr'>τοιάδε’</span> <span class='ocrx_word' id='word_1_40' title='bbox 1148 683 1166 716; x_wconf 73' lang='grc' dir='ltr'><strong>ι</strong></span> <span class='ocrx_word' id='word_1_41' title='bbox 1198 667 1370 734; x_wconf 77' lang='grc' dir='ltr'>Κύριε</span> <span class='ocrx_word' id='word_1_42' title='bbox 1399 663 1628 733; x_wconf 72' lang='grc' dir='ltr'>πρέσϐυ,</span> <span class='ocrx_word' id='word_1_43' title='bbox 1660 662 1817 730; x_wconf 66' lang='grc'><strong>21],</strong></span> 
     </span>
    </p>
   </div>
   <div class='ocr_carea' id='block_1_7' title="bbox 226 753 1823 826">
    <p class='ocr_par' dir='ltr' id='par_1_7' title="bbox 226 753 1823 826">
     <span class='ocr_line' id='line_1_7' title="bbox 226 753 1823 826; baseline -0.003 -18"><span class='ocrx_word' id='word_1_44' title='bbox 226 758 425 808; x_wconf 77' lang='grc' dir='ltr'>εἰπεῖν</span> <span class='ocrx_word' id='word_1_45' title='bbox 458 772 539 808; x_wconf 89' lang='grc' dir='ltr'><strong>σοι</strong></span> <span class='ocrx_word' id='word_1_46' title='bbox 583 755 720 808; x_wconf 81' lang='grc' dir='ltr'>θέλω</span> <span class='ocrx_word' id='word_1_47' title='bbox 770 756 1019 826; x_wconf 78' lang='grc' dir='ltr'>χρηστὰς</span> <span class='ocrx_word' id='word_1_48' title='bbox 1053 757 1338 824; x_wconf 82' lang='grc' dir='ltr'>ἀγγελίας,</span> <span class='ocrx_word' id='word_1_49' title='bbox 1367 757 1417 807; x_wconf 90' lang='grc' dir='ltr'><strong>εί</strong></span> <span class='ocrx_word' id='word_1_50' title='bbox 1455 753 1530 824; x_wconf 81' lang='grc' dir='ltr'>μὴ</span> <span class='ocrx_word' id='word_1_51' title='bbox 1560 754 1642 806; x_wconf 86' lang='grc' dir='ltr'>δεῖ</span> <span class='ocrx_word' id='word_1_52' title='bbox 1688 755 1823 806; x_wconf 81' lang='grc' dir='ltr'>ἀπο-</span> 
     </span>
    </p>
   </div>
   <div class='ocr_carea' id='block_1_8' title="bbox 225 845 1821 918">
    <p class='ocr_par' dir='ltr' id='par_1_8' title="bbox 225 845 1821 918">
     <span class='ocr_line' id='line_1_8' title="bbox 225 845 1821 918; baseline -0.002 -18"><span class='ocrx_word' id='word_1_53' title='bbox 225 845 434 901; x_wconf 81' lang='grc' dir='ltr'>δοῦναί</span> <span class='ocrx_word' id='word_1_54' title='bbox 485 863 543 899; x_wconf 85' lang='grc' dir='ltr'><strong>σε</strong></span> <span class='ocrx_word' id='word_1_55' title='bbox 573 848 706 918; x_wconf 77' lang='grc' dir='ltr'>ἡμῖν</span> <span class='ocrx_word' id='word_1_56' title='bbox 737 865 791 900; x_wconf 82' lang='grc' dir='ltr'><strong>τι</strong></span> <span class='ocrx_word' id='word_1_57' title='bbox 820 849 994 914; x_wconf 88' lang='grc' dir='ltr'>δῶρον</span> <span class='ocrx_word' id='word_1_58' title='bbox 1023 849 1266 918; x_wconf 84' lang='grc' dir='ltr'>χάριτος.</span> <span class='ocrx_word' id='word_1_59' title='bbox 1310 867 1330 900; x_wconf 71' lang='grc' dir='ltr'><strong>ι</strong></span> <span class='ocrx_word' id='word_1_60' title='bbox 1379 847 1552 914; x_wconf 83' lang='grc' dir='ltr'><strong>Κάγὼ</strong></span> <span class='ocrx_word' id='word_1_61' title='bbox 1582 845 1821 906; x_wconf 81' lang='grc' dir='ltr'>ἀναστὰς</span> 
     </span>
    </p>
   </div>
   <div class='ocr_carea' id='block_1_9' title="bbox 228 939 1821 1013">
    <p class='ocr_par' dir='ltr' id='par_1_9' title="bbox 228 939 1821 1013">
     <span class='ocr_line' id='line_1_9' title="bbox 228 939 1821 1013; baseline -0.001 -19"><span class='ocrx_word' id='word_1_62' title='bbox 228 941 639 1013; x_wconf 78' lang='grc' dir='ltr'><strong>προσεκύνησα</strong></span> <span class='ocrx_word' id='word_1_63' title='bbox 666 942 832 996; x_wconf 78' lang='grc' dir='ltr'>αὐτὸν</span> <span class='ocrx_word' id='word_1_64' title='bbox 859 944 1033 996; x_wconf 85' lang='grc' dir='ltr'>είπὼν</span> <span class='ocrx_word' id='word_1_65' title='bbox 1060 959 1106 996; x_wconf 75' lang='grc' dir='ltr'><strong>ἰ</strong></span> <span class='ocrx_word' id='word_1_66' title='bbox 1143 944 1205 998; x_wconf 90' lang='grc'><strong>’0</strong></span> <span class='ocrx_word' id='word_1_67' title='bbox 1231 943 1365 1006; x_wconf 68' lang='grc' dir='ltr'>Θεὸς</span> <span class='ocrx_word' id='word_1_68' title='bbox 1400 939 1821 1012; x_wconf 84' lang='grc' dir='ltr'>μακροημερεύ-</span> 
     </span>
    </p>
   </div>
   <div class='ocr_carea' id='block_1_10' title="bbox 229 1033 1820 1104">
    <p class='ocr_par' dir='ltr' id='par_1_10' title="bbox 229 1033 1820 1104">
     <span class='ocr_line' id='line_1_10' title="bbox 229 1033 1820 1104; baseline 0.002 -21"><span class='ocrx_word' id='word_1_69' title='bbox 229 1048 330 1084; x_wconf 81' lang='grc' dir='ltr'><strong>σοι</strong></span> <span class='ocrx_word' id='word_1_70' title='bbox 365 1033 465 1102; x_wconf 79' lang='grc' dir='ltr'>τὴν</span> <span class='ocrx_word' id='word_1_71' title='bbox 511 1033 674 1101; x_wconf 84' lang='grc' dir='ltr'>ἁγίαν</span> <span class='ocrx_word' id='word_1_72' title='bbox 708 1049 802 1084; x_wconf 90' lang='grc' dir='ltr'><strong>σου</strong></span> <span class='ocrx_word' id='word_1_73' title='bbox 838 1033 1145 1102; x_wconf 85' lang='grc' dir='ltr'>βασιλείαν,</span> <span class='ocrx_word' id='word_1_74' title='bbox 1174 1035 1233 1098; x_wconf 82' lang='grc' dir='ltr'>ὃς</span> <span class='ocrx_word' id='word_1_75' title='bbox 1279 1034 1631 1104; x_wconf 76' lang='grc' dir='ltr'><strong>πολυτρόπως</strong></span> <span class='ocrx_word' id='word_1_76' title='bbox 1665 1034 1820 1103; x_wconf 87' lang='grc' dir='ltr'>εὐερ-</span> 
     </span>
    </p>
   </div>
   <div class='ocr_carea' id='block_1_11' title="bbox 225 1123 1822 1194">
    <p class='ocr_par' dir='ltr' id='par_1_11' title="bbox 225 1123 1822 1194">
     <span class='ocr_line' id='line_1_11' title="bbox 225 1123 1822 1194; baseline 0.001 -18"><span class='ocrx_word' id='word_1_77' title='bbox 225 1127 425 1189; x_wconf 85' lang='grc' dir='ltr'>γετεῖς</span> <span class='ocrx_word' id='word_1_78' title='bbox 446 1125 593 1193; x_wconf 74' lang='grc' dir='ltr'>ἡμᾶς</span> <span class='ocrx_word' id='word_1_79' title='bbox 621 1140 636 1154; x_wconf 88' lang='grc'><strong>·</strong></span> <span class='ocrx_word' id='word_1_80' title='bbox 662 1123 834 1188; x_wconf 74' lang='grc' dir='ltr'>οὕτως</span> <span class='ocrx_word' id='word_1_81' title='bbox 859 1127 951 1179; x_wconf 72' lang='grc' dir='ltr'><strong>καὶ</strong></span> <span class='ocrx_word' id='word_1_82' title='bbox 975 1127 1066 1180; x_wconf 73' lang='grc' dir='ltr'><strong>διὰ</strong></span> <span class='ocrx_word' id='word_1_83' title='bbox 1087 1127 1184 1190; x_wconf 75' lang='grc' dir='ltr'><strong>τὰς</strong></span> <span class='ocrx_word' id='word_1_84' title='bbox 1212 1127 1309 1180; x_wconf 88' lang='grc' dir='ltr'><strong>νῦν</strong></span> <span class='ocrx_word' id='word_1_85' title='bbox 1323 1127 1532 1194; x_wconf 75' lang='grc' dir='ltr'>ἀγαθὰς</span> <span class='ocrx_word' id='word_1_86' title='bbox 1557 1127 1822 1193; x_wconf 76' lang='grc' dir='ltr'><strong>ἀγγελίας</strong></span> 
     </span>
    </p>
   </div>
   <div class='ocr_carea' id='block_1_12' title="bbox 225 1211 1819 1288">
    <p class='ocr_par' dir='ltr' id='par_1_12' title="bbox 225 1211 1819 1288">
     <span class='ocr_line' id='line_1_12' title="bbox 225 1211 1819 1288; baseline 0.001 -22"><span class='ocrx_word' id='word_1_87' title='bbox 225 1211 406 1277; x_wconf 79' lang='grc' dir='ltr'>αὖθις</span> <span class='ocrx_word' id='word_1_88' title='bbox 429 1216 815 1285; x_wconf 71' lang='grc' dir='ltr'><strong>εὐεργετήσας</strong></span> <span class='ocrx_word' id='word_1_89' title='bbox 839 1219 1011 1288; x_wconf 76' lang='grc' dir='ltr'>ἡμᾶς.</span> <span class='ocrx_word' id='word_1_90' title='bbox 1052 1219 1192 1271; x_wconf 82' lang='grc' dir='ltr'>Ἀλλ’</span> <span class='ocrx_word' id='word_1_91' title='bbox 1235 1219 1368 1286; x_wconf 72' lang='grc' dir='ltr'>ἡμῖν</span> <span class='ocrx_word' id='word_1_92' title='bbox 1400 1219 1502 1272; x_wconf 77' lang='grc' dir='ltr'>οὐκ</span> <span class='ocrx_word' id='word_1_93' title='bbox 1544 1217 1692 1271; x_wconf 78' lang='grc' dir='ltr'>ἐστιν</span> <span class='ocrx_word' id='word_1_94' title='bbox 1721 1217 1819 1272; x_wconf 74' lang='grc' dir='ltr'><strong>άν-</strong></span> 
     </span>
    </p>
   </div>
   <div class='ocr_carea' id='block_1_13' title="bbox 223 1303 1819 1378">
    <p class='ocr_par' dir='ltr' id='par_1_13' title="bbox 223 1303 1819 1378">
     <span class='ocr_line' id='line_1_13' title="bbox 223 1303 1819 1378; baseline 0.003 -23"><span class='ocrx_word' id='word_1_95' title='bbox 223 1303 428 1366; x_wconf 78' lang='grc' dir='ltr'>τάξιόν</span> <span class='ocrx_word' id='word_1_96' title='bbox 453 1321 506 1357; x_wconf 86' lang='grc' dir='ltr'><strong>τι</strong></span> <span class='ocrx_word' id='word_1_97' title='bbox 534 1305 833 1360; x_wconf 82' lang='grc' dir='ltr'>ἀποδοῦναι</span> <span class='ocrx_word' id='word_1_98' title='bbox 863 1309 928 1377; x_wconf 76' lang='grc' dir='ltr'>τῇ</span> <span class='ocrx_word' id='word_1_99' title='bbox 964 1307 1217 1378; x_wconf 73' lang='grc' dir='ltr'><strong>βασιλείᾳ</strong></span> <span class='ocrx_word' id='word_1_100' title='bbox 1247 1323 1341 1360; x_wconf 84' lang='grc' dir='ltr'><strong>σου</strong></span> <span class='ocrx_word' id='word_1_101' title='bbox 1368 1309 1438 1376; x_wconf 75' lang='grc' dir='ltr'>τῇ</span> <span class='ocrx_word' id='word_1_102' title='bbox 1469 1307 1624 1378; x_wconf 76' lang='grc' dir='ltr'>ἁγίᾳ.</span> <span class='ocrx_word' id='word_1_103' title='bbox 1657 1324 1677 1359; x_wconf 72' lang='grc' dir='ltr'><strong>ι</strong></span> <span class='ocrx_word' id='word_1_104' title='bbox 1709 1306 1819 1360; x_wconf 68' lang='grc' dir='ltr'><strong>Καὶ</strong></span> 
     </span>
    </p>
   </div>
   <div class='ocr_carea' id='block_1_14' title="bbox 227 1393 1819 1470">
    <p class='ocr_par' dir='ltr' id='par_1_14' title="bbox 227 1393 1819 1470">
     <span class='ocr_line' id='line_1_14' title="bbox 227 1393 1819 1470; baseline 0.002 -24"><span class='ocrx_word' id='word_1_105' title='bbox 227 1394 412 1458; x_wconf 80' lang='grc' dir='ltr'>εὐθὺς</span> <span class='ocrx_word' id='word_1_106' title='bbox 447 1393 572 1462; x_wconf 61' lang='grc' dir='ltr'>εἶπέ</span> <span class='ocrx_word' id='word_1_107' title='bbox 623 1413 714 1466; x_wconf 91' lang='grc' dir='ltr'><strong>μοι</strong></span> <span class='ocrx_word' id='word_1_108' title='bbox 750 1399 880 1469; x_wconf 75' lang='grc' dir='ltr'>περὶ</span> <span class='ocrx_word' id='word_1_109' title='bbox 931 1397 1028 1452; x_wconf 88' lang='grc' dir='ltr'><strong>τοῦ</strong></span> <span class='ocrx_word' id='word_1_110' title='bbox 1081 1397 1316 1454; x_wconf 78' lang='grc' dir='ltr'>θανάτου</span> <span class='ocrx_word' id='word_1_111' title='bbox 1351 1397 1448 1452; x_wconf 91' lang='grc' dir='ltr'><strong>τοῦ</strong></span> <span class='ocrx_word' id='word_1_112' title='bbox 1477 1400 1694 1470; x_wconf 75' lang='grc' dir='ltr'>ἀμηρᾶ,</span> <span class='ocrx_word' id='word_1_113' title='bbox 1723 1398 1819 1450; x_wconf 77' lang='grc' dir='ltr'><strong>καὶ</strong></span> 
     </span>
    </p>
   </div>
   <div class='ocr_carea' id='block_1_15' title="bbox 227 1486 1818 1559">
    <p class='ocr_par' dir='ltr' id='par_1_15' title="bbox 227 1486 1818 1559">
     <span class='ocr_line' id='line_1_15' title="bbox 227 1486 1818 1559; baseline 0 -17"><span class='ocrx_word' id='word_1_114' title='bbox 227 1486 364 1549; x_wconf 81' lang='grc' dir='ltr'><strong>πῶς</strong></span> <span class='ocrx_word' id='word_1_115' title='bbox 397 1490 425 1540; x_wconf 89' lang='lat'><strong>6</strong></span> <span class='ocrx_word' id='word_1_116' title='bbox 459 1487 575 1550; x_wconf 77' lang='grc' dir='ltr'>υίὸς</span> <span class='ocrx_word' id='word_1_117' title='bbox 629 1489 794 1542; x_wconf 87' lang='grc' dir='ltr'>αὐτοῦ</span> <span class='ocrx_word' id='word_1_118' title='bbox 843 1489 1063 1558; x_wconf 77' lang='grc' dir='ltr'>ἐγένετο</span> <span class='ocrx_word' id='word_1_119' title='bbox 1108 1491 1377 1559; x_wconf 80' lang='grc' dir='ltr'><strong>αὐθέντης</strong></span> <span class='ocrx_word' id='word_1_120' title='bbox 1429 1492 1526 1545; x_wconf 79' lang='grc' dir='ltr'><strong>καὶ</strong></span> <span class='ocrx_word' id='word_1_121' title='bbox 1557 1491 1818 1553; x_wconf 79' lang='grc' dir='ltr'><strong>πλείστας</strong></span> 
     </span>
    </p>
   </div>
   <div class='ocr_carea' id='block_1_16' title="bbox 226 1579 1816 1653">
    <p class='ocr_par' dir='ltr' id='par_1_16' title="bbox 226 1579 1816 1653">
     <span class='ocr_line' id='line_1_16' title="bbox 226 1579 1816 1653; baseline 0.003 -23"><span class='ocrx_word' id='word_1_122' title='bbox 226 1579 476 1647; x_wconf 80' lang='grc' dir='ltr'>χάριτας</span> <span class='ocrx_word' id='word_1_123' title='bbox 505 1580 732 1649; x_wconf 85' lang='grc' dir='ltr'>ἐποίησε</span> <span class='ocrx_word' id='word_1_124' title='bbox 758 1581 839 1648; x_wconf 88' lang='grc' dir='ltr'>τῷ</span> <span class='ocrx_word' id='word_1_125' title='bbox 868 1581 1086 1644; x_wconf 78' lang='grc' dir='ltr'>ἄνακτι,</span> <span class='ocrx_word' id='word_1_126' title='bbox 1133 1584 1230 1636; x_wconf 75' lang='grc' dir='ltr'><strong>καὶ</strong></span> <span class='ocrx_word' id='word_1_127' title='bbox 1262 1584 1453 1653; x_wconf 69' lang='grc' dir='ltr'>εἰρήνη</span> <span class='ocrx_word' id='word_1_128' title='bbox 1501 1579 1658 1645; x_wconf 82' lang='grc' dir='ltr'>αὖθις</span> <span class='ocrx_word' id='word_1_129' title='bbox 1689 1585 1816 1636; x_wconf 79' lang='grc' dir='ltr'>ἐπε·</span> 
     </span>
    </p>
   </div>
   <div class='ocr_carea' id='block_1_17' title="bbox 229 1671 1815 1746">
    <p class='ocr_par' dir='ltr' id='par_1_17' title="bbox 229 1671 1815 1746">
     <span class='ocr_line' id='line_1_17' title="bbox 229 1671 1815 1746; baseline 0.003 -24"><span class='ocrx_word' id='word_1_130' title='bbox 229 1671 468 1740; x_wconf 77' lang='grc' dir='ltr'>κυρὼθη</span> <span class='ocrx_word' id='word_1_131' title='bbox 521 1671 837 1741; x_wconf 79' lang='grc' dir='ltr'>ἀναμεταξὺ</span> <span class='ocrx_word' id='word_1_132' title='bbox 895 1673 1082 1726; x_wconf 88' lang='grc' dir='ltr'>αὐτῶν</span> <span class='ocrx_word' id='word_1_133' title='bbox 1127 1677 1318 1746; x_wconf 79' lang='grc' dir='ltr'>τηρεῖν</span> <span class='ocrx_word' id='word_1_134' title='bbox 1351 1675 1548 1743; x_wconf 76' lang='grc' dir='ltr'>αὐτὴν.</span> <span class='ocrx_word' id='word_1_135' title='bbox 1589 1674 1670 1736; x_wconf 78' lang='grc' dir='ltr'><strong>ὡς</strong></span> <span class='ocrx_word' id='word_1_136' title='bbox 1721 1675 1815 1727; x_wconf 79' lang='grc' dir='ltr'><strong>καὶ</strong></span> 
     </span>
    </p>
   </div>
   <div class='ocr_carea' id='block_1_18' title="bbox 227 1757 1812 1834">
    <p class='ocr_par' dir='ltr' id='par_1_18' title="bbox 227 1757 1812 1834">
     <span class='ocr_line' id='line_1_18' title="bbox 227 1757 1812 1834; baseline 0.005 -26"><span class='ocrx_word' id='word_1_137' title='bbox 227 1757 443 1827; x_wconf 76' lang='grc' dir='ltr'>πρώην</span> <span class='ocrx_word' id='word_1_138' title='bbox 476 1759 614 1828; x_wconf 85' lang='grc' dir='ltr'>μετὰ</span> <span class='ocrx_word' id='word_1_139' title='bbox 639 1760 735 1813; x_wconf 86' lang='grc' dir='ltr'><strong>τοῦ</strong></span> <span class='ocrx_word' id='word_1_140' title='bbox 767 1762 976 1832; x_wconf 74' lang='grc' dir='ltr'>πατρὸς</span> <span class='ocrx_word' id='word_1_141' title='bbox 1007 1763 1174 1817; x_wconf 85' lang='grc' dir='ltr'>αὐτοῦ</span> <span class='ocrx_word' id='word_1_142' title='bbox 1215 1760 1361 1834; x_wconf 77' lang='grc' dir='ltr'>εἶχεν</span> <span class='ocrx_word' id='word_1_143' title='bbox 1387 1766 1417 1818; x_wconf 93' lang='lat'><strong>6</strong></span> <span class='ocrx_word' id='word_1_144' title='bbox 1462 1765 1687 1820; x_wconf 78' lang='grc' dir='ltr'>ἐκείνων</span> <span class='ocrx_word' id='word_1_145' title='bbox 1730 1759 1812 1816; x_wconf 77' lang='grc' dir='ltr'><strong>οἷ-</strong></span> 
     </span>
    </p>
   </div>
   <div class='ocr_carea' id='block_1_19' title="bbox 1930 566 3496 638">
    <p class='ocr_par' dir='ltr' id='par_1_19' title="bbox 1930 566 3496 638">
     <span class='ocr_line' id='line_1_19' title="bbox 1930 566 3496 638; baseline -0.002 -19"><span class='ocrx_word' id='word_1_146' title='bbox 1930 569 2024 620; x_wconf 73' lang='grc' dir='ltr'><strong>καὶ</strong></span> <span class='ocrx_word' id='word_1_147' title='bbox 2059 567 2284 636; x_wconf 84' lang='grc' dir='ltr'>βασιλέα</span> <span class='ocrx_word' id='word_1_148' title='bbox 2320 569 2518 621; x_wconf 77' lang='grc' dir='ltr'>νεωστὶ</span> <span class='ocrx_word' id='word_1_149' title='bbox 2543 569 2612 622; x_wconf 86' lang='grc' dir='ltr'><strong>τὰ</strong></span> <span class='ocrx_word' id='word_1_150' title='bbox 2638 569 2910 638; x_wconf 83' lang='grc' dir='ltr'>σκῆπτρα</span> <span class='ocrx_word' id='word_1_151' title='bbox 2940 567 3195 634; x_wconf 88' lang='grc' dir='ltr'>λαϐόντα,</span> <span class='ocrx_word' id='word_1_152' title='bbox 3226 566 3283 628; x_wconf 83' lang='lat'><strong>6;</strong></span> <span class='ocrx_word' id='word_1_153' title='bbox 3312 572 3407 620; x_wconf 80' lang='grc' dir='ltr'><strong>καὶ</strong></span> <span class='ocrx_word' id='word_1_154' title='bbox 3432 568 3496 618; x_wconf 77' lang='grc' dir='ltr'>ἐκ</span> 
     </span>
    </p>
   </div>
   <div class='ocr_carea' id='block_1_20' title="bbox 1926 660 3497 731">
    <p class='ocr_par' dir='ltr' id='par_1_20' title="bbox 1926 660 3497 731">
     <span class='ocr_line' id='line_1_20' title="bbox 1926 660 3497 731; baseline -0.001 -19"><span class='ocrx_word' id='word_1_155' title='bbox 1926 660 2036 714; x_wconf 84' lang='grc' dir='ltr'><strong>τῶν</strong></span> <span class='ocrx_word' id='word_1_156' title='bbox 2067 661 2165 728; x_wconf 87' lang='grc' dir='ltr'>τῆς</span> <span class='ocrx_word' id='word_1_157' title='bbox 2217 662 2500 730; x_wconf 77' lang='grc' dir='ltr'>βασιλείας</span> <span class='ocrx_word' id='word_1_158' title='bbox 2555 663 2932 731; x_wconf 83' lang='grc' dir='ltr'>εἰσοδημάτων</span> <span class='ocrx_word' id='word_1_159' title='bbox 2965 661 3139 716; x_wconf 87' lang='grc' dir='ltr'>πολλὰ</span> <span class='ocrx_word' id='word_1_160' title='bbox 3168 661 3376 728; x_wconf 83' lang='grc' dir='ltr'>ὀφείλει</span> <span class='ocrx_word' id='word_1_161' title='bbox 3407 661 3497 712; x_wconf 70' lang='grc' dir='ltr'>διὰ</span> 
     </span>
    </p>
   </div>
   <div class='ocr_carea' id='block_1_21' title="bbox 1925 750 3498 823">
    <p class='ocr_par' dir='ltr' id='par_1_21' title="bbox 1925 750 3498 823">
     <span class='ocr_line' id='line_1_21' title="bbox 1925 750 3498 823; baseline 0.001 -21"><span class='ocrx_word' id='word_1_162' title='bbox 1925 750 2021 814; x_wconf 84' lang='grc' dir='ltr'>τὰς</span> <span class='ocrx_word' id='word_1_163' title='bbox 2050 750 2263 815; x_wconf 77' lang='grc' dir='ltr'>ἐξόδους</span> <span class='ocrx_word' id='word_1_164' title='bbox 2286 754 2380 806; x_wconf 69' lang='grc' dir='ltr'><strong>καὶ</strong></span> <span class='ocrx_word' id='word_1_165' title='bbox 2401 754 2470 806; x_wconf 75' lang='grc' dir='ltr'>τὰ</span> <span class='ocrx_word' id='word_1_166' title='bbox 2493 752 2787 822; x_wconf 82' lang='grc' dir='ltr'>φιλόδωρα,</span> <span class='ocrx_word' id='word_1_167' title='bbox 2813 752 2849 807; x_wconf 73' lang='grc' dir='ltr'>ἃ</span> <span class='ocrx_word' id='word_1_168' title='bbox 2876 753 3172 823; x_wconf 82' lang='grc' dir='ltr'>ἐχαρίσατο</span> <span class='ocrx_word' id='word_1_169' title='bbox 3195 754 3306 813; x_wconf 79' lang='grc' dir='ltr'>τοῖς</span> <span class='ocrx_word' id='word_1_170' title='bbox 3331 769 3498 822; x_wconf 86' lang='grc' dir='ltr'>στρα-</span> 
     </span>
    </p>
   </div>
   <div class='ocr_carea' id='block_1_22' title="bbox 1923 840 3496 914">
    <p class='ocr_par' dir='ltr' id='par_1_22' title="bbox 1923 840 3496 914">
     <span class='ocr_line' id='line_1_22' title="bbox 1923 840 3496 914; baseline 0.002 -22"><span class='ocrx_word' id='word_1_171' title='bbox 1923 840 2152 903; x_wconf 85' lang='grc' dir='ltr'>τιώταις</span> <span class='ocrx_word' id='word_1_172' title='bbox 2181 841 2277 895; x_wconf 69' lang='grc' dir='ltr'><strong>καὶ</strong></span> <span class='ocrx_word' id='word_1_173' title='bbox 2315 844 2466 913; x_wconf 82' lang='grc' dir='ltr'>πάσῃ</span> <span class='ocrx_word' id='word_1_174' title='bbox 2492 845 2557 912; x_wconf 83' lang='grc' dir='ltr'><strong>τῇ</strong></span> <span class='ocrx_word' id='word_1_175' title='bbox 2599 844 2738 914; x_wconf 81' lang='grc' dir='ltr'>αὐλῇ</span> <span class='ocrx_word' id='word_1_176' title='bbox 2766 860 2779 874; x_wconf 79' lang='grc'><em>’</em></span> <span class='ocrx_word' id='word_1_177' title='bbox 2805 844 2885 896; x_wconf 80' lang='grc' dir='ltr'>διὸ</span> <span class='ocrx_word' id='word_1_178' title='bbox 2913 843 3086 897; x_wconf 79' lang='grc' dir='ltr'>δεῖται</span> <span class='ocrx_word' id='word_1_179' title='bbox 3121 841 3316 914; x_wconf 79' lang='grc' dir='ltr'>καιροῦ</span> <span class='ocrx_word' id='word_1_180' title='bbox 3345 843 3496 912; x_wconf 80' lang='grc' dir='ltr'>είρη-</span> 
     </span>
    </p>
   </div>
   <div class='ocr_carea' id='block_1_23' title="bbox 1923 931 3494 1003">
    <p class='ocr_par' dir='ltr' id='par_1_23' title="bbox 1923 931 3494 1003">
     <span class='ocr_line' id='line_1_23' title="bbox 1923 931 3494 1003; baseline -0.001 -19"><span class='ocrx_word' id='word_1_181' title='bbox 1923 931 2076 984; x_wconf 87' lang='grc' dir='ltr'>νικοῦ</span> <span class='ocrx_word' id='word_1_182' title='bbox 2109 932 2246 1002; x_wconf 81' lang='grc' dir='ltr'>πρὸς</span> <span class='ocrx_word' id='word_1_183' title='bbox 2275 933 2338 986; x_wconf 83' lang='grc' dir='ltr'>τὸ</span> <span class='ocrx_word' id='word_1_184' title='bbox 2373 933 2794 1002; x_wconf 78' lang='grc' dir='ltr'>ἐξοικονομῆσαι</span> <span class='ocrx_word' id='word_1_185' title='bbox 2826 934 2892 987; x_wconf 81' lang='grc' dir='ltr'><strong>τὰ</strong></span> <span class='ocrx_word' id='word_1_186' title='bbox 2921 934 3020 1000; x_wconf 80' lang='grc' dir='ltr'>τῆς</span> <span class='ocrx_word' id='word_1_187' title='bbox 3056 935 3237 1003; x_wconf 84' lang='grc' dir='ltr'><strong>μάχης</strong></span> <span class='ocrx_word' id='word_1_188' title='bbox 3265 933 3359 986; x_wconf 77' lang='grc' dir='ltr'><strong>καὶ</strong></span> <span class='ocrx_word' id='word_1_189' title='bbox 3399 932 3494 985; x_wconf 87' lang='grc' dir='ltr'><strong>τοῦ</strong></span> 
     </span>
    </p>
   </div>
   <div class='ocr_carea' id='block_1_24' title="bbox 1923 1021 3493 1095">
    <p class='ocr_par' dir='ltr' id='par_1_24' title="bbox 1923 1021 3493 1095">
     <span class='ocr_line' id='line_1_24' title="bbox 1923 1021 3493 1095; baseline 0 -20"><span class='ocrx_word' id='word_1_190' title='bbox 1923 1021 2165 1093; x_wconf 72' lang='grc' dir='ltr'>πολέμου</span> <span class='ocrx_word' id='word_1_191' title='bbox 2195 1024 2476 1094; x_wconf 78' lang='grc' dir='ltr'>ἀναγκαῖα</span> <span class='ocrx_word' id='word_1_192' title='bbox 2507 1025 2602 1078; x_wconf 75' lang='grc' dir='ltr'>καὶ</span> <span class='ocrx_word' id='word_1_193' title='bbox 2631 1025 2938 1095; x_wconf 82' lang='grc' dir='ltr'>ἐπιτήδεια.</span> <span class='ocrx_word' id='word_1_194' title='bbox 2983 1026 3224 1080; x_wconf 64' lang='grc' dir='ltr'>Καὶεέὰν</span> <span class='ocrx_word' id='word_1_195' title='bbox 3269 1023 3358 1078; x_wconf 80' lang='grc' dir='ltr'><strong>διὰ</strong></span> <span class='ocrx_word' id='word_1_196' title='bbox 3397 1023 3493 1089; x_wconf 79' lang='grc' dir='ltr'>τὰς</span> 
     </span>
    </p>
   </div>
   <div class='ocr_carea' id='block_1_25' title="bbox 1922 1113 3494 1190">
    <p class='ocr_par' dir='ltr' id='par_1_25' title="bbox 1922 1113 3494 1190">
     <span class='ocr_line' id='line_1_25' title="bbox 1922 1113 3494 1190; baseline -0.001 -23"><span class='ocrx_word' id='word_1_197' title='bbox 1922 1113 2199 1184; x_wconf 83' lang='grc' dir='ltr'>ἁμαρτίας</span> <span class='ocrx_word' id='word_1_198' title='bbox 2235 1115 2393 1185; x_wconf 74' lang='grc' dir='ltr'>ἡμῶν</span> <span class='ocrx_word' id='word_1_199' title='bbox 2423 1117 2452 1168; x_wconf 92' lang='lat'><strong>6</strong></span> <span class='ocrx_word' id='word_1_200' title='bbox 2481 1117 2615 1179; x_wconf 82' lang='grc' dir='ltr'><strong>Θεὸς</strong></span> <span class='ocrx_word' id='word_1_201' title='bbox 2663 1119 3069 1190; x_wconf 69' lang='grc' dir='ltr'>παραχωρήσει,</span> <span class='ocrx_word' id='word_1_202' title='bbox 3112 1117 3207 1170; x_wconf 76' lang='grc' dir='ltr'><strong>καὶ</strong></span> <span class='ocrx_word' id='word_1_203' title='bbox 3251 1115 3418 1177; x_wconf 78' lang='grc' dir='ltr'>,αὐτὸς</span> <span class='ocrx_word' id='word_1_204' title='bbox 3465 1118 3494 1166; x_wconf 98' lang='lat'><strong>6</strong></span> 
     </span>
    </p>
   </div>
   <div class='ocr_carea' id='block_1_26' title="bbox 1920 1205 3490 1280">
    <p class='ocr_par' dir='ltr' id='par_1_26' title="bbox 1920 1205 3490 1280">
     <span class='ocr_line' id='line_1_26' title="bbox 1920 1205 3490 1280; baseline 0.006 -22"><span class='ocrx_word' id='word_1_205' title='bbox 1920 1205 2202 1276; x_wconf 79' lang='grc' dir='ltr'>ἁλιτήριος</span> <span class='ocrx_word' id='word_1_206' title='bbox 2234 1208 2340 1262; x_wconf 78' lang='grc' dir='ltr'><strong>ὑπὸ</strong></span> <span class='ocrx_word' id='word_1_207' title='bbox 2369 1209 2465 1278; x_wconf 83' lang='grc' dir='ltr'>τῆς</span> <span class='ocrx_word' id='word_1_208' title='bbox 2499 1210 2755 1280; x_wconf 85' lang='grc' dir='ltr'>νεότητος</span> <span class='ocrx_word' id='word_1_209' title='bbox 2779 1210 2947 1263; x_wconf 87' lang='grc' dir='ltr'>αὐτοῦ</span> <span class='ocrx_word' id='word_1_210' title='bbox 2975 1211 3072 1265; x_wconf 74' lang='grc' dir='ltr'><strong>καὶ</strong></span> <span class='ocrx_word' id='word_1_211' title='bbox 3101 1207 3490 1276; x_wconf 76' lang='grc' dir='ltr'>κακογνωμίας</span> 
     </span>
    </p>
   </div>
   <div class='ocr_carea' id='block_1_27' title="bbox 1918 1299 3493 1372">
    <p class='ocr_par' dir='ltr' id='par_1_27' title="bbox 1918 1299 3493 1372">
     <span class='ocr_line' id='line_1_27' title="bbox 1918 1299 3493 1372; baseline 0.001 -20"><span class='ocrx_word' id='word_1_212' title='bbox 1918 1299 2157 1371; x_wconf 83' lang='grc' dir='ltr'>ὀρμήσοι</span> <span class='ocrx_word' id='word_1_213' title='bbox 2187 1301 2255 1356; x_wconf 74' lang='grc' dir='ltr'>ἂν</span> <span class='ocrx_word' id='word_1_214' title='bbox 2289 1303 2474 1372; x_wconf 78' lang='grc' dir='ltr'>μάχην</span> <span class='ocrx_word' id='word_1_215' title='bbox 2523 1303 2750 1372; x_wconf 77' lang='grc' dir='ltr'>ποιῆσαι</span> <span class='ocrx_word' id='word_1_216' title='bbox 2799 1305 2944 1358; x_wconf 74' lang='grc' dir='ltr'>κατὰ</span> <span class='ocrx_word' id='word_1_217' title='bbox 2975 1303 3076 1371; x_wconf 82' lang='grc' dir='ltr'>τῆς</span> <span class='ocrx_word' id='word_1_218' title='bbox 3122 1303 3354 1366; x_wconf 80' lang='grc' dir='ltr'>πόλεως,</span> <span class='ocrx_word' id='word_1_219' title='bbox 3390 1301 3493 1353; x_wconf 80' lang='grc' dir='ltr'><strong>οὐκ</strong></span> 
     </span>
    </p>
   </div>
   <div class='ocr_carea' id='block_1_28' title="bbox 1919 1387 3490 1464">
    <p class='ocr_par' dir='ltr' id='par_1_28' title="bbox 1919 1387 3490 1464">
     <span class='ocr_line' id='line_1_28' title="bbox 1919 1387 3490 1464; baseline 0.002 -22"><span class='ocrx_word' id='word_1_220' title='bbox 1919 1387 2038 1444; x_wconf 78' lang='grc' dir='ltr'>οἶδα</span> <span class='ocrx_word' id='word_1_221' title='bbox 2066 1391 2119 1444; x_wconf 92' lang='grc' dir='ltr'><strong>τί</strong></span> <span class='ocrx_word' id='word_1_222' title='bbox 2155 1394 2447 1462; x_wconf 88' lang='grc' dir='ltr'>γενήσεται</span> <span class='ocrx_word' id='word_1_223' title='bbox 2469 1395 2550 1456; x_wconf 80' lang='grc' dir='ltr'><strong>είς</strong></span> <span class='ocrx_word' id='word_1_224' title='bbox 2576 1396 2746 1464; x_wconf 74' lang='grc' dir='ltr'>ἡμᾶς.</span> <span class='ocrx_word' id='word_1_225' title='bbox 2779 1395 2889 1447; x_wconf 74' lang='grc' dir='ltr'><strong>Ναὶ</strong></span> <span class='ocrx_word' id='word_1_226' title='bbox 2915 1393 3131 1463; x_wconf 82' lang='grc' dir='ltr'>ἀληθῶς</span> <span class='ocrx_word' id='word_1_227' title='bbox 3157 1393 3490 1464; x_wconf 74' lang='grc' dir='ltr'>εὐφρόσυνος</span> 
     </span>
    </p>
   </div>
   <div class='ocr_carea' id='block_1_29' title="bbox 1918 1478 3491 1553">
    <p class='ocr_par' dir='ltr' id='par_1_29' title="bbox 1918 1478 3491 1553">
     <span class='ocr_line' id='line_1_29' title="bbox 1918 1478 3491 1553; baseline -0.001 -18"><span class='ocrx_word' id='word_1_228' title='bbox 1918 1482 2152 1548; x_wconf 79' lang='grc' dir='ltr'>ἀγγελία</span> <span class='ocrx_word' id='word_1_229' title='bbox 2182 1478 2270 1552; x_wconf 72' lang='grc' dir='ltr'>ἦν,</span> <span class='ocrx_word' id='word_1_230' title='bbox 2304 1484 2354 1535; x_wconf 89' lang='grc' dir='ltr'><strong>εί</strong></span> <span class='ocrx_word' id='word_1_231' title='bbox 2394 1483 2667 1538; x_wconf 81' lang='grc' dir='ltr'>ἀπέθανεν</span> <span class='ocrx_word' id='word_1_232' title='bbox 2696 1485 2730 1537; x_wconf 85' lang='grc' dir='ltr'><strong>ό</strong></span> <span class='ocrx_word' id='word_1_233' title='bbox 2759 1485 2855 1536; x_wconf 92' lang='grc' dir='ltr'><strong>νῦν</strong></span> <span class='ocrx_word' id='word_1_234' title='bbox 2889 1484 3125 1552; x_wconf 84' lang='grc' dir='ltr'>γεγονὼς</span> <span class='ocrx_word' id='word_1_235' title='bbox 3177 1485 3295 1546; x_wconf 84' lang='grc' dir='ltr'>νέος</span> <span class='ocrx_word' id='word_1_236' title='bbox 3344 1484 3491 1553; x_wconf 79' lang='grc' dir='ltr'>ἁμη-</span> 
     </span>
    </p>
   </div>
   <div class='ocr_carea' id='block_1_30' title="bbox 1920 1571 3491 1645">
    <p class='ocr_par' dir='ltr' id='par_1_30' title="bbox 1920 1571 3491 1645">
     <span class='ocr_line' id='line_1_30' title="bbox 1920 1571 3491 1645; baseline 0 -22"><span class='ocrx_word' id='word_1_237' title='bbox 1920 1573 2041 1640; x_wconf 82' lang='grc' dir='ltr'>ρᾶς,</span> <span class='ocrx_word' id='word_1_238' title='bbox 2067 1573 2192 1625; x_wconf 76' lang='grc' dir='ltr'>ἐπεὶ</span> <span class='ocrx_word' id='word_1_239' title='bbox 2219 1575 2247 1626; x_wconf 92' lang='lat'><strong>6</strong></span> <span class='ocrx_word' id='word_1_240' title='bbox 2279 1573 2462 1644; x_wconf 84' lang='grc' dir='ltr'>πατὴρ</span> <span class='ocrx_word' id='word_1_241' title='bbox 2508 1575 2677 1628; x_wconf 85' lang='grc' dir='ltr'>αὐτοῦ</span> <span class='ocrx_word' id='word_1_242' title='bbox 2718 1577 2821 1628; x_wconf 76' lang='grc' dir='ltr'>οὐκ</span> <span class='ocrx_word' id='word_1_243' title='bbox 2850 1571 2996 1645; x_wconf 74' lang='grc' dir='ltr'>εἶχεν</span> <span class='ocrx_word' id='word_1_244' title='bbox 3027 1576 3187 1628; x_wconf 82' lang='grc' dir='ltr'>ἄλλον</span> <span class='ocrx_word' id='word_1_245' title='bbox 3220 1575 3359 1636; x_wconf 65' lang='grc' dir='ltr'>υἱὸν,</span> <span class='ocrx_word' id='word_1_246' title='bbox 3395 1574 3491 1625; x_wconf 73' lang='grc' dir='ltr'><strong>καὶ</strong></span> 
     </span>
    </p>
   </div>
   <div class='ocr_carea' id='block_1_31' title="bbox 1917 1661 3492 1736">
    <p class='ocr_par' dir='ltr' id='par_1_31' title="bbox 1917 1661 3492 1736">
     <span class='ocr_line' id='line_1_31' title="bbox 1917 1661 3492 1736; baseline 0.001 -20"><span class='ocrx_word' id='word_1_247' title='bbox 1917 1663 1994 1732; x_wconf 82' lang='grc' dir='ltr'>τῷ</span> <span class='ocrx_word' id='word_1_248' title='bbox 2023 1665 2242 1733; x_wconf 78' lang='grc' dir='ltr'>γηραιῷ</span> <span class='ocrx_word' id='word_1_249' title='bbox 2265 1667 2330 1718; x_wconf 80' lang='grc' dir='ltr'>ἐκ</span> <span class='ocrx_word' id='word_1_250' title='bbox 2351 1667 2451 1736; x_wconf 85' lang='grc' dir='ltr'><strong>τῆς</strong></span> <span class='ocrx_word' id='word_1_251' title='bbox 2482 1666 2656 1734; x_wconf 83' lang='grc' dir='ltr'>λύπης</span> <span class='ocrx_word' id='word_1_252' title='bbox 2681 1667 2885 1720; x_wconf 76' lang='grc' dir='ltr'><strong>ἐδίδοτο</strong></span> <span class='ocrx_word' id='word_1_253' title='bbox 2907 1667 3181 1728; x_wconf 75' lang='grc' dir='ltr'>ἀσθένεια,</span> <span class='ocrx_word' id='word_1_254' title='bbox 3213 1665 3274 1730; x_wconf 78' lang='grc' dir='ltr'>ἐξ</span> <span class='ocrx_word' id='word_1_255' title='bbox 3299 1661 3365 1735; x_wconf 87' lang='grc' dir='ltr'>ἦς</span> <span class='ocrx_word' id='word_1_256' title='bbox 3395 1663 3492 1718; x_wconf 73' lang='grc' dir='ltr'><strong>καὶ</strong></span> 
     </span>
    </p>
   </div>
   <div class='ocr_carea' id='block_1_32' title="bbox 1915 1757 3491 1826">
    <p class='ocr_par' dir='ltr' id='par_1_32' title="bbox 1915 1757 3491 1826">
     <span class='ocr_line' id='line_1_32' title="bbox 1915 1757 3491 1826; baseline 0 -19"><span class='ocrx_word' id='word_1_257' title='bbox 1915 1757 2298 1826; x_wconf 83' lang='grc' dir='ltr'>ὁλιγοχρονία·</span> <span class='ocrx_word' id='word_1_258' title='bbox 2333 1759 2427 1810; x_wconf 75' lang='grc' dir='ltr'><strong>καὶ</strong></span> <span class='ocrx_word' id='word_1_259' title='bbox 2484 1760 2678 1812; x_wconf 86' lang='grc' dir='ltr'>τούτου</span> <span class='ocrx_word' id='word_1_260' title='bbox 2731 1759 2920 1812; x_wconf 70' lang='grc' dir='ltr'>ἕνεκεν</span> <span class='ocrx_word' id='word_1_261' title='bbox 2968 1760 3047 1821; x_wconf 87' lang='grc' dir='ltr'><strong>είς</strong></span> <span class='ocrx_word' id='word_1_262' title='bbox 3097 1758 3342 1811; x_wconf 78' lang='grc' dir='ltr'>κίνδυνον</span> <span class='ocrx_word' id='word_1_263' title='bbox 3395 1760 3491 1810; x_wconf 78' lang='grc' dir='ltr'><strong>καὶ</strong></span> 
     </span>
    </p>
   </div>
   <div class='ocr_carea' id='block_1_33' title="bbox 227 1848 3487 1923">
    <p class='ocr_par' dir='ltr' id='par_1_33' title="bbox 227 1848 3487 1923">
     <span class='ocr_line' id='line_1_33' title="bbox 227 1848 3487 1923; baseline 0 -21"><span class='ocrx_word' id='word_1_264' title='bbox 227 1864 359 1909; x_wconf 76' lang='grc' dir='ltr'>κος.</span> <span class='ocrx_word' id='word_1_265' title='bbox 387 1848 559 1916; x_wconf 77' lang='grc' dir='ltr'><strong>Κάγὼ</strong></span> <span class='ocrx_word' id='word_1_266' title='bbox 587 1850 828 1914; x_wconf 80' lang='grc' dir='ltr'>ἀκούσας</span> <span class='ocrx_word' id='word_1_267' title='bbox 853 1850 1025 1914; x_wconf 79' lang='grc' dir='ltr'>οὕτως</span> <span class='ocrx_word' id='word_1_268' title='bbox 1061 1854 1329 1922; x_wconf 85' lang='grc' dir='ltr'>ἐγενόμην</span> <span class='ocrx_word' id='word_1_269' title='bbox 1361 1854 1576 1923; x_wconf 82' lang='grc' dir='ltr'>ἄφωνος</span> <span class='ocrx_word' id='word_1_270' title='bbox 1593 1856 1694 1906; x_wconf 72' lang='grc' dir='ltr'><strong>καὶ</strong></span> <span class='ocrx_word' id='word_1_271' title='bbox 1719 1871 1809 1906; x_wconf 86' lang='grc' dir='ltr'>το-</span> <span class='ocrx_word' id='word_1_272' title='bbox 1843 1857 1882 1916; x_wconf 78' lang='lat' dir='ltr'><strong>B</strong></span> <span class='ocrx_word' id='word_1_273' title='bbox 1914 1849 2266 1917; x_wconf 70' lang='grc' dir='ltr'>διχοστασίαν</span> <span class='ocrx_word' id='word_1_274' title='bbox 2291 1851 2540 1920; x_wconf 81' lang='grc' dir='ltr'>μεγάλην</span> <span class='ocrx_word' id='word_1_275' title='bbox 2578 1852 2870 1904; x_wconf 68' lang='grc' dir='ltr'>ἐνέπιπτεν</span> <span class='ocrx_word' id='word_1_276' title='bbox 2895 1854 2930 1921; x_wconf 81' lang='grc' dir='ltr'>ὴ</span> <span class='ocrx_word' id='word_1_277' title='bbox 2952 1854 3058 1904; x_wconf 82' lang='grc' dir='ltr'><strong>τῶν</strong></span> <span class='ocrx_word' id='word_1_278' title='bbox 3085 1850 3299 1904; x_wconf 80' lang='grc' dir='ltr'>ἀσεϐῶν</span> <span class='ocrx_word' id='word_1_279' title='bbox 3319 1850 3487 1921; x_wconf 81' lang='grc' dir='ltr'>ἀρχὴ.</span> 
     </span>
    </p>
   </div>
   <div class='ocr_carea' id='block_1_34' title="bbox 232 1936 1808 2015">
    <p class='ocr_par' dir='ltr' id='par_1_34' title="bbox 232 1936 1808 2015">
     <span class='ocr_line' id='line_1_34' title="bbox 232 1936 1808 2015; baseline 0.005 -27"><span class='ocrx_word' id='word_1_280' title='bbox 232 1936 422 2006; x_wconf 87' lang='grc' dir='ltr'>σαύτη</span> <span class='ocrx_word' id='word_1_281' title='bbox 453 1937 614 2008; x_wconf 78' lang='grc' dir='ltr'>ὀδύνη</span> <span class='ocrx_word' id='word_1_282' title='bbox 648 1956 741 2008; x_wconf 90' lang='grc' dir='ltr'><strong>μοι</strong></span> <span class='ocrx_word' id='word_1_283' title='bbox 774 1942 1082 2012; x_wconf 80' lang='grc' dir='ltr'>περιείχετο</span> <span class='ocrx_word' id='word_1_284' title='bbox 1109 1943 1188 2006; x_wconf 83' lang='grc' dir='ltr'><strong>ὡς</strong></span> <span class='ocrx_word' id='word_1_285' title='bbox 1217 1945 1266 1996; x_wconf 89' lang='grc' dir='ltr'><strong>εί</strong></span> <span class='ocrx_word' id='word_1_286' title='bbox 1293 1945 1421 2015; x_wconf 71' lang='grc' dir='ltr'>περὶ</span> <span class='ocrx_word' id='word_1_287' title='bbox 1449 1944 1542 2002; x_wconf 89' lang='grc' dir='ltr'><strong>τοῦ</strong></span> <span class='ocrx_word' id='word_1_288' title='bbox 1573 1946 1808 1997; x_wconf 81' lang='grc' dir='ltr'>θανάτου</span> 
     </span>
    </p>
   </div>
   <div class='ocr_carea' id='block_1_35' title="bbox 227 2031 1812 2110">
    <p class='ocr_par' dir='ltr' id='par_1_35' title="bbox 227 2031 1812 2110">
     <span class='ocr_line' id='line_1_35' title="bbox 227 2031 1812 2110; baseline 0.007 -29"><span class='ocrx_word' id='word_1_289' title='bbox 227 2031 354 2083; x_wconf 86' lang='grc' dir='ltr'><strong>τῶν</strong></span> <span class='ocrx_word' id='word_1_290' title='bbox 377 2031 527 2102; x_wconf 85' lang='grc' dir='ltr'>ἐμῶν</span> <span class='ocrx_word' id='word_1_291' title='bbox 554 2033 830 2102; x_wconf 76' lang='grc' dir='ltr'>φιλτάτων</span> <span class='ocrx_word' id='word_1_292' title='bbox 859 2038 1142 2106; x_wconf 70' lang='grc' dir='ltr'>ἠκούκειν.</span> <span class='ocrx_word' id='word_1_293' title='bbox 1175 2039 1284 2091; x_wconf 75' lang='grc' dir='ltr'><strong>Καὶ</strong></span> <span class='ocrx_word' id='word_1_294' title='bbox 1315 2039 1511 2110; x_wconf 76' lang='grc' dir='ltr'>μικρὸν</span> <span class='ocrx_word' id='word_1_295' title='bbox 1539 2039 1812 2108; x_wconf 73' lang='grc' dir='ltr'>κατηφιὰρ</span> 
     </span>
    </p>
   </div>
   <div class='ocr_carea' id='block_1_36' title="bbox 227 2124 1814 2202">
    <p class='ocr_par' dir='ltr' id='par_1_36' title="bbox 227 2124 1814 2202">
     <span class='ocr_line' id='line_1_36' title="bbox 227 2124 1814 2202; baseline 0.004 -27"><span class='ocrx_word' id='word_1_296' title='bbox 227 2140 342 2187; x_wconf 85' lang='grc' dir='ltr'><strong>σας</strong></span> <span class='ocrx_word' id='word_1_297' title='bbox 375 2124 519 2193; x_wconf 81' lang='grc' dir='ltr'>λέγω</span> <span class='ocrx_word' id='word_1_298' title='bbox 540 2140 557 2157; x_wconf 81' lang='grc'><strong>⁸</strong></span> <span class='ocrx_word' id='word_1_299' title='bbox 591 2145 612 2179; x_wconf 80' lang='grc' dir='ltr'><strong>ι</strong></span> <span class='ocrx_word' id='word_1_300' title='bbox 643 2127 896 2184; x_wconf 81' lang='grc' dir='ltr'>Δέσποτά</span> <span class='ocrx_word' id='word_1_301' title='bbox 927 2147 1051 2198; x_wconf 88' lang='grc' dir='ltr'>μου,</span> <span class='ocrx_word' id='word_1_302' title='bbox 1087 2130 1227 2200; x_wconf 78' lang='grc' dir='ltr'>αὐτη</span> <span class='ocrx_word' id='word_1_303' title='bbox 1253 2132 1314 2184; x_wconf 90' lang='grc' dir='ltr'><strong>οὐ</strong></span> <span class='ocrx_word' id='word_1_304' title='bbox 1343 2131 1612 2202; x_wconf 80' lang='grc' dir='ltr'>χαρίεσσα</span> <span class='ocrx_word' id='word_1_305' title='bbox 1639 2134 1814 2200; x_wconf 66' lang='grc' dir='ltr'>ἐπαγ-</span> 
     </span>
    </p>
   </div>
   <div class='ocr_carea' id='block_1_37' title="bbox 231 2215 1811 2292">
    <p class='ocr_par' dir='ltr' id='par_1_37' title="bbox 231 2215 1811 2292">
     <span class='ocr_line' id='line_1_37' title="bbox 231 2215 1811 2292; baseline 0.006 -26"><span class='ocrx_word' id='word_1_306' title='bbox 231 2215 402 2282; x_wconf 84' lang='grc' dir='ltr'>γελία</span> <span class='ocrx_word' id='word_1_307' title='bbox 426 2217 596 2284; x_wconf 79' lang='grc' dir='ltr'>ἐστὶν,</span> <span class='ocrx_word' id='word_1_308' title='bbox 629 2218 769 2273; x_wconf 79' lang='grc' dir='ltr'>ἀλλὰ</span> <span class='ocrx_word' id='word_1_309' title='bbox 799 2222 895 2273; x_wconf 77' lang='grc' dir='ltr'><strong>καὶ</strong></span> <span class='ocrx_word' id='word_1_310' title='bbox 941 2220 1062 2276; x_wconf 83' lang='grc' dir='ltr'>λίαν</span> <span class='ocrx_word' id='word_1_311' title='bbox 1111 2223 1370 2292; x_wconf 80' lang='grc' dir='ltr'>ὀδυνηρά.</span> <span class='ocrx_word' id='word_1_312' title='bbox 1402 2241 1422 2274; x_wconf 72' lang='grc' dir='ltr'><strong>ι</strong></span> <span class='ocrx_word' id='word_1_313' title='bbox 1479 2222 1540 2276; x_wconf 86' lang='grc'><strong>’0</strong></span> <span class='ocrx_word' id='word_1_314' title='bbox 1569 2222 1629 2276; x_wconf 68' lang='grc' dir='ltr'>δὲ</span> <span class='ocrx_word' id='word_1_315' title='bbox 1663 2222 1811 2290; x_wconf 86' lang='grc' dir='ltr'>λέγει</span> 
     </span>
    </p>
   </div>
   <div class='ocr_carea' id='block_1_38' title="bbox 235 2300 1812 2382">
    <p class='ocr_par' dir='ltr' id='par_1_38' title="bbox 235 2300 1812 2382">
     <span class='ocr_line' id='line_1_38' title="bbox 235 2300 1812 2382; baseline 0.014 -25"><span class='ocrx_word' id='word_1_316' title='bbox 235 2325 256 2357; x_wconf 75' lang='grc' dir='ltr'><strong>ι</strong></span> <span class='ocrx_word' id='word_1_317' title='bbox 288 2307 404 2360; x_wconf 75' lang='grc' dir='ltr'><strong>Καὶ</strong></span> <span class='ocrx_word' id='word_1_318' title='bbox 421 2309 557 2374; x_wconf 80' lang='grc' dir='ltr'>πῶς,</span> <span class='ocrx_word' id='word_1_319' title='bbox 573 2312 777 2379; x_wconf 81' lang='grc' dir='ltr'>χρηστέ</span> <span class='ocrx_word' id='word_1_320' title='bbox 799 2300 962 2382; x_wconf 73' lang='grc' dir='ltr'><strong>ιᾶνὲρ</strong></span> <span class='ocrx_word' id='word_1_321' title='bbox 985 2327 1011 2376; x_wconf 89' lang='grc'><strong>;·</strong></span> <span class='ocrx_word' id='word_1_322' title='bbox 1031 2332 1051 2364; x_wconf 72' lang='grc' dir='ltr'><strong><em>ο</em></strong></span> <span class='ocrx_word' id='word_1_323' title='bbox 1073 2314 1251 2381; x_wconf 75' lang='grc' dir='ltr'>κάγὼ,</span> <span class='ocrx_word' id='word_1_324' title='bbox 1275 2332 1294 2364; x_wconf 87' lang='grc' dir='ltr'><strong>ι</strong></span> <span class='ocrx_word' id='word_1_325' title='bbox 1319 2315 1464 2366; x_wconf 82' lang='grc' dir='ltr'>Διότι</span> <span class='ocrx_word' id='word_1_326' title='bbox 1487 2315 1518 2367; x_wconf 90' lang='lat'><strong>6</strong></span> <span class='ocrx_word' id='word_1_327' title='bbox 1538 2313 1812 2382; x_wconf 69' lang='grc' dir='ltr'>τεθνηκὼς</span> 
     </span>
    </p>
   </div>
   <div class='ocr_carea' id='block_1_39' title="bbox 229 2395 1812 2474">
    <p class='ocr_par' dir='ltr' id='par_1_39' title="bbox 229 2395 1812 2474">
     <span class='ocr_line' id='line_1_39' title="bbox 229 2395 1812 2474; baseline 0.004 -24"><span class='ocrx_word' id='word_1_328' title='bbox 229 2399 466 2467; x_wconf 81' lang='grc' dir='ltr'>ἀμηρᾶς</span> <span class='ocrx_word' id='word_1_329' title='bbox 506 2395 576 2470; x_wconf 78' lang='grc' dir='ltr'>ἦν</span> <span class='ocrx_word' id='word_1_330' title='bbox 608 2401 810 2470; x_wconf 73' lang='grc' dir='ltr'>γέρων,</span> <span class='ocrx_word' id='word_1_331' title='bbox 846 2403 943 2456; x_wconf 80' lang='grc' dir='ltr'><strong>καὶ</strong></span> <span class='ocrx_word' id='word_1_332' title='bbox 988 2407 1054 2456; x_wconf 81' lang='grc' dir='ltr'>τὸ</span> <span class='ocrx_word' id='word_1_333' title='bbox 1103 2406 1242 2460; x_wconf 73' lang='grc' dir='ltr'>κατὰ</span> <span class='ocrx_word' id='word_1_334' title='bbox 1275 2403 1380 2474; x_wconf 78' lang='grc' dir='ltr'>τῆς</span> <span class='ocrx_word' id='word_1_335' title='bbox 1429 2404 1642 2467; x_wconf 75' lang='grc' dir='ltr'>πόλεως</span> <span class='ocrx_word' id='word_1_336' title='bbox 1672 2405 1812 2458; x_wconf 71' lang='grc' dir='ltr'>ἅπερ</span> 
     </span>
    </p>
   </div>
   <div class='ocr_carea' id='block_1_40' title="bbox 229 2490 1811 2567">
    <p class='ocr_par' dir='ltr' id='par_1_40' title="bbox 229 2490 1811 2567">
     <span class='ocr_line' id='line_1_40' title="bbox 229 2490 1811 2567; baseline 0.006 -27"><span class='ocrx_word' id='word_1_337' title='bbox 229 2490 520 2560; x_wconf 73' lang='grc' dir='ltr'><strong>⁴ιτειράσθη</strong></span> <span class='ocrx_word' id='word_1_338' title='bbox 545 2493 722 2563; x_wconf 84' lang='grc' dir='ltr'>αὐτῷ,</span> <span class='ocrx_word' id='word_1_339' title='bbox 751 2496 848 2548; x_wconf 71' lang='grc' dir='ltr'><strong>καὶ</strong></span> <span class='ocrx_word' id='word_1_340' title='bbox 879 2496 1063 2548; x_wconf 74' lang='grc' dir='ltr'>οὐκέτι</span> <span class='ocrx_word' id='word_1_341' title='bbox 1094 2495 1349 2551; x_wconf 81' lang='grc' dir='ltr'>ἐϐούλετο</span> <span class='ocrx_word' id='word_1_342' title='bbox 1393 2496 1811 2567; x_wconf 78' lang='grc' dir='ltr'>ἐγχειρισθῆναί</span> 
     </span>
    </p>
   </div>
   <div class='ocr_carea' id='block_1_41' title="bbox 229 2585 1808 2658">
    <p class='ocr_par' dir='ltr' id='par_1_41' title="bbox 229 2585 1808 2658">
     <span class='ocr_line' id='line_1_41' title="bbox 229 2585 1808 2658; baseline 0.005 -24"><span class='ocrx_word' id='word_1_343' title='bbox 229 2598 290 2634; x_wconf 81' lang='grc' dir='ltr'><strong>τι</strong></span> <span class='ocrx_word' id='word_1_344' title='bbox 325 2585 661 2655; x_wconf 81' lang='grc' dir='ltr'>κατάὐτῆς,</span> <span class='ocrx_word' id='word_1_345' title='bbox 689 2585 827 2640; x_wconf 78' lang='grc' dir='ltr'>ἀλλὰ</span> <span class='ocrx_word' id='word_1_346' title='bbox 865 2587 1026 2654; x_wconf 91' lang='grc' dir='ltr'>μόνον</span> <span class='ocrx_word' id='word_1_347' title='bbox 1052 2588 1212 2658; x_wconf 68' lang='grc' dir='ltr'>ἧθελε</span> <span class='ocrx_word' id='word_1_348' title='bbox 1243 2587 1447 2658; x_wconf 80' lang='grc' dir='ltr'>μᾶλλον</span> <span class='ocrx_word' id='word_1_349' title='bbox 1473 2589 1808 2658; x_wconf 81' lang='grc' dir='ltr'>είρηνεύειν·</span> 
     </span>
    </p>
   </div>
   <div class='ocr_carea' id='block_1_42' title="bbox 231 2675 1812 2752">
    <p class='ocr_par' dir='ltr' id='par_1_42' title="bbox 231 2675 1812 2752">
     <span class='ocr_line' id='line_1_42' title="bbox 231 2675 1812 2752; baseline 0.005 -25"><span class='ocrx_word' id='word_1_350' title='bbox 231 2678 264 2727; x_wconf 88' lang='lat'><strong>6</strong></span> <span class='ocrx_word' id='word_1_351' title='bbox 291 2675 354 2730; x_wconf 84' lang='grc' dir='ltr'>δὲ</span> <span class='ocrx_word' id='word_1_352' title='bbox 386 2677 481 2729; x_wconf 88' lang='grc' dir='ltr'><strong>νῦν</strong></span> <span class='ocrx_word' id='word_1_353' title='bbox 507 2677 747 2746; x_wconf 82' lang='grc' dir='ltr'>γεγονώς</span> <span class='ocrx_word' id='word_1_354' title='bbox 781 2681 897 2732; x_wconf 86' lang='grc' dir='ltr'>ἐστι</span> <span class='ocrx_word' id='word_1_355' title='bbox 929 2679 1047 2743; x_wconf 76' lang='grc' dir='ltr'>νέος</span> <span class='ocrx_word' id='word_1_356' title='bbox 1075 2679 1170 2733; x_wconf 74' lang='grc' dir='ltr'><strong>καὶ</strong></span> <span class='ocrx_word' id='word_1_357' title='bbox 1213 2680 1494 2735; x_wconf 79' lang='grc' dir='ltr'>παιδιόθεν</span> <span class='ocrx_word' id='word_1_358' title='bbox 1523 2682 1714 2752; x_wconf 76' lang='grc' dir='ltr'>ἐχθρὸς</span> <span class='ocrx_word' id='word_1_359' title='bbox 1744 2678 1812 2750; x_wconf 80' lang='grc' dir='ltr'>ἦν</span> 
     </span>
    </p>
   </div>
   <div class='ocr_carea' id='block_1_43' title="bbox 230 2769 1812 2842">
    <p class='ocr_par' dir='ltr' id='par_1_43' title="bbox 230 2769 1812 2842">
     <span class='ocr_line' id='line_1_43' title="bbox 230 2769 1812 2842; baseline 0.003 -22"><span class='ocrx_word' id='word_1_360' title='bbox 230 2769 354 2820; x_wconf 86' lang='grc' dir='ltr'><strong>τῶν</strong></span> <span class='ocrx_word' id='word_1_361' title='bbox 389 2771 730 2840; x_wconf 73' lang='grc' dir='ltr'>Χριστιανῶν</span> <span class='ocrx_word' id='word_1_362' title='bbox 764 2773 902 2842; x_wconf 85' lang='grc' dir='ltr'>πρὸς</span> <span class='ocrx_word' id='word_1_363' title='bbox 952 2771 1014 2825; x_wconf 76' lang='grc' dir='ltr'>τὸ</span> <span class='ocrx_word' id='word_1_364' title='bbox 1061 2771 1307 2842; x_wconf 78' lang='grc' dir='ltr'>ὑϐρίζειν</span> <span class='ocrx_word' id='word_1_365' title='bbox 1353 2774 1447 2826; x_wconf 74' lang='grc' dir='ltr'><strong>καὶ</strong></span> <span class='ocrx_word' id='word_1_366' title='bbox 1492 2773 1812 2828; x_wconf 75' lang='grc' dir='ltr'>ἐπαπειλεῖν</span> 
     </span>
    </p>
   </div>
   <div class='ocr_carea' id='block_1_44' title="bbox 235 2861 1810 2934">
    <p class='ocr_par' dir='ltr' id='par_1_44' title="bbox 235 2861 1810 2934">
     <span class='ocr_line' id='line_1_44' title="bbox 235 2861 1810 2934; baseline 0.003 -22"><span class='ocrx_word' id='word_1_367' title='bbox 235 2861 468 2924; x_wconf 78' lang='grc' dir='ltr'>αὐτοὺς,</span> <span class='ocrx_word' id='word_1_368' title='bbox 495 2861 673 2928; x_wconf 71' lang='grc' dir='ltr'>λέγων</span> <span class='ocrx_word' id='word_1_369' title='bbox 703 2863 787 2914; x_wconf 78' lang='grc' dir='ltr'>ὅτι</span> <span class='ocrx_word' id='word_1_370' title='bbox 813 2865 944 2916; x_wconf 83' lang='grc' dir='ltr'>ὅταν</span> <span class='ocrx_word' id='word_1_371' title='bbox 981 2863 1175 2934; x_wconf 84' lang='grc' dir='ltr'>καιρὸν</span> <span class='ocrx_word' id='word_1_372' title='bbox 1205 2863 1344 2934; x_wconf 78' lang='grc' dir='ltr'>εῦρῃ</span> <span class='ocrx_word' id='word_1_373' title='bbox 1372 2864 1679 2934; x_wconf 80' lang='grc' dir='ltr'>ἐπιτήδειον</span> <span class='ocrx_word' id='word_1_374' title='bbox 1715 2866 1810 2920; x_wconf 78' lang='grc' dir='ltr'><strong>καὶ</strong></span> 
     </span>
    </p>
   </div>
   <div class='ocr_carea' id='block_1_45' title="bbox 229 2951 1809 3026">
    <p class='ocr_par' dir='ltr' id='par_1_45' title="bbox 229 2951 1809 3026">
     <span class='ocr_line' id='line_1_45' title="bbox 229 2951 1809 3026; baseline 0.006 -22"><span class='ocrx_word' id='word_1_375' title='bbox 229 2951 340 3021; x_wconf 80' lang='grc' dir='ltr'>τὴν</span> <span class='ocrx_word' id='word_1_376' title='bbox 367 2952 465 3018; x_wconf 78' lang='grc' dir='ltr'>τῆς</span> <span class='ocrx_word' id='word_1_377' title='bbox 499 2952 778 3020; x_wconf 84' lang='grc' dir='ltr'>βασιλείας</span> <span class='ocrx_word' id='word_1_378' title='bbox 807 2954 1062 3021; x_wconf 73' lang='grc' dir='ltr'>ἐξουσίαν</span> <span class='ocrx_word' id='word_1_379' title='bbox 1093 2957 1174 3018; x_wconf 88' lang='grc' dir='ltr'><strong>είς</strong></span> <span class='ocrx_word' id='word_1_380' title='bbox 1209 2958 1402 3026; x_wconf 82' lang='grc' dir='ltr'>χεῖρας</span> <span class='ocrx_word' id='word_1_381' title='bbox 1435 2955 1602 3010; x_wconf 83' lang='grc' dir='ltr'>αὐτοῦ</span> <span class='ocrx_word' id='word_1_382' title='bbox 1632 2955 1809 3026; x_wconf 80' lang='grc' dir='ltr'>λήψη-</span> 
     </span>
    </p>
   </div>
   <div class='ocr_carea' id='block_1_46' title="bbox 230 3041 1808 3118">
    <p class='ocr_par' dir='ltr' id='par_1_46' title="bbox 230 3041 1808 3118">
     <span class='ocr_line' id='line_1_46' title="bbox 230 3041 1808 3118; baseline 0.008 -24"><span class='ocrx_word' id='word_1_383' title='bbox 230 3059 354 3105; x_wconf 83' lang='grc' dir='ltr'>ται,</span> <span class='ocrx_word' id='word_1_384' title='bbox 393 3041 492 3112; x_wconf 83' lang='grc' dir='ltr'>τὴν</span> <span class='ocrx_word' id='word_1_385' title='bbox 539 3043 715 3115; x_wconf 78' lang='grc' dir='ltr'>ἀρχὴν</span> <span class='ocrx_word' id='word_1_386' title='bbox 746 3045 857 3098; x_wconf 87' lang='grc' dir='ltr'><strong>τῶν</strong></span> <span class='ocrx_word' id='word_1_387' title='bbox 899 3047 1330 3115; x_wconf 65' lang='grc' dir='ltr'>Ῥωμαίωνῖκαὶ</span> <span class='ocrx_word' id='word_1_388' title='bbox 1379 3048 1601 3102; x_wconf 84' lang='grc' dir='ltr'>πάντων</span> <span class='ocrx_word' id='word_1_389' title='bbox 1635 3049 1808 3118; x_wconf 59' lang='grc'><strong>’212</strong></span> 
     </span>
    </p>
   </div>
   <div class='ocr_carea' id='block_1_47' title="bbox 232 3137 1876 3254">
    <p class='ocr_par' dir='ltr' id='par_1_47' title="bbox 232 3137 1876 3254">
     <span class='ocr_line' id='line_1_47' title="bbox 232 3137 1876 3254; baseline 0.001 -64"><span class='ocrx_word' id='word_1_390' title='bbox 232 3137 588 3207; x_wconf 75' lang='grc' dir='ltr'>Χριστιανῶν</span> <span class='ocrx_word' id='word_1_391' title='bbox 618 3139 730 3209; x_wconf 68' lang='grc' dir='ltr'>ἔχει</span> <span class='ocrx_word' id='word_1_392' title='bbox 757 3139 1138 3209; x_wconf 76' lang='grc' dir='ltr'>ἐξολοθρεῦσαι</span> <span class='ocrx_word' id='word_1_393' title='bbox 1163 3142 1258 3195; x_wconf 68' lang='grc' dir='ltr'><strong>καὶ</strong></span> <span class='ocrx_word' id='word_1_394' title='bbox 1285 3143 1571 3211; x_wconf 79' lang='grc' dir='ltr'>ἀφανίσαι.</span> <span class='ocrx_word' id='word_1_395' title='bbox 1601 3141 1681 3196; x_wconf 74' lang='grc' dir='ltr'><strong>Τὰ</strong></span> <span class='ocrx_word' id='word_1_396' title='bbox 1711 3142 1806 3194; x_wconf 87' lang='grc' dir='ltr'><strong>νῦν</strong></span> <span class='ocrx_word' id='word_1_397' title='bbox 1831 3195 1876 3254; x_wconf 76' lang='lat' dir='ltr'><strong><em>C</em></strong></span> 
     </span>
    </p>
   </div>
   <div class='ocr_carea' id='block_1_48' title="bbox 233 3318 1804 3392">
    <p class='ocr_par' dir='ltr' id='par_1_48' title="bbox 233 3318 1804 3392">
     <span class='ocr_line' id='line_1_48' title="bbox 233 3318 1804 3392; baseline 0.004 -22"><span class='ocrx_word' id='word_1_398' title='bbox 233 3331 475 3385; x_wconf 81' lang='lat' dir='ltr'><strong>pomone</strong></span> <span class='ocrx_word' id='word_1_399' title='bbox 509 3318 774 3374; x_wconf 74' lang='lat' dir='ltr'><strong>monacha</strong></span> <span class='ocrx_word' id='word_1_400' title='bbox 808 3321 975 3375; x_wconf 87' lang='lat' dir='ltr'><strong>dicta.</strong></span> <span class='ocrx_word' id='word_1_401' title='bbox 1007 3318 1231 3392; x_wconf 88' lang='lat' dir='ltr'><strong>Sepulta</strong></span> <span class='ocrx_word' id='word_1_402' title='bbox 1253 3332 1341 3376; x_wconf 90' lang='lat' dir='ltr'><strong>est</strong></span> <span class='ocrx_word' id='word_1_403' title='bbox 1377 3322 1430 3376; x_wconf 89' lang='lat' dir='ltr'><strong>in</strong></span> <span class='ocrx_word' id='word_1_404' title='bbox 1470 3325 1804 3377; x_wconf 86' lang='lat' dir='ltr'><strong>monasterio</strong></span> 
     </span>
    </p>
   </div>
   <div class='ocr_carea' id='block_1_49' title="bbox 237 3408 1803 3484">
    <p class='ocr_par' dir='ltr' id='par_1_49' title="bbox 237 3408 1803 3484">
     <span class='ocr_line' id='line_1_49' title="bbox 237 3408 1803 3484; baseline 0.003 -22"><span class='ocrx_word' id='word_1_405' title='bbox 237 3410 674 3475; x_wconf 77' lang='lat' dir='ltr'><strong>Pantocratoris,</strong></span> <span class='ocrx_word' id='word_1_406' title='bbox 705 3408 858 3480; x_wconf 80' lang='lat' dir='ltr'><strong>juxta</strong></span> <span class='ocrx_word' id='word_1_407' title='bbox 890 3412 1108 3466; x_wconf 83' lang='lat' dir='ltr'><strong>beatum</strong></span> <span class='ocrx_word' id='word_1_408' title='bbox 1139 3422 1192 3467; x_wconf 90' lang='lat' dir='ltr'><strong>et</strong></span> <span class='ocrx_word' id='word_1_409' title='bbox 1232 3413 1535 3480; x_wconf 85' lang='lat' dir='ltr'><strong>gloriosum</strong></span> <span class='ocrx_word' id='word_1_410' title='bbox 1565 3415 1803 3484; x_wconf 63' lang='lat' dir='ltr'><strong>impera-</strong></span> 
     </span>
    </p>
   </div>
   <div class='ocr_carea' id='block_1_50' title="bbox 1915 1941 3485 2015">
    <p class='ocr_par' dir='ltr' id='par_1_50' title="bbox 1915 1941 3485 2015">
     <span class='ocr_line' id='line_1_50' title="bbox 1915 1941 3485 2015; baseline 0.003 -24"><span class='ocrx_word' id='word_1_411' title='bbox 1915 1943 2010 1992; x_wconf 78' lang='grc' dir='ltr'><strong>καὶ</strong></span> <span class='ocrx_word' id='word_1_412' title='bbox 2041 1943 2098 1993; x_wconf 86' lang='grc' dir='ltr'><strong>ἐν</strong></span> <span class='ocrx_word' id='word_1_413' title='bbox 2125 1941 2204 2004; x_wconf 87' lang='grc' dir='ltr'>τῷ</span> <span class='ocrx_word' id='word_1_414' title='bbox 2237 1944 2390 2013; x_wconf 70' lang='grc' dir='ltr'>μέσῳ</span> <span class='ocrx_word' id='word_1_415' title='bbox 2419 1944 2610 1998; x_wconf 85' lang='grc' dir='ltr'>τούτου</span> <span class='ocrx_word' id='word_1_416' title='bbox 2643 1946 2737 1998; x_wconf 87' lang='grc' dir='ltr'><strong>τοῦ</strong></span> <span class='ocrx_word' id='word_1_417' title='bbox 2767 1945 2968 2015; x_wconf 75' lang='grc' dir='ltr'>καιροῦ</span> <span class='ocrx_word' id='word_1_418' title='bbox 2996 1945 3220 1996; x_wconf 76' lang='grc' dir='ltr'>ἐδύνατο</span> <span class='ocrx_word' id='word_1_419' title='bbox 3245 1943 3312 1996; x_wconf 85' lang='grc' dir='ltr'>ἂν</span> <span class='ocrx_word' id='word_1_420' title='bbox 3337 1943 3485 2012; x_wconf 65' lang='grc' dir='ltr'>διορς</span> 
     </span>
    </p>
   </div>
   <div class='ocr_carea' id='block_1_51' title="bbox 1913 2033 3488 2106">
    <p class='ocr_par' dir='ltr' id='par_1_51' title="bbox 1913 2033 3488 2106">
     <span class='ocr_line' id='line_1_51' title="bbox 1913 2033 3488 2106; baseline 0.001 -20"><span class='ocrx_word' id='word_1_421' title='bbox 1913 2033 2086 2086; x_wconf 84' lang='grc' dir='ltr'>θῶσαι</span> <span class='ocrx_word' id='word_1_422' title='bbox 2123 2037 2217 2087; x_wconf 80' lang='grc' dir='ltr'><strong>καὶ</strong></span> <span class='ocrx_word' id='word_1_423' title='bbox 2245 2037 2601 2106; x_wconf 77' lang='grc' dir='ltr'>οἰκονομῆσαι</span> <span class='ocrx_word' id='word_1_424' title='bbox 2634 2038 2702 2090; x_wconf 80' lang='grc' dir='ltr'><strong>τὰ</strong></span> <span class='ocrx_word' id='word_1_425' title='bbox 2739 2038 2939 2103; x_wconf 78' lang='grc' dir='ltr'>πάντα,</span> <span class='ocrx_word' id='word_1_426' title='bbox 2965 2039 3059 2088; x_wconf 74' lang='grc' dir='ltr'><strong>καὶ</strong></span> <span class='ocrx_word' id='word_1_427' title='bbox 3092 2039 3124 2106; x_wconf 79' lang='grc' dir='ltr'>ἡ</span> <span class='ocrx_word' id='word_1_428' title='bbox 3165 2035 3362 2090; x_wconf 81' lang='grc' dir='ltr'>ἑαυτοῦ</span> <span class='ocrx_word' id='word_1_429' title='bbox 3391 2036 3488 2104; x_wconf 88' lang='grc' dir='ltr'>βα-</span> 
     </span>
    </p>
   </div>
   <div class='ocr_carea' id='block_1_52' title="bbox 1922 2124 3485 2197">
    <p class='ocr_par' dir='ltr' id='par_1_52' title="bbox 1922 2124 3485 2197">
     <span class='ocr_line' id='line_1_52' title="bbox 1922 2124 3485 2197; baseline 0.006 -23"><span class='ocrx_word' id='word_1_430' title='bbox 1922 2124 2101 2176; x_wconf 84' lang='grc' dir='ltr'>σιλεία</span> <span class='ocrx_word' id='word_1_431' title='bbox 2134 2125 2402 2178; x_wconf 74' lang='grc' dir='ltr'>διέϐαινεν</span> <span class='ocrx_word' id='word_1_432' title='bbox 2445 2129 2530 2190; x_wconf 82' lang='grc' dir='ltr'><strong>είς</strong></span> <span class='ocrx_word' id='word_1_433' title='bbox 2557 2129 2844 2197; x_wconf 77' lang='grc' dir='ltr'>κρείττονα</span> <span class='ocrx_word' id='word_1_434' title='bbox 2881 2129 3243 2197; x_wconf 82' lang='grc' dir='ltr'>προτίμησιν.</span> <span class='ocrx_word' id='word_1_435' title='bbox 3279 2144 3300 2177; x_wconf 70' lang='grc' dir='ltr'><strong><em>ι</em></strong></span> <span class='ocrx_word' id='word_1_436' title='bbox 3341 2128 3399 2182; x_wconf 84' lang='grc'><strong>’0</strong></span> <span class='ocrx_word' id='word_1_437' title='bbox 3429 2127 3485 2183; x_wconf 75' lang='grc' dir='ltr'>δὲ</span> 
     </span>
    </p>
   </div>
   <div class='ocr_carea' id='block_1_53' title="bbox 1914 2214 3486 2289">
    <p class='ocr_par' dir='ltr' id='par_1_53' title="bbox 1914 2214 3486 2289">
     <span class='ocr_line' id='line_1_53' title="bbox 1914 2214 3486 2289; baseline 0.004 -24"><span class='ocrx_word' id='word_1_438' title='bbox 1914 2214 2169 2283; x_wconf 80' lang='grc' dir='ltr'>βασιλεὺς</span> <span class='ocrx_word' id='word_1_439' title='bbox 2226 2217 2642 2288; x_wconf 77' lang='grc' dir='ltr'>Τραπεζοῦντος</span> <span class='ocrx_word' id='word_1_440' title='bbox 2689 2219 2866 2274; x_wconf 84' lang='grc' dir='ltr'>ταῦτά</span> <span class='ocrx_word' id='word_1_441' title='bbox 2918 2237 3010 2289; x_wconf 79' lang='grc' dir='ltr'><strong>μοι</strong></span> <span class='ocrx_word' id='word_1_442' title='bbox 3055 2220 3202 2288; x_wconf 76' lang='grc' dir='ltr'><strong>ἔφη’</strong></span> <span class='ocrx_word' id='word_1_443' title='bbox 3239 2237 3259 2270; x_wconf 78' lang='grc' dir='ltr'><strong>ι</strong></span> <span class='ocrx_word' id='word_1_444' title='bbox 3309 2219 3486 2281; x_wconf 75' lang='grc' dir='ltr'>Αὐτὸς</span> 
     </span>
    </p>
   </div>
   <div class='ocr_carea' id='block_1_54' title="bbox 1917 2306 3484 2384">
    <p class='ocr_par' dir='ltr' id='par_1_54' title="bbox 1917 2306 3484 2384">
     <span class='ocr_line' id='line_1_54' title="bbox 1917 2306 3484 2384; baseline 0.005 -24"><span class='ocrx_word' id='word_1_445' title='bbox 1917 2309 2182 2378; x_wconf 78' lang='grc' dir='ltr'>ὑπάρχεις</span> <span class='ocrx_word' id='word_1_446' title='bbox 2214 2306 2295 2374; x_wconf 67' lang='grc' dir='ltr'>εἷς</span> <span class='ocrx_word' id='word_1_447' title='bbox 2330 2312 2438 2364; x_wconf 87' lang='grc' dir='ltr'><strong>τῶν</strong></span> <span class='ocrx_word' id='word_1_448' title='bbox 2468 2313 2750 2380; x_wconf 80' lang='grc' dir='ltr'>φρονίμων</span> <span class='ocrx_word' id='word_1_449' title='bbox 2781 2313 3062 2382; x_wconf 77' lang='grc' dir='ltr'>ἀρχόντων</span> <span class='ocrx_word' id='word_1_450' title='bbox 3107 2315 3206 2366; x_wconf 71' lang='grc' dir='ltr'><strong>καὶ</strong></span> <span class='ocrx_word' id='word_1_451' title='bbox 3250 2330 3484 2384; x_wconf 69' lang='grc' dir='ltr'>πρακτισ</span> 
     </span>
    </p>
   </div>
   <div class='ocr_carea' id='block_1_55' title="bbox 1914 2400 3484 2474">
    <p class='ocr_par' dir='ltr' id='par_1_55' title="bbox 1914 2400 3484 2474">
     <span class='ocr_line' id='line_1_55' title="bbox 1914 2400 3484 2474; baseline 0.003 -23"><span class='ocrx_word' id='word_1_452' title='bbox 1914 2400 2025 2453; x_wconf 82' lang='grc' dir='ltr'>κῶν</span> <span class='ocrx_word' id='word_1_453' title='bbox 2051 2401 2150 2470; x_wconf 74' lang='grc' dir='ltr'><strong>τῆς</strong></span> <span class='ocrx_word' id='word_1_454' title='bbox 2180 2401 2352 2472; x_wconf 82' lang='grc' dir='ltr'>αὐλῆς</span> <span class='ocrx_word' id='word_1_455' title='bbox 2375 2403 2611 2474; x_wconf 72' lang='grc' dir='ltr'>ἐκείνης,</span> <span class='ocrx_word' id='word_1_456' title='bbox 2635 2404 2732 2459; x_wconf 80' lang='grc' dir='ltr'><strong>καὶ</strong></span> <span class='ocrx_word' id='word_1_457' title='bbox 2751 2405 3042 2472; x_wconf 83' lang='grc' dir='ltr'>γινώσκεις</span> <span class='ocrx_word' id='word_1_458' title='bbox 3077 2407 3327 2474; x_wconf 79' lang='grc' dir='ltr'>κρεῖττον</span> <span class='ocrx_word' id='word_1_459' title='bbox 3355 2423 3419 2458; x_wconf 88' lang='grc' dir='ltr'><strong>πε</strong></span> <span class='ocrx_word' id='word_1_460' title='bbox 3431 2406 3484 2474; x_wconf 72' lang='lat' dir='ltr'><strong>pi</strong></span> 
     </span>
    </p>
   </div>
   <div class='ocr_carea' id='block_1_56' title="bbox 1911 2492 3483 2565">
    <p class='ocr_par' dir='ltr' id='par_1_56' title="bbox 1911 2492 3483 2565">
     <span class='ocr_line' id='line_1_56' title="bbox 1911 2492 3483 2565; baseline 0.001 -21"><span class='ocrx_word' id='word_1_461' title='bbox 1911 2492 2118 2545; x_wconf 86' lang='grc' dir='ltr'>τούτων</span> <span class='ocrx_word' id='word_1_462' title='bbox 2142 2509 2158 2524; x_wconf 76' lang='grc' dir='ltr'><strong><em>ο</em></strong></span> <span class='ocrx_word' id='word_1_463' title='bbox 2192 2493 2342 2563; x_wconf 79' lang='grc' dir='ltr'>ὅμως</span> <span class='ocrx_word' id='word_1_464' title='bbox 2389 2496 2419 2548; x_wconf 91' lang='lat'><strong>6</strong></span> <span class='ocrx_word' id='word_1_465' title='bbox 2467 2495 2625 2558; x_wconf 80' lang='grc' dir='ltr'>Θεὸς,</span> <span class='ocrx_word' id='word_1_466' title='bbox 2668 2496 2745 2558; x_wconf 85' lang='grc' dir='ltr'><strong>ὡς</strong></span> <span class='ocrx_word' id='word_1_467' title='bbox 2795 2496 3040 2564; x_wconf 65' lang='grc' dir='ltr'>δυνατὸς,</span> <span class='ocrx_word' id='word_1_468' title='bbox 3073 2498 3290 2565; x_wconf 81' lang='grc' dir='ltr'>ποιήσει</span> <span class='ocrx_word' id='word_1_469' title='bbox 3321 2496 3483 2549; x_wconf 80' lang='grc' dir='ltr'>αὐτὸν</span> 
     </span>
    </p>
   </div>
   <div class='ocr_carea' id='block_1_57' title="bbox 1905 2583 3483 2659">
    <p class='ocr_par' dir='ltr' id='par_1_57' title="bbox 1905 2583 3483 2659">
     <span class='ocr_line' id='line_1_57' title="bbox 1905 2583 3483 2659; baseline 0.001 -24"><span class='ocrx_word' id='word_1_470' title='bbox 1905 2585 1991 2646; x_wconf 78' lang='grc' dir='ltr'>,είς</span> <span class='ocrx_word' id='word_1_471' title='bbox 2031 2584 2258 2651; x_wconf 82' lang='grc' dir='ltr'>ἀγαθόν.</span> <span class='ocrx_word' id='word_1_472' title='bbox 2293 2605 2315 2638; x_wconf 74' lang='lat' dir='ltr'><strong>a</strong></span> <span class='ocrx_word' id='word_1_473' title='bbox 2352 2587 2524 2651; x_wconf 78' lang='grc' dir='ltr'><strong>Κάγὼ</strong></span> <span class='ocrx_word' id='word_1_474' title='bbox 2555 2587 2876 2659; x_wconf 75' lang='grc' dir='ltr'>ἀποκριθεὶς</span> <span class='ocrx_word' id='word_1_475' title='bbox 2907 2583 3075 2642; x_wconf 76' lang='grc' dir='ltr'>εῐπα-·</span> <span class='ocrx_word' id='word_1_476' title='bbox 3103 2606 3121 2638; x_wconf 77' lang='grc' dir='ltr'><strong>ι</strong></span> <span class='ocrx_word' id='word_1_477' title='bbox 3147 2587 3286 2644; x_wconf 81' lang='grc' dir='ltr'>Δίαν</span> <span class='ocrx_word' id='word_1_478' title='bbox 3313 2587 3483 2655; x_wconf 79' lang='grc' dir='ltr'>εὐχα-</span> 
     </span>
    </p>
   </div>
   <div class='ocr_carea' id='block_1_58' title="bbox 1914 2677 3479 2753">
    <p class='ocr_par' dir='ltr' id='par_1_58' title="bbox 1914 2677 3479 2753">
     <span class='ocr_line' id='line_1_58' title="bbox 1914 2677 3479 2753; baseline 0.003 -25"><span class='ocrx_word' id='word_1_479' title='bbox 1914 2677 2085 2746; x_wconf 81' lang='grc' dir='ltr'>ριστῶ</span> <span class='ocrx_word' id='word_1_480' title='bbox 2132 2682 2198 2748; x_wconf 71' lang='grc' dir='ltr'><strong>τῇ</strong></span> <span class='ocrx_word' id='word_1_481' title='bbox 2251 2679 2629 2750; x_wconf 68' lang='grc' dir='ltr'>καλοκαγαθία</span> <span class='ocrx_word' id='word_1_482' title='bbox 2669 2681 2766 2734; x_wconf 75' lang='grc' dir='ltr'><strong>καὶ</strong></span> <span class='ocrx_word' id='word_1_483' title='bbox 2816 2683 3140 2752; x_wconf 78' lang='grc' dir='ltr'>προαιρέσει</span> <span class='ocrx_word' id='word_1_484' title='bbox 3174 2681 3334 2753; x_wconf 71' lang='lat'><strong>213</strong></span> <span class='ocrx_word' id='word_1_485' title='bbox 3381 2681 3479 2734; x_wconf 86' lang='grc' dir='ltr'><strong>τοῦ</strong></span> 
     </span>
    </p>
   </div>
   <div class='ocr_carea' id='block_1_59' title="bbox 1913 2770 3480 2842">
    <p class='ocr_par' dir='ltr' id='par_1_59' title="bbox 1913 2770 3480 2842">
     <span class='ocr_line' id='line_1_59' title="bbox 1913 2770 3480 2842; baseline 0.004 -23"><span class='ocrx_word' id='word_1_486' title='bbox 1913 2770 2150 2835; x_wconf 82' lang='grc' dir='ltr'>κράτους</span> <span class='ocrx_word' id='word_1_487' title='bbox 2180 2786 2299 2835; x_wconf 87' lang='grc' dir='ltr'>σου,</span> <span class='ocrx_word' id='word_1_488' title='bbox 2317 2771 2454 2825; x_wconf 82' lang='grc' dir='ltr'>διότι</span> <span class='ocrx_word' id='word_1_489' title='bbox 2475 2771 2586 2839; x_wconf 73' lang='grc' dir='ltr'>ἐγὼ</span> <span class='ocrx_word' id='word_1_490' title='bbox 2610 2772 2714 2826; x_wconf 77' lang='grc' dir='ltr'><strong>οὐκ</strong></span> <span class='ocrx_word' id='word_1_491' title='bbox 2745 2775 2866 2842; x_wconf 85' lang='grc' dir='ltr'>είμι</span> <span class='ocrx_word' id='word_1_492' title='bbox 2895 2773 3162 2842; x_wconf 84' lang='grc' dir='ltr'>τοσαύτης</span> <span class='ocrx_word' id='word_1_493' title='bbox 3189 2773 3480 2842; x_wconf 86' lang='grc' dir='ltr'>ποιότητος</span> 
     </span>
    </p>
   </div>
   <div class='ocr_carea' id='block_1_60' title="bbox 1910 2859 3478 2936">
    <p class='ocr_par' dir='ltr' id='par_1_60' title="bbox 1910 2859 3478 2936">
     <span class='ocr_line' id='line_1_60' title="bbox 1910 2859 3478 2936; baseline 0.002 -25"><span class='ocrx_word' id='word_1_494' title='bbox 1910 2859 1987 2922; x_wconf 84' lang='grc' dir='ltr'><strong>ὡς</strong></span> <span class='ocrx_word' id='word_1_495' title='bbox 2021 2861 2055 2930; x_wconf 76' lang='grc' dir='ltr'>ἡ</span> <span class='ocrx_word' id='word_1_496' title='bbox 2089 2860 2336 2929; x_wconf 83' lang='grc' dir='ltr'>βασιλεία</span> <span class='ocrx_word' id='word_1_497' title='bbox 2375 2881 2468 2916; x_wconf 81' lang='grc' dir='ltr'><strong>σου</strong></span> <span class='ocrx_word' id='word_1_498' title='bbox 2513 2864 2829 2928; x_wconf 73' lang='grc' dir='ltr'>ἐκέλευσας.</span> <span class='ocrx_word' id='word_1_499' title='bbox 2869 2882 2889 2916; x_wconf 71' lang='grc' dir='ltr'><strong>ι</strong></span> <span class='ocrx_word' id='word_1_500' title='bbox 2937 2865 3203 2926; x_wconf 80' lang='grc' dir='ltr'>’Δκούσας</span> <span class='ocrx_word' id='word_1_501' title='bbox 3235 2866 3342 2936; x_wconf 78' lang='grc' dir='ltr'><strong>γὰρ</strong></span> <span class='ocrx_word' id='word_1_502' title='bbox 3368 2865 3478 2932; x_wconf 82' lang='grc' dir='ltr'>ἐγὼ</span> 
     </span>
    </p>
   </div>
   <div class='ocr_carea' id='block_1_61' title="bbox 1911 2950 3476 3027">
    <p class='ocr_par' dir='ltr' id='par_1_61' title="bbox 1911 2950 3476 3027">
     <span class='ocr_line' id='line_1_61' title="bbox 1911 2950 3476 3027; baseline 0.004 -24"><span class='ocrx_word' id='word_1_503' title='bbox 1911 2950 1992 3004; x_wconf 67' lang='grc' dir='ltr'>ἔτι</span> <span class='ocrx_word' id='word_1_504' title='bbox 2017 2953 2098 3004; x_wconf 86' lang='grc' dir='ltr'>ὃτι</span> <span class='ocrx_word' id='word_1_505' title='bbox 2127 2954 2162 3022; x_wconf 75' lang='grc' dir='ltr'>ἡ</span> <span class='ocrx_word' id='word_1_506' title='bbox 2192 2953 2284 3007; x_wconf 86' lang='grc' dir='ltr'><strong>τοῦ</strong></span> <span class='ocrx_word' id='word_1_507' title='bbox 2318 2956 2722 3026; x_wconf 74' lang='grc' dir='ltr'>προρρηθέντος</span> <span class='ocrx_word' id='word_1_508' title='bbox 2767 2960 2962 3027; x_wconf 80' lang='grc' dir='ltr'>ἁμηρᾶ</span> <span class='ocrx_word' id='word_1_509' title='bbox 2991 2958 3150 3026; x_wconf 81' lang='grc' dir='ltr'>γυνὴ,</span> <span class='ocrx_word' id='word_1_510' title='bbox 3181 2959 3213 3027; x_wconf 80' lang='grc' dir='ltr'><strong>η</strong></span> <span class='ocrx_word' id='word_1_511' title='bbox 3246 2958 3342 3010; x_wconf 78' lang='grc' dir='ltr'><strong>καὶ</strong></span> <span class='ocrx_word' id='word_1_512' title='bbox 3381 2957 3476 3011; x_wconf 84' lang='grc' dir='ltr'><strong>τοῦ</strong></span> 
     </span>
    </p>
   </div>
   <div class='ocr_carea' id='block_1_62' title="bbox 1911 3044 3479 3120">
    <p class='ocr_par' dir='ltr' id='par_1_62' title="bbox 1911 3044 3479 3120">
     <span class='ocr_line' id='line_1_62' title="bbox 1911 3044 3479 3120; baseline 0.006 -26"><span class='ocrx_word' id='word_1_513' title='bbox 1911 3046 2009 3112; x_wconf 79' lang='grc' dir='ltr'>τῆς</span> <span class='ocrx_word' id='word_1_514' title='bbox 2039 3044 2266 3114; x_wconf 83' lang='grc' dir='ltr'>Σερϐίας</span> <span class='ocrx_word' id='word_1_515' title='bbox 2291 3045 2554 3102; x_wconf 73' lang='grc' dir='ltr'>δεσπότου</span> <span class='ocrx_word' id='word_1_516' title='bbox 2588 3048 2860 3120; x_wconf 78' lang='grc' dir='ltr'>θυγάτηρ,</span> <span class='ocrx_word' id='word_1_517' title='bbox 2883 3051 3022 3118; x_wconf 73' lang='grc' dir='ltr'>μετὰ</span> <span class='ocrx_word' id='word_1_518' title='bbox 3046 3049 3144 3118; x_wconf 79' lang='grc' dir='ltr'>τὴν</span> <span class='ocrx_word' id='word_1_519' title='bbox 3164 3049 3262 3103; x_wconf 88' lang='grc' dir='ltr'><strong>τοῦ</strong></span> <span class='ocrx_word' id='word_1_520' title='bbox 3284 3051 3479 3120; x_wconf 74' lang='grc' dir='ltr'>ἀμηρᾶ</span> 
     </span>
    </p>
   </div>
   <div class='ocr_carea' id='block_1_63' title="bbox 1912 3137 3476 3212">
    <p class='ocr_par' dir='ltr' id='par_1_63' title="bbox 1912 3137 3476 3212">
     <span class='ocr_line' id='line_1_63' title="bbox 1912 3137 3476 3212; baseline 0.007 -24"><span class='ocrx_word' id='word_1_521' title='bbox 1912 3137 2006 3188; x_wconf 77' lang='grc' dir='ltr'><strong>καὶ</strong></span> <span class='ocrx_word' id='word_1_522' title='bbox 2039 3137 2232 3207; x_wconf 77' lang='grc' dir='ltr'>ἀνδρὸς</span> <span class='ocrx_word' id='word_1_523' title='bbox 2281 3140 2453 3208; x_wconf 78' lang='grc' dir='ltr'>αὐτῆς</span> <span class='ocrx_word' id='word_1_524' title='bbox 2492 3139 2657 3210; x_wconf 78' lang='grc' dir='ltr'>θανὴν</span> <span class='ocrx_word' id='word_1_525' title='bbox 2712 3142 2947 3212; x_wconf 83' lang='grc' dir='ltr'>ἐντίμως</span> <span class='ocrx_word' id='word_1_526' title='bbox 2975 3145 3072 3197; x_wconf 79' lang='grc' dir='ltr'><strong>καὶ</strong></span> <span class='ocrx_word' id='word_1_527' title='bbox 3103 3143 3285 3210; x_wconf 79' lang='grc' dir='ltr'>καλῶς</span> <span class='ocrx_word' id='word_1_528' title='bbox 3333 3145 3476 3198; x_wconf 78' lang='grc' dir='ltr'>ἁπε-</span> 
     </span>
    </p>
   </div>
   <div class='ocr_carea' id='block_1_64' title="bbox 1913 3312 3472 3394">
    <p class='ocr_par' dir='ltr' id='par_1_64' title="bbox 1913 3312 3472 3394">
     <span class='ocr_line' id='line_1_64' title="bbox 1913 3312 3472 3394; baseline 0.01 -29"><span class='ocrx_word' id='word_1_529' title='bbox 1913 3312 2114 3368; x_wconf 87' lang='lat' dir='ltr'><strong>habere</strong></span> <span class='ocrx_word' id='word_1_530' title='bbox 2153 3317 2500 3386; x_wconf 82' lang='lat' dir='ltr'><strong>minatusque</strong></span> <span class='ocrx_word' id='word_1_531' title='bbox 2519 3319 2703 3374; x_wconf 84' lang='lat' dir='ltr'><strong>dicere</strong></span> <span class='ocrx_word' id='word_1_532' title='bbox 2732 3320 2962 3384; x_wconf 88' lang='lat' dir='ltr'><strong>solebat,</strong></span> <span class='ocrx_word' id='word_1_533' title='bbox 2987 3337 3071 3388; x_wconf 85' lang='lat' dir='ltr'><strong>se,</strong></span> <span class='ocrx_word' id='word_1_534' title='bbox 3093 3338 3213 3378; x_wconf 90' lang='lat' dir='ltr'><strong>cum</strong></span> <span class='ocrx_word' id='word_1_535' title='bbox 3237 3325 3472 3394; x_wconf 85' lang='lat' dir='ltr'><strong>primum</strong></span> 
     </span>
    </p>
   </div>
   <div class='ocr_carea' id='block_1_65' title="bbox 1911 3404 3474 3480">
    <p class='ocr_par' dir='ltr' id='par_1_65' title="bbox 1911 3404 3474 3480">
     <span class='ocr_line' id='line_1_65' title="bbox 1911 3404 3474 3480; baseline 0.011 -27"><span class='ocrx_word' id='word_1_536' title='bbox 1911 3404 2256 3458; x_wconf 80' lang='lat' dir='ltr'><strong>occasionem</strong></span> <span class='ocrx_word' id='word_1_537' title='bbox 2288 3406 2598 3463; x_wconf 78' lang='lat' dir='ltr'><strong>invenisset</strong></span> <span class='ocrx_word' id='word_1_538' title='bbox 2627 3419 2878 3478; x_wconf 74' lang='lat' dir='ltr'><strong>et-regno</strong></span> <span class='ocrx_word' id='word_1_539' title='bbox 2908 3412 3114 3480; x_wconf 87' lang='lat' dir='ltr'><strong>potitus</strong></span> <span class='ocrx_word' id='word_1_540' title='bbox 3139 3422 3319 3478; x_wconf 67' lang='lat' dir='ltr'><strong>esset.</strong></span> <span class='ocrx_word' id='word_1_541' title='bbox 3362 3414 3474 3470; x_wconf 78' lang='lat' dir='ltr'><strong>Bo-</strong></span> 
     </span>
    </p>
   </div>
   <div class='ocr_carea' id='block_1_66' title="bbox 236 3498 3474 3576">
    <p class='ocr_par' dir='ltr' id='par_1_66' title="bbox 236 3498 3474 3576">
     <span class='ocr_line' id='line_1_66' title="bbox 236 3498 3474 3576; baseline 0.006 -32"><span class='ocrx_word' id='word_1_542' title='bbox 236 3511 440 3565; x_wconf 71' lang='grc' dir='ltr'>ιοι-εω,</span> <span class='ocrx_word' id='word_1_543' title='bbox 463 3503 751 3572; x_wconf 63' lang='lat' dir='ltr'><strong>coniugem</strong></span> <span class='ocrx_word' id='word_1_544' title='bbox 796 3503 936 3572; x_wconf 73' lang='lat' dir='ltr'><strong>ejus,</strong></span> <span class='ocrx_word' id='word_1_545' title='bbox 969 3503 1152 3559; x_wconf 63' lang='lat' dir='ltr'><strong>Hense</strong></span> <span class='ocrx_word' id='word_1_546' title='bbox 1193 3504 1491 3559; x_wconf 64' lang='lat' dir='ltr'><strong>Februario</strong></span> <span class='ocrx_word' id='word_1_547' title='bbox 1513 3506 1805 3560; x_wconf 55' lang='lat' dir='ltr'><strong>amussim</strong></span> <span class='ocrx_word' id='word_1_548' title='bbox 1899 3509 2223 3559; x_wconf 80' lang='lat' dir='ltr'><strong>manorum,</strong></span> <span class='ocrx_word' id='word_1_549' title='bbox 2271 3498 2382 3553; x_wconf 91' lang='lat' dir='ltr'><strong>imo</strong></span> <span class='ocrx_word' id='word_1_550' title='bbox 2409 3499 2852 3557; x_wconf 83' lang='lat' dir='ltr'><strong>Christianorum</strong></span> <span class='ocrx_word' id='word_1_551' title='bbox 2886 3506 3130 3560; x_wconf 88' lang='lat' dir='ltr'><strong>omnium</strong></span> <span class='ocrx_word' id='word_1_552' title='bbox 3180 3506 3474 3576; x_wconf 80' lang='lat' dir='ltr'><strong>imperium</strong></span> 
     </span>
    </p>
   </div>
   <div class='ocr_carea' id='block_1_67' title="bbox 231 3595 1802 3665">
    <p class='ocr_par' dir='ltr' id='par_1_67' title="bbox 231 3595 1802 3665">
     <span class='ocr_line' id='line_1_67' title="bbox 231 3595 1802 3665; baseline 0.004 -17"><span class='ocrx_word' id='word_1_553' title='bbox 231 3595 533 3650; x_wconf 81' lang='lat' dir='ltr'><strong>Amurales</strong></span> <span class='ocrx_word' id='word_1_554' title='bbox 561 3609 781 3651; x_wconf 76' lang='lat' dir='ltr'><strong>amaras</strong></span> <span class='ocrx_word' id='word_1_555' title='bbox 827 3595 985 3659; x_wconf 89' lang='lat' dir='ltr'><strong>obiit,</strong></span> <span class='ocrx_word' id='word_1_556' title='bbox 1028 3597 1173 3665; x_wconf 86' lang='lat' dir='ltr'><strong>quod</strong></span> <span class='ocrx_word' id='word_1_557' title='bbox 1202 3613 1302 3665; x_wconf 80' lang='lat' dir='ltr'><strong>ego</strong></span> <span class='ocrx_word' id='word_1_558' title='bbox 1334 3598 1388 3650; x_wconf 91' lang='lat' dir='ltr'><strong>in</strong></span> <span class='ocrx_word' id='word_1_559' title='bbox 1407 3598 1593 3652; x_wconf 57' lang='lat' dir='ltr'><strong>&#39;lberia</strong></span> <span class='ocrx_word' id='word_1_560' title='bbox 1635 3601 1802 3654; x_wconf 77' lang='lat' dir='ltr'><strong>etiam</strong></span> 
     </span>
    </p>
   </div>
   <div class='ocr_carea' id='block_1_68' title="bbox 227 3685 1801 3758">
    <p class='ocr_par' dir='ltr' id='par_1_68' title="bbox 227 3685 1801 3758">
     <span class='ocr_line' id='line_1_68' title="bbox 227 3685 1801 3758; baseline 0.003 -19"><span class='ocrx_word' id='word_1_561' title='bbox 227 3697 354 3740; x_wconf 83' lang='lat' dir='ltr'><strong>tum</strong></span> <span class='ocrx_word' id='word_1_562' title='bbox 389 3685 591 3754; x_wconf 84' lang='lat' dir='ltr'><strong>degens</strong></span> <span class='ocrx_word' id='word_1_563' title='bbox 635 3688 842 3757; x_wconf 83' lang='lat' dir='ltr'><strong>accepi.</strong></span> <span class='ocrx_word' id='word_1_564' title='bbox 896 3685 1293 3757; x_wconf 72' lang='lat' dir='ltr'><strong>Trapezuntem</strong></span> <span class='ocrx_word' id='word_1_565' title='bbox 1342 3689 1509 3758; x_wconf 88' lang='lat' dir='ltr'><strong>igitur</strong></span> <span class='ocrx_word' id='word_1_566' title='bbox 1561 3700 1621 3743; x_wconf 91' lang='lat' dir='ltr'><strong>ut</strong></span> <span class='ocrx_word' id='word_1_567' title='bbox 1643 3692 1801 3753; x_wconf 83' lang='lat' dir='ltr'><strong>veni,</strong></span> 
     </span>
    </p>
   </div>
   <div class='ocr_carea' id='block_1_69' title="bbox 229 3778 1799 3850">
    <p class='ocr_par' dir='ltr' id='par_1_69' title="bbox 229 3778 1799 3850">
     <span class='ocr_line' id='line_1_69' title="bbox 229 3778 1799 3850; baseline 0.003 -20"><span class='ocrx_word' id='word_1_568' title='bbox 229 3779 538 3847; x_wconf 74' lang='lat' dir='ltr'><strong>imperator</strong></span> <span class='ocrx_word' id='word_1_569' title='bbox 566 3778 652 3833; x_wconf 88' lang='lat' dir='ltr'><strong>his</strong></span> <span class='ocrx_word' id='word_1_570' title='bbox 683 3794 769 3834; x_wconf 91' lang='lat' dir='ltr'><strong>me</strong></span> <span class='ocrx_word' id='word_1_571' title='bbox 797 3780 977 3834; x_wconf 77' lang='lat' dir='ltr'><strong>verbis</strong></span> <span class='ocrx_word' id='word_1_572' title='bbox 1002 3781 1222 3850; x_wconf 78' lang='lat' dir='ltr'><strong>excepit</strong></span> <span class='ocrx_word' id='word_1_573' title='bbox 1253 3798 1266 3833; x_wconf 88' lang='lat'><strong>:</strong></span> <span class='ocrx_word' id='word_1_574' title='bbox 1297 3798 1315 3832; x_wconf 84' lang='grc' dir='ltr'><strong>ι</strong></span> <span class='ocrx_word' id='word_1_575' title='bbox 1350 3779 1574 3835; x_wconf 84' lang='lat' dir='ltr'><strong>Domine</strong></span> <span class='ocrx_word' id='word_1_576' title='bbox 1604 3783 1799 3850; x_wconf 78' lang='lat' dir='ltr'><strong>legate,</strong></span> 
     </span>
    </p>
   </div>
   <div class='ocr_carea' id='block_1_70' title="bbox 237 3875 1802 3945">
    <p class='ocr_par' dir='ltr' id='par_1_70' title="bbox 237 3875 1802 3945">
     <span class='ocr_line' id='line_1_70' title="bbox 237 3875 1802 3945; baseline 0.001 -18"><span class='ocrx_word' id='word_1_577' title='bbox 237 3877 483 3930; x_wconf 83' lang='lat' dir='ltr'><strong>faustum</strong></span> <span class='ocrx_word' id='word_1_578' title='bbox 539 3875 635 3929; x_wconf 88' lang='lat' dir='ltr'><strong>tibi</strong></span> <span class='ocrx_word' id='word_1_579' title='bbox 688 3877 946 3931; x_wconf 91' lang='lat' dir='ltr'><strong>nuntium</strong></span> <span class='ocrx_word' id='word_1_580' title='bbox 995 3875 1277 3945; x_wconf 81' lang='lat' dir='ltr'><strong>impertire</strong></span> <span class='ocrx_word' id='word_1_581' title='bbox 1326 3877 1468 3942; x_wconf 86' lang='lat' dir='ltr'><strong>volo,</strong></span> <span class='ocrx_word' id='word_1_582' title='bbox 1509 3875 1612 3930; x_wconf 88' lang='lat' dir='ltr'><strong>nisi</strong></span> <span class='ocrx_word' id='word_1_583' title='bbox 1654 3877 1802 3944; x_wconf 88' lang='lat' dir='ltr'><strong>quod</strong></span> 
     </span>
    </p>
   </div>
   <div class='ocr_carea' id='block_1_71' title="bbox 238 3967 1801 4038">
    <p class='ocr_par' dir='ltr' id='par_1_71' title="bbox 238 3967 1801 4038">
     <span class='ocr_line' id='line_1_71' title="bbox 238 3967 1801 4038; baseline 0.001 -15"><span class='ocrx_word' id='word_1_584' title='bbox 238 3982 440 4023; x_wconf 89' lang='lat' dir='ltr'><strong>munus</strong></span> <span class='ocrx_word' id='word_1_585' title='bbox 477 3967 696 4038; x_wconf 84' lang='lat' dir='ltr'><strong>aliquod</strong></span> <span class='ocrx_word' id='word_1_586' title='bbox 735 3970 872 4037; x_wconf 91' lang='lat' dir='ltr'><strong>grati</strong></span> <span class='ocrx_word' id='word_1_587' title='bbox 897 3967 1067 4021; x_wconf 90' lang='lat' dir='ltr'><strong>animi</strong></span> <span class='ocrx_word' id='word_1_588' title='bbox 1098 3967 1370 4036; x_wconf 83' lang='lat' dir='ltr'><strong>rependas</strong></span> <span class='ocrx_word' id='word_1_589' title='bbox 1411 3968 1541 4021; x_wconf 83' lang='lat' dir='ltr'><strong>mihi</strong></span> <span class='ocrx_word' id='word_1_590' title='bbox 1573 3983 1801 4024; x_wconf 88' lang='lat' dir='ltr'><strong>necesse</strong></span> 
     </span>
    </p>
   </div>
   <div class='ocr_carea' id='block_1_72' title="bbox 233 4060 1796 4130">
    <p class='ocr_par' dir='ltr' id='par_1_72' title="bbox 233 4060 1796 4130">
     <span class='ocr_line' id='line_1_72' title="bbox 233 4060 1796 4130; baseline 0 -16"><span class='ocrx_word' id='word_1_591' title='bbox 233 4070 339 4115; x_wconf 89' lang='lat' dir='ltr'><strong>est.</strong></span> <span class='ocrx_word' id='word_1_592' title='bbox 369 4078 388 4111; x_wconf 66' lang='grc' dir='ltr'><strong>ι</strong></span> <span class='ocrx_word' id='word_1_593' title='bbox 416 4060 493 4114; x_wconf 75' lang='lat' dir='ltr'><strong>Ad</strong></span> <span class='ocrx_word' id='word_1_594' title='bbox 514 4075 636 4129; x_wconf 72' lang='lat' dir='ltr'><strong>qua:</strong></span> <span class='ocrx_word' id='word_1_595' title='bbox 655 4075 754 4130; x_wconf 92' lang='lat' dir='ltr'><strong>ego</strong></span> <span class='ocrx_word' id='word_1_596' title='bbox 773 4074 1002 4128; x_wconf 87' lang='lat' dir='ltr'><strong>surgens</strong></span> <span class='ocrx_word' id='word_1_597' title='bbox 1021 4074 1256 4127; x_wconf 91' lang='lat' dir='ltr'><strong>eumque</strong></span> <span class='ocrx_word' id='word_1_598' title='bbox 1271 4061 1506 4113; x_wconf 88' lang='lat' dir='ltr'><strong>adorans</strong></span> <span class='ocrx_word' id='word_1_599' title='bbox 1528 4078 1542 4114; x_wconf 89' lang='lat'><strong>:</strong></span> <span class='ocrx_word' id='word_1_600' title='bbox 1573 4060 1762 4124; x_wconf 66' lang='lat' dir='ltr'><strong>«Deus,</strong></span> <span class='ocrx_word' id='word_1_601' title='bbox 1777 4079 1796 4113; x_wconf 74' lang='grc' dir='ltr'><strong>ι</strong></span> 
     </span>
    </p>
   </div>
   <div class='ocr_carea' id='block_1_73' title="bbox 233 4150 1801 4223">
    <p class='ocr_par' dir='ltr' id='par_1_73' title="bbox 233 4150 1801 4223">
     <span class='ocr_line' id='line_1_73' title="bbox 233 4150 1801 4223; baseline 0 -17"><span class='ocrx_word' id='word_1_602' title='bbox 233 4155 486 4223; x_wconf 83' lang='lat' dir='ltr'><strong>inquam,</strong></span> <span class='ocrx_word' id='word_1_603' title='bbox 517 4171 536 4205; x_wconf 88' lang='grc' dir='ltr'><strong>ι</strong></span> <span class='ocrx_word' id='word_1_604' title='bbox 565 4153 682 4207; x_wconf 85' lang='lat' dir='ltr'><strong>dies</strong></span> <span class='ocrx_word' id='word_1_605' title='bbox 713 4153 977 4219; x_wconf 79' lang='lat' dir='ltr'><strong>producat</strong></span> <span class='ocrx_word' id='word_1_606' title='bbox 1012 4162 1214 4207; x_wconf 72' lang='lat' dir='ltr'><strong>sancta:</strong></span> <span class='ocrx_word' id='word_1_607' title='bbox 1247 4150 1520 4220; x_wconf 76' lang='lat' dir='ltr'><strong>maiestati</strong></span> <span class='ocrx_word' id='word_1_608' title='bbox 1556 4164 1681 4218; x_wconf 72' lang='lat' dir='ltr'><strong>ture,</strong></span> <span class='ocrx_word' id='word_1_609' title='bbox 1707 4152 1801 4220; x_wconf 89' lang='lat' dir='ltr'><strong>qui</strong></span> 
     </span>
    </p>
   </div>
   <div class='ocr_carea' id='block_1_74' title="bbox 239 4241 1803 4311">
    <p class='ocr_par' dir='ltr' id='par_1_74' title="bbox 239 4241 1803 4311">
     <span class='ocr_line' id='line_1_74' title="bbox 239 4241 1803 4311; baseline -0.001 -14"><span class='ocrx_word' id='word_1_610' title='bbox 239 4244 404 4299; x_wconf 80' lang='lat' dir='ltr'><strong>nobis</strong></span> <span class='ocrx_word' id='word_1_611' title='bbox 436 4259 557 4299; x_wconf 89' lang='lat' dir='ltr'><strong>cum</strong></span> <span class='ocrx_word' id='word_1_612' title='bbox 596 4242 783 4297; x_wconf 89' lang='lat' dir='ltr'><strong>multis</strong></span> <span class='ocrx_word' id='word_1_613' title='bbox 803 4243 980 4298; x_wconf 86' lang='lat' dir='ltr'><strong>modis</strong></span> <span class='ocrx_word' id='word_1_614' title='bbox 1011 4241 1343 4306; x_wconf 87' lang='lat' dir='ltr'><strong>benefacias,</strong></span> <span class='ocrx_word' id='word_1_615' title='bbox 1390 4253 1503 4296; x_wconf 92' lang='lat' dir='ltr'><strong>tum</strong></span> <span class='ocrx_word' id='word_1_616' title='bbox 1541 4257 1638 4311; x_wconf 90' lang='lat' dir='ltr'><strong>per</strong></span> <span class='ocrx_word' id='word_1_617' title='bbox 1667 4243 1803 4296; x_wconf 79' lang='lat' dir='ltr'><strong>istos</strong></span> 
     </span>
    </p>
   </div>
   <div class='ocr_carea' id='block_1_75' title="bbox 235 4331 1802 4388">
    <p class='ocr_par' dir='ltr' id='par_1_75' title="bbox 235 4331 1802 4388">
     <span class='ocr_line' id='line_1_75' title="bbox 235 4331 1802 4388; baseline -0.001 -2"><span class='ocrx_word' id='word_1_618' title='bbox 235 4348 385 4387; x_wconf 89' lang='lat' dir='ltr'><strong>nunc</strong></span> <span class='ocrx_word' id='word_1_619' title='bbox 421 4332 639 4388; x_wconf 89' lang='lat' dir='ltr'><strong>nuntios</strong></span> <span class='ocrx_word' id='word_1_620' title='bbox 667 4332 992 4387; x_wconf 85' lang='lat' dir='ltr'><strong>benefacies.</strong></span> <span class='ocrx_word' id='word_1_621' title='bbox 1021 4331 1221 4387; x_wconf 80' lang='lat' dir='ltr'><strong>Verum</strong></span> <span class='ocrx_word' id='word_1_622' title='bbox 1247 4333 1384 4388; x_wconf 83' lang='lat' dir='ltr'><strong>nihil</strong></span> <span class='ocrx_word' id='word_1_623' title='bbox 1409 4347 1508 4388; x_wconf 91' lang='lat' dir='ltr'><strong>nos</strong></span> <span class='ocrx_word' id='word_1_624' title='bbox 1539 4333 1802 4387; x_wconf 85' lang='lat' dir='ltr'><strong>habemus</strong></span> 
     </span>
    </p>
   </div>
   <div class='ocr_carea' id='block_1_76' title="bbox 237 4419 1794 4492">
    <p class='ocr_par' dir='ltr' id='par_1_76' title="bbox 237 4419 1794 4492">
     <span class='ocr_line' id='line_1_76' title="bbox 237 4419 1794 4492; baseline -0.001 -16"><span class='ocrx_word' id='word_1_625' title='bbox 237 4424 485 4492; x_wconf 85' lang='lat' dir='ltr'><strong>dignum,</strong></span> <span class='ocrx_word' id='word_1_626' title='bbox 522 4423 664 4491; x_wconf 86' lang='lat' dir='ltr'><strong>quod</strong></span> <span class='ocrx_word' id='word_1_627' title='bbox 689 4425 1053 4490; x_wconf 86' lang='lat' dir='ltr'><strong>rependamus</strong></span> <span class='ocrx_word' id='word_1_628' title='bbox 1075 4431 1279 4476; x_wconf 54' lang='lat' dir='ltr'><strong>sanctas</strong></span> <span class='ocrx_word' id='word_1_629' title='bbox 1317 4419 1588 4491; x_wconf 59' lang='lat' dir='ltr'><strong>maiestati</strong></span> <span class='ocrx_word' id='word_1_630' title='bbox 1620 4431 1744 4477; x_wconf 68' lang='lat' dir='ltr'><strong>tum.</strong></span> <span class='ocrx_word' id='word_1_631' title='bbox 1774 4440 1794 4474; x_wconf 77' lang='grc' dir='ltr'><strong>ι</strong></span> 
     </span>
    </p>
   </div>
   <div class='ocr_carea' id='block_1_77' title="bbox 1904 3580 3473 3654">
    <p class='ocr_par' dir='ltr' id='par_1_77' title="bbox 1904 3580 3473 3654">
     <span class='ocr_line' id='line_1_77' title="bbox 1904 3580 3473 3654; baseline 0.009 -14"><span class='ocrx_word' id='word_1_632' title='bbox 1904 3585 2262 3651; x_wconf 77' lang='lat' dir='ltr'><strong>perditurum</strong></span> <span class='ocrx_word' id='word_1_633' title='bbox 2295 3597 2353 3642; x_wconf 82' lang='lat' dir='ltr'><strong>et</strong></span> <span class='ocrx_word' id='word_1_634' title='bbox 2398 3589 2731 3644; x_wconf 85' lang='lat' dir='ltr'><strong>deleturum.</strong></span> <span class='ocrx_word' id='word_1_635' title='bbox 2771 3580 2835 3647; x_wconf 80' lang='lat' dir='ltr'><strong>Et</strong></span> <span class='ocrx_word' id='word_1_636' title='bbox 2869 3608 2998 3647; x_wconf 78' lang='lat' dir='ltr'><strong>vero</strong></span> <span class='ocrx_word' id='word_1_637' title='bbox 3046 3595 3178 3651; x_wconf 73' lang='lat' dir='ltr'><strong>urbs</strong></span> <span class='ocrx_word' id='word_1_638' title='bbox 3225 3612 3372 3652; x_wconf 82' lang='lat' dir='ltr'><strong>nunc</strong></span> <span class='ocrx_word' id='word_1_639' title='bbox 3416 3597 3473 3654; x_wconf 88' lang='lat' dir='ltr'><strong>in</strong></span> 
     </span>
    </p>
   </div>
   <div class='ocr_carea' id='block_1_78' title="bbox 1909 3677 3474 3755">
    <p class='ocr_par' dir='ltr' id='par_1_78' title="bbox 1909 3677 3474 3755">
     <span class='ocr_line' id='line_1_78' title="bbox 1909 3677 3474 3755; baseline 0.008 -27"><span class='ocrx_word' id='word_1_640' title='bbox 1909 3677 2180 3743; x_wconf 77' lang='lat' dir='ltr'><strong>angustiis</strong></span> <span class='ocrx_word' id='word_1_641' title='bbox 2204 3687 2284 3732; x_wconf 88' lang='lat' dir='ltr'><strong>est</strong></span> <span class='ocrx_word' id='word_1_642' title='bbox 2315 3691 2538 3747; x_wconf 85' lang='lat' dir='ltr'><strong>propter</strong></span> <span class='ocrx_word' id='word_1_643' title='bbox 2573 3682 2873 3750; x_wconf 84' lang='lat' dir='ltr'><strong>principem</strong></span> <span class='ocrx_word' id='word_1_644' title='bbox 2915 3699 3100 3738; x_wconf 87' lang='lat' dir='ltr'><strong>meum</strong></span> <span class='ocrx_word' id='word_1_645' title='bbox 3133 3694 3189 3739; x_wconf 91' lang='lat' dir='ltr'><strong>et</strong></span> <span class='ocrx_word' id='word_1_646' title='bbox 3235 3687 3474 3755; x_wconf 86' lang='lat' dir='ltr'><strong>impera-</strong></span> 
     </span>
    </p>
   </div>
   <div class='ocr_carea' id='block_1_79' title="bbox 1914 3773 3475 3842">
    <p class='ocr_par' dir='ltr' id='par_1_79' title="bbox 1914 3773 3475 3842">
     <span class='ocr_line' id='line_1_79' title="bbox 1914 3773 3475 3842; baseline 0.01 -24"><span class='ocrx_word' id='word_1_647' title='bbox 1914 3776 2085 3822; x_wconf 90' lang='lat' dir='ltr'><strong>torem</strong></span> <span class='ocrx_word' id='word_1_648' title='bbox 2124 3783 2314 3824; x_wconf 80' lang='lat' dir='ltr'><strong>recens</strong></span> <span class='ocrx_word' id='word_1_649' title='bbox 2363 3787 2592 3840; x_wconf 81' lang='lat' dir='ltr'><strong>regnum</strong></span> <span class='ocrx_word' id='word_1_650' title='bbox 2640 3773 2921 3842; x_wconf 86' lang='lat' dir='ltr'><strong>adeptum,</strong></span> <span class='ocrx_word' id='word_1_651' title='bbox 2972 3776 3061 3830; x_wconf 89' lang='lat' dir='ltr'><strong>cui</strong></span> <span class='ocrx_word' id='word_1_652' title='bbox 3095 3776 3163 3831; x_wconf 88' lang='lat' dir='ltr'><strong>de</strong></span> <span class='ocrx_word' id='word_1_653' title='bbox 3197 3777 3475 3834; x_wconf 61' lang='lat' dir='ltr'><strong>reditibus</strong></span> 
     </span>
    </p>
   </div>
   <div class='ocr_carea' id='block_1_80' title="bbox 1911 3859 3471 3940">
    <p class='ocr_par' dir='ltr' id='par_1_80' title="bbox 1911 3859 3471 3940">
     <span class='ocr_line' id='line_1_80' title="bbox 1911 3859 3471 3940; baseline 0.008 -28"><span class='ocrx_word' id='word_1_654' title='bbox 1911 3859 2120 3926; x_wconf 83' lang='lat' dir='ltr'><strong>imperii</strong></span> <span class='ocrx_word' id='word_1_655' title='bbox 2150 3860 2352 3927; x_wconf 81' lang='lat' dir='ltr'><strong>grande</strong></span> <span class='ocrx_word' id='word_1_656' title='bbox 2375 3876 2450 3917; x_wconf 63' lang='lat' dir='ltr'><strong>res</strong></span> <span class='ocrx_word' id='word_1_657' title='bbox 2480 3863 2718 3919; x_wconf 88' lang='lat' dir='ltr'><strong>alienum</strong></span> <span class='ocrx_word' id='word_1_658' title='bbox 2755 3867 3077 3923; x_wconf 80' lang='lat' dir='ltr'><strong>solvendum</strong></span> <span class='ocrx_word' id='word_1_659' title='bbox 3107 3878 3216 3933; x_wconf 84' lang='lat' dir='ltr'><strong>est,</strong></span> <span class='ocrx_word' id='word_1_660' title='bbox 3253 3879 3471 3940; x_wconf 79' lang='lat' dir='ltr'><strong>propter</strong></span> 
     </span>
    </p>
   </div>
   <div class='ocr_carea' id='block_1_81' title="bbox 1909 3947 3470 4023">
    <p class='ocr_par' dir='ltr' id='par_1_81' title="bbox 1909 3947 3470 4023">
     <span class='ocr_line' id='line_1_81' title="bbox 1909 3947 3470 4023; baseline 0.01 -23"><span class='ocrx_word' id='word_1_661' title='bbox 1909 3947 2282 4016; x_wconf 81' lang='lat' dir='ltr'><strong>expeditiones</strong></span> <span class='ocrx_word' id='word_1_662' title='bbox 2307 3959 2362 4005; x_wconf 91' lang='lat' dir='ltr'><strong>et</strong></span> <span class='ocrx_word' id='word_1_663' title='bbox 2387 3952 2637 4008; x_wconf 79' lang='lat' dir='ltr'><strong>donativa</strong></span> <span class='ocrx_word' id='word_1_664' title='bbox 2662 3955 3086 4023; x_wconf 9' lang='lat' dir='ltr'><strong>tumtmil&#39;ttibus,</strong></span> <span class='ocrx_word' id='word_1_665' title='bbox 3117 3968 3231 4016; x_wconf 77' lang='lat' dir='ltr'><strong>tum</strong></span> <span class='ocrx_word' id='word_1_666' title='bbox 3255 3960 3470 4018; x_wconf 85' lang='lat' dir='ltr'><strong>cunctis</strong></span> 
     </span>
    </p>
   </div>
   <div class='ocr_carea' id='block_1_82' title="bbox 1909 4039 3471 4119">
    <p class='ocr_par' dir='ltr' id='par_1_82' title="bbox 1909 4039 3471 4119">
     <span class='ocr_line' id='line_1_82' title="bbox 1909 4039 3471 4119; baseline 0.011 -28"><span class='ocrx_word' id='word_1_667' title='bbox 1909 4039 2105 4093; x_wconf 83' lang='lat' dir='ltr'><strong>aulicis</strong></span> <span class='ocrx_word' id='word_1_668' title='bbox 2125 4042 2318 4096; x_wconf 84' lang='lat' dir='ltr'><strong>collata</strong></span> <span class='ocrx_word' id='word_1_669' title='bbox 2338 4042 2860 4110; x_wconf 47' lang='lat' dir='ltr'><strong>conflatumrQuare</strong></span> <span class='ocrx_word' id='word_1_670' title='bbox 2881 4048 3222 4116; x_wconf 72' lang='lat' dir='ltr'><strong>temporibus</strong></span> <span class='ocrx_word' id='word_1_671' title='bbox 3241 4050 3471 4119; x_wconf 80' lang='lat' dir='ltr'><strong>placatis</strong></span> 
     </span>
    </p>
   </div>
   <div class='ocr_carea' id='block_1_83' title="bbox 1909 4133 3471 4198">
    <p class='ocr_par' dir='ltr' id='par_1_83' title="bbox 1909 4133 3471 4198">
     <span class='ocr_line' id='line_1_83' title="bbox 1909 4133 3471 4198; baseline 0.009 -16"><span class='ocrx_word' id='word_1_672' title='bbox 1909 4142 2049 4198; x_wconf 82' lang='lat' dir='ltr'><strong>Opus</strong></span> <span class='ocrx_word' id='word_1_673' title='bbox 2074 4138 2178 4193; x_wconf 89' lang='lat' dir='ltr'><strong>est,</strong></span> <span class='ocrx_word' id='word_1_674' title='bbox 2203 4140 2262 4186; x_wconf 87' lang='lat' dir='ltr'><strong>ut</strong></span> <span class='ocrx_word' id='word_1_675' title='bbox 2291 4134 2454 4187; x_wconf 88' lang='lat' dir='ltr'><strong>rebus</strong></span> <span class='ocrx_word' id='word_1_676' title='bbox 2479 4133 2545 4187; x_wconf 90' lang='lat' dir='ltr'><strong>ad</strong></span> <span class='ocrx_word' id='word_1_677' title='bbox 2573 4133 2773 4188; x_wconf 84' lang='lat' dir='ltr'><strong>bellum</strong></span> <span class='ocrx_word' id='word_1_678' title='bbox 2808 4138 3226 4194; x_wconf 84' lang='lat' dir='ltr'><strong>necessariiset</strong></span> <span class='ocrx_word' id='word_1_679' title='bbox 3256 4138 3471 4196; x_wconf 77' lang='lat' dir='ltr'><strong>idoneis</strong></span> 
     </span>
    </p>
   </div>
   <div class='ocr_carea' id='block_1_84' title="bbox 1911 4218 3467 4295">
    <p class='ocr_par' dir='ltr' id='par_1_84' title="bbox 1911 4218 3467 4295">
     <span class='ocr_line' id='line_1_84' title="bbox 1911 4218 3467 4295; baseline 0.008 -23"><span class='ocrx_word' id='word_1_680' title='bbox 1911 4232 1970 4272; x_wconf 87' lang='lat' dir='ltr'><strong>se</strong></span> <span class='ocrx_word' id='word_1_681' title='bbox 2007 4218 2263 4274; x_wconf 85' lang='lat' dir='ltr'><strong>instruat.</strong></span> <span class='ocrx_word' id='word_1_682' title='bbox 2296 4218 2452 4286; x_wconf 87' lang='lat' dir='ltr'><strong>Quod</strong></span> <span class='ocrx_word' id='word_1_683' title='bbox 2495 4222 2542 4276; x_wconf 87' lang='lat' dir='ltr'><strong>si</strong></span> <span class='ocrx_word' id='word_1_684' title='bbox 2575 4222 2720 4282; x_wconf 85' lang='lat' dir='ltr'><strong>Deus</strong></span> <span class='ocrx_word' id='word_1_685' title='bbox 2751 4233 2974 4293; x_wconf 77' lang='lat' dir='ltr'><strong>propter</strong></span> <span class='ocrx_word' id='word_1_686' title='bbox 3007 4237 3240 4295; x_wconf 85' lang='lat' dir='ltr'><strong>peccata</strong></span> <span class='ocrx_word' id='word_1_687' title='bbox 3279 4238 3467 4288; x_wconf 76' lang='lat' dir='ltr'><strong>nostra</strong></span> 
     </span>
    </p>
   </div>
   <div class='ocr_carea' id='block_1_85' title="bbox 1908 4312 3474 4386">
    <p class='ocr_par' dir='ltr' id='par_1_85' title="bbox 1908 4312 3474 4386">
     <span class='ocr_line' id='line_1_85' title="bbox 1908 4312 3474 4386; baseline 0.008 -20"><span class='ocrx_word' id='word_1_688' title='bbox 1908 4312 2260 4377; x_wconf 86' lang='lat' dir='ltr'><strong>concesserit,</strong></span> <span class='ocrx_word' id='word_1_689' title='bbox 2290 4324 2599 4383; x_wconf 87' lang='lat' dir='ltr'><strong>utnequam</strong></span> <span class='ocrx_word' id='word_1_690' title='bbox 2622 4317 2732 4382; x_wconf 85' lang='lat' dir='ltr'><strong>ille,</strong></span> <span class='ocrx_word' id='word_1_691' title='bbox 2754 4317 2984 4386; x_wconf 80' lang='lat' dir='ltr'><strong>juvenili</strong></span> <span class='ocrx_word' id='word_1_692' title='bbox 3011 4319 3326 4378; x_wconf 76' lang='lat' dir='ltr'><strong>audacia-et</strong></span> <span class='ocrx_word' id='word_1_693' title='bbox 3351 4325 3474 4378; x_wconf 84' lang='lat' dir='ltr'><strong>ani-</strong></span> 
     </span>
    </p>
   </div>
   <div class='ocr_carea' id='block_1_86' title="bbox 1911 4405 3468 4481">
    <p class='ocr_par' dir='ltr' id='par_1_86' title="bbox 1911 4405 3468 4481">
     <span class='ocr_line' id='line_1_86' title="bbox 1911 4405 3468 4481; baseline 0.009 -25"><span class='ocrx_word' id='word_1_694' title='bbox 1911 4405 1984 4457; x_wconf 90' lang='lat' dir='ltr'><strong>mi</strong></span> <span class='ocrx_word' id='word_1_695' title='bbox 2003 4407 2270 4473; x_wconf 83' lang='lat' dir='ltr'><strong>pravitate</strong></span> <span class='ocrx_word' id='word_1_696' title='bbox 2294 4416 2470 4473; x_wconf 89' lang='lat' dir='ltr'><strong>actus,</strong></span> <span class='ocrx_word' id='word_1_697' title='bbox 2499 4408 2686 4463; x_wconf 85' lang='lat' dir='ltr'><strong>urbem</strong></span> <span class='ocrx_word' id='word_1_698' title='bbox 2717 4408 2860 4464; x_wconf 83' lang='lat' dir='ltr'><strong>bello</strong></span> <span class='ocrx_word' id='word_1_699' title='bbox 2877 4411 3254 4481; x_wconf 85' lang='lat' dir='ltr'><strong>aggrediatur.</strong></span> <span class='ocrx_word' id='word_1_700' title='bbox 3279 4416 3468 4471; x_wconf 86' lang='lat' dir='ltr'><strong>nescio</strong></span> 
     </span>
    </p>
   </div>
   <div class='ocr_carea' id='block_1_87' title="bbox 235 4495 1809 4594">
    <p class='ocr_par' dir='ltr' id='par_1_87' title="bbox 235 4512 1801 4576">
     <span class='ocr_line' id='line_1_87' title="bbox 235 4512 1801 4576; baseline 0.001 -11"><span class='ocrx_word' id='word_1_701' title='bbox 235 4512 379 4565; x_wconf 80' lang='lat' dir='ltr'><strong>Tum</strong></span> <span class='ocrx_word' id='word_1_702' title='bbox 412 4513 594 4567; x_wconf 83' lang='lat' dir='ltr'><strong>statim</strong></span> <span class='ocrx_word' id='word_1_703' title='bbox 626 4513 759 4567; x_wconf 80' lang='lat' dir='ltr'><strong>dixit</strong></span> <span class='ocrx_word' id='word_1_704' title='bbox 788 4513 919 4566; x_wconf 88' lang='lat' dir='ltr'><strong>mihi</strong></span> <span class='ocrx_word' id='word_1_705' title='bbox 948 4513 1016 4567; x_wconf 88' lang='lat' dir='ltr'><strong>de</strong></span> <span class='ocrx_word' id='word_1_706' title='bbox 1056 4522 1232 4566; x_wconf 89' lang='lat' dir='ltr'><strong>morte</strong></span> <span class='ocrx_word' id='word_1_707' title='bbox 1270 4513 1566 4576; x_wconf 80' lang='lat' dir='ltr'><strong>Amuratis,</strong></span> <span class='ocrx_word' id='word_1_708' title='bbox 1609 4528 1801 4566; x_wconf 80' lang='lat' dir='ltr'><strong>narra-</strong></span> 
     </span>
    </p>
   </div>
   <div class='ocr_carea' id='block_1_88' title="bbox 1912 4495 3468 4594">
    <p class='ocr_par' dir='ltr' id='par_1_88' title="bbox 1912 4495 3468 4564">
     <span class='ocr_line' id='line_1_88' title="bbox 1912 4495 3468 4564; baseline 0.01 -19"><span class='ocrx_word' id='word_1_709' title='bbox 1912 4495 2186 4564; x_wconf 87' lang='lat' dir='ltr'><strong>equidem.</strong></span> <span class='ocrx_word' id='word_1_710' title='bbox 2221 4497 2351 4562; x_wconf 76' lang='lat' dir='ltr'><strong>quid</strong></span> <span class='ocrx_word' id='word_1_711' title='bbox 2386 4498 2546 4554; x_wconf 86' lang='lat' dir='ltr'><strong>nobis</strong></span> <span class='ocrx_word' id='word_1_712' title='bbox 2595 4498 2843 4556; x_wconf 76' lang='lat' dir='ltr'><strong>fuurrum</strong></span> <span class='ocrx_word' id='word_1_713' title='bbox 2893 4502 2988 4558; x_wconf 76' lang='lat' dir='ltr'><strong>sit.</strong></span> <span class='ocrx_word' id='word_1_714' title='bbox 3037 4503 3294 4560; x_wconf 80' lang='lat' dir='ltr'><strong>Profecto</strong></span> <span class='ocrx_word' id='word_1_715' title='bbox 3341 4505 3468 4560; x_wconf 77' lang='lat' dir='ltr'><strong>felix</strong></span> 
     </span>
    </p>
   </div>
   <div class='ocr_carea' id='block_1_89' title="bbox 241 4604 1800 4673">
    <p class='ocr_par' dir='ltr' id='par_1_89' title="bbox 241 4604 1800 4673">
     <span class='ocr_line' id='line_1_89' title="bbox 241 4604 1800 4673; baseline 0.001 -17"><span class='ocrx_word' id='word_1_716' title='bbox 241 4604 449 4672; x_wconf 85' lang='lat' dir='ltr'><strong>vitque,</strong></span> <span class='ocrx_word' id='word_1_717' title='bbox 485 4604 761 4672; x_wconf 88' lang='lat' dir='ltr'><strong>quomodo</strong></span> <span class='ocrx_word' id='word_1_718' title='bbox 799 4606 918 4671; x_wconf 86' lang='lat' dir='ltr'><strong>ejus</strong></span> <span class='ocrx_word' id='word_1_719' title='bbox 943 4604 1088 4658; x_wconf 81' lang='lat' dir='ltr'><strong>illius</strong></span> <span class='ocrx_word' id='word_1_720' title='bbox 1126 4605 1381 4673; x_wconf 87' lang='lat' dir='ltr'><strong>princeps</strong></span> <span class='ocrx_word' id='word_1_721' title='bbox 1424 4607 1599 4660; x_wconf 84' lang='lat' dir='ltr'><strong>factus</strong></span> <span class='ocrx_word' id='word_1_722' title='bbox 1635 4615 1800 4668; x_wconf 89' lang='lat' dir='ltr'><strong>esset,</strong></span> 
     </span>
    </p>
   </div>
   <div class='ocr_carea' id='block_1_90' title="bbox 133 4694 1803 4765">
    <p class='ocr_par' dir='ltr' id='par_1_90' title="bbox 133 4694 1803 4765">
     <span class='ocr_line' id='line_1_90' title="bbox 133 4694 1803 4765; baseline -0.001 -16"><span class='ocrx_word' id='word_1_723' title='bbox 133 4733 138 4736; x_wconf 85' lang='lat'><strong><em>-</em></strong></span> <span class='ocrx_word' id='word_1_724' title='bbox 237 4705 292 4749; x_wconf 89' lang='lat' dir='ltr'><strong>et</strong></span> <span class='ocrx_word' id='word_1_725' title='bbox 321 4695 552 4763; x_wconf 88' lang='lat' dir='ltr'><strong>plurima</strong></span> <span class='ocrx_word' id='word_1_726' title='bbox 581 4694 685 4751; x_wconf 87' lang='lat' dir='ltr'><strong>sibi</strong></span> <span class='ocrx_word' id='word_1_727' title='bbox 709 4695 970 4750; x_wconf 79' lang='lat' dir='ltr'><strong>beneﬁcia</strong></span> <span class='ocrx_word' id='word_1_728' title='bbox 994 4696 1355 4765; x_wconf 63' lang='lat' dir='ltr'><strong>prastitisset,</strong></span> <span class='ocrx_word' id='word_1_729' title='bbox 1384 4705 1438 4750; x_wconf 90' lang='lat' dir='ltr'><strong>et</strong></span> <span class='ocrx_word' id='word_1_730' title='bbox 1459 4711 1803 4765; x_wconf 73' lang='lat' dir='ltr'><strong>paxrursum</strong></span> 
     </span>
    </p>
   </div>
   <div class='ocr_carea' id='block_1_91' title="bbox 242 4787 1806 4857">
    <p class='ocr_par' dir='ltr' id='par_1_91' title="bbox 242 4787 1806 4857">
     <span class='ocr_line' id='line_1_91' title="bbox 242 4787 1806 4857; baseline 0.002 -18"><span class='ocrx_word' id='word_1_731' title='bbox 242 4789 386 4840; x_wconf 87' lang='lat' dir='ltr'><strong>inter</strong></span> <span class='ocrx_word' id='word_1_732' title='bbox 414 4787 559 4856; x_wconf 82' lang='lat' dir='ltr'><strong>ipsos</strong></span> <span class='ocrx_word' id='word_1_733' title='bbox 585 4798 729 4843; x_wconf 80' lang='lat' dir='ltr'><strong>esset</strong></span> <span class='ocrx_word' id='word_1_734' title='bbox 756 4787 1095 4854; x_wconf 81' lang='lat' dir='ltr'><strong>confirmata,</strong></span> <span class='ocrx_word' id='word_1_735' title='bbox 1129 4787 1308 4857; x_wconf 86' lang='lat' dir='ltr'><strong>qualis</strong></span> <span class='ocrx_word' id='word_1_736' title='bbox 1333 4789 1496 4842; x_wconf 89' lang='lat' dir='ltr'><strong>etiam</strong></span> <span class='ocrx_word' id='word_1_737' title='bbox 1528 4797 1653 4842; x_wconf 87' lang='lat' dir='ltr'><strong>ante</strong></span> <span class='ocrx_word' id='word_1_738' title='bbox 1677 4789 1806 4842; x_wconf 88' lang='lat' dir='ltr'><strong>huic</strong></span> 
     </span>
    </p>
   </div>
   <div class='ocr_carea' id='block_1_92' title="bbox 237 4877 1800 4947">
    <p class='ocr_par' dir='ltr' id='par_1_92' title="bbox 237 4877 1800 4947">
     <span class='ocr_line' id='line_1_92' title="bbox 237 4877 1800 4947; baseline 0.001 -16"><span class='ocrx_word' id='word_1_739' title='bbox 237 4878 430 4931; x_wconf 87' lang='lat' dir='ltr'><strong>domui</strong></span> <span class='ocrx_word' id='word_1_740' title='bbox 471 4893 592 4932; x_wconf 89' lang='lat' dir='ltr'><strong>cum</strong></span> <span class='ocrx_word' id='word_1_741' title='bbox 627 4887 778 4947; x_wconf 81' lang='lat' dir='ltr'><strong>patre</strong></span> <span class='ocrx_word' id='word_1_742' title='bbox 809 4879 928 4947; x_wconf 88' lang='lat' dir='ltr'><strong>ejus</strong></span> <span class='ocrx_word' id='word_1_743' title='bbox 960 4880 1374 4934; x_wconf 83' lang='lat' dir='ltr'><strong>intercesserat.</strong></span> <span class='ocrx_word' id='word_1_744' title='bbox 1413 4877 1548 4943; x_wconf 74' lang='lat' dir='ltr'><strong>Quae</strong></span> <span class='ocrx_word' id='word_1_745' title='bbox 1580 4879 1669 4932; x_wconf 91' lang='lat' dir='ltr'><strong>ubi</strong></span> <span class='ocrx_word' id='word_1_746' title='bbox 1705 4895 1800 4933; x_wconf 64' lang='lat' dir='ltr'><strong>au.</strong></span> 
     </span>
    </p>
   </div>
   <div class='ocr_carea' id='block_1_93' title="bbox 239 4968 1800 5038">
    <p class='ocr_par' dir='ltr' id='par_1_93' title="bbox 239 4968 1800 5038">
     <span class='ocr_line' id='line_1_93' title="bbox 239 4968 1800 5038; baseline 0.001 -16"><span class='ocrx_word' id='word_1_747' title='bbox 239 4969 377 5034; x_wconf 87' lang='lat' dir='ltr'><strong>divi,</strong></span> <span class='ocrx_word' id='word_1_748' title='bbox 413 4969 684 5032; x_wconf 88' lang='lat' dir='ltr'><strong>obmutui,</strong></span> <span class='ocrx_word' id='word_1_749' title='bbox 720 4977 1012 5037; x_wconf 86' lang='lat' dir='ltr'><strong>tantusque</strong></span> <span class='ocrx_word' id='word_1_750' title='bbox 1041 4968 1200 5022; x_wconf 88' lang='lat' dir='ltr'><strong>dolor</strong></span> <span class='ocrx_word' id='word_1_751' title='bbox 1230 4983 1317 5022; x_wconf 90' lang='lat' dir='ltr'><strong>me</strong></span> <span class='ocrx_word' id='word_1_752' title='bbox 1360 4969 1602 5031; x_wconf 84' lang='lat' dir='ltr'><strong>incessit,</strong></span> <span class='ocrx_word' id='word_1_753' title='bbox 1636 4985 1800 5038; x_wconf 88' lang='lat' dir='ltr'><strong>quam</strong></span> 
     </span>
    </p>
   </div>
   <div class='ocr_carea' id='block_1_94' title="bbox 237 5059 1803 5127">
    <p class='ocr_par' dir='ltr' id='par_1_94' title="bbox 237 5059 1803 5127">
     <span class='ocr_line' id='line_1_94' title="bbox 237 5059 1803 5127; baseline -0.003 -11"><span class='ocrx_word' id='word_1_754' title='bbox 237 5065 288 5116; x_wconf 80' lang='lat' dir='ltr'><strong>si</strong></span> <span class='ocrx_word' id='word_1_755' title='bbox 336 5063 616 5115; x_wconf 85' lang='lat' dir='ltr'><strong>hominum</strong></span> <span class='ocrx_word' id='word_1_756' title='bbox 655 5061 786 5114; x_wconf 88' lang='lat' dir='ltr'><strong>mihi</strong></span> <span class='ocrx_word' id='word_1_757' title='bbox 815 5059 1272 5114; x_wconf 87' lang='lat' dir='ltr'><strong>cbarissimorum</strong></span> <span class='ocrx_word' id='word_1_758' title='bbox 1322 5069 1551 5112; x_wconf 88' lang='lat' dir='ltr'><strong>mortem</strong></span> <span class='ocrx_word' id='word_1_759' title='bbox 1584 5073 1803 5127; x_wconf 78' lang='lat' dir='ltr'><strong>compe-</strong></span> 
     </span>
    </p>
   </div>
   <div class='ocr_carea' id='block_1_95' title="bbox 243 5148 1798 5218">
    <p class='ocr_par' dir='ltr' id='par_1_95' title="bbox 243 5148 1798 5218">
     <span class='ocr_line' id='line_1_95' title="bbox 243 5148 1798 5218; baseline -0.002 -13"><span class='ocrx_word' id='word_1_760' title='bbox 243 5152 462 5205; x_wconf 90' lang='lat' dir='ltr'><strong>rissem.</strong></span> <span class='ocrx_word' id='word_1_761' title='bbox 499 5149 702 5204; x_wconf 87' lang='lat' dir='ltr'><strong>Deinde</strong></span> <span class='ocrx_word' id='word_1_762' title='bbox 752 5149 994 5203; x_wconf 84' lang='lat' dir='ltr'><strong>demisso</strong></span> <span class='ocrx_word' id='word_1_763' title='bbox 1024 5151 1228 5212; x_wconf 86' lang='lat' dir='ltr'><strong>animo,</strong></span> <span class='ocrx_word' id='word_1_764' title='bbox 1273 5167 1292 5198; x_wconf 78' lang='grc' dir='ltr'><strong>ι</strong></span> <span class='ocrx_word' id='word_1_765' title='bbox 1332 5148 1401 5202; x_wconf 81' lang='lat' dir='ltr'><strong>Mi</strong></span> <span class='ocrx_word' id='word_1_766' title='bbox 1433 5149 1682 5218; x_wconf 85' lang='lat' dir='ltr'><strong>despota,</strong></span> <span class='ocrx_word' id='word_1_767' title='bbox 1715 5149 1798 5202; x_wconf 89' lang='lat' dir='ltr'><strong>in-</strong></span> 
     </span>
    </p>
   </div>
   <div class='ocr_carea' id='block_1_96' title="bbox 242 5241 1800 5312">
    <p class='ocr_par' dir='ltr' id='par_1_96' title="bbox 242 5241 1800 5312">
     <span class='ocr_line' id='line_1_96' title="bbox 242 5241 1800 5312; baseline 0.001 -19"><span class='ocrx_word' id='word_1_768' title='bbox 242 5258 428 5312; x_wconf 85' lang='lat' dir='ltr'><strong>quam,</strong></span> <span class='ocrx_word' id='word_1_769' title='bbox 466 5243 569 5297; x_wconf 87' lang='lat' dir='ltr'><strong>iste</strong></span> <span class='ocrx_word' id='word_1_770' title='bbox 597 5242 816 5311; x_wconf 80' lang='lat' dir='ltr'><strong>quidem</strong></span> <span class='ocrx_word' id='word_1_771' title='bbox 851 5255 956 5294; x_wconf 90' lang='lat' dir='ltr'><strong>non</strong></span> <span class='ocrx_word' id='word_1_772' title='bbox 983 5249 1171 5307; x_wconf 82' lang='lat' dir='ltr'><strong>gratus</strong></span> <span class='ocrx_word' id='word_1_773' title='bbox 1195 5241 1420 5295; x_wconf 89' lang='lat' dir='ltr'><strong>nuntius</strong></span> <span class='ocrx_word' id='word_1_774' title='bbox 1443 5250 1550 5305; x_wconf 87' lang='lat' dir='ltr'><strong>est,</strong></span> <span class='ocrx_word' id='word_1_775' title='bbox 1579 5241 1672 5294; x_wconf 89' lang='lat' dir='ltr'><strong>sed</strong></span> <span class='ocrx_word' id='word_1_776' title='bbox 1701 5241 1800 5294; x_wconf 87' lang='lat' dir='ltr'><strong>ad-</strong></span> 
     </span>
    </p>
   </div>
   <div class='ocr_carea' id='block_1_97' title="bbox 239 5330 1801 5397">
    <p class='ocr_par' dir='ltr' id='par_1_97' title="bbox 239 5330 1801 5397">
     <span class='ocr_line' id='line_1_97' title="bbox 239 5330 1801 5397; baseline -0.003 -8"><span class='ocrx_word' id='word_1_777' title='bbox 239 5335 460 5389; x_wconf 87' lang='lat' dir='ltr'><strong>modum</strong></span> <span class='ocrx_word' id='word_1_778' title='bbox 483 5336 646 5389; x_wconf 84' lang='lat' dir='ltr'><strong>etiam</strong></span> <span class='ocrx_word' id='word_1_779' title='bbox 681 5333 930 5388; x_wconf 78' lang='lat' dir='ltr'><strong>acerbus.</strong></span> <span class='ocrx_word' id='word_1_780' title='bbox 964 5350 981 5382; x_wconf 74' lang='grc' dir='ltr'><strong>ι</strong></span> <span class='ocrx_word' id='word_1_781' title='bbox 1021 5330 1156 5385; x_wconf 87' lang='lat' dir='ltr'><strong>Tum</strong></span> <span class='ocrx_word' id='word_1_782' title='bbox 1181 5333 1300 5386; x_wconf 88' lang='lat' dir='ltr'><strong>iile:</strong></span> <span class='ocrx_word' id='word_1_783' title='bbox 1333 5351 1352 5382; x_wconf 80' lang='grc' dir='ltr'><strong>ι</strong></span> <span class='ocrx_word' id='word_1_784' title='bbox 1381 5333 1686 5397; x_wconf 84' lang='lat' dir='ltr'><strong>Quomodo,</strong></span> <span class='ocrx_word' id='word_1_785' title='bbox 1719 5333 1801 5384; x_wconf 84' lang='lat' dir='ltr'><strong>vir</strong></span> 
     </span>
    </p>
   </div>
   <div class='ocr_carea' id='block_1_98' title="bbox 1908 4586 3470 4662">
    <p class='ocr_par' dir='ltr' id='par_1_98' title="bbox 1908 4586 3470 4662">
     <span class='ocr_line' id='line_1_98' title="bbox 1908 4586 3470 4662; baseline 0.01 -25"><span class='ocrx_word' id='word_1_786' title='bbox 1908 4591 2139 4642; x_wconf 83' lang='lat' dir='ltr'><strong>nuntius</strong></span> <span class='ocrx_word' id='word_1_787' title='bbox 2168 4586 2328 4652; x_wconf 87' lang='lat' dir='ltr'><strong>foret,</strong></span> <span class='ocrx_word' id='word_1_788' title='bbox 2364 4593 2410 4644; x_wconf 88' lang='lat' dir='ltr'><strong>si</strong></span> <span class='ocrx_word' id='word_1_789' title='bbox 2433 4591 2712 4658; x_wconf 77' lang='lat' dir='ltr'><strong>juvenem,</strong></span> <span class='ocrx_word' id='word_1_790' title='bbox 2742 4593 2840 4662; x_wconf 85' lang='lat' dir='ltr'><strong>qui</strong></span> <span class='ocrx_word' id='word_1_791' title='bbox 2869 4609 3019 4652; x_wconf 83' lang='lat' dir='ltr'><strong>nunc</strong></span> <span class='ocrx_word' id='word_1_792' title='bbox 3045 4610 3260 4658; x_wconf 65' lang='lat' dir='ltr'><strong>emeras</strong></span> <span class='ocrx_word' id='word_1_793' title='bbox 3291 4598 3470 4654; x_wconf 82' lang='lat' dir='ltr'><strong>factus</strong></span> 
     </span>
    </p>
   </div>
   <div class='ocr_carea' id='block_1_99' title="bbox 1904 4679 3467 4759">
    <p class='ocr_par' dir='ltr' id='par_1_99' title="bbox 1904 4679 3467 4759">
     <span class='ocr_line' id='line_1_99' title="bbox 1904 4679 3467 4759; baseline 0.01 -29"><span class='ocrx_word' id='word_1_794' title='bbox 1904 4685 2013 4736; x_wconf 84' lang='lat' dir='ltr'><strong>est.</strong></span> <span class='ocrx_word' id='word_1_795' title='bbox 2039 4679 2246 4736; x_wconf 83' lang='lat' dir='ltr'><strong>obiisse</strong></span> <span class='ocrx_word' id='word_1_796' title='bbox 2294 4682 2601 4748; x_wconf 82' lang='lat' dir='ltr'><strong>nuntiares,</strong></span> <span class='ocrx_word' id='word_1_797' title='bbox 2641 4685 3257 4759; x_wconf 73' lang='lat' dir='ltr'><strong>siquidempaterejus</strong></span> <span class='ocrx_word' id='word_1_798' title='bbox 3301 4691 3467 4746; x_wconf 86' lang='lat' dir='ltr'><strong>alium</strong></span> 
     </span>
    </p>
   </div>
   <div class='ocr_carea' id='block_1_100' title="bbox 1907 4769 3468 4850">
    <p class='ocr_par' dir='ltr' id='par_1_100' title="bbox 1907 4769 3468 4850">
     <span class='ocr_line' id='line_1_100' title="bbox 1907 4769 3468 4850; baseline 0.01 -28"><span class='ocrx_word' id='word_1_799' title='bbox 1907 4769 2078 4823; x_wconf 87' lang='lat' dir='ltr'><strong>filium</strong></span> <span class='ocrx_word' id='word_1_800' title='bbox 2121 4787 2231 4826; x_wconf 87' lang='lat' dir='ltr'><strong>non</strong></span> <span class='ocrx_word' id='word_1_801' title='bbox 2277 4773 2502 4829; x_wconf 80' lang='lat' dir='ltr'><strong>haberet</strong></span> <span class='ocrx_word' id='word_1_802' title='bbox 2529 4785 2583 4832; x_wconf 88' lang='lat' dir='ltr'><strong>et</strong></span> <span class='ocrx_word' id='word_1_803' title='bbox 2611 4779 2728 4834; x_wconf 81' lang='lat' dir='ltr'><strong>seni</strong></span> <span class='ocrx_word' id='word_1_804' title='bbox 2759 4778 2975 4834; x_wconf 47' lang='lat' dir='ltr'><strong>eiluotu</strong></span> <span class='ocrx_word' id='word_1_805' title='bbox 3022 4781 3262 4836; x_wconf 82' lang='lat' dir='ltr'><strong>oriretur</strong></span> <span class='ocrx_word' id='word_1_806' title='bbox 3294 4797 3468 4850; x_wconf 65' lang='lat' dir='ltr'><strong>aegro-</strong></span> 
     </span>
    </p>
   </div>
   <div class='ocr_carea' id='block_1_101' title="bbox 1907 4860 3465 4941">
    <p class='ocr_par' dir='ltr' id='par_1_101' title="bbox 1907 4860 3465 4941">
     <span class='ocr_line' id='line_1_101' title="bbox 1907 4860 3465 4941; baseline 0.01 -30"><span class='ocrx_word' id='word_1_807' title='bbox 1907 4860 2060 4926; x_wconf 90' lang='lat' dir='ltr'><strong>tatio,</strong></span> <span class='ocrx_word' id='word_1_808' title='bbox 2088 4878 2152 4916; x_wconf 80' lang='lat' dir='ltr'><strong>ex</strong></span> <span class='ocrx_word' id='word_1_809' title='bbox 2182 4866 2536 4932; x_wconf 68' lang='lat' dir='ltr'><strong>argrotatioue</strong></span> <span class='ocrx_word' id='word_1_810' title='bbox 2558 4867 2866 4924; x_wconf 75' lang='lat' dir='ltr'><strong>deminutio</strong></span> <span class='ocrx_word' id='word_1_811' title='bbox 2908 4871 3032 4928; x_wconf 71' lang='lat' dir='ltr'><strong>vita:</strong></span> <span class='ocrx_word' id='word_1_812' title='bbox 3062 4889 3077 4924; x_wconf 91' lang='lat'><strong>:</strong></span> <span class='ocrx_word' id='word_1_813' title='bbox 3111 4873 3254 4928; x_wconf 84' lang='lat' dir='ltr'><strong>unde</strong></span> <span class='ocrx_word' id='word_1_814' title='bbox 3291 4873 3343 4929; x_wconf 86' lang='lat' dir='ltr'><strong>in</strong></span> <span class='ocrx_word' id='word_1_815' title='bbox 3370 4890 3465 4941; x_wconf 83' lang='lat' dir='ltr'><strong>pe-</strong></span> 
     </span>
    </p>
   </div>
   <div class='ocr_carea' id='block_1_102' title="bbox 1907 4952 3464 5031">
    <p class='ocr_par' dir='ltr' id='par_1_102' title="bbox 1907 4952 3464 5031">
     <span class='ocr_line' id='line_1_102' title="bbox 1907 4952 3464 5031; baseline 0.009 -26"><span class='ocrx_word' id='word_1_816' title='bbox 1907 4952 2140 5006; x_wconf 88' lang='lat' dir='ltr'><strong>riculum</strong></span> <span class='ocrx_word' id='word_1_817' title='bbox 2168 4964 2220 5006; x_wconf 92' lang='lat' dir='ltr'><strong>et</strong></span> <span class='ocrx_word' id='word_1_818' title='bbox 2245 4969 2496 5024; x_wconf 78' lang='lat' dir='ltr'><strong>magnam</strong></span> <span class='ocrx_word' id='word_1_819' title='bbox 2525 4959 2852 5014; x_wconf 87' lang='lat' dir='ltr'><strong>seditionem</strong></span> <span class='ocrx_word' id='word_1_820' title='bbox 2878 4961 3144 5016; x_wconf 87' lang='lat' dir='ltr'><strong>incideret</strong></span> <span class='ocrx_word' id='word_1_821' title='bbox 3170 4962 3464 5031; x_wconf 87' lang='lat' dir='ltr'><strong>impiorum</strong></span> 
     </span>
    </p>
   </div>
   <div class='ocr_carea' id='block_1_103' title="bbox 1906 5044 3466 5112">
    <p class='ocr_par' dir='ltr' id='par_1_103' title="bbox 1906 5044 3466 5112">
     <span class='ocr_line' id='line_1_103' title="bbox 1906 5044 3466 5112; baseline 0.01 -16"><span class='ocrx_word' id='word_1_822' title='bbox 1906 5044 2216 5112; x_wconf 84' lang='lat' dir='ltr'><strong>imperium,</strong></span> <span class='ocrx_word' id='word_1_823' title='bbox 2260 5059 2446 5102; x_wconf 88' lang='lat' dir='ltr'><strong>nostra</strong></span> <span class='ocrx_word' id='word_1_824' title='bbox 2476 5059 2659 5105; x_wconf 81' lang='lat' dir='ltr'><strong>autem</strong></span> <span class='ocrx_word' id='word_1_825' title='bbox 2695 5051 2914 5106; x_wconf 84' lang='lat' dir='ltr'><strong>interim</strong></span> <span class='ocrx_word' id='word_1_826' title='bbox 2949 5054 3133 5107; x_wconf 88' lang='lat' dir='ltr'><strong>omnia</strong></span> <span class='ocrx_word' id='word_1_827' title='bbox 3167 5056 3384 5110; x_wconf 87' lang='lat' dir='ltr'><strong>restitui</strong></span> <span class='ocrx_word' id='word_1_828' title='bbox 3411 5069 3466 5112; x_wconf 90' lang='lat' dir='ltr'><strong>et</strong></span> 
     </span>
    </p>
   </div>
   <div class='ocr_carea' id='block_1_104' title="bbox 1905 5137 3466 5212">
    <p class='ocr_par' dir='ltr' id='par_1_104' title="bbox 1905 5137 3466 5212">
     <span class='ocr_line' id='line_1_104' title="bbox 1905 5137 3466 5212; baseline 0.008 -24"><span class='ocrx_word' id='word_1_829' title='bbox 1905 5137 2277 5190; x_wconf 83' lang='lat' dir='ltr'><strong>administrari</strong></span> <span class='ocrx_word' id='word_1_830' title='bbox 2299 5149 2548 5207; x_wconf 84' lang='lat' dir='ltr'><strong>possent,</strong></span> <span class='ocrx_word' id='word_1_831' title='bbox 2571 5144 2950 5198; x_wconf 85' lang='lat' dir='ltr'><strong>utauctoritas</strong></span> <span class='ocrx_word' id='word_1_832' title='bbox 2972 5145 3318 5212; x_wconf 80' lang='lat' dir='ltr'><strong>imperatoris</strong></span> <span class='ocrx_word' id='word_1_833' title='bbox 3341 5148 3466 5202; x_wconf 90' lang='lat' dir='ltr'><strong>inde</strong></span> 
     </span>
    </p>
   </div>
   <div class='ocr_carea' id='block_1_105' title="bbox 1907 5231 3463 5300">
    <p class='ocr_par' dir='ltr' id='par_1_105' title="bbox 1907 5231 3463 5300">
     <span class='ocr_line' id='line_1_105' title="bbox 1907 5231 3463 5300; baseline 0.004 -17"><span class='ocrx_word' id='word_1_834' title='bbox 1907 5231 2050 5284; x_wconf 85' lang='lat' dir='ltr'><strong>haud</strong></span> <span class='ocrx_word' id='word_1_835' title='bbox 2083 5231 2244 5300; x_wconf 79' lang='lat' dir='ltr'><strong>paulo</strong></span> <span class='ocrx_word' id='word_1_836' title='bbox 2273 5231 2594 5288; x_wconf 84' lang='lat' dir='ltr'><strong>bonuratior</strong></span> <span class='ocrx_word' id='word_1_837' title='bbox 2636 5250 2867 5289; x_wconf 83' lang='lat' dir='ltr'><strong>evasura</strong></span> <span class='ocrx_word' id='word_1_838' title='bbox 2904 5235 3118 5292; x_wconf 75' lang='lat' dir='ltr'><strong>fuisset.</strong></span> <span class='ocrx_word' id='word_1_839' title='bbox 3141 5253 3170 5288; x_wconf 66' lang='grc' dir='ltr'><strong>ι</strong></span> <span class='ocrx_word' id='word_1_840' title='bbox 3210 5234 3345 5290; x_wconf 88' lang='lat' dir='ltr'><strong>Tum</strong></span> <span class='ocrx_word' id='word_1_841' title='bbox 3372 5252 3463 5292; x_wconf 79' lang='lat' dir='ltr'><strong>rer</strong></span> 
     </span>
    </p>
   </div>
   <div class='ocr_carea' id='block_1_106' title="bbox 1904 5322 3468 5395">
    <p class='ocr_par' dir='ltr' id='par_1_106' title="bbox 1904 5322 3468 5395">
     <span class='ocr_line' id='line_1_106' title="bbox 1904 5322 3468 5395; baseline 0.005 -21"><span class='ocrx_word' id='word_1_842' title='bbox 1904 5322 2302 5389; x_wconf 84' lang='lat' dir='ltr'><strong>Trapezuntius</strong></span> <span class='ocrx_word' id='word_1_843' title='bbox 2331 5325 2400 5376; x_wconf 84' lang='lat' dir='ltr'><strong>ita</strong></span> <span class='ocrx_word' id='word_1_844' title='bbox 2427 5326 2705 5394; x_wconf 85' lang='lat' dir='ltr'><strong>respondit</strong></span> <span class='ocrx_word' id='word_1_845' title='bbox 2737 5343 2750 5379; x_wconf 87' lang='lat'><strong>:</strong></span> <span class='ocrx_word' id='word_1_846' title='bbox 2789 5345 2806 5377; x_wconf 87' lang='grc' dir='ltr'><strong>ι</strong></span> <span class='ocrx_word' id='word_1_847' title='bbox 2835 5327 2914 5378; x_wconf 81' lang='lat' dir='ltr'><strong>Tu</strong></span> <span class='ocrx_word' id='word_1_848' title='bbox 2939 5341 3064 5380; x_wconf 85' lang='lat' dir='ltr'><strong>cum</strong></span> <span class='ocrx_word' id='word_1_849' title='bbox 3090 5326 3210 5395; x_wconf 91' lang='lat' dir='ltr'><strong>ipse</strong></span> <span class='ocrx_word' id='word_1_850' title='bbox 3228 5327 3306 5382; x_wconf 89' lang='lat' dir='ltr'><strong>sis</strong></span> <span class='ocrx_word' id='word_1_851' title='bbox 3327 5344 3468 5382; x_wconf 85' lang='lat' dir='ltr'><strong>unus</strong></span> 
     </span>
    </p>
   </div>
   <div class='ocr_carea' id='block_1_107' title="bbox 244 5416 3469 5490">
    <p class='ocr_par' dir='ltr' id='par_1_107' title="bbox 244 5416 3469 5490">
     <span class='ocr_line' id='line_1_107' title="bbox 244 5416 3469 5490; baseline -0.001 -17"><span class='ocrx_word' id='word_1_852' title='bbox 244 5423 425 5479; x_wconf 77' lang='lat' dir='ltr'><strong>bone?</strong></span> <span class='ocrx_word' id='word_1_853' title='bbox 460 5440 479 5474; x_wconf 73' lang='grc' dir='ltr'><strong>ι</strong></span> <span class='ocrx_word' id='word_1_854' title='bbox 521 5443 539 5475; x_wconf 78' lang='grc' dir='ltr'><strong>ι</strong></span> <span class='ocrx_word' id='word_1_855' title='bbox 567 5424 725 5487; x_wconf 78' lang='lat' dir='ltr'><strong>Quia,</strong></span> <span class='ocrx_word' id='word_1_856' title='bbox 761 5421 1008 5490; x_wconf 89' lang='lat' dir='ltr'><strong>inquam,</strong></span> <span class='ocrx_word' id='word_1_857' title='bbox 1051 5421 1117 5486; x_wconf 89' lang='lat' dir='ltr'><strong>is,</strong></span> <span class='ocrx_word' id='word_1_858' title='bbox 1157 5421 1249 5489; x_wconf 87' lang='lat' dir='ltr'><strong>qui</strong></span> <span class='ocrx_word' id='word_1_859' title='bbox 1285 5421 1442 5480; x_wconf 83' lang='lat' dir='ltr'><strong>obiit.</strong></span> <span class='ocrx_word' id='word_1_860' title='bbox 1474 5436 1684 5474; x_wconf 82' lang='lat' dir='ltr'><strong>ameras</strong></span> <span class='ocrx_word' id='word_1_861' title='bbox 1714 5435 1802 5475; x_wconf 73' lang='lat' dir='ltr'><strong>se-</strong></span> <span class='ocrx_word' id='word_1_862' title='bbox 1899 5429 1932 5467; x_wconf 87' lang='lat' dir='ltr'><strong>e</strong></span> <span class='ocrx_word' id='word_1_863' title='bbox 1969 5416 2333 5482; x_wconf 83' lang='lat' dir='ltr'><strong>prudentibus</strong></span> <span class='ocrx_word' id='word_1_864' title='bbox 2365 5426 2418 5469; x_wconf 90' lang='lat' dir='ltr'><strong>et</strong></span> <span class='ocrx_word' id='word_1_865' title='bbox 2466 5418 2818 5486; x_wconf 25' lang='lat' dir='ltr'><strong>peritis&#39;viris</strong></span> <span class='ocrx_word' id='word_1_866' title='bbox 2869 5418 3017 5473; x_wconf 87' lang='lat' dir='ltr'><strong>illius</strong></span> <span class='ocrx_word' id='word_1_867' title='bbox 3058 5420 3219 5482; x_wconf 66' lang='lat' dir='ltr'><strong>aulae,</strong></span> <span class='ocrx_word' id='word_1_868' title='bbox 3276 5421 3469 5474; x_wconf 78' lang='lat' dir='ltr'><strong>melius</strong></span> 
     </span>
    </p>
   </div>
   <div class='ocr_carea' id='block_1_108' title="bbox 244 5512 1798 5584">
    <p class='ocr_par' dir='ltr' id='par_1_108' title="bbox 244 5512 1798 5584">
     <span class='ocr_line' id='line_1_108' title="bbox 244 5512 1798 5584; baseline -0.004 -15"><span class='ocrx_word' id='word_1_869' title='bbox 244 5530 345 5570; x_wconf 71' lang='lat' dir='ltr'><strong>ne:</strong></span> <span class='ocrx_word' id='word_1_870' title='bbox 373 5527 510 5580; x_wconf 90' lang='lat' dir='ltr'><strong>erat,</strong></span> <span class='ocrx_word' id='word_1_871' title='bbox 549 5516 851 5584; x_wconf 90' lang='lat' dir='ltr'><strong>urbemque</strong></span> <span class='ocrx_word' id='word_1_872' title='bbox 881 5517 1018 5570; x_wconf 86' lang='lat' dir='ltr'><strong>satis</strong></span> <span class='ocrx_word' id='word_1_873' title='bbox 1053 5513 1302 5573; x_wconf 75' lang='lat' dir='ltr'><strong>tentavit,</strong></span> <span class='ocrx_word' id='word_1_874' title='bbox 1348 5527 1447 5566; x_wconf 91' lang='lat' dir='ltr'><strong>nec</strong></span> <span class='ocrx_word' id='word_1_875' title='bbox 1485 5513 1598 5580; x_wconf 85' lang='lat' dir='ltr'><strong>jam</strong></span> <span class='ocrx_word' id='word_1_876' title='bbox 1635 5512 1798 5564; x_wconf 79' lang='lat' dir='ltr'><strong>adur-</strong></span> 
     </span>
    </p>
   </div>
   <div class='ocr_carea' id='block_1_109' title="bbox 240 5602 1795 5679">
    <p class='ocr_par' dir='ltr' id='par_1_109' title="bbox 240 5602 1795 5679">
     <span class='ocr_line' id='line_1_109' title="bbox 240 5602 1795 5679; baseline -0.004 -18"><span class='ocrx_word' id='word_1_877' title='bbox 240 5617 399 5661; x_wconf 78' lang='lat' dir='ltr'><strong>turus</strong></span> <span class='ocrx_word' id='word_1_878' title='bbox 427 5621 545 5661; x_wconf 81' lang='lat' dir='ltr'><strong>eam</strong></span> <span class='ocrx_word' id='word_1_879' title='bbox 581 5617 718 5672; x_wconf 84' lang='lat' dir='ltr'><strong>erat,</strong></span> <span class='ocrx_word' id='word_1_880' title='bbox 759 5607 854 5660; x_wconf 91' lang='lat' dir='ltr'><strong>sed</strong></span> <span class='ocrx_word' id='word_1_881' title='bbox 885 5620 1069 5674; x_wconf 92' lang='lat' dir='ltr'><strong>pacem</strong></span> <span class='ocrx_word' id='word_1_882' title='bbox 1119 5619 1284 5679; x_wconf 79' lang='lat' dir='ltr'><strong>quam</strong></span> <span class='ocrx_word' id='word_1_883' title='bbox 1336 5602 1534 5656; x_wconf 80' lang='lat' dir='ltr'><strong>bellum</strong></span> <span class='ocrx_word' id='word_1_884' title='bbox 1581 5603 1795 5655; x_wconf 85' lang='lat' dir='ltr'><strong>maluit.</strong></span> 
     </span>
    </p>
   </div>
   <div class='ocr_carea' id='block_1_110' title="bbox 1903 5506 3465 5577">
    <p class='ocr_par' dir='ltr' id='par_1_110' title="bbox 1903 5506 3465 5577">
     <span class='ocr_line' id='line_1_110' title="bbox 1903 5506 3465 5577; baseline 0.001 -19"><span class='ocrx_word' id='word_1_885' title='bbox 1903 5507 2092 5573; x_wconf 82' lang='lat' dir='ltr'><strong>utique</strong></span> <span class='ocrx_word' id='word_1_886' title='bbox 2110 5508 2209 5559; x_wconf 90' lang='lat' dir='ltr'><strong>ista</strong></span> <span class='ocrx_word' id='word_1_887' title='bbox 2235 5506 2454 5560; x_wconf 78' lang='lat' dir='ltr'><strong>novisti.</strong></span> <span class='ocrx_word' id='word_1_888' title='bbox 2475 5507 2760 5561; x_wconf 77' lang='lat' dir='ltr'><strong>Enimvero</strong></span> <span class='ocrx_word' id='word_1_889' title='bbox 2780 5510 2951 5574; x_wconf 79' lang='lat' dir='ltr'><strong>Deus,</strong></span> <span class='ocrx_word' id='word_1_890' title='bbox 2975 5525 3082 5577; x_wconf 86' lang='lat' dir='ltr'><strong>qua</strong></span> <span class='ocrx_word' id='word_1_891' title='bbox 3103 5520 3187 5564; x_wconf 86' lang='lat' dir='ltr'><strong>est</strong></span> <span class='ocrx_word' id='word_1_892' title='bbox 3208 5512 3465 5575; x_wconf 79' lang='lat' dir='ltr'><strong>potentia,</strong></span> 
     </span>
    </p>
   </div>
   <div class='ocr_carea' id='block_1_111' title="bbox 1903 5597 3462 5670">
    <p class='ocr_par' dir='ltr' id='par_1_111' title="bbox 1903 5597 3462 5670">
     <span class='ocr_line' id='line_1_111' title="bbox 1903 5597 3462 5670; baseline 0.001 -21"><span class='ocrx_word' id='word_1_893' title='bbox 1903 5597 2043 5665; x_wconf 82' lang='lat' dir='ltr'><strong>frugi</strong></span> <span class='ocrx_word' id='word_1_894' title='bbox 2080 5599 2231 5651; x_wconf 87' lang='lat' dir='ltr'><strong>illum</strong></span> <span class='ocrx_word' id='word_1_895' title='bbox 2267 5599 2449 5653; x_wconf 81' lang='lat' dir='ltr'><strong>faciet.</strong></span> <span class='ocrx_word' id='word_1_896' title='bbox 2487 5618 2505 5650; x_wconf 74' lang='grc' dir='ltr'><strong>ι</strong></span> <span class='ocrx_word' id='word_1_897' title='bbox 2565 5600 2661 5654; x_wconf 89' lang='lat' dir='ltr'><strong>llic</strong></span> <span class='ocrx_word' id='word_1_898' title='bbox 2693 5617 2812 5670; x_wconf 79' lang='lat' dir='ltr'><strong>ego,</strong></span> <span class='ocrx_word' id='word_1_899' title='bbox 2874 5621 2892 5652; x_wconf 86' lang='grc' dir='ltr'><strong>ι</strong></span> <span class='ocrx_word' id='word_1_900' title='bbox 2926 5600 3171 5669; x_wconf 77' lang='lat' dir='ltr'><strong>Magnas,</strong></span> <span class='ocrx_word' id='word_1_901' title='bbox 3217 5601 3462 5669; x_wconf 85' lang='lat' dir='ltr'><strong>inquam,</strong></span> 
     </span>
    </p>
   </div>
   <div class='ocr_carea' id='block_1_112' title="bbox 239 5693 3461 5765">
    <p class='ocr_par' dir='ltr' id='par_1_112' title="bbox 239 5693 3461 5765">
     <span class='ocr_line' id='line_1_112' title="bbox 239 5693 3461 5765; baseline -0.002 -15"><span class='ocrx_word' id='word_1_902' title='bbox 239 5701 306 5762; x_wconf 56' lang='grc' dir='ltr'>,Αι</span> <span class='ocrx_word' id='word_1_903' title='bbox 339 5697 427 5765; x_wconf 86' lang='lat' dir='ltr'><strong>qui</strong></span> <span class='ocrx_word' id='word_1_904' title='bbox 465 5712 610 5750; x_wconf 89' lang='lat' dir='ltr'><strong>nunc</strong></span> <span class='ocrx_word' id='word_1_905' title='bbox 644 5695 823 5751; x_wconf 90' lang='lat' dir='ltr'><strong>factus</strong></span> <span class='ocrx_word' id='word_1_906' title='bbox 845 5706 928 5750; x_wconf 86' lang='lat' dir='ltr'><strong>est</strong></span> <span class='ocrx_word' id='word_1_907' title='bbox 961 5710 1198 5758; x_wconf 86' lang='lat' dir='ltr'><strong>ameras,</strong></span> <span class='ocrx_word' id='word_1_908' title='bbox 1233 5694 1278 5747; x_wconf 88' lang='lat' dir='ltr'><strong>is</strong></span> <span class='ocrx_word' id='word_1_909' title='bbox 1306 5703 1356 5746; x_wconf 85' lang='lat' dir='ltr'><strong>et</strong></span> <span class='ocrx_word' id='word_1_910' title='bbox 1379 5693 1600 5762; x_wconf 81' lang='lat' dir='ltr'><strong>juvenis</strong></span> <span class='ocrx_word' id='word_1_911' title='bbox 1635 5702 1718 5747; x_wconf 88' lang='lat' dir='ltr'><strong>est</strong></span> <span class='ocrx_word' id='word_1_912' title='bbox 1743 5702 1798 5748; x_wconf 91' lang='lat' dir='ltr'><strong>et</strong></span> <span class='ocrx_word' id='word_1_913' title='bbox 1902 5693 2105 5760; x_wconf 80' lang='lat' dir='ltr'><strong>gratias</strong></span> <span class='ocrx_word' id='word_1_914' title='bbox 2151 5707 2253 5761; x_wconf 81' lang='lat' dir='ltr'><strong>ago</strong></span> <span class='ocrx_word' id='word_1_915' title='bbox 2306 5693 2602 5760; x_wconf 78' lang='lat' dir='ltr'><strong>integritati</strong></span> <span class='ocrx_word' id='word_1_916' title='bbox 2656 5703 2712 5748; x_wconf 89' lang='lat' dir='ltr'><strong>et</strong></span> <span class='ocrx_word' id='word_1_917' title='bbox 2765 5693 2998 5748; x_wconf 89' lang='lat' dir='ltr'><strong>consilio</strong></span> <span class='ocrx_word' id='word_1_918' title='bbox 3031 5693 3286 5760; x_wconf 71' lang='lat' dir='ltr'><strong>potentiie</strong></span> <span class='ocrx_word' id='word_1_919' title='bbox 3332 5699 3461 5753; x_wconf 78' lang='lat' dir='ltr'><strong>tuze,</strong></span> 
     </span>
    </p>
   </div>
   <div class='ocr_carea' id='block_1_113' title="bbox 240 5784 1794 5857">
    <p class='ocr_par' dir='ltr' id='par_1_113' title="bbox 240 5784 1794 5857">
     <span class='ocr_line' id='line_1_113' title="bbox 240 5784 1794 5857; baseline -0.001 -15"><span class='ocrx_word' id='word_1_920' title='bbox 240 5803 269 5842; x_wconf 85' lang='lat' dir='ltr'><strong>a</strong></span> <span class='ocrx_word' id='word_1_921' title='bbox 298 5801 469 5857; x_wconf 84' lang='lat' dir='ltr'><strong>puero</strong></span> <span class='ocrx_word' id='word_1_922' title='bbox 500 5787 939 5842; x_wconf 72' lang='lat' dir='ltr'><strong>Christianorum</strong></span> <span class='ocrx_word' id='word_1_923' title='bbox 976 5785 1250 5852; x_wconf 78' lang='lat' dir='ltr'><strong>inimicus,</strong></span> <span class='ocrx_word' id='word_1_924' title='bbox 1288 5784 1681 5840; x_wconf 87' lang='lat' dir='ltr'><strong>contumeliose</strong></span> <span class='ocrx_word' id='word_1_925' title='bbox 1701 5800 1794 5840; x_wconf 86' lang='lat' dir='ltr'><strong>eos</strong></span> 
     </span>
    </p>
   </div>
   <div class='ocr_carea' id='block_1_114' title="bbox 1905 5783 3464 5855">
    <p class='ocr_par' dir='ltr' id='par_1_114' title="bbox 1905 5783 3464 5855">
     <span class='ocr_line' id='line_1_114' title="bbox 1905 5783 3464 5855; baseline -0.002 -16"><span class='ocrx_word' id='word_1_926' title='bbox 1905 5784 2164 5855; x_wconf 84' lang='lat' dir='ltr'><strong>quoniam</strong></span> <span class='ocrx_word' id='word_1_927' title='bbox 2199 5800 2303 5839; x_wconf 85' lang='lat' dir='ltr'><strong>non</strong></span> <span class='ocrx_word' id='word_1_928' title='bbox 2349 5794 2533 5838; x_wconf 84' lang='lat' dir='ltr'><strong>tantus</strong></span> <span class='ocrx_word' id='word_1_929' title='bbox 2579 5802 2722 5852; x_wconf 88' lang='lat' dir='ltr'><strong>sum,</strong></span> <span class='ocrx_word' id='word_1_930' title='bbox 2777 5797 3041 5854; x_wconf 87' lang='lat' dir='ltr'><strong>quantum</strong></span> <span class='ocrx_word' id='word_1_931' title='bbox 3091 5783 3347 5852; x_wconf 72' lang='lat' dir='ltr'><strong>maiestas</strong></span> <span class='ocrx_word' id='word_1_932' title='bbox 3373 5794 3464 5848; x_wconf 78' lang='lat' dir='ltr'><strong>tua</strong></span> 
     </span>
    </p>
   </div>
  </div>
