3976 6580
583 362 700 425 815

598 476 815 547 στράςρη
867 476 1003 541 πρὸς
1054 477 1180 555 τοὺς
1223 477 1400 545 γονεῖς
1438 476 1607 545 αὐτῆς
1642 477 1701 529 ἐν
1730 476 1808 545 τῷ
1842 477 1958 546 ἰδίῳ
2001 478 2155 546 οἴκῳ,
2190 485 2228 537 Α

595 570 702 623 ἔδει
734 587 801 638 με
831 571 940 638 γὰρ
975 571 1327 638 ἐναπομεϊναι
1361 570 1439 632 είς
1469 568 1858 638 Τραπεζοῦντα
1891 570 1981 622 διά
2012 587 2163 632 τινας

595 661 695 713 οὐκ
728 660 918 727 ὀλίγας
968 659 1171 722 αἰτίας,
1219 662 1315 712 καὶ
1350 662 1528 731 εὑρών
1564 678 1689 715 τινα
1721 661 1825 731 νῆα
1860 661 2163 730 μέλλουσαν

596 753 677 812 εἰς
734 750 1317 803 Κωνσταντινούπολιν
1368 750 1735 814 ἀποπλεῦσαι,
1769 750 1891 819 μεθ’
1935 746 2003 822 ἦς
2051 751 2163 817 ἐγὼ

595 842 896 895 ἀπέστειλά
928 859 1085 904 τινας
1134 842 1360 907 ἵππους,
1410 845 1498 895 καὶ
1536 842 1631 895 δύο
1682 842 1777 905 οὓς
1826 846 1854 896 ὀ
1908 843 2161 911 βασιλεὺς

607 933 850 1003 Ἰϐηρίας
882 949 973 1002 μοι
1002 932 1319 1003 ἐδωρήσατο
1344 934 1407 985 ἐκ
1435 932 1544 985 τῶν
1563 933 1656 984 ὑπ’
1685 932 1849 986 αὑτοῦ
1879 935 2160 1003 αἰχμαλω-

592 1026 907 1088 τισθέντων,
940 1025 1029 1079 ὅτε
1073 1027 1201 1089 τοὺς
1256 1026 1632 1096 αἰχμαλώτους
1679 1028 2021 1081 ἐσκύλευσεν.
2054 1030 2161 1081 Καὶ

593 1119 759 1187 ἕτερα
806 1117 981 1171 πολλά
1030 1135 1151 1171 τινα
1199 1117 1312 1187 εἴδη
1369 1118 1668 1172 ἀπέστειλα
1723 1119 2162 1189 φιλοδωρηοέντα

598 1212 730 1278 ἡμῖν
762 1210 915 1279 παρά
942 1226 1126 1273 τινων,
1172 1211 1268 1263 καὶ
1300 1210 1435 1278 πρὸς
1485 1208 1578 1262 τὸν
1630 1211 1899 1279 αὐθέντην
1934 1229 2034 1279 μου
2069 1211 2161 1263 τὸν

593 1302 822 1371 βασιλέα
847 1301 1027 1354 τοιάδε
1054 1300 1265 1370 ἔγραψα
1295 1303 1422 1370 περὶ
1454 1293 1529 1353 ὧν
1556 1301 1636 1363 εἰς
1670 1300 1910 1370 Ἰϐηρίαν
1950 1302 2160 1371 ἔπραξα

599 1394 689 1446 καὶ
720 1386 795 1447 ὧν
843 1394 923 1455 είς
954 1392 1345 1463 Τραπεζοῦντα
1400 1392 1720 1444 ὑπώπτευον
1771 1392 2015 1460 ποιῆσαι,
2066 1395 2161 1445 καὶ

597 1489 777 1539 πάντα
806 1485 874 1537 τά
910 1482 1195 1553 συμϐάντα
1236 1483 1383 1553 αὐτῷ
1430 1482 1697 1551 ἐδήλωσα.
1746 1484 1853 1535 Καὶ
1898 1483 2020 1545 δοὺς
2064 1485 2162 1546 τάς

596 1576 814 1648 γραφάς
845 1578 922 1629 ἐνὶ
955 1576 1065 1628 τῶν
1100 1575 1198 1628 σὺν
1234 1576 1356 1642 ἐμοὶ
1410 1574 1688 1643 ἀρχόντων
1722 1574 1939 1626 ἔστειλα
1973 1574 2157 1638 αὐτὸν,

594 1669 688 1721 καλ.
710 1664 1053 1736 παρήγγειλα
1097 1665 1245 1733 αὑτῴ
1271 1664 1358 1716 ἶνα
1396 1663 1492 1733 τὴν
1520 1666 1618 1737 μένν
1646 1664 1777 1733 μίαν
1796 1663 1909 1717 τῶν
1932 1664 2161 1733 γραφῶν

3096 290 3099 291 ν
3122 290 3169 299 ν·-

1816 354 2138 420 GEORGH
2172 357 2271 419 ΡΗ
2284 356 2601 420 RANTZ/E
3674 364 3745 431 816

2264 477 2513 545 βασιλεία
2544 494 2638 529 σου
2693 478 2996 545 αἰτιωμένη
3027 477 3087 530 ού
3120 476 3319 545 πράξει
3354 475 3523 540 τοῦτο,
3565 480 3606 529 εί
3648 483 3747 552 αὐτῇ

2262 568 2435 633 δόξει·
2466 569 2683 639 πρῶτον
2719 570 2818 638 μὲν
2846 569 2907 621 τὸ
2943 570 3163 622 ἔλαττον
3194 569 3290 621 τοῦ
3322 570 3532 636 γένους·
3559 570 3749 641 δεύτερον

2261 661 2317 713 δὲ
2349 662 2422 731 μή
2472 678 2590 723 πως
2620 663 2714 715 κα)⁵
2748 664 2781 731 ἡ
2816 662 3081 731 ἐκκλησία
3110 662 3202 714 διά
3234 663 3332 729 τὴν
3381 662 3661 728 συγγένειαν
3680 665 3750 731 τὴν

2262 754 2356 804 τοῦ
2412 754 2590 821 γάμου
2646 753 2951 821 ίερολογίαν
2999 751 3221 821 κωλύσῃ
3244 768 3259 783 ’
3298 752 3473 819 τρίτον
3511 752 3749 823 ὄτιόἀνήρ

2264 843 2436 911 αὐτῆς
2451 838 2519 913 ἧν
2534 843 2639 895 Τοῦ
2648 860 2775 913 ρκος
2791 857 2805 872 ’
2823 844 3080 908 τέταρτον
3103 844 3187 894 ὅτι
3210 843 3641 911 πεντηκονταετὴς
3654 841 3750 896 οὖσι

2262 939 2327 1006 τῇ
2365 936 2570 1007 ἡλικίᾳ,
2605 938 2653 988 εί
2682 934 2817 1007 τύχη
2849 937 2940 989 καὶ
2970 934 3314 1003 συλλήψηται
3340 936 3396 985 ἐν
3422 934 3615 1003 γαστρὶ,
3634 936 3679 987 ἐν
3699 937 3750 1003 τῷ

2267 1029 2481 1098 μέλλειν
2510 1032 2692 1083 τεκεῖν
2724 1028 3067 1101 κινδυνεύσῃ,
3095 1030 3172 1091 ὡς
3210 1030 3261 1081 οἰ
3313 1030 3524 1095 φυσικοὶ
3560 1029 3749 1094 λέγουσιν

2260 1120 2335 1184 ῶς
2370 1122 2460 1174 ἐπὶ
2488 1122 2548 1174 τὸ
2577 1121 2828 1175 πλεῖστον
2856 1120 3270 1190 ἐπισυμϐαίνει,
3298 1120 3419 1171 ἐπεὶ
3441 1115 3503 1188 ἦν
3529 1122 3680 1190 στεῖρα
3699 1121 3748 1190 μὴ

2260 1210 2496 1265 τεκοῦσά
2535 1229 2686 1268 ποτε.
2733 1213 2854 1265 Τῶν
2906 1214 3192 1282 τεσσάρων
3237 1210 3333 1263 οὖν
3381 1210 3569 1264 τούτων
3611 1213 3748 1264 αἰτιῶν

2261 1304 2361 1372 τὴν
2384 1304 2629 1357 διάλυσιν
2654 1304 2903 1374 λέξομαι.
2934 1304 3161 1374 Πρῶτον
3212 1305 3313 1373 μὲν
3356 1303 3500 1355 οὐδέν
3526 1305 3649 1354 ἐστιν
3677 1320 3749 1355 πα-

2266 1393 2488 1463 ράδοξον
2512 1396 2561 1449 εἰ
2584 1395 2792 1462 ταύτην
2819 1394 2990 1465 λάϐῃς
3018 1397 3097 1457 εἰς
3148 1397 3404 1463 γυναῖκα,
3427 1396 3502 1445 ὃτι
3528 1394 3744 1453 ἐλάττονος

2262 1484 2455 1550 γένους
2481 1486 2583 1538 οὐκ
2610 1484 2760 1537 ἔστιν
2790 1486 2888 1556 τῆς
2934 1486 3129 1555 κυρίας
3166 1503 3271 1553 μου
3312 1486 3404 1537 καὶ
3451 1484 3659 1551 ἀοιδίμου
3682 1500 3746 1534 σου

2267 1578 2493 1646 μητρός.
2526 1576 2809 1646 Δεύτερον,
2841 1579 2890 1629 εἰ
2928 1579 3024 1629 καὶ
3065 1578 3127 1630 τὸ
3166 1576 3497 1630 συνοικέσιον
3539 1576 3651 1643 μετὰ
3680 1574 3747 1641 τῆς

2262 1667 2355 1721 τοῦ
2380 1666 2797 1737 Τραπεζοῦντος
2836 1666 3101 1737 βασιλέως
3136 1666 3413 1733 θυγατρὸς
3446 1666 3655 1732 γένηται,
3670 1662 3748 1713 ἐνε-

596 1760 745 1829 δὼσῃ
775 1764 854 1827 τῷ
908 1757 1119 1825 βασιλεῖ
1150 1757 1208 1809 ἐν
1254 1754 1333 1825 τῷ
1376 1757 1755 1825 προσκυνῆσαι
1808 1756 1994 1819 αὐτὸν,
2023 1755 2161 1823 ἔφην
2197 1828 2217 1830 _
2266 1780 2360 1815 κεν
2386 1763 2483 1830 τῆς
2517 1762 2836 1829 συγγενείας
2860 1759 3023 1830 215
3053 1760 3356 1827 ἐλπίζομεν
3409 1754 3745 1823 συγχωρηθῆναι

596 1828 767 1917 αὐτῷ,
817 1848 913 1902 καὶ
962 1847 1052 1899 διὰ
1087 1847 1380 1916 στόματος,
1405 1848 1492 1899 ἵνα
1525 1847 1594 1900 τὰ
1624 1847 1750 1900 καθ’
1798 1848 1944 1915 ἡμᾶς
1981 1846 2157 1899 πάντα
2195 1828 2231 1878 Β
2262 1855 2419 1909 τοῦτο
2444 1828 2601 1925 ἠπαρὰ
2632 1855 2731 1922 τῆς
2780 1828 3174 1922 ἐκκλησίας,⁶εί
3227 1851 3307 1909 εἰς
3339 1847 3569 1918 πτωχοὺς
3594 1844 3744 1910 καὶόρο

596 1944 845 2014 ἀναφέρῃ
901 1942 988 1995 διὰ
1035 1940 1215 2008 ζώσης
1269 1942 1475 2009 φωνῆς,
1503 1942 1600 2010 τὴν
1630 1940 1685 1994 δὲ
1719 1941 1915 2008 ἑτέραν
1944 1942 2159 2011 γραφὴν
2262 1949 2464 2017 φανοὺς
2492 1946 2587 1999 καὶ
2618 1945 2919 2015 ἐκκλησίας
2948 1945 3211 2015 χρήματα
3239 1942 3562 2010 δοθήσονται.
3600 1936 3741 1989 Τοσοῦ-

596 2037 689 2089 ἐπ⁵ι
718 2034 816 2106 τὴν
850 2033 1043 2102 αὔριον
1067 2033 1144 2101 τῷ
1177 2033 1386 2103 βασιλεῖ
1412 2032 1570 2096 αὖθις
1598 2033 1765 2102 δὼσῃ.
1793 2029 1917 2103 Εἶχε
1963 2034 2019 2087 δέ
2065 2030 2157 2086 οῦ-

595 2144 703 2189 τως
733 2129 766 2197 ἡ
804 2126 1014 2195 γραφήο
1052 2142 1071 2175 ι
1126 2123 1269 2191 Ἐγὼ
1317 2124 1375 2177 ἐν
1424 2124 1502 2193 τῷ
1548 2122 1901 2191 ἀποσωθῆναί
1954 2141 2021 2192 με
2076 2124 2157 2186 είς

598 2218 992 2290 Τραπεζοῦντα
1022 2215 1225 2285 ἔμαθον
1248 2216 1317 2268 τὰ
1344 2216 1469 2286 περὶ
1493 2214 1589 2268 τοῦ
1621 2214 1852 2268 θανάτου
1882 2213 2044 2285 214
2064 2215 2157 2267 τοῦ

597 2312 790 2380 ἁμηρὶ
818 2310 967 2376 παρὰ
994 2305 1089 2359 τοῦ
1124 2305 1389 2374 βασιλέως
1418 2305 1676 2368 ἐνταῦθα,
1698 2307 1794 2358 καὶ
1819 2306 1936 2368 πῶς
1958 2308 1991 2374 ἠ
2016 2306 2159 2373 ἀμή-

602 2421 762 2475 ρισσα
791 2404 823 2461 ἡ
860 2402 1051 2455 τούτου
1089 2400 1355 2468 ἐξαδέλφη
1388 2399 1793 2469 ἐπανέστρεψεν
1826 2402 1907 2462 είς
1938 2399 2037 2469 τὴν
2060 2417 2161 2454 πα-

596 2498 752 2567 τρίδα
786 2496 955 2563 αὐτῆς
1000 2493 1138 2563 πρὸς
1168 2492 1297 2555 τοὺς
1338 2494 1518 2557 γονεῖς
1561 2492 1796 2560 ἐντίμως
1828 2491 1923 2544 καὶ
1956 2490 2154 2553 καλῶς.

606 2592 694 2653 Ὠς
725 2591 929 2659 ἤκουσα
967 2585 1046 2650 δέ,
1092 2576 1531 2653 ἐσυλλογισάμην
1575 2584 1716 2636 κατὰ
1749 2583 1842 2636 τὸν
1870 2583 2003 2653 ἐμὸν
2031 2600 2158 2637 σκο-

596 2682 698 2733 πὸν
740 2681 836 2732 καὶ
881 2678 941 2731 τὸ
980 2675 1172 2730 δοκοῦν
1208 2693 1297 2743 μοι
1329 2674 1683 2743 δηλοποιῆσαι
1711 2675 1786 2743 τῷ
1816 2675 2006 2743 κράτει
2038 2693 2155 2739 σου,

592 2773 681 2825 ὅτι
712 2772 826 2823 τῶν
858 2769 953 2822 δύο
984 2767 1365 2829 συνοικεσίων,
1392 2766 1519 2835 περὶ
1545 2759 1619 2819 ὧν
1658 2765 1846 2819 ἐνθάδε
1899 2766 2154 2831 ἐλήλυθα,

596 2861 1023 2932 συμφερὼτερον
1042 2863 1108 2930 τῇ
1135 2858 1379 2929 βασιλείᾳ
1408 2873 1502 2909 σου
1527 2857 1699 2909 ἔσεται
1724 2857 1816 2909 καὶ
1836 2857 1953 2910 λίαν
1976 2860 2157 2929 κρεῖτ-

592 2970 687 3007 τον
716 2954 809 3006 καὶ
842 2951 1117 3020 ὠφέλιμον
1144 2950 1225 3011 εἰς
1268 2948 1447 3001 πάντα
1497 2946 1586 2999 διὰ
1642 2948 1842 3009 πολλὰς
1878 2949 2079 3009 αἰτίας,
2106 2949 2156 3001 εἰ

597 3044 825 3114 ἀρεστόν
855 3041 1069 3111 ἐστιτῷ
1098 3041 1289 3110 κράτει
1315 3056 1409 3092 σου
1434 3038 1661 3107 ποιῆσαι
1681 3039 1883 3107 τρόπον
1905 3037 1999 3091 καὶ
2023 3037 2156 3089 ἀνα-

2259 2056 2351 2094 τον
2403 2040 2605 2108 μᾶλλον
2652 2038 3082 2109 εὐσκοπωτέρως
3116 2033 3584 2104 συγχωρηθήσεται
3616 2028 3742 2081 καὶτὸ

2260 2134 2359 2201 τῆς
2382 2136 2477 2187 τοῦ
2504 2131 2767 2187 δεσπότού
2801 2130 3031 2201 Σερϐίας
3062 2128 3359 2196 θυγατρὸς,
3386 2126 3518 2193 λέγω
3541 2123 3622 2190 τῆς
3641 2120 3741 2187 sipr-

2264 2226 2432 2293 μένης
2483 2224 2819 2293 ἀμηρίσσας,
2862 2219 2951 2273 διὰ
3000 2220 3103 2281 τὰς
3152 2217 3419 2277 τοσαύτας
3458 2214 3651 2283 χάριτας
3682 2209 3739 2259 καί

2260 2315 2575 2384 εὐεργεσίας
2605 2313 2671 2375 ἃς
2717 2310 3030 2381 ὀφείλουσιν
3064 2310 3206 2380 αὐτῇ
3244 2307 3365 2361 καθ’
3406 2302 3722 2371 ἑκάστηνήέκ

2260 2407 2456 2475 κλησία
2490 2422 2547 2458 τε
2580 2404 2676 2457 καὶ
2721 2404 2770 2456 οί
2809 2402 3149 2473 ίερομόναχοι
3184 2400 3281 2453 καὶ
3318 2396 3532 2467 μοναχοὶ
3568 2393 3644 2445 καὶ
3672 2390 3739 2445 πᾶς

2258 2501 2286 2552 ὁ
2315 2498 2413 2567 τῆς
2447 2494 2743 2565 ἐκκλησίας
2766 2492 2985 2561 κλῆρος.
3030 2491 3231 2560 Τρίτον
3256 2478 3355 2542 οὐκ
3381 2488 3547 2539 ἔσεται
3570 2479 3735 2550 nuptia—

2260 2588 2351 2655 ζον
2391 2588 2439 2639 εἰ
2467 2586 2707 2655 ἰὀῦρκον
2757 2583 2915 2654 ἔσχεν
2966 2583 3166 2651 ἄνδρα,
3213 2582 3336 2634 ἐπεὶ
3381 2581 3472 2632 καὶ
3499 2579 3528 2647 ἡ
3556 2576 3737 2628 bist-tona

2260 2678 2512 2740 Εύδοκία,
2536 2676 2604 2746 ἢν
2633 2677 2661 2729 ὁ
2696 2674 2924 2738 πάππος
2955 2691 3051 2726 σου
3084 2672 3283 2727 ἐλαϐεν
3314 2674 3393 2732 εἰς
3439 2667 3652 2735 γυναῖκα,
3680 2662 3739 2712 ἄν·

2260 2770 2359 2835 δρα
2385 2767 2618 2837 προέσχε
2649 2764 2894 2833 Τοῦρκον
2939 2748 3031 2816 καὶ⁹
3074 2760 3282 2831 μικροῦ
3326 2761 3417 2811 καὶ
3443 2756 3602 2822 ὀλίγου
3623 2752 3737 2803 τόπον

2258 2858 2545 2927 αὐθέντην,
2580 2857 2674 2909 καλ⁸
2710 2855 2901 2907 παιδία
2941 2853 3058 2922 μετ’
3090 2853 3304 2906 ἐκείνου
3338 2850 3514 2903 ἔτεκεν
3535 2861 3548 2877 ·
3576 2843 3681 2907 αὔτη
3701 2840 3738 2890 δὲ

2256 2951 2516 3004 τοσούτου
2550 2948 2789 3019 μεγάλου
2830 2946 3092 3001 αὐθέντου
3128 2947 3231 2997 καί¹
3258 2942 3447 3012 άμηρᾶ
3477 2938 3595 3006 γυνὴ
3629 2928 3737 2990 οὖσπ.

2260 3040 2353 3094 καλ⁸
2377 3039 2453 3101 ὡς
2485 3038 2779 3106 ἀκούομεν,
2804 3036 2905 3088 οὐκ
2935 3034 3239 3105 ἐγνώρισεν
3268 3033 3454 3104 αὐτὴν,
3479 3029 3548 3081 διὸ
3565 3028 3637 3078 καὶ
3654 3024 3739 3075 ἄτε-

596 3136 759 3204 ϐολὴν
791 3136 878 3187 ἵνα
915 3133 1085 3203 λάϐῃς
1137 3132 1239 3199 τὴν
1267 3129 1565 3199 εἰρημένην
1599 3130 1913 3199 ἀμήρισσαν
1942 3130 2021 3189 εἰς
2056 3144 2155 3196 γυ-
2180 3147 2226 3210 C
2259 3130 2384 3192 κνός
2415 3131 2551 3183 ἐστι.
2584 3129 2723 3196 Περὶ
2768 3128 2827 3180 δὲ
2871 3125 3016 3180 κατὰ
3044 3126 3105 3178 τὸ
3127 3126 3417 3194 τέταρτον,
3444 3123 3487 3173 εί
3530 3114 3737 3210 xci—lim

593 3227 776 3279 ναῖκα.
828 3222 1083 3290 Τέσσαρα
1132 3219 1240 3289 γάρ
1288 3216 1425 3288 μόνα
1460 3217 1698 3287 εὑρίσκω
1726 3214 1876 3271 αἴτια
1906 3216 1976 3270 δι’
2011 3210 2087 3271 ὧν
2119 3218 2153 3288 ἡ

595 3419 685 3461 me
715 3404 947 3474 putavit.
968 3420 997 3454 θ
1033 3401 1363 3470 Acceperam
1399 3406 1685 3467 praeterea,
1737 3410 1959 3459 ameraz,
1992 3396 2152 3467 cujus

593 3505 718 3551 ante
751 3493 955 3550 mentio
1002 3492 1148 3547 facta
1174 3502 1275 3554 est.
1309 3505 1556 3555 uxorem,
1588 3490 1827 3557 despota:
1854 3488 2059 3543 Serviae
2087 3491 2152 3543 fi-

597 3588 751 3651 liam,
802 3596 926 3656 post
960 3585 1140 3639 mariti
1172 3592 1402 3637 mortem
1438 3582 1702 3651 prmclaro
1737 3589 1791 3635 et
1843 3583 2150 3637 honoriﬁco

591 3676 855 3733 comitatu
881 3677 1100 3731 domum
1119 3674 1186 3728 ad
1214 3682 1467 3744 parentes
1492 3672 1736 3727 rediisse.
1766 3669 1902 3725 Cum
1932 3681 2153 3740 propter

590 3766 856 3836 quasdam
889 3780 997 3819 non
1022 3763 1176 3817 leves
1212 3775 1407 3817 causas
1434 3761 1780 3829 Trapezunte
1816 3777 1901 3814 me
1929 3777 2153 3816 manere

591 3871 816 3911 necesse
858 3864 1026 3917 esset,
1074 3855 1293 3908 inventa
1344 3852 1489 3916 navi,
1526 3866 1650 3921 qua:
1688 3852 1897 3919 Cpolim
1938 3854 2150 3907 solvere

588 3949 771 4012 vellet,
795 3944 1073 4001 transmisi
1106 3958 1277 4013 equos
1307 3942 1572 4013 quosdam
1603 3949 1655 3995 et
1687 3955 1885 4010 pueros
1918 3943 2057 3998 duos
2083 3945 2151 3997 ab

587 4037 865 4093 lberorum
895 4050 1021 4105 rege
1050 4035 1117 4089 de
1150 4034 1404 4104 captivis,
1452 4020 1592 4102 quos
1626 4029 1851 4093 fecerat,
1888 4032 2023 4085 mihi
2052 4034 2151 4087 do-

586 4140 765 4195 natos,
791 4114 1005 4199 aliaque
1026 4128 1195 4182 multa
1222 4142 1510 4183 munerum
1535 4144 1733 4200 genera
1761 4144 1790 4183 a
1819 4128 2146 4199 quibusdam

587 4223 889 4279 liberaliter
909 4223 963 4276 in
988 4235 1073 4274 me
1098 4220 1317 4284 collata,
1344 4222 1649 4292 scripsique
1669 4222 1734 4277 ad
1760 4221 2146 4290 imperatorem

588 4312 872 4369 dominum
901 4327 1105 4375 meum,
1139 4320 1279 4375 tum,
1303 4325 1422 4381 quae
1450 4315 1504 4367 in
1530 4313 1705 4368 Iberia
1740 4313 2147 4384 transegissem,

587 4413 726 4468 tum,
748 4420 868 4473 qua:
888 4402 1233 4472 Trapezunte
1255 4413 1659 4462 transacturum
1686 4420 1773 4459 me
1790 4405 2145 4468 conﬁderem,

2256 3221 2519 3277 πλειόνων
2562 3220 2822 3290 ὑπάρχει,
2852 3220 2945 3272 ἐὰν
2980 3217 3222 3289 συλλάϐῃ
3252 3214 3468 3285 γαστρὶ,
3492 3207 3639 3265 τὸτοῦ
3664 3204 3740 3256 Κν-

2254 3418 2445 3459 curam
2470 3403 2748 3467 adhibere,
2777 3412 2837 3457 ut
2861 3405 3181 3458 amerissam
3208 3402 3358 3457 illam
3379 3398 3531 3453 ducas
3555 3400 3737 3447 uxorem.

2255 3492 2473 3548 Etenim
2498 3501 2734 3562 quatuor
2757 3494 2918 3547 modo
2942 3508 3136 3548 causas
3160 3491 3406 3556 invenio,
3435 3494 3626 3556 proplel'
3642 3490 3736 3547 ιυπε

2258 3585 2533 3654 maiestati
2610 3594 2715 3638 tum
2785 3583 2876 3638 illa
2932 3584 3178 3638 conditio
3248 3577 3565 3651 repudianda
3610 3568 3736 3638 jvidcri

2253 3685 2416 3747 queat
2443 3695 2455 3731 :
2480 3677 2737 3745 primum.
2767 3676 2912 3746 quod
2943 3689 3138 3743 genere
3200 3659 3733 3740 inferior;est;deintle.

2254 3785 2322 3823 ne
2349 3770 2487 3823 forte
2512 3769 2750 3823 Ecclesia
2780 3770 3008 3823 istarum
3037 3768 3351 3835 nuptiarum
3393 3777 3531 3819 sacra
3577 3762 3736 3826 ρτοριετ

2254 3863 2633 3929 cognationem
2695 3862 2998 3931 impediat;
3034 3870 3195 3926 tum,
3251 3857 3389 3928 quod
3438 3851 3611 3919 coniux
3655 3843 3736 3909 eius

2254 3954 2433 4008 Turca
2488 3952 2627 4018 luit;
2662 3964 2962 4022 postremo,
3010 3951 3176 4019 quod,
3225 3963 3285 4005 ut
3327 3934 3734 4031 quinquagenaria,

2255 4046 2672 4113 siconceperit,
2710 4060 2833 4098 cum
2877 4043 3125 4113 periculo
3172 4043 3370 4111 pariet,
3406 4033 3536 4107 quod
3579 4024 3733 4100 physici

2253 4135 2573 4204 plerumque
2619 4134 2734 4189 ﬁeri
2791 4134 3023 4198 dicunt,
3101 4128 3555 4202 quandoquidem,
3607 4117 3737 4173 adhuc

2252 4227 2475 4290 sterilis,
2512 4226 2721 4281 nullum
2785 4240 3022 4294 unquam
3064 4236 3281 4293 partum
3325 4219 3501 4278 edidit.
3549 4213 3735 4304 Quatuol:

2252 4316 2337 4371 his
2370 4318 2553 4371 causis
2582 4318 2655 4370 ita
2697 4317 2808 4383 iam
2848 4330 3227 4371 occurramus.
3263 4314 3341 4368 Ad
3388 4312 3594 4380 primum
3633 4293 3731 4352 nihil

2260 4406 2539 4476 singulare
2610 4406 2807 4473 facies,
2861 4407 2906 4461 si
2961 4406 3106 4460 illam
3169 4420 3385 4460 uxorem
3436 4402 3597 4456 ducas.
3648 4399 3733 4455 (1⁸⁸⁵⁸

587 4491 989 4559 certioremque
1018 4505 1141 4546 eum
1169 4490 1274 4546 feci
1302 4491 1369 4545 de
1400 4492 1565 4548 rebus
1590 4494 1869 4556 omnibus,
1899 4508 2019 4562 quae
2057 4508 2148 4546 ac-

2180 4488 2223 4543 ῐ)
2254 4498 2535 4551 nobilitate
2563 4498 2799 4551 domina:
2832 4512 2983 4560 mea,
3031 4498 3282 4567 gloriosae
3326 4492 3476 4549 matri
3506 4500 3611 4543 tute.
3637 4476 3728 4533 nihil

586 4582 856 4637 ciderant.
888 4581 1018 4636 Dedi
1047 4582 1304 4651 epistolas
1337 4583 1431 4637 uni
1473 4585 1542 4638 de
1580 4583 1879 4646 nobilibus,
1908 4582 1999 4651 qui
2032 4598 2142 4637 tne-

585 4688 711 4728 cum
748 4681 923 4739 erant,
954 4688 1191 4744 eumque
1220 4674 1404 4730 dimisi
1445 4675 1788 4738 cohortatus,
1819 4681 1879 4727 ut
1911 4674 2141 4726 alteram

584 4766 907 4836 imperatori
958 4767 1162 4833 statim,
1219 4782 1345 4822 cum
1386 4781 1513 4821 eum
1566 4771 1846 4829 adoraret,
1880 4766 2153 4839 traderet,

583 4864 941 4925 uarraretque
967 4871 1153 4911 coram
1173 4857 1378 4921 omnia,
1408 4872 1529 4927 quae
1551 4856 1618 4908 ad
1644 4870 1745 4909 nos
1768 4856 2101 4923 pertinerent
2124 4856 2155 4919 ;‘

582 4951 809 4999 alteram
840 4944 1012 4999 eidem
1048 4945 1135 4999 die
1171 4944 1425 5014 sequenti
1471 4946 1648 4997 daret.
1696 4943 1911 5008 Scripta
1954 4952 2135 4996 autem

581 5044 697 5089 erat
724 5034 953 5100 epistola
1001 5034 1105 5088 hoc
1136 5034 1427 5102 exemplo:
1462 5051 1480 5084 ι
1511 5033 1706 5086 Salvus
1740 5030 2133 5100 Trapezuntem

578 5120 817 5183 delatus,
858 5134 925 5173 ex
959 5119 1062 5174 hoc
1094 5134 1220 5189 rege
1255 5129 1489 5174 mortem
1539 5133 1737 5174 amem
1783 5120 2042 5187 cognovi,
2078 5128 2134 5172 et

581 5212 928 5276 amerissam,
952 5212 1116 5281 huius
1146 5226 1177 5266 ο
1199 5226 1391 5265 sorore
1435 5222 1673 5280 neptem,
1708 5212 1935 5280 pulchre
1965 5224 2018 5265 et
2045 5212 2143 5264 ho-

581 5303 805 5357 norifice
822 5304 876 5355 in
897 5304 1124 5371 patriam
1144 5302 1211 5355 ad
1236 5313 1493 5371 parentes
1516 5318 1787 5358 reversam
1809 5318 1951 5359 esse.
1983 5302 2140 5369 Quod

582 5394 673 5447 ubi
702 5395 964 5463 comperi,
1012 5396 1273 5449 constitui
1309 5398 1449 5464 apud
1506 5396 1774 5458 animum,
1808 5396 1953 5463 quod
2007 5399 2140 5450 mihi

579 5486 756 5538 visum
791 5494 895 5551 est,
940 5486 1200 5554 potentiae
1245 5495 1352 5539 tuae
1398 5487 1727 5555 signiﬁcare,
1776 5486 1994 5541 duobus
2028 5489 2134 5551 his,

578 5576 647 5629 ob
678 5590 798 5643 qua:
840 5579 940 5631 hoc
987 5578 1089 5630 iter
1116 5576 1243 5639 feci.
1296 5580 1588 5633 conuubiis
1632 5580 1815 5634 multis
1846 5579 1914 5634 de
1951 5583 2137 5635 causis

580 5668 766 5723 utilius
784 5667 901 5723 fore
925 5667 1195 5735 maiestati
1222 5678 1328 5725 tuae
1349 5681 1402 5725 et
1422 5672 1578 5742 longe
1608 5672 1798 5725 melius
1825 5672 1891 5727 ad
1917 5674 2135 5726 munia-

576 5774 683 5827 que
714 5760 916 5831 aptius,
953 5761 999 5817 si
1034 5763 1284 5831 potentiae
1332 5773 1438 5819 tua:
1487 5767 1719 5833 placeat,
1758 5764 2023 5819 rationem
2059 5779 2121 5817 ac

2256 4587 2422 4641 cedit.
2458 4586 2682 4652 Deinde,
2713 4587 2755 4641 si
2784 4588 2839 4641 in
2869 4588 3275 4642 matrimonium
3341 4594 3535 4654 peteres
3579 4574 3729 4637 Τιερε·

2259 4680 2578 4734 zuntiorum
2667 4679 2811 4747 regis
2901 4679 3112 4744 ﬁliam,
3183 4676 3506 4750 cognationis
3559 4676 3729 4739 gratiam

2250 4786 2531 4840 speramus
2572 4772 2663 4824 tibi
2711 4770 2913 4825 factum
2956 4771 3021 4823 iri
3054 4772 3121 4825 ab
3153 4770 3405 4831 Ecclesia,
3436 4766 3477 4819 si
3524 4764 3570 4815 in
3618 4767 3729 4809 men-

2251 4863 2425 4923 dicos.
2486 4864 2761 4930 orphanos
2836 4870 2891 4915 et
2948 4862 3208 4917 ecclesias
3266 4859 3528 4929 pecuniam
3579 4858 3725 4935 erostj

2255 4952 2348 5005 ris.
2405 4950 2517 5005 Hoc
2572 4961 2724 5004 tanto
2757 4951 2931 5020 magis
2981 4958 3035 5004 et
3080 4951 3295 5004 facilius
3334 4942 3622 5001 concedetur
3656 4930 3722 4983 libi

2258 5040 2667 5094 matrimonium
2699 5041 2821 5096 lilia:
2854 5042 3094 5110 despota:
3150 5040 3368 5104 Servite,
3403 5035 3640 5091 amerissa:
3667 5025 3721 5075 in-

2252 5147 2442 5201 quam,
2477 5143 2698 5201 propter
2726 5141 2876 5186 tanta
2908 5134 2997 5185 illa
3031 5132 3205 5188 ollicia
3236 5143 3291 5187 et
3327 5140 3549 5185 munera,
3574 5117 3721 5188 quibus

2252 5224 2493 5291 Quotidie
2545 5223 2623 5277 illi
2673 5223 2981 5293 obligantur
3034 5223 3309 5286 Ecclesia,
3360 5203 3719 5275 ltieromonachi.

2253 5316 2529 5377 mooachi,
2567 5316 2855 5368 universus
2897 5313 3139 5380 denique
3173 5317 3369 5370 clerus.
3405 5306 3525 5361 Illud
3562 5307 3717 5354 autem.

2251 5404 2397 5470 quod
2448 5404 2678 5457 Turcam
2712 5406 2965 5457 maritum
3019 5405 3229 5471 habuit,
3266 5402 3472 5456 minimc
3508 5387 3720 5479 singulare

2252 5505 2358 5557 εει.
2391 5496 2649 5563 quoniam
2676 5497 2841 5549 etiam
2887 5496 3123 5551 Eudocia
3162 5498 3428 5564 dcspoana,
3460 5502 3563 5556 qua:
3580 5478 3646 5532 avi
3665 5481 3719 5524 tm

2252 5602 2387 5640 uxor
2431 5587 2548 5649 fuit,
2578 5598 2701 5641 ante
2732 5589 2963 5641 Turcam
2998 5592 3277 5659 coniugem
3306 5586 3557 5640 habuerat,
3588 5576 3719 5640 ριγητ

2252 5688 2304 5732 οι
2330 5679 2490 5732 exilis
2524 5680 2761 5747 regionis
2793 5684 3112 5751 principem,
3146 5683 3229 5737 cui
3260 5683 3415 5734 etiam
3445 5672 3617 5726 liberos
3646 5666 3716 5723 l7“

2251 5780 2490 5838 perorat.
2516 5771 2717 5826 Contra
2745 5773 2856 5827 haec
2891 5784 2996 5828 tam
3026 5775 3209 5829 eximii
3244 5766 3479 5841 principis
3505 5768 3550 5813 ct
3571 5754 3719 5807 amet-’9
