3976 6554
195 426 310 494 817
382 416 386 420 ’

1199 433 1649 498 CHRONICON
1679 441 1959 507 MAJUS.
1994 467 2062 479 -
2094 443 2239 508 LIB.
2288 442 2406 509 III.

3357 435 3477 502 818

202 549 332 617 ρίου
367 544 580 616 θέλημα
607 547 932 617 γενήσηται,
968 547 1090 602 ἐπεὶ
1115 552 1397 622 συμφέρον
1429 557 1495 625 τῇ
1533 553 1784 628 βασιλείᾳ
1809 560 1861 619 Α
1887 561 2066 627 γονεῖς
2088 561 2258 632 αὐτῆς
2289 563 2462 632 ήδέως
2485 562 2578 617 καὶ
2600 561 2857 630 ἀσμένως
2886 558 2979 614 τὸν
2999 559 3159 627 λόγον
3181 557 3462 625 ἐδέξαντο,

198 637 305 691 σού
335 640 452 692 ἐστι
501 638 567 690 τὰ
613 640 990 708 προειρημένα
1023 641 1150 710 τρία
1195 643 1486 707 αίτια,ἐάν
1533 649 1782 715 γένηται,

197 730 435 800 μᾶλλον.
471 730 582 782 Καὶ
605 732 656 784 oi
698 735 876 798 γονεῖς
907 731 1081 800 αὐτῆς
1114 735 1430 804 περιχαρῶς
1484 739 1580 790 καὶ
1612 739 1786 808 ἀσμέο

199 838 318 883 νως
351 821 594 886 δέξονται
643 822 823 877 τοῦτο.
885 818 1297 888 Ἐξαπόστειλον
1340 821 1436 879 οὗν
1465 827 1630 890 εὐθύς
1658 845 1784 882 τινα

199 912 404 965 πιστὸν
433 912 543 966 τῶν
569 912 665 966 τοῦ
697 913 958 966 παλατίου
993 931 1086 967 σου
1134 916 1416 986 ἀρχόντων
1447 918 1480 988 ἦ
1508 919 1619 972 τῶν
1644 922 1788 992 ίερο-

201 1005 528 1075 μονάχωνῆ
574 1005 854 1075 μοναχῶν,
894 1007 987 1058 καὶ
1037 1008 1106 1059 τὰ
1149 1009 1281 1078 περὶ
1329 1012 1522 1063 τούτου
1559 1013 1788 1082 διορθώ-

202 1116 386 1161 σουσι,
416 1099 512 1151 καὶ
561 1097 801 1168 ἀναϐολὴ
848 1099 1075 1167 οὐδεμία
1119 1103 1436 1173 γενήσεται,
1473 1127 1494 1156 ο
1539 1106 1786 1159 Ἀποσω-

198 1191 412 1243 θέντων
439 1186 536 1244 οὖν
563 1190 674 1243 τῶν
713 1194 1294 1261 γραμματοκομιστῶν
1341 1197 1481 1264 μετά
1521 1198 1621 1266 τῆς
1656 1198 1785 1267 νηδς

196 1286 262 1335 ἐν
290 1286 358 1354 τῇ
390 1283 547 1336 πόλει
578 1285 642 1353 τῇ
678 1282 766 1354 κη’
793 1284 999 1347 Μαΐου,
1048 1286 1143 1338 καὶ
1194 1289 1222 1340 ὀ
1276 1287 1530 1355 βασιλεὺς
1574 1290 1651 1343 ὢν
1704 1294 1784 1355 εἰς

198 1377 536 1445 χοιράγραν,
565 1375 642 1439 ὡς
668 1377 917 1448 ἐμηνύθη
945 1378 1096 1450 αὐτῷ
1131 1377 1296 1450 216
1316 1381 1400 1434 ὅτι
1425 1383 1568 1446 τινὲς
1597 1385 1661 1436 ἐκ
1685 1385 1785 1454 τῆς

214 1467 465 1535 Ἰϐηρίας
512 1467 858 1536 ἐληλύθασιν,
910 1469 1077 1532 ἐάσας
1129 1473 1190 1525 τδ
1245 1472 1508 1542 συάγριον
1561 1476 1618 1527 ἐν
1672 1478 1785 1539 τοῖς

198 1557 536 1628 ἀνακτόροις
564 1553 697 1628 ἦλθε
729 1560 870 1629 μετά
915 1563 1118 1633 χαρᾶς.
1165 1563 1254 1615 Ἐν
1293 1557 1339 1631 ᾧ
1377 1564 1442 1635 δή
1481 1566 1662 1638 καιρῷ
1692 1566 1786 1635 ιφ-

197 1650 382 1702 θασαν
412 1651 462 1703 οί
492 1655 949 1722 χαρτοκομισταὶ,
982 1657 1050 1724 τῇ
1078 1661 1165 1722 κη’
1192 1655 1287 1709 τοῦ
1316 1658 1518 1722 Μαΐου,
1544 1663 1611 1730 τῇ
1643 1660 1782 1732 αὐτῇ

196 1741 369 1793 νυκτὶ
399 1740 694 1794 ὑπνώττων
731 1743 904 1814 ἐφάνη
959 1762 1049 1814 μοι
1099 1745 1222 1800 κατ’
1266 1747 1398 1816 ὄναρ
1429 1749 1512 1802 δτι
1543 1751 1637 1804 καὶ
1672 1751 1786 1820 ἐγὼ

196 1834 286 1895 εἰς
318 1833 418 1902 τὴν
461 1834 1039 1890 Κωνσταντινούπολιν
1073 1837 1310 1906 ἔφθασα,
1339 1841 1436 1894 καὶ
1471 1843 1788 1912 προσσπεύ-

200 1941 308 1987 σας
352 1924 432 1995 τῷ
479 1925 696 1996 βασιλεῖ
746 1929 1098 1998 ἀσπασθῆναί
1145 1949 1213 2002 με
1249 1934 1374 1997 τοὺς
1407 1935 1578 1998 πόδας
1619 1935 1788 1991 αὐτοῦ

197 2018 309 2070 οὐκ
341 2018 492 2072 εῖασέ
526 2037 620 2087 με,
644 2021 761 2074 ἀλλ’
789 2021 1070 2076 ἐπιλαϐὼν
1099 2025 1368 2093 ἀνέστησέ
1402 2043 1469 2096 με
1501 2028 1596 2080 καὶ
1623 2045 1788 2080 κατε-

198 2110 401 2182 φίλησέ
438 2129 541 2182 μου
587 2113 1076 2184 τούς-ὀφθαλμούς.
1109 2117 1326 2186 Ἔγωγε
1359 2117 1592 2184 ἔξυπνος
1637 2121 1790 2186 γενόο

213 2221 379 2273 μενος
418 2201 573 2259 εἷπον
613 2208 726 2270 τοῖς
761 2209 892 2279 περὶ
945 2209 1048 2278 ἐμὲ
1094 2209 1324 2265 ὐπνοῦσι
1357 2212 1416 2265 τὸ
1449 2213 1658 2283 ὅραμα,
1687 2216 1784 2267 καὶ

196 2297 355 2359 ὅπως
382 2295 484 2365 τῆς
507 2295 726 2368 ἡμέρας
756 2300 1195 2368 μνημονεύσωσι.
1241 2301 1390 2355 Ἰδὼν
1426 2301 1519 2356 οὖν
1544 2306 1571 2356 ὁ
1595 2304 1788 2358 αὐθέν-

196 2403 300 2454 της
344 2402 448 2454 μου
493 2389 588 2440 καὶ
635 2387 893 2456 βασιλεὺς
927 2389 1003 2461 μὴ
1052 2391 1228 2445 ἐλθεῖν
1264 2409 1362 2459 με,
1396 2391 1516 2446 ἀλλ’
1559 2393 1625 2447 ἐκ
1677 2395 1786 2448 τῶν

197 2481 303 2531 σὺν
346 2481 492 2549 ἐμοὶ,
520 2482 617 2533 καὶ
654 2479 754 2552 τὴν
785 2481 1015 2553 πρώτην
1049 2484 1270 2555 γραφὴν
1315 2487 1647 2555 ἀναγνώσας
1687 2503 1786 2541 πε-

203 2569 440 2639 ρίλυπος
468 2572 692 2640 ἐγένετο
722 2573 817 2626 καὶ
841 2574 1132 2645 ἐδυσφόρει
1158 2579 1486 2647 κατηγορῶν
1511 2579 1613 2648 τὴν
1641 2577 1784 2650 ἐμὴν

197 2661 514 2735 βραδύτητα
534 2680 548 2694 ο
577 2663 654 2727 ὡς
683 2664 740 2718 δέ
769 2663 868 2736 τὴν
915 2667 1113 2736 ἑτέραν
1142 2671 1367 2739 γραφὴν
1402 2670 1497 2723 ἐπὶ
1544 2671 1645 2743 τὴν
1679 2671 1777 2725 a6-

198 2771 321 2826 ριον
378 2755 616 2824 ἀνέγνω,
671 2757 768 2810 καὶ
817 2757 1006 2827 μαθὼν
1041 2760 1264 2829 μέλλειν
1312 2761 1488 2815 ἐλθεῖν
1542 2762 1631 2816 διὰ
1681 2764 1783 2834 τῆς

199 2846 449 2915 γραφῆς,
480 2849 588 2902 ίδοὺ
613 2847 860 2920 ἠρκέσθη
894 2850 986 2904 καὶ
1035 2851 1254 2922 χαρίεις
1287 2856 1615 2925 ἐναπέμεινε
1640 2873 1655 2888 ⁸
1686 2859 1783 2912 καὶ

199 2940 368 3004 εὐθὺς
417 2943 786 3012 οἰκονομήσας
833 2943 1090 3015 Μανουὴλ
1140 2945 1236 2999 τὸν
1295 2946 1659 3018 Παλαιολόγον
1689 2949 1784 3005 τὸν

195 3033 305 3101 τῆς
361 3033 830 3105 Καντακουζηνῆς
881 3036 982 3106 τῆς
1027 3040 1617 3112 πρωτοστρατορίσσης
1652 3043 1781 3096 ἀνευ

199 3126 352 3192 ψιδν,
377 3125 763 3192 ἐξαπέστειλεν
788 3127 954 3181 αὐτὸν
978 3129 1116 3201 πρὸς
1153 3131 1248 3184 τὺν
1276 3130 1380 3199 τῆς
1427 3131 1661 3202 Σερϐίας
1689 3133 1778 3188 δε-

1890 651 1986 703 καὶ
2013 651 2245 721 ἑτοίμως
2267 649 2416 722 εἶχον
2448 653 2816 724 ἐκπληρῶσαικ
2835 655 2931 706 καὶ
2959 653 3021 705 τὸ
3050 652 3234 722 ἔργον.
3268 652 3468 705 ’Δλλον

1890 743 2000 812 γὰρ
2029 745 2132 797 οὐκ
2167 745 2409 798 ἐκώλυσε
2440 746 2501 798 τὸ
2548 745 2794 798 τοιοῦτον
2831 744 3174 798 συνοικέσιον
3196 744 3245 796 εἰ
3281 744 3356 814 μὴ
3382 743 3470 796 δτι

1889 833 1924 902 ή
1960 833 2248 903 ἀμήρισσα
2285 833 2480 904 ἐδεήθη
2511 833 2610 886 τοῦ
2657 831 2794 887 Θεοῦ
2828 833 3102 902 εὐχομένη
3138 827 3353 894 τάξασα
3386 827 3471 879 ἑτι

1889 923 2094 988 ζῶντος
2129 925 2221 977 τοῦ
2252 925 2446 996 ἀμηρᾶ
2489 927 2583 978 καὶ
2613 924 2810 994 ἀνδρὸς
2849 924 3042 991 αὐτῆς,
3072 923 3182 976 είό
3215 920 3349 983 Θεὸς
3373 919 3472 988 οἴῳ

1887 1015 1951 1085 δή
1993 1032 2121 1068 ποτε
2144 1016 2335 1087 τρόπῳ
2362 1016 2708 1087 ἐλευθερώσῃ
2745 1015 2916 1085 αὐτὴν
2950 1015 3016 1066 ἐκ
3049 1014 3149 1076 τὰς
3183 1012 3295 1064 τῶν
3344 1012 3474 1064 doe-

1889 1105 2000 1160 ϐῶν
2026 1109 2235 1178 χεῖρας,
2265 1106 2442 1178 ἑτέρῳ
2475 1107 2632 1177 ἀνδρὶ⁹
2679 1108 2880 1176 μηκέτι
2913 1106 2974 1158 ἐν
3025 1106 3092 1174 τῇ
3153 1101 3315 1172 217
3355 1099 3470 1171 ζωῇ

1889 1197 2064 1267 αὐτῆς
2089 1197 2440 1268 συζευχθείη,
2463 1198 2601 1251 ἀλλὰ
2629 1197 2816 1267 μένειν
2843 1195 3015 1264 αὐτὴν
3043 1196 3102 1248 ἐν
3135 1192 3470 1263 σοφρωσὺνῃ

1887 1291 2338 1358 παρθενεύουσαν
2387 1293 2485 1346 καὶ
2536 1291 2682 1346 κατά
2735 1290 2801 1343 τὸ
2853 1288 3084 1342 δυνατὸν
3136 1284 3474 1356 θεραπεύειν

1886 1382 2008 1453 Θεῷ
2041 1382 2119 1452 τῷ
2144 1383 2246 1454 τήν
2281 1384 2598 1455 ἐλευθερίαν
2636 1381 2810 1450 αὐτῆς
2843 1379 3256 1451 χορηγήσαντιο
3287 1377 3358 1430 δι’
3405 1375 3474 1446 ἣν

1887 1473 2071 1529 αἰτίαν
2101 1475 2161 1528 τὸ
2195 1475 2537 1529 συνοικέσιον
2573 1474 2734 1528 τοῦτο
2767 1473 2867 1526 οὐκ
2896 1472 3140 1541 ἐγένετο.

1949 1566 2048 1635 Τῷ
2079 1567 2174 1622 τοῦ
2225 1566 2392 1622 αὐτοῦ
2427 1567 2581 1631 ἔτους
2627 1565 2930 1636 Αὐγούστῳ
2984 1567 3120 1634 μηνὶ
3157 1561 3316 1632 διέϐη
3361 1559 3474 1616 ἀπὸ

1886 1659 1985 1727 τῆς
2015 1658 2227 1723 πόλεως
2249 1658 2327 1722 ὡς
2359 1659 2534 1729 φυγάς
2558 1661 2588 1712 ό
2619 1658 2970 1730 πατριάρχης
2999 1656 3107 1727 κῦρ
3136 1656 3471 1728 Γρηγόριοςο

1887 1751 1982 1802 καὶ
2017 1750 2129 1818 ἐγὼ
2173 1754 2238 1821 τῇ
2293 1751 2354 1805 ιδ’
2389 1751 2484 1804 τοῦ
2537 1750 2917 1821 Σεπτεμϐρίου
2966 1750 3139 1820 μηνὸς
3191 1748 3286 1802 τοῦ
3317 1747 3472 1815 ,ςὲρξῗ

1888 1841 2043 1903 ἔτους
2091 1843 2172 1904 είς
2230 1842 2812 1896 Κωνσταντινούπολιν
2861 1841 3126 1896 ἀπέσωσα
3183 1839 3326 1912 μετὰ
3373 1843 3476 1910 τῆς

1891 1933 2021 2003 νηὸς
2053 1933 2149 1986 τοῦ
2190 1933 2360 1987 καλοῦ
2389 1934 2682 1988 ’Δντωνίου
2724 1933 2962 1998 Ῥίτζου,
2990 1911 3084 1986 τοῦ
3120 1935 3218 1986 καὶ
3244 1933 3478 2003 ὕστερον

1893 2021 2352 2094 μαρτυρήσαντος
2396 2021 2542 2094 ὐπέρ
2599 2023 2701 2094 τῆς
2756 2023 2837 2086 είς
2886 2021 3130 2094 Χριστὸν
3175 2021 3339 2076 αὐτοῦ
3387 2020 3488 2075 πίε

1894 2132 2090 2176 στεως.

1963 2204 2033 2276 β’.
2064 2205 2310 2271 Τελέσας
2333 2203 2428 2262 οὖν
2460 2207 2572 2276 ἐγὼ
2602 2207 2662 2261 τὸ
2689 2206 3034 2262 συνοικέσιον
3061 2208 3118 2261 ἐν
3143 2209 3211 2278 τῇ
3242 2205 3480 2279 Ἰϐηρίᾳ,

1889 2297 1978 2351 ἵνα
2014 2298 2159 2371 λάϐῃ
2201 2300 2230 2352 ό
2257 2299 2528 2369 αὐθέντης
2562 2317 2664 2369 μου
2695 2300 2794 2369 τὴν
2838 2299 2934 2353 τοῦ
2963 2301 3146 2352 ἐκεῖσε
3177 2298 3349 2367 ρηγδς
3382 2298 3480 2351 θυ-

1888 2393 2122 2463 γατέρα,
2152 2391 2304 2454 είδὼς
2338 2393 2422 2446 ὅτι
2453 2395 2707 2464 κρεῖττον
2750 2388 2820 2464 ἦν
2852 2393 2914 2445 τὸ
2951 2393 3010 2446 ἐν
3049 2395 3114 2461 τῇ
3142 2391 3359 2462 Ἰϐηρίᾳ
3382 2392 3480 2446 τοῦ

1888 2485 1988 2554 τῆς
2043 2482 2485 2553 Τραπεζοῦντος.
2540 2478 2674 2536 Eine
2733 2499 2824 2552 μοι
2854 2482 2965 2552 γὰρ
3018 2485 3046 2535 ὁ
3095 2483 3196 2552 τῆς
3233 2479 3479 2554 Ἰϐηρίας

1890 2575 2294 2646 προειρημένος
2327 2574 2430 2647 ρὴξ
2450 2575 2654 2629 τοιάδεο
2690 2593 2709 2626 ι
2749 2575 2863 2628 Οὐκ
2892 2575 3008 2627 ἔστι
3043 2571 3316 2644 συνήθεια
3343 2553 3478 2644 παρ’

1887 2669 2020 2738 ήμῖν
2051 2668 2140 2721 ἵνα
2162 2667 2384 2742 διδῶσιν
2409 2668 2516 2738 χρή
2527 2683 2674 2736 ματα
2695 2669 2750 2720 αί
2773 2666 3036 2734 γυναῖκες
3060 2665 3176 2728 τοῖς
3207 2665 3473 2734 ἀνδράσιν

1886 2757 1984 2822 οὓς
2012 2760 2272 2830 μέλλουσι
2300 2759 2512 2824 λαϐεῖν,
2543 2758 2658 2812 ἀλλ’
2689 2759 2738 2812 οἱ
2774 2759 2968 2829 ἀνδρες
3001 2759 3122 2821 ταῖς
3158 2757 3468 2826 γυναιξίν.»

1899 2848 2047 2918 Ἐγὼ
2075 2850 2132 2903 δὲ
2159 2849 2483 2919 ἀποκριθεὶς
2503 2850 2673 2904 αίτῶν
2701 2849 2932 2919 ἱλασμὸν
2955 2847 3088 2918 παρ’
3115 2846 3282 2902 αὐτοῦ
3311 2849 3478 2915 λέγω

1894 2959 1912 2994 ι
1946 2942 2064 2996 οὐκ
2093 2942 2306 3013 ἥκουσα
2329 2944 2550 2996 πώποτε
2581 2941 2840 3013 τοιαύτην
2870 2939 3165 3012 συνήθειαν
3196 2943 3290 2994 καὶ
3313 2939 3480 3010 νόμον

1886 3033 1962 3098 ὡς
1994 3036 2025 3105 ή
2058 3033 2309 3106 βασιλεία
2361 3052 2454 3090 σου
2507 3037 2897 3106 προστάττεις.
2937 3051 2957 3086 ι
3015 3033 3076 3088 '0
3127 3033 3186 3088 δέ
3219 3033 3481 3105 βασιλεὺς

1884 3129 2148 3212 γελάσας,
2192 3130 2333 3200 τάχα
2366 3129 2669 3199 θαυμάζων
2714 3129 2844 3191 τοὺς
2867 3129 3061 3194 λόγους
3117 3144 3242 3198 μου,
3290 3124 3471 3180 εῐπενο

206 3219 438 3288 σπότην,
477 3219 564 3272 ἵνα
599 3220 874 3292 δοκιμάσῃ
919 3223 1016 3277 καὶ
1052 3223 1142 3298 ιδῃ
1201 3225 1331 3296 περὶ
1374 3224 1434 3278 οὐ
1468 3228 1525 3278 ἐν
1570 3229 1637 3298 τῇ
1673 3229 1782 3300 ἐμῇ
1812 3227 1860 3293 c
1895 3237 1915 3274 t
1949 3223 2063 3275 Οὐκ
2094 3215 2261 3286 οἶδας,
2292 3217 2591 3291 τιμιώτατε
2622 3218 2776 3288 ἀνερ,
2799 3217 2853 3273 τί
2877 3235 3047 3288 φησιν
3075 3219 3106 3271 ό
3130 3219 3308 3289 μέγας
3338 3220 3482 3273 Και-

202 3312 469 3385 ὶπιστολῇ
497 3313 755 3386 γέγραφα
791 3317 1160 3372 συνοικεσίου.
1211 3319 1322 3373 Καὶ
1371 3318 1706 3386 ἀκούσαντες
1733 3323 1784 3376 0i

207 3501 351 3542 uxor
382 3487 507 3555 fuit,
539 3498 594 3544 et
643 3489 712 3546 ab
746 3505 834 3557 eo,
867 3491 1050 3558 aiunt,
1101 3509 1167 3548 ne
1204 3505 1348 3550 tacta
1385 3495 1612 3566 quidem
1647 3505 1730 3552 est
1766 3511 1781 3549 :

207 3595 381 3650 quare
410 3597 510 3638 nec
531 3583 828 3640 liberorum
855 3587 1157 3657 quidquam
1182 3591 1390 3662 genuit.
1422 3591 1500 3644 Ad
1529 3599 1782 3660 quartam

204 3673 316 3738 jam
357 3674 626 3731 rationem
657 3677 805 3746 quod
845 3679 1064 3746 attinet,
1106 3681 1327 3735 etiamsi
1355 3697 1566 3736 annosa
1591 3693 1698 3746 est,
1735 3683 1782 3738 si

207 3769 541 3836 conceperit,
593 3768 684 3824 bet
735 3771 924 3840 utique
955 3773 1210 3828 voluntas
1256 3771 1370 3838 Dei,
1405 3775 1627 3843 quando
1667 3784 1783 3828 tres

206 3868 333 3911 ante
354 3871 792 3916 commemoratae
809 3864 1050 3920 rationes
1067 3865 1338 3934 majestati
1356 3877 1461 3922 tux
1479 3867 1786 3924 commoda:

205 3962 387 4006 erunt.
414 3951 674 4009 Parentes
708 3955 832 4025 ejus
866 3961 1048 4012 autem
1080 3957 1319 4014 libenter
1345 3968 1402 4013 et
1434 3959 1631 4029 cupide
1658 3973 1780 4014 eam

205 4043 578 4100 conditionem
627 4048 914 4116 arripient.
953 4048 1036 4103 Tu
1079 4050 1194 4118 jam
1235 4049 1534 4106 confestim
1572 4041 1779 4107 mittito

207 4133 348 4190 mihi
377 4135 587 4191 ﬁdelem
616 4141 930 4208 quempiam
973 4139 1042 4195 de
1077 4141 1412 4210 primoribus
1440 4144 1654 4212 palatii,
1688 4153 1786 4200 aut

209 4231 683 4297 inieronionachis,
733 4243 832 4288 aut
877 4235 1186 4302 monachis,
1220 4253 1418 4308 resque
1456 4239 1572 4295 lucc
1601 4241 1783 4296 admi-

207 4321 556 4386 nistrabitur,
589 4339 695 4381 nec
717 4325 826 4380 ulla
861 4341 1020 4382 mora
1049 4329 1173 4383 erit.
1205 4347 1225 4380 ι
1259 4329 1398 4385 Cum
1433 4330 1469 4385 ii
1511 4331 1605 4401 qui
1631 4332 1785 4388 litte-

207 4429 300 4468 ras
327 4414 640 4483 portabant,
665 4417 804 4472 salvi
840 4419 908 4474 ad
943 4420 1136 4476 urbem
1161 4424 1509 4493 appulissent
1528 4426 1619 4482 die
1651 4425 1778 4482 Maii

202 4506 301 4572 28,
348 4506 668 4577 imperator,
704 4512 798 4580 qui
833 4511 974 4567 forte
1003 4528 1167 4584 apros
1208 4518 1536 4585 venabatur,
1576 4519 1782 4574 certior

207 4598 414 4665 factus,
441 4601 731 4659 advenisse
757 4605 1024 4675 quosdam
1058 4621 1123 4662 ex
1151 4606 1354 4672 Iberia,
1392 4610 1582 4665 relicta
1624 4626 1789 4666 vena-

208 4693 387 4758 tione,
442 4695 787 4756 laetabundus
827 4701 1091 4772 palatium
1139 4705 1314 4774 petiit.
1377 4705 1499 4774 Quo
1547 4717 1796 4777 tempore

210 4785 483 4843 tabellarii
509 4790 871 4857 advenerunt,
906 4794 994 4849 die
1015 4794 1086 4850 28
1117 4795 1266 4858 Maii,
1289 4783 1478 4852 eadem
1508 4806 1671 4853 nocte
1694 4814 1792 4868 per

207 4894 472 4936 somnum
504 4883 654 4938 visus
676 4884 812 4940 mibi
845 4899 1050 4944 sum.ct
1074 4888 1190 4958 ipse
1211 4889 1404 4944 adesse
1425 4890 1604 4960 Cpoli,
1633 4905 1792 4945 cum-

205 4991 320 5044 que
374 4975 692 5034 festinarem
728 4982 796 5035 ad
836 4983 1248 5052 imperatorem,
1284 5000 1459 5056 genua
1498 4985 1622 5055 ejus
1677 5001 1797 5040 am-

209 5070 497 5135 plexurus,
538 5072 760 5126 retineri
789 5073 861 5128 ab
889 5089 954 5131 eo
984 5083 1040 5130 et
1082 5077 1362 5132 sublevari
1390 5085 1445 5132 et
1476 5079 1674 5134 osculo
1704 5093 1797 5133 sa-

208 5161 403 5216 lutari.
431 5160 882 5234 Expergeiaetus,
913 5167 979 5222 iis
1007 5169 1100 5237 qui
1131 5168 1277 5223 circa
1307 5184 1396 5224 me
1419 5169 1792 5232 dormiebant,

211 5254 489 5310 somnium
532 5257 773 5324 narravi,
805 5266 970 5326 atque
1000 5259 1135 5325 dixi,
1166 5272 1224 5315 ut
1249 5261 1355 5316 diei
1391 5261 1796 5316 meminissent.

213 5347 520 5413 Imperator
553 5359 761 5414 autem,
815 5350 1073 5405 dominus
1115 5367 1296 5417 meus,
1335 5353 1425 5406 ubi
1466 5367 1575 5407 non
1615 5351 1794 5422 ipsum

213 5453 327 5505 me,
359 5439 452 5494 sed
489 5455 520 5495 e
552 5441 846 5498 comitibus
883 5442 1121 5512 aliquem
1152 5444 1346 5498 adesse
1376 5445 1793 5512 animadvertit,

209 5541 271 5585 et
322 5532 564 5600 priorem
597 5534 731 5603 legit
763 5535 1076 5611 epistolam,
1113 5543 1345 5590 maestus
1383 5534 1585 5598 factus.
1613 5537 1797 5607 segni-

215 5627 352 5680 tiam
381 5641 560 5681 meam
590 5642 734 5698 azgre
763 5630 889 5698 tulit
925 5631 1344 5699 aceusavitque.
1379 5629 1481 5684 Ubi
1511 5637 1693 5684 autem
1721 5631 1799 5684 al-

218 5724 396 5770 teram
431 5715 520 5771 die
547 5719 799 5788 sequenti
842 5720 971 5790 legit
1001 5735 1199 5789 meque
1227 5729 1519 5774 venturum
1550 5735 1672 5775 esse
1710 5721 1799 5774 di-

217 5807 378 5872 dicit,
396 5809 676 5878 acquievit
697 5819 750 5865 et
776 5810 978 5866 laetitia:
999 5827 1061 5867 se
1082 5813 1254 5876 dedit,
1282 5813 1580 5882 statimque
1609 5827 1792 5865 rerum

218 5901 422 5958 notitia
450 5902 776 5960 instructum
815 5903 1119 5961 Manuelem
1157 5905 1543 5976 Palzeologum,
1595 5903 1798 5959 Canta-

1890 3313 2114 3384 σάριος;
2148 3314 2436 3382 Διαφόρων
2468 3313 2639 3367 ἐθνῶν
2674 3311 2880 3387 τρόπον
2923 3329 2985 3365 τε
3035 3314 3132 3368 καὶ
3161 3313 3329 3383 νόμον
3353 3313 3481 3384 ἐξη-

1887 3514 2110 3554 cuzenae
2135 3496 2628 3569 protostratorissaa
2651 3493 3075 3561 consobrinum,
3100 3493 3170 3549 ad
3189 3493 3478 3566 despotam

1887 3591 2092 3647 SCI‘ViJ’:
2125 3591 2420 3658 ablegavit,
2458 3597 2520 3643 ut
2563 3588 2611 3643 is
2642 3587 2712 3642 de
2742 3587 3019 3658 coniugio,
3049 3587 3118 3641 de
3162 3600 3276 3656 quo
3305 3587 3485 3657 serip-

1887 3681 2418 3753 scram,inquireret
2453 3694 2518 3735 ac
2545 3679 2782 3734 videret.
2814 3677 3076 3734 Parentes
3106 3677 3233 3746 ejus
3251 3679 3484 3732 libenter

1887 3774 2156 3844 etcupide
2197 3773 2564 3829 conditionem
2598 3778 2958 3840 acceperunt,
2991 3777 3047 3823 et
3071 3769 3138 3823 ad
3167 3784 3281 3824 rem
3314 3770 3483 3839 perii-

1886 3866 2136 3922 ciendam
2168 3865 2343 3935 parati
2367 3873 2544 3919 erant.
2567 3861 2730 3918 Nulla
2761 3861 2908 3918 enim
2937 3860 3043 3916 alia
3080 3875 3168 3915 res
3209 3860 3264 3914 id
3284 3859 3483 3930 conju-

1887 3958 2034 4029 gium
2060 3958 2406 4024 impediebat,
2429 3957 2536 4014 nisi
2562 3956 2708 4028 quod
2737 3955 3021 4018 amerissa,
3049 3955 3171 4008 vivo
3195 3954 3481 4009 etiamtum

1886 4063 2072 4105 amera
2127 4050 2382 4120 conjuge,
2425 4048 2493 4104 ad
2525 4047 2699 4102 Deum
2749 4055 2966 4116 precata
3013 4047 3397 4110 constituerat,
3437 4043 3486 4099 si

1889 4141 2034 4198 Deus
2051 4157 2161 4212 quo
2193 4143 2406 4198 tandem
2432 4155 2651 4212 cunque
2674 4139 2834 4196 modo
2865 4139 3150 4194 liberasset
3171 4151 3230 4194 se
3249 4154 3280 4192 e
3311 4137 3486 4192 inani-

1887 4237 1989 4292 bus
2020 4237 2332 4306 impiorum,
2364 4234 2458 4290 alii
2492 4232 2700 4290 nemini
2734 4247 2828 4304 per
2853 4241 3028 4288 totam
3057 4231 3223 4287 vitam
3249 4230 3480 4296 nubere,

1886 4328 1980 4383 sed
2017 4327 2070 4382 in
2098 4325 2350 4382 castitate
2386 4326 2658 4397 virginali,
2690 4329 2835 4396 quod
2863 4332 3097 4379 restaret
3121 4323 3266 4388 vitae,
3309 4332 3484 4378 trans-

1888 4419 2036 4489 igere
2084 4430 2138 4474 et
2169 4435 2269 4491 pro
2299 4417 2505 4474 viribus
2533 4417 2667 4485 Deo,
2717 4417 3000 4474 liberatori
3039 4431 3160 4481 suo,
3199 4417 3434 4472 servire.

1970 4512 2228 4582 Ejusdem
2279 4511 2410 4567 anni
2437 4525 2631 4568 mense
2651 4511 2906 4583 Augusto
2939 4525 3008 4566 ex
3040 4509 3178 4566 urbe
3210 4507 3486 4581 prolugus

1901 4605 2036 4660 abiit
2057 4604 2358 4676 Gregorius
2386 4605 2725 4674 patriarcha,
2765 4613 2932 4677 atque
2961 4619 3066 4676 ego
3105 4605 3194 4659 die
3226 4605 3295 4660 Η
3326 4619 3486 4658 men-

1902 4697 1981 4752 sis
2031 4697 2374 4767 Septembris
2433 4697 2565 4752 anni
2596 4697 2740 4754 6960
2776 4697 2990 4766 Cpoiim
3037 4696 3240 4752 reverti
3267 4697 3324 4750 in
3359 4696 3486 4751 navi

1901 4789 2007 4845 viri
2047 4791 2240 4860 optimi
2304 4791 2530 4844 Antonii
2594 4788 2780 4856 Ritzi,
2832 4787 3080 4860 ejusdem
3137 4790 3232 4858 qui
3293 4799 3483 4859 postea

1903 4891 2126 4952 propter
2159 4881 2318 4937 ﬁdem
2347 4881 2558 4938 Christi
2590 4883 2914 4951 martyrium
2950 4879 3197 4950 pertulit.

1973 4975 2032 5030 2.
2057 4973 2283 5030 Confeci
2311 4975 2480 5045 igitur
2495 4973 2813 5044 conjugium
2841 4973 2894 5026 in
2910 4971 3111 5035 lberia,
3135 4980 3195 5025 ut
3221 4969 3484 5028 dominus

1903 5083 2062 5124 meus
2123 5069 2272 5123 illius
2297 5069 2444 5138 regis
2504 5067 2675 5122 iiiiam
2719 5066 2971 5120 duceret.
3005 5061 3276 5119 Noveram
3308 5064 3479 5128 enim,

1903 5162 2244 5218 connubium
2278 5162 2544 5218 lbericum
2579 5171 2842 5232 praestare
2885 5160 3280 5232 Trapezuntio.
3309 5159 3482 5216 Nam-

1904 5269 2012 5323 que
2038 5254 2112 5307 ita
2154 5251 2288 5306 mihi
2323 5253 2538 5306 dixerat
2577 5251 2862 5306 iberorum
2892 5264 2986 5306 rex
3017 5265 3033 5304 :
3075 5247 3276 5304 «Nobis
3307 5250 3480 5304 moris

1903 5361 2012 5401 non
2050 5353 2156 5411 est,
2187 5354 2248 5399 ut
2301 5345 2482 5399 dotem
2515 5346 2649 5398 dent
2679 5341 2894 5399 feminae
2927 5341 3084 5404 viris,
3131 5341 3334 5410 quibus
3379 5356 3482 5396 uu-

1901 5447 2080 5509 ptura:
2105 5448 2256 5498 sunt.
2277 5437 2372 5492 sed
2391 5435 2493 5489 viri
2513 5434 2788 5490 feminis.»
2815 5433 2926 5503 Ego
2949 5432 3210 5503 praefatus
3239 5431 3478 5498 veniam,

1904 5545 2184 5601 nunquam
2212 5545 2299 5584 me
2328 5529 2397 5584 de
2423 5528 2530 5583 isto
2574 5542 2726 5582 more
2757 5525 3010 5597 autlege,
3057 5525 3277 5594 qualem
3315 5525 3486 5594 maje-

1906 5631 2023 5677 stas
2056 5621 2230 5690 ipsius
2256 5621 2487 5684 diceret,
2513 5620 2740 5675 audisse
2770 5619 3048 5689 respondi.
3071 5616 3211 5672 Tum
3240 5633 3332 5672 rex
3357 5618 3487 5671 sub-

1905 5716 2090 5772 ridens
2111 5724 2168 5770 et
2189 5714 2350 5784 quasi
2378 5715 2588 5768 mirans
2610 5713 2777 5768 verba
2811 5727 2970 5768 mea:
3003 5711 3252 5774 «Scisne,
3284 5709 3484 5779 inquit,

1907 5809 1993 5863 vir
2037 5807 2468 5863 bonoratissime
2490 5849 2504 5873 ,
2539 5807 2676 5877 quid
2711 5821 2942 5876 magnus
2981 5805 3127 5860 dicat
3164 5801 3488 5856 Caesarius?

1907 5901 2257 5956 Diversarum
2277 5899 2518 5972 gentium
2543 5913 2724 5954 mores
2743 5907 2798 5954 et
2814 5897 3068 5954 instituta
3086 5895 3370 5966 explicans
3428 5909 3485 5965 in
