3976 6566
247 405 368 470 821

1279 376 1727 465 cunomtou
1763 402 2032 463 MAJUS.
2062 427 2128 438 -—
2158 401 2304 461 LIB.
2343 401 2458 460 tu.

3388 387 3509 453 δεῖ

243 520 389 584 σίας
425 520 714 590 βεϐαίωσις
753 524 848 576 καὶ
883 522 1150 592 ἀσφάλεια
1174 524 1270 576 καὶ
1300 521 1691 591 ὲκσςρρὰγισμᾶ
1717 522 1831 572 ἐστι
1859 517 1910 577 Δ
1946 516 2004 569 '0
2033 515 2133 584 μὲν
2161 513 2638 586 Καντακουζηνδς,
2657 511 2716 576 δς
2737 510 2846 566 ἀπὺ
2872 510 2982 564 τῶν
3007 508 3180 566 ἄλλων
3209 506 3503 576 ἀπροσπα-

251 613 364 682 τῆς
397 616 474 676 εἷς
517 613 616 684 ἐμέ
653 630 750 666 σου
784 614 1007 684 ἀγάπης
1046 615 1140 668 καὶ
1163 614 1513 682 δουλοσύνης,
1545 613 1638 665 καὶ
1666 613 1834 665 ἀντα-

249 705 468 770 μοιὸἠν
515 721 599 756 σοι
631 704 832 772 ὀφείλω
879 705 982 768 ἕως
1030 706 1088 758 ἐν
1132 709 1244 766 τοῖς
1275 703 1443 768 ζῶσιν
1475 702 1832 772 εὑρίσκομαι,

248 798 393 850 ἐπεὶ
420 797 677 851 τοσοῦτον
708 798 1050 860 κεκοπίακας
1082 798 1170 851 ἀεὶ
1203 797 1344 867 ὑπὲρ
1375 793 1532 865 ἐμοῦ,
1565 794 1660 848 καὶ
1701 795 1836 863 μᾶλ-

248 891 361 942 ὶον
391 891 463 942 τὰ
495 889 592 942 νῦν
621 891 983 958 ἐγκατέλιπες
1009 891 1096 942 τὸν
1148 885 1296 943 οἶκόν
1328 906 1448 954 σου,
1480 887 1730 940 τοσοῦτον
1770 885 1834 955 δὴ

249 983 460 1052 καιρὸν
489 983 678 1052 πόρῤω
701 983 804 1051 τῆς
831 985 930 1052 σῆς
951 983 1210 1052 πατρίδος
1237 982 1388 1046 ξένας
1410 979 1591 1050 χώρας
1617 996 1683 1032 πε
1691 994 1838 1048 ριερο

250 1076 522 1144 χόμενος.
554 1073 720 1128 Ὅθεν
745 1074 794 1126 οἱ
829 1077 1006 1130 ἐκεῖσε
1037 1074 1380 1142 κυριεύοντες
1409 1071 1654 1140 μεγάλας
1681 1070 1836 1140 εὐερ-

251 1165 462 1238 γεσίας
497 1165 789 1234 καὶτιμὰς
824 1163 1230 1232 ἐπηγγέλλοντό
1260 1179 1341 1215 σοι
1369 1161 1574 1225 δοῦναι,
1609 1160 1753 1228 λέγω
1789 1161 1837 1214 οἱ

254 1256 372 1322 τῆς
420 1255 664 1322 Ἰϐηρίας
708 1257 800 1309 καλ
829 1255 1242 1326 Τραπεζοῦντος
1270 1253 1528 1306 δεσπόται
1561 1251 1656 1305 καὶ
1683 1250 1838 1320 βασι-

253 1345 407 1408 λεῖς,
447 1345 677 1408 ἕκαστος
722 1345 906 1402 αὐτῶν
946 1346 1125 1416 ζητῶν
1182 1363 1265 1398 σοι
1315 1345 1454 1414 ὑπὲρ
1513 1343 1700 1406 αὑτοῦ,
1756 1343 1840 1395 ἵνα

261 1434 617 1490 συνοικισιον
681 1437 799 1505 μετ’
830 1437 964 1506 ἐμοῦ
1020 1437 1266 1508 τελέσῃς.
1321 1436 1491 1496 Αὐτὸς
1535 1434 1590 1486 δὲ
1625 1433 1701 1495 ὡς
1734 1434 1838 1486 σέ)-

260 1545 430 1598 φρων
477 1529 573 1580 καὶ
629 1529 819 1593 πιστὸς
864 1529 1119 1600 θεράπων
1147 1529 1426 1598 διέκρινας
1456 1529 1516 1580 τὸ
1564 1526 1842 1597 συμφέρον

263 1637 369 1688 μοι
396 1621 491 1672 καὶ
525 1620 972 1692 ὠφελιμώτερον,
993 1625 1090 1677 καὶ
1118 1623 1370 1692 ἔδρασας,
1392 1623 1489 1676 καὶ
1518 1622 1553 1676 ἃ
1582 1621 1843 1692 νενόηκας

163 1764 169 1770 ,,
265 1710 525 1782 ἔγραψάς
561 1729 654 1781 μοι
706 1713 1114 1782 συμδουλεύων.
1155 1714 1328 1767 Τοῦτο
1371 1710 1438 1785 ἦν
1483 1715 1624 1783 μέγα
1656 1731 1708 1766 τι
1750 1715 1842 1766 ἐκ·

270 1804 583 1874 μαρτύριον
613 1805 713 1873 τῆς
758 1805 897 1875 πρὸς
930 1808 1033 1876 ἐμέ
1083 1823 1176 1859 σου
1212 1807 1426 1869 εὐνοίας
1473 1808 1566 1860 καὶ
1605 1805 1842 1875 ἀγάπης

263 1899 369 1949 καὶ
403 1896 858 1968 πληροφορήθητι
887 1898 1106 1967 ἀληθῶς
1135 1898 1219 1952 ὅτι
1250 1899 1344 1953 καὶ
1383 1900 1512 1969 παρ’
1539 1897 1675 1967 ἐμοῦ
1707 1898 1848 1962 ἕξεις

266 1987 436 2052 ἀξὲαν
462 1989 558 2058 τὴν
589 1988 940 2058 ἁντάμειψιν,
997 1990 1102 2053 ἕως
1146 1992 1202 2044 ὲν
1238 1994 1349 2054 τοῖς
1396 1990 1563 2055 ζῶσιν
1595 1992 1844 2063 ὑπάρχω.

269 2079 419 2148 Περὶ
453 2078 511 2132 δὲ
559 2078 657 2133 τοῦ
714 2080 771 2133 ὲν
805 2079 1004 2151 Σερϐία
1045 2081 1388 2134 συνοικεσίου
1433 2074 1607 2153 οῦπερ
1640 2083 1851 2152 ὲρωτᾷς

272 2187 374 2240 με,
407 2172 838 2242 τοιουτοτρόπως
865 2173 1343 2244 παρηκολούθησε.
1378 2174 1533 2227 Μετὰ
1569 2173 1630 2227 τὸ
1668 2174 1852 2225 θανεῖν

269 2261 370 2314 τὸν
402 2264 622 2331 ἀμηρᾶν
660 2263 752 2316 καὶ
787 2262 882 2332 τὴν
918 2264 1076 2332 221
1127 2265 1316 2317 τούτου
1354 2264 1590 2333 σύζυγον
1644 2267 1853 2316 ὲπανα·

274 2346 595 2421 στρέψασαν
619 2353 754 2421 πρὸς
781 2353 872 2404 τὸν
905 2355 1002 2422 τῆς
1044 2353 1276 2423 Σερὸίας
1313 2352 1584 2425 δεσπότην
1630 2357 1720 2408 τὸν
1754 2371 1855 2407 πα-

271 2443 415 2512 τέρα
463 2443 652 2511 αὐτῆς,
686 2443 963 2513 προσῆλθὲ
1004 2461 1095 2511 μοι
1149 2443 1601 2514 συλλαλήσασαή
1642 2459 1856 2512 πρωτο-

276 2534 650 2602 στρατόρισσα
699 2536 733 2603 ἠ
787 2536 1054 2603 συγγενὴς
1106 2535 1276 2603 αὐτῆς
1305 2537 1437 2603 περὶ
1469 2535 1567 2603 τῆς
1599 2536 1856 2604 τοιαύτης

276 2620 620 2686 ὑποθέσεως,
650 2623 744 2674 καὶ
779 2622 1038 2686 πλείστας
1073 2624 1251 2686 δόσεις
1279 2625 1375 2678 καὶ
1405 2626 1646 2692 προῖκας
1684 2624 1854 2692 ἐπηγ-

275 2711 505 2779 γέλλετό
545 2730 659 2781 μοι,
693 2715 784 2766 καὶ
819 2715 955 2769 ἄλλα
994 2715 1168 2769 πολλὰ
1198 2715 1600 2785 ὠφελιμώτατα
1630 2715 1857 2768 ἕτασσεν

278 2803 636 2876 ὑποσχομένη
665 2808 721 2858 ὲν
751 2805 829 2874 τῷ
863 2807 1138 2875 μέλλοντι,
1165 2807 1308 2876 ειπερ
1335 2805 1490 2874 κάγὼ
1515 2807 1620 2859 ἀπὸ
1649 2807 1858 2858 πολλῶν

280 2895 481 2948 αἰτιῶν
520 2897 748 2966 ἐνόμισα
775 2897 954 2951 ταῦτα
985 2894 1341 2968 ἁληθῆιεῐναι
1368 2900 1459 2951 καὶ
1489 2898 1856 2967 συμφέροντα.

286 2985 487 3054 Ὅμως
512 2985 570 3039 δὲ
597 2988 653 3039 ὲν
682 2989 859 3059 τούτῳ
879 2987 987 3041 ἔδει
1016 2990 1109 3041 καὶ
1132 2989 1298 3060 ἑτέρα
1330 2989 1494 3059 βουλὴ
1519 2989 1614 3041 καὶ¹
1645 2988 1859 3058 σκέψις,

287 3076 449 3143 κάγὼ
478 3079 577 3132 οὐκ
621 3076 768 3148 εῐχον
803 3080 944 3146 μετά
974 3097 1118 3143 τινος
1153 3080 1628 3149 συμϐουλευθῆναι
1663 3080 1754 3132 διὰ
1803 3080 1863 3132 τὸ

1937 607 2044 670 θῶς
2076 607 2356 666 ἐὸούλευε,
2388 607 2483 659 καλ⁵
2516 605 2674 668 αὐτὸς
2726 604 3019 657 ἀπέθανενο
3072 603 3100 655 ὁ
3137 598 3195 651 δὲ
3226 598 3441 659 Λουκᾶς
3474 597 3503 647 ὁ

1935 697 2192 769 Νοταρᾶς
2225 699 2477 768 φανερῶς
2516 699 2609 751 καὶ
2635 696 2859 764 ἀφανῶς
2894 695 3043 762 λέγει
3081 694 3163 746 ὅτι
3193 691 3367 752 οὐδεὶς
3394 688 3503 740 τῶν

1939 792 2118 852 ἄλλων
2154 789 2332 862 πάρεξ
2378 789 2546 843 αὑτοῦ
2594 785 2702 842 οἵδε
2756 788 2808 843 τί
2862 788 3032 852 ποιεῖ,
3081 785 3130 837 εἰ
3162 783 3237 852 μὶ]
3265 781 3336 846 τὰς
3371 778 3503 848 παρ’

1941 881 2105 936 αὑτοῦ
2135 883 2405 949 λεγόμενα
2435 880 2529 932 καὶ
2565 879 2866 945 ποιούμενα
2890 873 3287 944 διισχυρίζεται
3328 871 3505 940 ἀληθῆ

1941 975 2036 1028 καὶ
2066 973 2207 1028 καλὰ
2235 969 2392 1035 εἶναι,
2418 971 2511 1024 καὶ
2536 970 2714 1024 πάντα
2740 967 2892 1021 λίθον
2919 969 3079 1028 κινεῖ,
3111 965 3170 1018 τὸ
3201 963 3292 1016 τοῦ
3319 962 3506 1029 λόγου,

1941 1061 2018 1124 ὡς
2050 1059 2144 1114 καὶ
2173 1061 2334 1122 αὐτὸς
2364 1058 2545 1122 καλῶς
2573 1048 2883 1110 ἐπίστασαι.
2928 1054 2986 1106 '0
3033 1052 3207 1122 μέγας
3256 1049 3511 1120 δομέστι-

1942 1166 2037 1209 κος
2072 1148 2361 1220 ἐχθρωδῶς
2409 1147 2683 1201 διάκειται
2730 1147 2810 1207 είς
2866 1142 2938 1197 τὰ
2974 1143 3073 1212 τῆς
3126 1140 3380 1210 Σερΰίας,
3415 1139 3510 1190 καὶ

1943 1241 2247 1311 όμονοήσας
2302 1239 2443 1309 μετὰ
2475 1237 2568 1292 τοῦ
2611 1235 3072 1305 Καντακουζηνοῦ
3111 1232 3360 1285 Ἰωάννου
3397 1248 3508 1285 πα-

1948 1331 2297 1402 ροτρύνοντές
2331 1347 2398 1397 με
2430 1330 2516 1382 ἀεὶ
2547 1329 2636 1386 ἵνα
2665 1327 2727 1380 τὸ
2757 1327 2855 1396 τῆς
2883 1323 3296 1396 Τραπεζοῦντος
3328 1339 3510 1376 συνοι-

1947 1423 2132 1476 κέσιον
2190 1421 2428 1490 γένηται.
2471 1419 2588 1472 Τίνι
2636 1422 2740 1488 γὰρ
2787 1418 2910 1471 τότε
2951 1415 3228 1485 ἐδυνάμην
3278 1413 3514 1481 συμϐουο

1946 1515 2202 1568 λεύεσθαι
2221 1535 2237 1584 ;
2258 1516 2415 1570 Μετὰ
2440 1515 2692 1586 μοναχῶν
2719 1515 2814 1568 καὶ
2847 1513 2956 1568 τῶν
2979 1512 3266 1576 τοιούτων;
3298 1509 3516 1578 απράγ-

1950 1610 2111 1678 μονές
2137 1609 2267 1664 είσι.
2316 1609 2475 1663 Μετὰ
2526 1608 2831 1678 ἀρχόντωνς
2883 1607 2978 1659 καὶ
3006 1605 3182 1666 οὐδεὶς
3220 1600 3507 1673 ἐφρόντιζε

1951 1699 2029 1769 μὴ
2062 1699 2422 1768 προκείμενός
2456 1715 2584 1760 τινι,
2620 1699 2694 1769 μή
2737 1715 2852 1761 πως
2878 1695 3213 1767 δημοσιεύσῃ
3240 1693 3378 1746 αὐτὰ
3403 1693 3515 1751 τοῖς

1953 1789 2154 1852 ἄλλοις.
2190 1789 2392 1842 Λοιπὸν
2417 1789 2578 1858 222
2609 1788 2721 1855 ἐγὼ
2754 1786 3140 1841 ὲδεινοπάθουν
3163 1786 3241 1846 εἰς
3272 1785 3372 1852 τὴν
3420 1784 3518 1851 σὴν

1954 1882 2290 1960 βραδύτητα.
2335 1881 2632 1949 Ἐλθούσης
2662 1881 2719 1932 δὲ
2746 1879 2846 1948 τῆς
2875 1878 3094 1950 γραφῆς
3131 1893 3249 1942 σου,
3281 1875 3391 1928 ίδοὺ
3425 1875 3521 1926 καὶ

1955 1975 2015 2028 σὶ
2051 1977 2146 2028 καὶ
2182 1974 2281 2043 τὴν
2311 1973 2543 2044 γνώμην
2584 1989 2676 2026 σου
2711 1971 2952 2040 ἕγνωκαυ
2979 1970 3072 2024 καὶ
3098 1967 3134 2022 ἃ.
3162 1968 3384 2037 εἴχομεν
3425 1964 3521 2017 καὶ

1953 2068 2116 2136 ἡμεῖς
2144 2069 2648 2138 προσυνιστάμενα,
2667 2065 2950 2135 φρονίμως
2981 2061 3077 2118 καὶ
3099 2061 3282 2120 καλῶς
3303 2057 3516 2118 ἔλυσας.

1956 2158 2061 2210 Καὶ
2125 2157 2286 2220 εὐθὺς
2343 2157 2437 2210 τὸν
2491 2155 2858 2222 Παλαιολόγον
2911 2154 3006 2208 καὶ
3063 2153 3156 2206 τὸν
3213 2148 3523 2217 Εὐδαίμονα

1937 2248 2222 2319 ,Ἰωάννην
2256 2247 2579 2311 ἀπέστειλα,
2629 2247 2696 2300 δι’
2726 2246 2861 2300 ἄλλα
2922 2246 3020 2314 μὲν
3061 2245 3120 2298 τὸ
3171 2240 3521 2311 φαινόμενον,

1954 2342 2030 2403 ὡς
2063 2341 2171 2394 ἁπλι
2223 2341 2325 2408 τῆς
2383 2339 2533 2401 Θείας
2575 2338 2739 2393 αὑτοῦ
2787 2339 2888 2406 τῆς
2932 2333 3524 2406 πρωτοστρατορίσσης

1957 2430 2089 2502 εἴπῃ
2122 2429 2302 2482 τοῦτο.
2332 2430 2441 2483 Καὶ
2493 2430 2601 2482 [δοῦ
2639 2428 2954 2498 ἠκούσαμεν
2985 2428 3046 2478 τὸ
3089 2426 3262 2478 αἴτιον
3291 2423 3384 2476 τοῦ
3415 2441 3525 2474 κω-

1956 2523 2218 2592 λύματος,
2251 2523 2344 2574 καὶ
2399 2521 2738 2589 ἐπαύσαμεν.
2777 2520 2976 2572 Λοιπὸν
3010 2520 3107 2571 σὺν
3139 2517 3258 2586 Θεῷ
3288 2515 3523 2568 τελέσωο

1961 2631 2061 2682 μεν
2092 2614 2152 2666 τὸ
2184 2613 2274 2666 τοῦ
2307 2612 2572 2683 βασιλέως
2603 2611 2701 2680 τῆς
2733 2610 3000 2680 Ἰϐηρίας.
3035 2627 3053 2660 ι
3098 2610 3209 2662 Καὶ
3239 2607 3525 2676 γεγονότος

1960 2704 2358 2775 χρυσοὸούλλου
2393 2705 2485 2756 καὶ
2517 2701 2952 2770 ύπογραφέντος,
3007 2701 3282 2771 περιεῖχεν
3331 2698 3524 2759 οὓτως,

1961 2797 2041 2847 ὅτι
2073 2795 2279 2846 ἐκείνου
2307 2793 2408 2863 μὲν
2443 2795 2476 2863 ἡ
2501 2794 2748 2862 θυγάτηρ
2783 2792 2926 2844 ἔστω
2960 2791 3097 2861 γυνὴ
3128 2789 3223 2842 τοῦ
3263 2787 3530 2858 βασιλέως

1962 2888 2053 2938 καὶ
2099 2886 2356 2938 δέσποινα
2398 2886 2497 2952 τῆς
2547 2883 3192 2946 Κωνσταντινουπόλεως,
3241 2880 3336 2933 καὶ
3367 2879 3531 2940 αὐτὸς

1963 2979 2027 3047 δὴ
2057 2980 2083 3030 ὁ
2120 2977 2377 3044 βασιλεὺς
2423 2976 2564 3029 ἔστω
2616 2976 2756 3046 ἀνὴρ
2791 2976 2983 3044 αὐτῆς,
3032 2974 3178 3028 κατὰ
3216 2971 3396 3035 πάσας
3433 2971 3532 3032 τὰς

1967 3066 2285 3138 σῧμφωείίας
2317 3067 2382 3130 ἃς
2419 3067 2538 3136 μετ’
2567 3068 2700 3137 ἐμοῦ
2735 3067 2963 3136 ἔστησεν
3011 3069 3038 3119 ό
3075 3065 3265 3136 ῥηθεὶς
3303 3063 3404 3133 ρὴξ
3434 3063 3533 3129 τῆς

290 3168 504 3232 πάντας
562 3171 882 3240 παθητικῶς
931 3172 1259 3228 διακεῖσθαι.
1319 3172 1382 3226 Ἦ
1438 3172 1608 3242 κυρία
1660 3189 1762 3239 μου
1827 3171 1936 3245 ἠδ
1979 3163 2235 3232 Ἰϐηρίας.
2294 3161 2403 3214 Καὶ
2458 3160 2682 3231 κληθεὶς
2740 3159 3015 3230 προσῆλθε
3055 3157 3394 3212 κατενώπιον
3440 3153 3535 3208 τοῦ

287 3259 552 3314 δέσποινα
586 3263 677 3315 καὶ
716 3266 898 3332 μήτηρ
929 3263 1024 3316 τοῦ
1073 3265 1342 3333 παρόντος
1385 3263 1501 3333 βίου
1535 3264 1857 3333 ἐξεδήμησε.

293 3446 449 3489 tuam
477 3450 540 3490 ac
563 3437 803 3490 studium
830 3438 991 3492 etiam
1019 3439 1193 3508 magis
1226 3438 1533 3500 confirmat,
1559 3439 1865 3491 communit

293 3539 352 3583 et
376 3527 531 3592 quasi
552 3528 818 3598 obsignat,
850 3530 1060 3599 tibique
1112 3530 1384 3598 obligatus
1413 3544 1556 3590 sum,
1584 3529 1764 3599 quoad
1804 3529 1860 3582 in

293 3621 442 3675 vivis
470 3636 584 3686 ero,
619 3635 742 3676 cum
793 3637 1009 3692 semper
1038 3637 1158 3676 mea
1199 3635 1365 3674 causa
1406 3635 1750 3690 summopere
1790 3620 1869 3673 Lt-

295 3714 604 3780 horavcris,
641 3729 787 3768 nunc
825 3729 954 3768 vero
996 3724 1156 3767 etiam
1198 3712 1421 3766 domum
1456 3720 1598 3766 tuam
1633 3727 1726 3781 per
1754 3711 1872 3763 lon-

301 3823 433 3876 gum
461 3816 677 3876 tempus
708 3806 1022 3874 reliqueris.
1058 3804 1249 3874 procul
1288 3819 1317 3857 a
1341 3804 1518 3872 patria
1543 3813 1759 3876 exteras
1786 3818 1870 3856 re-

303 3899 496 3968 giones
529 3898 752 3952 obiens:
791 3897 934 3952 unde
963 3911 1110 3960 cum,
1139 3895 1232 3964 qui
1261 3894 1374 3949 illic
1403 3903 1654 3962 regnant,
1676 3875 1872 3962 magna

304 3991 406 4044 tibi
438 3989 579 4043 dona
629 3991 979 4057 honoresque
1003 3988 1412 4057 promitterent,
1439 3985 1628 4039 Iberia:
1657 3983 1874 4038 scilicet

306 4090 365 4134 ct
385 4077 750 4147 Trapezuntis
772 4079 1012 4146 despotm
1035 4091 1321 4146 regesque,
1345 4086 1573 4144 uterque
1591 4083 1641 4127 te
1657 4088 1875 4141 rogans,

308 4171 414 4239 ipsi
452 4178 511 4224 ut
545 4170 871 4225 conciliarcs
905 4168 1406 4231 hoc'connubium,
1447 4176 1506 4220 ut
1555 4166 1797 4235 prudens
1827 4174 1881 4218 et

314 4262 487 4316 ﬁdelis
519 4261 766 4315 minister
788 4259 1074 4314 decrevisti
1102 4268 1156 4312 et
1186 4256 1385 4322 fecisti,
1409 4256 1552 4326 quod
1579 4255 1708 4310 mihi
1735 4270 1882 4310 com-

310 4357 536 4410 modum
569 4363 623 4410 et
645 4353 992 4408 utilissimum
1029 4359 1194 4416 esset,
1222 4360 1269 4404 et
1300 4350 1429 4418 quid
1459 4349 1552 4403 tibi
1580 4349 1878 4410 videretur,

316 4463 412 4517 per
441 4449 652 4502 litteras
683 4446 814 4499 mihi
844 4445 1090 4500 suasisti.
1122 4443 1258 4497 lllud
1280 4457 1534 4512 magnum
1569 4441 1699 4494 mihi
1730 4440 1884 4494 testi-

1968 3254 2233 3323 βασιλέως
2268 3256 2295 3308 ό
2329 3256 2393 3306 ὲκ
2451 3254 2552 3320 τῆς
2594 3253 2836 3323 Ἰϐηρίας
2899 3251 3018 3322 μετ’
3067 3251 3204 3322 ἐμοῦ
3258 3247 3538 3320 ἐληλυθὼς

1969 3432 2144 3487 Lucas
2194 3429 2426 3485 Notaras
2485 3440 2668 3483 autem
2720 3428 2895 3498 palam
2941 3437 2995 3482 et
3051 3425 3264 3480 occulte
3300 3423 3536 3483 dictitat.

1972 3533 2165 3591 praeter
2196 3537 2255 3576 se
2299 3521 2575 3575 neminem
2603 3520 2848 3574 omnium
2882 3519 3055 3583 scire,
3081 3517 3207 3586 quid
3237 3515 3378 3569 facto
3400 3525 3539 3581 opus

1971 3617 2060 3679 sit,
2094 3613 2247 3680 nihil,
2298 3613 2402 3667 nisi
2435 3613 2585 3681 quod
2637 3612 2753 3680 ipse
2793 3611 2927 3665 dicit
2964 3609 3222 3678 facitque,
3249 3621 3438 3658 verum
3477 3619 3540 3656 at:

1975 3709 2176 3760 bonum
2198 3719 2322 3760 esse
2345 3703 2603 3768 afﬁrmat,
2636 3715 2964 3768 omnemque
2995 3699 3226 3768 lapidem
3255 3703 3454 3768 movet,
3483 3703 3542 3745 ut

1977 3803 2097 3849 utar
2135 3791 2446 3861 proverbio,
2480 3789 2535 3844 id
2575 3787 2718 3858 quod
2761 3789 2874 3854 ipse
2916 3785 3056 3838 bene
3109 3781 3275 3837 nosti.
3319 3779 3542 3844 Magnus

1977 3881 2308 3937 domesticus
2328 3877 2528 3932 infesto
2546 3877 2600 3929 in
2625 3873 2848 3929 Servios
2877 3875 3060 3926 anltno
3078 3879 3158 3923 est
3181 3867 3539 3934 conspirans-

1978 3989 2084 4044 que
2128 3987 2251 4028 cum
2281 3971 2491 4026 Joanne
2507 3967 2891 4022 Cantacuzeno
2927 3961 3172 4032 quotidie
3197 3972 3283 4010 me
3321 3958 3384 4008 ad
3406 3953 3544 4007 Tra-

1980 4064 2294 4132 pezuntium
2321 4059 2654 4116 connubium
2722 4057 3064 4110 adhortatur.
3121 4049 3258 4103 Cum
3302 4059 3544 4115 quonam

1982 4158 2146 4228 igitur
2166 4155 2526 4210 deliberarem
2551 4153 2574 4205 ?
2595 4151 2729 4206 Cum
2765 4145 3046 4202 monachis
3067 4152 3118 4198 et
3141 4138 3414 4210 ejusmodi
3447 4139 3543 4190 ho-

1983 4247 2268 4304 minibus?
2319 4255 2375 4300 at
2422 4258 2539 4298 rem
2594 4241 2869 4312 publicam
2931 4252 3034 4292 non
3081 4235 3376 4300 attingunt.
3408 4231 3545 4284 (ium

1985 4337 2338 4413 proceribus?
2385 4344 2442 4390 at
2492 4350 2652 4389 nemo
2705 4347 2817 4388 rem
2871 4341 3243 4400 perpensurus
3282 4331 3419 4387 erat,
3455 4320 3549 4386 qui

1986 4433 2119 4488 nulli
2143 4429 2466 4502 propensior
2508 4435 2676 4490 esset,
2707 4434 2766 4478 ut
2791 4421 3094 4478 timendum
3137 4424 3302 4481 esset,
3338 4427 3406 4467 ue
3430 4427 3550 4466 eam

315 4540 557 4592 monium
583 4547 699 4591 erat
719 4546 824 4592 tute
848 4553 973 4607 erga
994 4551 1075 4589 me
1097 4535 1394 4589 voluntatis
1415 4545 1466 4587 et
1484 4533 1838 4601 benignitatis

1989 4539 2113 4578 cum
2135 4523 2345 4578 caeteris
2372 4518 2826 4575 communicaret.
2854 4514 3043 4582 itaque
3065 4526 3165 4580 ego
3193 4506 3436 4577 iniquius
3471 4504 3550 4556 l'c-

314 4638 372 4685 et
423 4640 576 4685 certo
623 4631 781 4690 scito,
836 4629 998 4698 digna
1050 4642 1137 4680 me
1168 4627 1261 4680 tibi
1294 4625 1518 4696 praemia
1545 4624 1878 4688 soluturum,

314 4721 495 4792 quoad
545 4722 598 4774 in
630 4721 769 4774 vivis
809 4735 924 4774 ero.
975 4718 1132 4784 Quod
1158 4725 1340 4770 autem
1398 4717 1467 4792 de
1501 4715 1766 4768 Serviano
1797 4730 1883 4769 me

315 4808 594 4865 connubio
651 4823 833 4876 rogas,
871 4823 959 4862 res
985 4821 1047 4861 ea
1087 4807 1161 4860 ita
1207 4775 1635 4859 evenit’Amera
1665 4811 1884 4857 mortuo

316 4911 373 4958 et
412 4900 641 4972 conjuge
699 4901 820 4970 ejus
852 4914 1074 4955 reversa
1102 4898 1169 4952 ad
1197 4897 1480 4966 despotam
1515 4895 1740 4958 Serviat,
1767 4893 1886 4960 ejus

320 5003 553 5064 patrem,
600 4995 732 5048 adiit
760 5009 857 5052 ,me
884 5008 1049 5062 super
1092 4993 1184 5046 illo
1227 4991 1443 5062 negotio
1497 4999 1727 5058 cognata
1764 4990 1887 5056 ejus

320 5083 817 5153 protostratorissa,
854 5082 1249 5151 spopoutlitque
1281 5079 1413 5133 mihi
1442 5078 1882 5132 cumulatissima

323 5175 467 5229 dona
499 5175 812 5242 dotemque,
832 5181 887 5226 et
921 5172 1024 5226 alia
1045 5171 1214 5225 multa
1237 5169 1524 5225 utilissima
1555 5181 1890 5222 commemo-

325 5265 465 5320 ravit
519 5275 574 5319 et
605 5265 658 5319 in
682 5265 921 5318 tuturum
968 5264 1250 5333 promisit:
1306 5278 1425 5330 qua:
1459 5275 1559 5328 ego
1612 5259 1798 5313 multis
1821 5258 1888 5313 de

326 5356 510 5412 causis
543 5370 671 5411 vera
717 5365 817 5410 ete
846 5371 906 5409 re
949 5369 1072 5409 mea
1122 5352 1239 5408 fore
1267 5353 1596 5406 existimavi.
1634 5351 1888 5404 Attamen

325 5447 435 5502 alio
458 5449 691 5502 consilio
725 5459 778 5501 et
821 5446 1212 5502 deliberatione
1253 5445 1309 5497 in
1337 5444 1426 5496 tali
1468 5457 1527 5496 re
1571 5456 1709 5510 Opus
1750 5451 1890 5505 erat,

329 5552 430 5593 nec
457 5537 755 5601 habebam,
801 5553 961 5608 quem
1018 5535 1383 5597 consulerem,
1407 5534 1667 5601 quoniam
1699 5547 1891 5587 omnes

328 5627 514 5683 animo
568 5627 959 5682 vehementiori
1001 5633 1179 5680 erant.
1213 5625 1437 5678 Domina
1467 5633 1520 5677 et
1557 5632 1732 5675 mater
1772 5636 1894 5676 mea

313 5717 648 5788 limperatrix
680 5731 710 5772 e
743 5717 855 5771 vita
892 5725 1170 5780 cesserat;
1213 5714 1670 5778 Cantacuzenus,
1727 5712 1824 5782 qui
1862 5726 1893 5766 e

331 5808 558 5879 reliquis
581 5825 688 5864 non
715 5808 910 5877 cupide
938 5809 1237 5882 judicabat,
1262 5815 1315 5862 et
1342 5805 1458 5873 ipse
1477 5813 1726 5859 mortuus
1757 5809 1894 5858 erat.

1986 4619 2169 4671 rebam
2204 4629 2384 4670 moras
2407 4622 2552 4667 tuas.
2590 4607 2830 4677 Epistola
2888 4614 3068 4659 autem
3095 4612 3186 4656 tua
3213 4599 3280 4653 ad
3315 4611 3402 4652 me
3427 4611 3552 4665 pcr-

1985 4706 2120 4771 lata,
2148 4715 2201 4760 et
2220 4716 2273 4758 te
2295 4712 2348 4756 et
2379 4701 2706 4756 sententiam
2732 4708 2878 4750 tuam
2908 4694 3162 4764 cognovi,
3198 4704 3428 4758 qumque
3455 4702 3552 4739 nos

1987 4811 2205 4865 quoque
2230 4795 2380 4864 prius
2406 4792 2704 4846 constituta
2765 4787 3126 4846 habebamus,
3167 4780 3464 4850 prudenter
3498 4787 3554 4829 ct

1958 4890 2271 4961 ,commode
2311 4884 2684 4951 expediveras.
2728 4877 2925 4932 Statim
2977 4875 3162 4942 igitur-
3189 4869 3552 4934 Palmologum

1989 4991 2112 5031 cum
2157 4975 2368 5029 Joanne
2394 4971 2743 5031 Eudwmune,
2797 4965 3032 5040 aliarum
3053 4973 3233 5014 rerum
3265 4963 3552 5026 praetextu,

1990 5069 2156 5135 misi,
2197 5083 2228 5121 a
2281 5061 2794 5135 protostratorissa,
2851 5062 3144 5108 matertera
3227 5063 3360 5112 sua,
3425 5047 3588 5100 illud

1994 5158 2322 5214 nuntiatum.
2351 5155 2490 5208 Ecce
2535 5160 2716 5205 autem
2736 5190 2750 5212 ,
2781 5160 3001 5202 causam
3029 5157 3149 5212 qua:
3178 5157 3289 5196 rem
3323 5138 3558 5209 impedi-

1992 5265 2095 5314 ret,
2145 5249 2518 5319 cognovimus,
2543 5254 2596 5298 et
2640 5243 2971 5298 destititnus.
3035 5235 3300 5290 Caeterum
3324 5274 3337 5297 ,
3371 5233 3414 5286 si
3446 5232 3558 5284 Deo

1996 5345 2192 5412 placet,
2243 5337 2590 5409 perficiamus
2645 5349 2767 5386 cum
2828 5333 3108 5386 lberorum
3183 5341 3310 5395 rege
3351 5340 3560 5379 connu-

1995 5435 2200 5489 bium.»
2240 5429 2324 5485 Fit
2350 5430 2516 5500 igitur
2544 5429 2686 5481 bulla
2723 5440 2907 5485 aurea,
2936 5422 3025 5475 cui
3058 5420 3428 5487 subscriptum
3455 5426 3559 5477 est,

1998 5527 2051 5578 ln
2086 5527 2226 5578 hanc
2260 5519 2584 5574 sententiam
2611 5557 2623 5577 ,
2655 5526 2714 5568 ut
2745 5516 2893 5568 illius
2916 5513 3022 5566 lilia
3053 5519 3196 5566 esset
3219 5524 3360 5562 uxor
3390 5507 3561 5572 impe—

1996 5619 2197 5673 ratoris
2232 5626 2284 5669 et
2319 5613 2641 5682 imperatrix
2675 5608 2884 5679 Cpolis,
2933 5606 3234 5674 imperator
3261 5607 3408 5653 esset
3442 5601 3561 5663 ejus

2000 5709 2248 5768 maritus,
2275 5704 2576 5760 secundum
2611 5701 2956 5756 conditiones
2986 5708 3177 5749 omnes
3204 5704 3341 5759 quas
3374 5687 3564 5741 Ibero-

2001 5814 2119 5855 rum
2152 5812 2245 5852 rex
2277 5810 2490 5851 mecum
2522 5798 2926 5861 composuerat.
2979 5782 3219 5839 Vocatur
3248 5781 3303 5836 in
3339 5789 3569 5846 ωηερε-
