3976 6564
279 354 394 418 809

1273 357 1708 420 CHRONICON
1753 356 2017 417 MAJUS.
2055 381 2122 392 -·-
2155 358 2299 419 LIB.
2334 356 2450 416 III.

3399 352 3508 416 810

285 486 450 541 ρεων,
481 470 579 524 καὶ
629 471 784 540 παρά
833 471 1055 526 πάντων
1097 472 1380 535 ἀσπασίως
1434 473 1627 544 ἐδέχθη
1663 473 1692 524 δ
1727 473 1842 534 νέος
1867 469 1921 530 Α
1947 490 2055 526 των
2087 471 2392 541 ἐδέχθημεν
2431 473 2568 541 μετά
2605 471 2803 540 χαρᾶς,
2856 470 2950 523 καλ⁹
2998 468 3348 539 κρουομένων
3401 469 3512 520 τῶν

266 560 423 644 ⁸μναξ
445 562 584 630 μετά
609 565 799 632 χαρᾶς,
818 564 1194 634 ἐμπλησμένοι
1217 567 1454 620 ἅπαντες
1471 551 1849 633 ἀγαλλιάσεως

284 650 385 703 καὶ
420 651 786 722 εὐφροσύνης,
818 655 912 705 καὶ
943 653 1246 724 θριάμϐους
1270 655 1538 723 μεγάλους
1591 656 1855 721 ποιήσαν-

281 739 489 803 τε’ς,ὡς
507 741 630 802 ἔθος
656 743 803 795 ἐστὶν
827 745 942 806 τοῖς
968 745 1163 798 νεωστὶ
1185 747 1302 798 ἐστε
1313 746 1538 813 μμένοις
1573 743 1852 813 βασιλεῦσι

293 833 497 886 ποιεῖν.
522 831 678 884 Μετὰ
717 832 774 884 δέ
821 851 974 897 τινας
1007 835 1220 904 ἡμέρας
1255 835 1349 888 τὸν
1375 835 1713 901 αὐτάδελφον
1754 834 1856 886 αὐ-

286 922 386 975 τοῦ
416 925 511 976 τὸν
535 925 643 993 κύρ
675 927 880 992 Θωμᾶν
897 924 989 980 τὸν
1011 926 1442 980 αὐθεντόπουλον
1465 927 1547 989 εἰς
1573 927 1634 978 τὸ
1657 925 1854 978 δεσπο-

287 1015 446 1067 τικὸν
475 1014 694 1084 ἀξίωμα
725 1017 1045 1072 ἀνεϐίϐασε.
1086 1019 1198 1071 Καὶ
1215 1017 1293 1087 τῷ
1328 1018 1477 1086 αύτῷ
1503 1018 1612 1070 ἐτει
1636 1019 1694 1072 ἐν
1721 1014 1856 1086 μηνὶ

290 1106 591 1176 Αὐγούστῳ
621 1107 854 1174 ἐξελθὼν
881 1110 983 1175 τῆς
1015 1109 1220 1174 πόλεως
1237 1111 1267 1162 δ
1294 1109 1634 1180 προρῤηοεὶς
1657 1107 1856 1161 δεσπό-

292 1213 397 1266 της
431 1198 538 1268 κὺρ
567 1195 773 1266 Θωμᾶς
803 1199 1050 1268 ἀπῆλθεν
1088 1202 1168 1259 εἰς
1211 1201 1644 1268 Πελοπόννησον.
1683 1199 1762 1268 Τῇ
1794 1197 1855 1250 δὲ

296 1285 493 1358 πρώτῃ
517 1287 894 1359 Σεπτεμϐρίου
921 1291 1017 1344 τοῦ
1047 1289 1228 1358 ’ς-ῇνέ
1257 1291 1415 1354 ἔτους
1453 1289 1647 1359 ἐξῆλθε
1683 1288 1779 1342 καὶ
1831 1289 1860 1341 δ

297 1375 576 1446 δεσπότης
621 1380 651 1432 ό
707 1381 1226 1452 πορφυρογέννητος
1259 1384 1366 1454 κὺρ
1387 1384 1722 1453 Δημήτριος,
1755 1379 1855 1433 καὶ

295 1467 510 1537 ἀπῆλθε
534 1471 790 1534 κάκεῖνος
816 1474 899 1534 εἰς
945 1471 1376 1544 Πελοπόννησον,
1418 1474 1514 1528 κα)⁸
1555 1472 1858 1542 συμϐάσεις

296 1559 424 1628 μεθ’
451 1560 632 1629 ὅρκων
659 1562 912 1632 φρικτῶν
945 1563 1057 1636 πρὸ
1097 1563 1193 1618 τοῦ
1225 1564 1468 1630 ἐξελθεῖν
1503 1565 1707 1628 αὐτοὺς
1757 1567 1858 1634 τῆς

299 1650 514 1714 πόλεως
545 1654 780 1706 ἐνώπιον
805 1653 908 1724 τῆς
937 1656 1133 1724 κυρίας
1155 1655 1365 1725 μητρὸς
1395 1655 1580 1710 αὐτῶν
1631 1657 1730 1711 καὶ
1755 1656 1854 1727 βα-

296 1741 551 1812 σιλίσσης
586 1749 681 1796 καὶ
729 1746 821 1797 τοῦ
874 1746 1280 1815 αὐτοκράτορος
1325 1745 1420 1799 καὶ
1470 1746 1699 1814 ἀδελφοῦ
1760 1749 1858 1802 καὶ

296 1836 519 1888 πάντων
559 1834 668 1888 τῶν
719 1837 818 1904 τῆς
878 1838 1188 1907 συγκλήτου
1246 1838 1522 1908 ἐγκρίτων
1579 1840 1857 1910 ἀρχόντων

296 1928 653 1996 ποιήσαντες,
688 1925 776 1979 ίνα
807 1927 998 1996 μηδεὶς
1021 1927 1117 1980 τοῦ
1148 1927 1342 1998 ἐτέρου
1368 1929 1498 1992 τοὺς
1529 1929 1727 1994 τόπους
1760 1931 1859 1984 καὶ

294 2020 426 2087 ὅρια
454 2018 748 2090 ύπερπηδᾷ
764 2021 856 2072 καὶ
883 2020 1129 2092 ἁρπάζῃ,
1160 2019 1277 2074 ἀλλ’
1305 2022 1602 2092 εἰρηνικῶς
1626 2006 1852 2091 διάγειν.

294 2105 464 2170 οὗτοι
493 2111 548 2163 δὲ
579 2112 720 2180 μετὰ
769 2111 943 2164 ταῦτα
980 2112 1056 2181 μὴ
1111 2111 1456 2181 τηρήσαντες
1507 2115 1631 2178 τοὺς
1661 2114 1859 2186 ὅρκους

292 2203 398 2254 καὶ
450 2202 550 2264 τάς
603 2201 882 2272 συνθήκας
932 2203 1231 2273 ἠθέτησαν.
1297 2206 1398 2257 Διά
1447 2204 1609 2258 τοῦτο
1661 2208 1719 2259 ἐν
1761 2206 1860 2259 ὑσ-

299 2293 506 2362 τέροις,
563 2293 638 2358 ὡς
703 2295 877 2364 ἐφάνη
937 2295 1033 2349 καὶ
1088 2289 1231 2348 εἶδον
1284 2293 1465 2360 κάγὼ,
1518 2298 1703 2357 κακῶς
1727 2298 1864 2352 ἀπι-

295 2386 469 2439 λαϐον
519 2388 616 2438 καὶ
674 2386 813 2455 πρὸς
873 2385 1136 2451 ἀλλήλους
1185 2387 1532 2455 διετέθησαν,
1572 2389 1648 2450 ὼς
1673 2389 1861 2459 πρόσω

292 2479 631 2547 διηγήσομαι
687 2477 755 2529 τά
831 2476 1392 2548 παρακολουθήσαντα
1417 2477 1731 2548 ἀναμεταξύ
1761 2480 1861 2534 αύ-

293 2587 432 2624 των.

371 2661 454 2730 Τῇ
482 2661 540 2714 δὲ
567 2661 808 2731 τετάρτῃ
844 2659 938 2713 τοῦ
971 2660 1310 2730 Ὀκτωϐρίου
1343 2661 1515 2731 μηνὸς
1546 2661 1640 2716 τοῦ
1688 2661 1858 2715 αὐτοῦ

296 2751 460 2814 ἔτους
488 2752 724 2821 ἐστάλην
754 2751 864 2818 ἐγὼ
889 2753 1043 2820 παρά
1079 2755 1175 2804 τοῦ
1209 2752 1470 2806 αὐθέντου
1507 2771 1608 2821 μου
1643 2754 1737 2807 καὶ
1769 2754 1862 2823 βα-

299 2845 502 2904 σιλέως
533 2842 674 2911 πρὸς
705 2841 797 2894 τὸν
847 2840 1008 2910 20⁷
1034 2840 1133 2908 τῆς
1172 2841 1415 2910 Ἰϐηρίας
1447 2841 1639 2912 κύριον
1682 2844 1862 2914 Γεωρ-

296 2954 426 3004 γιον
457 2936 666 3000 Μέπεν,
696 2934 757 2997 ὃς
789 2933 922 3004 παρ’
958 2935 1092 3002 ἡμῖν
1138 2931 1244 3003 ρὴξ
1289 2933 1529 3002 λέγεται,
1579 2935 1676 2986 καὶ
1724 2937 1861 3006 πρὸς

295 3030 396 3082 τὸν
429 3026 655 3096 βασιλέα
683 3023 1105 3095 Τραπεζοῦντος
1135 3025 1244 3094 κὺρ
1289 3025 1540 3095 Ἰωάννην
1578 3024 1675 3081 τὸν
1703 3026 1860 3091 Κομ-

1956 564 2239 631 μουσικῶν
2304 563 2466 616 εἰδῶν
2503 564 2600 616 καὶ
2645 561 2900 631 ὀργάνων
2944 560 3150 623 πάντες
3198 561 3250 613 οἱ
3299 560 3513 614 ἐκεῖθεν

1950 656 2178 726 ἔτρεχον
2214 657 2344 710 ίδεῖν
2363 657 2458 710 καὶ
2477 655 2813 726 ἐθαύμαζον,
2843 655 3100 722 λέγοντες
3129 654 3211 707 ὅτι
3235 653 3515 722 ἠκούομεν

1953 748 2084 816 περὶ
2114 745 2344 810 τούτων,
2375 745 2493 800 ἀλλ’
2519 745 2796 816 αἰσθητῶς
2825 745 2900 806 ὼς
2931 745 3000 798 τά
3031 743 3128 797 νῦν
3167 743 3268 796 οὐκ
3298 743 3514 812 είδομςν

1949 835 2074 890 οὔτε
2107 835 2445 905 ἠκούσαμεν.
2477 837 2609 905 Οὐχὶ
2645 834 2811 904 μόνον
2857 833 2967 886 ἀπὸ
2996 831 3099 900 τῆς
3139 829 3380 900 Ἰϐηρίας
3415 831 3514 882 πό-

1953 929 2115 991 λεως,
2145 928 2282 981 ἀλλὰ
2312 928 2410 981 καὶ
2457 929 2523 981 ἐκ
2553 927 2660 981 τῶν
2693 925 2855 995 πέριξ
2905 925 3078 994 αὐτῆς
3130 924 3227 977 καὶ
3257 922 3514 993 περάτων

1953 1017 2176 1087 ἔτρεχον
2239 1017 2370 1071 ἰδεῖν
2426 1017 2523 1072 καὶ
2580 1016 2835 1074 ἀκοῦσαι.
2877 1015 2960 1069 δτι
3015 1015 3077 1067 τὸ
3104 1013 3278 1084 ὄνομα
3333 1013 3514 1066 αὐτῶν

1953 1110 2174 1179 ἢκουον,
2201 1111 2255 1164 τί
2281 1111 2338 1162 δέ
2367 1110 2518 1164 ἐστιν
2567 1109 2668 1164 οὐκ
2704 1108 3024 1176 ἐγίνωσκον.
3082 1107 3194 1160 Καὶ
3247 1105 3516 1158 ἐλθόντων

1955 1202 2190 1265 πολλῶν,
2228 1203 2287 1254 ἐν
2315 1201 2502 1264 αὐτοῖς
2532 1196 2601 1270 ἦν
2631 1203 2728 1253 καί
2781 1215 2868 1261 τις
2913 1198 3146 1267 γηραιὸς
3203 1195 3334 1249 ὡσεὶ
3377 1196 3515 1248 ἐτῶν

1957 1292 2181 1356 ἑκατὸν,
2214 1293 2312 1346 καὶ
2335 1291 2464 1345 τάδε
2491 1307 2584 1360 μοι
2611 1291 2938 1361 διηγήσατο.
2973 1285 3087 1341 Ἦν
3144 1287 3384 1362 τοῦνομα
3437 1287 3516 1354 τῷ

1959 1383 2242 1453 πρεσϐύτῃ
2301 1382 2565 1452 Ἐφραὶμ.
2622 1381 2944 1451 ὁρμώμενος
2972 1382 3035 1434 ἐκ
3064 1379 3514 1449 τῆςπεριφήμου

1956 1476 2055 1544 τῆς
2099 1473 2336 1544 Ἰϐηρίας
2368 1473 2581 1536 πόλεως
2617 1473 2949 1543 λεγομένης.
2971 1511 2988 1527 .
3012 1508 3029 1526 .
3056 1507 3070 1524 .
3099 1510 3114 1524 .
3147 1486 3164 1502 ο
3193 1471 3253 1535 ὃς
3303 1473 3368 1524 ἐκ
3401 1471 3514 1523 νεό-

1955 1583 2122 1636 τητος
2153 1564 2319 1620 αὐτοῦ
2340 1566 2734 1637 ᾐχμαλωτίσθη
2788 1565 2894 1619 ὑπὸ
2929 1563 3222 1636 βαρϐάρων
3258 1564 3354 1617 καὶ
3386 1563 3516 1616 ἀσε-

1958 1655 2070 1709 ϐῶν
2099 1655 2209 1708 τῶν
2243 1657 2455 1710 ἐκεῖθεν
2481 1657 2679 1722 ἐθνῶν,
2734 1655 2829 1710 καὶ
2885 1654 3180 1724 ἐπώλησαν
3235 1655 3400 1708 αὐτὸν
3435 1658 3516 1715 εἰς

1957 1746 2026 1800 τά
2054 1746 2309 1817 ἐνδότερα
2349 1748 2490 1817 μέρη
2517 1747 2627 1800 τῶν
2663 1746 2918 1817 Περσῶν.
2957 1746 3016 1799 '0
3044 1745 3102 1800 δὲ
3136 1745 3325 1816 κύριος
3350 1746 3516 1798 αὐτοῦ

1959 1839 2203 1908 ἔμπορος
2221 1839 2320 1904 ῶν,
2358 1839 2452 1891 καὶ
2484 1837 2624 1907 μετά
2652 1838 2860 1905 ἐτέρων
2896 1836 3106 1890 πολλῶν
3133 1838 3398 1906 ἐμπόρων
3428 1836 3520 1890 θέ-

1958 1931 2148 1994 λοντες
2177 1931 2355 2014 ἐλθεῖν
2383 1931 2526 1984 κατά
2552 1931 2620 1982 τά
2644 1929 2756 1982 τῶν
2788 1929 2968 1982 Ἰνδῶν
2992 1928 3138 1998 μέρη
3166 1931 3400 1997 ποιῆσαι
3421 1929 3521 1998 τὴν

1959 2021 2146 2084 αὐτοῖς
2177 2021 2585 2090 νενομισμένην
2613 2019 2913 2089 ἐμπορίαν,
2947 2021 3042 2075 καὶ⁸
3081 2021 3523 2091 περιπατοῦντες

1961 2113 2175 2182 ἡμέρας
2205 2113 2306 2166 οὐκ
2330 2113 2523 2181 ὀλίγας
2549 2113 2792 2182 ἢγγισαν
2827 2113 2981 2166 ἔνδον
3028 2115 3128 2182 τῆς
3175 2114 3286 2166 τῶν
3345 2113 3522 2167 Ἰνδῶν

1961 2203 2168 2274 χώρας.
2213 2204 2274 2258 '0
2307 2205 2476 2266 αὐτὸς
2516 2205 2762 2274 Ἐφραὶμ
2797 2206 3081 2276 ἐπιθυμῶν
3108 2207 3273 2276 208
3299 2207 3524 2276 φεύγειν

1959 2297 2058 2350 τοῦ
2081 2297 2253 2367 ζυγοῦ
2275 2297 2375 2365 τῆς
2401 2299 2780 2367 αἰχμαλωσίας
2817 2299 3004 2368 ἐζήτει
3061 2300 3351 2369 εὐκαιρίαν
3378 2315 3392 2329 °
3433 2303 3528 2354 xol.

1960 2391 2021 2444 ἐν
2052 2391 2156 2462 μιᾷ
2180 2391 2339 2444 νυκτὶ
2358 2392 2684 2461 πανσελήνῳ
2713 2391 2742 2443 ό
2763 2391 2956 2460 κύριος
2972 2392 3141 2446 αὐτοῦ
3174 2393 3527 2455 κεκοπιακὼς

1961 2481 2026 2534 ἐκ
2070 2481 2174 2550 τῆς
2205 2480 2517 2550 ὁδοιπορίας
2559 2481 2658 2534 καὶ
2689 2479 2869 2550 ἕτεροι
2910 2481 3312 2551 συνοδοιπόροι,
3364 2485 3528 2546 αὐτὸς

1963 2573 2066 2642 τῆς
2099 2572 2274 2643 τύχης
2307 2574 2454 2643 φορᾷ
2481 2574 2836 2643 χρησάμενος
2868 2573 3116 2644 ἐγερθεὶς
3149 2577 3329 2643 φυγὰς
3349 2574 3527 2646 ᾤχετο

1963 2664 2029 2716 ἐκ
2062 2664 2233 2716 τόπου
2267 2666 2347 2727 εἰς
2375 2664 2570 2728 τόπον,
2607 2665 2930 2735 περιπατῶν
2960 2665 3174 2762 ἡμερας
3238 2668 3438 2728 πολλὰς
3463 2671 3524 2721 ἐν

1963 2755 2198 2826 ἐρήμοις
2247 2757 2440 2820 τόποις
2494 2758 2590 2810 καὶ
2641 2755 2883 2820 ἀϐάτοις.
2919 2755 3193 2824 Ἕφθᾶσεν
3251 2761 3333 2823 είς
3375 2775 3526 2822 τινας

1963 2848 2182 2915 νήσους.
2217 2849 2276 2900 ἐν
2307 2841 2399 2910 αἷς
2435 2847 2682 2901 οἰκοῦσιν
2716 2849 2768 2900 οἰ
2822 2849 3151 2920 Μακρόϐιοιο
3189 2851 3527 2921 μακροϐίους

1964 2938 2075 3008 γὰρ
2103 2937 2438 3007 ὀνομάζουσι
2471 2938 2564 2993 διά
2589 2938 2650 2992 τὸ
2678 2939 2780 3010 ζῇν
2811 2939 2995 2995 πλεῖον
3022 2939 3066 3016 ἢ.
3090 2941 3288 2995 ἑκατὸν
3327 2943 3528 3012 πεντήο

1964 3048 2132 3086 κοντα
2170 3030 2265 3101 ἐτη
2299 3031 2534 3091 ἕκαστος
2566 3031 2768 3086 αὐτῶν.
2819 3031 2932 3084 Καὶ
2960 3031 3120 3086 τοῦτο
3175 3033 3236 3087 δὲ
3293 3035 3526 3102 γίνεται,

297 3117 484 3187 νηνδν,
544 3115 683 3186 μετά
724 3113 914 3185 δώρων
969 3113 1192 3183 ἀγλαῶν
1243 3115 1339 3168 καὶ
1420 3114 1624 3184 πολλῆς
1681 3133 1866 3186 παρα·
1893 3113 1936 3171 C
1968 3121 2214 3191 λέγουσι,
2246 3121 2339 3176 διὰ
2360 3123 2460 3192 τὴν
2487 3121 2587 3176 τοῦ
2627 3123 2790 3192 ἀέρος
2827 3122 3129 3192 εὐκρασίαν
3163 3127 3258 3180 καὶ
3287 3126 3531 3197 καθαρό-

297 3207 534 3276 σκευῆς,
570 3205 711 3276 μετὰ
733 3205 1014 3277 ἀρχόντων
1071 3205 1169 3258 καὶ
1211 3207 1566 3274 στρατιωτῶν
1601 3209 1866 3279 καὶίεροι-

299 3299 568 3370 μονάχων
593 3298 688 3351 καὶ
717 3297 974 3368 μοναχῶν
1006 3297 1102 3353 καὶ
1156 3296 1378 3367 ψαλτῶν
1434 3300 1714 3371 μουςικῶν
1769 3301 1866 3354 καὶ

298 3393 511 3464 ἰατρῶν
558 3390 654 3445 καί
701 3407 865 3444 τινων
914 3391 1225 3460 κρουόντων
1273 3391 1488 3460 δργανα
1552 3394 1646 3446 καὶ
1697 3393 1864 3463 ἕτερα

297 3486 424 3556 σίδη
450 3482 719 3555 μουσικά.
768 3483 882 3536 Καὶ
910 3481 1160 3546 ἐλθόντες
1191 3483 1274 3547 εἰς
1314 3483 1558 3552 Ἰϐηρίαν
1589 3485 1695 3538 ὑπὸ
1724 3485 1866 3539 πάν-

299 3673 395 3722 sto
420 3677 610 3720 mense
629 3677 700 3718 ex
724 3662 862 3718 urbe
891 3677 1142 3733 egressus
1162 3663 1216 3718 ln
1248 3662 1680 3735 Peloponnesum
1712 3669 1864 3727 abiit.

298 3756 562 3813 Kalendis
588 3754 1001 3825 Septembribus
1033 3755 1160 3810 anni
1191 3754 1334 3812 6955
1358 3757 1522 3810 etiam
1560 3756 1866 3817 Demetrius

293 3853 530 3920 despota
551 3850 1044 3921 porphyrogenitns
1067 3849 1320 3906 discessit
1340 3850 1698 3922 similiterque
1732 3852 1868 3907 abiit

302 3946 360 3999 in
389 3943 846 4012 Peloponnesum.
866 3941 927 3995 Hi
947 3949 1242 4012 antequam
1269 3957 1332 3996 ex
1360 3942 1495 3997 urbe
1516 3943 1863 4010 excederent,

297 4049 486 4092 coram
524 4043 694 4088 matre
723 4032 1069 4102 imperatrice
1099 4040 1156 4088 et
1185 4033 1512 4101 imperatore
1539 4033 1707 4090 fratre
1729 4051 1864 4090 cun-

295 4127 517 4196 ctisque
549 4124 804 4180 senatorii
851 4123 1060 4179 ordinis
1103 4125 1236 4180 viris
1266 4125 1602 4187 primoribus
1634 4127 1864 4180 horren-

297 4219 390 4272 dis
417 4217 773 4272 sacramentis
802 4231 863 4271 se
892 4217 1282 4278 astrinxerunt,
1316 4223 1376 4270 ut
1407 4225 1594 4272 neuter
1641 4217 1864 4273 alterius

301 4309 424 4362 loca
482 4307 727 4378 ﬁnesque
779 4306 1061 4362 invaderet
1104 4317 1198 4361 aut
1251 4316 1508 4371 vastaret,
1537 4308 1630 4362 sed
1675 4323 1861 4377 pacem

299 4405 547 4454 servaret
577 4407 827 4466 uterque.
850 4397 918 4450 At
948 4412 1095 4459 mox,
1137 4397 1397 4464 neglectis
1424 4413 1488 4452 ac
1516 4398 1732 4454 violatis
1773 4413 1863 4453 sa-

298 4489 600 4544 cramentis
652 4487 1132 4557 pactionibnsque,
1182 4497 1390 4555 postea,
1444 4497 1505 4542 ut
1555 4491 1862 4558 comparuit

291 4593 511 4648 egoque
543 4580 660 4649 ipse
701 4579 833 4642 vidi,
872 4577 1011 4632 male
1042 4577 1182 4632 inter
1226 4593 1283 4632 se
1313 4579 1491 4634 allecti
1547 4589 1601 4634 et
1635 4581 1861 4635 animati

299 4670 571 4735 fuerunt;
614 4669 757 4723 unde
789 4683 912 4738 quae
943 4678 1131 4724 exorta
1189 4670 1301 4725 sint
1353 4670 1496 4724 inter
1546 4685 1664 4738 eos,
1721 4671 1862 4726 infra

295 4759 606 4829 exphcabo.

376 4852 472 4908 Die
495 4859 688 4928 quarto
711 4851 964 4908 Octobris
987 4851 1229 4921 ejusdem
1256 4852 1384 4906 anui
1415 4851 1483 4906 ab
1505 4851 1860 4920 imperatore,

297 4945 529 5000 domino
562 4959 706 5006 meo,
748 4943 814 4997 ad
845 4944 1146 5013 principem
1179 4942 1391 5007 lberize,
1425 4941 1718 5010 Georgium
1753 4941 1864 4996 Me-

299 5051 432 5106 pen,
457 5034 551 5104 qui
593 5050 623 5089 a
657 5034 816 5088 nobis
851 5048 941 5088 rex
974 5033 1196 5098 dicitur,
1247 5041 1302 5086 et
1323 5031 1586 5087 Joannem
1629 5032 1865 5086 Comne-

300 5141 460 5192 num,
489 5125 844 5194 Trapezuntis
887 5139 1089 5194 regem,
1139 5123 1343 5178 missus
1376 5138 1498 5178 sum
1547 5136 1669 5175 cum
1703 5122 1863 5176 donis

300 5216 603 5288 splendidis
636 5217 918 5284 multoque
953 5222 1215 5285 apparatu
1273 5228 1396 5269 cum
1427 5213 1559 5268 viris
1588 5213 1863 5269 nobilibus

299 5317 360 5363 et
407 5307 692 5370 satellitio,
753 5320 880 5360 cum
941 5304 1386 5360 hieromonacbis
1428 5314 1483 5358 et
1533 5304 1861 5370 monachis,

299 5383 428 5451 cum
454 5395 645 5464 psaltis
667 5403 724 5448 et
746 5394 996 5458 medicis,
1028 5394 1268 5463 aliisque
1297 5392 1627 5463 quibusdam
1658 5408 1862 5464 organa

298 5497 360 5545 et
391 5487 498 5543 alia
544 5489 903 5544 instrumenta
937 5486 1149 5541 musica
1195 5484 1473 5540 tractandi
1509 5485 1720 5552 peritis.
1761 5477 1862 5539 Ubi

298 5581 360 5635 in
407 5579 638 5634 lberiam
667 5579 937 5646 venimus,
989 5577 1177 5632 cuncti
1227 5591 1330 5631 nos
1363 5576 1473 5630 lati
1505 5583 1859 5644 exceperunt,

301 5671 646 5742 pulsatisque
673 5671 894 5742 organis
922 5669 1247 5739 ceterisque
1280 5669 1680 5734 instrumentis,
1714 5667 1866 5722 inco-

299 5765 368 5818 lae
401 5771 794 5819 concursantes
837 5761 1028 5816 mirari
1059 5775 1123 5814 ac
1153 5759 1418 5829 proﬁteri,
1446 5759 1668 5815 audisse
1707 5773 1767 5816 se
1797 5759 1866 5814 de

647 5855 914 5914 Persen.
962 5853 1080 5914 Gn.
1124 5849 1303 5912 CLVI

1968 3232 2128 3285 τητα,
2165 3214 2256 3268 διὰ
2287 3213 2344 3266 τὶ
2377 3213 2479 3284 μὲν
2526 3215 2584 3266 ἐν
2621 3213 2852 3276 ἐκείνοις
2901 3217 3016 3278 τοῖς
3072 3216 3299 3286 μέρεσιν
3331 3219 3389 3273 οὐ
3419 3220 3532 3271 λεί-

1968 3323 2168 3360 πονται
2200 3305 2416 3375 ὀπῶραι
2448 3307 2703 3360 παντοῖαι
2732 3306 2802 3358 δι’
2835 3305 2961 3360 ὅλου
2988 3307 3086 3360 τοῦ
3117 3309 3395 3371 ἐνιαυτοῦ.
3433 3317 3529 3363 καὶ

1968 3398 2036 3450 τά
2062 3397 2428 3466 μὲνὰνθοῦσι,
2450 3399 2521 3451 τὰ
2546 3397 2607 3450 δὲ
2631 3396 3029 3466 όμφακίζουσι,
3058 3398 3128 3452 τά
3157 3399 3213 3452 δὲ
3232 3402 3526 3469 τρυγᾶται.

1999 3487 2219 3542 Εκεῑδὲ
2268 3487 2472 3542 καὶτὰ
2503 3487 2721 3557 μεγάλα
2779 3488 2981 3542 Ἰνδικά
3042 3488 3287 3558 γίνονται
3349 3491 3532 3562 κάρυα

1968 3667 2170 3722 talibus
2201 3664 2390 3731 rebus,
2437 3677 2743 3733 nunquam,
2780 3671 2839 3717 ut
2869 3676 3038 3728 nunc,
3086 3663 3342 3721 sensibus
3369 3680 3532 3721 usur-

1967 3768 2147 3824 passe.
2178 3750 2365 3821 Neque
2393 3749 2572 3805 solum
2599 3765 2670 3803 ex
2706 3750 2861 3816 urbe,
2907 3751 3002 3804 sed
3035 3753 3201 3807 etiam
3243 3769 3273 3808 e
3311 3755 3444 3809 locis
3472 3765 3529 3808 rt

1969 3844 2293 3915 regionibus
2329 3843 2575 3898 finitimis
2626 3843 2694 3896 ad
2746 3843 3043 3898 videndum
3084 3845 3530 3914 audiendumque

1968 3943 2354 3998 aecum-runt,
2401 3930 2664 4001 quoniam
2710 3931 2926 3985 illarum
2958 3945 3144 3985 rerum
3178 3930 3402 3984 nomina
3433 3947 3532 3985 au-

1967 4027 2235 4089 diverant,
2275 4021 2468 4092 quales
2513 4021 2619 4076 illa
2647 4029 2852 4084 essent,
2887 4021 3238 4090 ignorabant.
3281 4020 3530 4089 Cumque

1967 4114 2126 4169 multi
2171 4112 2594 4178 conﬂuxissent,
2644 4111 2746 4166 fuit
2791 4111 2933 4165 inter
2976 4112 3074 4167 hos
3100 4126 3268 4167 senex
3306 4112 3530 4180 quidam

1967 4217 2186 4264 centum
2217 4205 2442 4260 circiter
2470 4217 2767 4270 annorum,
2804 4204 2898 4273 qui
2935 4204 3051 4258 hare
3084 4204 3215 4258 mihi
3259 4208 3527 4259 narravit.

1967 4298 2100 4353 Erat
2132 4313 2331 4352 nomen
2372 4297 2492 4352 seni
2522 4295 2799 4366 prraitu,
2835 4305 2890 4350 ct
2915 4295 3186 4350 oriundus
3215 4306 3333 4351 erat
3365 4313 3395 4352 e
3425 4315 3530 4352 no-

1970 4392 2064 4446 bili
2098 4391 2290 4446 lberiae
2328 4391 2483 4453 urbe,
2515 4403 2638 4458 quae
2668 4387 2972 4458 appellatur
3010 4429 3025 4442 .
3061 4431 3075 4444 .
3109 4429 3122 4444 .
3172 4389 3312 4444 Puer
3339 4402 3530 4460 captus

1971 4502 2002 4540 a
2053 4484 2306 4542 barbaris
2332 4491 2386 4538 et
2413 4481 2596 4552 impiis
2640 4481 2750 4535 illis
2779 4481 3048 4549 gentibus,
3080 4483 3331 4538 venditus
3360 4495 3442 4540 est
3475 4485 3528 4540 in

1967 4581 2260 4643 interiores
2281 4574 2532 4642 regiones
2561 4573 2875 4628 Persarum.
2907 4570 3041 4627 Cum
3075 4575 3241 4630 herus
3272 4575 3414 4644 ejus,
3435 4578 3530 4645 qui

1964 4681 2236 4732 mercator
2252 4674 2396 4729 erat,
2419 4673 2473 4720 et
2501 4663 2594 4718 alii
2623 4664 2779 4718 multi
2814 4673 3168 4727 mercatores,
3194 4670 3336 4734 apud
3368 4665 3530 4723 Indos

1965 4763 2186 4827 solitum
2229 4754 2332 4810 sibi
2375 4760 2674 4807 mercatum
2726 4750 2948 4817 facturi,
2997 4753 3114 4806 dies
3163 4755 3374 4823 aliquot
3428 4757 3531 4812 iter

1967 4852 2245 4910 fecissent,
2265 4845 2489 4915 jamque
2510 4840 3011 4910 appropinquarent
3033 4843 3230 4898 linibus
3250 4844 3529 4914 Indorum,

1968 4940 2250 5012 Epltraim,
2292 4935 2424 5004 jugo
2455 4931 2665 4988 servitii
2701 4946 2760 4986 se
2797 4930 3126 4986 subtrahere
3158 4933 3407 5002 cupiens,
3441 4936 3531 4990 fu-

1964 5047 2046 5102 sit
2074 5025 2545 5100 opportunitatem
2583 5020 2887 5091 quaerebat.
2929 5035 2995 5076 ac
3046 5033 3202 5076 nocte
3247 5023 3530 5092 plcnilttnii

1965 5124 2174 5178 lumine
2199 5121 2491 5178 illustrata.
2511 5129 2635 5170 cum
2655 5114 2819 5167 berus
2835 5127 2960 5167 cum
2984 5113 3214 5182 reliquis
3235 5117 3531 5173 comitibus

1967 5214 2145 5270 fessus
2169 5219 2318 5268 esset
2349 5223 2415 5264 ex
2447 5207 2666 5270 itinere,
2697 5204 2814 5275 ipse
2845 5203 3078 5260 fortunae
3114 5205 3378 5274 conlisus,
3407 5225 3532 5264 sur-

1965 5306 2108 5361 rexit
2135 5301 2500 5373 lugiendoque
2533 5299 2650 5352 loca
2684 5297 2936 5361 mutavit,
2962 5308 3016 5351 et
3041 5298 3160 5354 dies
3189 5314 3300 5354 non
3329 5315 3532 5370 paucos

1967 5413 2062 5468 per
2086 5393 2232 5450 invia
2257 5407 2323 5446 ac
2354 5391 2568 5445 deserta
2598 5389 3061 5458 circumvagatus,
3095 5391 3338 5458 pervenit
3366 5391 3420 5445 in
3446 5391 3533 5446 in-

1966 5488 2114 5544 sulas
2131 5484 2418 5555 quasdam,
2441 5495 2578 5550 quas
2596 5478 2846 5549 Longzevi
2869 5479 3134 5534 habitant.
3153 5480 3362 5551 Quippe
3383 5481 3534 5536 Lon-

1967 5593 2146 5650 καινοί
2184 5577 2286 5630 hos
2312 5572 2586 5644 appellant
2615 5579 2924 5641 propterea,
2949 5573 3096 5642 quod
3134 5572 3326 5643 singuli
3360 5573 3528 5626 vitam

1968 5684 2133 5738 supra
2170 5680 2347 5720 annos
2379 5674 2598 5719 centum
2631 5673 2690 5717 et
2733 5661 3130 5732 quinquaginta
3174 5664 3479 5731 producunt
3512 5681 3527 5716 :

1969 5762 2021 5816 id
2058 5759 2202 5832 quod
2235 5758 2349 5814 lieri
2386 5757 2541 5813 aiunt
2572 5766 2794 5827 propter
2812 5755 2961 5811 acris
2989 5755 3308 5824 temperiem
3342 5764 3395 5810 et
3431 5769 3532 5825 pu-

2987 5847 3066 5906 26
