3976 6568
241 369 362 431 813

1272 363 1725 426 (ΠΙΒΟΝΙΕΟΝ
1759 361 2026 420 MAJUS.
2072 383 2132 394 -
2188 361 2337 423 LIB.
2386 362 2505 421 ΙΙΙ.

3397 363 3504 422 διε

241 479 530 533 ἀπέθανεν
557 477 586 529 6
620 478 843 548 άμηρᾶς
875 482 904 531 6
945 479 1321 549 Ἀμοςράτης,
1364 478 1392 529 ὃ
1441 477 1599 543 κάγὼ
1625 474 1832 546 ἔμαθον
1863 494 1904 541 Α
1934 475 2028 528 καὶ
2059 477 2090 545 ὴ
2128 475 2279 539 πόλις
2308 475 2632 546 ἠπορημένη
2669 475 2787 528 ἐστὶ
2845 473 2936 528 διά
2969 474 3360 546 τδν·αὐθὲντην
3397 494 3502 544 μου

239 570 338 624 ἔτι
353 569 432 622 ὢν
459 571 520 622 ὲν
545 571 612 639 τῇ
644 568 749 638 ’16η
759 571 875 640 ρίᾳ.
904 571 992 633 Ὦς
1011 567 1105 624 οὖν
1126 568 1292 641 ἦλθον
1313 573 1393 632 είς
1413 569 1826 638 Τραπεζοῦντα,

237 659 443 730 εἴρηκέ
477 675 566 726 μοι
587 660 616 710 6
646 659 898 727 βασιλεὺς
924 661 1123 715 τοιάδε·
1155 678 1172 709 ι
1204 663 1376 729 Κύριε
1407 659 1634 728 πρέσϐυ,
1666 658 1824 726 Ωιι

238 752 431 802 είπεῖν
464 767 545 803 σοι
589 750 727 803 θέλω
776 751 1026 821 χρηστὰς
1059 752 1344 819 ἀγγελίας,
1367 752 1424 803 εί
1461 749 1536 820 μὴ
1567 750 1648 802 δεῖ
1695 751 1829 802 ἁποο

236 840 440 895 δοῦναί
490 857 549 893 σε
579 843 713 912 ἡμῖν
743 860 797 895 τι
827 843 1000 908 δῶρον
1029 845 1272 914 χάριτος.
1317 862 1337 895 ο
1386 843 1559 910 Κάγὼ
1588 840 1828 902 ἀναστάς

239 936 646 1007 προσεκύνησα
672 937 838 990 αὐτὸν
867 939 1040 992 εἰπών
1066 955 1113 991 ἰ
1149 939 1212 994 Ὀ
1237 939 1371 1002 Θεῦς
1405 935 1827 1008 μακροημερεύ-

241 1042 338 1078 σοι
372 1027 472 1097 τὴν
517 1027 680 1095 ἁγίαν
713 1044 808 1080 σου
844 1029 1151 1097 βασιλείαν,
1181 1030 1240 1093 ὃς
1285 1030 1636 1099 πολυτρόπως
1671 1030 1825 1099 εὐερ-

237 1121 431 1183 γετεῖς
452 1120 600 1186 ἡμᾶς
627 1134 642 1149 °
668 1118 841 1184 οὕτως
864 1123 957 1174 καὶ
981 1123 1072 1175 διὸ.
1092 1123 1190 1184 τὰς
1218 1122 1314 1176 νῦν
1329 1122 1538 1190 ἀγαθὰς
1563 1122 1828 1189 ἀγγελίας

236 1205 412 1271 αὖθις
435 1211 821 1280 εὐεργετήσεις
846 1214 1016 1283 ἡμᾶς.
1057 1214 1198 1266 Ἀλλ’
1240 1215 1374 1282 ἡμῖν
1406 1215 1509 1268 οὐκ
1550 1213 1698 1267 ἔστιν
1727 1213 1825 1267 ἀν-

235 1298 434 1360 τάειόν
459 1315 512 1352 τι
540 1300 839 1354 ἀποδοῦναι
869 1303 934 1372 τῇ
970 1301 1222 1373 βασιλεία
1253 1318 1346 1356 σου
1375 1305 1444 1371 τῇ
1475 1302 1628 1374 ἁγίᾳ.
1663 1321 1683 1354 ι
1715 1303 1825 1356 Καὶ

239 1388 416 1452 εὐθὺς
453 1387 578 1456 εἶπέ
628 1407 720 1460 μοι
755 1393 885 1464 περὶ
938 1392 1034 1446 τοῦ
1087 1392 1322 1448 θανάτου
1357 1392 1453 1447 τοῦ
1483 1396 1700 1465 ἀμηρα,
1728 1394 1825 1446 καὶ

238 1480 370 1544 πῶς
403 1484 430 1534 6
465 1481 581 1544 υίὸς
634 1483 800 1537 αὐτοῦ
847 1485 1068 1552 ἐγένετο
1113 1486 1382 1554 αὐθέντης
1435 1487 1531 1540 καὶ
1563 1486 1824 1548 πλείστας

237 1573 482 1640 χάριτας
510 1574 737 1643 ἐποίησε
763 1576 845 1644 τῷ
873 1576 1091 1640 ἄνακτι,
1139 1579 1236 1631 καὶ
1268 1580 1458 1649 εἰρήνη
1507 1575 1663 1640 αὖθις
1695 1581 1822 1632 ἐπε-

239 1665 474 1734 κυρώθη
527 1665 843 1735 ἀναμεταξὺ
901 1668 1087 1722 αὐτῶν
1132 1672 1323 1741 τηρεῖν
1357 1670 1553 1739 αὐτὴν,
1591 1669 1675 1732 ,ὡς
1726 1671 1821 1723 καὶ

237 1751 449 1820 πρώην
480 1753 620 1822 μετά
644 1755 740 1808 τοῦ
771 1757 982 1826 ⁴πατρὸς
1012 1758 1180 1812 αὐτοῦ
1219 1755 1366 1829 εἶχεν
1393 1761 1422 1813 6
1467 1760 1692 1814 ἐκείνων
1735 1755 1818 1811 oi-

1936 565 2031 616 καὶ
2065 563 2290 632 βασιλέα
2327 566 2525 618 νεωστὶ
2550 565 2619 618 τὰ
2645 567 2917 634 σκῆπτρα
2947 564 3202 632 λαόόντα,
3233 563 3290 626 ὃς
3319 570 3413 617 καὶ
3439 565 3503 616 ἐκ

1933 657 2043 710 τῶν
2074 657 2172 725 τῆς
2224 659 2507 727 βασιλείας
2562 659 2939 728 εἰσοδημάτων
2973 659 3145 712 πολλὰ
3175 659 3383 725 ὀφείλει
3414 659 3503 710 διὰ

1931 746 2028 810 τάς
2056 747 2269 812 ἐξόδους
2293 751 2386 803 καὶ
2407 751 2476 802 τά
2500 749 2792 818 φιλόδωρα,
2819 749 2856 803 ἃ.
2883 749 3178 820 ἐχαρίσατο
3202 751 3314 811 τοῖς
3337 766 3504 820 στρα-

1929 836 2158 899 τιὼταις
2188 837 2283 891 καὶ
2321 840 2472 910 πάσῃ
2498 841 2564 909 τῇ
2606 841 2744 911 αὐλῇ
2773 857 2786 870 ·
2811 841 2891 892 διὸ
2919 840 3092 894 δεῖται
3127 839 3323 911 καιροῦ
3351 840 3503 909 είρη-

1930 927 2082 980 νικοῦ
2115 929 2252 998 πρὸς
2281 929 2343 982 τὸ
2379 930 2801 999 ἐξοικονομῆσαι
2832 931 2899 985 τά
2927 931 3026 996 τῆς
3063 932 3243 1001 μάχης
3270 931 3366 983 καὶ
3406 929 3499 983 τοῦ

1930 1018 2171 1089 πολέμου
2201 1020 2483 1090 ἀναγκαῖα
2514 1021 2608 1075 καὶ
2637 1021 2944 1092 ἐπιτήδεια.
2987 1023 3106 1078 Καὶ
3133 1023 3230 1075 ἐὰν
3276 1021 3364 1076 διὰ
3403 1021 3499 1086 τὰς

1929 1110 2204 1180 ἁμαρτίας
2241 1111 2399 1181 ἡμῶν
2429 1114 2458 1164 6
2487 1113 2621 1175 Θεὸς
2669 1115 3074 1187 παραχωρήσῃ,
3117 1114 3212 1168 καὶ
3259 1113 3424 1175 αὐτὸς
3472 1116 3500 1164 ὁ

1926 1201 2208 1272 ἀλιτήριος
2240 1204 2346 1258 ὐπὸ
2375 1206 2471 1274 τῆς
2505 1207 2761 1277 νεότητος
2785 1207 2952 1260 αὐτοῦ
2982 1208 3078 1261 καὶ
3107 1205 3496 1274 κακογνωμίας

1924 1295 2163 1367 ὁρμήσοι
2193 1298 2261 1352 ἂν
2295 1300 2480 1369 μάχην
2529 1301 2756 1368 ποιῆσαι
2806 1301 2950 1354 κατά
2981 1301 3082 1368 τῆς
3128 1300 3360 1364 πόλεως,
3395 1299 3498 1350 οὐκ

1925 1383 2044 1440 οἶδα
2072 1387 2124 1440 τί
2161 1391 2453 1458 γενήσεται
2475 1393 2556 1453 είς
2581 1393 2752 1460 ἡμᾶς.
2784 1392 2895 1444 Ναὶ
2921 1391 3136 1460 ἀληθῶς
3163 1391 3496 1461 εὐφρόσυνος

1925 1477 2157 1544 ἀγγελία
2187 1475 2276 1548 ἦν,
2310 1481 2360 1532 εί
2399 1481 2672 1534 ἀπέθανεν
2703 1483 2736 1534 6
2765 1481 2860 1534 νῦν
2893 1481 3131 1550 γεγονὼς
3183 1483 3300 1543 νέος
3349 1482 3496 1551 ἀμη-

1926 1569 2047 1636 ρᾶς,
2072 1569 2198 1621 ἐπεὶ
2223 1571 2252 1622 6
2285 1570 2468 1642 πατὴρ
2514 1571 2683 1625 αὐτοῦ
2723 1574 2826 1625 οὐκ
2855 1568 3002 1642 εἶχεν
3033 1573 3192 1626 ἄλλον
3225 1573 3365 1633 υἱὸν,
3401 1572 3496 1623 καὶ

1923 1660 1999 1728 τῷ
2029 1661 2247 1730 γηραιῷ
2269 1663 2336 1714 ὲκ
2357 1664 2456 1732 τῆς
2487 1663 2662 1731 λύπης
2687 1665 2891 1717 ἐδίδοτο
2913 1665 3186 1725 ἀσθένεια,
3218 1663 3279 1727 ἐξ
3304 1659 3371 1732 ἧς
3401 1661 3496 1716 καὶ

1921 1753 2304 1822 όλιγοχρονίαο
2338 1756 2432 1808 καὶ
2489 1757 2682 1808 τούτου
2736 1756 2926 1809 ἕνεκεν
2973 1758 3052 1818 είς
3103 1756 3348 1808 κίνδυνον
3401 1758 3496 1808 καί

237 1857 365 1902 κοςι
391 1842 564 1910 Κάγὼ
593 1844 833 1909 ἀκούσας
857 1845 1030 1909 οὕτως
1066 1849 1334 1918 ἐγενόμην
1366 1849 1581 1918 ἄφωνος
1599 1852 1699 1902 καὶ
1724 1867 1814 1902 το-
1847 1854 1888 1912 Β
1919 1846 2270 1914 διχοστασίαν
2297 1848 2546 1916 μεγάλην
2583 1849 2875 1902 ἐνέπιπτεν
2899 1851 2934 1919 ἡ
2957 1852 3063 1902 τῶν
3088 1848 3304 1902 ἀσεϐῶν
3325 1848 3492 1918 ἀρχὴ,

241 1929 428 1999 σαύτη
458 1931 620 2002 ὀδύνη
653 1951 747 2002 μοι
779 1937 1087 2008 περιείχετο
1115 1937 1194 2001 ὡς
1222 1939 1270 1991 εί
1297 1940 1426 2010 περὶ
1454 1940 1547 1992 τοῦ
1579 1942 1813 1994 θανάτου

236 2024 359 2077 τῶν
383 2025 532 2095 ἐμῶν
559 2027 836 2096 φιλτάτων
864 2032 1147 2100 ἠκούκειν.
1180 2035 1288 2086 Καὶ
1320 2035 1516 2105 μικρὸν
1545 2035 1817 2103 κατηφιάρ

237 2133 348 2181 σας
379 2118 525 2187 λέγω
546 2134 562 2152 ·
595 2139 618 2173 ι
648 2121 901 2178 Δέσποτά
932 2141 1056 2193 μου,
1091 2125 1233 2195 αὕτη
1258 2127 1319 2179 οὐ
1348 2127 1616 2197 χαρίεσσα
1645 2130 1819 2195 ἐπαγ-

238 2209 407 2276 γελία
431 2210 602 2278 ἐστὶν,
634 2213 774 2267 ἀλλά
805 2216 900 2268 καὶ
946 2215 1066 2271 λίαν
1115 2218 1375 2287 ὀδυνηρά.
1407 2236 1427 2269 ι
1484 2217 1545 2272 Ὀ
1573 2218 1634 2272 δὲ
1668 2218 1816 2286 λέγει

242 2319 264 2351 ι
295 2301 409 2355 Καὶ
426 2302 563 2368 πῶς,
580 2305 782 2373 χρηστέ
803 2294 968 2376 ιάνέρ
989 2323 1016 2370 ;'
1035 2327 1055 2359 ι
1078 2309 1256 2376 κάγὼ,
1280 2327 1299 2360 ι
1324 2310 1468 2362 Διότι
1492 2311 1522 2362 6
1543 2309 1816 2377 τεθνηκὼς

237 2393 470 2461 ἀμηρᾶς
511 2389 581 2464 ἦν
613 2395 816 2465 γέρων,
852 2398 948 2451 καὶ
993 2401 1058 2450 τὸ
1107 2401 1246 2456 κατὰ
1281 2399 1384 2469 τῆς
1435 2400 1646 2463 πόλεως
1677 2401 1816 2454 ἀπε»-

239 2485 525 2554 πειράσθη
553 2487 727 2558 αὐτῷ,
757 2491 853 2542 καὶ
885 2491 1068 2543 οὐκέτι
1099 2490 1354 2545 ἐϐούλετο
1399 2491 1816 2562 ἐγχειρισθῆναί

237 2592 297 2628 τι
331 2579 666 2650 κατάὐτῆς,
694 2579 832 2634 ἀλλά
870 2582 1031 2648 μόνον
1056 2583 1217 2652 ἢθελε
1248 2583 1451 2653 μᾶλλον
1477 2584 1812 2654 εἰρηνεύεινο

239 2672 272 2721 ὁ
297 2669 359 2723 δὲ
390 2671 485 2723 νῦν
511 2671 752 2740 γεγονώς
785 2675 902 2726 ἐστι
934 2674 1052 2738 νέος
1080 2675 1174 2728 καὶ
1217 2675 1498 2730 παιδιόθεν
1527 2677 1719 2748 ἐχθρὸς
1749 2673 1816 2746 ἦν

239 2763 358 2814 τῶν
393 2764 735 2834 Χριστιανῶν
769 2767 908 2836 πρὸς
957 2767 1018 2820 τὸ
1065 2767 1311 2837 ὑδρίζειν
1357 2769 1452 2821 καὶ
1496 2768 1816 2823 ἐπαπειλεῖν

244 2855 472 2919 αὐτοὺς,
499 2855 678 2922 λέγων
707 2857 792 2909 ὅτι
817 2858 948 2910 ὅταν
985 2859 1179 2930 καιρὸν
1209 2857 1348 2930 εὕρῃ
1376 2859 1682 2929 ἐπιτήδειον
1719 2862 1814 2916 καὶ

239 2944 344 3015 τὴν
371 2946 469 3012 τῆς
503 2947 783 3014 βασιλείας
811 2948 1066 3016 ἐξουσίαν
1098 2951 1178 3013 είς
1213 2953 1406 3021 χεῖρας
1438 2950 1606 3006 αὐτοῦ
1637 2950 1813 3022 λήψη-

239 3053 359 3100 ται,
397 3035 496 3106 τὴν
543 3037 719 3110 ἀρχὴν
751 3039 861 3092 τῶν
904 3041 1334 3110 Ῥωμαίων-τκαι
1383 3044 1604 3097 πάντων
1639 3045 1811 3113 212

241 3131 591 3202 Χριστιανῶν
622 3133 734 3204 έχει
761 3133 1142 3203 ἐξολοθρεῦσαι
1165 3137 1261 3190 καὶ
1289 3138 1575 3206 ἀφανίσαι.
1605 3137 1685 3192 Τὰ
1715 3138 1810 3190 νῦν

240 3326 478 3379 pomona
513 3313 778 3368 monacha
811 3315 978 3370 diota.
1011 3313 1235 3386 Sepulta
1257 3327 1346 3372 est
1381 3318 1435 3372 in
1474 3321 1808 3372 monasterio

242 3405 678 3469 Pantocratoris,
707 3403 862 3474 juxta
894 3407 1112 3462 beatum
1143 3417 1196 3462 et
1236 3409 1538 3476 gloriosum
1568 3410 1806 3479 impera-

240 3505 442 3559 torem,
467 3497 754 3567 conjugem
799 3498 939 3568 ejus.
973 3498 1155 3554 Mense
1197 3499 1494 3555 Februario
1516 3504 1644 3555 anni
1666 3501 1808 3556 6959

235 3590 537 3644 Amurates
563 3603 784 3646 amaras
830 3591 988 3655 obiit,
1032 3593 1176 3660 quod
1205 3608 1306 3661 ego
1337 3593 1392 3646 in
1421 3593 1596 3648 Iberia
1638 3597 1805 3649 etiam

231 3692 358 3734 tum
391 3680 594 3749 degens
639 3683 845 3752 accepi.
899 3681 1296 3753 Trapezuntem
1345 3685 1511 3754 igitur
1564 3696 1624 3739 ut
1647 3688 1804 3749 veni,

233 3773 541 3841 imperator
570 3773 655 3828 his
686 3789 772 3829 me
801 3775 980 3830 verbis
1004 3776 1226 3845 excepit
1257 3794 1269 3829 :
1301 3793 1318 3828 ι
1353 3775 1577 3831 nomine
1607 3778 1802 3846 legate,

239 3871 486 3924 faustum
541 3869 639 3923 tibi
691 3872 948 3926 nuntium
998 3871 1280 3940 lmpertire
1329 3872 1472 3938 volo,
1512 3871 1615 3925 nisi
1657 3873 1804 3940 quod

239 3976 443 4017 munus
480 3961 699 4032 aliquod
737 3965 876 4032 grati
899 3963 1070 4016 animi
1101 3963 1373 4032 rependas
1413 3965 1544 4017 mihi
1576 3979 1804 4020 necesse

235 4063 342 4109 est.
372 4072 390 4105 ι
419 4053 496 4108 Ad
517 4069 639 4124 qua:
658 4069 756 4124 ego
776 4069 1004 4123 surgens
1025 4069 1259 4122 eumque
1274 4056 1544 4109 adorans:
1576 4055 1764 4120 cDeus,
1779 4075 1798 4110 ο

235 4149 490 4216 inquam,
519 4165 538 4199 ι
569 4147 685 4201 dies
716 4147 980 4214 producat
1015 4157 1217 4202 sancta
1251 4146 1522 4216 maiestati
1559 4160 1683 4214 tuae,
1710 4147 1804 4216 qui

241 4237 407 4292 nobis
439 4253 560 4293 cum
599 4237 786 4292 multis
806 4237 982 4292 modis
1014 4236 1346 4301 benefacias,
1392 4248 1505 4291 tum
1544 4253 1640 4306 per
1669 4239 1805 4292 istos

237 4343 388 4382 nunc
423 4327 642 4382 nuntios
670 4327 994 4382 benefacies.
1023 4326 1223 4382 Verum
1249 4328 1386 4382 nihil
1411 4343 1511 4384 nos
1541 4329 1804 4383 habemus

237 4418 488 4486 dignum,
525 4417 667 4485 quod
691 4419 1056 4484 rependamus
1077 4427 1280 4472 sancta:
1319 4415 1590 4486 maiestati
1622 4427 1746 4472 luas.
1776 4437 1796 4470 ι

1920 1938 2015 1988 καὶ
2047 1939 2103 1989 ἐν
2130 1938 2208 2000 τῷ
2242 1940 2396 2010 μέσῳ
2424 1941 2616 1994 τούτου
2648 1942 2742 1995 τοῦ
2773 1943 2973 2012 καιροῦ
3001 1942 3224 1993 ἐδύνατο
3249 1940 3316 1994 ἂν
3342 1941 3490 2009 διορ-

1919 2029 2091 2082 θῶσαι
2127 2033 2222 2083 καὶ
2250 2033 2606 2103 οἰκονομῆσαι
2639 2035 2707 2086 τά
2744 2035 2944 2100 πάντα,
2970 2036 3064 2086 καὶ
3097 2036 3128 2103 ἡ
3169 2033 3367 2088 ἑαυτοῦ
3396 2035 3492 2102 βα-

1927 2121 2106 2172 σιλεία
2139 2121 2406 2175 διέϐαινεν
2451 2126 2535 2186 είς
2562 2126 2849 2194 κρείττονα
2886 2126 3248 2195 προτίμησιν.
3283 2141 3304 2174 ι
3346 2126 3404 2180 Ὀ
3433 2126 3489 2182 δὲ

1919 2210 2174 2279 βασιλεὺς
2231 2214 2646 2285 Τραπεζοῦντος
2694 2216 2870 2271 ταῦτα
2923 2235 3014 2286 μοι
3060 2218 3207 2285 ἔφη’
3244 2235 3264 2267 ι
3311 2217 3489 2279 Αὐτὸς

1921 2305 2186 2374 ὑπάρχεις
2219 2303 2300 2370 εἷς
2334 2308 2442 2360 τῶν
2473 2309 2755 2376 φρονίμων
2785 2311 3066 2380 ἀρχόντων
3112 2313 3211 2364 καὶ
3254 2328 3488 2381 πρακτισ

1919 2396 2030 2449 κῶν
2056 2397 2154 2466 τῆς
2185 2398 2356 2468 αὐλῆς
2379 2400 2616 2470 ἐκείνης,
2635 2401 2736 2456 καὶ
2756 2402 3046 2469 γινώσκεις
3081 2404 3331 2472 κρεῖττον
3359 2404 3488 2472 περὶ

1915 2488 2122 2540 τούτων
2147 2505 2162 2520 ο
2197 2489 2346 2559 ὅμως
2394 2492 2423 2543 6
2473 2492 2628 2555 Θεὸς,
2673 2492 2749 2556 ὡς
2799 2493 3044 2557 δυνατδς,
3077 2495 3294 2562 ποιήσει
3325 2493 3487 2547 αὐτὸν

1915 2581 1996 2641 είς
2035 2581 2262 2647 ἀγαθόν.
2295 2601 2320 2634 ι
2357 2583 2529 2647 Κάγὼ
2559 2584 2880 2655 ἀποκριθεὶς
2911 2581 3080 2638 εἶπα·
3107 2603 3125 2635 ι
3152 2585 3290 2640 Δίαν
3319 2585 3487 2653 εὐχα-

1919 2673 2089 2742 ριστῶ
2136 2678 2202 2744 τῇ
2254 2676 2633 2746 καλοκαγαθίᾳ
2674 2679 2770 2730 καὶ
2821 2680 3144 2750 προαιρέσει
3178 2678 3338 2751 213
3385 2679 3482 2731 τοῦ

1918 2766 2154 2832 κράτους
2184 2782 2303 2831 σου,
2321 2767 2590 2836 διότιέγὼ
2614 2769 2718 2822 οὐκ
2749 2771 2870 2838 είμι
2899 2770 3165 2839 τοσαύτης
3185 2771 3484 2840 ποιότητος

1914 2855 1990 2917 ὡς
2025 2857 2058 2925 ή
2093 2856 2340 2925 βασιλεία
2379 2876 2472 2912 σου
2517 2861 2834 2924 ἐκέλευσας.
2871 2879 2893 2913 θ
2941 2863 3207 2924 ’Δκούσας
3239 2864 3346 2933 γὰρ
3372 2863 3482 2929 ἐγὼ

1915 2946 1995 3000 ἔτι
2021 2949 2102 3000 ὃτι
2131 2950 2166 3019 ἡ
2197 2950 2288 3003 τοῦ
2322 2953 2726 3022 προρρηθέντος
2771 2956 2966 3024 ἀμηρά
2995 2955 3154 3023 γυνὴ,
3184 2956 3217 3024 η
3249 2955 3346 3008 καὶ
3385 2954 3480 3008 τοῦ

1915 3041 2013 3108 τῆς
2043 3041 2270 3110 Σερϐίας
2295 3042 2558 3098 δεσπότου
2591 3045 2864 3117 θυγάτηρ,
2886 3048 3026 3115 μετά
3049 3046 3148 3116 τὴν
3167 3047 3266 3100 τοῦ
3288 3048 3482 3117 ἀμηρᾶ

1916 3132 2010 3184 καὶ
2042 3133 2236 3203 ἀνδρὸς
2284 3136 2457 3205 αὐτῆς
2495 3135 2660 3207 θανὴν
2716 3139 2950 3209 ἐντίμως
2979 3143 3075 3194 καὶ
3107 3140 3288 3208 καλῶς
3337 3143 3480 3198 ἀπε-

1917 3308 2118 3364 habere
2155 3313 2503 3383 minatusque
2522 3316 2706 3371 dicere
2735 3317 2966 3382 solebat,
2991 3335 3074 3386 se,
3097 3337 3216 3375 cum
3240 3323 3475 3392 primum

1913 3401 2260 3455 occasionem
2291 3403 2600 3460 invenisset
2631 3417 2686 3461 et
2715 3422 2882 3475 regno
2911 3410 3117 3478 potitus
3143 3419 3322 3476 esset,
3364 3412 3476 3468 Ro-

1905 3505 2226 3556 manorum,
2273 3495 2384 3550 imo
2412 3496 2854 3555 Christianorum
2889 3503 3133 3558 omnium
3183 3504 3477 3574 imperium

1909 3581 2264 3648 perditurum
2298 3594 2356 3638 et
2401 3585 2734 3642 deletorum.
2774 3577 2838 3644 Et
2872 3606 3001 3645 vero
3049 3593 3181 3649 urbs
3227 3610 3375 3650 nunc
3419 3595 3476 3652 in

1913 3673 2182 3739 angustiis
2207 3684 2287 3729 est
2319 3688 2541 3744 propter
2575 3679 2876 3748 principem
2918 3697 3103 3736 meum
3135 3692 3192 3737 et
3239 3685 3477 3753 impera-

1918 3772 2088 3819 torem
2127 3780 2316 3819 recens
2365 3783 2594 3837 regnum
2643 3771 2923 3840 ade-ptum,
2974 3773 3063 3828 cui
3097 3773 3165 3829 de
3199 3775 3477 3832 reditibus

1914 3855 2123 3923 imperii
2153 3857 2354 3924 grande
2377 3873 2453 3914 tes
2482 3861 2721 3917 alienum
2758 3865 3080 3921 solvendum
3109 3876 3219 3931 est,
3255 3877 3474 3938 propter

1911 3944 2284 4012 expeditiones
2309 3956 2365 4002 et
2389 3949 2640 4006 donativa
2665 3962 2778 4008 tum
2801 3953 3088 4020 militibus,
3119 3965 3234 4012 tum
3257 3959 3473 4014 cunctis

1911 4037 2108 4090 aulicis
2128 4039 2320 4092 collata
2341 4041 3224 4114 conflatum.:Quaretenutoribus
3247 4049 3473 4116 placatis

1913 4137 2052 4194 Opus
2077 4135 2180 4190 est,
2205 4137 2265 4182 ut
2294 4131 2456 4185 rebus
2481 4130 2547 4185 ad
2575 4131 2775 4186 bellum
2799 4135 3142 4194 enecassariis
3160 4147 3228 4192 .et
3258 4137 3473 4194 idoneis

1913 4229 1972 4268 se
2010 4215 2266 4271 instruat.
2299 4215 2454 4282 Quod
2497 4219 2545 4274 si
2577 4219 2722 4280 Deus
2753 4231 2976 4290 propter
3008 4235 3242 4293 peccata
3281 4237 3469 4288 nostra

1910 4309 2263 4374 concesserit,
2293 4321 2350 4363 ut
2366 4325 2600 4380 nequam
2624 4314 2734 4380 ille,
2755 4315 2986 4384 juvenili
3013 4317 3244 4376 audacia
3273 4329 3328 4374 et
3353 4324 3475 4378 ani-

1912 4401 1986 4454 mi
2005 4403 2273 4469 pravitate
2296 4413 2472 4470 actus,
2501 4405 2687 4460 urbem
2718 4405 2861 4462 bello
2879 4410 3256 4479 aggrediatur.
3281 4415 3470 4470 nescio

237 4506 381 4560 Tum
415 4508 597 4560 statim
628 4507 761 4561 dixit
791 4507 922 4560 mihi
950 4508 1018 4561 de
1058 4517 1234 4562 morte
1272 4508 1568 4572 Amuratis,
1611 4524 1803 4562 narra-

1915 4491 2188 4560 equidem,
2223 4493 2353 4558 quid
2388 4495 2547 4550 nobis
2597 4495 2844 4554 futurum
2895 4500 2989 4556 sit.
3039 4501 3296 4558 Profecto
3329 4503 3469 4558 felix

241 4599 452 4666 vitque,
487 4598 763 4666 quomodo
801 4601 920 4666 ejus
946 4599 1089 4653 (ilius
1128 4599 1384 4668 princeps
1426 4603 1601 4656 factus
1637 4611 1802 4663 esset,

235 4700 294 4744 et
323 4690 554 4758 plurima
583 4689 687 4745 sibi
712 4690 971 4744 beneﬁcia
996 4691 1357 4759 praestitisset,
1385 4700 1439 4744 et
1461 4706 1563 4760 pax
1589 4707 1805 4745 rursum

241 4783 388 4834 inter
416 4782 560 4850 ipsos
586 4792 731 4837 esset
757 4782 1097 4849 confirmata,
1131 4782 1310 4852 qualis
1335 4784 1498 4837 etiam
1530 4793 1654 4838 ante
1679 4785 1808 4838 huic

237 4872 432 4925 domui
472 4887 594 4926 cum
629 4881 780 4941 patre
810 4874 929 4942 ejus
962 4875 1376 4930 intercesserat.
1414 4873 1549 4938 Quae
1582 4875 1670 4928 ubi
1707 4891 1801 4928 an.

237 4963 379 5027 divi,
414 4963 686 5026 obmutui,
721 4972 1014 5032 tantusque
1043 4963 1202 5017 dolor
1232 4978 1319 5017 me
1361 4963 1604 5026 incessit,
1638 4981 1802 5034 quam

235 5058 288 5110 si
337 5056 617 5109 hominum
657 5056 788 5108 mihi
817 5054 1273 5108 charissimorum
1323 5064 1552 5107 mortem
1585 5069 1804 5123 compe-

242 5146 464 5199 rissem.
500 5143 704 5198 Deinde
754 5145 994 5198 demisso
1026 5146 1230 5207 animo,
1275 5162 1293 5194 ι
1333 5143 1402 5197 Mi
1434 5145 1682 5213 despota,
1717 5145 1800 5198 iu-

240 5252 429 5305 quam,
468 5237 571 5291 iste
599 5237 817 5305 quidem
852 5251 957 5288 non
984 5243 1172 5302 gratus
1197 5236 1421 5291 nuntius
1443 5246 1550 5301 est,
1579 5237 1672 5291 sed
1701 5237 1802 5290 ad-

238 5329 462 5384 modum
485 5329 647 5382 etiam
682 5327 931 5382 acerbus.
965 5345 982 5377 ι
1021 5325 1158 5380 Tum
1183 5328 1302 5381 iile:
1333 5347 1353 5378 ι
1382 5329 1687 5393 Quomodo,
1720 5329 1802 5380 vir

241 5417 427 5472 bone?
462 5434 480 5468 ι
523 5437 540 5469 ι
568 5417 726 5481 Quia,
762 5415 1009 5484 inquam,
1052 5415 1118 5480 is,
1157 5417 1249 5484 qui
1285 5416 1443 5477 obiit,
1475 5432 1685 5470 ameras
1715 5431 1803 5471 se-

242 5524 346 5564 nex
375 5521 510 5574 erat,
550 5510 852 5578 urbemque
882 5512 1018 5563 satis
1053 5509 1302 5567 tentavit.
1348 5523 1448 5561 nec
1485 5508 1599 5576 jam
1635 5508 1799 5560 adur-

237 5611 400 5655 turus
429 5614 547 5654 eam
582 5612 720 5666 erat,
759 5601 856 5654 sed
886 5614 1070 5669 pacem
1120 5614 1284 5666 quam
1336 5597 1534 5652 bellum
1581 5599 1796 5652 maluit.

237 5695 307 5756 ,Αι
339 5691 430 5758 qui
467 5705 610 5744 nunc
645 5690 824 5745 factus
845 5701 928 5745 est
961 5705 1199 5753 ameras,
1233 5689 1278 5742 is
1306 5698 1356 5741 ct
1379 5689 1600 5758 juvenis
1636 5698 1719 5743 est
1745 5697 1799 5744 et

237 5797 269 5836 a
299 5795 471 5850 pucro
502 5781 939 5837 Christianorum
977 5780 1250 5846 inimicus,
1288 5779 1681 5835 contumeliose
1701 5796 1794 5836 eos

1909 4587 2141 4637 nuntius
2169 4581 2330 4648 foret,
2367 4589 2411 4640 si
2435 4587 2714 4655 juvenem.
2742 4591 2841 4659 qui
2871 4607 3020 4648 nunc
3047 4608 3261 4656 amaras
3293 4596 3471 4651 factus

1905 4682 2015 4732 est.
2041 4676 2248 4732 obiisse
2296 4680 2602 4745 nuntiares,
2643 4683 3258 4756 siquidem-paterejus
3303 4689 3468 4743 alium

1909 4766 2079 4819 filium
2123 4783 2232 4822 non
2278 4770 2503 4827 haberet
2531 4784 2585 4830 et
2615 4777 2730 4832 seni
2761 4776 2976 4838 egluotu
3023 4778 3262 4836 oriretur
3295 4795 3468 4848 aegro-

1903 4857 2061 4923 tatio,
2090 4874 2153 4912 ex
2183 4864 2538 4929 aegrotatione
2560 4866 2868 4924 deminutio
2909 4870 3034 4927 vitae
3063 4887 3078 4923 :
3103 4871 3254 4927 unde
3291 4872 3344 4926 in
3371 4889 3466 4941 pe-

1908 4949 2142 5002 riculum
2169 4961 2222 5004 et
2246 4966 2497 5022 magnam
2526 4957 2852 5014 seditionem
2879 4961 3144 5016 incideret
3171 4961 3464 5030 impiorum

1907 5041 2218 5109 imperium,
2261 5057 2447 5100 nostra
2477 5058 2661 5103 autem
2696 5051 2915 5106 interim
2951 5054 3134 5107 omnia
3167 5055 3384 5110 restitui
3412 5069 3466 5112 et

1907 5133 2278 5188 administrari
2301 5148 2549 5204 possent,
2573 5151 2633 5194 ut
2649 5144 2952 5198 auctoritas
2974 5145 3318 5213 imperatoris
3342 5148 3467 5202 inde

1907 5227 2052 5281 haud
2084 5228 2244 5296 paulo
2274 5228 2596 5286 bonaratior
2637 5249 2867 5288 evasura
2905 5235 3118 5292 fuisset.
3141 5253 3170 5288 δ
3210 5233 3346 5290 Tum
3373 5252 3463 5292 rer

1905 5319 2302 5386 Trapezuntius
2332 5322 2402 5374 ita
2428 5325 2706 5392 respondit
2737 5344 2751 5378 ι
2790 5345 2808 5377 ι
2836 5326 2915 5378 Tu
2939 5341 3065 5380 cum
3091 5327 3208 5394 ipse
3229 5327 3307 5381 sis
3328 5343 3468 5380 unus

1901 5427 1932 5464 e
1969 5413 2334 5480 prudentibus
2367 5423 2420 5466 et
2467 5416 2819 5483 peritisgviris
2870 5417 3018 5472 illius
3059 5420 3218 5481 auiae,
3275 5420 3469 5472 melius

1904 5503 2092 5570 utique
2111 5505 2210 5556 ista
2235 5503 2454 5558 novisti.
2476 5505 2761 5559 Enimvero
2781 5509 2952 5572 Deus,
2976 5524 3082 5575 qua
3103 5519 3188 5564 est
3207 5511 3465 5574 potentia,

1904 5594 2043 5662 frugi
2080 5595 2231 5648 illum
2266 5596 2449 5650 faciet.
2487 5615 2506 5647 ι
2565 5597 2661 5651 llic
2693 5615 2812 5667 ego,
2875 5619 2893 5649 ι
2926 5598 3170 5667 Magnas,
3217 5599 3462 5670 inquam,

1903 5689 2105 5756 gratias
2151 5705 2253 5758 ago
2306 5690 2602 5758 integritati
2657 5701 2712 5745 et
2765 5691 2998 5744 consilio
3032 5692 3286 5758 potentiae
3332 5700 3460 5753 tuae,

1905 5781 2164 5851 quoniam
2198 5797 2302 5836 non
2348 5791 2533 5836 tantus
2579 5799 2722 5848 sum,
2778 5794 3042 5851 quantum
3090 5783 3347 5852 majestas
3373 5795 3464 5848 tua
