3976 6552
160 429 294 497 817
369 419 372 422 ’

1185 437 1636 502 CHRONICON
1665 445 1945 510 MAJUS.
1981 470 2048 483 -··
2081 446 2225 512 LIB.
2274 446 2392 512 III.

3343 437 3464 505 8i8‘

173 553 318 621 ρίου
352 547 566 620 θέλημα
594 551 918 621 γενήσηται,
955 551 1076 606 ἐπεὶ
1101 555 1383 627 συμφέρον
1415 560 1481 629 τῇ
1519 557 1770 632 βασιλείᾳ
1795 564 1848 623 Α
1873 565 2052 631 γονεῖς
2073 565 2244 634 αὐτῆς
2275 566 2448 635 ἡδέως
2471 566 2564 620 καὶ
2586 564 2843 633 ἀσμένως
2872 561 2964 616 τδν
2985 562 3144 631 λόγον
3167 561 3448 628 ἐδέξαντο,

167 641 288 695 σού
320 644 438 695 ἐστι
488 642 554 694 τά
600 644 976 712 προειρημένα
1010 645 1136 714 τρία
1181 647 1473 711 αίτια,ἐάν
1519 653 1769 718 γένηται,

170 734 422 804 μᾶλλον.
458 734 568 786 Καὶ
591 736 643 788 oi
686 738 863 802 γονεῖς
894 735 1067 804 αὐτῆς
1100 739 1416 808 περιχαρῶς
1470 742 1566 794 καὶ
1599 744 1772 812 ἀσμέ-

173 842 304 888 νως
335 826 581 890 δέξονται
630 826 810 881 τοῦτο.
871 821 1284 892 Ἐξαπόστειλον
1326 825 1422 883 οὖν
1452 830 1616 894 εὐθύς
1645 850 1771 886 τινα

173 917 391 970 πιστὸν
419 916 529 970 τῶν
557 917 652 970 τοῦ
685 916 946 970 παλατίου
979 935 1073 972 σου
1120 920 1402 990 ἀρχόντων
1433 922 1466 992 ἢ
1495 923 1606 977 τῶν
1631 926 1774 996 ίερο-

176 1009 514 1079 μονάχωνῆ
560 1009 841 1079 μοναχῶν,
881 1010 974 1062 καὶ⁵
1025 1011 1093 1063 τὰ
1136 1013 1268 1082 περ)⁸
1315 1016 1510 1067 τούτου
1546 1017 1774 1085 διορθώ·

177 1120 372 1166 σουσι,
402 1103 498 1156 καὶ
547 1101 788 1172 ἀναϐολὴ
835 1103 1062 1171 οὐδεμία
1106 1107 1422 1177 γενήσεται.
1460 1131 1480 1160 ο
1526 1109 1772 1163 Ἀποσω·

174 1195 398 1248 θέντων
425 1190 522 1248 οὖν
550 1195 661 1248 τῶν
700 1198 1280 1265 γραμματοκομιστῶν
1327 1201 1468 1268 μετά
1508 1202 1608 1270 τῆς
1643 1202 1772 1270 νηὸς

173 1291 241 1340 ἐν
271 1291 342 1359 ’τῇ
376 1288 629 1357 πόλειτῇ
665 1286 754 1358 κη’
780 1287 986 1351 Μαΐου,
1034 1290 1130 1342 καὶ
1181 1293 1209 1343 ὁ
1263 1290 1516 1359 βασιλεὺς
1561 1294 1638 1347 ὢν
1691 1298 1772 1359 εἰς

176 1382 523 1450 χοιράγραν,
552 1381 628 1443 ὡς
655 1381 904 1452 ἐμηνύθη
931 1382 1083 1454 αὒτῷ
1117 1381 1283 1454 216
1303 1384 1386 1437 ὅτι
1411 1387 1554 1450 τινες
1583 1389 1648 1440 ἐκ
1671 1389 1772 1457 τῆς

127 1463 138 1470 ’
191 1472 451 1540 Ἰϐηρίας
499 1471 845 1541 ἐληλύθασιν,
897 1473 1064 1536 ἐάσας
1115 1476 1177 1528 τὸ
1231 1476 1494 1546 συάγρων
1547 1479 1604 1531 ἐν
1659 1481 1772 1542 τοῖς

175 1562 522 1633 ἀνακτόροις
551 1558 683 1633 ἦλθε
717 1563 858 1633 μετά
902 1567 1104 1637 χαρᾶς.
1151 1567 1241 1618 Ἐν
1280 1561 1326 1635 ᾧ
1364 1569 1429 1638 δὴ
1468 1570 1649 1641 καιρῷ
1678 1569 1773 1638 ἐφ-

175 1654 367 1706 θασαν
398 1656 448 1708 οί
479 1659 936 1726 χαρτοκομισταὶ,
969 1661 1036 1728 τῇ
1065 1665 1152 1726 κη’
1179 1659 1274 1712 τοῦ
1303 1662 1506 1726 Μαΐου,
1531 1666 1598 1733 τῇ
1630 1664 1769 1736 αὐτῇ

175 1745 354 1797 νυκτὶ
386 1745 681 1799 ὑπνώττων
717 1747 891 1818 ἐφάνη
946 1766 1036 1818 μοι
1086 1749 1210 1804 κατ’
1253 1750 1385 1820 ϐναρ
1416 1753 1498 1806 δτι
1529 1755 1624 1808 καὶ
1658 1754 1772 1823 ἐγὼ

176 1839 268 1900 εἰς
302 1837 406 1906 τὴν
447 1839 1026 1894 Κωνσταντινούπολιν
1059 1841 1296 1910 ἔφθασα,
1327 1845 1423 1897 καὶ
1457 1847 1775 1916 προσσπεύ-

180 1946 293 1992 σας
337 1929 418 2000 τῷ
466 1930 683 2000 βασιλεῖ
732 1934 1086 2002 ἀσπασθῆναί
1133 1953 1200 2006 με
1236 1938 1362 2001 τοὺς
1394 1939 1565 2002 πόδας
1605 1939 1774 1995 αὑτοῦ

178 2023 293 2075 οὐκ
326 2022 479 2076 εῖασέ
512 2042 606 2092 με,
631 2025 748 2078 ἀλλ’
775 2025 1057 2080 ἐπιλαϐών
1086 2028 1356 2097 ἀνέστησέ
1389 2047 1456 2100 με
1488 2032 1584 2084 καὶ
1609 2048 1775 2084 κατε-

181 2115 388 2186 φίλησι
425 2133 528 2186 μου
574 2117 1062 2188 τοὺςεόφοαλμούς.
1097 2120 1314 2189 Ἔγωγε
1347 2121 1579 2188 ἔξυπνος
1625 2125 1777 2190 γενόο

194 2225 366 2277 μενος
405 2205 560 2264 εἷπον
598 2213 712 2274 τοῖς
747 2213 878 2283 περὶ
932 2213 1034 2282 ἐμὲ
1081 2213 1311 2269 ὑπνοῦσι
1345 2216 1403 2269 τὸ
1437 2217 1644 2287 ὅραμα,
1674 2219 1771 2271 καὶ

179 2301 340 2362 ὅπως
369 2299 476 2369 τῆς.
495 2300 712 2372 ἡμέρας
742 2303 1182 2372 μνημονεύσωσι.
1228 2305 1378 2359 Ἰδὼν
1413 2305 1506 2360 οὖν
1531 2309 1558 2360 ὁ
1582 2308 1775 2362 αὐθέν-

180 2407 286 2459 της
330 2407 435 2458 μου
480 2393 575 2444 καὶ
622 2391 880 2461 βασιλεὺς
913 2393 991 2465 μὴ
1039 2395 1215 2448 ἐλθεῖν
1251 2413 1349 2462 με,
1383 2394 1503 2450 ἀλλ’
1547 2397 1612 2450 ἐκ
1664 2399 1773 2451 τῶν

182 2485 289 2536 σὺν
332 2485 478 2554 ἐμοὶ,
507 2485 604 2537 καὶ
641 2484 740 2556 τὴν
771 2485 1001 2557 πρώτην
1036 2488 1257 2558 γραφὴν
1303 2490 1635 2558 ἀναγνώσας
1673 2507 1774 2544 πε-

188 2574 427 2643 ρίλυπος
456 2576 680 2643 ἐγένετο
708 2578 804 2631 καὶ
828 2579 1120 2650 ἐδυσφόρει
1145 2582 1473 2651 κατηγορῶν
1499 2582 1600 2651 τὴν
1629 2581 1772 2653 ἐμὴν

182 2665 502 2738 βραδύτητα
522 2683 535 2697 ”
565 2668 642 2732 ὡς
669 2669 727 2722 δὲ
756 2668 855 2740 τὴν
901 2671 1100 2740 ἑτέραν
1129 2675 1354 2743 γραφὴν
1389 2674 1484 2726 ἐπὶ
1531 2674 1632 2746 τὴν
1665 2675 1764 2728 αὖα

184 2775 308 2830 ριον
365 2759 604 2829 ἀνέγνω,
659 2761 756 2814 καὶ
805 2761 993 2831 μαθὼν
1029 2764 1251 2834 μέλλειν
1299 2765 1476 2818 ἐλθεῖν
1529 2765 1619 2820 διὰ
1668 2767 1770 2837 τῆς

186 2851 437 2919 γραφῆς,
467 2853 576 2906 ίδοὺ
601 2849 848 2924 ἠρκέσθη
880 2855 973 2907 καὶ
1021 2855 1240 2926 χαρίεις
1274 2860 1602 2929 ἐναπέμεινε
1627 2876 1642 2891 ·
1673 2862 1770 2915 καὶ

186 2943 354 3008 εὐθὺς
405 2946 773 3016 οἰκονομήσας
821 2947 1078 3019 Μανουὴλ
1127 2949 1224 3003 τὸν
1281 2951 1646 3022 Παλαιολόγον
1676 2953 1771 3007 τὸν

185 3036 292 3104 τῆς
349 3037 817 3109 Καντακουζηνῆς
868 3039 969 3110 τῆς
1013 3043 1605 3116 πρωτοστρατορίσσης
1639 3047 1768 3100 άνεο

187 3129 338 3196 ψιδν,
365 3128 752 3196 ἐξαπέστειλεν
776 3130 941 3185 αὐτὸν
967 3133 1103 3204 πρὸς
1140 3135 1235 3188 τόν
1263 3134 1367 3203 τῆς
1414 3134 1648 3206 Σερϐίας
1676 3137 1765 3190 δε-

1877 654 1972 706 καὶ
2000 655 2231 725 ἑτοίμως
2254 652 2402 726 εἶχον
2434 657 2803 727 ἐκπληρῶσαι
2821 658 2917 710 καὶ
2945 656 3007 708 τὸ
3036 656 3220 725 ἔργον.
3254 655 3454 708 ’Δλλον

1877 747 1986 816 γάρ
2016 749 2118 801 οὐκ
2153 748 2395 802 ἐκώλυσε
2427 749 2487 802 τὸ
2534 749 2781 802 τοιοῦτον
2817 747 3158 802 συνοικέσιον
3182 748 3231 800 εἰ
3267 747 3342 817 μὴ
3367 747 3456 799 δτι

1876 837 1910 906 ἡ
1947 837 2234 907 ἀμήρισσα
2271 836 2467 907 ἐδεήθη
2498 836 2596 889 τοῦ
2643 834 2779 890 Θεοῦ
2814 837 3088 905 εὐχομένη
3125 830 3339 897 τάξασα
3373 830 3457 882 ἐτι

1875 927 2080 992 ζῶντος
2115 929 2208 982 τοῦ
2239 929 2432 1000 ἀμηρᾶ
2475 931 2570 982 καὶ
2600 928 2796 998 ἀνδρὸς
2835 927 3028 995 αὐτῆς,
3058 926 3168 978 είό
3201 923 3335 986 Θεὸς
3360 923 3458 991 οῖιρ

1873 1018 1938 1088 δή
1979 1037 2108 1072 ποτε
2131 1021 2322 1091 τρόπῳ
2348 1020 2694 1090 ἐλευθερώσῃ
2731 1018 2903 1089 αὐτὴν
2936 1019 3003 1070 ἐκ
3035 1017 3136 1080 τάς
3169 1015 3281 1066 τῶν
3331 1015 3460 1067 ἀσεά

1875 1109 1987 1163 ϐῶν
2013 1113 2222 1181 χεῖρας,
2251 1110 2428 1182 ἐτέρῳ
2461 1110 2619 1180 ἀνδρὶ
2666 1111 2866 1180 μηκέτι
2900 1109 2959 1162 ἐν
3012 1109 3078 1178 τῇ
3139 1104 3302 1175 217
3341 1102 3456 1174 ζωῇ

1876 1201 2051 1270 αὐτῆς
2075 1201 2426 1272 συζευχθείη,
2449 1202 2588 1254 ἀλλά
2616 1201 2803 1271 μένειν
2830 1199 3001 1267 αὐτὴν
3029 1199 3089 1251 ἐν
3121 1195 3456 1266 σοφρωσύνῃ

1875 1295 2325 1362 παρθενεύουσαν
2373 1297 2472 1349 καὶ
2523 1295 2669 1350 κατά
2721 1294 2788 1347 τὸ
2839 1291 3068 1346 δυνατὸν
3122 1287 3460 1360 θεραπεύειν

1873 1385 1996 1456 Θεῷ
2028 1385 2106 1456 τῷ
2131 1387 2233 1458 τὴν
2267 1387 2585 1458 ἐλευθερίαν
2622 1385 2796 1454 αὐτῆς
2829 1382 3242 1454 χορηγήσαντιο
3274 1379 3344 1432 δι’

1875 1477 2058 1532 αἰτίαν
2089 1478 2148 1531 τὸ
2182 1479 2524 1532 συνοικέσιον
2560 1477 2722 1531 τοῦτο
2754 1476 2853 1530 οὐκ
2883 1475 3127 1543 ἐγένετο.

1943 1570 2034 1639 Τῷ
2065 1570 2162 1624 τοῦ
2213 1569 2378 1625 αὐτοῦ
2414 1571 2568 1634 ἔτους
2614 1568 2917 1639 Αὐγούστῳ
2970 1569 3108 1638 μηνὶ
3143 1564 3302 1634 διέϐη
3347 1562 3460 1619 άπὸ

1873 1662 1972 1730 τῆς
2003 1661 2214 1726 πόλεως
2237 1661 2314 1725 ὡς
2345 1662 2521 1732 φυγὰς
2545 1664 2574 1714 ὁ
2605 1661 2956 1732 πατριάρχης
2985 1660 3094 1730 κῖιρ
3123 1659 3458 1731 Γρηγόριοςι

1874 1755 1970 1806 καὶ
2005 1753 2116 1822 ἐγὼ
2159 1757 2224 1824 τῇ
2280 1754 2341 1808 ιδ’
2376 1754 2472 1807 τοῦ
2523 1753 2904 1824 Σεπτεμϐρίου
2953 1753 3125 1823 μηνὸς
3178 1751 3273 1805 τοῦ
3303 1749 3458 1818 ,ςῇξθ

1875 1844 2030 1906 ἔτους
2078 1846 2160 1908 είς
2217 1845 2799 1899 Κωνσταντινούπολιν
2848 1844 3114 1915 άπέσωσα
3170 1843 3312 1915 μετὰ
3359 1845 3462 1914 τῆς

1878 1937 2008 2007 νηὸς
2039 1936 2136 1990 τοῦ
2177 1935 2347 1990 καλοῦ
2377 1937 2669 1991 Ἀντωνίου
2711 1937 2948 2001 Ῥίτζου,
2977 1914 3071 1989 τοῦ
3106 1938 3205 1989 καὶ
3231 1935 3464 2006 ὕστερον

1881 2025 2338 2097 μαρτυρήσαντος
2383 2025 2529 2097 ὑπὲρ
2586 2026 2688 2096 τῆς
2743 2026 2824 2088 είς
2873 2024 3117 2096 Χριστὸν
3162 2023 3326 2079 αύτοῦ
3374 2023 3475 2078 πί⁶

1881 2135 2077 2180 στεως.

1949 2208 2020 2280 β’.
2051 2208 2297 2274 Τελέσας
2320 2206 2415 2266 οὖν
2447 2210 2559 2280 ἐγὼ
2589 2211 2648 2264 τὸ
2676 2209 3022 2264 συνοικέειον
3049 2211 3106 2264 ἒν
3131 2211 3200 2281 τῇ
3229 2207 3469 2281 ’Ῐδηρεῗν

1877 2301 1965 2354 ἵνα
2001 2302 2147 2374 λάϐῃ
2187 2303 2216 2355 ό
2245 2303 2515 2372 αὐθέντης
2549 2320 2651 2373 μου
2682 2304 2781 2373 τὴν
2825 2303 2922 2356 τοῦ
2951 2303 3133 2356 ἐκεῖσε
3165 2301 3336 2370 ρηγδς
3369 2300 3468 2353 θυ-

1876 2396 2110 2467 γατέρα,
2140 2395 2291 2458 εἰδὼς
2325 2397 2410 2449 ὅτι
2441 2399 2694 2467 κρεῖττον
2737 2392 2808 2468 ἦν
2839 2396 2901 2448 τὸ
2939 2396 2998 2449 ἐν
3036 2398 3102 2464 τῇ
3129 2393 3346 2465 Ἰϐηρίᾳ
3369 2395 3468 2448 τοῦ

1875 2488 1975 2557 τῆς
2030 2485 2473 2556 Τραπεζοῦντος.
2527 2481 2662 2540 Εῐπό
2720 2502 2811 2555 μοι
2841 2485 2952 2555 γάρ
3005 2488 3033 2538 ό
3083 2486 3183 2554 τῆς
3219 2482 3466 2557 Ἰϐηρίας

1877 2556 2282 2649 προειρημένος
2314 2577 2417 2650 ρὴξ
2437 2577 2641 2632 τοιάδεο
2678 2595 2697 2629 t
2736 2577 2850 2630 Οὐκ
2879 2577 2995 2630 ἐστι
3031 2574 3303 2646 συνήθεια
3329 2556 3466 2647 παρ⁹

1873 2672 2008 2742 ἡμῖν
2038 2671 2127 2724 ἵνα
2149 2669 2371 2724 διδῶσιν
2397 2671 2662 2741 χρήματα
2683 2671 2737 2722 ai
2761 2669 3023 2737 γυναῖκες
3048 2669 3163 2730 τοῖς
3195 2667 3460 2737 ἀνδράσιν

1873 2761 1970 2825 οὒς
1999 2763 2260 2833 μέλλουσι
2287 2762 2500 2827 λαϐεῖν,
2530 2761 2646 2814 ἀλλ’
2677 2762 2726 2814 οἱ
2761 2761 2956 2832 ἄνδρες
2988 2762 3110 2823 ταῖς
3145 2760 3456 2828 γυναιξίν.)

1887 2851 2034 2922 Ἐγὼ
2062 2853 2119 2906 δὲ
2147 2853 2471 2922 ἀποκριθεὶς
2490 2853 2660 2907 αίτῶν
2689 2853 2919 2922 ἱλασμὸν
2942 2849 3076 2921 παρ’
3102 2849 3269 2904 αὐτοῦ
3298 2851 3465 2917 λέγω·

1881 2962 1900 2996 ι
1933 2945 2050 2999 Ούκ
2080 2945 2292 3016 ἥκουσα
2316 2947 2538 2998 πώποτε
2569 2944 2828 3016 τοιαύτην
2857 2942 3153 3014 συνήθειαν
3184 2946 3277 2996 καὶ
3301 2942 3468 3013 νόμον

1873 3037 1950 3102 ώς
1981 3039 2012 3108 ή
2045 3037 2297 3108 βασιλεία
2349 3055 2442 3093 σου
2494 3041 2885 3109 προστάττεις.
2925 3054 2945 3090 ι
3002 3036 3063 3091 '0
3115 3036 3173 3091 δὲ
3207 3036 3469 3108 βασιλεὺς

1871 3133 2136 3215 γελάσας,
2179 3133 2321 3203 τάχα
2354 3131 2657 3202 θαυμάζων
2702 3133 2831 3194 τοὺς
2855 3132 3049 3197 λόγους
3105 3147 3230 3200 μου,
3278 3127 3460 3183 εἶπεν·

195 3223 426 3292 σπότην,
466 3223 553 3276 ἵνα
587 3224 862 3296 δοκιμάσῃ
907 3225 1004 3280 καὶ
1040 3227 1129 3301 ίδῃ
1189 3229 1318 3298 περὶ
1362 3227 1422 3282 οὗ
1456 3232 1512 3282 ἐν
1557 3232 1624 3301 τῇ
1660 3233 1769 3303 ἐμῇ
1800 3231 1847 3296 c
1883 3241 1902 3277 t
1937 3225 2050 3278 Οὐκ
2081 3218 2249 3288 οἶδας,
2280 3220 2579 3294 τιμιώτατε
2610 3221 2764 3290 ἄνερ,
2787 3220 2840 3275 τί
2865 3237 3034 3291 φησιν
3063 3221 3094 3274 ό
3118 3221 3296 3292 μέγας
3327 3223 3470 3276 Και-

191 3316 457 3388 ἐπιστολῇ
486 3316 743 3389 γέγραφα
779 3320 1148 3375 συνοικεσίου.
1200 3323 1310 3376 Καὶ
1358 3322 1694 3389 ἀκούσαντες
1720 3327 1770 3378 oi

196 3506 339 3547 uxor
370 3491 495 3558 fuit,
528 3501 582 3548 et
631 3493 701 3550 ab
734 3508 821 3560 eo,
855 3495 1037 3561 aiunt,
1089 3512 1156 3552 ne
1193 3508 1336 3553 tacta
1373 3497 1599 3569 quidem
1635 3509 1717 3555 est
1753 3515 1768 3552 :

197 3599 369 3654 quare
398 3601 497 3641 nec
520 3586 816 3642 liberorum
843 3591 1145 3660 quidquam
1171 3593 1379 3665 genuit.
1410 3594 1488 3647 Ad
1516 3603 1770 3663 quartam

193 3677 304 3743 jam
345 3678 614 3735 rationem
645 3681 794 3750 quod
834 3683 1052 3748 attinet,
1095 3684 1315 3738 etiamsi
1344 3699 1554 3739 annosa
1578 3695 1686 3750 est,
1723 3686 1770 3740 si

197 3772 529 3840 conceperit,
577 3771 673 3828 fiet
724 3775 912 3843 utique
943 3776 1198 3831 voluntas
1245 3774 1358 3841 Dei,
1393 3777 1616 3846 quando
1655 3786 1770 3831 tres

197 3872 322 3916 ante
341 3875 780 3920 commemoratae
797 3867 1038 3922 rationes
1056 3868 1326 3937 majeStati
1345 3881 1450 3925 tute
1467 3870 1774 3926 commoda:

197 3966 375 4009 erunt.
403 3954 662 4012 Parentes
696 3957 820 4028 ejus
855 3964 1036 4015 autem
1069 3961 1308 4016 libenter
1334 3970 1390 4016 et
1423 3961 1619 4031 cupide
1647 3976 1768 4016 eam

196 4047 566 4103 conditionem
615 4051 903 4120 arripient.
941 4051 1025 4106 Tu
1067 4053 1182 4122 jam
1225 4051 1522 4109 confestim
1561 4043 1768 4110 mittito

199 4137 335 4194 mihi
364 4139 575 4194 fidelem
605 4145 919 4212 quempiam
961 4143 1030 4198 de
1066 4145 1400 4213 primoribus
1429 4146 1644 4214 palatii,
1677 4155 1775 4202 aut

201 4235 672 4300 hieromonachis,
722 4247 821 4292 aut
866 4239 1175 4305 monachis,
1209 4255 1407 4310 resque
1444 4242 1560 4298 haec
1589 4243 1773 4298 admi-

201 4325 545 4390 nistrabitur,
577 4342 684 4385 nec
707 4329 816 4384 ulla
851 4344 1009 4384 mora
1038 4333 1162 4386 erit.
1195 4350 1213 4383 ι
1248 4332 1387 4388 Cum
1422 4333 1458 4388 ii
1500 4333 1593 4403 qui
1620 4334 1775 4390 litte-

203 4433 290 4472 ras
315 4419 628 4487 portabant,
655 4421 793 4476 salvi
829 4421 897 4478 ad
933 4423 1124 4479 urbem
1150 4427 1498 4496 appulissent
1517 4429 1608 4484 die
1639 4428 1767 4484 Maii

199 4509 290 4576 28,
335 4510 657 4581 imperator,
693 4515 788 4585 qui
823 4514 963 4570 forte
992 4531 1156 4587 apros
1197 4521 1526 4587 venabatur,
1565 4522 1772 4577 certior

203 4601 402 4669 factus,
429 4605 720 4663 advenisse
746 4609 1013 4680 quosdam
1047 4624 1112 4665 ex
1141 4609 1343 4676 Iberia,
1381 4613 1572 4668 relicta
1614 4630 1778 4669 vena-

206 4697 375 4762 tione,
429 4700 776 4760 latabundus
815 4705 1080 4776 palatium
1128 4708 1304 4777 petiit.
1366 4709 1488 4778 Quo
1537 4720 1786 4780 tempore

207 4789 472 4847 tabellarii
498 4795 859 4861 advenerunt,
895 4798 983 4853 die
1004 4798 1076 4854 28
1105 4799 1256 4862 Maii,
1279 4787 1468 4855 eadem
1497 4809 1661 4856 nocte
1685 4817 1782 4871 per

206 4898 460 4940 somnum
492 4886 644 4943 visus
666 4889 801 4944 mihi
833 4903 1038 4947 sum.et
1063 4891 1179 4962 ipse
1201 4892 1394 4947 adesse
1415 4893 1593 4963 Cpoli,
1623 4908 1782 4948 cum-

203 4994 310 5048 que
363 4978 682 5037 festinarem
718 4986 785 5038 ad
825 4987 1237 5056 imperatorem,
1274 5004 1448 5060 genua
1488 4989 1612 5058 ejus
1666 5005 1786 5044 am-

209 5073 486 5138 plexurus,
527 5075 749 5130 retineri
778 5077 850 5131 ab
877 5093 942 5134 eo
973 5086 1029 5133 et
1071 5080 1352 5135 sublevari
1381 5088 1436 5135 et
1466 5082 1664 5137 osculo
1694 5086 1786 5136 sa-

209 5163 393 5219 lutari.
421 5163 870 5236 Expergefactus,
901 5170 968 5224 iis
995 5172 1088 5240 qui
1120 5171 1268 5226 circa
1297 5187 1386 5226 me
1409 5172 1782 5236 dormiebant,

211 5257 478 5313 somnium
522 5260 762 5326 narravi,
795 5269 960 5328 atque
989 5262 1124 5328 dixi,
1156 5275 1214 5318 ut
1238 5264 1345 5318 diei
1381 5263 1786 5318 meminissent.

214 5350 510 5415 Imperator
542 5361 751 5417 autem,
805 5352 1063 5408 dominus
1105 5370 1286 5420 meus,
1325 5355 1416 5408 ubi
1457 5367 1565 5408 non
1605 5353 1784 5423 ipsum

214 5457 316 5508 me,
349 5443 442 5497 sed
478 5459 510 5498 c
541 5444 837 5500 comitibus
873 5445 1111 5515 aliquem
1141 5447 1336 5500 adesse
1365 5447 1784 5514 animadvertit,

212 5543 266 5587 et
312 5536 553 5604 priorem
587 5538 721 5607 legit
753 5539 1065 5613 epistolam,
1102 5546 1334 5593 moestus
1374 5535 1575 5600 factus.
1603 5538 1788 5608 segni-

217 5629 342 5682 tiam
372 5644 549 5685 meam
580 5646 724 5702 azgre
753 5633 880 5702 tqlit
915 5633 1333 5702 accusavitquc.
1369 5630 1471 5686 Ubi
1501 5639 1684 5686 autem
1712 5631 1790 5686 al-

218 5726 388 5772 teram
421 5718 510 5774 die
537 5722 789 5790 sequenti
832 5723 961 5792 legit
991 5737 1188 5792 meque
1216 5731 1509 5778 venturum
1540 5737 1662 5778 esse
1701 5722 1789 5776 di-

219 5809 369 5876 dicit,
387 5812 666 5881 acquievit
687 5821 741 5868 et
765 5813 968 5868 laetitia:
989 5829 1051 5870 se
1073 5815 1244 5879 dedit,
1272 5816 1570 5885 statimque
1601 5829 1783 5868 rerum

221 5905 414 5961 notitia
441 5905 767 5962 instructum
805 5905 1110 5964 Manuelem
1147 5907 1533 5979 Palaeolngum,
1585 5905 1788 5961 Canta-

1877 3317 2102 3387 σάριος;
2136 3317 2424 3385 Διαφόρων
2456 3315 2628 3370 ἐθνῶν
2662 3315 2867 3390 τρόπον
2911 3331 2973 3368 τε
3023 3317 3120 3371 καὶ
3149 3316 3318 3386 νόμον
3342 3315 3469 3386 ἐξη-

1874 3517 2098 3557 σιηεηω
2123 3498 2616 3572 ρτοιοειτοιοτίεεω
2639 3496 3063 3562 consobrinum,
3089 3495 3158 3551 ad
3178 3495 3467 3568 despotam

1875 3594 2080 3650 Servize
2113 3594 2408 3662 ablegavit,
2446 3601 2508 3646 ut
2552 3591 2598 3646 is
2630 3589 2700 3645 de
2730 3589 3007 3661 conjugio,
3037 3589 3107 3643 de
3151 3602 3264 3658 quo
3293 3589 3474 3658 scrip-

1875 3684 2406 3756 seram,iuquireret
2441 3697 2507 3738 ac
2533 3682 2770 3737 videret.
2802 3679 3065 3736 Parentes
3095 3679 3221 3748 ejus
3239 3680 3472 3734 libenter

1875 3788 1930 3834 et
1947 3777 2144 3847 cupide
2185 3776 2552 3832 conditionem
2586 3780 2948 3843 acceperunt,
2979 3779 3036 3825 et
3059 3771 3127 3824 ad
3155 3785 3270 3825 rem
3303 3771 3471 3840 perfi-

1874 3869 2124 3925 ciendam
2157 3867 2332 3938 parati
2356 3875 2532 3921 erant.
2556 3863 2718 3920 Nulla
2749 3863 2896 3920 enim
2925 3862 3032 3918 alia
3069 3876 3157 3916 res
3198 3861 3252 3916 id
3273 3860 3472 3930 conju-

1876 3961 2023 4032 gium
2048 3961 2394 4026 impediebat,
2417 3959 2524 4016 nisi
2550 3958 2696 4029 quod
2725 3957 3010 4019 amerissa,
3037 3956 3160 4010 vivo
3183 3955 3469 4010 etiamtum

1875 4067 2060 4108 amera
2115 4052 2370 4122 conjuge,
2414 4050 2482 4106 ad
2513 4049 2688 4104 Deum
2737 4058 2954 4118 precata
3002 4047 3386 4110 constituerat,
3427 4044 3474 4099 si

1877 4144 2022 4200 Deus
2040 4159 2150 4215 quo
2181 4145 2395 4200 tandem
2420 4157 2639 4213 cunque
2662 4141 2822 4198 modo
2853 4141 3139 4196 liberasset
3160 4152 3220 4194 se
3238 4156 3268 4194 e
3300 4138 3475 4192 mani-

1876 4239 1978 4294 bus
2009 4238 2321 4308 impiorum,
2353 4236 2448 4292 alii
2481 4234 2690 4292 nemini
2723 4249 2817 4306 per
2841 4243 3017 4290 totam
3047 4233 3212 4288 vitam
3238 4231 3469 4297 nubere,

1875 4329 1969 4384 sed
2006 4329 2060 4384 in
2088 4327 2338 4384 castitate
2375 4327 2647 4398 virginali,
2679 4331 2824 4398 quod
2852 4333 3086 4381 restaret
3109 4325 3255 4389 vitae,
3298 4334 3474 4380 trans-

1877 4421 2025 4491 igere
2073 4431 2128 4476 et
2159 4436 2258 4492 pro
2287 4419 2494 4476 viribus
2523 4419 2656 4487 Deo,
2706 4418 2988 4475 liberatori
3027 4432 3149 4483 suo,
3189 4418 3422 4473 servire.

1959 4514 2218 4584 Ejusdem
2269 4513 2399 4569 anni
2427 4527 2620 4570 mense
2639 4513 2895 4584 Augusto
2928 4526 2996 4568 ex
3029 4511 3166 4567 urbe
3199 4509 3475 4582 profugus

1891 4607 2025 4662 abiit
2047 4607 2347 4678 Gregorius
2376 4607 2714 4677 patriarcha,
2753 4615 2921 4678 atque
2950 4621 3054 4677 ego
3094 4607 3183 4660 die
3215 4606 3284 4660 Η
3315 4621 3474 4659 men-

1892 4700 1971 4754 sis
2020 4700 2363 4770 Septembris
2423 4700 2554 4754 anni
2585 4699 2729 4756 6960
2765 4699 2979 4768 Cpolim
3025 4697 3230 4754 reverti
3257 4698 3314 4751 in
3348 4697 3474 4751 navi

1890 4792 1997 4847 viri
2037 4793 2230 4862 optimi
2293 4793 2520 4847 Antonii
2583 4790 2770 4858 Ritxi,
2821 4789 3070 4862 ejusdem
3126 4791 3221 4858 qui
3283 4800 3473 4859 postea

1892 4893 2115 4955 propter
2149 4884 2308 4939 fidem
2337 4884 2548 4940 Christi
2579 4884 2904 4953 martyrium
2940 4880 3186 4951 pertulit.

1963 4977 2021 5032 2.
2047 4976 2272 5033 Confeci
2303 4977 2470 5048 igitur
2485 4975 2802 5046 conjugium
2831 4971 3100 5036 inlberia,
3124 4980 3185 5026 ut
3211 4970 3473 5028 dominus

1894 5086 2052 5127 meus
2113 5072 2261 5126 illius
2287 5072 2433 5142 regis
2495 5069 2664 5123 filiam
2709 5067 2960 5122 duceret.
2994 5062 3266 5120 Noveram
3297 5063 3469 5128 enim,

1893 5165 2234 5220 connubium
2267 5165 2534 5220 lbericum
2569 5172 2831 5234 praestare
2875 5161 3270 5233 Trapezuntio.
3299 5159 3471 5216 Nam-

1893 5271 2002 5326 que
2029 5257 2102 5310 ita
2143 5255 2277 5308 mihi
2313 5255 2528 5308 dixerat
2567 5253 2852 5308 Iberorum
2882 5265 2976 5307 rex
3007 5267 3023 5305 :
3065 5249 3265 5306 «Nobis
3296 5250 3470 5304 moris

1893 5363 2003 5402 non
2040 5356 2146 5412 est,
2177 5356 2239 5401 ut
2291 5347 2472 5401 dotem
2505 5348 2638 5400 dent
2668 5343 2884 5400 femina:
2918 5343 3074 5406 viris,
3120 5343 3323 5412 quibus
3369 5357 3472 5397 uu-

1892 5449 2071 5510 ptura:
2095 5449 2246 5500 sunt.
2267 5438 2362 5494 sed
2382 5437 2482 5492 viri
2503 5436 2778 5492 feminis.)
2804 5435 2916 5504 Ego
2939 5433 3200 5505 praefatus
3229 5431 3468 5498 veniam,

1894 5547 2174 5602 nunquam
2203 5547 2289 5586 me
2318 5531 2387 5586 de
2413 5530 2519 5586 isto
2564 5543 2716 5584 more
2747 5527 2999 5599 autlege,
3047 5527 3267 5596 qualem
3306 5526 3475 5596 maje-

1896 5633 2014 5678 stas
2047 5623 2221 5692 ipsius
2247 5623 2478 5686 diceret,
2503 5622 2730 5677 audisse
2760 5621 3038 5692 respondi.
3061 5619 3201 5675 Tum
3230 5634 3323 5674 rex
3346 5619 3477 5673 sub-

1895 5717 2081 5772 ridens
2102 5725 2158 5772 et
2180 5716 2340 5786 quasi
2369 5717 2579 5770 mirans
2601 5715 2767 5770 verba
2801 5730 2921 5770 mea
2946 5733 2960 5771 :
2994 5713 3242 5776 cScisne,
3275 5712 3474 5780 inquit,

1898 5811 1983 5865 vir
2028 5809 2494 5876 houoratissime,
2530 5808 2666 5879 quid
2702 5823 2933 5878 magnus
2972 5807 3118 5862 dicat
3154 5804 3428 5858 Cmsarius
3452 5803 3478 5855 7

1897 5902 2248 5958 Diversarum
2268 5900 2509 5973 gentium
2533 5915 2716 5956 mores
2735 5908 2789 5956 ct
2805 5899 3059 5956 instituta
3077 5897 3361 5967 explicans
3418 5910 3475 5966 in
