3976 6568
302 439 416 508 8ἳὸ

1346 446 1783 510 CHRONICO'N
1820 443 2183 509 MAJUS.—
2215 449 2355 513 LIB.
2397 451 2517 516 IIl.

3433 451 3536 515 826

303 557 402 612 καὶ
431 558 690 629 πράττειν
713 558 1005 628 ἀναγκαῖα,
1053 560 1295 625 δουλείας
1345 580 1406 615 τε
1439 566 1534 617 καὶ⁵
1584 562 1864 623 ὑποθέσεις
1893 562 1940 618 Δ
1968 562 2236 630 πέμπτον.
2265 567 2375 619 Καὶ
2392 562 2511 618 εἶπέ
2550 581 2642 635 μοι
2667 564 2796 634 περὶ
2835 564 3026 618 τούτου
3060 563 3224 617 πάλιν
3246 578 3262 596 ο
3325 583 3344 616 ε
3390 563 3537 616 Ἀλλ’

306 651 406 720 τῆς
431 649 724 725 βασιλείας.
765 671 785 706 ε
820 654 980 723 225
1016 655 1123 707 Καὶ
1147 655 1316 717 οὕτως
1351 655 1594 724 ἐμηνύθη
1645 658 1670 708 6
1701 656 1876 723 μέγας

307 742 433 805 δοὺξ
455 742 541 795 διά
559 742 653 795 τοῦ
677 743 811 810 ἐμοῦ
837 745 932 796 καὶ⁵
971 744 1136 798 αὑτοῦ
1170 745 1475 809 συντέκνου,
1521 745 1615 798 τοῦ
1664 747 1874 814 ίερομο-

309 835 475 903 νάχου
499 835 592 887 καὶ
616 834 984 903 πνευματικοῦ
1017 836 1218 904 πατρὸς
1247 837 1524 904 Νεοφύτου
1557 836 1652 889 τοῦ
1707 839 1765 889 ὲν
1804 838 1874 906 τῇ

310 926 407 978 τοῦ
438 926 802 996 Χαρσιανίτου
833 929 988 997 μονῇ.
1011 928 1119 980 Καὶ
1151 928 1388 992 ἀκούσας
1414 931 1441 981 6
1467 929 1716 998 Νοταρᾶς
1750 932 1879 1000 περὶ

259 1019 278 1031 “
311 1015 468 1069 τοῦδε
483 1015 576 1068 τοῦ
595 1016 848 1083 όφφικίου
873 1015 1110 1084 ἔστερξε,
1126 1016 1262 1086 πλὴν
1283 1017 1587 1087 ἐκουσίωςῆ
1608 1019 1878 1083 ἀκουσίως

313 1105 415 1157 οὐκ
446 1099 564 1156 οῖδα
583 1115 597 1130 ⁸
623 1103 716 1155 καὶ
741 1102 939 1171 μᾶλλον
958 1103 1228 1156 ἐδείκνυεν
1255 1106 1336 1158 ὅτι
1363 1105 1456 1157 καὶ
1475 1106 1602 1175 πρὶν
1626 1105 1659 1175 ἢ
1682 1107 1776 1158 τοῦ
1803 1107 1882 1157 εἰ-

316 1199 441 1249 πεῖν
468 1197 615 1266 αὐτῷ
647 1196 773 1265 περὶ
793 1195 979 1248 τούτου
1013 1198 1284 1263 ἐλογίζετο
1316 1197 1720 1267 ποιῆσαι,ὅπως
1733 1198 1828 1251 καὶ
1852 1200 1881 1250 6

318 1288 575 1357 βασιλεὺς
601 1290 1010 1361 ἀντιχαρίσηται
1063 1292 1175 1351 τοῖς
1223 1289 1358 1351 υἱοῖς
1381 1287 1544 1341 αὐτοῦ
1568 1288 1734 1357 ἄλλην
1761 1288 1884 1342 τινὰ

318 1381 506 1449 τιμήν.
529 1380 714 1432 Ταῦτα
730 1380 822 1433 οὖν
851 1382 1023 1451 πέρας
1043 1381 1142 1433 οὐκ
1174 1379 1363 1434 ἔλαϐον
1402 1379 1491 1433 διὰ
1539 1379 1640 1447 τὴν
1673 1379 1883 1448 ταχέως

322 1470 650 1524 ἐπελθοῦσαν
693 1472 776 1534 είς
807 1474 952 1542 ἡμᾶς
1013 1474 1198 1540 κοινὴν
1230 1471 1534 1540 συμφοράν.
1570 1470 1677 1523 Καὶ
1723 1470 1884 1524 πάλιν

323 1560 447 1616 εἶπέ
476 1581 564 1633 μοι
588 1565 616 1615 6
639 1563 890 1634 βασιλεὺς
919 1566 1000 1619 ὅτι
1026 1565 1215 1635 ἤθελεν
1246 1563 1600 1634 εὐεργετῆσαι
1654 1579 1743 1634 μοι
1791 1562 1888 1617 καὶ

322 1654 422 1722 τὴν
470 1654 726 1724 τοιαύτην
757 1655 936 1725 χάριν,
972 1656 1060 1708 ῖνα
1113 1655 1342 1724 συζεύεῃ
1373 1655 1452 1717 είς
1503 1657 1735 1722 γυναῖκα
1783 1653 1884 1724 τὴν

324 1745 466 1811 ἐμὴν
492 1744 764 1814 θυγατέρα
789 1744 866 1813 τῷ
904 1743 1168 1814 νεανίσκῳ
1198 1744 1392 1814 ὶκείνῳ
1411 1743 1661 1812 Νικολάῳ
1681 1741 1758 1813 τῷ
1779 1743 1891 1796 Με-

1977 653 2211 721 ύποψίαν
2243 653 2353 723 ἔχω
2383 655 2465 708 ὃτι
2501 655 2594 708 ἐὰν
2630 655 2818 724 ἔτερόν
2869 671 2991 708 τινα
3040 653 3214 724 πάρεξ
3260 652 3356 706 σοῦ
3410 653 3542 704 ἀπο-

1977 747 2190 812 στείλω,
2217 748 2276 799 ού
2310 747 2538 816 φυλάξει
2575 765 2666 817 μοι
2698 749 2798 819 τὴν
2835 747 3147 817 τρέπουσαν
3173 743 3384 797 εὖνοιαν
3443 744 3540 797 καὶ

1979 836 2178 902 πίστιν,
2217 839 2293 908 μή
2335 855 2447 900 πως
2484 841 2838 910 ἀπατήσωσιν
2861 837 3020 892 αὑτὸν
3052 839 3099 890 oi
3133 835 3388 888 δεσπόται
3449 833 3544 886 καὶ

1978 928 2194 997 ἀδελφοί
2219 945 2346 998 μου,
2366 929 2722 999 ὑποσχόμενοι
2745 929 2918 999 τούτῳ
2944 929 3033 982 διά
3071 927 3245 996 τούτῳ
3297 926 3385 979 διά
3409 942 3544 994 χρυ-

1983 1019 2270 1072 σοσούλλου
2323 1021 2446 1074 τινὰ
2479 1021 2759 1090 κώμην-ἢ
2823 1019 3008 1090 χώραν
3073 1017 3222 1087 αύτῷ
3284 1017 3380 1071 καὶ
3433 1019 3547 1077 τοῖς

1983 1111 2347 1182 κληρονόμοις
2411 1113 2577 1166 αὐτοῦ
2638 1113 2782 1166 κατὰ
2843 1111 3117 1181 διαδοχὴν,
3162 1109 3256 1164 καὶ
3303 1108 3549 1168 πεισθεὶς

1983 1205 2366 1277 ἀποδοκιμάσῃ
2393 1206 2461 1259 τὰ
2509 1206 2748 1275 τέτταρα
2781 1205 3046 1274 εἰρημένα
3105 1201 3398 1270 κεφάλαια,
3453 1202 3549 1252 καὶ

1988 1297 2170 1371 πράξῃ
2201 1299 2343 1350 κατὰ
2369 1299 2431 1350 16
2473 1298 2750 1367 πέμπτον,
2777 1296 2917 1365 ὅπερ
2955 1293 3261 1365 βαρύτατόν
3300 1309 3390 1361 μοι
3433 1291 3544 1344 ἔσε⁵

1987 1408 2100 1444 ται.
2135 1390 2308 1454 Αὐτὸς
2342 1387 2488 1454 οἶδας
2513 1391 2610 1444 καὶ
2633 1390 2726 1444 τὸν
2748 1389 2860 1444 ἀπὸ
2885 1389 2984 1458 τῆς
3017 1387 3248 1454 Κύπρου
3281 1384 3553 1455 ῥηγίσσας

1988 1481 2086 1551 τῆς
2131 1482 2272 1550 ὲμῆς
2316 1481 2546 1550 ἀνεψιᾶς
2583 1481 2964 1536 ἀποσταλέντα
3019 1477 3272 1549 μοναχὸν,
3324 1475 3554 1542 λέγοντά

1994 1591 2086 1644 μοι
2125 1574 2207 1626 ὅτι
2239 1575 2364 1628 ἐπεὶ
2387 1578 2421 1644 ἡ
2461 1575 2704 1644 ρήγισσα
2733 1574 2836 1627 οὐκ
2869 1568 3017 1642 εἶχεν
3049 1570 3338 1640 ἄνθρωπον
3364 1568 3556 1622 πιστὸν

1992 1666 2088 1719 καὶ
2110 1666 2414 1734 ἐπιτήδειον
2458 1665 2699 1736 μηνῦσαί
2732 1683 2824 1734 μοι
2887 1663 2958 1717 δι’
3009 1661 3176 1718 αὑτοῦ
3231 1663 3300 1714 τὰ
3331 1661 3435 1715 ὅσα
3485 1654 3553 1730 ἦν

1993 1758 2296 1823 ἀναγκαῖα,
2319 1753 2443 1809 οὔτε
2467 1755 2691 1809 δυνατὸν
2712 1751 2783 1826 ἦν
2808 1754 2884 1818 ὡς
2913 1755 3098 1822 ἐκείνη
3129 1753 3398 1822 ἐπεθύμει
3426 1751 3556 1803 συλ-

323 1836 582 1905 λισσηνῷ.
608 1836 686 1905 τῷ
714 1837 816 1904 υἱῷ
847 1853 977 1890 ποτε
1002 1837 1316 1906 Νικηφόρου
1347 1835 1440 1890 τοῦ
1458 1835 1890 1906 Μελισσηνοῦιὸν
1995 1847 2224 1918 λαλῆσαί
2266 1863 2356 1917 μοι
2392 1847 2479 1901 διά
2533 1847 2824 1916 στόματος,
2865 1842 3236 1908 ὲξαποστείλω
3278 1840 3388 1910 ἐγὼ
3419 1839 3556 1910 πρὸς

327 1929 421 1981 καὶ
474 1930 879 2000 Μελισσουργὸν
928 1929 1294 1998 έπωνόμαζον,
1359 1929 1452 1981 τοῦ
1507 1929 1603 1982 καὶ
1648 1929 1886 1998 μεγάλου

327 2023 832 2092 πρωτοστράτορος,
855 2021 1152 2092 ὕστερονδὲ
1187 2023 1282 2076 καὶ
1317 2019 1708 2090 μητροπολίτω
1737 2035 1894 2086 γεγο-

326 2116 502 2178 νότος,
547 2112 622 2176 ὼς
648 2113 707 2166 ὲν
736 2113 813 2180 τῷ
837 2110 1288 2182 δευτέρῳ.βι6λίῳ
1316 2113 1415 2178 τῆς
1461 2110 1620 2180 ἡμῶν
1653 2108 1893 2179 ἱστορίας

327 2204 682 2273 ἐμνήσθημεν
702 2207 816 2259 ’καὶ
843 2206 940 2272 τὴν
965 2204 1320 2272 ὲπιτροπικὴν
1346 2202 1629 2271 διοίκησιν,
1645 2203 1712 2272 ἢν
1757 2216 1895 2269 προ-

329 2291 660 2360 ειρήκαμεν,
694 2291 802 2344 τῶν
829 2294 1019 2345 τούτου
1048 2291 1226 2344 τόπων
1259 2291 1352 2343 καὶ
1377 2290 1570 2361 χώρων
1597 2288 1770 2360 δώσῃ⁹
1803 2305 1894 2358 μοι

329 2381 427 2435 τοῦ
461 2381 658 2436 ἰθύνειν
679 2383 774 2438 καὶ
793 2383 1083 2454 κυδερνᾷν,
1121 2381 1226 2445 ἕως
1257 2383 1318 2434 οὖ
1349 2383 1382 2452 ἠ
1415 2382 1521 2452 ὲμὴ
1557 2380 1804 2450 θυγάτηρ
1836 2380 1897 2432 16

330 2474 558 2528 δέκατον
577 2475 835 2546 τέταρτον
863 2475 982 2539 ἔτος
1025 2475 1208 2547 φθάσῃ
1245 2475 1341 2528 καὶ
1370 2475 1398 2526 6
1448 2474 1629 2542 γάμος
1693 2472 1897 2536 τέλειος

333 2566 582 2632 γένηται.
616 2562 726 2620 Καὶ
754 2563 892 2635 αὕτη
925 2566 1026 2635 μὲν
1051 2561 1117 2636 ἦν
1157 2567 1189 2634 ἡ
1218 2565 1496 2628 ὑπόθεσις,
1530 2565 1658 2633 περὶ
1685 2556 1753 2634 ἦς
1783 2561 1899 2614 ἐλε-

333 2656 484 2722 γενό
506 2653 760 2724 βασιλεὺς
789 2654 872 2708 ὅτι
901 2656 958 2708 αί
983 2655 1050 2708 δι’
1083 2655 1220 2724 ιμοῦ
1249 2655 1537 2725 πρεσϐεῖαι
1573 2655 1666 2708 καὶ
1691 2653 1900 2706 ὁδοιπο-

338 2744 455 2812 ρίαι
477 2746 776 2801 παύσωσιν.
808 2745 1016 2817 Εἴρηκὲ
1048 2764 1138 2816 μοι
1168 2747 1262 2800 καὶ
1287 2746 1464 2810 τοῦτο,
1489 2748 1572 2800 ὅτι
1613 2747 1670 2799 ὲν
1695 2748 1762 2815 τῇ
1792 2746 1900 2797 Πε-

336 2832 656 2905 λοποννήσῳ
684 2834 874 2903 ἧθελεν
906 2837 1221 2890 ἀποστεῖλαι
1248 2836 1438 2907 ἕτερόν
1469 2853 1589 2888 τινα
1638 2835 1746 2888 τῶν
1799 2851 1901 2905 γη-
1941 2885 1946 2888 .

342 2923 513 2993 ραιῶν
536 2925 830 2994 ἀρχόντων,
859 2927 944 2980 ἵνα
959 2928 1026 2982 τά
1043 2929 1242 2993 ἐκεῖσε,
1270 2928 1344 2990 ὡς
1377 2927 1607 2997 ἔφημεν,
1633 2926 1900 2997 διορθώσῃ

342 3017 486 3085 μετά
517 3019 626 3070 τῶν
655 3019 902 3089 ἀδελφῶν
935 3020 1126 3083 αὑτοῦ,
1157 3022 1250 3073 καὶ
1277 3019 1531 3073 ἀνάθεσιν
1550 3019 1696 3088 δώσῃ
1737 3019 1904 3088 226

338 3105 490 3174 αὐτῷ
520 3106 635 3170 πῶς
666 3108 766 3178 ἔχῃ
798 3108 997 3178 πρᾶξαι
1033 3123 1047 3136 ·
1086 3109 1134 3160 εί
1184 3107 1242 3160 ἓν
1275 3105 1582 3176 κεφαλαίων
1610 3107 1672 3156 ού
1699 3105 1900 3172 δυνηθῇ

1993 1939 2162 2009 αὐτὴν
2185 1939 2475 2011 ἀνθρωπον
2510 1941 2575 1992 ἑκ
2623 1941 2723 2008 τῆς
2774 1937 3058 2008 ἡμετέρας
3107 1935 3277 2001 αὐλῆς
3333 1934 3556 2000 δόκιμον

1993 2033 2088 2083 καὶ
2138 2031 2354 2084 πιστόν.
2385 2030 2484 2085 Διὰ
2512 2028 2672 2084 τοῦτο
2701 2029 2895 2099 ἕτερόν
2919 2044 3041 2080 τινα
3077 2026 3176 2096 οὐχ
3205 2023 3439 2096 ἁρμόζει
3455 2023 3560 2077 πά-

1996 2119 2091 2192 ρεξ
2124 2122 2220 2175 eoi
2257 2123 2460 2176 εἰδέναι
2487 2121 2556 2174 τὰ
2609 2121 2889 2191 μυστήρια
2924 2118 3109 2190 ἡμῶν,
3161 2117 3254 2171 καὶ
3289 2115 3465 2177 οὐδεὶς
3499 2113 3560 2178 ις

1995 2213 2402 2285 ἁρμοδιώτερός
2459 2229 2580 2280 σου,
2639 2212 2690 2265 εί
2739 2211 2815 2282 μὴ
2893 2211 3056 2280 μόνον
3137 2207 3204 2262 σὺ
3263 2209 3292 2261 6
3343 2205 3561 2274 πράξας

1997 2307 2095 2361 καὶ
2139 2307 2347 2374 στήσας
2397 2306 2492 2358 καὶ
2523 2300 2798 2374 ὁμιλήσας
2857 2303 2952 2356 καὶ
2997 2301 3434 2372 πληροφορήσας
3491 2299 3564 2351 τὰ

1998 2399 2178 2452 πάντα
2242 2397 2363 2469 μετ’
2407 2397 2582 2467 αὐτῆς
2632 2399 2728 2450 καὶ
2777 2398 2835 2450 ὲν
2879 2396 3051 2464 ἑτέρῳ
3108 2392 3326 2464 καιρῷ·
3383 2392 3464 2445 διὸ
3499 2392 3561 2444 ού

1996 2490 2221 2544 δύναται
2274 2489 2342 2542 δι’
2397 2487 2563 2544 ἄλλου
2611 2487 2759 2552 τινδς
2823 2488 2854 2559 ἡ
2925 2487 3188 2548 ὑπόθεσις
3244 2485 3421 2554 πέρας
3466 2483 3564 2538 λαο

2000 2582 2136 2633 δεῖν.
2179 2599 2199 2633 ι
2267 2579 2410 2648 Ἐγὼ
2457 2580 2514 2634 δὲ
2550 2580 2718 2635 πάλιν
2767 2579 3096 2649 ἀποκριθεὶς
3156 2573 3289 2631 εἶπα
3334 2575 3413 2644 τῷ
3472 2575 3568 2646 βα-

2000 2672 2174 2726 σιλεῖ’
2229 2691 2248 2725 ι
2306 2671 2398 2734 Ὠς
2452 2670 2668 2724 κελεύει
2707 2671 2741 2740 ἡ
2779 2669 3027 2740 βασιλεία
3076 2685 3194 2732 σου,
3225 2665 3565 2736 οὕτωςέχει.

2001 2760 2230 2816 Ἕνεκεν
2246 2759 2455 2815 τούτων
2475 2761 2586 2814 τῶν
2607 2761 2850 2829 εὐλόγων
2867 2759 3061 2815 αίτιῶν
3081 2761 3115 2830 ἡ
3129 2757 3516 2831 ὲμὴισύνευνος
3529 2757 3564 2824 ἡ

1998 2852 2160 2922 227
2189 2850 2348 2920 δούλη
2399 2868 2494 2905 σου
2523 2851 2640 2921 ἅμα
2669 2854 2783 2916 τοῖς
2821 2853 2976 2922 ἐμοῖς
3007 2850 3326 2921 συγγενέσιν
3365 2848 3427 2901 ού
3451 2865 3566 2901 κω-

1999 2941 2222 2994 λύσουσι
2282 2957 2371 3010 με,
2428 2941 2479 2993 εί
2517 2942 2676 3013 τύχῃ,
2719 2941 2817 2994 καὶ
2869 2941 3082 3010 ποιήσω
3129 2938 3192 2992 16
3226 2936 3569 3010 προσταχθέν

2003 3048 2116 3102 μοι.
2151 3031 2256 3084 Ἦν
2287 3026 2348 3084 εὖ
2393 3032 2705 3102 μακαρίσω,
2731 3030 3022 3101 ἀναφέρων
3050 3031 3185 3100 αὐτῇ
3220 3028 3303 3082 ἔτι
3333 3027 3463 3098 περὶ
3495 3020 3571 3081 ὧν

1999 3122 2088 3175 διὰ
2110 3123 2208 3190 τῆς
2242 3121 2658 3190 καλοκαγαθίας
2684 3124 2784 3191 τῆς
2823 3120 3106 3190 βασιλείας
3133 3137 3228 3172 σου
3253 3117 3452 3184 ἐταξάς
3481 3134 3575 3188 μοι

338 3201 585 3292 fuam?“
613 3199 794 3292 πράξῃ
826 3201 968 3254 κατά
988 3200 1081 3292 ,τὸν
1109 3199 1383 3292 δεβτερονο
1423 3199 1537 3292 ξίαέῖχ
1564 3196 1709 3292 ελῦτξυ
1762 3195 1902 3292 κατᾲ
1927 3229 1972 3292 c
2007 3216 2138 3284 περὶ
2179 3215 2280 3282 τῆς
2311 3213 2454 3282 ἐμῆς
2484 3211 2756 3283 θυγατρὸς
2794 3211 3100 3280 ύπανδρίας
3147 3209 3240 3262 καὶ
3269 3210 3450 3263 τόπων
3478 3208 3574 3261 καὶ

337 3290 594 3360 διαδοχὴν
615 3291 647 3360 ἢ
669 3292 729 3344 16
763 3292 946 3360 τρίτον
979 3290 1014 3361 ἢ
1040 3291 1102 3343 16
1130 3290 1386 3360 τέταρτον
1418 3288 1452 3358 ἢ
1483 3288 1542 3355 ἐξ
1576 3288 1819 3358 ἀνάγκης
1841 3286 1902 3340 τὸ

341 3419 530 3459 creare
550 3419 775 3462 necesse
805 3412 908 3470 est,
937 3403 1030 3474 qui
1055 3420 1151 3474 per
1181 3411 1352 3459 latum
1385 3402 1528 3456 diem
1556 3416 1768 3455 mecum
1795 3400 1906 3455 sint

341 3498 400 3552 in
433 3498 632 3567 palatio
681 3500 747 3552 ad
780 3498 1133 3568 providenda,
1187 3495 1516 3561 ordinanda,
1572 3504 1630 3550 et
1657 3493 1905 3548 facienda

342 3592 652 3646 necessaria
705 3600 818 3645 tum
883 3591 1109 3646 servitia
1175 3598 1288 3644 tum
1348 3588 1573 3644 consilia
1631 3587 1900 3656 imperii.»

341 3687 525 3754 Atque
560 3684 634 3738 ita
684 3684 1048 3753 significatum
1101 3689 1186 3737 est
1208 3695 1404 3750 magno
1437 3679 1568 3734 duci
1600 3695 1695 3748 per
1726 3693 1906 3732 meum

342 3789 401 3835 et
455 3780 627 3848 ipsius
655 3787 1014 3847 compatrem,
1048 3762 1534 3830 hieromonacbum
1570 3781 1624 3827 et
1649 3771 1908 3840 spiritua-

347 3873 454 3924 lem
513 3881 719 3940 patrem
749 3869 1114 3940 Neophytum,
1151 3867 1243 3937 qui
1307 3867 1360 3921 in
1394 3865 1757 3920 Charsianitat
1786 3878 1908 3919 mo-

349 3963 593 4017 nasterio
621 3974 758 4017 erat.
795 3963 1033 4017 Edoctus
1068 3959 1137 4014 de
1163 3964 1264 4014 hoc
1295 3958 1473 4018 oﬂlcio
1506 3957 1763 4022 Notaras,
1797 3972 1907 4010 non

348 4054 712 4125 repugnabat,
768 4063 952 4108 utrum
1006 4051 1242 4106 libenter
1290 4059 1498 4112 tamen,
1556 4063 1623 4102 an
1675 4047 1905 4112 invitus,

350 4148 570 4202 nescio:
599 4161 906 4217 quanquam
943 4160 1051 4215 pra'
1073 4159 1133 4199 se
1151 4143 1378 4207 ferebat,
1405 4143 1567 4197 etiam
1617 4149 1909 4210 antequam

351 4239 591 4293 monitus
619 4249 784 4302 esset,
827 4238 1096 4305 c0gitasse
1133 4251 1195 4291 se
1247 4235 1394 4291 istud
1421 4235 1622 4299 facere,
1658 4233 1910 4302 utimpe-

351 4338 501 4384 rator
553 4329 724 4398 ipsius
757 4329 881 4383 filiis
911 4328 1072 4381 aliam
1119 4328 1425 4397 impertiret
1470 4326 1813 4396 dignitatem.
1840 4327 1912 4379 At

349 4420 494 4476 enim
528 4423 644 4477 haec
672 4435 777 4476 non
830 4421 1135 4476 habuerunt
1166 4420 1370 4475 exitum
1427 4428 1646 4488 prOpter
1665 4433 1913 4474 commu-

351 4529 475 4567 nem
515 4513 677 4568 citius
705 4513 760 4565 in
792 4526 893 4567 nos
936 4512 1277 4580 ingruentem
1333 4512 1726 4564 calamitatem.
1763 4509 1908 4561 Rur-

350 4620 448 4660 sus
474 4605 605 4658 mihi
640 4602 928 4658 afﬁrmavit
960 4603 1277 4672 imperator,
1314 4602 1485 4656 etiam
1515 4603 1656 4656 hanc
1677 4617 1738 4656 se
1773 4601 1908 4655 mihi

349 4695 583 4764 gratiam
610 4696 886 4761 daturum,
912 4702 970 4748 ut
1000 4694 1164 4748 tiliam
1200 4707 1376 4748 meam
1395 4693 1583 4762 juveni
1615 4693 1914 4759 collocaret

350 4784 574 4840 Nieolao
599 4784 908 4851 Melisseno,
943 4785 1053 4839 lilio
1089 4785 1383 4854 Nicephori
1415 4783 1716 4860 Melisseni,
1745 4800 1908 4854 quem

350 4877 735 4947 Melissurgum
789 4878 1268 4947 cognominabant,
1333 4877 1516 4948 magni
1551 4886 1914 4947 protestrato-

351 4973 454 5038 ris,
489 4981 674 5033 postea
705 4985 832 5024 vero
869 4971 1034 5024 etiam
1075 4970 1438 5039 metropolitze
1473 4984 1698 5024 munere
1714 4969 1910 5033 functi,

349 5065 810 5134 quemadmodum
841 5045 1193 5116 historiarum
1231 5063 1371 5116 libro
1397 5065 1635 5118 secundo
1669 5077 1914 5118 comme-

352 5157 719 5221 moravimus;
787 5155 1063 5224 pollicitus
1118 5155 1306 5218 etiam,
1341 5156 1669 5210 traditurum
1695 5171 1754 5211 se
1779 5155 1913 5210 mihi

350 5249 637 5312 vicariam,
667 5248 825 5317 cujus
856 5257 986 5302 ante
1031 5247 1365 5301 mentionem
1397 5247 1648 5315 fecimus,
1683 5247 1916 5301 admini-

351 5341 668 5396 strationem
692 5341 936 5395 locorum
967 5341 1089 5411 eius
1122 5339 1580 5410 oppidorumque,
1603 5355 1725 5408 qua:
1751 5341 1916 5393 habe-

351 5449 467 5489 rem
524 5444 577 5489 et
637 5449 1007 5505 procurarem,
1067 5433 1247 5490 donec
1301 5434 1408 5488 filia
1477 5448 1597 5487 mea
1642 5434 1914 5489 decimum

350 5538 605 5594 quartum
631 5544 835 5583 annum
871 5528 1140 5598 attigisset
1171 5539 1225 5581 et
1247 5527 1450 5596 nuptiae
1488 5528 1703 5581 flerent.
1737 5529 1916 5594 Atque

352 5622 456 5676 hoc
504 5622 633 5675 illud
679 5620 802 5686 fuit,
862 5621 915 5674 in
943 5635 1051 5689 quo
1101 5618 1398 5687 legationes
1443 5628 1497 5672 et
1550 5616 1745 5672 itinera
1798 5634 1914 5671 mea

351 5717 512 5768 finem
569 5729 690 5770 esse
750 5714 1000 5768 habitura
1057 5713 1356 5781 imperator
1408 5710 1715 5764 afﬁrmavit.
1769 5709 1911 5764 ldem

352 5806 816 5873 mihi:dixit,-velle
832 5824 889 5864 se
911 5807 964 5862 in
992 5806 1422 5875 Peloponnesum
1447 5804 1613 5858 alium
1641 5819 1670 5856 e
1693 5805 1913 5858 St‘ltibtts

2003 3301 2172 3372 τιμῆς
2223 3303 2516 3374 δωρήσεως
2567 3303 2660 3356 καὶ
2704 3301 2973 3373 ἀναδοχῆς
3012 3300 3174 3355 πλέον
3228 3298 3340 3352 τῶν
3396 3298 3573 3354 ἄλλων

2005 3418 2328 3485 optimatum
2382 3417 2620 3484 mittere,
2647 3416 2741 3485 qui
2771 3415 2882 3471 illic
2938 3430 3050 3479 res,
3090 3413 3160 3469 de
3189 3408 3393 3483 quibus
3430 3410 3574 3465 dixi-

2007 3524 2151 3571 mus,
2179 3523 2304 3563 cum
2337 3507 2594 3562 fratribus
2617 3515 3026 3577 componerent,
3050 3517 3104 3561 et
3136 3503 3368 3560 referret
3399 3503 3466 3558 ad
3490 3516 3575 3565 se,

2007 3589 2138 3670 quid
2169 3599 2311 3654 facto
2339 3614 2478 3669 opus
2507 3606 2680 3654 esset:
2717 3600 2911 3668 quodsi
2973 3613 3078 3652 non
3117 3605 3302 3666 posset
3333 3595 3575 3666 primum

2008 3700 2168 3760 caput
2193 3691 2462 3756 obtinere,
2491 3689 2738 3744 obtinere
2769 3688 3028 3742 niteretur
3054 3686 3378 3751 secundum,
3414 3692 3576 3752 atque

2009 3784 2081 3838 ita
2117 3785 2375 3853 deinceps
2406 3793 2501 3839 aut
2530 3783 2771 3846 tertium,
2799 3792 2898 3836 aut
2929 3790 3208 3851 quartum,
3235 3788 3352 3846 aut,
3395 3779 3442 3833 si
3479 3793 3574 3832 ne-

2010 3876 2236 3930 cessitas
2267 3883 2510 3943 cogeret,
2530 3874 2804 3944 quintum.
2841 3871 3090 3926 Rursus:
3122 3870 3256 3924 «Sed
3283 3870 3355 3936 si,
3375 3868 3576 3938 inquit,

2009 3967 2175 4022 alium
2206 3973 2402 4035 praeter
2444 3975 2497 4020 te
2527 3967 2749 4030 misero,
2781 3975 2985 4029 metuo,
3031 3971 3090 4017 ut
3125 3963 3171 4017 is
3207 3961 3445 4016 debitam
3479 3960 3582 4012 mi-

2010 4058 2063 4113 hi
2086 4057 2513 4114 benevolentiam
2548 4064 2605 4111 et
2629 4056 2788 4110 fidem
2820 4064 3060 4126 praestet,
3101 4069 3237 4107 neve
3263 4068 3390 4107 eum
3427 4051 3580 4104 deci-

2010 4151 2164 4221 piant
2224 4149 2486 4217 deSpotar,
2544 4147 2744 4202 fratres
2791 4147 2920 4210 mei,
2981 4160 3076 4214 per
3108 4143 3308 4199 bullam
3356 4155 3577 4195 auream

2013 4243 2192 4296 vicum
2241 4239 2476 4308 aliquem
2538 4238 2623 4292 vel
2659 4235 2936 4307 regionem
2983 4235 3089 4304 ipsi
3165 4241 3220 4288 et
3270 4229 3580 4286 haeredibus

2012 4334 2267 4402 deinceps
2317 4329 2577 4402 polliciti:
2610 4344 2719 4400 qua
2772 4329 2861 4383 ille
2891 4342 2951 4381 re
2982 4333 3314 4388 commotus,
3339 4331 3583 4391 quatuor

2014 4425 2284 4494 capitibus
2308 4422 2528 4492 rejectis
2551 4458 2567 4482 ,
2595 4421 2663 4474 de
2699 4419 2817 4474 solo
2845 4417 3041 4488 quinto
3069 4423 3229 4486 agat:
3267 4412 3410 4484 quod
3448 4410 3581 4465 mihi

2016 4515 2461 4570 molestissimum
2495 4511 2789 4568 accideret.
2827 4511 3094 4565 Pra’terea
3121 4507 3232 4562 scis
3261 4506 3377 4575 ipse
3397 4545 3410 4569 ,
3446 4519 3476 4557 a
3502 4519 3587 4557 re-

2015 4608 2140 4676 gina
2173 4603 2357 4676 Cypri,
2391 4612 2621 4674 cognata
2638 4617 2780 4666 mea,
2806 4601 2874 4655 ad
2895 4615 2982 4654 me
3001 4599 3231 4653 missum
3251 4593 3580 4648 monachum

2016 4699 2338 4762 dixisse,ut,
2359 4710 2484 4750 cum
2507 4694 2692 4764 regina
2715 4707 2822 4747 nou
2847 4691 3070 4745 haberet
3107 4688 3386 4742 hominem
3418 4684 3584 4738 fidum

2015 4801 2068 4846 et
2123 4790 2396 4851 idoneum,
2437 4803 2533 4856 per
2585 4801 2746 4855 quem
2779 4799 2866 4837 res
2907 4781 3172 4848 quasdam
3203 4778 3430 4832 maximi
3465 4790 3586 4829 mo-

2015 4883 2186 4939 menti
2223 4897 2437 4938 mecum
2462 4876 2916 4936 communicaret,
2949 4887 3052 4928 nec
3094 4879 3302 4941 posset,
3339 4877 3401 4922 ut
3429 4875 3584 4936 opta-

2017 4985 2118 5036 ret,
2151 4987 2338 5029 coram
2370 4984 2586 5026 mecum
2628 4967 3010 5036 colloqui,ego
3027 4964 3092 5017 ad
3123 4962 3266 5015 illam
3305 4959 3584 5012 hominem

2016 5086 2080 5124 ex
2107 5077 2292 5123 nostra
2317 5065 2440 5120 aula
2459 5071 2765 5134 spectatum
2791 5069 2845 5114 et
2869 5057 3032 5112 fidum
3054 5053 3349 5108 mitterem.
3405 5048 3586 5114 Quare

2019 5163 2135 5219 lieri
2194 5162 2403 5230 nequit,
2434 5171 2492 5212 ut
2535 5156 2649 5221 alii,
2679 5168 2742 5208 ac
2774 5153 2896 5215 tibi,
2954 5156 3164 5206 secreta
3197 5153 3384 5200 nostra
3429 5144 3587 5196 inno-

2022 5264 2255 5319 tescant,
2330 5265 2503 5322 neque
2565 5259 2648 5303 est
2705 5246 2996 5315 quisquam
3063 5249 3114 5294 te
3172 5237 3376 5308 aptior,
3403 5248 3583 5304 quan-

2018 5342 2311 5414 doquidetn
2363 5351 2422 5396 tu
2465 5341 2630 5395 etiam
2685 5337 2823 5392 alias
2873 5334 3055 5388 omnia
3113 5344 3241 5383 cum
3275 5327 3361 5380 illa
3397 5322 3583 5392 egisti,

2018 5432 2392 5499 constituisti,
2479 5426 2946 5490 eommunicasti,
3022 5419 3320 5492 perfecisti.
3407 5415 3580 5483 Quam

2017 5527 2087 5583 ob
2115 5541 2228 5580 rem
2262 5538 2356 5592 per
2387 5520 2554 5576 alium
2590 5519 2734 5573 istud
2768 5515 3044 5585 negotium
3075 5509 3282 5564 absolvi
3314 5507 3520 5574 nequit.
3560 5519 3580 5551 ε

2018 5622 2131 5689 ligo
2173 5619 2244 5671 ita
2285 5614 2540 5684 respondi
2577 5629 2593 5668 :
2654 5630 2672 5664 ι
2716 5609 2873 5666 Sicut
2901 5620 3117 5669 censes,
3163 5603 3483 5680 imperator,
3511 5604 3582 5649 Ita

2018 5728 2104 5765 res
2156 5709 2334 5764 habet.
2386 5708 2465 5760 Ac
2522 5714 2742 5776 propter
2792 5704 2925 5757 istas
2980 5697 3331 5769 gravissimas
3391 5703 3586 5744 causas

2019 5803 2218 5874 conjux
2267 5817 2408 5866 mea,
2442 5814 2597 5855 serva
2651 5807 2766 5861 tua,
2823 5808 2947 5850 cum
3004 5788 3230 5860 reliquis
3263 5781 3593 5858 propinquis.
