3976 6612
539 407 648 471 893

1801 422 2104 486 GEORGl

2210 428 2366 490 ΗΒΑ
2381 429 2593 491 ΝΤΖᾸΞ
3633 447 3710 506 8Ξ4

534 521 802 624 πρέσϐυς.
825 523 928 578 Καὶ
973 529 1002 580 6
1057 527 1316 597 βασιλεὺς
1359 532 1733 606 οἰκειοχείρως
1783 537 2097 604 ἔμπροσθεν
2129 553 2174 606 Α
2207 543 2403 613 κυρίαν
2431 563 2551 598 σου.
2577 565 2596 598 ι
2647 547 2860 614 Ἔγωγε
2885 549 3213 619 ἀποκριθεὶς
3244 546 3398 605 εἷπον
3429 551 3580 624 αύτῷ*
3611 561 3706 614 «οΰ

533 616 726 670 τούτου
776 618 1004 687 ἐποίησε
1056 623 1328 692 σταυροὺς
1363 628 1514 694 τρεῖς
1564 628 1705 696 μετὰ
1761 631 2101 700 κιναϐἀρεως

532 710 612 771 εἰς
633 711 696 761 τὸ
722 709 994 782 ἀνώτερον
1025 712 1117 766 τοῦ
1148 717 1552 784 χρυσοϐούλλου
1595 719 1848 787 μέτωπον
1887 723 1969 785 εἰς
2015 722 2103 790 $3-

536 800 765 855 6aloecrtv
795 805 939 858 κατὰ
965 805 1063 876 τὴν
1089 808 1316 862 ἐκείνων
1351 811 1664 879 συνήθειαν,
1697 813 1789 865 καὶ
1817 813 1982 866 εδωσε
2008 815 2102 867 τὸν

539 892 937 960 χρυσόϐουλλον
981 898 1076 948 ἐπὶ
1119 897 1221 960 τὰς
1260 900 1456 969 χεῖρας
1499 900 1592 952 τοῦ
1649 902 1962 970 πρέσϐεως,
2005 903 2100 956 καί

536 976 702 1052 φησιν
755 985 938 1054 αὐτῷ’
987 1006 1007 1038 c
1053 988 1185 1042 ’ἰδοὺ
1225 988 1383 1051 οὗτος
1418 1008 1437 1042 a
1477 990 1580 1058 ἐμὲ
1622 991 1886 1046 δεικνύων
1942 1013 1960 1046 c
2002 994 2102 1047 σὺν

535 1075 656 1144 Θεῷ
700 1077 778 1146 τῷ
819 1079 1102 1151 ἐρχομένῳ
1153 1081 1275 1152 ἔαρι
1329 1082 1609 1136 ἐλεύσεται
1651 1085 1789 1154 μετὰ
1828 1087 2100 1156 τριήρεων

535 1169 878 1237 παραλαϐεῖν
924 1171 1024 1241 τὴν
1078 1174 1220 1242 ἐμὴν
1273 1173 1527 1240 σύνευνον
1566 1177 1665 1244 τὴν
1707 1177 2028 1246 νεόνυμφον.
2074 1196 2094 1230 ι

537 1261 925 1332 ῐῐροσκυνήσας
953 1259 1044 1316 οὖν
1073 1265 1103 1316 ό
1134 1265 1382 1332 πρέσϐυς
1407 1267 1779 1336 ἀνεχώρησεν.

603 1351 763 1420 223
807 1352 959 1405 Ἐπεὶ
1002 1354 1058 1406 δὲ
1089 1353 1197 1407 ἀπὸ
1230 1355 1330 1423 τῆς
1382 1356 1559 1425 ἀρχῆς
1607 1357 1701 1410 τοῦ
1736 1359 1901 1412 αὑτοῦ
1949 1360 2100 1424 ἔτους

531 1440 880 1512 ἐψιθυρίζετο
910 1447 992 1498 ὅτι
1029 1447 1058 1499 ὁ
1106 1447 1334 1516 ἀμηρᾶς
1365 1448 1617 1501 ἐϐούλετο
1649 1449 1826 1502 ἐλθεῖν
1875 1453 2016 1504 κατὰ
2041 1453 2101 1504 τὸ

534 1531 719 1584 στενὸν
750 1534 917 1602 ἐγγὺς
951 1536 1043 1588 τοῦ
1094 1537 1372 1606 ἇνωτέρου
1431 1538 1630 1608 μέρους
1678 1542 1778 1608 τῆς
1812 1541 1906 1592 τοῦ
1931 1541 2102 1593 Ἀσω-

534 1625 706 1688 uiros
747 1624 940 1693 κώμης
969 1627 1328 1697 οἰκοδομῆσαι
1367 1647 1417 1682 τι
1457 1631 1740 1700 φρούριον.
1783 1634 1876 1684 καὶ
1908 1632 2100 1703 βουλῆς

531 1719 834 1786 γενομένης
861 1720 948 1772 ἵνα
977 1722 1006 1774 6
1051 1720 1307 1789 βασιλεὺς
1347 1723 1428 1786 εἰς
1467 1724 1874 1792 Πελςπόννησον
1915 1725 2097 1796 στείλῃ

536 1807 757 1876 μηνύων
800 1808 896 1862 τοῦ
935 1811 1108 1864 ἐλθεῖν
1145 1813 1243 1864 ἕνα
1273 1813 1380 1866 τῶν
1430 1815 1783 1884 αὑταδέλφων
1821 1817 2010 1877 αὐτοῦ,
2040 1817 2100 1878 ὃς

2205 634 2448 704 δύναμαι
2479 637 2790 706 παραϐῆναι
2819 639 2878 692 τὸ
2908 640 3242 712 πρόσταγμα
3274 660 3392 707 σου,
3424 644 3511 697 τοῦ
3557 648 3618 718 μὴ
3643 631 3720 702 ἐκέ

2202 727 2418 780 τελέσαι
2466 728 2542 790 ὠς
2582 728 2867 791 κελεύειςτ
2898 729 3013 783 ἀλλ’
3043 733 3074 802 ἡ
3109 731 3403 796 σύντεκνος
3451 736 3538 788 καὶ
3585 738 3708 810 δούλῃ

2201 821 2300 888 τῆς
2334 819 2612 886 βασιλείας
2649 837 2765 885 σου,
2799 822 2833 892 ή
2862 823 3000 892 γυνή
3041 840 3171 891 μου,
3205 825 3489 879 ὑποπτεύω
3521 830 3584 896 μή
3609 847 3710 884 ποτε

2201 911 2289 964 διὰ
2317 911 2379 964 τὸ
2417 915 2684 980 συχνάκις
2714 930 2782 982 με
2813 914 3173 978 άπουσιάζειν
3204 914 3378 984 αὐτῆς
3402 917 3708 982 ἀγανακτῶσα

2204 1003 2630 1073 ἀποκαρήσηται
2674 1004 2836 1076 224
2868 1005 3096 1075 μοναχῆ.
3158 1006 3193 1076 ἢ
3249 1009 3346 1059 καὶ
3393 1008 3519 1078 ἐάσῃ
3555 1027 3610 1078 με
3641 1015 3710 1064 καὶ

2203 1096 2364 1149 ἄλλον
2394 1095 2558 1167 λάϐῃ·
2600 1097 2727 1166 χθές
2752 1101 2859 1168 γὰρ
2898 1098 3137 1167 ἐλήλυθα
3184 1100 3296 1152 ἀπὸ
3349 1101 3590 1170 Ἰϐηρίας,
3626 1103 3709 1157 δια-

2211 1187 2412 1257 τρίψας
2446 1188 2563 1240 ἐκεῖ
2590 1188 2684 1257 ἔτη
2724 1189 2852 1253 δύο,
2902 1189 2996 1242 καὶ
3043 1191 3094 1242 ει
3143 1192 3480 1261 ἀναχωρήσω
3521 1193 3712 1256 αὖθιςέν

2205 1276 2557 1348 βραχημερίᾳ
2600 1277 2833 1342 οἴκοθεν,
2889 1277 3112 1345 εὔλογον
3160 1282 3347 1334 αἰτίαν
3395 1282 3597 1350 εὑρήσει
3645 1287 3712 1337 καὶ

2202 1363 2416 1417 δικαίαν
2479 1364 2756 1434 πρόφασιν
2797 1366 2891 1419 τοῦ
2955 1367 3160 1437 πρόξαι
3211 1368 3273 1422 ἕν
3303 1369 3361 1436 ἐξ
3393 1363 3462 1422 ὧν
3487 1372 3662 1442 εἴρηκα.
3693 1393 3706 1425 ι

2213 1456 2272 1508 ’0
2300 1457 2354 1508 δὲ
2375 1455 2630 1526 βασιλεὺς
2661 1458 2895 1526 γελάσας
2919 1455 3040 1513 εἶπέ
3079 1478 3169 1528 μοι
3195 1477 3211 1493 ο
3250 1481 3269 1512 ι
3316 1461 3452 1514 Ἀλλ’
3481 1464 3618 1526 αὐτὸς
3647 1464 3712 1516 λέ-

2201 1545 2291 1610 ξον
2317 1548 2457 1619 αὐτῇ
2493 1549 2580 1601 ἴνα
2604 1548 2812 1618 ταύτην
2834 1551 2927 1603 καὶ
2963 1551 3127 1619 μόνην
3158 1551 3263 1620 τὴν
3300 1553 3587 1622 ὁδοιπορίαν
3615 1570 3711 1620 συτι

2199 1640 2426 1708 χωρήσῃ
2447 1655 2527 1691 σοι
2552 1640 2799 1708 ποιῆσαι,
2829 1641 2921 1693 καὶ
2945 1641 3153 1712 ἐνόρκῳ
3183 1643 3556 1711 προστάγματι
3572 1643 3712 1696 ricam

2204 1729 2403 1798 μηκέτι
2433 1746 2492 1782 σε
2537 1730 2828 1800 ἐνοχλῆσαι
2869 1731 2964 1784 τοῦ
3013 1733 3255 1796 ἐξελθεῖν
3315 1749 3373 1787 σε
3422 1733 3709 1804 πατριδόθεν.

2203 1822 2316 1873 Καὶ
2350 1820 2492 1889 μάλα
2527 1821 2705 1882 καλῶς
2732 1823 3024 1876 ἐπίστασαι
3070 1823 3139 1875 τὰ
3177 1824 3279 1877 ὅσα
3330 1840 3411 1878 σοι
3442 1824 3710 1893 ἐπηγγειλά-

538 1901 603 1950 ἆν
636 1899 966 1968 βουλήσῃται
994 1903 1221 1965 τούτων,
1253 1907 1348 1958 καὶ
1375 1908 1730 1978 ’όμοφωνήσῃ
1779 1910 1856 1969 εἰς
1891 1910 1990 1962 ὅσα
2039 1910 2096 1960 αἱ
2127 1909 2172 1968 Β
2205 1930 2312 1982 μην
2352 1912 2710 1982 εὐεργετῆσαὶ
2740 1931 2818 1977 σε,
2858 1915 2952 1967 καὶ
2973 1915 3027 1966 τί
3054 1915 3123 1968 τὰ
3173 1917 3279 1968 ἀνὰ
3331 1915 3483 1984 ήμῶν
3510 1915 3710 1983 συλλαλή-

537 1987 819 2055 βασιλικαὶ
846 1996 1059 2060 γραφαὶ
1103 1995 1488 2064 διελάμϐανον,
1533 1999 1620 2050 ἴνα
1659 2000 1902 2066 ἀνάγκης
1949 2001 2105 2052 ἐπελ-

535 2082 738 2148 Θούσης
767 2085 953 2139 ἴδωσιν
979 2088 1076 2141 alo
1100 2089 1324 2159 ἀμηρᾶς
1357 2091 1608 2160 βούλεται
1642 2092 1846 2159 πρᾶξαί
1876 2108 1930 2143 τι
1959 2093 2102 2144 κατὰ

532 2175 633 2244 τῆς
667 2176 877 2240 πόλεως
901 2178 1024 2248 ἦτοι
1069 2181 1170 2248 τῆς
1201 2179 1504 2250 βασιλείας,
1563 2185 1658 2237 καὶ
1703 2183 1912 2252 ἀπέλθῃ
1966 2185 2102 2252 πρὸς

533 2269 658 2330 rei);
689 2271 938 2335 δυτικοὺς
978 2272 1245 2336 αὐθέντας
1288 2276 1382 2328 καὶ
1417 2277 1740 2345 συμμαχῖαν
1771 2278 2004 2346 αἰτήσῃ.
2045 2279 2102 2328 ἐν

533 2359 668 2428 τῷδε
694 2361 771 2430 τῷ
805 2362 956 2434 μέσῳ
981 2364 1258 2434 παρῆλθον
1280 2367 1486 2435 ἡμέραι
1511 2367 1676 2430 τινὲς,
1711 2363 1832 2420 εἶτα
1861 2369 2102 2438 προστά-

535 2449 631 2514 ξας
658 2451 830 2505 ἐλθεῖν
861 2471 931 2522 με
958 2454 1387 2510 ἐνώπιονναύτοῦ
1426 2455 1549 2510 εῖπὲ
1585 2476 1675 2528 μοι
1702 2459 1856 2511 τάδε·
1897 2478 1915 2510 ι
1949 2461 2105 2528 Πρω-

531 2542 935 2616 τοϐεστιαρττα,
977 2547 1110 2617 περὶ
1154 2549 1255 2618 τῆς
1293 2548 1488 2619 βουλῆς
1522 2545 1591 2621 ἦς
1621 2553 1932 2622 ἐστήσαμεν
1961 2551 2101 2603 ἐτοι-

537 2634 775 2707 μάοθητι
801 2636 896 2690 τοῦ
935 2638 1195 2693 ἀπελθεῖν
1223 2659 1282 2694 σε
1316 2643 1399 2704 εἰς
1435 2643 1865 2713 Πελοπόννησον·
1897 2645 1991 2696 καὶ
2027 2643 2106 2707 ὡς

535 2725 601 2778 ἂν
629 2726 934 2800 διορθώσῃς
963 2730 1062 2801 τήν
1093 2733 1271 2785 ἐκεῖσε
1297 2732 1577 2799 ὑπόθεσιν,
1599 2735 1686 2787 ἴνα
1710 2753 1793 2808 τις
1817 2736 1926 2787 τῶν
1952 2734 2106 2787 ἀδελ·

488 2854 498 2860 -
532 2824 649 2892 φῶν
690 2843 795 2895 μου
827 2827 1116 2899 ἐλεύσηται
1158 2828 1368 2896 ἐνθάδε,
1403 2831 1704 2900 ἀναγκαῖόν
1749 2832 1896 2883 ἐστιν
1934 2830 2104 2882 ἀπελ-

532 2916 646 2969 θεῖν
677 2935 735 2970 σε
763 2919 973 2973 ἐκεῖθεν
1001 2924 1082 2986 εἷς
1122 2923 1345 2992 Κύπρον
1385 2924 1524 2993 πρδς
1561 2924 1659 2993 τὴν
1692 2926 1835 2996 ἐμὴν
1866 2925 2100 2993 ἀδελφθ·

535 3010 704 3062 παιδα
742 3010 840 3081 τὴν
873 3015 1169 3084 ρήγισσαν.
1207 3018 1403 3086 Ἡμεῖς
1449 3017 1506 3071 δὲ
1540 3018 1771 3072 ἐνταῦθα
1801 3019 2104 3087 ἑτοιμάσω-

541 3104 641 3171 μέν
672 3121 754 3157 σοι
790 3107 858 3159 τὰ
893 3109 1177 3179 ἐπιτήδεια
1206 3094 1481 3179 τῆςὸδοῢ.
1509 3111 1668 3164 Μετὰ
1689 3112 1750 3164 τὸ
1783 3110 2020 3176 ἐξελθεῖν
2045 3129 2102 3165 σε

539 3195 794 3248 κάκεῖθεν
838 3197 1081 3269 πορεύσῃ
1130 3193 1286 3262 αὖθις
1344 3201 1426 3262 εἰς
1479 3203 1580 3270 τὴν
1640 3202 1903 3273 Ἰϐηρίαν,
1956 3203 2105 3264 ὅπως

2205 2005 2386 2067 θέντα,
2419 2007 2511 2060 καὶ
2539 2007 2590 2059 τι
2617 2007 2919 2076 βουλόμεθα
2942 2007 3190 2076 ποιῆσαι.
3240 2008 3352 2064 Καὶ
3373 2007 3521 2060 τοῦτο
3547 2006 3710 2076 βέϐαιόν

2205 2097 2322 2149 ἐστι
2355 2098 2448 2150 καὶ
2477 2100 2642 2166 χωρῖς
2678 2098 2900 2168 ἐνόρκου
2932 2100 3380 2168 προστάγματος,
3410 2098 3488 2151 ὅτι
3517 2098 3565 2150 αἱ
3587 2113 3710 2166 rtth-

2205 2189 2346 2248 ϐεῖαι
2376 2189 2470 2242 καὶ
2507 2189 2806 2257 ὁδοιπορεκι
2830 2192 2884 2242 αἱ
2913 2191 3015 2242 ὑπὸ
3060 2191 3156 2244 σοῦ
3192 2189 3478 2244 παύσουσι.
3526 2187 3710 2257 Μηνύσω

2203 2276 2260 2328 δέ
2293 2278 2386 2329 καὶ
2419 2278 2554 2347 πρὸς
2581 2280 2671 2332 τὸν
2708 2279 2881 2348 μέγαν
2909 2279 3074 2332 δοῦκα
3095 2281 3188 2333 τὸν
3214 2281 3463 2347 Νοταρᾶν
3507 2279 3576 2331 ὅτι
3623 2277 3708 2328 ἐπεὶ

2203 2366 2263 2419 τὸ
2295 2367 2387 2420 τοῦ
2421 2369 2657 2437 μεγάλου
2687 2369 2873 2433 δουκδς
2901 2370 3159 2438 ὀφςρίκιον
3189 2372 3406 2438 κτῆται,
3441 2369 3499 2422 οὐ
3542 2368 3709 2421 δύναται

2204 2458 2347 2528 ἔχειν
2379 2462 2474 2512 καὶ
2503 2460 2562 2513 τὸ
2591 2461 2934 2528 μεσαστικόν.
2985 2463 3093 2514 Καὶ
3151 2462 3313 2514 τοῦτο
3364 2461 3496 2528 λέγω
3535 2458 3606 2512 ἴνα
3651 2473 3706 2508 σοι

2202 2551 2553 2621 δωρήσωμαι.
2597 2551 2737 2619 Ἀλλ’
2764 2555 2914 2622 ὅμως
2932 2555 3033 2608 οὐκ
3061 2555 3178 2608 ἔστι
3213 2557 3420 2624 πρέπον
3471 2551 3548 2604 ἵνα
3593 2549 3709 2613 deat-

2208 2643 2347 2710 ρέσω
2375 2644 2505 2696 αὐτὸ
2527 2645 2586 2711 ἐξ
2614 2645 2776 2699 αὐτοῦ
2806 2663 2820 2677 ·
2872 2647 2988 2699 ἐστι
3024 2646 3130 2714 γὰρ
3182 2646 3259 2708 ὡς
3308 2642 3641 2711 καταφρονεῖν,
3675 2638 3708 2688 εί

2207 2733 2281 2803 μὴ
2317 2733 2584 2804 ἀναϐολὴν
2607 2737 2701 2790 καὶ
2729 2736 2927 2806 τρόπον
2985 2739 3288 2807 ποιήσομεν
3343 2737 3426 2789 ἴνα
3474 2727 3708 2788 αύτοθελῶς

2202 2827 2570 2898 ἐγκαταλείψῃ
2597 2827 2726 2879 αὐτὸ
2750 2829 2980 2890 ἐκεῖνος.
3030 2822 3149 2880 ’Καὶ
3183 2830 3356 2897 ἐχέτω
3402 2825 3462 2895 δή
3512 2822 3641 2877 πάλιν
3667 2815 3710 2868 τὸ

2206 2917 2472 2982 πρωτεῖον
2496 2915 2596 2982 τῆς
2622 2916 2863 2979 στάσεως
2903 2919 2996 2969 καὶ
3029 2917 3126 2984 τῆς
3161 2916 3382 2985 βουλῆς,
3405 2914 3492 2966 καί
3518 2931 3564 2964 τι
3599 2924 3708 2974 σιτη-

2210 3004 2386 3074 ρέσιον
2415 3004 2483 3057 δι’
2513 3006 2674 3059 ἄλλου
2700 3007 2926 3076 τρόπου,
2969 3008 3088 3060 ἐπεὶ
3119 3009 3226 3079 χρὴ
3259 3007 3474 3074 ποιῆσαι
3514 3001 3630 3068 κάμὲ
3645 2996 3711 3050 δύο

2205 3096 2311 3149 τῶν
2359 3096 2636 3166 ἀρχόντων
2699 3099 3058 3168 συμϐούλους,
3110 3101 3187 3162 ὡς
3242 3101 3335 3152 καὶ
3381 3100 3408 3150 6
3464 3091 3708 3165 βασιλεϋςδ

2206 3187 2436 3255 ἀδελφός
2463 3207 2565 3256 μου
2597 3185 2761 3260 εἶχεν,
2793 3191 2861 3243 ἵν’
2891 3185 2992 3244 ὦσι
3043 3191 3164 3260 μετ’
3217 3189 3350 3259 ἐμοῦ
3400 3188 3468 3242 δι’
3513 3185 3615 3251 ὅλης
3641 3179 3710 3246 τῆς

535 3287 675 3357 ἄρῃς
702 3287 801 3358 τὴν
832 3289 1135 3359 νεόνυμφον
1172 3291 1270 3361 τὴν
1300 3293 1439 3363 ἐμὴν
1473 3293 1729 3346 σύνευνον
1765 3272 1879 3364 τὴν
1917 3295 2104 3364 μελλο-
2129 3274 2171 3331 C
2203 3281 2416 3350 ἡμέρας
2438 3283 2494 3334 ἐν
2525 3281 2602 3350 τῷ
2656 3283 2904 3352 παλατίφ
2958 3282 3052 3336 τοῦ
3103 3283 3429 3352 προδλέπειν
3463 3272 3710 3345 διορθὼνείν

535 3405 684 3448 etum
716 3393 1063 3466 imperatoris
1085 3400 1178 3468 qui
1213 3415 1429 3472 mecum
1455 3417 1520 3456 ex
1550 3401 1728 3456 Iberia
1755 3402 1968 3470 legatus
1999 3418 2098 3457 ve-

538 3493 713 3550 nerat,
744 3494 799 3538 et
827 3501 1008 3540 coram
1063 3489 1167 3544 hoc
1217 3493 1515 3559 imperator
1548 3506 1710 3546 manu
1739 3507 1836 3546 sua
1865 3493 1918 3545 in
1944 3507 2102 3562 snpe-

540 3576 682 3631 riore
742 3577 903 3634 bullae
941 3578 1117 3634 fronte
1149 3580 1368 3637 rubrica
1417 3591 1538 3638 tres.
1565 3598 1761 3639 cruces
1799 3585 1996 3639 scribit
2026 3583 2095 3638 ad

535 3669 977 3725 conﬁrmandam.
1001 3673 1310 3740 pactionem
1331 3690 1394 3728 ex
1428 3673 1649 3729 illorum
1673 3678 2100 3743 consuetudine,

537 3760 811 3831 traditque
871 3763 1072 3818 bullam
1143 3766 1204 3819 in.
1263 3781 1459 3822 manus
1520 3767 1685 3838 legati
1738 3767 1824 3823 bis
1884 3769 2100 3822 verbis:

542 3873 560 3905 ι
596 3853 695 3910 Hic
731 3856 815 3909 vir
850 3859 978 3925 (me
1011 3860 1374 3928 ostendebat)
1405 3859 1512 3914 Deo
1554 3862 1794 3931 propitio
1852 3863 2104 3930 proximo

538 3959 664 3998 vere
692 3961 815 3999 cum
839 3946 1154 4002 triremibus
1179 3949 1386 4014 veniet,
1412 3949 1682 4020 virginem
1707 3950 1840 4005 mihi
1872 3949 2108 4020 despon-

538 4050 652 4088 sam
682 4036 1074 4094 abducturus.»
1114 4038 1303 4109 Itaque
1343 4040 1578 4110 legatus,
1609 4039 1840 4096 adorato
1873 4043 2110 4109 impera.-

539 4139 676 4193 tore,
705 4128 978 4185 discessit.

608 4220 743 4275 Cum
778 4221 935 4274 initio
963 4222 1205 4292 ejusdem
1233 4225 1363 4278 anni
1394 4225 1537 4280 fama
1563 4235 1836 4290 manaret,
1865 4241 2104 4281 emeram

540 4309 604 4361 ad
623 4311 904 4380 angustias
931 4327 1098 4380 prope
1121 4316 1462 4382 superiorem
1488 4325 1696 4384 partem
1731 4317 1837 4370 vici
1861 4316 2108 4372 Asomati

540 4416 660 4454 esse
680 4411 997 4467 venturum,
1015 4415 1073 4457 ut
1099 4406 1494 4460 ibiexstrueret
1510 4409 1826 4472 castellum,
1847 4423 2104 4477 cumque,

543 4491 787 4568 concilio.
807 4493 1016 4560 habito,
1037 4495 1213 4550 visum
1244 4504 1410 4560 esset,
1452 4507 1509 4552 ut
1533 4498 1837 4568 imperator
1873 4500 1926 4553 in
1956 4499 2111 4554 Pelo-

2202 3393 2440 3448 futuram
2465 3394 2745 3450 dominam
2774 3405 2975 3451 tuam.»
3011 3395 3089 3450 Ad
3117 3412 3242 3467 quae
3259 3409 3360 3465 ego
3387 3392 3456 3446 ita
3477 3383 3708 3456 respondi:

2209 3483 2356 3540 oNon
2385 3500 2609 3555 possum
2645 3487 2906 3556 equidem
2941 3487 3224 3542 declinare
3255 3484 3550 3540 mandatum
3575 3485 3708 3534 tuum,

2203 3585 2263 3631 ut
2292 3592 2400 3630 non
2431 3577 2650 3642 faciam,
2681 3579 2826 3648 quod
2856 3578 3048 3649 jubes;
3090 3594 3288 3633 verum
3339 3568 3609 3643 majestatis
3636 3573 3712 3618 ιιιε

2204 3679 2501 3724 commater
2529 3678 2583 3723 et
2618 3685 2796 3736 serva,
2819 3670 3020 3740 coniux
3065 3685 3212 3734 mea,
3257 3681 3464 3729 vereor.
3493 3676 3553 3716 ηε
3574 3669 3709 3725 (ιιιιιι-

2205 3761 2295 3822 do,
2348 3771 2567 3829 prepter
2621 3762 2872 3815 crebram
2909 3762 3227 3818 absentiam
3257 3773 3430 3822 meam
3465 3752 3708 3847 indigna-ta.

2207 3851 2492 3907 monachis
2527 3867 2586 3907 se
2630 3852 2889 3923 adjungat
2917 3864 3012 3910 aut
3051 3869 3138 3909 me
3189 3854 3404 3909 deserto
3455 3845 3599 3901 nubat
3623 3837 3705 3892 alii.

2206 3941 2530 4014 Nuperritne
2557 3945 2702 4000 enim
2730 3962 2798 4001 ex
2826 3946 3000 4003 Iberia
3025 3948 3184 4012 redii,
3211 3959 3383 4002 annos
3415 3939 3483 3996 ibi
3505 3936 3599 3992 duo
3622 3940 3709 3983 ιιιο·

2209 4047 2384 4102 ratus,
2446 4047 2608 4107 atque
2663 4038 2706 4093 si
2766 4039 2908 4093 intra
2941 4053 3152 4108 paucos
3179 4038 3298 4094 dies
3327 4036 3510 4089 iterum
3537 4030 3709 4116 ρεξθειξ

2209 4131 2418 4194 abiero,
2450 4146 2672 4186 causam
2695 4131 2945 4186 idoneam
2965 4141 3020 4186 et
3037 4131 3247 4201 justam
3279 4124 3507 4183 inveniet
3525 4107 3706 4171 faciendl

2209 4223 2437 4275 alterum
2469 4222 2686 4282 horum.
2726 4236 2848 4291 quae
2873 4221 3007 4275 dixi.
3035 4238 3054 4272 ι
3097 4218 3396 4275 Subridens
3426 4210 3704 4278 imperator:

2219 4330 2236 4363 ι
2262 4311 2331 4365 At
2349 4323 2426 4374 tu,
2449 4313 2644 4382 inquit,
2667 4312 2752 4367 fac
2765 4319 2824 4367 ut
2847 4327 3009 4368 unum
3031 4312 3135 4367 hoc
3162 4311 3268 4366 iter
3285 4309 3555 4366 etiamnum
3574 4294 3708 4349 facere

2214 4404 2308 4456 tibi
2349 4405 2645 4471 permittat,
2688 4417 2750 4457 ac
2773 4405 2895 4472 jure
2921 4403 3162 4473 iurando
3199 4403 3297 4458 tibi
3333 4385 3705 4478 spondeo.l’°5_"

2214 4491 2315 4545 bac
2344 4509 2427 4544 me
2453 4508 2560 4546 non
2589 4493 2703 4560 jam
2735 4501 3050 4548 creaturum
3088 4493 3186 4547 tibi
3221 4479 3510 4548 molestiam
3540 4477 3705 4535 itineris

498 4588 500 4591 ‘
544 4567 848 4650 ponnesum
875 4585 941 4639 ad
969 4583 1195 4641 fratrem
1230 4567 1624 4644 arcessendum
1664 4592 1930 4654 mitteret,
1960 4601 2103 4647 uter‘

2211 4593 2362 4638 extra
2393 4584 2624 4654 patriam
2658 4583 2917 4640 faciendi.
2949 4584 3070 4640 Scis
3098 4593 3305 4648 autem,
3333 4592 3447 4651 qum
3477 4571 3560 4629 tibi
3581 4568 3706 4666 bene:

542 4692 758 4746 cunque
809 4678 1024 4734 illorum
1080 4680 1270 4736 venire
1303 4682 1486 4748 vellet,
1542 4692 1598 4739 et
1628 4685 1675 4739 is
1708 4686 2108 4754 comprobaret,

541 4785 884 4841 quascunque
911 4771 1281 4841 imperatoriis
1338 4773 1541 4830 litteris
1575 4778 1878 4832 c0nstituta
1901 4787 2110 4839 essent,

544 4871 728 4930 atque,
755 4863 800 4917 si
837 4865 1133 4921 necessitas
1190 4865 1411 4922 adesset
1442 4866 1829 4932 vidissentque
1865 4881 2110 4920 ameram

545 4953 810 5008 adversus
822 4953 1010 5009 urbem
1029 4955 1117 5010 vel
1139 4957 1432 5044 imperium
1452 4959 1660 5028 aliquid
1679 4959 2020 5022 moliturum,
2043 4959 2109 5013 ad

544 5042 914 5101 occidentales
950 5042 1228 5116 principes
1244 5063 1402 5118 opem
1434 5049 1783 5118 imploratum
1802 5050 2114 5119 proﬁcisce-

547 5141 717 5187 retur:
740 5135 853 5189 haec
869 5134 1036 5205 igitur
1051 5136 1178 5191 dum
1202 5137 1357 5199 tiunt,
1379 5138 1568 5206 paucis
1587 5136 1779 5194 diebus
1793 5139 2112 5208 interjeclis,

547 5226 843 5294 imperator
862 5241 947 5281 me
967 5227 1034 5281 ad
1061 5242 1131 5284 se
1150 5229 1478 5285 arcessitum
1506 5230 1578 5284 ita
1603 5230 1872 5286 allocutus
1899 5241 2010 5286 est:
2041 5230 2114 5284 «Ε

549 5317 803 5383 consilio,
824 5320 969 5390 quod
998 5325 1266 5391 cepin‘ius,
1301 5337 1430 5390 para
1465 5333 1536 5387 te,
1579 5323 2018 5392 protovestiarie,
2057 5334 2114 5378 ut

549 5410 602 5461 iu
626 5406 1056 5480 Peloponnesum
1088 5411 1463 5480 proﬁciscare,
1484 5415 1672 5484 ibique
1703 5415 1982 5484 negotium
2011 5415 2115 5471 hoc

549 5498 818 5570 perficias,
845 5511 904 5554 ut
927 5501 1186 5555 alteruter
1214 5499 1447 5558 fratrum
1480 5521 1727 5560 meorum
1760 5506 1870 5560 huc
1899 5506 2109 5560 veniat.

548 5587 678 5642 lude
728 5599 940 5658 oportet
993 5600 1042 5645 te
1085 5592 1138 5645 in
1187 5592 1427 5663 Cyprum
1483 5597 1550 5650 ad
1590 5597 1859 5667 reginam,
1892 5606 2108 5666 neptem

547 5695 748 5744 meam,
781 5680 882 5736 iter
909 5680 1112 5738 facere.
1153 5684 1263 5740 Nos
1297 5687 1383 5742 hic
1406 5691 1718 5743 necessaria
1763 5689 1945 5742 itineri
1978 5703 2108 5756 pro—

546 5769 872 5838 videbitnus.
929 5772 1055 5828 Inde
1099 5789 1354 5830 reversus
1397 5785 1579 5833 autem
1630 5777 1681 5830 in
1725 5775 1955 5831 lberiam
1999 5776 2112 5832 dis-

551 5858 730 5929 redes,
765 5870 822 5916 ut
860 5862 1096 5921 advenas
1138 5881 1328 5923 recens
1377 5868 1510 5923 mihi
1562 5883 1824 5939 sponsam
1859 5883 2104 5933 uxorem,

2215 4675 2335 4733 licia
2357 4649 2724 4745 promiserim,
2743 4693 2864 4748 qua
2886 4677 3030 4732 inter
3046 4692 3146 4732 nos
3169 4677 3334 4733 locuti
3363 4673 3522 4729 simus
3546 4669 3593 4718 et
3608 4649 3705 4725 (ιιιίά

2213 4765 2393 4822 facere
2415 4759 2742 4836 cogitenls,
2774 4777 2938 4837 atque
2979 4769 3082 4824 hoc
3113 4771 3332 4840 quidem
3356 4765 3504 4818 etiam
3525 4755 3622 4808 sine
3638 4758 3704 4800 sa-

2214 4859 2485 4914 cramenti
2513 4859 2772 4929 religione
2793 4869 3004 4918 certum
3033 4871 3134 4925 est,
3175 4858 3463 4931 legationes
3487 4856 3535 4903 et
3555 4842 3705 4931 itinera

2215 4959 2307 5004 tua
2359 4953 2520 5004 tinem
2561 4927 2811 5004 habitura
2843 4965 2986 5006 esse.
3025 4927 3351 5021 Signiﬁcabo
3389 4950 3550 4998 autem
3577 4927 3704 4984 Nou-

2215 5057 2308 5104 ηιξ,
2339 5056 2536 5110 magno
2559 5042 2705 5107 duci,
2743 5058 2869 5096 cum
2924 5043 3108 5113 magni
3145 5042 3299 5098 ducis
3330 5042 3535 5092 munere
3559 5023 3704 5112 funga-

2215 5144 2322 5197 tur,
2353 5149 2462 5190 non
2493 5149 2652 5203 posse
2689 5148 2816 5190 eum
2843 5148 3075 5203 praeesse
3101 5135 3266 5189 etiam
3314 5113 3700 5183 administratam

2213 5227 2413 5282 oﬂicio.
2464 5229 2642 5296 Atque
2690 5227 2795 5281 hoc
2857 5227 3004 5290 dico,
3034 5235 3094 5281 ut
3123 5235 3177 5280 te
3221 5239 3284 5281 eo
3311 5227 3515 5304 munere
3539 5207 3700 5304 οςηίξιξι

2212 5315 2398 5388 Neque
2429 5325 2610 5372 tamen
2639 5318 2813 5382 decet,
2833 5317 3068 5388 spoliare
3093 5331 3178 5371 me
3199 5329 3321 5370 eum
3349 5313 3441 5364 ista
3461 5296 3691 5388 dignitate:

2213 5385 2576 5464 Contemnere
2598 5410 2746 5463 enim
2777 5385 2902 5463 eum
2935 5409 3238 5470 videamur,
3265 5403 3363 5461 nisi
3385 5385 3698 5481 οιδνθθίθῳθῗ

2213 5500 2612 5570 aliquantisper
2635 5509 2690 5555 et
2712 5499 2933 5554 modum
2967 5501 3367 5570 excogitemus,
3385 5504 3483 5558 quo
3502 5490 3599 5534 eam
3614 5475 3698 5570 ipr

2214 5568 2318 5646 sua
2343 5568 2536 5660 sponte
2567 5592 2825 5660 deponat.
2851 5568 3145 5647 Enimvero
3176 5587 3386 5645 habebit
3420 5568 3696 5665 ruma-“ili”

2213 5702 2332 5740 mas
2375 5657 2432 5739 in
2496 5657 2749 5751 consilio,
2799 5693 2854 5739 et
2903 5683 3124 5738 aliunde
3159 5679 3370 5751 aliquod
3398 5657 3695 5769 ξιίρξδηίξᾞῗέξ

2211 5776 2650 5846 quandoquidem
2692 5747 2777 5829 me
2823 5790 3038 5844 quoque
3065 5775 3204 5830 duos
3223 5791 3252 5828 e
3279 5764 3532 5826 nobilitate
3557 5747 3675 5846 conti

2215 5870 2424 5933 liarios,
2468 5867 2656 5938 quales
2738 5867 2925 5922 habuit
2995 5869 3310 5936 imperator,
3369 5858 3515 5918 frater
3555 5839 3689 5892 ωει¹⁵ο
