3976 6626
354 448 466 513 8⁵29

1407 454 1844 517 CHRONICON
1885 457 2028 519 MAI
2038 457 2154 520 US.
2183 482 2252 494 ·-
2282 457 2426 518 LIB.
2469 457 2585 518 ΠΙ.

3501 461 3604 524 830

353 573 457 642 τῆς
496 573 638 642 ἐμῆς
670 569 946 642 θυγατρὸς
977 571 1205 639 γένηται
1232 586 1246 601 ⁸
1277 572 1406 642 περῖ⁵
1443 573 1499 625 δὲ
1527 573 1624 627 τοῦ
1647 572 1926 642 ὁφφικίου.
1956 569 2005 627 Δ
2035 573 2133 642 ρᾶν
2157 573 2208 624 τί
2237 572 2328 626 διὰ.
2356 572 2450 626 τοῦ
2483 571 2676 640 ἱερέως
2707 569 3005 627 Ἀντωνίου
3036 572 3226 644 μηνύει
3265 591 3391 643 μοις
3425 595 3455 628 ιη
3477 574 3609 631 Είτα

351 664 429 729 ὡς
459 665 520 718 τὸ
543 665 706 732 φέρον
740 664 904 733 φέρῃ,
944 664 1039 718 καὶ
1066 663 1290 718 ἀπέλθω
1324 667 1420 721 καὶ
1465 665 1547 728 εἰς
1593 666 1931 734 Πελοπόννη-

354 775 451 810 σον
485 760 581 810 καὶ
612 756 863 825 Κύπρον,
890 757 985 810 καὶ
1015 758 1111 810 σὺν
1140 759 1268 826 ἐμοὶ
1293 758 1412 828 ἇρω
1457 759 1552 812 κα)⁸
1584 759 1685 811 τὸν
1706 758 1930 824 ἄριστόν

357 869 464 920 μου
523 850 642 902 υιὸν
678 849 774 902 τὸν
810 849 908 901 καὶ
956 850 1242 913 κρείττονα
1270 852 1456 920 σχεδὸν
1487 852 1664 904 εἰπεῖν
1710 851 1930 904 πάντων

352 945 464 998 τῶν
493 942 904 1011 συνηλικιωτῶν
931 941 1124 1004 αὐτοῦ,
1157 944 1252 996 καὶ
1297 943 1405 997 ἀπὸ
1435 944 1531 1012 τῆς
1571 943 1796 1013 κινητῆς
1826 960 1927 1011 μου

353 1036 680 1106 περιουσίας
706 1037 768 1088 τὸ
802 1036 966 1090 πλέον
1020 1038 1215 1106 μέρος,
1245 1038 1342 1091 καὶ
1368 1037 1630 1091 ἀπελθεῖν
1665 1039 1815 1107 ἡμᾶς
1840 1037 1930 1091 διὰ

354 1127 549 1196 ξηρᾶς,
580 1127 730 1189 ὅπως
761 1127 1015 1191 κάκεῖνος
1055 1128 1140 1198 ίδῃ
1175 1130 1302 1192 τοὺς
1339 1130 1538 1192 τόπους
1569 1131 1666 1185 καὶ
1705 1130 1928 1183 παιδευ-

353 1219 586 1288 οήσεται
642 1220 722 1282 εἰς
769 1220 880 1272 πᾶν
907 1220 970 1272 τὸ
1022 1222 1302 1291 χρήσιμον
1337 1225 1396 1274 ἐν
1443 1224 1522 1292 τῷ
1562 1223 1696 1293 βίῳ·
1729 1223 1825 1276 καὶ⁹
1882 1224 1930 1275 εἰ

355 1311 561 1380 ἴδωμεν
590 1312 676 1364 ὅτι
705 1311 932 1381 ἀμηρᾶς
959 1311 1087 1365 καθ’
1119 1311 1276 1383 ήμῶν
1315 1313 1568 1384 βούλεταί
1595 1331 1647 1366 τι
1679 1313 1929 1380 ποιῆσαι,

355 1403 508 1456 ἐάσω
537 1402 631 1456 τὸν
660 1403 774 1456 υίόν
809 1421 912 1474 μου
946 1405 1006 1458 έν
1033 1407 1100 1475 τῇ
1141 1406 1535 1477 Πελοποννήσῳ
1559 1407 1696 1474 μετὰ
1728 1407 1824 1474 τῆς
1846 1424 1934 1458 κι-

353 1495 530 1565 νητῆς
561 1512 666 1565 μου
693 1497 985 1565 ὑπάρξεως
1009 1498 1162 1568 παρὰ
1187 1500 1300 1564 τοίς
1320 1500 1607 1568 μητρικοίς
1639 1499 1802 1570 23o
1827 1516 1930 1570 μου

354 1588 604 1653 γνησίοις
665 1591 984 1656 συγγενέσι,
1015 1592 1130 1653 τοῖς
1177 1591 1528 1645 κατοικοῦσιν
1567 1593 1625 1645 ὲν
1670 1595 1790 1654 ταῖς
1822 1593 1933 1662 χώο

357 1696 484 1748 ραις
535 1679 632 1732 τοῦ
674 1681 1096 1751 μελλογάμσρου
1129 1687 1248 1752 ’μου
1272 1697 1288 1714 ⁶
1324 1686 1375 1738 εἰ
1407 1685 1466 1737 δὲ
1516 1686 1616 1738 ούκ
1672 1685 1858 1740 ισεταί
1883 1703 1933 1738 τι

356 1770 485 1825 καθ’
525 1771 708 1841 ήμῶν,
744 1774 1132 1845 ἑπαναστρέψῃ
1164 1774 1328 1830 πάλιν
1358 1777 1459 1830 σὺν
1493 1778 1618 1848 ἐμοὶ
1651 1778 1708 1831 ὲν
1733 1781 1798 1847 τῇ
1828 1796 1934 1833 πα-

354 1865 523 1932 τρίδι.
567 1864 800 1918 Ἕνεκεν
861 1866 1052 1920 λοιπὸν
1089 1868 1201 1920 τῶν
1259 1871 1571 1939 εἰρημένων
1620 1871 1815 1926 πασῶν
1845 1874 1934 1924 al-

2036 664 2364 734 παραλιπὼν
2400 663 2500 731 τὴν
2548 662 2706 734 ὕϐριν
2735 662 2886 730 λέγει
2941 681 3036 734 μοι
3083 665 3267 731 πάλιν,
3311 686 3328 718 ι
3371 669 3444 721 Σὺ
3483 668 3608 737 ἐζή-

2035 773 2208 826 τησας
2239 757 2300 809 τὸ
2330 756 2588 824 ὀφφίκιον
2617 756 2714 810 τοῦ
2759 757 2999 826 μεγάλου
3030 759 3422 813 κοντοσταύλου
3443 777 3459 794 ο
3495 761 3606 829 ἐγὼ

2037 846 2192 902 εἷπον
2219 848 2298 918 τῷ
2323 850 2548 920 Νοταρᾷ
2575 851 2658 902 ὃτι
2687 848 2812 902 οὔτε
2842 851 2990 920 ἄλλῳ
3017 851 3126 904 τινὶ
3153 852 3310 906 δώσω
3339 853 3434 907 διὰ.
3456 871 3608 917 τινας

2037 941 2219 1006 αἰτίας
2254 942 2331 1006 ώς
2367 938 2557 996 εἷπονο
2583 943 2701 997 ἀλλ’
2749 943 2888 1013 ἔφην
2918 944 3068 1015 αύτῷ
3113 946 3204 1000 ἴνα
3237 946 3393 1000 δώσω
3428 965 3512 1000 σοι
3547 947 3608 999 τὸ

2036 1034 2295 1106 ὀφφίκιον
2322 1035 2418 1089 τοῦ
2453 1035 2697 1106 μεγάλου
2725 1037 3036 1105 λογοθέτου.
3080 1038 3140 1095 '0
3169 1039 3226 1092 δὲ
3253 1035 3374 1094 εῐπέ
3404 1057 3496 1109 μοι
3526 1041 3608 1095 ὅτι

2039 1129 2088 1181 εἰ
2125 1129 2156 1181 ὁ
2207 1127 2582 1196 Παλαιοὶόγος
2630 1129 2787 1200 331
2825 1132 2852 1184 ὁ
2895 1131 3071 1201 μέγας
3123 1134 3610 1203 στρατοπεδάρχης

2036 1218 2246 1289 ἀκούσῃ
2275 1217 2457 1283 τοῦτο,
2498 1221 2550 1272 τί
2594 1222 2922 1290 γενήσεται,
2961 1223 3011 1275 εἰ
3055 1224 3136 1276 σοὶ
3169 1225 3516 1293 εὐεργετήσω
3551 1226 3610 1276 το

2037 1310 2282 1364 τοιοῦτον
2333 1311 2574 1382 ἀξίωμα.
2625 1314 2740 1367 Καὶ
2791 1316 3033 1384 σήμερον
3077 1315 3317 1369 ἔστειλεν
3371 1317 3430 1370 ὃν
3471 1314 3611 1378 εἶδες

2040 1399 2299 1466 ἐξελθεῖν,
2328 1402 2420 1454 τὸν
2448 1405 2510 1454 ἐν
2534 1402 2781 1472 σχήματι
2814 1406 2913 1457 κοιλ⁸
2933 1404 3138 1476 θεωρίᾳ.
3165 1408 3501 1476 ἐπιτήδειον,
3532 1408 3610 1479 τῷ

2038 1492 2095 1546 δὲ
2119 1493 2309 1564 τρόπῳ
2338 1494 2435 1547 καὶ
2462 1493 2546 1548 νοῒ
2578 1495 2843 1565 ἄγροικον
2871 1495 2978 1549 καὶ
3017 1498 3463 1566 ἀνωφελέστατον
3491 1501 3612 1554 Ἀν-

2038 1585 2232 1639 τώνιον
2259 1586 2434 1654 ἰερὲα,
2463 1586 2634 1640 αἰτῶν
2683 1605 2773 1657 μοι
2808 1587 2896 1640 ἵνα
2935 1590 3154 1658 τιμήσω
3193 1591 3317 1653 τοὺς
3347 1595 3609 1645 σκαιοτά-

2039 1693 2166 1740 τους
2190 1678 2287 1731 καί.
2343 1678 2642 1740 ἀσυνέτους
2693 1679 2847 1742 υἱοὺς
2877 1680 3069 1740 αὐτοῦ,
3116 1681 3206 1733 τὸν
3239 1682 3337 1750 μὲν
3393 1684 3610 1752 πρῶτον

2046 1770 2218 1837 μέγαν
2244 1768 2562 1840 λογοθέτην,
2589 1770 2680 1823 τὸν
2710 1771 2766 1823 δὲ
2804 1771 3058 1841 δεύτερον
3089 1773 3265 1840 μέγαν
3292 1776 3613 1829 κοντόσταυ-

2042 1861 2154 1923 λον,
2205 1863 2328 1916 ἐπεὶ
2381 1863 2476 1917 καὶ
2509 1863 2634 1924 τοὺς
2685 1864 2922 1934 ἐσθῆτας
2978 1867 3184 1930 ἐκεῖνος
3229 1868 3410 1939 ἄρχει,
3473 1872 3611 1940 ὅπερ

353 1929 512 2022 τιῶν,
541 1957 791 2027 δηλονότι
841 1958 941 2012 τοῦ
998 1929 1341 2014 συνοικεσίου
1371 1929 1478 2031 Ἰτῆς
1523 1962 1793 2031 θυγατρός
1829 1980 1930 2032 μου
1966 1929 2004 1983 Β
2036 1955 2184 2008 ἐστὶν
2213 1957 2244 2024 ή
2278 1956 2556 2026 ὑπηρεσία
2585 1955 2680 2009 τοῦ
2713 1929 2877 2010 αὑτοῦ
2912 1959 3195 2028 ὀφφικίου.
3227 1929 3433 2015 Λοιπθν
3465 1929 3610 2032 λέγώ

359 2049 458 2102 καὶ
488 2049 590 2118 τῆς
626 2050 813 2120 μάχης
847 2051 1094 2121 ὑποψίας
1133 2055 1370 2107 καὶτῶν
1411 2054 1639 2120 λοιπῶν,
1672 2055 1747 2117 ὡς
1774 2055 1932 2124 προεί

356 2158 556 2210 πομεν,
585 2144 618 2212 ή
651 2142 910 2207 σύνευνός
963 2163 1064 2216 μου
1101 2147 1452 2218 συνεχώρησε
1481 2147 1580 2216 τήν
1621 2147 1784 2202 πάλιν
1813 2146 1932 2210 ἑξέ-

354 2235 543 2288 λευσίν
587 2254 713 2304 μου.
762 2237 850 2300 Ὠς
879 2238 976 2291 οὖν
1001 2239 1063 2291 τὸ
1101 2239 1200 2302 τῆς
1246 2239 1511 2310 θυγατρός
1550 2258 1652 2308 μου
1683 2239 1931 2293 συνοικέο

356 2345 478 2382 σιον
508 2329 927 2400 διωρθώσαμεν,
983 2332 1313 2400 ποιήσαντες
1362 2336 1431 2388 τὰ
1465 2334 1932 2404 προικοσύμφωνα

353 2420 452 2472 καὶ
491 2419 799 2488 ίερολογίαν
828 2421 924 2473 τοῦ
963 2421 1309 2492 ἀρραϐῶνος,
1347 2423 1443 2474 καὶ
1483 2422 1660 2491 χαρὰν
1691 2422 1780 2475 διὰ
1805 2421 1932 2485 τοὺς

350 2509 573 2580 γάμους
633 2511 986 2580 ποιήσαντες,
1043 2511 1219 2565 πάντα
1265 2513 1332 2565 τὰ
1393 2513 1670 2580 ἀναγκαῖα
1714 2512 1803 2566 διὰ
1833 2515 1932 2581 τὴν

349 2607 473 2658 ὁδὸν
521 2605 980 2674 ᾠκονομήσαμεν,
1043 2607 1091 2658 εἰ
1147 2605 1222 2674 μὴ
1291 2606 1454 2675 μόνον
1501 2606 1598 2668 τὰς
1647 2603 1932 2673 βασιλικὰς

334 2697 688 2773 Δπροστάξεις
742 2697 833 2751 διὰ
893 2699 1245 2768 γραμμάτων
1298 2698 1671 2769 προσεδόκουν
1722 2696 1930 2752 λαϐεῖν.

352 2791 464 2842 Kal.
479 2789 830 2854 ἀπελθὼν-εἰς
852 2789 912 2844 τὸ
931 2791 1188 2845 παλάτιον
1209 2791 1531 2862 εἰσελήλυθα
1553 2791 1700 2844 ἔνδον
1726 2790 1818 2844 τοῦ
1837 2789 1932 2843 τοῦ

352 2879 615 2949 βασιλέως
636 2880 873 2947 κελλίου,
905 2881 982 2944 ὡς
1012 2880 1240 2950 σύνηθές
1271 2899 1382 2952 μοι,
1416 2883 1510 2936 καὶ
1523 2882 1622 2952 οὐχ
1646 2881 1805 2950 εὖρον
1836 2881 1936 2935 αύ-

348 2977 466 3028 τόν.
496 2975 629 3044 Περὶ
661 2973 722 3027 οὗ
745 2974 1027 3045 ἠρώτησα,
1047 2976 1144 3028 καὶ
1168 2975 1365 3046 ἐρρέθη
1390 2992 1481 3044 μοι
1497 2976 1646 3028 ὅτιὲν
1673 2974 1750 3045 τῷ
1768 2992 1935 3044 τρασ-

354 3068 508 3137 σάρῳ
533 3067 794 3137 δωματίῳ
823 3067 998 3138 ἑτέρῳ
1049 3068 1282 3137 πλησίον
1348 3066 1444 3120 τοῦ
1469 3067 1702 3137 εκελλίου
1767 3067 1934 3121 αὑτοῦ

352 3159 638 3214 συνελάλει
671 3160 748 3230 τῷ
780 3161 919 3229 ἰερεῖ
955 3159 1221 3230 Ἀντωνίῳ
1248 3160 1548 3231 τῷῬοδίῳ.
1568 3160 1740 3228 Κάγὼ
1765 3177 1935 3230 προσο

2033 2049 2386 2121 εὐεργετήσω
2420 2051 2606 2114 αὐτοῖς
2647 2051 2785 2105 ἄλλα
2826 2051 3061 2120 ὀφφίκια
3116 2054 3255 2122 μετὰ
3297 2056 3515 2123 καιρὸν,
3550 2057 3609 2108 ού

2033 2141 2308 2209 τοσαύτης
2364 2142 2522 2207 ἀξίας
2570 2143 2743 2212 ὅμως,
2794 2142 2912 2196 ἀλλ’
2967 2142 3366 2198 ἐλάττοναοσὺ
3401 2147 3458 2199 δὲ
3510 2146 3608 2216 ἔσῃ

2032 2235 2142 2288 ἀπὸ
2178 2235 2271 2286 τοῦ
2307 2233 2403 2286 νῦν
2453 2235 2628 2304 μέγας
2656 2235 2974 2306 λογοθέτης.
3010 2236 3183 2290 Τοῦτο
3213 2237 3272 2290 δὲ
3314 2237 3410 2292 καὶ
3447 2237 3611 2307 μόνον

2035 2325 2402 2397 παραγγέλλω
2433 2344 2536 2388 σοι,
2570 2328 2652 2380 ὃτι
2698 2327 2792 2382 διὰ
2819 2328 2887 2382 τὰ
2935 2327 3226 2398 συμϐάντα
3260 2327 3356 2381 τοῦ
3414 2329 3608 2398 καιροῦ

2035 2417 2254 2478 καὶτὰς
2289 2416 2636 2481 ποικιλώδεις
2667 2417 2894 2488 γνώμας
2923 2417 3031 2471 τῶν
3065 2417 3349 2487 ἀρχόντων
3387 2418 3482 2471 καὶ
3511 2419 3606 2471 ἄλ-

2033 2509 2131 2571 λας
2177 2510 2350 2571 αἰτίας
2406 2511 2481 2578 μὴ
2543 2511 2948 2580 προσκυνήσεις
2985 2522 3054 2580 μα
3121 2511 3203 2573 εἰς
3257 2514 3606 2580 παράστασιν

2033 2602 2250 2672 ἑορτῆς,
2290 2601 2367 2665 ὡς
2395 2601 2578 2668 ἔξεστι
2597 2601 2674 2673 τῷ
2707 2603 2949 2672 ὀφιρικίῳ
2981 2620 3100 2667 σου,
3127 2605 3175 2656 εἰ
3203 2605 3277 2675 μὴ
3299 2607 3326 2657 ὁ
3359 2605 3609 2674 Νοταρᾶς

2033 2695 2235 2766 γράψει
2261 2697 2320 2750 ὲν
2352 2699 2473 2760 ταῖς
2516 2696 2651 2767 πρὸς
2685 2695 2817 2759 τοὺς
2844 2696 3215 2766 αύταδέλφους
3259 2714 3359 2768 μου
3389 2699 3482 2750 καὶ
3511 2699 3608 2765 τὴν

2033 2788 2264 2857 ἀνεψιάν
2321 2792 2424 2856 μόυ
2457 2786 2558 2857 τὴν
2607 2789 2880 2858 ῥήγισσαν
2907 2788 3245 2855 ἐπιστολαῖς,
3277 2790 3372 2843 καὶ
3421 2790 3608 2853 ἁπλῶς

2035 2879 2172 2949 πρὸς
2227 2878 2438 2941 πάντας
2473 2877 2569 2942 οὒς
2606 2877 2789 2948 μέλλω
2837 2878 3069 2948 γράψειν
3119 2880 3380 2951 περὶτῆς
3430 2883 3609 2933 ἐκεῖσε

2033 2971 2368 3042 ἀποδημίας,
2408 2971 2475 3024 σὺ
2527 2971 2585 3024 δὲ
2614 2971 2974 3040 ἀντιγράψεις
3019 2969 3188 3024 πάλιν
3225 2973 3434 3024 ἐκεῖθεν
3474 2973 3610 3043 πρός

2039 3081 2107 3134 με
2133 3064 2228 3117 καὶ
2259 3063 2399 3134 πρὸς
2424 3063 2637 3126 πάντας
2673 3063 2768 3116 τοῦ
2792 3064 2944 3116 οῐκου
2978 3081 3092 3121 σου.
3131 3065 3194 3117 Εἰ
3237 3065 3330 3116 καὶ
3354 3065 3410 3115 ὲν
3436 3063 3612 3132 τούτῳ

2036 3155 2113 3225 τῷ
2150 3153 2304 3225 μέσῳ
2342 3155 2623 3229 ἀκούσωσι
2658 3154 2709 3207 οἰ
2740 3154 2814 3224 μὴ
2846 3154 3117 3220 θέλοντες,
3149 3156 3241 3208 καί⁸
3281 3155 3329 3206 εἰ
3378 3155 3612 3224 φανήσε-

355 3253 550 3322 μείνας
581 3252 801 3323 μικρδν,
837 3252 950 3307 ἰδοὺ
979 3253 1008 3304 ὁ
1059 3252 1314 3322 βασιλεὺς
1359 3252 1724 3323 ἐξερχόμενος
1757 3252 1930 3318 θυμοῦ
1957 3275 2001 3333 c
2037 3266 2126 3302 ται
2155 3250 2341 3314 αὐτοῖς
2372 3248 2645 3318 αὐστηρὸν
2672 3248 2703 3319 ἢ
2746 3247 2964 3318 πικρὸν,
3009 3246 3261 3311 θέλοντες
3300 3247 3392 3298 καὶ
3420 3245 3493 3312 μὴ
3527 3246 3612 3297 θέ-

348 3343 539 3397 πνέων
566 3342 714 3413 λέγει
759 3360 849 3414 μοι
875 3358 890 3373 ⁸
928 3362 948 3396 ι
987 3341 1146 3408 Εἶδες
1173 3344 1270 3398 τὸν
1301 3344 1616 3415 μεσάζοντα
1641 3344 1732 3397 τὸν
1759 3344 1933 3397 Νετε-

341 3529 440 3598 jus
468 3525 564 3581 illo
591 3535 698 3581 est.
724 3545 742 3578 ι
789 3525 892 3581 Cui
923 3525 1209 3595 respondi,
1239 3524 1453 3580 etiamsi
1492 3526 1674 3594 majus
1704 3532 1851 3582 esset
1877 3525 1931 3580 id

347 3619 588 3674 cilicium
622 3618 800 3688 magni
831 3618 988 3674 ducis
1043 3617 1242 3684 cilicio,
1275 3627 1456 3672 tamen
1491 3632 1599 3673 non
1641 3632 1930 3687 passurum

351 3727 442 3766 me
475 3725 616 3777 esse,
650 3711 738 3764 alii
782 3709 834 3763 id
871 3711 1191 3779 derogatum
1234 3709 1289 3764 in
1346 3724 1433 3765 me
1466 3709 1730 3776 conterri,
1767 3717 1932 3778 atque

350 3809 432 3861 ita
468 3806 630 3860 linem
685 3804 874 3858 habuit
921 3804 1284 3873 colloquium.
1333 3803 1697 3859 Consultante
1751 3814 1929 3858 autem

352 3912 444 3953 me
478 3911 598 3951 cum
642 3897 904 3966 cognatis,
958 3895 1149 3950 amicis
1194 3904 1249 3950 et
1291 3894 1664 3950 familiaribus
1726 3895 1793 3949 de
1841 3893 1928 3958 iis,

353 4003 477 4060 quae
507 3989 800 4057 imperator
829 3988 958 4043 mihi
984 3998 1364 4058 proposuerat,
1425 3987 1681 4042 omnibus
1709 3985 1932 4068 videba-

358 4095 465 4144 tur,
484 4091 545 4136 ιιι
570 4081 884 4151 conjugium
911 4080 1037 4135 lilia“:
1066 4095 1198 4136 mea:
1233 4081 1404 4145 ﬁeret,
1428 4081 1496 4135 de
1547 4079 1721 4134 ofﬁcio
1747 4087 1927 4134 autem

356 4179 587 4229 fortuna:
625 4189 711 4228 me
738 4176 1156 4239 committerem,
1185 4182 1349 4243 atque
1385 4173 1441 4228 in
1495 4172 1928 4241 PeIOponuesum

353 4277 410 4323 et
439 4269 672 4338 Cyprum
710 4267 1086 4344 proficiscerer
1115 4277 1173 4320 et
1221 4275 1508 4335 assumpto
1550 4265 1664 4319 lilio
1718 4263 1929 4333 optimo

354 4377 440 4426 ac,
487 4375 656 4432 prope
706 4359 908 4423 dicam,
961 4359 1265 4427 aequalibus
1331 4359 1450 4414 suis
1483 4358 1739 4413 omnibus
1793 4371 1932 4427 prie-

354 4456 646 4523 stantiore,
677 4461 731 4506 et
787 4452 996 4522 majore
1026 4459 1181 4522 parte
1237 4465 1400 4520 opum
1463 4451 1773 4515 mobilium,
1832 4464 1930 4518 per

354 4547 723 4600 continentem
763 4545 866 4599 iter
899 4543 1160 4610 facerem,
1195 4551 1253 4598 ut
1302 4543 1395 4598 ille
1443 4557 1663 4612 quoque
1713 4554 1808 4595 eas
1846 4555 1929 4595 re-

2038 3343 2221 3406 λοντες
2252 3343 2600 3396 καταπίωσιν
2632 3341 2785 3396 αὑτό.
2822 3359 2842 3392 ι
2891 3338 3031 3409 Ἐγὼ
3075 3339 3132 3393 δὲ
3185 3339 3495 3410 ἀπεκρίθην
3535 3340 3612 3408 τῷ

2033 3524 2300 3580 Palatium
2342 3525 2508 3596 igitur
2535 3533 2589 3580 et
2619 3524 2928 3580 cubiculum
2973 3523 3321 3592 imperatoris
3355 3536 3455 3592 pro
3483 3535 3615 3576 con-

2033 3618 2320 3673 suetudine
2348 3633 2468 3674 mea
2504 3618 2809 3687 ingressus,
2849 3618 3028 3686 ipsum
3067 3632 3176 3671 non
3221 3617 3461 3671 invenio.
3506 3616 3615 3670 Ro-

1996 3712 2179 3781 .ganti
2217 3711 2350 3766 mihi
2381 3725 2705 3780 responsant
2759 3717 2867 3775 est,
2901 3709 3146 3780 colloqui
3208 3725 3334 3763 eum
3405 3711 3458 3762 in
3485 3724 3614 3762 con-

2035 3800 2168 3854 clavi
2202 3799 2456 3856 cobiculo
2486 3799 2666 3854 vicino
2690 3814 2814 3854 cum
2848 3798 3090 3854 Antonio
3123 3799 3428 3860 sacerdote.
3463 3797 3612 3852 Rho-

2033 3893 2145 3947 dio.
2172 3891 2361 3961 Itaque
2380 3891 2665 3962 przestolor
2685 3891 3026 3961 aliquandiu,
3053 3907 3176 3946 cum
3202 3906 3330 3946 ecce
3355 3893 3613 3960 prodictas

2034 3985 2326 4054 imperator
2379 3984 2456 4038 ira
2508 3983 2766 4040 incensus
2823 3997 2911 4037 me
2962 3982 3255 4038 inclamat:
3304 4001 3322 4032 ι
3369 3981 3620 4045 Nostine,-

2036 4073 2363 4144 inquit,.qui
2395 4088 2428 4127 a
2457 4073 2732 4129 mandatis
2765 4073 2899 4128 mihi
2930 4083 3014 4128 est
3057 4071 3294 4126 Notarasv
3336 4071 3464 4140 quid
3521 4085 3615 4138 per

2031 4168 2327 4222 Antonium
2360 4169 2698 4222 sacerdotem
2740 4165 2872 4221 mihi
2901 4165 3210 4235 signiticet?
3239 4184 3257 4217 ι
3293 4165 3496 4220 Deinde
3530 4179 3616 4217 re-

2031 4265 2199 4317 missa
2268 4261 2544 4329 superbia,
2599 4260 2788 4314 addit:
2853 4277 2872 4311 ι
2940 4258 3214 4329 Cupivisti
3261 4267 3320 4313 tu
3373 4257 3610 4312 cilicium

2034 4352 2210 4421 magni
2245 4351 2574 4407 contostauli
2605 4368 2619 4404 :
2655 4350 2797 4420 quod
2851 4365 2956 4406 nec.
3003 4349 3100 4404 alii
3150 4350 3406 4434 cuiquan}
3459 4350 3619 4404 datu-

2032 4462 2155 4500 rum
2196 4460 2284 4500 me
2307 4461 2430 4502 esse
2459 4455 2681 4515 propter
2718 4460 2937 4510 causas,
2989 4459 3128 4515 quas
3160 4443 3612 4504 commemorari.

2029 4538 2244 4591 Natat-ae
2281 4536 2470 4592 edixi:
2502 4538 2596 4591 tibi
2642 4552 2774 4592 vero
2819 4537 3074 4592 daturum
3130 4552 3216 4592 me
3249 4551 3371 4590 esse
3431 4536 3611 4600 magni

354 4639 547 4709 gioncs
575 4646 936 4706 cognosceret
961 4645 1014 4691 et
1043 4637 1110 4690 ad
1169 4650 1390 4690 omnem
1449 4635 1759 4696 scientiam,
1809 4649 1930 4702 qua:
1964 4618 2008 4668 ί)
2039 4630 2324 4700 logotheta:
2352 4631 2614 4686 cilicium.
2649 4630 2728 4685 Ad
2765 4646 2887 4700 qua:
2925 4630 3014 4686 ille
3051 4629 3370 4698 respondit:
3425 4627 3482 4684 Si
3515 4628 3616 4681 hac

353 4731 486 4799 quid
550 4733 710 4785 habet
773 4730 840 4782 ad
905 4730 1074 4783 vitam
1153 4730 1444 4794 commodi,
1513 4729 1929 4793 institueretur,

353 4836 540 4891 atque,
576 4823 621 4876 si
638 4823 1024 4886 sensissemus,
1043 4835 1282 4877 ameram
1314 4821 1519 4890 aliquid
1538 4821 1802 4877 adversus
1831 4836 1933 4876 nos

355 4913 558 4976 moliri,
602 4913 772 4967 lilium
804 4929 926 4968 cum
984 4913 1145 4969 bonis
1196 4913 1491 4967 mobilibus
1548 4913 1603 4968 in
1664 4911 1932 4981 Pelopon-

355 5021 493 5060 neso
519 5005 659 5073 apud
697 5013 976 5060 maternos
1001 5012 1290 5075 cognatos,
1320 5004 1375 5059 in
1408 5018 1541 5073 agro
1570 5003 1732 5058 futuri
1757 5003 1934 5058 allinis

356 5096 462 5148 ιιιρί
501 5095 822 5160 habitantes,
849 5093 1257 5164 relinquerem;
1312 5093 1398 5147 sin
1438 5092 1574 5146 nihil
1606 5101 1797 5146 contra
1829 5107 1931 5145 nos

357 5186 581 5240 uisurus
613 5193 776 5249 esset,
808 5200 934 5239 eum
963 5200 1178 5240 mecum
1211 5186 1267 5238 in
1320 5185 1550 5254 patriam
1585 5185 1928 5239 reducerem.

355 5275 623 5329 Caeterum
656 5275 728 5330 ob
758 5289 950 5328 omnes
985 5275 1105 5329 illas
1139 5289 1357 5339 causas,
1390 5289 1532 5340 quos
1589 5288 1929 5328 commemo-

357 5365 496 5428 ravi,
559 5364 679 5419 lilia:
713 5365 1055 5434 coniugium,
1119 5365 1492 5434 suspicionem
1555 5366 1680 5420 belli
1709 5374 1762 5419 et
1803 5365 1930 5418 reli-

356 5471 484 5525 qua.
519 5456 718 5525 conjux
749 5446 890 5521 mea,
922 5467 982 5512 ut
1013 5472 1179 5526 supra
1210 5440 1344 5518 dixi.
1371 5459 1550 5513 denuo
1591 5473 1677 5511 me
1709 5469 1932 5526 peregre

359 5549 629 5614 proficisci
657 5564 816 5618 passa
852 5558 956 5604 est.
988 5549 1280 5619 Postquam
1341 5549 1507 5619 igitur
1562 5549 1686 5603 ﬁlia:
1741 5549 1931 5617 conju-

357 5641 504 5709 giqu
557 5640 904 5710 perfecimus.
985 5651 1204 5711 peracta
1286 5639 1434 5697 dotis
1492 5653 1546 5696 et
1602 5641 1929 5701 arrhabonis

358 5731 678 5798 sponsione,
717 5733 915 5802 gaudio
960 5742 1181 5804 propter
1225 5735 1443 5803 nuptias
1487 5734 1711 5802 impleti,
1746 5733 1928 5787 omnia

357 5821 424 5874 ad
459 5822 758 5878 faciendum
793 5827 892 5881 iter
927 5826 1232 5882 necessaria
1292 5825 1651 5896 providimus.
1693 5841 1792 5880 nec
1814 5827 1925 5894 jam

358 5931 498 5984 opus
561 5927 696 5984 erat,
769 5919 870 5974 nisi
940 5919 1156 5990 scriptis
1211 5919 1482 5975 mandatis
1560 5919 1924 5986 inperatoris.

2042 4733 2094 4778 te
2119 4723 2381 4793 dignitate
2412 4737 2718 4788 ornassem,
2770 4723 2908 4791 quid
2965 4722 3212 4776 futurum
3266 4731 3431 4784 esset,
3491 4735 3613 4791 cum

2043 4815 2376 4884 Palaeologus
2409 4825 2638 4884 magnus
2664 4816 3109 4884 stratopedarcha
3143 4816 3196 4868 id
3238 4815 3614 4884 cognovisset?

2038 4906 2156 4962 Jant
2192 4908 2353 4962 hodie
2402 4907 2551 4961 misit
2597 4907 2664 4960 ad
2727 4921 3021 4974 me,quem
3053 4917 3346 4961 exeuntem
3401 4905 3610 4967 vidisti.

2043 5000 2226 5052 habitu
2256 5007 2310 5052 et
2342 4997 2526 5066 specie
2558 4997 2843 5061 idoneum,
2876 4996 3125 5050 moribus
3151 5005 3205 5049 et
3240 4995 3461 5064 ingenio
3497 4997 3616 5050 hor-

2041 5090 2220 5143 ridum
2241 5101 2294 5144 et
2321 5089 2630 5158 improbum
2662 5089 2958 5143 Antonium
2996 5088 3364 5149 sacerdotem,
3391 5103 3617 5157 rogans.

2043 5193 2102 5235 ut
2133 5182 2504 5251 iueptissimos
2538 5182 2710 5251 ipsius
2743 5191 2796 5236 et
2851 5180 3082 5237 stolidos
3146 5181 3308 5247 lilios,
3347 5181 3609 5250 tnaj'urem

2041 5292 2294 5344 magnum
2325 5275 2674 5344 logothetam,
2705 5275 2976 5329 minorem
3003 5291 3255 5344 magnum
3301 5283 3620 5330 contostau-

2041 5367 2150 5420 lum
2176 5381 2376 5431 creetur,
2399 5381 2522 5420 cum
2557 5365 2644 5419 ille
2661 5366 2820 5420 etiam
2850 5364 3190 5420 vestimentis
3241 5366 3444 5432 praesit,
3468 5365 3612 5435 quod

2038 5457 2320 5527 proprium
2354 5456 2472 5525 ejus
2500 5471 2698 5510 munus
2732 5465 2837 5511 cst.
2865 5455 3112 5510 Attamen
3143 5456 3454 5519 consentio,
3489 5470 3613 5523 pro-

2039 5553 2265 5608 cedente
2293 5559 2532 5619 tempore
2562 5549 2816 5603 daturum
2849 5565 2934 5605 me
2985 5551 3052 5603 iis
3104 5566 3228 5605 esse
3269 5549 3374 5603 alia
3411 5547 3607 5610 ofﬁcia,

2039 5656 2147 5694 non
2178 5640 2310 5694 tanti
2351 5650 2528 5694 tamen
2563 5640 2846 5709 ponderis,
2885 5639 2976 5694 scd
3024 5641 3269 5704 leviora;
3333 5649 3388 5692 tu
3424 5647 3607 5692 autent

2039 5731 2238 5787 dehinc
2265 5745 2492 5801 magnus
2522 5729 2798 5799 logothcta
2832 5731 2963 5786 eris.
2998 5730 3195 5784 Verum
3235 5731 3337 5783 hoc
3359 5744 3524 5783 unum
3559 5735 3611 5782 ιε

2039 5837 2257 5889 moneo,
2286 5832 2344 5876 ut
2369 5831 2591 5892 propter
2626 5823 2887 5891 temporis
2939 5831 3128 5877 eventa
3179 5832 3228 5876 et
3265 5821 3444 5876 varias
3486 5835 3612 5889 pro-

2038 5932 2220 5974 cerum
2253 5917 2558 5972 voluntates
2591 5915 2834 5986 aliasque
2873 5929 3069 5972 causas
3115 5913 3168 5970 in
3205 5914 3462 5970 festorum
3491 5910 3617 5967 dies.
