  <div class='ocr_page' id='page_1' title='image "/cluster/home/n/w/nwhite01/storage/ocr_20150623/156/hvd.32044019208438/583.png"; bbox 0 0 3976 6576; ppageno 0'>
   <div class='ocr_carea' id='block_1_1' title="bbox 488 413 588 479">
    <p class='ocr_par' dir='ltr' id='par_1_1' title="bbox 488 413 588 479">
     <span class='ocr_line' id='line_1_1' title="bbox 488 413 588 479; baseline -0.02 -1"><span class='ocrx_word' id='word_1_1' title='bbox 488 413 588 479; x_wconf 75' lang='lat' dir='ltr'><strong>S&#39;ll</strong></span> 
     </span>
    </p>
   </div>
   <div class='ocr_carea' id='block_1_2' title="bbox 1734 429 2029 518">
    <p class='ocr_par' dir='ltr' id='par_1_2' title="bbox 1734 429 2026 493">
     <span class='ocr_line' id='line_1_2' title="bbox 1734 429 2026 493; baseline 0.003 -3"><span class='ocrx_word' id='word_1_2' title='bbox 1734 429 2026 493; x_wconf 83' lang='lat' dir='ltr'><strong>GEORGI</strong></span> 
     </span>
    </p>
   </div>
   <div class='ocr_carea' id='block_1_3' title="bbox 2133 429 3649 518">
    <p class='ocr_par' dir='ltr' id='par_1_3' title="bbox 2133 435 3649 518">
     <span class='ocr_line' id='line_1_3' title="bbox 2133 435 3649 518; baseline 0.016 -23"><span class='ocrx_word' id='word_1_3' title='bbox 2133 435 2530 501; x_wconf 75' lang='lat' dir='ltr'><strong>’HRAN&#39;I‘Z.B</strong></span> <span class='ocrx_word' id='word_1_4' title='bbox 3572 456 3649 518; x_wconf 70' lang='lat'><strong>832</strong></span> 
     </span>
    </p>
   </div>
   <div class='ocr_carea' id='block_1_4' title="bbox 486 532 3650 639">
    <p class='ocr_par' dir='ltr' id='par_1_4' title="bbox 486 532 3650 639">
     <span class='ocr_line' id='line_1_4' title="bbox 486 532 3650 639; baseline 0.013 -56"><span class='ocrx_word' id='word_1_5' title='bbox 486 532 699 639; x_wconf 65' lang='grc' dir='ltr'>βμσιλεῖ</span> <span class='ocrx_word' id='word_1_6' title='bbox 750 532 1037 639; x_wconf 48' lang='grc' dir='ltr'>λέγωνὶΑι</span> <span class='ocrx_word' id='word_1_7' title='bbox 1073 537 1277 639; x_wconf 46' lang='grc' dir='ltr'>Κύ-ριος</span> <span class='ocrx_word' id='word_1_8' title='bbox 1312 540 1340 592; x_wconf 85' lang='grc' dir='ltr'>ὁ</span> <span class='ocrx_word' id='word_1_9' title='bbox 1389 540 1525 605; x_wconf 71' lang='lat' dir='ltr'><strong>Bob;</strong></span> <span class='ocrx_word' id='word_1_10' title='bbox 1568 548 2055 615; x_wconf 85' lang='grc' dir='ltr'>μακροημερεῠσοι</span> <span class='ocrx_word' id='word_1_11' title='bbox 2091 560 2127 611; x_wconf 77' lang='grc' dir='ltr'><strong>Λ</strong></span> <span class='ocrx_word' id='word_1_12' title='bbox 2162 554 2270 606; x_wconf 71' lang='grc' dir='ltr'><strong>Καὶ</strong></span> <span class='ocrx_word' id='word_1_13' title='bbox 2328 532 2763 628; x_wconf 84' lang='grc' dir='ltr'>προσμείναντες</span> <span class='ocrx_word' id='word_1_14' title='bbox 2813 564 2992 631; x_wconf 79' lang='grc' dir='ltr'><strong>ὀλίγον</strong></span> <span class='ocrx_word' id='word_1_15' title='bbox 3048 565 3131 619; x_wconf 76' lang='grc' dir='ltr'>ἵνα</span> <span class='ocrx_word' id='word_1_16' title='bbox 3190 566 3403 635; x_wconf 81' lang='grc' dir='ltr'>ῑδωμεν,</span> <span class='ocrx_word' id='word_1_17' title='bbox 3455 571 3650 639; x_wconf 77' lang='grc' dir='ltr'>μήποτε</span> 
     </span>
    </p>
   </div>
   <div class='ocr_carea' id='block_1_5' title="bbox 482 625 3518 725">
    <p class='ocr_par' dir='ltr' id='par_1_5' title="bbox 482 625 3518 725">
     <span class='ocr_line' id='line_1_5' title="bbox 482 625 3518 725; baseline 0.012 -50"><span class='ocrx_word' id='word_1_18' title='bbox 482 625 542 675; x_wconf 82' lang='grc' dir='ltr'>τὸ</span> <span class='ocrx_word' id='word_1_19' title='bbox 567 626 769 725; x_wconf 64' lang='grc' dir='ltr'>κράτος</span> <span class='ocrx_word' id='word_1_20' title='bbox 794 643 915 725; x_wconf 69' lang='grc' dir='ltr'>σου.</span> <span class='ocrx_word' id='word_1_21' title='bbox 940 628 1130 725; x_wconf 45' lang='grc' dir='ltr'>ῗρμως</span> <span class='ocrx_word' id='word_1_22' title='bbox 1151 630 1407 725; x_wconf 73' lang='grc' dir='ltr'>δεόμενος</span> <span class='ocrx_word' id='word_1_23' title='bbox 1431 637 1740 702; x_wconf 79' lang='grc' dir='ltr'><strong>παρακαλῶ</strong></span> <span class='ocrx_word' id='word_1_24' title='bbox 1764 639 1863 707; x_wconf 80' lang='grc' dir='ltr'><strong>τὴν</strong></span> <span class='ocrx_word' id='word_1_25' title='bbox 1891 640 2055 704; x_wconf 84' lang='grc' dir='ltr'>ἁγίαν</span> <span class='ocrx_word' id='word_1_26' title='bbox 2156 646 2298 699; x_wconf 82' lang='grc' dir='ltr'>κατὰ</span> <span class='ocrx_word' id='word_1_27' title='bbox 2331 625 2432 717; x_wconf 65' lang='grc' dir='ltr'><strong>τήν</strong></span> <span class='ocrx_word' id='word_1_28' title='bbox 2459 625 2578 705; x_wconf 81' lang='grc' dir='ltr'>όδδν</span> <span class='ocrx_word' id='word_1_29' title='bbox 2616 625 2923 725; x_wconf 73' lang='grc' dir='ltr'>συναντήση</span> <span class='ocrx_word' id='word_1_30' title='bbox 2953 656 3083 724; x_wconf 81' lang='grc' dir='ltr'><strong>ἡμῖν</strong></span> <span class='ocrx_word' id='word_1_31' title='bbox 3107 674 3159 709; x_wconf 88' lang='grc' dir='ltr'>τι</span> <span class='ocrx_word' id='word_1_32' title='bbox 3191 625 3518 713; x_wconf 46' lang='grc' dir='ltr'>ἀπε-υκταϊονί</span> 
     </span>
    </p>
   </div>
   <div class='ocr_carea' id='block_1_6' title="bbox 484 716 2052 801">
    <p class='ocr_par' dir='ltr' id='par_1_6' title="bbox 484 716 2052 801">
     <span class='ocr_line' id='line_1_6' title="bbox 484 716 2052 801; baseline 0.015 -36"><span class='ocrx_word' id='word_1_33' title='bbox 484 732 578 767; x_wconf 89' lang='grc' dir='ltr'><strong>σου</strong></span> <span class='ocrx_word' id='word_1_34' title='bbox 612 716 913 785; x_wconf 84' lang='grc' dir='ltr'>βασιλείαν,</span> <span class='ocrx_word' id='word_1_35' title='bbox 943 720 1038 771; x_wconf 80' lang='grc' dir='ltr'><strong>ἐὰν</strong></span> <span class='ocrx_word' id='word_1_36' title='bbox 1068 722 1235 792; x_wconf 83' lang='grc' dir='ltr'><strong>μέλλῃ</strong></span> <span class='ocrx_word' id='word_1_37' title='bbox 1268 725 1539 794; x_wconf 83' lang='grc' dir='ltr'>συμϐῆναι</span> <span class='ocrx_word' id='word_1_38' title='bbox 1567 729 1636 780; x_wconf 75' lang='grc' dir='ltr'><strong>δι’</strong></span> <span class='ocrx_word' id='word_1_39' title='bbox 1666 729 1767 798; x_wconf 71' lang='grc' dir='ltr'><strong>ὲμι</strong></span> <span class='ocrx_word' id='word_1_40' title='bbox 1802 748 1853 783; x_wconf 88' lang='grc' dir='ltr'>τι</span> <span class='ocrx_word' id='word_1_41' title='bbox 1890 731 2052 801; x_wconf 76' lang='lat'><strong>232</strong></span> 
     </span>
    </p>
   </div>
   <div class='ocr_carea' id='block_1_7' title="bbox 482 807 2052 891">
    <p class='ocr_par' dir='ltr' id='par_1_7' title="bbox 482 807 2052 891">
     <span class='ocr_line' id='line_1_7' title="bbox 482 807 2052 891; baseline 0.011 -34"><span class='ocrx_word' id='word_1_42' title='bbox 482 807 785 863; x_wconf 79' lang='grc' dir='ltr'><strong>σκάνδαλον</strong></span> <span class='ocrx_word' id='word_1_43' title='bbox 826 810 893 864; x_wconf 82' lang='grc' dir='ltr'><strong>δι’</strong></span> <span class='ocrx_word' id='word_1_44' title='bbox 924 811 984 864; x_wconf 76' lang='grc' dir='ltr'>οὗ</span> <span class='ocrx_word' id='word_1_45' title='bbox 1031 813 1500 884; x_wconf 79' lang='grc' dir='ltr'>προξενηθήσεται</span> <span class='ocrx_word' id='word_1_46' title='bbox 1551 818 1696 889; x_wconf 85' lang='grc' dir='ltr'>λύπη</span> <span class='ocrx_word' id='word_1_47' title='bbox 1753 820 1833 890; x_wconf 83' lang='grc' dir='ltr'>τῷ</span> <span class='ocrx_word' id='word_1_48' title='bbox 1859 823 2052 891; x_wconf 87' lang='grc' dir='ltr'>κράτει</span> 
     </span>
    </p>
   </div>
   <div class='ocr_carea' id='block_1_8' title="bbox 481 902 2051 980">
    <p class='ocr_par' dir='ltr' id='par_1_8' title="bbox 481 902 2051 980">
     <span class='ocr_line' id='line_1_8' title="bbox 481 902 2051 980; baseline 0.01 -30"><span class='ocrx_word' id='word_1_49' title='bbox 481 916 597 963; x_wconf 90' lang='grc' dir='ltr'>σου,</span> <span class='ocrx_word' id='word_1_50' title='bbox 638 902 711 970; x_wconf 85' lang='grc' dir='ltr'>μὴ</span> <span class='ocrx_word' id='word_1_51' title='bbox 753 902 964 970; x_wconf 75' lang='grc' dir='ltr'>γένοιτο</span> <span class='ocrx_word' id='word_1_52' title='bbox 988 905 1068 968; x_wconf 76' lang='grc' dir='ltr'><strong>εἰς</strong></span> <span class='ocrx_word' id='word_1_53' title='bbox 1091 906 1182 959; x_wconf 83' lang='grc' dir='ltr'><strong>τὸν</strong></span> <span class='ocrx_word' id='word_1_54' title='bbox 1204 908 1404 973; x_wconf 73' lang='grc' dir='ltr'>αἰῶνα,</span> <span class='ocrx_word' id='word_1_55' title='bbox 1458 910 1594 964; x_wconf 74' lang='grc' dir='ltr'>ἀλλὰ</span> <span class='ocrx_word' id='word_1_56' title='bbox 1628 912 1830 980; x_wconf 82' lang='grc' dir='ltr'>μᾶλλον</span> <span class='ocrx_word' id='word_1_57' title='bbox 1858 914 1967 966; x_wconf 74' lang='grc' dir='ltr'>’καὶ</span> <span class='ocrx_word' id='word_1_58' title='bbox 1990 915 2051 966; x_wconf 82' lang='grc' dir='ltr'><strong>τὸ</strong></span> 
     </span>
    </p>
   </div>
   <div class='ocr_carea' id='block_1_9' title="bbox 478 990 2049 1076">
    <p class='ocr_par' dir='ltr' id='par_1_9' title="bbox 478 990 2049 1076">
     <span class='ocr_line' id='line_1_9' title="bbox 478 990 2049 1076; baseline 0.012 -35"><span class='ocrx_word' id='word_1_59' title='bbox 478 990 659 1059; x_wconf 82' lang='grc' dir='ltr'>δέρμα</span> <span class='ocrx_word' id='word_1_60' title='bbox 696 1011 795 1060; x_wconf 89' lang='grc' dir='ltr'><strong>μου</strong></span> <span class='ocrx_word' id='word_1_61' title='bbox 832 995 1156 1066; x_wconf 84' lang='grc' dir='ltr'>ἀφαίρεσον,</span> <span class='ocrx_word' id='word_1_62' title='bbox 1186 1000 1232 1051; x_wconf 82' lang='grc' dir='ltr'><strong>εί</strong></span> <span class='ocrx_word' id='word_1_63' title='bbox 1280 1002 1360 1064; x_wconf 82' lang='grc' dir='ltr'><strong>είς</strong></span> <span class='ocrx_word' id='word_1_64' title='bbox 1390 1002 1613 1074; x_wconf 82' lang='grc' dir='ltr'>είρήνην</span> <span class='ocrx_word' id='word_1_65' title='bbox 1647 1005 1743 1058; x_wconf 80' lang='grc' dir='ltr'><strong>καὶ</strong></span> <span class='ocrx_word' id='word_1_66' title='bbox 1779 1005 2049 1076; x_wconf 80' lang='grc' dir='ltr'>εὐφροσύ·</span> 
     </span>
    </p>
   </div>
   <div class='ocr_carea' id='block_1_10' title="bbox 476 1085 2047 1166">
    <p class='ocr_par' dir='ltr' id='par_1_10' title="bbox 476 1085 2047 1166">
     <span class='ocr_line' id='line_1_10' title="bbox 476 1085 2047 1166; baseline 0.012 -33"><span class='ocrx_word' id='word_1_67' title='bbox 476 1100 575 1148; x_wconf 91' lang='grc' dir='ltr'>νην</span> <span class='ocrx_word' id='word_1_68' title='bbox 604 1086 672 1153; x_wconf 77' lang='grc' dir='ltr'>τῇ</span> <span class='ocrx_word' id='word_1_69' title='bbox 728 1085 981 1159; x_wconf 76' lang='grc' dir='ltr'>βασιλείᾳ</span> <span class='ocrx_word' id='word_1_70' title='bbox 1012 1106 1107 1143; x_wconf 88' lang='grc' dir='ltr'><strong>σου</strong></span> <span class='ocrx_word' id='word_1_71' title='bbox 1142 1093 1249 1162; x_wconf 73' lang='grc' dir='ltr'>εἴη.</span> <span class='ocrx_word' id='word_1_72' title='bbox 1291 1110 1310 1143; x_wconf 71' lang='grc' dir='ltr'><strong>ι</strong></span> <span class='ocrx_word' id='word_1_73' title='bbox 1358 1092 1416 1147; x_wconf 90' lang='lat'><strong>&#39;0</strong></span> <span class='ocrx_word' id='word_1_74' title='bbox 1462 1094 1518 1149; x_wconf 77' lang='grc' dir='ltr'>δὲ</span> <span class='ocrx_word' id='word_1_75' title='bbox 1549 1091 1669 1148; x_wconf 74' lang='grc' dir='ltr'>εἶπέ</span> <span class='ocrx_word' id='word_1_76' title='bbox 1718 1112 1842 1166; x_wconf 87' lang='grc' dir='ltr'>μοι·</span> <span class='ocrx_word' id='word_1_77' title='bbox 1890 1116 1909 1150; x_wconf 78' lang='grc' dir='ltr'><strong>ι</strong></span> <span class='ocrx_word' id='word_1_78' title='bbox 1959 1097 2047 1163; x_wconf 84' lang='grc' dir='ltr'>Ὦς</span> 
     </span>
    </p>
   </div>
   <div class='ocr_carea' id='block_1_11' title="bbox 478 1176 2049 1260">
    <p class='ocr_par' dir='ltr' id='par_1_11' title="bbox 478 1176 2049 1260">
     <span class='ocr_line' id='line_1_11' title="bbox 478 1176 2049 1260; baseline 0.011 -34"><span class='ocrx_word' id='word_1_79' title='bbox 478 1176 669 1240; x_wconf 80' lang='grc' dir='ltr'>πιστὸς</span> <span class='ocrx_word' id='word_1_80' title='bbox 700 1177 957 1247; x_wconf 84' lang='grc' dir='ltr'><strong>Θεράπων</strong></span> <span class='ocrx_word' id='word_1_81' title='bbox 992 1181 1245 1253; x_wconf 70' lang='grc' dir='ltr'>εἴρηκας.</span> <span class='ocrx_word' id='word_1_82' title='bbox 1278 1185 1469 1256; x_wconf 86' lang='grc' dir='ltr'>Ὅμως</span> <span class='ocrx_word' id='word_1_83' title='bbox 1512 1188 1587 1256; x_wconf 84' lang='grc' dir='ltr'>μὴ</span> <span class='ocrx_word' id='word_1_84' title='bbox 1629 1189 1885 1259; x_wconf 80' lang='grc' dir='ltr'><strong>φρόντιζε</strong></span> <span class='ocrx_word' id='word_1_85' title='bbox 1918 1192 2049 1260; x_wconf 75' lang='grc' dir='ltr'>περὶ</span> 
     </span>
    </p>
   </div>
   <div class='ocr_carea' id='block_1_12' title="bbox 474 1264 2047 1349">
    <p class='ocr_par' dir='ltr' id='par_1_12' title="bbox 474 1264 2047 1349">
     <span class='ocr_line' id='line_1_12' title="bbox 474 1264 2047 1349; baseline 0.011 -33"><span class='ocrx_word' id='word_1_86' title='bbox 474 1264 669 1318; x_wconf 83' lang='grc' dir='ltr'>τούτου</span> <span class='ocrx_word' id='word_1_87' title='bbox 695 1268 847 1321; x_wconf 68' lang='grc' dir='ltr'>οὐδέν</span> <span class='ocrx_word' id='word_1_88' title='bbox 868 1286 881 1301; x_wconf 89' lang='grc'><strong>·</strong></span> <span class='ocrx_word' id='word_1_89' title='bbox 909 1269 1191 1342; x_wconf 85' lang='grc' dir='ltr'>λυποῦμαι</span> <span class='ocrx_word' id='word_1_90' title='bbox 1219 1276 1331 1345; x_wconf 86' lang='grc' dir='ltr'><strong>γάρ</strong></span> <span class='ocrx_word' id='word_1_91' title='bbox 1361 1275 1479 1338; x_wconf 85' lang='grc' dir='ltr'>πῶς</span> <span class='ocrx_word' id='word_1_92' title='bbox 1508 1278 1583 1346; x_wconf 80' lang='grc' dir='ltr'>μὴ</span> <span class='ocrx_word' id='word_1_93' title='bbox 1615 1280 2047 1349; x_wconf 86' lang='grc' dir='ltr'>περισκεπτὸμε-</span> 
     </span>
    </p>
   </div>
   <div class='ocr_carea' id='block_1_13' title="bbox 472 1359 2046 1440">
    <p class='ocr_par' dir='ltr' id='par_1_13' title="bbox 472 1359 2046 1440">
     <span class='ocr_line' id='line_1_13' title="bbox 472 1359 2046 1440; baseline 0.012 -32"><span class='ocrx_word' id='word_1_94' title='bbox 472 1373 555 1410; x_wconf 89' lang='grc' dir='ltr'><strong>νοι</strong></span> <span class='ocrx_word' id='word_1_95' title='bbox 582 1359 682 1421; x_wconf 86' lang='grc' dir='ltr'>τὰς</span> <span class='ocrx_word' id='word_1_96' title='bbox 710 1360 847 1429; x_wconf 86' lang='grc' dir='ltr'>πρός</span> <span class='ocrx_word' id='word_1_97' title='bbox 874 1379 942 1431; x_wconf 89' lang='grc' dir='ltr'><strong>με</strong></span> <span class='ocrx_word' id='word_1_98' title='bbox 989 1366 1259 1429; x_wconf 81' lang='grc' dir='ltr'><strong>τοσαύτας</strong></span> <span class='ocrx_word' id='word_1_99' title='bbox 1285 1368 1437 1435; x_wconf 77' lang='grc' dir='ltr'>παρὰ</span> <span class='ocrx_word' id='word_1_100' title='bbox 1487 1368 1581 1422; x_wconf 81' lang='grc' dir='ltr'>σοῦ</span> <span class='ocrx_word' id='word_1_101' title='bbox 1616 1368 1919 1440; x_wconf 80' lang='grc' dir='ltr'>Θεραπείας</span> <span class='ocrx_word' id='word_1_102' title='bbox 1952 1376 2046 1428; x_wconf 77' lang='grc' dir='ltr'>καὶ</span> 
     </span>
    </p>
   </div>
   <div class='ocr_carea' id='block_1_14' title="bbox 473 1442 2045 1528">
    <p class='ocr_par' dir='ltr' id='par_1_14' title="bbox 473 1450 2045 1528">
     <span class='ocr_line' id='line_1_14' title="bbox 473 1450 2045 1528; baseline 0.01 -29"><span class='ocrx_word' id='word_1_103' title='bbox 473 1450 681 1515; x_wconf 82' lang='grc' dir='ltr'>φιλίας.</span> <span class='ocrx_word' id='word_1_104' title='bbox 720 1451 1013 1518; x_wconf 73' lang='grc' dir='ltr'>βούλονται</span> <span class='ocrx_word' id='word_1_105' title='bbox 1063 1457 1208 1511; x_wconf 84' lang='grc' dir='ltr'>κατὰ</span> <span class='ocrx_word' id='word_1_106' title='bbox 1260 1457 1550 1528; x_wconf 80' lang='grc' dir='ltr'><strong>σύγκρισιν</strong></span> <span class='ocrx_word' id='word_1_107' title='bbox 1611 1462 1721 1513; x_wconf 86' lang='grc' dir='ltr'>τῶν</span> <span class='ocrx_word' id='word_1_108' title='bbox 1758 1462 1869 1516; x_wconf 86' lang='grc' dir='ltr'><strong>σῶν</strong></span> <span class='ocrx_word' id='word_1_109' title='bbox 1921 1466 2045 1527; x_wconf 85' lang='grc' dir='ltr'>ταῖς</span> 
     </span>
    </p>
   </div>
   <div class='ocr_carea' id='block_1_15' title="bbox 472 1543 2043 1623">
    <p class='ocr_par' dir='ltr' id='par_1_15' title="bbox 472 1543 2043 1623">
     <span class='ocr_line' id='line_1_15' title="bbox 472 1543 2043 1623; baseline 0.01 -30"><span class='ocrx_word' id='word_1_110' title='bbox 472 1543 684 1595; x_wconf 76' lang='grc' dir='ltr'>ἑαυτῶν</span> <span class='ocrx_word' id='word_1_111' title='bbox 745 1544 1080 1614; x_wconf 76' lang='grc' dir='ltr'>ὑπολήψεσιν</span> <span class='ocrx_word' id='word_1_112' title='bbox 1132 1549 1424 1621; x_wconf 84' lang='grc' dir='ltr'>ἀποπηδᾷν</span> <span class='ocrx_word' id='word_1_113' title='bbox 1477 1552 1607 1615; x_wconf 80' lang='grc' dir='ltr'>τοὺς</span> <span class='ocrx_word' id='word_1_114' title='bbox 1662 1555 2043 1623; x_wconf 84' lang='grc' dir='ltr'><strong>προσήκοντας</strong></span> 
     </span>
    </p>
   </div>
   <div class='ocr_carea' id='block_1_16' title="bbox 473 1632 2043 1711">
    <p class='ocr_par' dir='ltr' id='par_1_16' title="bbox 473 1632 2043 1711">
     <span class='ocr_line' id='line_1_16' title="bbox 473 1632 2043 1711; baseline 0.009 -27"><span class='ocrx_word' id='word_1_115' title='bbox 473 1632 719 1703; x_wconf 82' lang='grc' dir='ltr'>βαθμοὺς</span> <span class='ocrx_word' id='word_1_116' title='bbox 746 1638 855 1689; x_wconf 88' lang='grc' dir='ltr'><strong>τῶν</strong></span> <span class='ocrx_word' id='word_1_117' title='bbox 881 1637 1174 1705; x_wconf 87' lang='grc' dir='ltr'>όφφικίων.</span> <span class='ocrx_word' id='word_1_118' title='bbox 1209 1639 1359 1708; x_wconf 81' lang='grc' dir='ltr'><strong>Πλὴν</strong></span> <span class='ocrx_word' id='word_1_119' title='bbox 1391 1641 1769 1711; x_wconf 89' lang='grc' dir='ltr'>προσκάλεσον</span> <span class='ocrx_word' id='word_1_120' title='bbox 1809 1644 2043 1699; x_wconf 71' lang='grc' dir='ltr'>ινταῦθα</span> 
     </span>
    </p>
   </div>
   <div class='ocr_carea' id='block_1_17' title="bbox 470 1729 2043 1806">
    <p class='ocr_par' dir='ltr' id='par_1_17' title="bbox 470 1729 2043 1806">
     <span class='ocr_line' id='line_1_17' title="bbox 470 1729 2043 1806; baseline 0.008 -27"><span class='ocrx_word' id='word_1_121' title='bbox 470 1729 561 1779; x_wconf 67' lang='grc' dir='ltr'><strong>τὸν</strong></span> <span class='ocrx_word' id='word_1_122' title='bbox 595 1729 664 1782; x_wconf 79' lang='grc' dir='ltr'><strong>τά</strong></span> <span class='ocrx_word' id='word_1_123' title='bbox 694 1730 897 1800; x_wconf 79' lang='grc' dir='ltr'><strong>ταύτης</strong></span> <span class='ocrx_word' id='word_1_124' title='bbox 932 1733 1029 1800; x_wconf 80' lang='grc' dir='ltr'>τῆς</span> <span class='ocrx_word' id='word_1_125' title='bbox 1069 1734 1374 1806; x_wconf 80' lang='grc' dir='ltr'><strong>ὑπηρεσίας</strong></span> <span class='ocrx_word' id='word_1_126' title='bbox 1415 1737 1854 1806; x_wconf 78' lang='grc' dir='ltr'>ἐμπιστευθέντα</span> <span class='ocrx_word' id='word_1_127' title='bbox 1884 1739 2043 1792; x_wconf 75' lang='grc' dir='ltr'>νοτά-</span> 
     </span>
    </p>
   </div>
   <div class='ocr_carea' id='block_1_18' title="bbox 472 1822 2039 1900">
    <p class='ocr_par' dir='ltr' id='par_1_18' title="bbox 472 1822 2039 1900">
     <span class='ocr_line' id='line_1_18' title="bbox 472 1822 2039 1900; baseline 0.008 -29"><span class='ocrx_word' id='word_1_128' title='bbox 472 1836 606 1887; x_wconf 91' lang='grc' dir='ltr'>ριον.</span> <span class='ocrx_word' id='word_1_129' title='bbox 652 1839 670 1872; x_wconf 70' lang='grc' dir='ltr'><strong>ι</strong></span> <span class='ocrx_word' id='word_1_130' title='bbox 709 1822 815 1873; x_wconf 72' lang='grc' dir='ltr'><strong>Καὶ</strong></span> <span class='ocrx_word' id='word_1_131' title='bbox 876 1823 1098 1877; x_wconf 76' lang='grc' dir='ltr'>ἐλθὼνὸ</span> <span class='ocrx_word' id='word_1_132' title='bbox 1128 1826 1400 1894; x_wconf 88' lang='grc' dir='ltr'>νοτάριος,</span> <span class='ocrx_word' id='word_1_133' title='bbox 1451 1829 1765 1897; x_wconf 81' lang='grc' dir='ltr'>προστάξας</span> <span class='ocrx_word' id='word_1_134' title='bbox 1812 1833 1839 1883; x_wconf 86' lang='grc' dir='ltr'>ὁ</span> <span class='ocrx_word' id='word_1_135' title='bbox 1881 1830 2039 1900; x_wconf 79' lang='grc' dir='ltr'><strong>βασι-</strong></span> 
     </span>
    </p>
   </div>
   <div class='ocr_carea' id='block_1_19' title="bbox 469 1909 2035 1992">
    <p class='ocr_par' dir='ltr' id='par_1_19' title="bbox 469 1909 2035 1992">
     <span class='ocr_line' id='line_1_19' title="bbox 469 1909 2035 1992; baseline 0.009 -29"><span class='ocrx_word' id='word_1_136' title='bbox 469 1914 595 1975; x_wconf 79' lang='grc' dir='ltr'>λεὺς</span> <span class='ocrx_word' id='word_1_137' title='bbox 621 1909 775 1967; x_wconf 73' lang='grc' dir='ltr'>εἶπεν</span> <span class='ocrx_word' id='word_1_138' title='bbox 805 1916 955 1987; x_wconf 76' lang='grc' dir='ltr'>αὐτῷ</span> <span class='ocrx_word' id='word_1_139' title='bbox 981 1932 993 1947; x_wconf 93' lang='grc'><strong>·</strong></span> <span class='ocrx_word' id='word_1_140' title='bbox 1037 1935 1055 1968; x_wconf 83' lang='lat' dir='ltr'><strong>r</strong></span> <span class='ocrx_word' id='word_1_141' title='bbox 1105 1919 1453 1988; x_wconf 82' lang='grc' dir='ltr'>Προείπομέν</span> <span class='ocrx_word' id='word_1_142' title='bbox 1495 1937 1578 1973; x_wconf 90' lang='grc' dir='ltr'>σοι</span> <span class='ocrx_word' id='word_1_143' title='bbox 1614 1922 1750 1992; x_wconf 83' lang='grc' dir='ltr'>πρὸς</span> <span class='ocrx_word' id='word_1_144' title='bbox 1788 1922 1911 1976; x_wconf 89' lang='grc' dir='ltr'>τίνα</span> <span class='ocrx_word' id='word_1_145' title='bbox 1940 1925 2035 1977; x_wconf 68' lang='grc' dir='ltr'>καὶ</span> 
     </span>
    </p>
   </div>
   <div class='ocr_carea' id='block_1_20' title="bbox 466 2008 2032 2082">
    <p class='ocr_par' dir='ltr' id='par_1_20' title="bbox 466 2008 2032 2082">
     <span class='ocr_line' id='line_1_20' title="bbox 466 2008 2032 2082; baseline 0.007 -24"><span class='ocrx_word' id='word_1_146' title='bbox 466 2008 587 2060; x_wconf 89' lang='grc' dir='ltr'>τίνα</span> <span class='ocrx_word' id='word_1_147' title='bbox 622 2009 726 2061; x_wconf 77' lang='grc' dir='ltr'>ἔδει</span> <span class='ocrx_word' id='word_1_148' title='bbox 784 2027 843 2063; x_wconf 88' lang='grc' dir='ltr'><strong>σε</strong></span> <span class='ocrx_word' id='word_1_149' title='bbox 878 2010 1116 2082; x_wconf 77' lang='grc' dir='ltr'>γράφειν</span> <span class='ocrx_word' id='word_1_150' title='bbox 1159 2012 1255 2075; x_wconf 76' lang='grc' dir='ltr'><strong>τὰς</strong></span> <span class='ocrx_word' id='word_1_151' title='bbox 1293 2012 1395 2081; x_wconf 82' lang='grc' dir='ltr'>τῆς</span> <span class='ocrx_word' id='word_1_152' title='bbox 1445 2014 1681 2078; x_wconf 90' lang='grc' dir='ltr'>πίστεως</span> <span class='ocrx_word' id='word_1_153' title='bbox 1720 2016 2032 2081; x_wconf 77' lang='grc' dir='ltr'>ἐπιστολάς,</span> 
     </span>
    </p>
   </div>
   <div class='ocr_carea' id='block_1_21' title="bbox 464 2094 2033 2181">
    <p class='ocr_par' dir='ltr' id='par_1_21' title="bbox 464 2094 2033 2181">
     <span class='ocr_line' id='line_1_21' title="bbox 464 2094 2033 2181; baseline 0.008 -31"><span class='ocrx_word' id='word_1_154' title='bbox 464 2094 544 2161; x_wconf 69' lang='grc' dir='ltr'>οἷς</span> <span class='ocrx_word' id='word_1_155' title='bbox 578 2100 789 2170; x_wconf 72' lang='grc' dir='ltr'>γράψον</span> <span class='ocrx_word' id='word_1_156' title='bbox 824 2102 908 2155; x_wconf 85' lang='grc' dir='ltr'><strong>ὅτι</strong></span> <span class='ocrx_word' id='word_1_157' title='bbox 938 2103 1194 2173; x_wconf 84' lang='grc' dir='ltr'>μέλλουσι</span> <span class='ocrx_word' id='word_1_158' title='bbox 1224 2106 1418 2175; x_wconf 78' lang='grc' dir='ltr'>μαθεῖν</span> <span class='ocrx_word' id='word_1_159' title='bbox 1448 2108 1509 2159; x_wconf 87' lang='grc' dir='ltr'><strong>τδ</strong></span> <span class='ocrx_word' id='word_1_160' title='bbox 1539 2110 1647 2162; x_wconf 83' lang='grc' dir='ltr'>πᾶν</span> <span class='ocrx_word' id='word_1_161' title='bbox 1677 2109 1781 2161; x_wconf 79' lang='grc' dir='ltr'>ὑπὸ</span> <span class='ocrx_word' id='word_1_162' title='bbox 1806 2109 1898 2181; x_wconf 76' lang='grc' dir='ltr'>τοῦ</span> <span class='ocrx_word' id='word_1_163' title='bbox 1935 2128 2033 2179; x_wconf 85' lang='grc' dir='ltr'>με·-</span> 
     </span>
    </p>
   </div>
   <div class='ocr_carea' id='block_1_22' title="bbox 464 2193 2033 2273">
    <p class='ocr_par' dir='ltr' id='par_1_22' title="bbox 464 2193 2033 2273">
     <span class='ocr_line' id='line_1_22' title="bbox 464 2193 2033 2273; baseline 0.008 -28"><span class='ocrx_word' id='word_1_164' title='bbox 464 2193 632 2255; x_wconf 78' lang='grc' dir='ltr'>γάλου</span> <span class='ocrx_word' id='word_1_165' title='bbox 659 2194 947 2261; x_wconf 83' lang='grc' dir='ltr'>λογοθέτου</span> <span class='ocrx_word' id='word_1_166' title='bbox 982 2198 1257 2269; x_wconf 86' lang='grc' dir='ltr'>Γεωργίου</span> <span class='ocrx_word' id='word_1_167' title='bbox 1286 2200 1382 2253; x_wconf 82' lang='grc' dir='ltr'>τοῦ</span> <span class='ocrx_word' id='word_1_168' title='bbox 1414 2202 1665 2271; x_wconf 79' lang='grc' dir='ltr'>Φραντζῆ</span> <span class='ocrx_word' id='word_1_169' title='bbox 1688 2220 1701 2233; x_wconf 73' lang='grc' dir='ltr'><strong>ο</strong></span> <span class='ocrx_word' id='word_1_170' title='bbox 1736 2205 1829 2256; x_wconf 75' lang='grc' dir='ltr'><strong>καὶ</strong></span> <span class='ocrx_word' id='word_1_171' title='bbox 1854 2206 1903 2257; x_wconf 88' lang='grc' dir='ltr'><strong>εί</strong></span> <span class='ocrx_word' id='word_1_172' title='bbox 1933 2206 2033 2273; x_wconf 83' lang='grc' dir='ltr'>μὲν</span> 
     </span>
    </p>
   </div>
   <div class='ocr_carea' id='block_1_23' title="bbox 464 2286 2031 2367">
    <p class='ocr_par' dir='ltr' id='par_1_23' title="bbox 464 2286 2031 2367">
     <span class='ocr_line' id='line_1_23' title="bbox 464 2286 2031 2367; baseline 0.008 -30"><span class='ocrx_word' id='word_1_173' title='bbox 464 2286 723 2354; x_wconf 79' lang='grc' dir='ltr'>ζήσωμεν</span> <span class='ocrx_word' id='word_1_174' title='bbox 756 2290 861 2347; x_wconf 12' lang='grc' dir='ltr'>,καὶ</span> <span class='ocrx_word' id='word_1_175' title='bbox 898 2289 1106 2359; x_wconf 82' lang='grc' dir='ltr'>πρόσω,</span> <span class='ocrx_word' id='word_1_176' title='bbox 1152 2290 1388 2360; x_wconf 76' lang='grc' dir='ltr'>γράψεις</span> <span class='ocrx_word' id='word_1_177' title='bbox 1436 2292 1599 2346; x_wconf 77' lang='grc' dir='ltr'>αὐτὸν</span> <span class='ocrx_word' id='word_1_178' title='bbox 1647 2295 1741 2349; x_wconf 79' lang='grc' dir='ltr'>καὶ</span> <span class='ocrx_word' id='word_1_179' title='bbox 1796 2297 2031 2367; x_wconf 82' lang='grc' dir='ltr'>συγγενῆ</span> 
     </span>
    </p>
   </div>
   <div class='ocr_carea' id='block_1_24' title="bbox 461 2376 2034 2457">
    <p class='ocr_par' dir='ltr' id='par_1_24' title="bbox 461 2376 2034 2457">
     <span class='ocr_line' id='line_1_24' title="bbox 461 2376 2034 2457; baseline 0.008 -28"><span class='ocrx_word' id='word_1_180' title='bbox 461 2378 621 2445; x_wconf 76' lang='grc' dir='ltr'><strong>ἡμῶν</strong></span> <span class='ocrx_word' id='word_1_181' title='bbox 652 2376 811 2434; x_wconf 83' lang='grc' dir='ltr'>εἶναι.</span> <span class='ocrx_word' id='word_1_182' title='bbox 848 2382 957 2434; x_wconf 78' lang='grc' dir='ltr'><strong>Καὶ</strong></span> <span class='ocrx_word' id='word_1_183' title='bbox 990 2381 1084 2435; x_wconf 79' lang='grc' dir='ltr'>ἐάν</span> <span class='ocrx_word' id='word_1_184' title='bbox 1126 2400 1232 2437; x_wconf 88' lang='grc' dir='ltr'>τινι</span> <span class='ocrx_word' id='word_1_185' title='bbox 1268 2384 1365 2438; x_wconf 81' lang='grc' dir='ltr'><strong>οὐκ</strong></span> <span class='ocrx_word' id='word_1_186' title='bbox 1398 2385 1590 2457; x_wconf 79' lang='grc' dir='ltr'>ἀρέσῃ,</span> <span class='ocrx_word' id='word_1_187' title='bbox 1641 2386 1871 2450; x_wconf 81' lang='grc' dir='ltr'>ἄκοντες</span> <span class='ocrx_word' id='word_1_188' title='bbox 1899 2390 2034 2441; x_wconf 81' lang='grc' dir='ltr'>ὑπο-</span> 
     </span>
    </p>
   </div>
   <div class='ocr_carea' id='block_1_25' title="bbox 465 2470 2033 2551">
    <p class='ocr_par' dir='ltr' id='par_1_25' title="bbox 465 2470 2033 2551">
     <span class='ocr_line' id='line_1_25' title="bbox 465 2470 2033 2551; baseline 0.008 -30"><span class='ocrx_word' id='word_1_189' title='bbox 465 2470 716 2537; x_wconf 73' lang='grc' dir='ltr'>μείνωσι,</span> <span class='ocrx_word' id='word_1_190' title='bbox 743 2473 839 2525; x_wconf 76' lang='grc' dir='ltr'><strong>καὶ</strong></span> <span class='ocrx_word' id='word_1_191' title='bbox 873 2476 995 2529; x_wconf 76' lang='grc' dir='ltr'>ἀντὶ</span> <span class='ocrx_word' id='word_1_192' title='bbox 1020 2475 1285 2547; x_wconf 76' lang='grc' dir='ltr'>νέκταρος</span> <span class='ocrx_word' id='word_1_193' title='bbox 1313 2476 1345 2547; x_wconf 78' lang='grc' dir='ltr'>ἢ</span> <span class='ocrx_word' id='word_1_194' title='bbox 1393 2478 1700 2548; x_wconf 76' lang='grc' dir='ltr'>μυρεψικοῦ</span> <span class='ocrx_word' id='word_1_195' title='bbox 1740 2482 1907 2534; x_wconf 82' lang='grc' dir='ltr'>ποτοῦ</span> <span class='ocrx_word' id='word_1_196' title='bbox 1933 2482 2033 2551; x_wconf 81' lang='grc' dir='ltr'>τὴν</span> 
     </span>
    </p>
   </div>
   <div class='ocr_carea' id='block_1_26' title="bbox 461 2563 2032 2643">
    <p class='ocr_par' dir='ltr' id='par_1_26' title="bbox 461 2563 2032 2643">
     <span class='ocr_line' id='line_1_26' title="bbox 461 2563 2032 2643; baseline 0.008 -28"><span class='ocrx_word' id='word_1_197' title='bbox 461 2563 623 2634; x_wconf 80' lang='grc' dir='ltr'>χολὴν</span> <span class='ocrx_word' id='word_1_198' title='bbox 684 2567 1130 2624; x_wconf 82' lang='grc' dir='ltr'>καταπιέτωσαν.</span> <span class='ocrx_word' id='word_1_199' title='bbox 1165 2570 1227 2622; x_wconf 78' lang='lat' dir='ltr'><strong>Ei</strong></span> <span class='ocrx_word' id='word_1_200' title='bbox 1261 2569 1335 2641; x_wconf 80' lang='grc' dir='ltr'>μὴ</span> <span class='ocrx_word' id='word_1_201' title='bbox 1379 2572 1475 2625; x_wconf 64' lang='grc' dir='ltr'><strong>καλ⁸</strong></span> <span class='ocrx_word' id='word_1_202' title='bbox 1512 2572 1598 2635; x_wconf 81' lang='grc' dir='ltr'><strong>σὺ,</strong></span> <span class='ocrx_word' id='word_1_203' title='bbox 1656 2574 1897 2643; x_wconf 83' lang='grc' dir='ltr'>νοτάριε,</span> <span class='ocrx_word' id='word_1_204' title='bbox 1940 2575 2032 2643; x_wconf 74' lang='grc' dir='ltr'><strong>ἔχε</strong></span> 
     </span>
    </p>
   </div>
   <div class='ocr_carea' id='block_1_27' title="bbox 459 2655 2033 2730">
    <p class='ocr_par' dir='ltr' id='par_1_27' title="bbox 459 2655 2033 2730">
     <span class='ocr_line' id='line_1_27' title="bbox 459 2655 2033 2730; baseline 0.006 -22"><span class='ocrx_word' id='word_1_205' title='bbox 459 2655 617 2709; x_wconf 82' lang='grc' dir='ltr'>τοῦτο</span> <span class='ocrx_word' id='word_1_206' title='bbox 646 2655 721 2720; x_wconf 82' lang='grc' dir='ltr'>ὡς</span> <span class='ocrx_word' id='word_1_207' title='bbox 770 2659 1090 2730; x_wconf 83' lang='grc' dir='ltr'>ἀπόκρυφον</span> <span class='ocrx_word' id='word_1_208' title='bbox 1134 2660 1300 2730; x_wconf 85' lang='grc' dir='ltr'>μέχρι</span> <span class='ocrx_word' id='word_1_209' title='bbox 1354 2661 1583 2730; x_wconf 78' lang='grc' dir='ltr'>ἡμερῶν</span> <span class='ocrx_word' id='word_1_210' title='bbox 1635 2662 1820 2717; x_wconf 84' lang='grc' dir='ltr'><strong>τινῶν.</strong></span> <span class='ocrx_word' id='word_1_211' title='bbox 1868 2683 1887 2716; x_wconf 72' lang='grc' dir='ltr'>ι</span> <span class='ocrx_word' id='word_1_212' title='bbox 1922 2664 2033 2717; x_wconf 79' lang='grc' dir='ltr'><strong>Καὶ</strong></span> 
     </span>
    </p>
   </div>
   <div class='ocr_carea' id='block_1_28' title="bbox 462 2751 2031 2825">
    <p class='ocr_par' dir='ltr' id='par_1_28' title="bbox 462 2751 2031 2825">
     <span class='ocr_line' id='line_1_28' title="bbox 462 2751 2031 2825; baseline 0.007 -25"><span class='ocrx_word' id='word_1_213' title='bbox 462 2751 994 2817; x_wconf 75' lang='grc' dir='ltr'><strong>συγκατασκευάσας</strong></span> <span class='ocrx_word' id='word_1_214' title='bbox 1044 2753 1114 2806; x_wconf 81' lang='grc' dir='ltr'>τὰ</span> <span class='ocrx_word' id='word_1_215' title='bbox 1159 2754 1466 2825; x_wconf 88' lang='grc' dir='ltr'>πράγματα</span> <span class='ocrx_word' id='word_1_216' title='bbox 1523 2756 1691 2810; x_wconf 80' lang='grc' dir='ltr'>ἐλαϐα</span> <span class='ocrx_word' id='word_1_217' title='bbox 1741 2758 1903 2822; x_wconf 78' lang='grc' dir='ltr'>αὐτὰ,</span> <span class='ocrx_word' id='word_1_218' title='bbox 1936 2758 2031 2811; x_wconf 80' lang='grc' dir='ltr'><strong>καὶ</strong></span> 
     </span>
    </p>
   </div>
   <div class='ocr_carea' id='block_1_29' title="bbox 458 2844 2032 2918">
    <p class='ocr_par' dir='ltr' id='par_1_29' title="bbox 458 2844 2032 2918">
     <span class='ocr_line' id='line_1_29' title="bbox 458 2844 2032 2918; baseline 0.007 -25"><span class='ocrx_word' id='word_1_219' title='bbox 458 2844 824 2911; x_wconf 84' lang='grc' dir='ltr'>προσεδόκουν</span> <span class='ocrx_word' id='word_1_220' title='bbox 861 2847 1104 2913; x_wconf 82' lang='grc' dir='ltr'>σήμερον</span> <span class='ocrx_word' id='word_1_221' title='bbox 1132 2846 1163 2915; x_wconf 74' lang='grc' dir='ltr'>ἢ</span> <span class='ocrx_word' id='word_1_222' title='bbox 1200 2846 1394 2917; x_wconf 78' lang='grc' dir='ltr'>αὔριον</span> <span class='ocrx_word' id='word_1_223' title='bbox 1422 2850 1805 2917; x_wconf 82' lang='grc' dir='ltr'>προσκυνῆσαι</span> <span class='ocrx_word' id='word_1_224' title='bbox 1834 2849 1912 2918; x_wconf 81' lang='grc' dir='ltr'>τῷ</span> <span class='ocrx_word' id='word_1_225' title='bbox 1937 2850 2032 2917; x_wconf 82' lang='grc' dir='ltr'><strong>βα-</strong></span> 
     </span>
    </p>
   </div>
   <div class='ocr_carea' id='block_1_30' title="bbox 459 2934 2028 3012">
    <p class='ocr_par' dir='ltr' id='par_1_30' title="bbox 459 2934 2028 3012">
     <span class='ocr_line' id='line_1_30' title="bbox 459 2934 2028 3012; baseline 0.008 -29"><span class='ocrx_word' id='word_1_226' title='bbox 459 2934 600 2985; x_wconf 87' lang='grc' dir='ltr'><strong>σιλεῖ</strong></span> <span class='ocrx_word' id='word_1_227' title='bbox 626 2935 794 3004; x_wconf 78' lang='grc' dir='ltr'>ῆγουν</span> <span class='ocrx_word' id='word_1_228' title='bbox 818 2934 1004 2989; x_wconf 84' lang='grc' dir='ltr'>λαϐεῖν</span> <span class='ocrx_word' id='word_1_229' title='bbox 1031 2937 1219 2993; x_wconf 80' lang='grc' dir='ltr'>ἄδειαν</span> <span class='ocrx_word' id='word_1_230' title='bbox 1254 2938 1341 2991; x_wconf 77' lang='grc' dir='ltr'>ἴνα</span> <span class='ocrx_word' id='word_1_231' title='bbox 1374 2940 1619 2996; x_wconf 77' lang='grc' dir='ltr'><strong>ἀπέλθω.</strong></span> <span class='ocrx_word' id='word_1_232' title='bbox 1661 2940 1799 2995; x_wconf 78' lang='grc' dir='ltr'>Ἰδοὺ</span> <span class='ocrx_word' id='word_1_233' title='bbox 1834 2940 2028 3012; x_wconf 76' lang='grc' dir='ltr'>ἐξῆλθε</span> 
     </span>
    </p>
   </div>
   <div class='ocr_carea' id='block_1_31' title="bbox 456 3027 2024 3106">
    <p class='ocr_par' dir='ltr' id='par_1_31' title="bbox 456 3027 2024 3106">
     <span class='ocr_line' id='line_1_31' title="bbox 456 3027 2024 3106; baseline 0.008 -27"><span class='ocrx_word' id='word_1_234' title='bbox 456 3027 559 3095; x_wconf 78' lang='grc' dir='ltr'><strong>τῆς</strong></span> <span class='ocrx_word' id='word_1_235' title='bbox 588 3028 1121 3100; x_wconf 83' lang='grc' dir='ltr'>Ἀνδριανουπόλεως</span> <span class='ocrx_word' id='word_1_236' title='bbox 1144 3035 1172 3085; x_wconf 83' lang='grc' dir='ltr'>ὁ</span> <span class='ocrx_word' id='word_1_237' title='bbox 1189 3034 1410 3103; x_wconf 81' lang='grc' dir='ltr'>ἀμηρᾶς</span> <span class='ocrx_word' id='word_1_238' title='bbox 1439 3033 1671 3103; x_wconf 74' lang='grc' dir='ltr'>βαδίζων</span> <span class='ocrx_word' id='word_1_239' title='bbox 1694 3036 1815 3089; x_wconf 85' lang='grc' dir='ltr'>καθ’</span> <span class='ocrx_word' id='word_1_240' title='bbox 1848 3037 2024 3106; x_wconf 84' lang='grc' dir='ltr'>ήμῶν.</span> 
     </span>
    </p>
   </div>
   <div class='ocr_carea' id='block_1_32' title="bbox 2225 735 3651 820">
    <p class='ocr_par' dir='ltr' id='par_1_32' title="bbox 2225 735 3651 820">
     <span class='ocr_line' id='line_1_32' title="bbox 2225 735 3651 820; baseline 0.006 -27"><span class='ocrx_word' id='word_1_241' title='bbox 2225 735 2384 807; x_wconf 82' lang='grc'><strong>233</strong></span> <span class='ocrx_word' id='word_1_242' title='bbox 2419 736 2487 803; x_wconf 81' lang='grc' dir='ltr'><strong>γ’.</strong></span> <span class='ocrx_word' id='word_1_243' title='bbox 2520 739 2667 794; x_wconf 85' lang='grc' dir='ltr'>Ἰδὼν</span> <span class='ocrx_word' id='word_1_244' title='bbox 2716 743 2810 796; x_wconf 73' lang='grc' dir='ltr'><strong>καὶ</strong></span> <span class='ocrx_word' id='word_1_245' title='bbox 2854 744 3067 797; x_wconf 81' lang='grc' dir='ltr'>ἀκούων</span> <span class='ocrx_word' id='word_1_246' title='bbox 3096 747 3124 798; x_wconf 83' lang='grc' dir='ltr'><strong>ὁ</strong></span> <span class='ocrx_word' id='word_1_247' title='bbox 3154 746 3372 815; x_wconf 79' lang='grc' dir='ltr'>ἀμηρᾶς</span> <span class='ocrx_word' id='word_1_248' title='bbox 3418 749 3651 820; x_wconf 57' lang='lat' dir='ltr'><strong>Matuta};</strong></span> 
     </span>
    </p>
   </div>
   <div class='ocr_carea' id='block_1_33' title="bbox 2152 824 3654 908">
    <p class='ocr_par' dir='ltr' id='par_1_33' title="bbox 2152 824 3654 908">
     <span class='ocr_line' id='line_1_33' title="bbox 2152 824 3654 908; baseline 0.011 -32"><span class='ocrx_word' id='word_1_249' title='bbox 2152 824 2250 886; x_wconf 82' lang='grc' dir='ltr'>τὰς</span> <span class='ocrx_word' id='word_1_250' title='bbox 2278 827 2371 879; x_wconf 83' lang='grc' dir='ltr'>τοῦ</span> <span class='ocrx_word' id='word_1_251' title='bbox 2410 831 2613 899; x_wconf 77' lang='grc' dir='ltr'>πατρὸς</span> <span class='ocrx_word' id='word_1_252' title='bbox 2658 831 2824 885; x_wconf 81' lang='grc' dir='ltr'>αὐτοῦ</span> <span class='ocrx_word' id='word_1_253' title='bbox 2857 833 3010 895; x_wconf 86' lang='grc' dir='ltr'>νίκας</span> <span class='ocrx_word' id='word_1_254' title='bbox 3040 835 3135 888; x_wconf 75' lang='grc' dir='ltr'><strong>καὶ</strong></span> <span class='ocrx_word' id='word_1_255' title='bbox 3176 836 3436 904; x_wconf 81' lang='grc' dir='ltr'>πολέμους</span> <span class='ocrx_word' id='word_1_256' title='bbox 3464 856 3654 908; x_wconf 66' lang='grc' dir='ltr'>περιφα-</span> 
     </span>
    </p>
   </div>
   <div class='ocr_carea' id='block_1_34' title="bbox 2153 917 3654 999">
    <p class='ocr_par' dir='ltr' id='par_1_34' title="bbox 2153 917 3654 999">
     <span class='ocr_line' id='line_1_34' title="bbox 2153 917 3654 999; baseline 0.011 -34"><span class='ocrx_word' id='word_1_257' title='bbox 2153 917 2259 976; x_wconf 82' lang='grc' dir='ltr'>νεῖς</span> <span class='ocrx_word' id='word_1_258' title='bbox 2292 918 2386 969; x_wconf 69' lang='grc' dir='ltr'>καὶ</span> <span class='ocrx_word' id='word_1_259' title='bbox 2423 921 2530 972; x_wconf 85' lang='grc' dir='ltr'><strong>τῶν</strong></span> <span class='ocrx_word' id='word_1_260' title='bbox 2564 921 2769 990; x_wconf 79' lang='grc' dir='ltr'>ἑτέρων</span> <span class='ocrx_word' id='word_1_261' title='bbox 2801 923 2965 977; x_wconf 80' lang='grc' dir='ltr'>αὐτοῦ</span> <span class='ocrx_word' id='word_1_262' title='bbox 3016 928 3457 994; x_wconf 81' lang='grc' dir='ltr'>τρισκαταράτων</span> <span class='ocrx_word' id='word_1_263' title='bbox 3497 931 3654 999; x_wconf 66' lang='grc' dir='ltr'>προτί·</span> 
     </span>
    </p>
   </div>
   <div class='ocr_carea' id='block_1_35' title="bbox 2151 1009 3655 1093">
    <p class='ocr_par' dir='ltr' id='par_1_35' title="bbox 2151 1009 3655 1093">
     <span class='ocr_line' id='line_1_35' title="bbox 2151 1009 3655 1093; baseline 0.01 -35"><span class='ocrx_word' id='word_1_264' title='bbox 2151 1023 2278 1075; x_wconf 88' lang='grc' dir='ltr'>νων,</span> <span class='ocrx_word' id='word_1_265' title='bbox 2313 1009 2371 1061; x_wconf 81' lang='grc' dir='ltr'><strong>ὲν</strong></span> <span class='ocrx_word' id='word_1_266' title='bbox 2396 1011 2576 1083; x_wconf 83' lang='grc' dir='ltr'>ἑαυτῷ</span> <span class='ocrx_word' id='word_1_267' title='bbox 2603 1014 2934 1083; x_wconf 78' lang='grc' dir='ltr'>ἑφαντάζετο</span> <span class='ocrx_word' id='word_1_268' title='bbox 2971 1018 3025 1069; x_wconf 91' lang='grc' dir='ltr'><strong>τί</strong></span> <span class='ocrx_word' id='word_1_269' title='bbox 3054 1018 3158 1086; x_wconf 78' lang='grc' dir='ltr'>ἄρα</span> <span class='ocrx_word' id='word_1_270' title='bbox 3189 1020 3287 1073; x_wconf 74' lang='grc' dir='ltr'><strong>καὶ</strong></span> <span class='ocrx_word' id='word_1_271' title='bbox 3317 1020 3467 1082; x_wconf 69' lang='grc' dir='ltr'>αὐτὸς</span> <span class='ocrx_word' id='word_1_272' title='bbox 3495 1023 3655 1093; x_wconf 79' lang='grc' dir='ltr'>ποιήσῃ</span> 
     </span>
    </p>
   </div>
   <div class='ocr_carea' id='block_1_36' title="bbox 2150 1100 3655 1178">
    <p class='ocr_par' dir='ltr' id='par_1_36' title="bbox 2150 1100 3655 1178">
     <span class='ocr_line' id='line_1_36' title="bbox 2150 1100 3655 1178; baseline 0.008 -26"><span class='ocrx_word' id='word_1_273' title='bbox 2150 1100 2301 1165; x_wconf 78' lang='grc' dir='ltr'>ἄξιον</span> <span class='ocrx_word' id='word_1_274' title='bbox 2343 1105 2582 1175; x_wconf 77' lang='grc' dir='ltr'><strong>μνήμης.</strong></span> <span class='ocrx_word' id='word_1_275' title='bbox 2634 1107 2819 1160; x_wconf 86' lang='grc' dir='ltr'>Ταῦτα</span> <span class='ocrx_word' id='word_1_276' title='bbox 2865 1108 2958 1162; x_wconf 80' lang='grc' dir='ltr'>οὖν</span> <span class='ocrx_word' id='word_1_277' title='bbox 3009 1111 3148 1163; x_wconf 69' lang='grc' dir='ltr'>κατὰ</span> <span class='ocrx_word' id='word_1_278' title='bbox 3182 1111 3307 1163; x_wconf 82' lang='grc' dir='ltr'>νοῦν</span> <span class='ocrx_word' id='word_1_279' title='bbox 3360 1110 3655 1178; x_wconf 58' lang='grc' dir='ltr'>λογιζόμενπ</span> 
     </span>
    </p>
   </div>
   <div class='ocr_carea' id='block_1_37' title="bbox 2150 1190 3655 1271">
    <p class='ocr_par' dir='ltr' id='par_1_37' title="bbox 2150 1190 3655 1271">
     <span class='ocr_line' id='line_1_37' title="bbox 2150 1190 3655 1271; baseline 0.007 -29"><span class='ocrx_word' id='word_1_280' title='bbox 2150 1190 2313 1261; x_wconf 82' lang='grc' dir='ltr'>βουλῇ</span> <span class='ocrx_word' id='word_1_281' title='bbox 2346 1198 2491 1265; x_wconf 73' lang='grc' dir='ltr'>κακῇ</span> <span class='ocrx_word' id='word_1_282' title='bbox 2532 1197 2659 1250; x_wconf 79' lang='grc' dir='ltr'>καθ’</span> <span class='ocrx_word' id='word_1_283' title='bbox 2687 1200 2843 1269; x_wconf 78' lang='grc' dir='ltr'>ἡμῶν</span> <span class='ocrx_word' id='word_1_284' title='bbox 2870 1202 3213 1271; x_wconf 87' lang='grc' dir='ltr'>χρησάμενος</span> <span class='ocrx_word' id='word_1_285' title='bbox 3242 1198 3330 1270; x_wconf 78' lang='grc' dir='ltr'><strong>ἦν,</strong></span> <span class='ocrx_word' id='word_1_286' title='bbox 3360 1201 3442 1255; x_wconf 69' lang='grc' dir='ltr'><strong>ἵνα</strong></span> <span class='ocrx_word' id='word_1_287' title='bbox 3468 1202 3655 1268; x_wconf 84' lang='grc' dir='ltr'>πόλεμον</span> 
     </span>
    </p>
   </div>
   <div class='ocr_carea' id='block_1_38' title="bbox 2148 1284 3654 1360">
    <p class='ocr_par' dir='ltr' id='par_1_38' title="bbox 2148 1284 3654 1360">
     <span class='ocr_line' id='line_1_38' title="bbox 2148 1284 3654 1360; baseline 0.006 -27"><span class='ocrx_word' id='word_1_288' title='bbox 2148 1284 2335 1356; x_wconf 79' lang='grc' dir='ltr'>ἐγείρῃ</span> <span class='ocrx_word' id='word_1_289' title='bbox 2359 1287 2501 1339; x_wconf 88' lang='grc' dir='ltr'><strong>κατὰ</strong></span> <span class='ocrx_word' id='word_1_290' title='bbox 2524 1287 2623 1355; x_wconf 75' lang='grc' dir='ltr'>τῆς</span> <span class='ocrx_word' id='word_1_291' title='bbox 2651 1290 2859 1353; x_wconf 88' lang='grc' dir='ltr'>πόλεως</span> <span class='ocrx_word' id='word_1_292' title='bbox 2877 1308 2890 1322; x_wconf 91' lang='grc'><strong>·</strong></span> <span class='ocrx_word' id='word_1_293' title='bbox 2916 1292 3067 1359; x_wconf 77' lang='grc' dir='ltr'>ἔλεγε</span> <span class='ocrx_word' id='word_1_294' title='bbox 3086 1295 3193 1360; x_wconf 84' lang='grc' dir='ltr'><strong>γάρ</strong></span> <span class='ocrx_word' id='word_1_295' title='bbox 3223 1294 3280 1344; x_wconf 83' lang='grc' dir='ltr'><strong>ὲν</strong></span> <span class='ocrx_word' id='word_1_296' title='bbox 3303 1293 3489 1359; x_wconf 77' lang='grc' dir='ltr'><strong>ἑαυτῷο</strong></span> <span class='ocrx_word' id='word_1_297' title='bbox 3514 1311 3529 1341; x_wconf 83' lang='lat' dir='ltr'><strong>r</strong></span> <span class='ocrx_word' id='word_1_298' title='bbox 3556 1294 3654 1345; x_wconf 67' lang='grc' dir='ltr'><strong>Ἐὰν</strong></span> 
     </span>
    </p>
   </div>
   <div class='ocr_carea' id='block_1_39' title="bbox 2145 1375 3652 1454">
    <p class='ocr_par' dir='ltr' id='par_1_39' title="bbox 2145 1375 3652 1454">
     <span class='ocr_line' id='line_1_39' title="bbox 2145 1375 3652 1454; baseline 0.007 -29"><span class='ocrx_word' id='word_1_299' title='bbox 2145 1375 2245 1444; x_wconf 81' lang='grc' dir='ltr'><strong>τὴν</strong></span> <span class='ocrx_word' id='word_1_300' title='bbox 2275 1376 2432 1429; x_wconf 82' lang='grc' dir='ltr'>πόλιν</span> <span class='ocrx_word' id='word_1_301' title='bbox 2468 1379 2697 1448; x_wconf 84' lang='grc' dir='ltr'>νικήσω,</span> <span class='ocrx_word' id='word_1_302' title='bbox 2731 1381 2870 1451; x_wconf 79' lang='grc' dir='ltr'>ὑπὲρ</span> <span class='ocrx_word' id='word_1_303' title='bbox 2896 1384 3106 1447; x_wconf 82' lang='grc' dir='ltr'>πάντας</span> <span class='ocrx_word' id='word_1_304' title='bbox 3139 1383 3267 1445; x_wconf 79' lang='grc' dir='ltr'>τοὺς</span> <span class='ocrx_word' id='word_1_305' title='bbox 3298 1384 3401 1454; x_wconf 73' lang='grc' dir='ltr'><strong>πρὸ</strong></span> <span class='ocrx_word' id='word_1_306' title='bbox 3433 1382 3549 1452; x_wconf 84' lang='grc' dir='ltr'>ὲμοῦ</span> <span class='ocrx_word' id='word_1_307' title='bbox 3578 1385 3652 1453; x_wconf 70' lang='grc' dir='ltr'><strong>ήδη</strong></span> 
     </span>
    </p>
   </div>
   <div class='ocr_carea' id='block_1_40' title="bbox 2146 1467 3652 1543">
    <p class='ocr_par' dir='ltr' id='par_1_40' title="bbox 2146 1467 3652 1543">
     <span class='ocr_line' id='line_1_40' title="bbox 2146 1467 3652 1543; baseline 0.006 -25"><span class='ocrx_word' id='word_1_308' title='bbox 2146 1467 2398 1535; x_wconf 72' lang='grc' dir='ltr'>ἐποίησα,</span> <span class='ocrx_word' id='word_1_309' title='bbox 2445 1470 2581 1524; x_wconf 83' lang='grc' dir='ltr'>διότι</span> <span class='ocrx_word' id='word_1_310' title='bbox 2615 1473 2768 1525; x_wconf 74' lang='grc' dir='ltr'>αὐτοὶ</span> <span class='ocrx_word' id='word_1_311' title='bbox 2822 1475 2921 1543; x_wconf 81' lang='grc' dir='ltr'>μὲν</span> <span class='ocrx_word' id='word_1_312' title='bbox 2972 1476 3112 1528; x_wconf 71' lang='grc' dir='ltr'>κατὰ</span> <span class='ocrx_word' id='word_1_313' title='bbox 3157 1475 3321 1543; x_wconf 85' lang='grc' dir='ltr'>τῆσδε</span> <span class='ocrx_word' id='word_1_314' title='bbox 3366 1476 3456 1543; x_wconf 85' lang='grc' dir='ltr'>τῆς</span> <span class='ocrx_word' id='word_1_315' title='bbox 3486 1475 3652 1537; x_wconf 77' lang='grc' dir='ltr'>πόλεως</span> 
     </span>
    </p>
   </div>
   <div class='ocr_carea' id='block_1_41' title="bbox 2146 1558 3653 1638">
    <p class='ocr_par' dir='ltr' id='par_1_41' title="bbox 2146 1558 3653 1638">
     <span class='ocr_line' id='line_1_41' title="bbox 2146 1558 3653 1638; baseline 0.005 -28"><span class='ocrx_word' id='word_1_316' title='bbox 2146 1558 2405 1623; x_wconf 78' lang='grc' dir='ltr'>πολλάκις</span> <span class='ocrx_word' id='word_1_317' title='bbox 2457 1565 2845 1632; x_wconf 81' lang='grc' dir='ltr'>πειρασθέντες</span> <span class='ocrx_word' id='word_1_318' title='bbox 2883 1567 3037 1620; x_wconf 80' lang='grc' dir='ltr'>οὐδὲν</span> <span class='ocrx_word' id='word_1_319' title='bbox 3086 1566 3497 1638; x_wconf 82' lang='grc' dir='ltr'>ἐκατώρθωσαν.</span> <span class='ocrx_word' id='word_1_320' title='bbox 3529 1586 3544 1618; x_wconf 75' lang='grc' dir='ltr'>ι</span> <span class='ocrx_word' id='word_1_321' title='bbox 3578 1570 3653 1620; x_wconf 75' lang='grc' dir='ltr'><strong>Διά</strong></span> 
     </span>
    </p>
   </div>
   <div class='ocr_carea' id='block_1_42' title="bbox 2142 1650 3652 1728">
    <p class='ocr_par' dir='ltr' id='par_1_42' title="bbox 2142 1650 3652 1728">
     <span class='ocr_line' id='line_1_42' title="bbox 2142 1650 3652 1728; baseline -0.009 -6"><span class='ocrx_word' id='word_1_322' title='bbox 2142 1652 2351 1721; x_wconf 69' lang='grc' dir='ltr'>ταύτην</span> <span class='ocrx_word' id='word_1_323' title='bbox 2408 1650 2501 1708; x_wconf 74' lang='grc' dir='ltr'>οὖν</span> <span class='ocrx_word' id='word_1_324' title='bbox 2556 1656 2654 1727; x_wconf 77' lang='grc' dir='ltr'>τὴν</span> <span class='ocrx_word' id='word_1_325' title='bbox 2711 1658 3209 1728; x_wconf 84' lang='grc' dir='ltr'>ὑποκεκρυμμένην</span> <span class='ocrx_word' id='word_1_326' title='bbox 3274 1661 3473 1713; x_wconf 73' lang='grc' dir='ltr'>ἔννοιαν</span> <span class='ocrx_word' id='word_1_327' title='bbox 3526 1659 3652 1711; x_wconf 58' lang='grc' dir='ltr'>καλὸν</span> 
     </span>
    </p>
   </div>
   <div class='ocr_carea' id='block_1_43' title="bbox 2144 1747 3652 1822">
    <p class='ocr_par' dir='ltr' id='par_1_43' title="bbox 2144 1747 3652 1822">
     <span class='ocr_line' id='line_1_43' title="bbox 2144 1747 3652 1822; baseline 0 -20"><span class='ocrx_word' id='word_1_328' title='bbox 2144 1747 2317 1814; x_wconf 78' lang='grc' dir='ltr'>ἐφάνη</span> <span class='ocrx_word' id='word_1_329' title='bbox 2367 1748 2516 1817; x_wconf 82' lang='grc' dir='ltr'>αὐτῷ</span> <span class='ocrx_word' id='word_1_330' title='bbox 2568 1749 2655 1802; x_wconf 81' lang='grc' dir='ltr'><strong>ἵνα</strong></span> <span class='ocrx_word' id='word_1_331' title='bbox 2706 1752 2847 1805; x_wconf 80' lang='grc' dir='ltr'>κατὰ</span> <span class='ocrx_word' id='word_1_332' title='bbox 2886 1751 2947 1804; x_wconf 82' lang='grc' dir='ltr'><strong>τὸ</strong></span> <span class='ocrx_word' id='word_1_333' title='bbox 2984 1752 3092 1804; x_wconf 84' lang='grc' dir='ltr'><strong>τῶν</strong></span> <span class='ocrx_word' id='word_1_334' title='bbox 3137 1752 3465 1822; x_wconf 84' lang='grc' dir='ltr'>Ἀσωμάτων</span> <span class='ocrx_word' id='word_1_335' title='bbox 3507 1753 3652 1804; x_wconf 72' lang='grc' dir='ltr'>στενὸν</span> 
     </span>
    </p>
   </div>
   <div class='ocr_carea' id='block_1_44' title="bbox 2142 1837 3652 1915">
    <p class='ocr_par' dir='ltr' id='par_1_44' title="bbox 2142 1837 3652 1915">
     <span class='ocr_line' id='line_1_44' title="bbox 2142 1837 3652 1915; baseline 0.001 -26"><span class='ocrx_word' id='word_1_336' title='bbox 2142 1837 2278 1890; x_wconf 78' lang='grc' dir='ltr'>ἄστυ</span> <span class='ocrx_word' id='word_1_337' title='bbox 2304 1841 2486 1910; x_wconf 83' lang='grc' dir='ltr'>κτίση,</span> <span class='ocrx_word' id='word_1_338' title='bbox 2516 1844 2590 1905; x_wconf 85' lang='grc' dir='ltr'>ὡς</span> <span class='ocrx_word' id='word_1_339' title='bbox 2614 1844 2959 1915; x_wconf 88' lang='grc' dir='ltr'>προείρηται,</span> <span class='ocrx_word' id='word_1_340' title='bbox 2987 1846 3074 1897; x_wconf 78' lang='grc' dir='ltr'><strong>ἵνα</strong></span> <span class='ocrx_word' id='word_1_341' title='bbox 3100 1846 3420 1913; x_wconf 78' lang='grc' dir='ltr'>καταφυγὴν</span> <span class='ocrx_word' id='word_1_342' title='bbox 3443 1844 3528 1911; x_wconf 78' lang='grc' dir='ltr'><strong>ἔχη</strong></span> <span class='ocrx_word' id='word_1_343' title='bbox 3552 1842 3652 1893; x_wconf 63' lang='grc' dir='ltr'>αὐτὸ</span> 
     </span>
    </p>
   </div>
   <div class='ocr_carea' id='block_1_45' title="bbox 2140 1928 3651 2004">
    <p class='ocr_par' dir='ltr' id='par_1_45' title="bbox 2140 1928 3651 2004">
     <span class='ocr_line' id='line_1_45' title="bbox 2140 1928 3651 2004; baseline 0.001 -21"><span class='ocrx_word' id='word_1_344' title='bbox 2140 1933 2267 2001; x_wconf 73' lang='grc' dir='ltr'>περὶ</span> <span class='ocrx_word' id='word_1_345' title='bbox 2295 1928 2368 1985; x_wconf 78' lang='grc' dir='ltr'><strong>ὧν</strong></span> <span class='ocrx_word' id='word_1_346' title='bbox 2390 1935 2620 2002; x_wconf 68' lang='grc' dir='ltr'>ἐμελέτα</span> <span class='ocrx_word' id='word_1_347' title='bbox 2647 1938 2891 2004; x_wconf 85' lang='grc' dir='ltr'>ποιῆσαι,</span> <span class='ocrx_word' id='word_1_348' title='bbox 2923 1939 3070 2000; x_wconf 83' lang='grc' dir='ltr'>ὅπως</span> <span class='ocrx_word' id='word_1_349' title='bbox 3098 1938 3253 1991; x_wconf 79' lang='grc' dir='ltr'>οὐδὲν</span> <span class='ocrx_word' id='word_1_350' title='bbox 3278 1936 3383 1989; x_wconf 83' lang='grc' dir='ltr'>τῶν</span> <span class='ocrx_word' id='word_1_351' title='bbox 3404 1935 3651 2004; x_wconf 84' lang='grc' dir='ltr'>πλοιαρίων</span> 
     </span>
    </p>
   </div>
   <div class='ocr_carea' id='block_1_46' title="bbox 2141 2023 3650 2098">
    <p class='ocr_par' dir='ltr' id='par_1_46' title="bbox 2141 2023 3650 2098">
     <span class='ocr_line' id='line_1_46' title="bbox 2141 2023 3650 2098; baseline -0.005 -15"><span class='ocrx_word' id='word_1_352' title='bbox 2141 2023 2334 2091; x_wconf 78' lang='grc' dir='ltr'>μικρὸν</span> <span class='ocrx_word' id='word_1_353' title='bbox 2385 2024 2416 2093; x_wconf 82' lang='grc' dir='ltr'>ἢ</span> <span class='ocrx_word' id='word_1_354' title='bbox 2455 2028 2596 2093; x_wconf 80' lang='grc' dir='ltr'>μέγα</span> <span class='ocrx_word' id='word_1_355' title='bbox 2626 2028 2879 2098; x_wconf 79' lang='grc' dir='ltr'><strong>δυνηθείη</strong></span> <span class='ocrx_word' id='word_1_356' title='bbox 2910 2030 3188 2083; x_wconf 85' lang='grc' dir='ltr'>κατελθεῖν</span> <span class='ocrx_word' id='word_1_357' title='bbox 3228 2030 3293 2081; x_wconf 83' lang='grc' dir='ltr'>ὲκ</span> <span class='ocrx_word' id='word_1_358' title='bbox 3324 2028 3414 2081; x_wconf 82' lang='grc' dir='ltr'>τοῦ</span> <span class='ocrx_word' id='word_1_359' title='bbox 3443 2026 3650 2091; x_wconf 76' lang='grc' dir='ltr'>Εὐξείνου</span> 
     </span>
    </p>
   </div>
   <div class='ocr_carea' id='block_1_47' title="bbox 2138 2115 3654 2193">
    <p class='ocr_par' dir='ltr' id='par_1_47' title="bbox 2138 2115 3654 2193">
     <span class='ocr_line' id='line_1_47' title="bbox 2138 2115 3654 2193; baseline 0.002 -28"><span class='ocrx_word' id='word_1_360' title='bbox 2138 2115 2335 2167; x_wconf 79' lang='grc' dir='ltr'>πόντου</span> <span class='ocrx_word' id='word_1_361' title='bbox 2366 2116 2508 2169; x_wconf 77' lang='grc' dir='ltr'>κατὰ</span> <span class='ocrx_word' id='word_1_362' title='bbox 2536 2118 2636 2187; x_wconf 76' lang='grc' dir='ltr'><strong>τὴν</strong></span> <span class='ocrx_word' id='word_1_363' title='bbox 2663 2119 2839 2184; x_wconf 89' lang='grc' dir='ltr'>πόλιν,</span> <span class='ocrx_word' id='word_1_364' title='bbox 2878 2122 2969 2173; x_wconf 75' lang='grc' dir='ltr'><strong>καὶ</strong></span> <span class='ocrx_word' id='word_1_365' title='bbox 3004 2120 3093 2174; x_wconf 80' lang='grc' dir='ltr'><strong>ἵνα</strong></span> <span class='ocrx_word' id='word_1_366' title='bbox 3120 2121 3306 2193; x_wconf 78' lang='grc' dir='ltr'>ῥᾴδιον</span> <span class='ocrx_word' id='word_1_367' title='bbox 3336 2120 3491 2189; x_wconf 74' lang='grc' dir='ltr'>ἔχωσι</span> <span class='ocrx_word' id='word_1_368' title='bbox 3517 2119 3566 2171; x_wconf 68' lang='grc' dir='ltr'>τὺ</span> <span class='ocrx_word' id='word_1_369' title='bbox 3584 2118 3654 2168; x_wconf 84' lang='grc' dir='ltr'><strong>πέ-</strong></span> 
     </span>
    </p>
   </div>
   <div class='ocr_carea' id='block_1_48' title="bbox 2140 2207 3653 2281">
    <p class='ocr_par' dir='ltr' id='par_1_48' title="bbox 2140 2207 3653 2281">
     <span class='ocr_line' id='line_1_48' title="bbox 2140 2207 3653 2281; baseline -0.011 -7"><span class='ocrx_word' id='word_1_370' title='bbox 2140 2222 2291 2274; x_wconf 78' lang='grc' dir='ltr'>ραμα</span> <span class='ocrx_word' id='word_1_371' title='bbox 2342 2207 2407 2260; x_wconf 63' lang='grc' dir='ltr'><strong>ἐκ</strong></span> <span class='ocrx_word' id='word_1_372' title='bbox 2460 2209 2558 2278; x_wconf 82' lang='grc' dir='ltr'><strong>τῆς</strong></span> <span class='ocrx_word' id='word_1_373' title='bbox 2588 2210 2773 2271; x_wconf 77' lang='grc' dir='ltr'>Ἀσίας</span> <span class='ocrx_word' id='word_1_374' title='bbox 2828 2212 2907 2273; x_wconf 72' lang='grc' dir='ltr'>εἷς</span> <span class='ocrx_word' id='word_1_375' title='bbox 2949 2209 3242 2281; x_wconf 83' lang='grc' dir='ltr'><strong>Εὐρώπην.</strong></span> <span class='ocrx_word' id='word_1_376' title='bbox 3286 2210 3458 2264; x_wconf 87' lang='grc' dir='ltr'>Θέλων</span> <span class='ocrx_word' id='word_1_377' title='bbox 3496 2208 3547 2260; x_wconf 73' lang='grc' dir='ltr'>δὲ</span> <span class='ocrx_word' id='word_1_378' title='bbox 3582 2207 3653 2259; x_wconf 75' lang='grc' dir='ltr'>καὶ</span> 
     </span>
    </p>
   </div>
   <div class='ocr_carea' id='block_1_49' title="bbox 2136 2298 3652 2369">
    <p class='ocr_par' dir='ltr' id='par_1_49' title="bbox 2136 2298 3652 2369">
     <span class='ocr_line' id='line_1_49' title="bbox 2136 2298 3652 2369; baseline 0.002 -21"><span class='ocrx_word' id='word_1_379' title='bbox 2136 2298 2457 2368; x_wconf 76' lang='grc' dir='ltr'>βιαζόμενος</span> <span class='ocrx_word' id='word_1_380' title='bbox 2511 2300 2598 2354; x_wconf 74' lang='grc' dir='ltr'><strong>ἵνα</strong></span> <span class='ocrx_word' id='word_1_381' title='bbox 2629 2302 2699 2352; x_wconf 82' lang='grc' dir='ltr'>τὰ</span> <span class='ocrx_word' id='word_1_382' title='bbox 2757 2301 3135 2369; x_wconf 81' lang='grc' dir='ltr'>μελετούμενα</span> <span class='ocrx_word' id='word_1_383' title='bbox 3182 2302 3277 2356; x_wconf 78' lang='grc' dir='ltr'>ὑπ’</span> <span class='ocrx_word' id='word_1_384' title='bbox 3305 2301 3465 2356; x_wconf 82' lang='grc' dir='ltr'>αὐτοῦ</span> <span class='ocrx_word' id='word_1_385' title='bbox 3516 2299 3652 2369; x_wconf 74' lang='grc' dir='ltr'>ἀρχὴν</span> 
     </span>
    </p>
   </div>
   <div class='ocr_carea' id='block_1_50' title="bbox 2133 2388 3651 2464">
    <p class='ocr_par' dir='ltr' id='par_1_50' title="bbox 2133 2388 3651 2464">
     <span class='ocr_line' id='line_1_50' title="bbox 2133 2388 3651 2464; baseline -0.001 -23"><span class='ocrx_word' id='word_1_386' title='bbox 2133 2389 2396 2453; x_wconf 81' lang='grc' dir='ltr'>λάϐωσιν,</span> <span class='ocrx_word' id='word_1_387' title='bbox 2440 2392 2552 2444; x_wconf 82' lang='grc' dir='ltr'>ίδοὺ</span> <span class='ocrx_word' id='word_1_388' title='bbox 2598 2395 2663 2461; x_wconf 77' lang='grc' dir='ltr'>τῇ</span> <span class='ocrx_word' id='word_1_389' title='bbox 2693 2391 2785 2455; x_wconf 82' lang='grc' dir='ltr'>κς⁹</span> <span class='ocrx_word' id='word_1_390' title='bbox 2819 2394 3086 2464; x_wconf 74' lang='grc' dir='ltr'>Μαρτίοιγ</span> <span class='ocrx_word' id='word_1_391' title='bbox 3106 2392 3203 2446; x_wconf 80' lang='grc' dir='ltr'>τοῦ</span> <span class='ocrx_word' id='word_1_392' title='bbox 3236 2388 3651 2462; x_wconf 76' lang='grc' dir='ltr'>ὲξακισχιλιοστοῦ</span> 
     </span>
    </p>
   </div>
   <div class='ocr_carea' id='block_1_51' title="bbox 2132 2480 3652 2553">
    <p class='ocr_par' dir='ltr' id='par_1_51' title="bbox 2132 2480 3652 2553">
     <span class='ocr_line' id='line_1_51' title="bbox 2132 2480 3652 2553; baseline -0.001 -20"><span class='ocrx_word' id='word_1_393' title='bbox 2132 2482 2547 2535; x_wconf 84' lang='grc' dir='ltr'>ὲννακοσιοοτοῦ</span> <span class='ocrx_word' id='word_1_394' title='bbox 2576 2483 2872 2553; x_wconf 80' lang='grc' dir='ltr'>ἑξηκοστοῦ</span> <span class='ocrx_word' id='word_1_395' title='bbox 2902 2485 3058 2548; x_wconf 82' lang='grc' dir='ltr'>ἔτους</span> <span class='ocrx_word' id='word_1_396' title='bbox 3082 2484 3257 2537; x_wconf 77' lang='grc' dir='ltr'>ἐλθὼν</span> <span class='ocrx_word' id='word_1_397' title='bbox 3299 2483 3486 2536; x_wconf 77' lang='grc' dir='ltr'>ἔπεσεν</span> <span class='ocrx_word' id='word_1_398' title='bbox 3516 2482 3581 2542; x_wconf 86' lang='grc' dir='ltr'><strong>είς</strong></span> <span class='ocrx_word' id='word_1_399' title='bbox 3607 2480 3652 2531; x_wconf 70' lang='grc' dir='ltr'>τὸ</span> 
     </span>
    </p>
   </div>
   <div class='ocr_carea' id='block_1_52' title="bbox 2133 2573 3652 2645">
    <p class='ocr_par' dir='ltr' id='par_1_52' title="bbox 2133 2573 3652 2645">
     <span class='ocr_line' id='line_1_52' title="bbox 2133 2573 3652 2645; baseline 0.001 -22"><span class='ocrx_word' id='word_1_400' title='bbox 2133 2574 2337 2637; x_wconf 73' lang='grc' dir='ltr'>στενὸν,</span> <span class='ocrx_word' id='word_1_401' title='bbox 2366 2574 2451 2625; x_wconf 86' lang='grc' dir='ltr'><strong>ἵνα</strong></span> <span class='ocrx_word' id='word_1_402' title='bbox 2474 2575 2803 2645; x_wconf 80' lang='grc' dir='ltr'>οίκοδομήση</span> <span class='ocrx_word' id='word_1_403' title='bbox 2828 2576 2888 2626; x_wconf 80' lang='grc' dir='ltr'><strong>τὸ</strong></span> <span class='ocrx_word' id='word_1_404' title='bbox 2911 2576 3069 2629; x_wconf 83' lang='grc' dir='ltr'>άστυ.</span> <span class='ocrx_word' id='word_1_405' title='bbox 3094 2574 3247 2629; x_wconf 84' lang='grc' dir='ltr'>Ἰδὼν</span> <span class='ocrx_word' id='word_1_406' title='bbox 3272 2574 3364 2628; x_wconf 78' lang='grc' dir='ltr'><strong>οὖν</strong></span> <span class='ocrx_word' id='word_1_407' title='bbox 3388 2577 3414 2625; x_wconf 81' lang='grc' dir='ltr'>ὁ</span> <span class='ocrx_word' id='word_1_408' title='bbox 3442 2573 3652 2644; x_wconf 80' lang='grc' dir='ltr'>βασιλεὺς</span> 
     </span>
    </p>
   </div>
   <div class='ocr_carea' id='block_1_53' title="bbox 2130 2663 3653 2735">
    <p class='ocr_par' dir='ltr' id='par_1_53' title="bbox 2130 2663 3653 2735">
     <span class='ocr_line' id='line_1_53' title="bbox 2130 2663 3653 2735; baseline 0.001 -21"><span class='ocrx_word' id='word_1_409' title='bbox 2130 2663 2228 2725; x_wconf 86' lang='grc' dir='ltr'>τὰς</span> <span class='ocrx_word' id='word_1_410' title='bbox 2260 2664 2598 2735; x_wconf 86' lang='grc' dir='ltr'>πανουργίας</span> <span class='ocrx_word' id='word_1_411' title='bbox 2628 2664 2795 2719; x_wconf 80' lang='grc' dir='ltr'>αὐτοῦ</span> <span class='ocrx_word' id='word_1_412' title='bbox 2830 2666 3097 2735; x_wconf 76' lang='grc' dir='ltr'>ἐϐουλήθη</span> <span class='ocrx_word' id='word_1_413' title='bbox 3141 2666 3485 2734; x_wconf 79' lang='grc' dir='ltr'>ἀποκαλύψαι</span> <span class='ocrx_word' id='word_1_414' title='bbox 3524 2664 3653 2725; x_wconf 49' lang='grc' dir='ltr'>αὑτὴ</span> 
     </span>
    </p>
   </div>
   <div class='ocr_carea' id='block_1_54' title="bbox 2132 2754 3653 2827">
    <p class='ocr_par' dir='ltr' id='par_1_54' title="bbox 2132 2754 3653 2827">
     <span class='ocr_line' id='line_1_54' title="bbox 2132 2754 3653 2827; baseline 0.007 -23"><span class='ocrx_word' id='word_1_415' title='bbox 2132 2754 2349 2821; x_wconf 82' lang='grc' dir='ltr'>πρῶτον</span> <span class='ocrx_word' id='word_1_416' title='bbox 2382 2754 2483 2822; x_wconf 83' lang='grc' dir='ltr'>τὴν</span> <span class='ocrx_word' id='word_1_417' title='bbox 2526 2755 2729 2825; x_wconf 86' lang='grc' dir='ltr'>μάχην,</span> <span class='ocrx_word' id='word_1_418' title='bbox 2778 2758 2924 2820; x_wconf 81' lang='grc' dir='ltr'>ὅπως</span> <span class='ocrx_word' id='word_1_419' title='bbox 2984 2758 3149 2811; x_wconf 77' lang='grc' dir='ltr'>αὑτὸν</span> <span class='ocrx_word' id='word_1_420' title='bbox 3194 2758 3481 2827; x_wconf 70' lang='grc' dir='ltr'>ιμποδίσῃ.</span> <span class='ocrx_word' id='word_1_421' title='bbox 3530 2754 3653 2814; x_wconf 72' lang='grc' dir='ltr'><strong>Τινὲς</strong></span> 
     </span>
    </p>
   </div>
   <div class='ocr_carea' id='block_1_55' title="bbox 2128 2844 3651 2920">
    <p class='ocr_par' dir='ltr' id='par_1_55' title="bbox 2128 2844 3651 2920">
     <span class='ocr_line' id='line_1_55' title="bbox 2128 2844 3651 2920; baseline -0.001 -21"><span class='ocrx_word' id='word_1_422' title='bbox 2128 2846 2185 2899; x_wconf 75' lang='grc' dir='ltr'>δὲ</span> <span class='ocrx_word' id='word_1_423' title='bbox 2230 2846 2339 2899; x_wconf 82' lang='grc' dir='ltr'><strong>τῶν</strong></span> <span class='ocrx_word' id='word_1_424' title='bbox 2367 2847 2468 2915; x_wconf 85' lang='grc' dir='ltr'><strong>τῆς</strong></span> <span class='ocrx_word' id='word_1_425' title='bbox 2526 2848 2831 2920; x_wconf 88' lang='grc' dir='ltr'>συγκλήτου</span> <span class='ocrx_word' id='word_1_426' title='bbox 2880 2851 3198 2920; x_wconf 73' lang='grc' dir='ltr'>ἱερωμένων</span> <span class='ocrx_word' id='word_1_427' title='bbox 3244 2867 3304 2903; x_wconf 86' lang='grc' dir='ltr'><strong>τε</strong></span> <span class='ocrx_word' id='word_1_428' title='bbox 3357 2850 3448 2903; x_wconf 81' lang='grc' dir='ltr'>καὶ</span> <span class='ocrx_word' id='word_1_429' title='bbox 3488 2844 3651 2900; x_wconf 78' lang='grc' dir='ltr'>λαῐκῶν</span> 
     </span>
    </p>
   </div>
   <div class='ocr_carea' id='block_1_56' title="bbox 2130 2937 3649 3014">
    <p class='ocr_par' dir='ltr' id='par_1_56' title="bbox 2130 2937 3649 3014">
     <span class='ocr_line' id='line_1_56' title="bbox 2130 2937 3649 3014; baseline 0.002 -24"><span class='ocrx_word' id='word_1_430' title='bbox 2130 2937 2414 2991; x_wconf 79' lang='grc' dir='ltr'>ἐκώλυσαν</span> <span class='ocrx_word' id='word_1_431' title='bbox 2460 2941 2559 3010; x_wconf 82' lang='grc' dir='ltr'>τὴν</span> <span class='ocrx_word' id='word_1_432' title='bbox 2612 2941 2837 3010; x_wconf 86' lang='grc' dir='ltr'>γνώμην</span> <span class='ocrx_word' id='word_1_433' title='bbox 2884 2943 2980 2996; x_wconf 81' lang='grc' dir='ltr'>καὶ</span> <span class='ocrx_word' id='word_1_434' title='bbox 3036 2943 3237 3014; x_wconf 83' lang='grc' dir='ltr'>βουλὴν</span> <span class='ocrx_word' id='word_1_435' title='bbox 3285 2944 3378 2997; x_wconf 83' lang='grc' dir='ltr'>τοῦ</span> <span class='ocrx_word' id='word_1_436' title='bbox 3413 2941 3649 3013; x_wconf 79' lang='grc' dir='ltr'>βασιλέως,</span> 
     </span>
    </p>
   </div>
   <div class='ocr_carea' id='block_1_57' title="bbox 2131 3029 3650 3108">
    <p class='ocr_par' dir='ltr' id='par_1_57' title="bbox 2131 3029 3650 3108">
     <span class='ocr_line' id='line_1_57' title="bbox 2131 3029 3650 3108; baseline -0.003 -20"><span class='ocrx_word' id='word_1_437' title='bbox 2131 3029 2293 3102; x_wconf 67' lang='grc'><strong>234</strong></span> <span class='ocrx_word' id='word_1_438' title='bbox 2331 3032 2581 3101; x_wconf 76' lang='grc' dir='ltr'>λέγοντες</span> <span class='ocrx_word' id='word_1_439' title='bbox 2617 3033 2693 3105; x_wconf 79' lang='grc' dir='ltr'><strong>μὴ</strong></span> <span class='ocrx_word' id='word_1_440' title='bbox 2730 3035 3170 3105; x_wconf 85' lang='grc' dir='ltr'>άποκαλυφθήτω</span> <span class='ocrx_word' id='word_1_441' title='bbox 3199 3038 3237 3107; x_wconf 76' lang='grc' dir='ltr'><strong>ἡ</strong></span> <span class='ocrx_word' id='word_1_442' title='bbox 3272 3036 3418 3108; x_wconf 82' lang='grc' dir='ltr'>μάχη</span> <span class='ocrx_word' id='word_1_443' title='bbox 3456 3034 3543 3105; x_wconf 85' lang='grc' dir='ltr'><strong>τῆς</strong></span> <span class='ocrx_word' id='word_1_444' title='bbox 3575 3032 3650 3103; x_wconf 76' lang='grc' dir='ltr'><strong>βα-</strong></span> 
     </span>
    </p>
   </div>
   <div class='ocr_carea' id='block_1_58' title="bbox 458 3209 3651 3287">
    <p class='ocr_par' dir='ltr' id='par_1_58' title="bbox 458 3209 3651 3287">
     <span class='ocr_line' id='line_1_58' title="bbox 458 3209 3651 3287; baseline 0.001 -26"><span class='ocrx_word' id='word_1_445' title='bbox 458 3225 577 3262; x_wconf 88' lang='lat' dir='ltr'><strong>rum</strong></span> <span class='ocrx_word' id='word_1_446' title='bbox 610 3210 1050 3268; x_wconf 68' lang='lat' dir='ltr'><strong>solemnitatibus</strong></span> <span class='ocrx_word' id='word_1_447' title='bbox 1113 3227 1181 3266; x_wconf 88' lang='lat' dir='ltr'><strong>ne</strong></span> <span class='ocrx_word' id='word_1_448' title='bbox 1241 3228 1327 3267; x_wconf 89' lang='lat' dir='ltr'><strong>me</strong></span> <span class='ocrx_word' id='word_1_449' title='bbox 1388 3231 1480 3282; x_wconf 90' lang='lat' dir='ltr'><strong>pro</strong></span> <span class='ocrx_word' id='word_1_450' title='bbox 1534 3230 1684 3269; x_wconf 87' lang='lat' dir='ltr'><strong>more</strong></span> <span class='ocrx_word' id='word_1_451' title='bbox 1731 3213 1890 3270; x_wconf 82' lang='lat' dir='ltr'><strong>oﬂlcii</strong></span> <span class='ocrx_word' id='word_1_452' title='bbox 1952 3216 2028 3269; x_wconf 89' lang='lat' dir='ltr'><strong>tui</strong></span> <span class='ocrx_word' id='word_1_453' title='bbox 2060 3226 2104 3287; x_wconf 72' lang='grc' dir='ltr'>ο</span> <span class='ocrx_word' id='word_1_454' title='bbox 2134 3214 2203 3269; x_wconf 84' lang='lat' dir='ltr'><strong>At</strong></span> <span class='ocrx_word' id='word_1_455' title='bbox 2232 3222 2286 3269; x_wconf 92' lang='lat' dir='ltr'><strong>tu</strong></span> <span class='ocrx_word' id='word_1_456' title='bbox 2324 3230 2563 3284; x_wconf 81' lang='lat' dir='ltr'><strong>quoque,</strong></span> <span class='ocrx_word' id='word_1_457' title='bbox 2620 3215 2853 3279; x_wconf 88' lang='lat' dir='ltr'><strong>notarie,</strong></span> <span class='ocrx_word' id='word_1_458' title='bbox 2902 3218 3005 3271; x_wconf 88' lang='lat' dir='ltr'><strong>hoc</strong></span> <span class='ocrx_word' id='word_1_459' title='bbox 3060 3215 3177 3271; x_wconf 91' lang='lat' dir='ltr'><strong>dies</strong></span> <span class='ocrx_word' id='word_1_460' title='bbox 3231 3215 3437 3286; x_wconf 76' lang='lat' dir='ltr'><strong>aliquot</strong></span> <span class='ocrx_word' id='word_1_461' title='bbox 3477 3209 3651 3268; x_wconf 86' lang='lat' dir='ltr'><strong>silentio</strong></span> 
     </span>
    </p>
   </div>
   <div class='ocr_carea' id='block_1_59' title="bbox 457 3299 2031 3371">
    <p class='ocr_par' dir='ltr' id='par_1_59' title="bbox 457 3299 2031 3371">
     <span class='ocr_line' id='line_1_59' title="bbox 457 3299 2031 3371; baseline 0.004 -17"><span class='ocrx_word' id='word_1_462' title='bbox 457 3303 678 3355; x_wconf 78' lang='lat' dir='ltr'><strong>adores.</strong></span> <span class='ocrx_word' id='word_1_463' title='bbox 715 3299 1037 3371; x_wconf 84' lang='lat' dir='ltr'><strong>Quanquam</strong></span> <span class='ocrx_word' id='word_1_464' title='bbox 1073 3304 1321 3359; x_wconf 92' lang='lat' dir='ltr'><strong>notarius</strong></span> <span class='ocrx_word' id='word_1_465' title='bbox 1371 3306 1445 3358; x_wconf 87' lang='lat' dir='ltr'><strong>rei</strong></span> <span class='ocrx_word' id='word_1_466' title='bbox 1486 3306 1810 3360; x_wconf 82' lang='lat' dir='ltr'><strong>mentionem</strong></span> <span class='ocrx_word' id='word_1_467' title='bbox 1871 3307 2031 3363; x_wconf 89' lang='lat' dir='ltr'><strong>faciet</strong></span> 
     </span>
    </p>
   </div>
   <div class='ocr_carea' id='block_1_60' title="bbox 459 3396 2029 3469">
    <p class='ocr_par' dir='ltr' id='par_1_60' title="bbox 459 3396 2029 3469">
     <span class='ocr_line' id='line_1_60' title="bbox 459 3396 2029 3469; baseline 0.004 -21"><span class='ocrx_word' id='word_1_468' title='bbox 459 3398 513 3449; x_wconf 92' lang='lat' dir='ltr'><strong>in</strong></span> <span class='ocrx_word' id='word_1_469' title='bbox 546 3396 747 3450; x_wconf 87' lang='lat' dir='ltr'><strong>litteris</strong></span> <span class='ocrx_word' id='word_1_470' title='bbox 788 3396 853 3450; x_wconf 88' lang='lat' dir='ltr'><strong>ad</strong></span> <span class='ocrx_word' id='word_1_471' title='bbox 883 3396 1078 3452; x_wconf 84' lang='lat' dir='ltr'><strong>fratres</strong></span> <span class='ocrx_word' id='word_1_472' title='bbox 1122 3412 1274 3452; x_wconf 91' lang='lat' dir='ltr'><strong>meos</strong></span> <span class='ocrx_word' id='word_1_473' title='bbox 1328 3406 1381 3452; x_wconf 85' lang='lat' dir='ltr'><strong>et</strong></span> <span class='ocrx_word' id='word_1_474' title='bbox 1421 3411 1704 3469; x_wconf 74' lang='lat' dir='ltr'><strong>cognatam</strong></span> <span class='ocrx_word' id='word_1_475' title='bbox 1738 3414 1911 3454; x_wconf 91' lang='lat' dir='ltr'><strong>meam</strong></span> <span class='ocrx_word' id='word_1_476' title='bbox 1941 3416 2029 3455; x_wconf 84' lang='lat' dir='ltr'><strong>re-</strong></span> 
     </span>
    </p>
   </div>
   <div class='ocr_carea' id='block_1_61' title="bbox 455 3488 2027 3561">
    <p class='ocr_par' dir='ltr' id='par_1_61' title="bbox 455 3488 2027 3561">
     <span class='ocr_line' id='line_1_61' title="bbox 455 3488 2027 3561; baseline 0.004 -20"><span class='ocrx_word' id='word_1_477' title='bbox 455 3490 661 3557; x_wconf 80' lang='lat' dir='ltr'><strong>giuam,</strong></span> <span class='ocrx_word' id='word_1_478' title='bbox 692 3488 927 3559; x_wconf 82' lang='lat' dir='ltr'><strong>denique</strong></span> <span class='ocrx_word' id='word_1_479' title='bbox 955 3490 1021 3544; x_wconf 82' lang='lat' dir='ltr'><strong>ad</strong></span> <span class='ocrx_word' id='word_1_480' title='bbox 1074 3504 1288 3555; x_wconf 83' lang='lat' dir='ltr'><strong>omnes,</strong></span> <span class='ocrx_word' id='word_1_481' title='bbox 1320 3492 1385 3545; x_wconf 87' lang='lat' dir='ltr'><strong>ad</strong></span> <span class='ocrx_word' id='word_1_482' title='bbox 1428 3507 1565 3561; x_wconf 82' lang='lat' dir='ltr'><strong>quos</strong></span> <span class='ocrx_word' id='word_1_483' title='bbox 1600 3493 1665 3546; x_wconf 90' lang='lat' dir='ltr'><strong>de</strong></span> <span class='ocrx_word' id='word_1_484' title='bbox 1701 3492 1895 3546; x_wconf 86' lang='lat' dir='ltr'><strong>itinere</strong></span> <span class='ocrx_word' id='word_1_485' title='bbox 1933 3503 2027 3548; x_wconf 91' lang='lat' dir='ltr'><strong>tuo</strong></span> 
     </span>
    </p>
   </div>
   <div class='ocr_carea' id='block_1_62' title="bbox 464 3582 2031 3650">
    <p class='ocr_par' dir='ltr' id='par_1_62' title="bbox 464 3582 2031 3650">
     <span class='ocr_line' id='line_1_62' title="bbox 464 3582 2031 3650; baseline 0.003 -15"><span class='ocrx_word' id='word_1_486' title='bbox 464 3582 768 3650; x_wconf 81' lang='lat' dir='ltr'><strong>scripturus</strong></span> <span class='ocrx_word' id='word_1_487' title='bbox 824 3598 969 3647; x_wconf 90' lang='lat' dir='ltr'><strong>sum,</strong></span> <span class='ocrx_word' id='word_1_488' title='bbox 1021 3598 1084 3637; x_wconf 90' lang='lat' dir='ltr'><strong>ac</strong></span> <span class='ocrx_word' id='word_1_489' title='bbox 1142 3592 1196 3637; x_wconf 92' lang='lat' dir='ltr'><strong>tu</strong></span> <span class='ocrx_word' id='word_1_490' title='bbox 1256 3584 1405 3638; x_wconf 92' lang='lat' dir='ltr'><strong>illinc</strong></span> <span class='ocrx_word' id='word_1_491' title='bbox 1451 3584 1689 3640; x_wconf 81' lang='lat' dir='ltr'><strong>vicissim</strong></span> <span class='ocrx_word' id='word_1_492' title='bbox 1729 3585 1794 3639; x_wconf 89' lang='lat' dir='ltr'><strong>ad</strong></span> <span class='ocrx_word' id='word_1_493' title='bbox 1855 3599 1939 3639; x_wconf 87' lang='lat' dir='ltr'><strong>me</strong></span> <span class='ocrx_word' id='word_1_494' title='bbox 1974 3594 2031 3639; x_wconf 88' lang='lat' dir='ltr'><strong>et</strong></span> 
     </span>
    </p>
   </div>
   <div class='ocr_carea' id='block_1_63' title="bbox 451 3675 2028 3745">
    <p class='ocr_par' dir='ltr' id='par_1_63' title="bbox 451 3675 2028 3745">
     <span class='ocr_line' id='line_1_63' title="bbox 451 3675 2028 3745; baseline 0.004 -18"><span class='ocrx_word' id='word_1_495' title='bbox 451 3690 834 3745; x_wconf 81' lang='lat' dir='ltr'><strong>qnemcunque</strong></span> <span class='ocrx_word' id='word_1_496' title='bbox 890 3675 1086 3730; x_wconf 91' lang='lat' dir='ltr'><strong>domus</strong></span> <span class='ocrx_word' id='word_1_497' title='bbox 1137 3684 1241 3730; x_wconf 72' lang='lat' dir='ltr'><strong>tuae</strong></span> <span class='ocrx_word' id='word_1_498' title='bbox 1295 3676 1563 3741; x_wconf 86' lang='lat' dir='ltr'><strong>scribens,</strong></span> <span class='ocrx_word' id='word_1_499' title='bbox 1613 3678 1826 3731; x_wconf 88' lang='lat' dir='ltr'><strong>titulum</strong></span> <span class='ocrx_word' id='word_1_500' title='bbox 1883 3678 2028 3733; x_wconf 85' lang='lat' dir='ltr'><strong>hunc</strong></span> 
     </span>
    </p>
   </div>
   <div class='ocr_carea' id='block_1_64' title="bbox 452 3767 2023 3840">
    <p class='ocr_par' dir='ltr' id='par_1_64' title="bbox 452 3767 2023 3840">
     <span class='ocr_line' id='line_1_64' title="bbox 452 3767 2023 3840; baseline 0.002 -23"><span class='ocrx_word' id='word_1_501' title='bbox 452 3768 764 3836; x_wconf 88' lang='lat' dir='ltr'><strong>usurpabis.</strong></span> <span class='ocrx_word' id='word_1_502' title='bbox 799 3767 1003 3834; x_wconf 84' lang='lat' dir='ltr'><strong>Quodsi</strong></span> <span class='ocrx_word' id='word_1_503' title='bbox 1063 3769 1271 3823; x_wconf 84' lang='lat' dir='ltr'><strong>interea</strong></span> <span class='ocrx_word' id='word_1_504' title='bbox 1324 3784 1438 3822; x_wconf 89' lang='lat' dir='ltr'><strong>rem</strong></span> <span class='ocrx_word' id='word_1_505' title='bbox 1496 3771 1873 3838; x_wconf 69' lang='lat' dir='ltr'><strong>cognoverint,</strong></span> <span class='ocrx_word' id='word_1_506' title='bbox 1930 3768 2023 3840; x_wconf 79' lang='lat' dir='ltr'><strong>qui</strong></span> 
     </span>
    </p>
   </div>
   <div class='ocr_carea' id='block_1_65' title="bbox 449 3859 2024 3932">
    <p class='ocr_par' dir='ltr' id='par_1_65' title="bbox 449 3859 2024 3932">
     <span class='ocr_line' id='line_1_65' title="bbox 449 3859 2024 3932; baseline 0.001 -19"><span class='ocrx_word' id='word_1_507' title='bbox 449 3859 695 3914; x_wconf 89' lang='lat' dir='ltr'><strong>invident</strong></span> <span class='ocrx_word' id='word_1_508' title='bbox 726 3861 847 3922; x_wconf 89' lang='lat' dir='ltr'><strong>tibi,</strong></span> <span class='ocrx_word' id='word_1_509' title='bbox 885 3860 1137 3928; x_wconf 84' lang='lat' dir='ltr'><strong>quamvis</strong></span> <span class='ocrx_word' id='word_1_510' title='bbox 1185 3859 1253 3915; x_wconf 91' lang='lat' dir='ltr'><strong>iis</strong></span> <span class='ocrx_word' id='word_1_511' title='bbox 1298 3860 1495 3915; x_wconf 92' lang='lat' dir='ltr'><strong>durum</strong></span> <span class='ocrx_word' id='word_1_512' title='bbox 1534 3863 1908 3932; x_wconf 89' lang='lat' dir='ltr'><strong>acerbumque</strong></span> <span class='ocrx_word' id='word_1_513' title='bbox 1942 3865 2024 3915; x_wconf 87' lang='lat' dir='ltr'><strong>vi-</strong></span> 
     </span>
    </p>
   </div>
   <div class='ocr_carea' id='block_1_66' title="bbox 450 3950 2027 4015">
    <p class='ocr_par' dir='ltr' id='par_1_66' title="bbox 450 3950 2027 4015">
     <span class='ocr_line' id='line_1_66' title="bbox 450 3950 2027 4015; baseline 0.007 -16"><span class='ocrx_word' id='word_1_514' title='bbox 450 3953 674 4015; x_wconf 83' lang='lat' dir='ltr'><strong>deatur,</strong></span> <span class='ocrx_word' id='word_1_515' title='bbox 708 3952 955 4005; x_wconf 89' lang='lat' dir='ltr'><strong>volentes</strong></span> <span class='ocrx_word' id='word_1_516' title='bbox 1013 3950 1261 4005; x_wconf 93' lang='lat' dir='ltr'><strong>nolentes</strong></span> <span class='ocrx_word' id='word_1_517' title='bbox 1295 3966 1413 4005; x_wconf 89' lang='lat' dir='ltr'><strong>eam</strong></span> <span class='ocrx_word' id='word_1_518' title='bbox 1472 3951 1807 4007; x_wconf 81' lang='lat' dir='ltr'><strong>devorante.‘</strong></span> <span class='ocrx_word' id='word_1_519' title='bbox 1839 3972 1857 4005; x_wconf 74' lang='grc' dir='ltr'>ι</span> <span class='ocrx_word' id='word_1_520' title='bbox 1917 3952 2027 4010; x_wconf 80' lang='lat' dir='ltr'><strong>Re-</strong></span> 
     </span>
    </p>
   </div>
   <div class='ocr_carea' id='block_1_67' title="bbox 450 4042 2026 4115">
    <p class='ocr_par' dir='ltr' id='par_1_67' title="bbox 450 4042 2026 4115">
     <span class='ocr_line' id='line_1_67' title="bbox 450 4042 2026 4115; baseline 0.006 -21"><span class='ocrx_word' id='word_1_521' title='bbox 450 4043 642 4111; x_wconf 74' lang='lat' dir='ltr'><strong>spondi</strong></span> <span class='ocrx_word' id='word_1_522' title='bbox 676 4043 747 4097; x_wconf 93' lang='lat' dir='ltr'><strong>ita</strong></span> <span class='ocrx_word' id='word_1_523' title='bbox 779 4042 1130 4112; x_wconf 84' lang='lat' dir='ltr'><strong>imperatori:</strong></span> <span class='ocrx_word' id='word_1_524' title='bbox 1170 4060 1190 4095; x_wconf 76' lang='grc' dir='ltr'><strong>ι</strong></span> <span class='ocrx_word' id='word_1_525' title='bbox 1233 4043 1372 4099; x_wconf 86' lang='lat' dir='ltr'><strong>Deus</strong></span> <span class='ocrx_word' id='word_1_526' title='bbox 1428 4042 1692 4100; x_wconf 88' lang='lat' dir='ltr'><strong>Dominus</strong></span> <span class='ocrx_word' id='word_1_527' title='bbox 1757 4047 2026 4115; x_wconf 85' lang='lat' dir='ltr'><strong>producat</strong></span> 
     </span>
    </p>
   </div>
   <div class='ocr_carea' id='block_1_68' title="bbox 450 4131 2021 4208">
    <p class='ocr_par' dir='ltr' id='par_1_68' title="bbox 450 4131 2021 4208">
     <span class='ocr_line' id='line_1_68' title="bbox 450 4131 2021 4208; baseline 0.007 -26"><span class='ocrx_word' id='word_1_528' title='bbox 450 4131 738 4201; x_wconf 85' lang='lat' dir='ltr'><strong>imperium</strong></span> <span class='ocrx_word' id='word_1_529' title='bbox 771 4142 947 4187; x_wconf 89' lang='lat' dir='ltr'><strong>tuum.</strong></span> <span class='ocrx_word' id='word_1_530' title='bbox 992 4132 1097 4187; x_wconf 88' lang='lat' dir='ltr'><strong>Sed</strong></span> <span class='ocrx_word' id='word_1_531' title='bbox 1127 4143 1307 4188; x_wconf 90' lang='lat' dir='ltr'><strong>tamen</strong></span> <span class='ocrx_word' id='word_1_532' title='bbox 1341 4135 1668 4204; x_wconf 87' lang='lat' dir='ltr'><strong>suppliciter</strong></span> <span class='ocrx_word' id='word_1_533' title='bbox 1716 4153 1850 4208; x_wconf 76' lang='lat' dir='ltr'><strong>rogo</strong></span> <span class='ocrx_word' id='word_1_534' title='bbox 1889 4154 2021 4193; x_wconf 85' lang='lat' dir='ltr'><strong>san-</strong></span> 
     </span>
    </p>
   </div>
   <div class='ocr_carea' id='block_1_69' title="bbox 447 4223 2021 4288">
    <p class='ocr_par' dir='ltr' id='par_1_69' title="bbox 447 4223 2021 4288">
     <span class='ocr_line' id='line_1_69' title="bbox 447 4223 2021 4288; baseline 0.003 -13"><span class='ocrx_word' id='word_1_535' title='bbox 447 4234 587 4277; x_wconf 88' lang='lat' dir='ltr'><strong>ctam</strong></span> <span class='ocrx_word' id='word_1_536' title='bbox 626 4223 960 4286; x_wconf 78' lang='lat' dir='ltr'><strong>maiestatem</strong></span> <span class='ocrx_word' id='word_1_537' title='bbox 987 4232 1159 4288; x_wconf 90' lang='lat' dir='ltr'><strong>tuam,</strong></span> <span class='ocrx_word' id='word_1_538' title='bbox 1208 4223 1253 4277; x_wconf 88' lang='lat' dir='ltr'><strong>si</strong></span> <span class='ocrx_word' id='word_1_539' title='bbox 1289 4238 1411 4278; x_wconf 86' lang='lat' dir='ltr'><strong>mea</strong></span> <span class='ocrx_word' id='word_1_540' title='bbox 1456 4240 1623 4280; x_wconf 87' lang='lat' dir='ltr'><strong>causa</strong></span> <span class='ocrx_word' id='word_1_541' title='bbox 1688 4226 1792 4278; x_wconf 90' lang='lat' dir='ltr'><strong>ulla</strong></span> <span class='ocrx_word' id='word_1_542' title='bbox 1837 4225 2021 4281; x_wconf 84' lang='lat' dir='ltr'><strong>futura</strong></span> 
     </span>
    </p>
   </div>
   <div class='ocr_carea' id='block_1_70' title="bbox 446 4315 2019 4388">
    <p class='ocr_par' dir='ltr' id='par_1_70' title="bbox 446 4315 2019 4388">
     <span class='ocr_line' id='line_1_70' title="bbox 446 4315 2019 4388; baseline 0.004 -21"><span class='ocrx_word' id='word_1_543' title='bbox 446 4319 517 4368; x_wconf 84' lang='lat' dir='ltr'><strong>sit</strong></span> <span class='ocrx_word' id='word_1_544' title='bbox 542 4316 791 4379; x_wconf 86' lang='lat' dir='ltr'><strong>oflensio,</strong></span> <span class='ocrx_word' id='word_1_545' title='bbox 818 4316 959 4369; x_wconf 91' lang='lat' dir='ltr'><strong>unde</strong></span> <span class='ocrx_word' id='word_1_546' title='bbox 995 4315 1127 4384; x_wconf 91' lang='lat' dir='ltr'><strong>quid</strong></span> <span class='ocrx_word' id='word_1_547' title='bbox 1158 4316 1473 4371; x_wconf 82' lang='lat' dir='ltr'><strong>detrimenti</strong></span> <span class='ocrx_word' id='word_1_548' title='bbox 1517 4318 1697 4387; x_wconf 85' lang='lat' dir='ltr'><strong>capiat</strong></span> <span class='ocrx_word' id='word_1_549' title='bbox 1730 4320 2019 4388; x_wconf 86' lang='lat' dir='ltr'><strong>imperium</strong></span> 
     </span>
    </p>
   </div>
   <div class='ocr_carea' id='block_1_71' title="bbox 448 4405 2020 4476">
    <p class='ocr_par' dir='ltr' id='par_1_71' title="bbox 448 4405 2020 4476">
     <span class='ocr_line' id='line_1_71' title="bbox 448 4405 2020 4476; baseline 0.004 -19"><span class='ocrx_word' id='word_1_550' title='bbox 448 4419 624 4468; x_wconf 86' lang='lat' dir='ltr'><strong>tuum,</strong></span> <span class='ocrx_word' id='word_1_551' title='bbox 656 4420 894 4473; x_wconf 86' lang='lat' dir='ltr'><strong>unquam</strong></span> <span class='ocrx_word' id='word_1_552' title='bbox 927 4418 993 4457; x_wconf 91' lang='lat' dir='ltr'><strong>ne</strong></span> <span class='ocrx_word' id='word_1_553' title='bbox 1018 4405 1127 4468; x_wconf 83' lang='lat' dir='ltr'><strong>fiat,</strong></span> <span class='ocrx_word' id='word_1_554' title='bbox 1160 4405 1305 4474; x_wconf 90' lang='lat' dir='ltr'><strong>quod</strong></span> <span class='ocrx_word' id='word_1_555' title='bbox 1332 4407 1633 4470; x_wconf 89' lang='lat' dir='ltr'><strong>meditaris,</strong></span> <span class='ocrx_word' id='word_1_556' title='bbox 1679 4407 1791 4462; x_wconf 93' lang='lat' dir='ltr'><strong>imo</strong></span> <span class='ocrx_word' id='word_1_557' title='bbox 1836 4409 2020 4476; x_wconf 88' lang='lat' dir='ltr'><strong>potius</strong></span> 
     </span>
    </p>
   </div>
   <div class='ocr_carea' id='block_1_72' title="bbox 448 4496 2021 4566">
    <p class='ocr_par' dir='ltr' id='par_1_72' title="bbox 448 4496 2021 4566">
     <span class='ocr_line' id='line_1_72' title="bbox 448 4496 2021 4566; baseline 0.004 -17"><span class='ocrx_word' id='word_1_558' title='bbox 448 4498 637 4563; x_wconf 60' lang='lat' dir='ltr'><strong>pelln-m</strong></span> <span class='ocrx_word' id='word_1_559' title='bbox 678 4497 810 4550; x_wconf 89' lang='lat' dir='ltr'><strong>mihi</strong></span> <span class='ocrx_word' id='word_1_560' title='bbox 842 4496 1126 4559; x_wconf 85' lang='lat' dir='ltr'><strong>detrahas.</strong></span> <span class='ocrx_word' id='word_1_561' title='bbox 1165 4496 1211 4551; x_wconf 90' lang='lat' dir='ltr'><strong>si</strong></span> <span class='ocrx_word' id='word_1_562' title='bbox 1239 4496 1305 4551; x_wconf 79' lang='lat' dir='ltr'><strong>ad</strong></span> <span class='ocrx_word' id='word_1_563' title='bbox 1338 4498 1639 4566; x_wconf 88' lang='lat' dir='ltr'><strong>majestatis</strong></span> <span class='ocrx_word' id='word_1_564' title='bbox 1697 4508 1805 4554; x_wconf 67' lang='lat' dir='ltr'><strong>tua:</strong></span> <span class='ocrx_word' id='word_1_565' title='bbox 1869 4511 2021 4555; x_wconf 85' lang='lat' dir='ltr'><strong>tran-</strong></span> 
     </span>
    </p>
   </div>
   <div class='ocr_carea' id='block_1_73' title="bbox 446 4588 2009 4663">
    <p class='ocr_par' dir='ltr' id='par_1_73' title="bbox 446 4588 2009 4663">
     <span class='ocr_line' id='line_1_73' title="bbox 446 4588 2009 4663; baseline 0.007 -25"><span class='ocrx_word' id='word_1_566' title='bbox 446 4588 769 4651; x_wconf 80' lang='lat' dir='ltr'><strong>quillitatem</strong></span> <span class='ocrx_word' id='word_1_567' title='bbox 811 4597 864 4643; x_wconf 92' lang='lat' dir='ltr'><strong>et</strong></span> <span class='ocrx_word' id='word_1_568' title='bbox 896 4603 1081 4656; x_wconf 89' lang='lat' dir='ltr'><strong>pacem</strong></span> <span class='ocrx_word' id='word_1_569' title='bbox 1111 4589 1400 4644; x_wconf 79' lang='lat' dir='ltr'><strong>conducat.</strong></span> <span class='ocrx_word' id='word_1_570' title='bbox 1442 4608 1460 4643; x_wconf 75' lang='grc' dir='ltr'><strong>ι</strong></span> <span class='ocrx_word' id='word_1_571' title='bbox 1496 4590 1635 4646; x_wconf 87' lang='lat' dir='ltr'><strong>Tum</strong></span> <span class='ocrx_word' id='word_1_572' title='bbox 1690 4592 2009 4663; x_wconf 87' lang='lat' dir='ltr'><strong>imperator:</strong></span> 
     </span>
    </p>
   </div>
   <div class='ocr_carea' id='block_1_74' title="bbox 452 4678 2014 4747">
    <p class='ocr_par' dir='ltr' id='par_1_74' title="bbox 452 4678 2014 4747">
     <span class='ocr_line' id='line_1_74' title="bbox 452 4678 2014 4747; baseline 0.006 -18"><span class='ocrx_word' id='word_1_573' title='bbox 452 4698 468 4729; x_wconf 85' lang='grc'><strong>‹</strong></span> <span class='ocrx_word' id='word_1_574' title='bbox 513 4678 582 4733; x_wconf 89' lang='lat' dir='ltr'><strong>Ut</strong></span> <span class='ocrx_word' id='word_1_575' title='bbox 612 4680 879 4747; x_wconf 86' lang='lat' dir='ltr'><strong>minister,</strong></span> <span class='ocrx_word' id='word_1_576' title='bbox 918 4679 1014 4745; x_wconf 86' lang='lat' dir='ltr'><strong>ait,</strong></span> <span class='ocrx_word' id='word_1_577' title='bbox 1049 4680 1221 4735; x_wconf 81' lang='lat' dir='ltr'><strong>ﬁdelis</strong></span> <span class='ocrx_word' id='word_1_578' title='bbox 1256 4680 1469 4737; x_wconf 89' lang='lat' dir='ltr'><strong>locutus</strong></span> <span class='ocrx_word' id='word_1_579' title='bbox 1494 4697 1579 4737; x_wconf 90' lang='lat' dir='ltr'><strong>es.</strong></span> <span class='ocrx_word' id='word_1_580' title='bbox 1640 4680 1744 4738; x_wconf 88' lang='lat' dir='ltr'><strong>Sed</strong></span> <span class='ocrx_word' id='word_1_581' title='bbox 1802 4699 1872 4738; x_wconf 93' lang='lat' dir='ltr'><strong>ne</strong></span> <span class='ocrx_word' id='word_1_582' title='bbox 1917 4684 2014 4739; x_wconf 91' lang='lat' dir='ltr'><strong>tibi</strong></span> 
     </span>
    </p>
   </div>
   <div class='ocr_carea' id='block_1_75' title="bbox 446 4772 2014 4845">
    <p class='ocr_par' dir='ltr' id='par_1_75' title="bbox 446 4772 2014 4845">
     <span class='ocr_line' id='line_1_75' title="bbox 446 4772 2014 4845; baseline 0.008 -25"><span class='ocrx_word' id='word_1_583' title='bbox 446 4774 545 4826; x_wconf 74' lang='lat' dir='ltr'><strong>ista</strong></span> <span class='ocrx_word' id='word_1_584' title='bbox 580 4787 667 4827; x_wconf 86' lang='lat' dir='ltr'><strong>res</strong></span> <span class='ocrx_word' id='word_1_585' title='bbox 693 4787 837 4828; x_wconf 61' lang='lat' dir='ltr'><strong>cura:</strong></span> <span class='ocrx_word' id='word_1_586' title='bbox 859 4776 931 4830; x_wconf 92' lang='lat' dir='ltr'><strong>sit</strong></span> <span class='ocrx_word' id='word_1_587' title='bbox 958 4774 1065 4829; x_wconf 94' lang='lat' dir='ltr'><strong>ullo</strong></span> <span class='ocrx_word' id='word_1_588' title='bbox 1091 4773 1273 4828; x_wconf 91' lang='lat' dir='ltr'><strong>modo.</strong></span> <span class='ocrx_word' id='word_1_589' title='bbox 1308 4774 1473 4829; x_wconf 91' lang='lat' dir='ltr'><strong>Doleo</strong></span> <span class='ocrx_word' id='word_1_590' title='bbox 1500 4772 1670 4840; x_wconf 87' lang='lat' dir='ltr'><strong>enim,</strong></span> <span class='ocrx_word' id='word_1_591' title='bbox 1701 4777 1847 4845; x_wconf 89' lang='lat' dir='ltr'><strong>quod</strong></span> <span class='ocrx_word' id='word_1_592' title='bbox 1877 4777 2014 4833; x_wconf 87' lang='lat' dir='ltr'><strong>nihil</strong></span> 
     </span>
    </p>
   </div>
   <div class='ocr_carea' id='block_1_76' title="bbox 442 4866 2014 4939">
    <p class='ocr_par' dir='ltr' id='par_1_76' title="bbox 442 4866 2014 4939">
     <span class='ocr_line' id='line_1_76' title="bbox 442 4866 2014 4939; baseline 0.006 -22"><span class='ocrx_word' id='word_1_593' title='bbox 442 4866 945 4935; x_wconf 86' lang='lat' dir='ltr'><strong>circumspicientes</strong></span> <span class='ocrx_word' id='word_1_594' title='bbox 966 4874 1115 4921; x_wconf 87' lang='lat' dir='ltr'><strong>tanta</strong></span> <span class='ocrx_word' id='word_1_595' title='bbox 1142 4877 1233 4921; x_wconf 84' lang='lat' dir='ltr'><strong>tua</strong></span> <span class='ocrx_word' id='word_1_596' title='bbox 1253 4882 1378 4937; x_wconf 76' lang='lat' dir='ltr'><strong>erga</strong></span> <span class='ocrx_word' id='word_1_597' title='bbox 1403 4883 1489 4923; x_wconf 90' lang='lat' dir='ltr'><strong>me</strong></span> <span class='ocrx_word' id='word_1_598' title='bbox 1503 4868 1678 4923; x_wconf 87' lang='lat' dir='ltr'><strong>oflicia</strong></span> <span class='ocrx_word' id='word_1_599' title='bbox 1692 4878 1744 4923; x_wconf 83' lang='lat' dir='ltr'><strong>et</strong></span> <span class='ocrx_word' id='word_1_600' title='bbox 1760 4871 2014 4939; x_wconf 86' lang='lat' dir='ltr'><strong>obsequia</strong></span> 
     </span>
    </p>
   </div>
   <div class='ocr_carea' id='block_1_77' title="bbox 443 4958 2016 5027">
    <p class='ocr_par' dir='ltr' id='par_1_77' title="bbox 443 4958 2016 5027">
     <span class='ocr_line' id='line_1_77' title="bbox 443 4958 2016 5027; baseline 0.003 -16"><span class='ocrx_word' id='word_1_601' title='bbox 443 4965 496 5011; x_wconf 90' lang='lat' dir='ltr'><strong>ct</strong></span> <span class='ocrx_word' id='word_1_602' title='bbox 529 4968 742 5013; x_wconf 87' lang='lat' dir='ltr'><strong>tuorum</strong></span> <span class='ocrx_word' id='word_1_603' title='bbox 794 4958 1109 5013; x_wconf 90' lang='lat' dir='ltr'><strong>meritorum</strong></span> <span class='ocrx_word' id='word_1_604' title='bbox 1165 4958 1630 5027; x_wconf 86' lang='lat' dir='ltr'><strong>comparationem</strong></span> <span class='ocrx_word' id='word_1_605' title='bbox 1696 4960 2016 5017; x_wconf 78' lang='lat' dir='ltr'><strong>aﬂ‘ectantes</strong></span> 
     </span>
    </p>
   </div>
   <div class='ocr_carea' id='block_1_78' title="bbox 443 5050 2017 5119">
    <p class='ocr_par' dir='ltr' id='par_1_78' title="bbox 443 5050 2017 5119">
     <span class='ocr_line' id='line_1_78' title="bbox 443 5050 2017 5119; baseline 0.003 -15"><span class='ocrx_word' id='word_1_606' title='bbox 443 5050 643 5106; x_wconf 85' lang='lat' dir='ltr'><strong>animis</strong></span> <span class='ocrx_word' id='word_1_607' title='bbox 700 5051 900 5119; x_wconf 78' lang='lat' dir='ltr'><strong>gradus</strong></span> <span class='ocrx_word' id='word_1_608' title='bbox 952 5050 1250 5105; x_wconf 78' lang='lat' dir='ltr'><strong>ofﬁciorum</strong></span> <span class='ocrx_word' id='word_1_609' title='bbox 1281 5052 1671 5107; x_wconf 87' lang='lat' dir='ltr'><strong>convenientes</strong></span> <span class='ocrx_word' id='word_1_610' title='bbox 1713 5053 2017 5108; x_wconf 79' lang='lat' dir='ltr'><strong>transsilire</strong></span> 
     </span>
    </p>
   </div>
   <div class='ocr_carea' id='block_1_79' title="bbox 443 5139 2019 5211">
    <p class='ocr_par' dir='ltr' id='par_1_79' title="bbox 443 5139 2019 5211">
     <span class='ocr_line' id='line_1_79' title="bbox 443 5139 2019 5211; baseline 0.003 -16"><span class='ocrx_word' id='word_1_611' title='bbox 443 5153 735 5195; x_wconf 89' lang='lat' dir='ltr'><strong>conantur.</strong></span> <span class='ocrx_word' id='word_1_612' title='bbox 790 5139 991 5194; x_wconf 82' lang='lat' dir='ltr'><strong>Verum</strong></span> <span class='ocrx_word' id='word_1_613' title='bbox 1052 5154 1273 5195; x_wconf 85' lang='lat' dir='ltr'><strong>arcesse</strong></span> <span class='ocrx_word' id='word_1_614' title='bbox 1308 5141 1414 5195; x_wconf 91' lang='lat' dir='ltr'><strong>huc</strong></span> <span class='ocrx_word' id='word_1_615' title='bbox 1463 5142 1578 5211; x_wconf 88' lang='lat' dir='ltr'><strong>jam</strong></span> <span class='ocrx_word' id='word_1_616' title='bbox 1632 5158 1861 5198; x_wconf 91' lang='lat' dir='ltr'><strong>munere</strong></span> <span class='ocrx_word' id='word_1_617' title='bbox 1912 5143 2019 5200; x_wconf 87' lang='lat' dir='ltr'><strong>hoc</strong></span> 
     </span>
    </p>
   </div>
   <div class='ocr_carea' id='block_1_80' title="bbox 444 5233 2019 5301">
    <p class='ocr_par' dir='ltr' id='par_1_80' title="bbox 444 5233 2019 5301">
     <span class='ocr_line' id='line_1_80' title="bbox 444 5233 2019 5301; baseline 0.006 -17"><span class='ocrx_word' id='word_1_618' title='bbox 444 5233 758 5301; x_wconf 83' lang='lat' dir='ltr'><strong>fungentem</strong></span> <span class='ocrx_word' id='word_1_619' title='bbox 816 5234 1109 5287; x_wconf 90' lang='lat' dir='ltr'><strong>notarium.</strong></span> <span class='ocrx_word' id='word_1_620' title='bbox 1156 5251 1175 5284; x_wconf 78' lang='grc' dir='ltr'><strong>ι</strong></span> <span class='ocrx_word' id='word_1_621' title='bbox 1235 5234 1551 5289; x_wconf 76' lang='lat' dir='ltr'><strong>Venientem</strong></span> <span class='ocrx_word' id='word_1_622' title='bbox 1612 5238 1881 5291; x_wconf 90' lang='lat' dir='ltr'><strong>notarium</strong></span> <span class='ocrx_word' id='word_1_623' title='bbox 1919 5240 2019 5293; x_wconf 91' lang='lat' dir='ltr'><strong>im-</strong></span> 
     </span>
    </p>
   </div>
   <div class='ocr_carea' id='block_1_81' title="bbox 446 5324 2018 5399">
    <p class='ocr_par' dir='ltr' id='par_1_81' title="bbox 446 5324 2018 5399">
     <span class='ocr_line' id='line_1_81' title="bbox 446 5324 2018 5399; baseline 0.008 -26"><span class='ocrx_word' id='word_1_624' title='bbox 446 5331 669 5392; x_wconf 76' lang='lat' dir='ltr'><strong>perator</strong></span> <span class='ocrx_word' id='word_1_625' title='bbox 699 5324 771 5376; x_wconf 92' lang='lat' dir='ltr'><strong>ita</strong></span> <span class='ocrx_word' id='word_1_626' title='bbox 804 5324 1073 5379; x_wconf 87' lang='lat' dir='ltr'><strong>allocutus</strong></span> <span class='ocrx_word' id='word_1_627' title='bbox 1124 5336 1236 5379; x_wconf 91' lang='lat' dir='ltr'><strong>est:</strong></span> <span class='ocrx_word' id='word_1_628' title='bbox 1278 5344 1296 5375; x_wconf 80' lang='grc' dir='ltr'><strong>ι</strong></span> <span class='ocrx_word' id='word_1_629' title='bbox 1345 5329 1483 5381; x_wconf 81' lang='lat' dir='ltr'><strong>Ante</strong></span> <span class='ocrx_word' id='word_1_630' title='bbox 1532 5328 1630 5383; x_wconf 87' lang='lat' dir='ltr'><strong>tibi</strong></span> <span class='ocrx_word' id='word_1_631' title='bbox 1688 5330 2018 5399; x_wconf 82' lang='lat' dir='ltr'><strong>significavi-</strong></span> 
     </span>
    </p>
   </div>
   <div class='ocr_carea' id='block_1_82' title="bbox 447 5416 2017 5489">
    <p class='ocr_par' dir='ltr' id='par_1_82' title="bbox 447 5416 2017 5489">
     <span class='ocr_line' id='line_1_82' title="bbox 447 5416 2017 5489; baseline 0.006 -19"><span class='ocrx_word' id='word_1_632' title='bbox 447 5431 590 5480; x_wconf 86' lang='lat' dir='ltr'><strong>mus,</strong></span> <span class='ocrx_word' id='word_1_633' title='bbox 633 5430 753 5485; x_wconf 68' lang='lat' dir='ltr'><strong>quae</strong></span> <span class='ocrx_word' id='word_1_634' title='bbox 779 5423 833 5468; x_wconf 89' lang='lat' dir='ltr'><strong>et</strong></span> <span class='ocrx_word' id='word_1_635' title='bbox 860 5416 923 5469; x_wconf 89' lang='lat' dir='ltr'><strong>ad</strong></span> <span class='ocrx_word' id='word_1_636' title='bbox 972 5432 1109 5484; x_wconf 87' lang='lat' dir='ltr'><strong>quos</strong></span> <span class='ocrx_word' id='word_1_637' title='bbox 1163 5420 1393 5486; x_wconf 69' lang='lat' dir='ltr'><strong>publica:</strong></span> <span class='ocrx_word' id='word_1_638' title='bbox 1449 5420 1571 5474; x_wconf 84' lang='lat' dir='ltr'><strong>ﬁdei</strong></span> <span class='ocrx_word' id='word_1_639' title='bbox 1625 5422 1871 5489; x_wconf 91' lang='lat' dir='ltr'><strong>epistolis</strong></span> <span class='ocrx_word' id='word_1_640' title='bbox 1921 5426 2017 5479; x_wconf 87' lang='lat' dir='ltr'><strong>tibi</strong></span> 
     </span>
    </p>
   </div>
   <div class='ocr_carea' id='block_1_83' title="bbox 446 5507 2021 5586">
    <p class='ocr_par' dir='ltr' id='par_1_83' title="bbox 446 5507 2021 5586">
     <span class='ocr_line' id='line_1_83' title="bbox 446 5507 2021 5586; baseline 0.005 -23"><span class='ocrx_word' id='word_1_641' title='bbox 446 5507 738 5564; x_wconf 82' lang='lat' dir='ltr'><strong>scribenda</strong></span> <span class='ocrx_word' id='word_1_642' title='bbox 768 5508 913 5563; x_wconf 88' lang='lat' dir='ltr'><strong>sint:</strong></span> <span class='ocrx_word' id='word_1_643' title='bbox 950 5509 1033 5562; x_wconf 86' lang='lat' dir='ltr'><strong>his</strong></span> <span class='ocrx_word' id='word_1_644' title='bbox 1063 5510 1221 5575; x_wconf 89' lang='lat' dir='ltr'><strong>adde,</strong></span> <span class='ocrx_word' id='word_1_645' title='bbox 1265 5526 1361 5566; x_wconf 88' lang='lat' dir='ltr'><strong>eos</strong></span> <span class='ocrx_word' id='word_1_646' title='bbox 1396 5520 1563 5566; x_wconf 90' lang='lat' dir='ltr'><strong>totam</strong></span> <span class='ocrx_word' id='word_1_647' title='bbox 1623 5529 1733 5567; x_wconf 90' lang='lat' dir='ltr'><strong>rem</strong></span> <span class='ocrx_word' id='word_1_648' title='bbox 1768 5517 2021 5586; x_wconf 84' lang='lat' dir='ltr'><strong>cognitu-</strong></span> 
     </span>
    </p>
   </div>
   <div class='ocr_carea' id='block_1_84' title="bbox 450 5598 2020 5674">
    <p class='ocr_par' dir='ltr' id='par_1_84' title="bbox 450 5598 2020 5674">
     <span class='ocr_line' id='line_1_84' title="bbox 450 5598 2020 5674; baseline 0.006 -21"><span class='ocrx_word' id='word_1_649' title='bbox 450 5617 540 5655; x_wconf 90' lang='lat' dir='ltr'><strong>ros</strong></span> <span class='ocrx_word' id='word_1_650' title='bbox 579 5615 700 5655; x_wconf 88' lang='lat' dir='ltr'><strong>esse</strong></span> <span class='ocrx_word' id='word_1_651' title='bbox 735 5616 765 5655; x_wconf 91' lang='lat' dir='ltr'><strong>e</strong></span> <span class='ocrx_word' id='word_1_652' title='bbox 798 5598 1032 5670; x_wconf 80' lang='lat' dir='ltr'><strong>Georgio</strong></span> <span class='ocrx_word' id='word_1_653' title='bbox 1087 5599 1320 5655; x_wconf 68' lang='lat' dir='ltr'><strong>Pliratze</strong></span> <span class='ocrx_word' id='word_1_654' title='bbox 1350 5619 1547 5674; x_wconf 82' lang='lat' dir='ltr'><strong>magno</strong></span> <span class='ocrx_word' id='word_1_655' title='bbox 1602 5604 1916 5673; x_wconf 84' lang='lat' dir='ltr'><strong>logotheta;</strong></span> <span class='ocrx_word' id='word_1_656' title='bbox 1957 5624 2020 5664; x_wconf 90' lang='lat' dir='ltr'><strong>ac</strong></span> 
     </span>
    </p>
   </div>
   <div class='ocr_carea' id='block_1_85' title="bbox 446 5692 2020 5762">
    <p class='ocr_par' dir='ltr' id='par_1_85' title="bbox 446 5692 2020 5762">
     <span class='ocr_line' id='line_1_85' title="bbox 446 5692 2020 5762; baseline 0.007 -17"><span class='ocrx_word' id='word_1_657' title='bbox 446 5694 492 5746; x_wconf 79' lang='lat' dir='ltr'><strong>si</strong></span> <span class='ocrx_word' id='word_1_658' title='bbox 519 5694 624 5747; x_wconf 88' lang='lat' dir='ltr'><strong>vita</strong></span> <span class='ocrx_word' id='word_1_659' title='bbox 655 5692 1100 5762; x_wconf 68' lang='lat' dir='ltr'><strong>suppeditat-erit,</strong></span> <span class='ocrx_word' id='word_1_660' title='bbox 1136 5693 1343 5747; x_wconf 87' lang='lat' dir='ltr'><strong>scribes</strong></span> <span class='ocrx_word' id='word_1_661' title='bbox 1370 5696 1552 5759; x_wconf 85' lang='lat' dir='ltr'><strong>etiam,</strong></span> <span class='ocrx_word' id='word_1_662' title='bbox 1580 5698 1834 5753; x_wconf 89' lang='lat' dir='ltr'><strong>eumdem</strong></span> <span class='ocrx_word' id='word_1_663' title='bbox 1862 5701 2020 5757; x_wconf 91' lang='lat' dir='ltr'><strong>nobis</strong></span> 
     </span>
    </p>
   </div>
   <div class='ocr_carea' id='block_1_86' title="bbox 446 5781 2023 5855">
    <p class='ocr_par' dir='ltr' id='par_1_86' title="bbox 446 5781 2023 5855">
     <span class='ocr_line' id='line_1_86' title="bbox 446 5781 2023 5855; baseline 0.006 -20"><span class='ocrx_word' id='word_1_664' title='bbox 446 5782 658 5839; x_wconf 80' lang='lat' dir='ltr'><strong>alliuem</strong></span> <span class='ocrx_word' id='word_1_665' title='bbox 687 5798 827 5839; x_wconf 84' lang='lat' dir='ltr'><strong>esse.</strong></span> <span class='ocrx_word' id='word_1_666' title='bbox 858 5781 967 5838; x_wconf 88' lang='lat' dir='ltr'><strong>lloc</strong></span> <span class='ocrx_word' id='word_1_667' title='bbox 1003 5784 1091 5839; x_wconf 93' lang='lat' dir='ltr'><strong>cui</strong></span> <span class='ocrx_word' id='word_1_668' title='bbox 1119 5783 1477 5853; x_wconf 88' lang='lat' dir='ltr'><strong>displicuerit,</strong></span> <span class='ocrx_word' id='word_1_669' title='bbox 1509 5787 1754 5855; x_wconf 79' lang='lat' dir='ltr'><strong>ringatur</strong></span> <span class='ocrx_word' id='word_1_670' title='bbox 1791 5790 1939 5853; x_wconf 89' lang='lat' dir='ltr'><strong>licet,</strong></span> <span class='ocrx_word' id='word_1_671' title='bbox 1967 5800 2023 5847; x_wconf 90' lang='lat' dir='ltr'><strong>et</strong></span> 
     </span>
    </p>
   </div>
   <div class='ocr_carea' id='block_1_87' title="bbox 445 5877 2011 5953">
    <p class='ocr_par' dir='ltr' id='par_1_87' title="bbox 445 5877 2011 5953">
     <span class='ocr_line' id='line_1_87' title="bbox 445 5877 2011 5953; baseline 0.006 -23"><span class='ocrx_word' id='word_1_672' title='bbox 445 5891 542 5946; x_wconf 80' lang='lat' dir='ltr'><strong>pro</strong></span> <span class='ocrx_word' id='word_1_673' title='bbox 568 5887 785 5934; x_wconf 82' lang='lat' dir='ltr'><strong>nectare</strong></span> <span class='ocrx_word' id='word_1_674' title='bbox 813 5887 905 5935; x_wconf 83' lang='lat' dir='ltr'><strong>aut</strong></span> <span class='ocrx_word' id='word_1_675' title='bbox 939 5887 1072 5950; x_wconf 89' lang='lat' dir='ltr'><strong>potu</strong></span> <span class='ocrx_word' id='word_1_676' title='bbox 1122 5877 1419 5934; x_wconf 77' lang='lat' dir='ltr'><strong>aromalico</strong></span> <span class='ocrx_word' id='word_1_677' title='bbox 1480 5879 1641 5935; x_wconf 86' lang='lat' dir='ltr'><strong>bilem</strong></span> <span class='ocrx_word' id='word_1_678' title='bbox 1684 5895 2011 5953; x_wconf 77' lang='lat' dir='ltr'><strong>concoquat.</strong></span> 
     </span>
    </p>
   </div>
   <div class='ocr_carea' id='block_1_88' title="bbox 2135 3307 3639 3377">
    <p class='ocr_par' dir='ltr' id='par_1_88' title="bbox 2135 3307 3639 3377">
     <span class='ocr_line' id='line_1_88' title="bbox 2135 3307 3639 3377; baseline -0.004 -16"><span class='ocrx_word' id='word_1_679' title='bbox 2135 3320 2271 3377; x_wconf 83' lang='lat' dir='ltr'><strong>tege.</strong></span> <span class='ocrx_word' id='word_1_680' title='bbox 2317 3326 2334 3360; x_wconf 80' lang='grc' dir='ltr'><strong>ι</strong></span> <span class='ocrx_word' id='word_1_681' title='bbox 2370 3307 2553 3363; x_wconf 81' lang='lat' dir='ltr'><strong>Rebus</strong></span> <span class='ocrx_word' id='word_1_682' title='bbox 2575 3308 2769 3363; x_wconf 91' lang='lat' dir='ltr'><strong>deinde</strong></span> <span class='ocrx_word' id='word_1_683' title='bbox 2794 3308 3094 3372; x_wconf 82' lang='lat' dir='ltr'><strong>adornatis,</strong></span> <span class='ocrx_word' id='word_1_684' title='bbox 3118 3308 3421 3363; x_wconf 88' lang='lat' dir='ltr'><strong>instructus</strong></span> <span class='ocrx_word' id='word_1_685' title='bbox 3457 3307 3517 3361; x_wconf 91' lang='lat' dir='ltr'><strong>iis</strong></span> <span class='ocrx_word' id='word_1_686' title='bbox 3543 3318 3639 3358; x_wconf 90' lang='lat' dir='ltr'><strong>sum</strong></span> 
     </span>
    </p>
   </div>
   <div class='ocr_carea' id='block_1_89' title="bbox 2132 3396 3651 3471">
    <p class='ocr_par' dir='ltr' id='par_1_89' title="bbox 2132 3396 3651 3471">
     <span class='ocr_line' id='line_1_89' title="bbox 2132 3396 3651 3471; baseline -0.005 -19"><span class='ocrx_word' id='word_1_687' title='bbox 2132 3408 2295 3468; x_wconf 84' lang='lat' dir='ltr'><strong>atque</strong></span> <span class='ocrx_word' id='word_1_688' title='bbox 2338 3400 2743 3471; x_wconf 78' lang='lat' dir='ltr'><strong>exspectabam,</strong></span> <span class='ocrx_word' id='word_1_689' title='bbox 2793 3413 2861 3455; x_wconf 89' lang='lat' dir='ltr'><strong>eo</strong></span> <span class='ocrx_word' id='word_1_690' title='bbox 2915 3400 3034 3469; x_wconf 91' lang='lat' dir='ltr'><strong>ipso</strong></span> <span class='ocrx_word' id='word_1_691' title='bbox 3064 3398 3155 3454; x_wconf 88' lang='lat' dir='ltr'><strong>die</strong></span> <span class='ocrx_word' id='word_1_692' title='bbox 3186 3410 3285 3454; x_wconf 87' lang='lat' dir='ltr'><strong>aut</strong></span> <span class='ocrx_word' id='word_1_693' title='bbox 3316 3396 3558 3469; x_wconf 84' lang='lat' dir='ltr'><strong>postridie</strong></span> <span class='ocrx_word' id='word_1_694' title='bbox 3585 3407 3651 3446; x_wconf 86' lang='lat' dir='ltr'><strong>me</strong></span> 
     </span>
    </p>
   </div>
   <div class='ocr_carea' id='block_1_90' title="bbox 2130 3492 3651 3562">
    <p class='ocr_par' dir='ltr' id='par_1_90' title="bbox 2130 3492 3651 3562">
     <span class='ocr_line' id='line_1_90' title="bbox 2130 3492 3651 3562; baseline -0.004 -18"><span class='ocrx_word' id='word_1_695' title='bbox 2130 3492 2480 3546; x_wconf 88' lang='lat' dir='ltr'><strong>adoraturum</strong></span> <span class='ocrx_word' id='word_1_696' title='bbox 2540 3495 2922 3562; x_wconf 83' lang='lat' dir='ltr'><strong>imperatorem</strong></span> <span class='ocrx_word' id='word_1_697' title='bbox 2974 3501 3031 3547; x_wconf 87' lang='lat' dir='ltr'><strong>et</strong></span> <span class='ocrx_word' id='word_1_698' title='bbox 3085 3492 3322 3547; x_wconf 86' lang='lat' dir='ltr'><strong>abeundi</strong></span> <span class='ocrx_word' id='word_1_699' title='bbox 3378 3497 3651 3561; x_wconf 79' lang='lat' dir='ltr'><strong>potestatem</strong></span> 
     </span>
    </p>
   </div>
   <div class='ocr_carea' id='block_1_91' title="bbox 2130 3583 3649 3653">
    <p class='ocr_par' dir='ltr' id='par_1_91' title="bbox 2130 3583 3649 3653">
     <span class='ocr_line' id='line_1_91' title="bbox 2130 3583 3649 3653; baseline -0.004 -16"><span class='ocrx_word' id='word_1_700' title='bbox 2130 3594 2478 3653; x_wconf 86' lang='lat' dir='ltr'><strong>accepturum</strong></span> <span class='ocrx_word' id='word_1_701' title='bbox 2508 3598 2649 3647; x_wconf 85' lang='lat' dir='ltr'><strong>esse,</strong></span> <span class='ocrx_word' id='word_1_702' title='bbox 2684 3599 2807 3638; x_wconf 89' lang='lat' dir='ltr'><strong>cum</strong></span> <span class='ocrx_word' id='word_1_703' title='bbox 2842 3583 3023 3638; x_wconf 88' lang='lat' dir='ltr'><strong>subito</strong></span> <span class='ocrx_word' id='word_1_704' title='bbox 3051 3584 3402 3653; x_wconf 83' lang='lat' dir='ltr'><strong>Adrianopoli</strong></span> <span class='ocrx_word' id='word_1_705' title='bbox 3431 3592 3649 3652; x_wconf 83' lang='lat' dir='ltr'><strong>egressus</strong></span> 
     </span>
    </p>
   </div>
   <div class='ocr_carea' id='block_1_92' title="bbox 2129 3676 3655 3758">
    <p class='ocr_par' dir='ltr' id='par_1_92' title="bbox 2129 3676 3655 3758">
     <span class='ocr_line' id='line_1_92' title="bbox 2129 3676 3655 3758; baseline -0.001 -29"><span class='ocrx_word' id='word_1_706' title='bbox 2129 3676 2642 3758; x_wconf 48' lang='lat' dir='ltr'><strong>ameras.adversus</strong></span> <span class='ocrx_word' id='word_1_707' title='bbox 2669 3692 2767 3730; x_wconf 91' lang='lat' dir='ltr'><strong>nos</strong></span> <span class='ocrx_word' id='word_1_708' title='bbox 2799 3677 3192 3745; x_wconf 80' lang='lat' dir='ltr'><strong>proficiscitur.</strong></span> <span class='ocrx_word' id='word_1_709' title='bbox 3255 3677 3436 3747; x_wconf 92' lang='lat' dir='ltr'><strong>Itaque</strong></span> <span class='ocrx_word' id='word_1_710' title='bbox 3464 3681 3655 3745; x_wconf 70' lang='lat' dir='ltr'><strong>praesto-</strong></span> 
     </span>
    </p>
   </div>
   <div class='ocr_carea' id='block_1_93' title="bbox 2126 3766 3647 3833">
    <p class='ocr_par' dir='ltr' id='par_1_93' title="bbox 2126 3766 3647 3833">
     <span class='ocr_line' id='line_1_93' title="bbox 2126 3766 3647 3833; baseline -0.003 -12"><span class='ocrx_word' id='word_1_711' title='bbox 2126 3769 2223 3822; x_wconf 88' lang='lat' dir='ltr'><strong>lati</strong></span> <span class='ocrx_word' id='word_1_712' title='bbox 2278 3783 2467 3823; x_wconf 89' lang='lat' dir='ltr'><strong>sumus</strong></span> <span class='ocrx_word' id='word_1_713' title='bbox 2496 3768 2831 3833; x_wconf 90' lang='lat' dir='ltr'><strong>aliquandiu,</strong></span> <span class='ocrx_word' id='word_1_714' title='bbox 2863 3783 2931 3822; x_wconf 89' lang='lat' dir='ltr'><strong>ne</strong></span> <span class='ocrx_word' id='word_1_715' title='bbox 2962 3767 3103 3825; x_wconf 88' lang='lat' dir='ltr'><strong>forte</strong></span> <span class='ocrx_word' id='word_1_716' title='bbox 3136 3769 3192 3823; x_wconf 92' lang='lat' dir='ltr'><strong>in</strong></span> <span class='ocrx_word' id='word_1_717' title='bbox 3228 3768 3418 3824; x_wconf 86' lang='lat' dir='ltr'><strong>itinere</strong></span> <span class='ocrx_word' id='word_1_718' title='bbox 3465 3766 3647 3822; x_wconf 76' lang='lat' dir='ltr'><strong>contin-</strong></span> 
     </span>
    </p>
   </div>
   <div class='ocr_carea' id='block_1_94' title="bbox 2127 3860 2987 3930">
    <p class='ocr_par' dir='ltr' id='par_1_94' title="bbox 2127 3860 2987 3930">
     <span class='ocr_line' id='line_1_94' title="bbox 2127 3860 2987 3930; baseline 0 -16"><span class='ocrx_word' id='word_1_719' title='bbox 2127 3868 2277 3930; x_wconf 83' lang='lat' dir='ltr'><strong>geret</strong></span> <span class='ocrx_word' id='word_1_720' title='bbox 2305 3861 2459 3914; x_wconf 92' lang='lat' dir='ltr'><strong>nobis</strong></span> <span class='ocrx_word' id='word_1_721' title='bbox 2488 3860 2615 3928; x_wconf 84' lang='lat' dir='ltr'><strong>quid</strong></span> <span class='ocrx_word' id='word_1_722' title='bbox 2665 3860 2987 3916; x_wconf 85' lang='lat' dir='ltr'><strong>infaustum.</strong></span> 
     </span>
    </p>
   </div>
   <div class='ocr_carea' id='block_1_95' title="bbox 2193 3952 3653 4023">
    <p class='ocr_par' dir='ltr' id='par_1_95' title="bbox 2193 3952 3653 4023">
     <span class='ocr_line' id='line_1_95' title="bbox 2193 3952 3653 4023; baseline -0.003 -16"><span class='ocrx_word' id='word_1_723' title='bbox 2193 3953 2249 4008; x_wconf 79' lang='grc'><strong>5.</strong></span> <span class='ocrx_word' id='word_1_724' title='bbox 2278 3952 2603 4007; x_wconf 86' lang='lat' dir='ltr'><strong>Mehemetes</strong></span> <span class='ocrx_word' id='word_1_725' title='bbox 2628 3966 2843 4007; x_wconf 89' lang='lat' dir='ltr'><strong>ameras</strong></span> <span class='ocrx_word' id='word_1_726' title='bbox 2900 3966 3024 4007; x_wconf 90' lang='lat' dir='ltr'><strong>cum</strong></span> <span class='ocrx_word' id='word_1_727' title='bbox 3080 3953 3287 4022; x_wconf 79' lang='lat' dir='ltr'><strong>patris&quot;</strong></span> <span class='ocrx_word' id='word_1_728' title='bbox 3318 3954 3653 4023; x_wconf 81' lang='lat' dir='ltr'><strong>maiorumque</strong></span> 
     </span>
    </p>
   </div>
   <div class='ocr_carea' id='block_1_96' title="bbox 2125 4042 3646 4115">
    <p class='ocr_par' dir='ltr' id='par_1_96' title="bbox 2125 4042 3646 4115">
     <span class='ocr_line' id='line_1_96' title="bbox 2125 4042 3646 4115; baseline -0.002 -20"><span class='ocrx_word' id='word_1_729' title='bbox 2125 4043 2687 4097; x_wconf 80' lang='lat' dir='ltr'><strong>exsecratissimorum</strong></span> <span class='ocrx_word' id='word_1_730' title='bbox 2714 4042 3004 4115; x_wconf 68' lang='lat' dir='ltr'><strong>prmclaras</strong></span> <span class='ocrx_word' id='word_1_731' title='bbox 3024 4043 3287 4099; x_wconf 80' lang='lat' dir='ltr'><strong>victorias</strong></span> <span class='ocrx_word' id='word_1_732' title='bbox 3305 4054 3357 4099; x_wconf 92' lang='lat' dir='ltr'><strong>et</strong></span> <span class='ocrx_word' id='word_1_733' title='bbox 3386 4059 3467 4098; x_wconf 88' lang='lat' dir='ltr'><strong>res</strong></span> <span class='ocrx_word' id='word_1_734' title='bbox 3495 4050 3646 4112; x_wconf 77' lang='lat' dir='ltr'><strong>gestas</strong></span> 
     </span>
    </p>
   </div>
   <div class='ocr_carea' id='block_1_97' title="bbox 2124 4132 3652 4204">
    <p class='ocr_par' dir='ltr' id='par_1_97' title="bbox 2124 4132 3652 4204">
     <span class='ocr_line' id='line_1_97' title="bbox 2124 4132 3652 4204; baseline -0.001 -20"><span class='ocrx_word' id='word_1_735' title='bbox 2124 4134 2331 4188; x_wconf 79' lang='lat' dir='ltr'><strong>videret</strong></span> <span class='ocrx_word' id='word_1_736' title='bbox 2355 4134 2694 4204; x_wconf 86' lang='lat' dir='ltr'><strong>audiretque,</strong></span> <span class='ocrx_word' id='word_1_737' title='bbox 2730 4134 3018 4203; x_wconf 87' lang='lat' dir='ltr'><strong>reputabat</strong></span> <span class='ocrx_word' id='word_1_738' title='bbox 3047 4149 3260 4197; x_wconf 90' lang='lat' dir='ltr'><strong>secum,</strong></span> <span class='ocrx_word' id='word_1_739' title='bbox 3288 4136 3413 4204; x_wconf 88' lang='lat' dir='ltr'><strong>quid</strong></span> <span class='ocrx_word' id='word_1_740' title='bbox 3458 4135 3557 4201; x_wconf 86' lang='lat' dir='ltr'><strong>ipse</strong></span> <span class='ocrx_word' id='word_1_741' title='bbox 3591 4132 3652 4183; x_wconf 85' lang='lat' dir='ltr'><strong>fa-</strong></span> 
     </span>
    </p>
   </div>
   <div class='ocr_carea' id='block_1_98' title="bbox 2124 4223 3644 4301">
    <p class='ocr_par' dir='ltr' id='par_1_98' title="bbox 2124 4223 3644 4301">
     <span class='ocr_line' id='line_1_98' title="bbox 2124 4223 3644 4301; baseline 0.001 -25"><span class='ocrx_word' id='word_1_742' title='bbox 2124 4234 2270 4278; x_wconf 81' lang='lat' dir='ltr'><strong>ceret</strong></span> <span class='ocrx_word' id='word_1_743' title='bbox 2300 4223 2522 4294; x_wconf 79' lang='lat' dir='ltr'><strong>diguum</strong></span> <span class='ocrx_word' id='word_1_744' title='bbox 2547 4227 2827 4301; x_wconf 86' lang='lat' dir='ltr'><strong>memoria.</strong></span> <span class='ocrx_word' id='word_1_745' title='bbox 2851 4224 2971 4280; x_wconf 61' lang='lat' dir='ltr'><strong>Haec</strong></span> <span class='ocrx_word' id='word_1_746' title='bbox 2995 4227 3243 4296; x_wconf 78' lang='lat' dir='ltr'><strong>cogitans</strong></span> <span class='ocrx_word' id='word_1_747' title='bbox 3276 4227 3412 4296; x_wconf 85' lang='lat' dir='ltr'><strong>apud</strong></span> <span class='ocrx_word' id='word_1_748' title='bbox 3442 4226 3644 4278; x_wconf 82' lang='lat' dir='ltr'><strong>animum</strong></span> 
     </span>
    </p>
   </div>
   <div class='ocr_carea' id='block_1_99' title="bbox 2124 4317 3649 4382">
    <p class='ocr_par' dir='ltr' id='par_1_99' title="bbox 2124 4317 3649 4382">
     <span class='ocr_line' id='line_1_99' title="bbox 2124 4317 3649 4382; baseline -0.003 -13"><span class='ocrx_word' id='word_1_749' title='bbox 2124 4330 2307 4382; x_wconf 91' lang='lat' dir='ltr'><strong>suum,</strong></span> <span class='ocrx_word' id='word_1_750' title='bbox 2339 4317 2484 4371; x_wconf 91' lang='lat' dir='ltr'><strong>malo</strong></span> <span class='ocrx_word' id='word_1_751' title='bbox 2509 4318 2740 4372; x_wconf 89' lang='lat' dir='ltr'><strong>consilio</strong></span> <span class='ocrx_word' id='word_1_752' title='bbox 2768 4318 2982 4381; x_wconf 87' lang='lat' dir='ltr'><strong>statuit,</strong></span> <span class='ocrx_word' id='word_1_753' title='bbox 3008 4328 3064 4369; x_wconf 89' lang='lat' dir='ltr'><strong>ut</strong></span> <span class='ocrx_word' id='word_1_754' title='bbox 3093 4319 3294 4373; x_wconf 91' lang='lat' dir='ltr'><strong>bellum</strong></span> <span class='ocrx_word' id='word_1_755' title='bbox 3318 4320 3559 4372; x_wconf 85' lang='lat' dir='ltr'><strong>adversus</strong></span> <span class='ocrx_word' id='word_1_756' title='bbox 3574 4329 3649 4366; x_wconf 91' lang='lat' dir='ltr'><strong>ur-</strong></span> 
     </span>
    </p>
   </div>
   <div class='ocr_carea' id='block_1_100' title="bbox 2121 4402 3646 4475">
    <p class='ocr_par' dir='ltr' id='par_1_100' title="bbox 2121 4402 3646 4475">
     <span class='ocr_line' id='line_1_100' title="bbox 2121 4402 3646 4475; baseline -0.002 -16"><span class='ocrx_word' id='word_1_757' title='bbox 2121 4404 2243 4459; x_wconf 79' lang='lat' dir='ltr'><strong>bern</strong></span> <span class='ocrx_word' id='word_1_758' title='bbox 2275 4417 2514 4475; x_wconf 89' lang='lat' dir='ltr'><strong>pararet.</strong></span> <span class='ocrx_word' id='word_1_759' title='bbox 2548 4407 2639 4461; x_wconf 90' lang='lat' dir='ltr'><strong>Sic</strong></span> <span class='ocrx_word' id='word_1_760' title='bbox 2666 4408 2814 4461; x_wconf 86' lang='lat' dir='ltr'><strong>enim</strong></span> <span class='ocrx_word' id='word_1_761' title='bbox 2852 4423 3036 4463; x_wconf 90' lang='lat' dir='ltr'><strong>secum</strong></span> <span class='ocrx_word' id='word_1_762' title='bbox 3072 4408 3534 4463; x_wconf 81' lang='lat' dir='ltr'><strong>ratiocinabatur:</strong></span> <span class='ocrx_word' id='word_1_763' title='bbox 3567 4402 3646 4455; x_wconf 73' lang='lat' dir='ltr'><strong>«Si</strong></span> 
     </span>
    </p>
   </div>
   <div class='ocr_carea' id='block_1_101' title="bbox 2122 4496 3649 4568">
    <p class='ocr_par' dir='ltr' id='par_1_101' title="bbox 2122 4496 3649 4568">
     <span class='ocr_line' id='line_1_101' title="bbox 2122 4496 3649 4568; baseline -0.004 -18"><span class='ocrx_word' id='word_1_764' title='bbox 2122 4499 2312 4551; x_wconf 87' lang='lat' dir='ltr'><strong>urbem</strong></span> <span class='ocrx_word' id='word_1_765' title='bbox 2343 4498 2546 4564; x_wconf 83' lang='lat' dir='ltr'><strong>vicero,</strong></span> <span class='ocrx_word' id='word_1_766' title='bbox 2577 4500 2782 4568; x_wconf 89' lang='lat' dir='ltr'><strong>priores</strong></span> <span class='ocrx_word' id='word_1_767' title='bbox 2810 4515 3002 4553; x_wconf 91' lang='lat' dir='ltr'><strong>omnes</strong></span> <span class='ocrx_word' id='word_1_768' title='bbox 3033 4501 3407 4568; x_wconf 72' lang='lat' dir='ltr'><strong>prtecclluero,</strong></span> <span class='ocrx_word' id='word_1_769' title='bbox 3431 4496 3649 4567; x_wconf 85' lang='lat' dir='ltr'><strong>quoniam</strong></span> 
     </span>
    </p>
   </div>
   <div class='ocr_carea' id='block_1_102' title="bbox 2122 4587 3648 4661">
    <p class='ocr_par' dir='ltr' id='par_1_102' title="bbox 2122 4587 3648 4661">
     <span class='ocr_line' id='line_1_102' title="bbox 2122 4587 3648 4661; baseline -0.001 -22"><span class='ocrx_word' id='word_1_770' title='bbox 2122 4587 2196 4641; x_wconf 93' lang='lat' dir='ltr'><strong>illi</strong></span> <span class='ocrx_word' id='word_1_771' title='bbox 2229 4604 2347 4643; x_wconf 87' lang='lat' dir='ltr'><strong>eam</strong></span> <span class='ocrx_word' id='word_1_772' title='bbox 2386 4591 2573 4643; x_wconf 89' lang='lat' dir='ltr'><strong>urbem</strong></span> <span class='ocrx_word' id='word_1_773' title='bbox 2607 4606 2748 4659; x_wconf 62' lang='lat' dir='ltr'><strong>sape</strong></span> <span class='ocrx_word' id='word_1_774' title='bbox 2789 4592 3029 4661; x_wconf 76' lang='lat' dir='ltr'><strong>aggressi</strong></span> <span class='ocrx_word' id='word_1_775' title='bbox 3065 4591 3265 4647; x_wconf 82' lang='lat' dir='ltr'><strong>frustra</strong></span> <span class='ocrx_word' id='word_1_776' title='bbox 3300 4594 3648 4645; x_wconf 63' lang='lat' dir='ltr'><strong>laborarunt.)</strong></span> 
     </span>
    </p>
   </div>
   <div class='ocr_carea' id='block_1_103' title="bbox 2123 4678 3652 4751">
    <p class='ocr_par' dir='ltr' id='par_1_103' title="bbox 2123 4678 3652 4751">
     <span class='ocr_line' id='line_1_103' title="bbox 2123 4678 3652 4751; baseline 0.002 -18"><span class='ocrx_word' id='word_1_777' title='bbox 2123 4678 2198 4733; x_wconf 77' lang='lat' dir='ltr'><strong>Ex</strong></span> <span class='ocrx_word' id='word_1_778' title='bbox 2227 4683 2325 4736; x_wconf 92' lang='lat' dir='ltr'><strong>hac</strong></span> <span class='ocrx_word' id='word_1_779' title='bbox 2347 4682 2560 4736; x_wconf 86' lang='lat' dir='ltr'><strong>occulta</strong></span> <span class='ocrx_word' id='word_1_780' title='bbox 2582 4682 2914 4751; x_wconf 82' lang='lat' dir='ltr'><strong>c0gitatione</strong></span> <span class='ocrx_word' id='word_1_781' title='bbox 2940 4683 3105 4751; x_wconf 71' lang='lat' dir='ltr'><strong>igitur</strong></span> <span class='ocrx_word' id='word_1_782' title='bbox 3134 4685 3309 4739; x_wconf 86' lang='lat' dir='ltr'><strong>visum</strong></span> <span class='ocrx_word' id='word_1_783' title='bbox 3337 4685 3384 4739; x_wconf 90' lang='lat' dir='ltr'><strong>ei</strong></span> <span class='ocrx_word' id='word_1_784' title='bbox 3408 4692 3501 4745; x_wconf 81' lang='lat' dir='ltr'><strong>est,</strong></span> <span class='ocrx_word' id='word_1_785' title='bbox 3524 4682 3652 4749; x_wconf 76' lang='lat' dir='ltr'><strong>juxta</strong></span> 
     </span>
    </p>
   </div>
   <div class='ocr_carea' id='block_1_104' title="bbox 2122 4774 3652 4843">
    <p class='ocr_par' dir='ltr' id='par_1_104' title="bbox 2122 4774 3652 4843">
     <span class='ocr_line' id='line_1_104' title="bbox 2122 4774 3652 4843; baseline -0.004 -17"><span class='ocrx_word' id='word_1_786' title='bbox 2122 4774 2506 4828; x_wconf 79' lang='lat' dir='ltr'><strong>Asomatorum</strong></span> <span class='ocrx_word' id='word_1_787' title='bbox 2540 4776 2822 4843; x_wconf 78' lang='lat' dir='ltr'><strong>angustias</strong></span> <span class='ocrx_word' id='word_1_788' title='bbox 2861 4785 3101 4830; x_wconf 88' lang='lat' dir='ltr'><strong>castrum</strong></span> <span class='ocrx_word' id='word_1_789' title='bbox 3136 4776 3392 4840; x_wconf 87' lang='lat' dir='ltr'><strong>condere,</strong></span> <span class='ocrx_word' id='word_1_790' title='bbox 3424 4783 3480 4829; x_wconf 91' lang='lat' dir='ltr'><strong>ut</strong></span> <span class='ocrx_word' id='word_1_791' title='bbox 3512 4784 3652 4839; x_wconf 85' lang='lat' dir='ltr'><strong>supra</strong></span> 
     </span>
    </p>
   </div>
   <div class='ocr_carea' id='block_1_105' title="bbox 2127 4864 3655 4937">
    <p class='ocr_par' dir='ltr' id='par_1_105' title="bbox 2127 4864 3655 4937">
     <span class='ocr_line' id='line_1_105' title="bbox 2127 4864 3655 4937; baseline -0.001 -19"><span class='ocrx_word' id='word_1_792' title='bbox 2127 4867 2460 4927; x_wconf 90' lang='lat' dir='ltr'><strong>monuimus,</strong></span> <span class='ocrx_word' id='word_1_793' title='bbox 2483 4882 2591 4936; x_wconf 93' lang='lat' dir='ltr'><strong>quo</strong></span> <span class='ocrx_word' id='word_1_794' title='bbox 2615 4864 2880 4934; x_wconf 78' lang='lat' dir='ltr'><strong>refugium</strong></span> <span class='ocrx_word' id='word_1_795' title='bbox 2905 4868 3150 4929; x_wconf 85' lang='lat' dir='ltr'><strong>haberet,</strong></span> <span class='ocrx_word' id='word_1_796' title='bbox 3175 4868 3301 4921; x_wconf 90' lang='lat' dir='ltr'><strong>dum</strong></span> <span class='ocrx_word' id='word_1_797' title='bbox 3323 4870 3513 4922; x_wconf 87' lang='lat' dir='ltr'><strong>faceret</strong></span> <span class='ocrx_word' id='word_1_798' title='bbox 3555 4876 3655 4937; x_wconf 67' lang='lat' dir='ltr'><strong>qua:</strong></span> 
     </span>
    </p>
   </div>
   <div class='ocr_carea' id='block_1_106' title="bbox 2126 4958 3652 5029">
    <p class='ocr_par' dir='ltr' id='par_1_106' title="bbox 2126 4958 3652 5029">
     <span class='ocr_line' id='line_1_106' title="bbox 2126 4958 3652 5029; baseline -0.004 -20"><span class='ocrx_word' id='word_1_799' title='bbox 2126 4958 2510 5023; x_wconf 82' lang='lat' dir='ltr'><strong>meditabatur,</strong></span> <span class='ocrx_word' id='word_1_800' title='bbox 2544 4974 2678 5013; x_wconf 82' lang='lat' dir='ltr'><strong>neve</strong></span> <span class='ocrx_word' id='word_1_801' title='bbox 2703 4959 2873 5013; x_wconf 89' lang='lat' dir='ltr'><strong>ullum</strong></span> <span class='ocrx_word' id='word_1_802' title='bbox 2897 4961 3012 5013; x_wconf 79' lang='lat' dir='ltr'><strong>sive</strong></span> <span class='ocrx_word' id='word_1_803' title='bbox 3038 4975 3263 5029; x_wconf 87' lang='lat' dir='ltr'><strong>parvum</strong></span> <span class='ocrx_word' id='word_1_804' title='bbox 3291 4961 3402 5015; x_wconf 85' lang='lat' dir='ltr'><strong>sive</strong></span> <span class='ocrx_word' id='word_1_805' title='bbox 3434 4966 3652 5024; x_wconf 74' lang='lat' dir='ltr'><strong>magnum</strong></span> 
     </span>
    </p>
   </div>
   <div class='ocr_carea' id='block_1_107' title="bbox 2126 5049 3653 5121">
    <p class='ocr_par' dir='ltr' id='par_1_107' title="bbox 2126 5049 3653 5121">
     <span class='ocr_line' id='line_1_107' title="bbox 2126 5049 3653 5121; baseline -0.003 -19"><span class='ocrx_word' id='word_1_806' title='bbox 2126 5050 2404 5117; x_wconf 78' lang='lat' dir='ltr'><strong>navigium</strong></span> <span class='ocrx_word' id='word_1_807' title='bbox 2437 5064 2467 5103; x_wconf 92' lang='lat' dir='ltr'><strong>e</strong></span> <span class='ocrx_word' id='word_1_808' title='bbox 2492 5049 2669 5104; x_wconf 77' lang='lat' dir='ltr'><strong>Ponto</strong></span> <span class='ocrx_word' id='word_1_809' title='bbox 2699 5049 2915 5105; x_wconf 81' lang='lat' dir='ltr'><strong>Euxino</strong></span> <span class='ocrx_word' id='word_1_810' title='bbox 2948 5052 3004 5104; x_wconf 92' lang='lat' dir='ltr'><strong>in</strong></span> <span class='ocrx_word' id='word_1_811' title='bbox 3038 5050 3229 5105; x_wconf 90' lang='lat' dir='ltr'><strong>urbem</strong></span> <span class='ocrx_word' id='word_1_812' title='bbox 3264 5058 3445 5121; x_wconf 87' lang='lat' dir='ltr'><strong>posset</strong></span> <span class='ocrx_word' id='word_1_813' title='bbox 3493 5054 3653 5115; x_wconf 74' lang='lat' dir='ltr'><strong>perve-</strong></span> 
     </span>
    </p>
   </div>
   <div class='ocr_carea' id='block_1_108' title="bbox 2124 5140 3649 5212">
    <p class='ocr_par' dir='ltr' id='par_1_108' title="bbox 2124 5140 3649 5212">
     <span class='ocr_line' id='line_1_108' title="bbox 2124 5140 3649 5212; baseline -0.007 -15"><span class='ocrx_word' id='word_1_814' title='bbox 2124 5143 2264 5206; x_wconf 87' lang='lat' dir='ltr'><strong>nire,</strong></span> <span class='ocrx_word' id='word_1_815' title='bbox 2298 5152 2466 5212; x_wconf 87' lang='lat' dir='ltr'><strong>utque</strong></span> <span class='ocrx_word' id='word_1_816' title='bbox 2484 5142 2785 5197; x_wconf 82' lang='lat' dir='ltr'><strong>faciliorem</strong></span> <span class='ocrx_word' id='word_1_817' title='bbox 2809 5144 3072 5198; x_wconf 87' lang='lat' dir='ltr'><strong>haberent</strong></span> <span class='ocrx_word' id='word_1_818' title='bbox 3100 5159 3166 5198; x_wconf 78' lang='lat' dir='ltr'><strong>ex</strong></span> <span class='ocrx_word' id='word_1_819' title='bbox 3191 5143 3318 5197; x_wconf 79' lang='lat' dir='ltr'><strong>Asia</strong></span> <span class='ocrx_word' id='word_1_820' title='bbox 3340 5143 3390 5195; x_wconf 91' lang='lat' dir='ltr'><strong>in</strong></span> <span class='ocrx_word' id='word_1_821' title='bbox 3415 5140 3649 5203; x_wconf 83' lang='lat' dir='ltr'><strong>Europam</strong></span> 
     </span>
    </p>
   </div>
   <div class='ocr_carea' id='block_1_109' title="bbox 2127 5227 3653 5306">
    <p class='ocr_par' dir='ltr' id='par_1_109' title="bbox 2127 5227 3653 5306">
     <span class='ocr_line' id='line_1_109' title="bbox 2127 5227 3653 5306; baseline -0.007 -13"><span class='ocrx_word' id='word_1_822' title='bbox 2127 5242 2439 5294; x_wconf 87' lang='lat' dir='ltr'><strong>transitum.</strong></span> <span class='ocrx_word' id='word_1_823' title='bbox 2458 5237 2748 5292; x_wconf 88' lang='lat' dir='ltr'><strong>Festinans</strong></span> <span class='ocrx_word' id='word_1_824' title='bbox 2775 5238 2941 5306; x_wconf 76' lang='lat' dir='ltr'><strong>igitur</strong></span> <span class='ocrx_word' id='word_1_825' title='bbox 2969 5246 3023 5293; x_wconf 90' lang='lat' dir='ltr'><strong>et</strong></span> <span class='ocrx_word' id='word_1_826' title='bbox 3041 5238 3274 5299; x_wconf 87' lang='lat' dir='ltr'><strong>instans,</strong></span> <span class='ocrx_word' id='word_1_827' title='bbox 3292 5244 3352 5289; x_wconf 92' lang='lat' dir='ltr'><strong>ut</strong></span> <span class='ocrx_word' id='word_1_828' title='bbox 3378 5227 3653 5288; x_wconf 67' lang='lat' dir='ltr'><strong>meditatis:</strong></span> 
     </span>
    </p>
   </div>
   <div class='ocr_carea' id='block_1_110' title="bbox 2127 5318 3654 5395">
    <p class='ocr_par' dir='ltr' id='par_1_110' title="bbox 2127 5318 3654 5395">
     <span class='ocr_line' id='line_1_110' title="bbox 2127 5318 3654 5395; baseline -0.009 -9"><span class='ocrx_word' id='word_1_829' title='bbox 2127 5346 2185 5386; x_wconf 90' lang='lat' dir='ltr'><strong>se</strong></span> <span class='ocrx_word' id='word_1_830' title='bbox 2207 5341 2457 5385; x_wconf 82' lang='lat' dir='ltr'><strong>eventum</strong></span> <span class='ocrx_word' id='word_1_831' title='bbox 2475 5331 2648 5395; x_wconf 90' lang='lat' dir='ltr'><strong>daret,</strong></span> <span class='ocrx_word' id='word_1_832' title='bbox 2668 5344 2796 5385; x_wconf 89' lang='lat' dir='ltr'><strong>ecce</strong></span> <span class='ocrx_word' id='word_1_833' title='bbox 2820 5328 2909 5383; x_wconf 91' lang='lat' dir='ltr'><strong>die</strong></span> <span class='ocrx_word' id='word_1_834' title='bbox 2928 5329 2999 5383; x_wconf 75' lang='lat'><strong>26</strong></span> <span class='ocrx_word' id='word_1_835' title='bbox 3020 5329 3195 5384; x_wconf 83' lang='lat' dir='ltr'><strong>Martii</strong></span> <span class='ocrx_word' id='word_1_836' title='bbox 3218 5329 3342 5384; x_wconf 89' lang='lat' dir='ltr'><strong>anni</strong></span> <span class='ocrx_word' id='word_1_837' title='bbox 3362 5325 3491 5382; x_wconf 85' lang='lat'><strong><em>6960</em></strong></span> <span class='ocrx_word' id='word_1_838' title='bbox 3506 5318 3654 5379; x_wconf 81' lang='lat' dir='ltr'><strong>subito</strong></span> 
     </span>
    </p>
   </div>
   <div class='ocr_carea' id='block_1_111' title="bbox 2127 5414 3654 5493">
    <p class='ocr_par' dir='ltr' id='par_1_111' title="bbox 2127 5414 3654 5493">
     <span class='ocr_line' id='line_1_111' title="bbox 2127 5414 3654 5493; baseline -0.012 -16"><span class='ocrx_word' id='word_1_839' title='bbox 2127 5422 2328 5477; x_wconf 84' lang='lat' dir='ltr'><strong>invasit</strong></span> <span class='ocrx_word' id='word_1_840' title='bbox 2344 5422 2645 5493; x_wconf 73' lang='lat' dir='ltr'><strong>angustias,</strong></span> <span class='ocrx_word' id='word_1_841' title='bbox 2666 5432 2906 5477; x_wconf 87' lang='lat' dir='ltr'><strong>castrum</strong></span> <span class='ocrx_word' id='word_1_842' title='bbox 2927 5429 3324 5476; x_wconf 80' lang='lat' dir='ltr'><strong>exstructurus.</strong></span> <span class='ocrx_word' id='word_1_843' title='bbox 3339 5414 3654 5472; x_wconf 81' lang='lat' dir='ltr'><strong>Animadver-</strong></span> 
     </span>
    </p>
   </div>
   <div class='ocr_carea' id='block_1_112' title="bbox 2128 5500 3651 5581">
    <p class='ocr_par' dir='ltr' id='par_1_112' title="bbox 2128 5500 3651 5581">
     <span class='ocr_line' id='line_1_112' title="bbox 2128 5500 3651 5581; baseline -0.009 -14"><span class='ocrx_word' id='word_1_844' title='bbox 2128 5523 2250 5567; x_wconf 91' lang='lat' dir='ltr'><strong>tens</strong></span> <span class='ocrx_word' id='word_1_845' title='bbox 2282 5515 2538 5568; x_wconf 88' lang='lat' dir='ltr'><strong>astutiam</strong></span> <span class='ocrx_word' id='word_1_846' title='bbox 2569 5512 3026 5581; x_wconf 86' lang='lat' dir='ltr'><strong>ejusimperator,</strong></span> <span class='ocrx_word' id='word_1_847' title='bbox 3074 5512 3191 5581; x_wconf 87' lang='lat' dir='ltr'><strong>ipse</strong></span> <span class='ocrx_word' id='word_1_848' title='bbox 3233 5511 3457 5580; x_wconf 88' lang='lat' dir='ltr'><strong>primum</strong></span> <span class='ocrx_word' id='word_1_849' title='bbox 3485 5500 3651 5559; x_wconf 80' lang='lat' dir='ltr'><strong>bellum</strong></span> 
     </span>
    </p>
   </div>
   <div class='ocr_carea' id='block_1_113' title="bbox 2128 5590 3651 5672">
    <p class='ocr_par' dir='ltr' id='par_1_113' title="bbox 2128 5590 3651 5672">
     <span class='ocr_line' id='line_1_113' title="bbox 2128 5590 3651 5672; baseline -0.005 -14"><span class='ocrx_word' id='word_1_850' title='bbox 2128 5618 2473 5659; x_wconf 84' lang='lat' dir='ltr'><strong>cnmmovere</strong></span> <span class='ocrx_word' id='word_1_851' title='bbox 2496 5603 2561 5657; x_wconf 92' lang='lat' dir='ltr'><strong>ad</strong></span> <span class='ocrx_word' id='word_1_852' title='bbox 2586 5619 2710 5659; x_wconf 89' lang='lat' dir='ltr'><strong>eum</strong></span> <span class='ocrx_word' id='word_1_853' title='bbox 2737 5602 3135 5672; x_wconf 88' lang='lat' dir='ltr'><strong>impediendum</strong></span> <span class='ocrx_word' id='word_1_854' title='bbox 3160 5601 3365 5657; x_wconf 89' lang='lat' dir='ltr'><strong>statuit.</strong></span> <span class='ocrx_word' id='word_1_855' title='bbox 3385 5601 3446 5650; x_wconf 81' lang='lat' dir='ltr'><strong>At</strong></span> <span class='ocrx_word' id='word_1_856' title='bbox 3465 5590 3651 5662; x_wconf 67' lang='lat' dir='ltr'><strong>quidam</strong></span> 
     </span>
    </p>
   </div>
   <div class='ocr_carea' id='block_1_114' title="bbox 2130 5684 3651 5751">
    <p class='ocr_par' dir='ltr' id='par_1_114' title="bbox 2130 5684 3651 5751">
     <span class='ocr_line' id='line_1_114' title="bbox 2130 5684 3651 5751; baseline -0.014 -1"><span class='ocrx_word' id='word_1_857' title='bbox 2130 5698 2389 5751; x_wconf 78' lang='lat' dir='ltr'><strong>senatorii</strong></span> <span class='ocrx_word' id='word_1_858' title='bbox 2412 5695 2623 5750; x_wconf 84' lang='lat' dir='ltr'><strong>ordinis</strong></span> <span class='ocrx_word' id='word_1_859' title='bbox 2653 5703 2767 5750; x_wconf 92' lang='lat' dir='ltr'><strong>tum</strong></span> <span class='ocrx_word' id='word_1_860' title='bbox 2798 5695 3109 5751; x_wconf 87' lang='lat' dir='ltr'><strong>sacerdotes</strong></span> <span class='ocrx_word' id='word_1_861' title='bbox 3134 5705 3249 5747; x_wconf 90' lang='lat' dir='ltr'><strong>tum</strong></span> <span class='ocrx_word' id='word_1_862' title='bbox 3280 5690 3397 5745; x_wconf 89' lang='lat' dir='ltr'><strong>laici</strong></span> <span class='ocrx_word' id='word_1_863' title='bbox 3433 5684 3651 5741; x_wconf 85' lang='lat' dir='ltr'><strong>adversa-</strong></span> 
     </span>
    </p>
   </div>
   <div class='ocr_carea' id='block_1_115' title="bbox 2133 5785 3648 5856">
    <p class='ocr_par' dir='ltr' id='par_1_115' title="bbox 2133 5785 3648 5856">
     <span class='ocr_line' id='line_1_115' title="bbox 2133 5785 3648 5856; baseline -0.007 -12"><span class='ocrx_word' id='word_1_864' title='bbox 2133 5792 2330 5844; x_wconf 90' lang='lat' dir='ltr'><strong>bantur</strong></span> <span class='ocrx_word' id='word_1_865' title='bbox 2357 5790 2639 5844; x_wconf 69' lang='lat' dir='ltr'><strong>sententite</strong></span> <span class='ocrx_word' id='word_1_866' title='bbox 2667 5796 2721 5842; x_wconf 91' lang='lat' dir='ltr'><strong>et</strong></span> <span class='ocrx_word' id='word_1_867' title='bbox 2745 5787 2977 5844; x_wconf 85' lang='lat' dir='ltr'><strong>consilio</strong></span> <span class='ocrx_word' id='word_1_868' title='bbox 3003 5788 3148 5856; x_wconf 85' lang='lat' dir='ltr'><strong>ejus.</strong></span> <span class='ocrx_word' id='word_1_869' title='bbox 3179 5804 3196 5838; x_wconf 82' lang='grc' dir='ltr'>ι</span> <span class='ocrx_word' id='word_1_870' title='bbox 3224 5785 3299 5839; x_wconf 83' lang='lat' dir='ltr'><strong>Ne</strong></span> <span class='ocrx_word' id='word_1_871' title='bbox 3343 5785 3648 5839; x_wconf 48' lang='lat' dir='ltr'><strong>commove?</strong></span> 
     </span>
    </p>
   </div>
   <div class='ocr_carea' id='block_1_116' title="bbox 2134 5876 3650 5949">
    <p class='ocr_par' dir='ltr' id='par_1_116' title="bbox 2134 5876 3650 5949">
     <span class='ocr_line' id='line_1_116' title="bbox 2134 5876 3650 5949; baseline -0.007 -14"><span class='ocrx_word' id='word_1_872' title='bbox 2134 5899 2242 5949; x_wconf 86' lang='lat' dir='ltr'><strong>tur,</strong></span> <span class='ocrx_word' id='word_1_873' title='bbox 2270 5883 2508 5946; x_wconf 85' lang='lat' dir='ltr'><strong>aiebant,</strong></span> <span class='ocrx_word' id='word_1_874' title='bbox 2536 5896 2566 5936; x_wconf 87' lang='lat' dir='ltr'><strong>a</strong></span> <span class='ocrx_word' id='word_1_875' title='bbox 2599 5880 2880 5949; x_wconf 80' lang='lat' dir='ltr'><strong>majestate</strong></span> <span class='ocrx_word' id='word_1_876' title='bbox 2914 5890 3002 5935; x_wconf 88' lang='lat' dir='ltr'><strong>tua</strong></span> <span class='ocrx_word' id='word_1_877' title='bbox 3027 5880 3247 5944; x_wconf 85' lang='lat' dir='ltr'><strong>bellum,</strong></span> <span class='ocrx_word' id='word_1_878' title='bbox 3281 5876 3446 5931; x_wconf 89' lang='lat' dir='ltr'><strong>donec</strong></span> <span class='ocrx_word' id='word_1_879' title='bbox 3483 5876 3650 5936; x_wconf 60' lang='grc' dir='ltr'>εοεηοί</span> 
     </span>
    </p>
   </div>
  </div>
