3976 6570
214 362 226 372 ’
260 405 370 474 επ

1264 397 1699 461 CIIRONICON
1745 396 2016 459 MAIUS.
2049 422 2114 433 -
2148 399 2290 458 LIB.
2329 397 2438 460 III.

3389 389 3496 454 836

259 519 470 582 σιλείας
510 533 626 584 σου,
660 515 766 579 ἕως
789 513 854 568 ἂν
878 513 1081 582 ἴδωμεν
1111 509 1161 564 τί
1189 509 1438 580 βούλεται
1475 509 1640 572 αὐτὸς
1674 510 1820 579 πρᾶρ
1853 515 1891 569 Α
1923 508 2002 577 τῷ
2034 507 2248 578 βασιλεί
2281 525 2290 537 ”
2341 509 2436 562 καὶ
2467 507 2638 568 οὕτως
2684 503 3051 574 ὲπροσέταξεν
3097 504 3125 558 6
3155 504 3377 574 ἀμηρᾶς
3411 503 3499 554 ἵνα

261 613 376 677 ξαι.
408 611 472 663 EI
503 610 599 663 καὶ
625 609 688 661 τὸ
715 607 848 662 ἄστυ
884 605 1065 676 κτίσῃ,
1084 605 1142 656 ὲν
1160 603 1382 672 εὐκολίᾳ
1411 600 1836 672 παραλαμϐάνο-

264 720 372 773 μεν
403 701 536 757 αὐτὸ
567 699 656 752 διὰ
696 697 759 750 τὸ
789 696 1092 766 ἐγγύτερον
1131 692 1270 746 εἶναι
1310 695 1465 762 ἡμῖν.
1503 711 1521 744 ι
1556 694 1622 744 Ὃ
1654 691 1748 745 καὶ
1777 692 1836 742 ὲν

265 793 523 862 ὑστέροις
577 786 720 844 είδον
763 788 994 850 τέλειον,
1042 786 1137 838 καὶ
1189 783 1403 854 ἀληθῶς
1455 783 1701 849 ἔγνωσαν
1753 782 1836 834 δτι

264 884 487 945 ἐλπίδες
510 884 666 935 κεναὶ
687 880 950 950 τρέφουσι
978 879 1103 938 τοὺς
1130 875 1414 945 ἀνοήτους.
1457 873 1602 941 Ἐγὼ
1631 873 1685 924 δὲ
1715 873 1837 924 ἐνα-

266 977 511 1043 πέμεινα
529 973 630 1041 τῆς
660 971 887 1040 πορείας
905 971 940 1035 ἥ
980 966 1313 1039 ἡτοιμάσθη,
1353 964 1456 1032 ιΣή
1468 981 1632 1033 μερον
1653 962 1840 1030 λέγονη

263 1083 364 1129 τες
397 1064 597 1132 ίδωμεν
629 1064 725 1116 καὶ
766 1061 988 1129 αὔριονο
1023 1063 1116 1112 καὶ
1149 1061 1233 1112 ὅτι
1279 1058 1366 1110 διὰ
1411 1058 1578 1127 ξηρᾶς
1611 1057 1708 1124 οὐχ
1739 1056 1837 1125 ἀρ-

271 1157 453 1227 μόζει,
481 1158 604 1209 ἐπεὶ
637 1154 980 1208 ἐπικίνδυνόν
1008 1153 1128 1204 ἐστι
1160 1151 1220 1204 τὸ
1252 1153 1503 1221 πρᾶγμα,
1531 1149 1647 1202 ἀλλ’
1677 1149 1842 1218 εὑρή-

271 1267 356 1302 σω
363 1264 464 1316 μεν
498 1245 691 1301 πλεύσι
698 1262 820 1312 μον.
864 1261 882 1294 ι

359 1338 449 1390 Ἐν
484 1334 689 1404 Ἰουνίῳ
711 1335 843 1404 μηνὶ
862 1333 960 1386 τοῦ
985 1332 1149 1386 αὐτοῦ
1171 1331 1322 1394 ἔτους
1343 1331 1450 1384 ίδοῦ
1479 1326 1841 1400 δδημοσιεύθη

267 1431 307 1499 ἡ
347 1429 492 1499 μάχη
519 1442 533 1456 ·
587 1428 682 1480 καὶ
711 1427 832 1480 καθ’
867 1427 1026 1496 ἡμῶν
1057 1424 1152 1478 τοῦ
1208 1423 1571 1492 στρατοπέδου
1603 1419 1840 1491 δραμόνο

266 1539 388 1587 ⁴τος,
418 1518 808 1590 ᾐχμαλώτευσε
836 1517 1042 1578 πάντας
1072 1517 1199 1580 τοὺς
1255 1514 1454 1579 ἔξωθεν
1506 1514 1606 1581 τῆς
1638 1511 1842 1573 πόλεως

271 1612 583 1674 οἰκοῦντας.
635 1611 724 1663 Ἐν
755 1603 798 1677 ᾧ
829 1609 1007 1680 καιρῷ
1041 1608 1326 1661 ἐτελείωσε
1356 1607 1450 1659 καὶ
1475 1605 1535 1658 τὸ
1565 1604 1720 1668 ἄστυ,
1751 1603 1859 1656 καὶ·

270 1706 338 1757 ὲν
371 1702 519 1770 αὐτῷ
568 1701 888 1772 ᾠκοδόμησε
936 1700 1179 1770 πύργους
1219 1699 1370 1766 τρεῖς
1407 1695 1681 1765 ίσχυρούς,
1719 1693 1844 1756 τοὺς

268 1794 371 1845 δύο
418 1793 517 1860 μὲν
551 1791 865 1861 χερσαίους,
901 1791 992 1844 τὸν
1035 1792 1093 1844 δὲ
1128 1791 1316 1859 ἕτερον
1365 1787 1509 1842 κατὰ
1544 1786 1841 1851 θάλασσαν,

267 1885 335 1945 ὃς
362 1885 456 1936 καὶ
482 1882 660 1948 ὀλίγον
687 1899 739 1935 τι
773 1883 979 1950 μείζων
1006 1883 1117 1935 τῶν
1146 1882 1239 1935 δύο
1279 1865 1518 1950 ὑπῆρχε.
1544 1879 1617 1932 Τὸ
1645 1879 1702 1931 δι
1732 1897 1844 1930 τει-

269 1976 391 2043 χῶν
421 1976 577 2044 εὖρος
701 1977 871 2030 εἴκοσι
901 1975 998 2028 καὶ
1031 1974 1193 2028 πέντε
1229 1972 1428 2037 ποδῶν,
1458 1975 1517 2025 τδ
1555 1971 1613 2024 δὲ
1643 1969 1846 2024 ἔσωθεν

269 2067 458 2120 αὐτῶν
483 2067 804 2136 εὐρύχωρον
834 2066 1048 2135 ὑπῆρχε
1085 2065 1381 2134 τριάκοντα
1405 2063 1499 2115 καὶ
1529 2061 1622 2114 δύο
1645 2060 1841 2116 ποδῶν.

270 2151 416 2209 Εἶτα
449 2157 508 2209 ἑν
561 2155 809 2226 μολύϐδῳ
841 2156 1128 2217 σκεπάσας
1159 2155 1284 2216 τοὺς
1311 2153 1578 2222 πύργους,
1609 2156 1702 2205 καὶ
1739 2153 1848 2205 πᾶν

269 2249 341 2300 τὸ
375 2249 512 2302 ἄστυ
561 2247 745 2310 καλῶς
781 2247 1112 2316 ἀσφαλίσας,
1149 2247 1246 2300 καὶ
1291 2248 1349 2300 ὲν
1379 2246 1530 2315 αὐτῷ
1575 2245 1849 2316 φρουροὺς

273 2339 612 2408 κατέστησε.
647 2339 758 2391 Καὶ
787 2340 844 2391 ὲν
869 2341 936 2408 τῇ
971 2340 1194 2409 εἰκοστῇ
1226 2339 1387 2408 ὀγδόῃ
1415 2337 1512 2389 τοῦ
1536 2335 1849 2404 Αὐγούστου

271 2431 531 2501 ἐγερθεὶς
554 2429 764 2483 ἐκεῖθεν
795 2431 992 2483 ἔπεσεν
1025 2431 1116 2482 ἐπὶ
1139 2431 1238 2492 τὰς
1269 2429 1462 2489 σούδας
1488 2429 1587 2494 τῆς
1618 2427 1850 2492 πόλεως,

271 2523 378 2574 καὶ
414 2523 482 2592 τῇ
531 2519 724 2593 πρώτῃ
756 2521 850 2574 τοῦ
896 2521 1279 2591 Σεπτεμϐρίου
1321 2521 1491 2591 μηνὸς
1538 2522 1633 2575 τοῦ
1665 2520 1850 2592 5995a:

273 2609 437 2674 heu;
465 2611 614 2679 διέϐη
654 2614 734 2674 είς
771 2612 871 2683 τὴν
914 2611 1408 2680 Ἀνδριανούπολιν,
1452 2611 1526 2674 ὡς
1579 2611 1850 2680 φαίνεται,

274 2703 374 2755 ἵνα
400 2703 520 2764 ταῖς
571 2701 664 2754 δύο
699 2703 888 2764 αὐταῖς
919 2702 1159 2772 ἡμέραις
1191 2704 1278 2774 (Gn
1304 2702 1373 2755 τὰ
1418 2703 1575 2771 τείχη
1608 2701 1705 2770 τῆς
1755 2701 1852 2753 πό-

276 2795 424 2858 λεως
471 2799 566 2851 καὶ
610 2796 771 2868 235
800 2798 1066 2866 τάφρους,
1118 2797 1214 2851 καὶ
1248 2795 1300 2848 εί
1353 2811 1405 2848 τι
1447 2795 1638 2864 ιτερον
1695 2793 1856 2855 αὐτὸς

278 2885 580 2952 ἐλογίζετο.
640 2887 751 2939 Καὶ
799 2885 878 2956 τῷ
927 2886 1078 2954 αύτῷ
1135 2884 1465 2955 φθινοπώρῳ
1520 2883 1854 2953 Ὀκτωδρίου

280 2980 485 3052 πρώτῃ
518 2981 733 3044 στείλας
767 2981 856 3033 τὸν
900 2979 1229 3050 Τουραχάνη
1267 2980 1365 3032 καὶ
1415 2979 1544 3040 τοὺς
1573 2978 1669 3032 δύο
1707 2979 1859 3041 υἱοὺς

282 3071 454 3128 αὐτοῦ
482 3072 808 3142 ’Δχουμάτιν
838 3072 936 3125 καὶ
959 3071 1193 3141 Ἀμάριν
1222 3071 1360 3141 μετὰ
1401 3069 1659 3125 πλείστου
1695 3085 1860 3140 στρα-

282 3161 386 3216 τοῦ
429 3163 486 3215 ιν
531 3166 597 3231 τῇ
631 3162 1048 3234 Πελοποννήσῳ,
1095 3162 1187 3217 ἵνα
1237 3164 1538 3232 μαχόμενοι
1583 3162 1724 3215 κατὰ
1751 3161 1859 3214 τῶν

281 3253 565 3306 δεσποτῶν
600 3254 709 3306 τῶν
731 3252 828 3306 τοῦ
859 3252 1122 3322 βασιλέως
1147 3252 1393 3321 ἀδελφῶν
1415 3251 1706 3306 κωλύσωσι
1729 3251 1856 3314 τοὺς

283 3344 567 3407 τοιούτους
626 3345 1008 3414 ἐμποδίζοντες
1063 3345 1152 3399 διὰ
1188 3343 1281 3398 τοῦ
1339 3344 1602 3413 πολέμου,
1651 3345 1740 3397 ῐνα
1783 3343 1858 3413 μὴ

288 3434 583 3504 δυνάμενοι
611 3436 772 3488 ἐᾶσαι
800 3435 890 3488 τὸν
915 3435 1081 3488 τόπον
1128 3433 1328 3488 ιλθωσι
1364 3434 1503 3505 πρὸς
1535 3436 1859 3506 συμμαχίαν

287 3549 558 3609 verimns,
580 3547 705 3618 quid
727 3547 816 3602 ille
831 3546 1221 3602 velit.Etiatnsi
1241 3548 1383 3602 enim
1406 3558 1644 3605 castrum
1669 3548 1860 3602 condi-

290 3638 460 3702 derit,
475 3648 654 3694 tamen
692 3639 837 3694 facili
865 3654 1030 3709 opera
1054 3640 1104 3695 id
1123 3641 1575 3711 erpugnabimus,
1599 3641 1856 3710 quoniam

289 3730 526 3800 propius
562 3731 718 3786 nobis
735 3743 835 3788 est.
875 3750 892 3784 ι
921 3732 1075 3798 Quod
1111 3741 1296 3802 postea
1335 3740 1718 3803 compererunt
1746 3731 1862 3801 pla-

290 3821 540 3884 nissime,
559 3831 612 3875 et
630 3837 814 3876 revera
832 3829 1224 3892 cognoverunt,
1244 3838 1338 3892 spe
1354 3837 1491 3876 vana
1516 3823 1664 3892 pasci
1681 3838 1864 3877 amen-

291 3917 402 3963 tes.
429 3909 540 3980 Ego
569 3919 746 3964 autem
771 3912 1181 3980 perseverabam
1200 3914 1252 3966 in
1283 3913 1496 3968 itineris
1528 3913 1639 3982 jam
1687 3915 1860 3984 parati

296 3999 553 4053 consilio.
571 3999 814 4063 Scilicet,
839 4019 858 4053 ι
899 4001 1090 4068 Hodie,
1133 4003 1488 4064 aiebant.aut
1512 4019 1634 4060 cras
1659 4006 1865 4060 videbi-

296 4100 552 4152 mus;nec
570 4104 666 4158 per
681 4101 878 4144 terram
901 4091 1000 4146 iter
1022 4090 1198 4146 facere
1214 4091 1360 4157 licet,
1377 4093 1632 4162 quoniam
1652 4097 1866 4164 pericu-

297 4175 417 4232 losa
434 4191 520 4232 res
537 4189 640 4244 est,
665 4180 759 4234 sed
776 4181 1060 4251 navigandi
1077 4184 1414 4237 occasionem
1449 4183 1809 4241 inveniemus.
1839 4205 1859 4240 ι

373 4265 744 4323 Menselunio
772 4270 892 4340 ejus
943 4273 1068 4325 anui
1107 4272 1304 4327 bellum
1363 4275 1714 4331 commissum
1765 4287 1866 4342 est,

303 4367 468 4428 atque
506 4359 792 4416 invadente
832 4376 932 4417 nos
963 4366 1205 4418 exercitu
1237 4365 1421 4419 hostili
1445 4406 1460 4426 ,
1487 4382 1582 4434 pro
1638 4370 1867 4439 captivis

303 4450 524 4519 abrepti
551 4460 681 4505 sunt
708 4452 893 4506 cuncti
939 4453 1261 4507 suburbani.
1313 4454 1432 4520 Quo
1483 4455 1678 4511 eodem
1737 4469 1869 4512 tern-

1933 600 2002 652 δι’
2030 602 2154 654 ὅλου
2185 601 2279 653 τοῦ
2312 601 2578 670 χειμῶνος
2617 598 3002 668 ἐμποδίζοντες
3046 599 3261 662 αὐτοὺς,
3297 597 3390 650 καὶ
3427 595 3501 664 μὴ

1935 696 2170 765 εὕρωσιν
2220 696 2507 763 εὐκαιρίαν
2557 693 2651 746 τοῦ
2699 692 2872 745 ἐλθεῖν
2913 692 3175 762 βοηθῆσαι
3229 695 3294 759 τῇ
3347 694 3500 746 πόλει

1936 787 2053 851 ἅμα
2085 785 2163 855 τῷ
2216 785 2427 854 βασιλεῖ
2474 783 2552 853 τῷ
2587 784 2682 836 καὶ
2725 782 2938 852 ἀδελφῷ
2969 783 3172 835 αὐτῶν.
3224 783 3504 845 vam/mo;
3588 827 3596 834 .

1936 879 2028 934 οὖν
2059 879 2151 933 τοῦ
2185 881 2508 949 Τουραχάνη
2557 880 2652 932 καὶ
2681 879 2930 948 τὰ·τείχη
2974 878 3068 930 τοῦ
3100 879 3318 946 ’ἰσθμοῦ
3352 877 3506 931 allii:

1937 968 2264 1030 ἀλώσαντος,
2317 969 2411 1020 καὶ
2462 968 2794 1036 ἀμφοτέρων
2845 967 2953 1019 τῶν
3012 967 3198 1034 μερῶν
3264 968 3506 1020 πλεῖστοι

1938 1058 2384 1126 ἀπεκτάνθησαν,
2418 1057 2562 1125 λόγω
2597 1055 2946 1125 Χριστιανῶν
2981 1058 3072 1108 καὶ
3097 1057 3364 1119 ἀπίστων,
3403 1061 3508 1126 μά-

1941 1149 2102 1203 λιστα
2135 1153 2199 1203 ὲκ
2247 1150 2355 1202 τῶν
2385 1149 2750 1220 Χριστιανῶν,
2781 1149 2829 1202 οἳ
2861 1150 2955 1202 καὶ
3005 1150 3084 1212 είς
3136 1151 3315 1220 φυγὴν
3348 1152 3508 1215 ἐτρά-

1943 1256 2147 1308 πησαν.
2184 1238 2356 1300 Αὐτὸς
2388 1239 2445 1292 δὲ
2491 1239 2810 1293 καταλιπὼν
2831 1238 2932 1309 τὴν
2978 1238 3243 1307 Κόρινθον
3278 1241 3370 1292 καὶ
3424 1240 3511 1291 διὰ

1947 1330 2112 1400 μέσου
2144 1330 2243 1397 τῆς
2284 1329 2454 1398 νήσου
2483 1331 2780 1400 ἐρχόμενος
2827 1330 3281 1400 αἰχμαλωτεύων,
3320 1331 3511 1392 ἄλλους

1948 1421 2226 1474 σκυλεύων
2256 1423 2352 1474 καὶ
2373 1418 2803 1491 ἃνδραποδίζων.
2829 1421 2922 1482 οὓς
2951 1415 3100 1489 εὗρε,
3125 1420 3361 1490 ἔφθασεν
3386 1424 3512 1488 ἄχρι

1943 1514 2041 1584 τῆς
2085 1512 2384 1581 Ἀρκαδίας
2417 1511 2685 1581 ἐπαρχίας
2714 1513 2811 1565 καὶ
2837 1512 2934 1565 τοῦ
2965 1512 3354 1582 Μεσσηνιακοῦ
3399 1515 3516 1564 κόλ-

1947 1621 2073 1667 που,
2104 1604 2198 1657 καὶ
2229 1605 2328 1672 τὴν
2355 1604 2474 1657 ὁδὸν
2505 1604 2736 1672 βαδὶζων
2777 1607 2876 1674 τῆς
2905 1604 3163 1672 Ἰθώμης,
3195 1606 3290 1658 καὶ
3339 1609 3516 1657 πάντα

1945 1696 2037 1748 τὸν
2067 1695 2455 1764 Μεσσηνιακὸν
2480 1695 2684 1748 κόλπον
2717 1694 3050 1764 ληϊσάμενος
3084 1696 3212 1765 ἄχρι
3242 1699 3340 1765 τῆς
3368 1698 3518 1749 Μειν-

1947 1785 2176 1847 τινείας.
2225 1785 2372 1838 Ἰδὼν
2390 1785 2448 1838 δὲ
2477 1785 2536 1838 τὸ
2557 1785 2651 1838 τοῦ
2683 1787 2850 1838 τόπου
2884 1789 3072 1839 στενὸν
3095 1789 3190 1839 καὶ
3219 1787 3515 1856 δύσχιορον.

1947 1877 2104 1928 διὀῦ
2155 1876 2390 1946 στρατὸς
2425 1875 2526 1929 οὐκ
2579 1877 2804 1930 ἐδύνατο
2853 1878 3058 1932 ὁδεύειν
3115 1879 3254 1946 ὁμοῦ
3293 1882 3516 1938 πάντες.

1947 1967 2025 2037 τῷ
2053 1967 2156 2036 υίῷ
2185 1967 2351 2021 αὐτοῦ
2397 1968 2712 2038 Ἀχουμάτῃ
2762 1969 2930 2039 μέρος
2979 1970 3078 2022 οὐκ
3109 1970 3336 2038 ἀγενοῦς
3358 1971 3522 2039 236

1949 2058 2182 2129 στρατοῦ
2207 2057 2385 2120 δώσας
2415 2059 2510 2111 καὶ
2541 2062 2642 2127 τὴν
2669 2059 2790 2112 όδδν
2820 2061 3124 2130 ἐρχομένην
3160 2063 3217 2113 ἐν
3257 2062 3331 2131 τῷ
3361 2064 3522 2113 Λεον-

1949 2151 2093 2221 τάρῃ
2147 2151 2522 2220 παρήγγειλεν
2573 2150 2822 2206 ὁδεύειν·
2877 2154 2905 2205 6
2957 2153 3012 2205 δὲ
3063 2153 3133 2206 δι’
3189 2153 3358 2221 ἄλλης
3402 2154 3520 2204 ὁδοῦ

1949 2239 2140 2311 ᾤχετο.
2189 2241 2471 2304 Μαθόντες
2501 2242 2557 2295 δὲ
2599 2242 2758 2296 τοῦτο
2785 2244 2833 2296 oi
2877 2243 3138 2297 δεσπόται
3176 2245 3270 2297 καὶ
3303 2245 3523 2310 ἁδελφοὶ

1953 2331 2265 2395 στείλαντες
2294 2333 2387 2386 τὸν
2413 2333 2691 2387 Ματθατον
2717 2333 2953 2404 Ἀσάνην
2989 2337 3126 2404 μετὰ
3161 2336 3395 2404 στρατοῦ
3429 2340 3524 2389 λαο

1954 2423 2176 2494 θραίως,
2208 2425 2305 2478 καὶ
2329 2422 2500 2478 ἐλθὼν
2529 2425 2587 2478 ὲν
2623 2425 2700 2493 τῷ
2731 2427 2881 2497 τόπῳ
2907 2420 2968 2480 οὗ
3000 2428 3226 2495 ἔμελλον
3255 2429 3524 2495 περάσει,

1956 2519 2051 2572 καὶ
2109 2518 2394 2587 αἰφνιδίως
2447 2521 2529 2584 είς
2587 2521 2790 2583 αὐτοὺς
2861 2524 3234 2593 συρράξαντες
3295 2524 3525 2588 πολλοὺς

1955 2611 2287 2665 ἀπέκτειναν
2341 2613 2432 2665 καὶ
2484 2612 2900 2684 ⁴ᾑχμαλώτισαν,
2956 2617 3014 2667 ὲν
3051 2608 3133 2677 οἷς
3187 2610 3269 2677 εἷς
3303 2611 3373 2686 ἦν
3418 2617 3528 2667 τῶν

1957 2701 2326 2770 αἰχμαλώτων
2359 2703 2453 2756 καὶ
2499 2707 2528 2758 6
2555 2704 2903 2775 Ἀχουμάτης
2952 2707 2979 2758 6
3013 2705 3336 2776 Τοδραχάνη
3373 2707 3486 2769 υίός
3512 2725 3526 2738 ο

1956 2793 2015 2847 δν
2044 2795 2377 2849 ἀπέστειλαν
2410 2799 2489 2860 είς
2525 2798 2784 2869 Σπάρτην
2814 2799 2951 2867 πρὸς
2988 2797 3080 2851 τὸν
3125 2798 3396 2870 δεσπότην
3423 2804 3530 2872 κϋρ

1959 2886 2297 2956 Δημήτριον.
2354 2889 2464 2942 Καὶ
2495 2891 2559 2959 τῇ
2595 2887 2660 2952 ιζ’
2709 2889 2803 2943 τοῦ
2846 2890 3180 2960 Ἰανουαρίου
3236 2891 3405 2959 μηνὸς
3435 2890 3529 2943 τοῦ

1960 2975 2126 3029 αὐτοῦ
2149 2977 2302 3041 ἔτους
2334 2979 2595 3050 ἐγεννήθη
2631 2983 2728 3034 καὶ
2756 2983 2784 3036 6
2809 2981 2918 3036 τῶν
2945 2981 3326 3050 Παλαιολόγων
3343 2983 3533 3049 γένους

1963 3067 2181 3137 καὶτῆς
2229 3068 2512 3138 βασιλείας
2553 3071 2796 3140 διάδοχος
2831 3072 2925 3125 καὶ
2970 3072 3064 3125 τοῦ
3099 3073 3207 3126 τῶν
3249 3073 3534 3141 Ῥωμαίων

1966 3160 2162 3231 μικροῦ
2189 3161 2384 3215 τούτου
2411 3163 2708 3234 σπινθῆρος
2735 3165 3098 3234 κληρονόμος,
3127 3167 3155 3218 6
3181 3165 3372 3235 κύριος
3413 3167 3535 3220 Ἂν·-

1959 3251 2123 3321 δρέας
2171 3254 2200 3306 6
2264 3255 2658 3324 Παλαιολόγος,
2703 3259 2730 3310 6
2785 3257 2902 3321 υίὸς
2957 3257 3052 3311 τοῦ
3111 3258 3378 3312 δεσπότου
3431 3258 3536 3330 κύρ

1959 3344 2134 3419 βωμᾶ
2165 3345 2262 3400 τοῦ
2293 3365 2364 3400 πο
2373 3365 2476 3419 ρφυ
2486 3351 2832 3422 ρογεννήτου.

1962 3547 2216 3616 (lavitque
2244 3546 2311 3602 iis
2340 3562 2574 3607 ameras.
2598 3557 2656 3602 ut
2687 3563 2782 3617 per
2805 3557 2968 3602 totam
2989 3547 3221 3602 hiemem
3257 3563 3351 3602 eos
3372 3547 3537 3617 impe-

1960 3635 2160 3698 dirent,
2181 3651 2247 3690 ne
2270 3637 2940 3692 invenirentoccasionem
2985 3638 3222 3692 ferenda:
3267 3638 3388 3691 urbi
3416 3638 3538 3706 opis

1963 3740 2069 3780 una
2091 3741 2214 3780 cum
2239 3727 2567 3797 imperatore
2589 3727 2773 3781 fratre.
2800 3728 3155 3783 Turaclianes
3180 3727 3341 3798 igitur
3364 3741 3421 3782 ut
3447 3732 3540 3782 ad-

1964 3818 2131 3882 venit,
2162 3817 2351 3872 lsthmi
2385 3820 2788 3888 propugnacula
2817 3819 2982 3890 cepit.
3018 3821 3443 3888 cecideruntqtte
3475 3837 3540 3874 vx

1964 3917 2198 3980 utraque
2214 3921 2388 3980 parte,
2404 3909 2839 3965 Christianorum
2857 3922 2910 3966 et
2928 3911 3540 3980 inﬁdelium.permult‘,

1965 4003 2060 4056 sed
2093 4001 2308 4056 illorum
2357 4001 2562 4072 plures,
2600 4001 2693 4071 qui
2739 4001 2900 4056 iidem
2930 4001 3068 4072 fuga:
3105 4016 3162 4055 se
3193 4001 3537 4055 mandarunt.

1964 4093 2086 4162 Ipse
2138 4093 2356 4160 deinde,
2394 4094 2580 4148 relicta
2611 4093 2896 4157 Corintho,
2918 4108 3014 4163 per
3038 4092 3274 4147 mediam
3306 4093 3541 4147 insulam

1968 4185 2237 4255 procedit,
2269 4184 2512 4254 capiens,
2547 4183 2792 4253 spoliatis
2820 4221 2837 4248 ,
2866 4186 2918 4236 in
2955 4183 3270 4238 servitutem
3297 4183 3544 4251 redigcns

1969 4291 2328 4347 quoscunque
2358 4276 2576 4340 ubvios,
2611 4264 2968 4346 pervenitque
2992 4274 3058 4328 ad
3083 4275 3420 4340 provinciam
3444 4275 3546 4327 Ar-

1971 4369 2138 4424 cadiae
2167 4377 2222 4423 et
2243 4367 2419 4422 sinum
2441 4365 2874 4428 Messeniacum.
2899 4376 2953 4420 et
2981 4366 3068 4420 via
3108 4367 3400 4420 lthouiensi
3427 4381 3546 4435 pm-

1972 4461 2220 4532 grediens
2241 4470 2410 4514 totum
2429 4463 2605 4515 sinum
2627 4459 3016 4515 Ellesscniacum
3032 4458 3356 4513 Mantineam
3379 4474 3548 4529 usque

305 4555 442 4613 pore
470 4553 707 4596 castrum
728 4543 1025 4613 perfectum
1045 4555 1573 4616 est,exstruclteque
1598 4549 1651 4602 in
1677 4564 1742 4602 eo
1765 4559 1874 4604 tres
1908 4551 1949 4604 υ
1979 4553 2366 4621 depopulatur.
2405 4550 2718 4621 Pcrspectis
2745 4561 2924 4605 autem
2989 4551 3226 4620 regionis
3284 4559 3480 4618 august
3506 4552 3549 4604 is

306 4643 485 4687 turres
517 4633 706 4699 ﬁrmae,
739 4637 858 4689 duae
886 4637 1254 4690 continentem
1285 4653 1514 4705 versus;
1547 4642 1725 4706 tertia,
1765 4641 1874 4696 illis

305 4727 470 4796 paulo
497 4726 676 4790 altior,
701 4727 767 4781 ad
794 4741 958 4781 mare.
983 4726 1262 4781 Murorum
1284 4728 1514 4782 latitudo
1535 4738 1653 4782 erat
1682 4730 1874 4798 viginti

304 4817 548 4887 quinque
562 4820 780 4888 pedum,
802 4819 1031 4873 interius
1047 4820 1282 4887 spatium
1305 4819 1540 4874 duorum
1556 4830 1608 4874 et
1627 4822 1873 4890 triginta.

307 4912 539 4966 Easdem
564 4913 783 4979 plumbo
814 4913 949 4966 texit
977 4921 1031 4966 et
1059 4921 1234 4967 totum
1265 4922 1504 4966 castrum
1529 4911 1666 4967 bene
1703 4913 1879 4967 muni-

307 5005 388 5057 vit
409 5015 465 5056 et
490 5005 740 5071 praesidio
764 5004 1022 5060 ﬁrmavit.
1052 5003 1254 5059 Deinde
1278 5003 1540 5059 vicesimo
1569 5013 1764 5059 octavo
1794 5005 1881 5060 die

310 5097 538 5166 Augusti
557 5097 683 5151 inde
706 5112 982 5168 egressus,
999 5097 1055 5151 in
1088 5097 1260 5152 vallos
1286 5097 1434 5152 urbis
1462 5097 1880 5166 itiipressiOItent

312 5189 463 5254 fecit,
495 5204 557 5242 ac
587 5190 760 5259 primo
781 5187 1116 5258 Septembris
1133 5190 1262 5243 anni
1300 5187 1433 5243 6961
1467 5189 1878 5259 Adrianopolim

311 5283 598 5348 concessit,
617 5283 828 5337 duobus
855 5282 962 5338 illis
984 5283 1174 5336 diebus
1190 5282 1362 5346 urbis.
1384 5290 1444 5336 ut
1472 5282 1706 5344 videtur,
1741 5295 1878 5336 ma:-

317 5375 406 5428 nia
439 5381 494 5428 et
541 5372 743 5436 fossas,
770 5382 823 5426 et
851 5373 898 5426 si
935 5372 1064 5440 quid
1091 5371 1234 5426 aliud
1264 5372 1502 5433 volebat.
1538 5372 1874 5441 speculatus.

315 5465 516 5520 Eodem
569 5474 856 5529 autumno,
887 5465 1144 5520 Octobris
1166 5465 1256 5519 die
1286 5464 1482 5533 primo,
1507 5463 1880 5519 Turacbanem

313 5565 368 5611 et
405 5555 542 5611 duos
594 5557 734 5612 lilios
784 5556 921 5626 ejus,
949 5557 1298 5610 Achumatem
1343 5566 1396 5608 et
1442 5556 1682 5609 Amarim
1711 5595 1726 5617 ,
1759 5570 1881 5610 cum

315 5648 556 5705 exercitu
575 5649 776 5719 ingenti
803 5650 854 5703 in
882 5649 1314 5717 Peloponnesum
1349 5649 1518 5709 misit,
1533 5657 1590 5702 ut
1606 5651 1879 5718 despotas.

316 5740 512 5804 fratres
533 5741 874 5812 imperatoris
895 5741 1032 5795 bello
1053 5741 1226 5794 adorti
1258 5742 1626 5809 prohiberent,
1655 5758 1741 5804 ne.
1766 5741 1887 5795 reli-

321 5829 426 5892 ctis
472 5833 581 5890 illis
633 5831 788 5898 locis.
819 5830 1133 5900 imperatori
1165 5829 1366 5885 auxilio
1420 5831 1688 5894 venirent,
1726 5845 1884 5884 man-

1977 4651 2028 4697 et
2061 4653 2254 4696 natut'a
2277 4643 2443 4705 invia,
2465 4659 2558 4711 per
2575 4659 2736 4712 quam
2759 4652 2904 4697 totus
2923 4643 3084 4696 simul
3108 4642 3379 4696 exercitus
3405 4653 3548 4695 tran-

1977 4733 2086 4789 sire
2111 4749 2214 4787 non
2229 4744 2434 4803 posset,
2467 4734 2700 4787 militum
2724 4745 3070 4788 strennorum
3091 4743 3242 4802 parte
3259 4733 3548 4786 Achumati

1981 4825 2090 4879 ﬁlio
2125 4828 2438 4885 commissa,
2473 4826 2554 4879 via
2583 4843 2704 4879 eum
2729 4842 2850 4896 quae
2875 4835 3024 4880 trans
3054 4824 3366 4879 Leontarim
3416 4827 3546 4888 l'crt,

1980 4918 2275 4988 procedere
2295 4919 2484 4988 jussit.
2502 4917 2570 4972 At
2588 4920 2750 4973 aliam
2773 4921 2818 4972 is
2842 4919 2982 4972 viam
3006 4917 3288 4983 ingressus
3308 4927 3411 4972 est.
3429 4918 3549 4983 Quo

1982 5020 2284 5077 comperto.
2313 5009 2552 5078 despotae
2587 5008 2783 5063 fratres
2806 5007 3114 5062 Matthmnm
3150 5007 3384 5062 Asaneni
3411 5009 3547 5061 clam

1985 5115 2107 5154 cum
2142 5101 2380 5155 exercitu
2411 5101 2670 5167 mittunt;
2702 5101 2793 5170 qui
2829 5101 2918 5155 ubi
2975 5107 3342 5170 pervenerunt
3381 5099 3433 5152 in
3478 5101 3551 5154 lo-

1985 5205 2131 5253 cum,
2165 5205 2322 5259 quem
2357 5191 2679 5246 illitransire
2711 5192 2930 5253 vellent.
2951 5191 3134 5247 subito
3162 5191 3216 5245 in
3248 5191 3547 5246 eosincur-

1989 5283 2141 5337 sione
2165 5281 2325 5343 facta,
2348 5297 2453 5336 non
2483 5298 2685 5352 paucos
2704 5285 2896 5353 partim
2925 5284 3205 5350 occidunt,
3235 5285 3430 5352 partim
3457 5297 3550 5338 ca-

1991 5376 2166 5443 piunt.
2203 5375 2257 5427 in
2289 5373 2371 5429 liis
2396 5377 2569 5444 ipsum
2596 5371 2936 5430 anacliani's
2963 5375 3130 5428 lilium
3165 5375 3550 5441 Achumatem,

1989 5479 2146 5532 quem
2179 5462 2423 5532 Spartam
2469 5465 2536 5518 ad
2595 5462 2921 5518 Demetrium
2985 5465 3266 5534 despotam
3308 5467 3548 5520 mittunt.

1991 5558 2208 5612 Decimo
2242 5555 2471 5624 septimo
2503 5556 2592 5609 die
2633 5555 2870 5609 l.-nua'rii
2909 5557 3036 5610 anni
3085 5557 3326 5625 ejusdem
3390 5569 3552 5615 natus

1989 5659 2072 5702 est
2103 5647 2523 5717 Palreolngmum
2552 5657 2604 5702 et
2637 5648 2846 5716 imperii
2877 5663 3162 5717 parvaeque
3199 5649 3361 5717 hujus
3410 5651 3552 5704 scin-

1993 5741 2120 5793 tillat
2148 5737 2513 5792 Romanorum
2535 5739 2985 5802 ltmres,Andreas
3004 5740 3357 5808 Palmologus,
3402 5737 3550 5795 Tho-

1995 5848 2095 5885 ma:
2128 5831 2568 5902 purpltyrogeniti
2597 5831 2839 5900 despotae
2875 5833 3040 5885 lilius.
