3976 6594
571 396 680 457 835

1754 404 2080 465 GEORGII
2121 406 2538 467 PHRANTZ/E
3651 409 3721 474 836

644 491 756 562 Καὶ
783 509 955 563 ταῦτα
1003 512 1104 582 μὲν
1145 513 1210 584 δὴ
1256 515 1429 575 οὕτως
1460 515 1606 588 εἶχον
1640 517 1709 571 τά
1737 521 1836 584 τῆς
1869 520 2142 572 Πελοπον-
2169 517 2222 578 Α
2244 521 2338 574 τοῦ
2395 515 2794 591 χαρακώματος
2841 519 3193 589 περιίσταντο
3227 521 3278 573 οί
3335 520 3622 591 Ιαννιτζάροι
3654 527 3720 576 σὺν

573 604 763 670 νήσου.
799 604 890 664 Ὠς
921 603 978 656 δέ
1011 605 1070 657 τὸ
1097 604 1199 674 ἔαρ
1235 607 1574 677 ἐπέλαμψεν,
1607 610 1634 660 6
1665 611 1910 680 άμηρᾶς,
1944 610 2003 663 ὃν
2027 607 2142 680 εἶχε

570 695 1089 762 κατεσκευασμένον
1115 697 1304 749 στόλον
1337 699 1704 767 οἰκονομήσας
1735 701 1835 761 τὰς
1873 701 2145 764 ἐλεσόλεις

447 831 464 846 ,
568 802 673 839 κατ
706 785 1083 848 ἐλεΰολίσκους
1112 793 1206 839 καὶ
1235 789 1428 860 ἐτέρας
1461 791 1734 860 μηχανὰς,
1759 792 1824 852 ἀς
1855 789 1966 862 εἶχε
2011 811 2146 862 προ-

569 878 1008 947 ητοιμασμένας,
1055 874 1168 931 εἴτε
1197 879 1509 952 ἔμπροσθεν
1557 883 1690 934 στεῦ
1705 899 1769 946 ας
1794 883 1885 935 τδν
1917 885 2143 954 Χαρατὴ

575 971 821 1039 μπασιᾶν
856 970 994 1038 μετά
1025 971 1320 1036 φουσάτου,
1369 973 1462 1026 καὶ
1503 973 1674 1025 ἐλθὼν
1717 974 2009 1026 ἀπέκλεισε
2045 974 2142 1044 τὴν

474 1054 480 1058 ’
572 1061 750 1114 πόλιν.
781 1061 891 1113 Καὶ
924 1061 1032 1129 πρὸ
1050 1061 1146 1113 τοῦ
1173 1061 1346 1114 ἐλθεῖν
1373 1065 1466 1116 τὸν
1490 1065 1739 1132 ἀμηρᾶν,
1788 1066 1912 1127 τοὺς
1941 1066 2144 1131 ἔξωθεν

572 1151 824 1218 πύργους
855 1152 956 1220 τῆς
994 1151 1202 1215 πόλεως
1229 1154 1352 1213 τοὺς
1384 1155 1443 1204 ἐν
1477 1153 1670 1223 ἀγροῖς
1699 1156 1793 1206 καὶ
1822 1155 2057 1223 κώμαις,
2089 1158 2146 1209 ἐν

568 1237 651 1303 οἷς
680 1238 820 1310 ἦσάν
866 1259 1014 1305 τινες
1047 1243 1328 1312 ἄνθρωποι
1363 1246 1721 1314 συναχθέντες
1749 1246 1838 1298 διὰ
1864 1248 1924 1298 τὸ
1965 1247 2149 1314 αἰφνί-

571 1336 688 1388 διον
737 1335 832 1388 τοῦ
887 1335 1146 1405 στρατοῦ,
1184 1336 1606 1405 ἐξεπολιόρκησε
1637 1337 1734 1391 καὶ
1775 1340 2002 1407 ἐπῇρεν.
2053 1338 2146 1401 Ἐξ

568 1425 749 1476 αὐτῶν
795 1425 966 1493 μέρος
1007 1426 1105 1493 μὲν
1134 1426 1295 1495 237
1332 1425 1715 1489 ἐδουλώσαντο,
1752 1431 1844 1482 καὶ
1883 1429 2049 1496 μέρος
2083 1429 2146 1480 ἐκ

566 1514 661 1567 τοῦ
689 1514 884 1583 λοιμοῦ
924 1516 1018 1567 καὶ
1055 1515 1152 1584 τῆς
1186 1517 1352 1586 ἄλλης
1395 1519 1772 1580 κακοπαθείας
1817 1521 2012 1588 ἐπῇρε,
2052 1521 2147 1571 καὶ

562 1605 662 1656 οὐκ
699 1605 915 1671 ὀλίγους
964 1606 1328 1673 Χριστιανοὺς
1376 1606 1748 1675 ήχμαλώτισε.
1802 1605 1884 1657 Τά
1944 1605 2000 1657 δέ
2050 1605 2142 1658 τοῦ

566 1694 806 1763 πολέμου
837 1696 1114 1761 ἀναγκαῖα
1147 1695 1243 1748 καὶ
1285 1697 1569 1764 ἐπιτήδεια
1605 1696 1699 1748 καὶ
1735 1696 1976 1765 μηχαναὶ⁵
2015 1697 2144 1748 ἀνα-

568 1786 733 1852 μέσον
750 1785 984 1853 ἤρχοντο
1013 1786 1184 1838 πολλά
1203 1803 1216 1817 ·
1244 1787 1439 1854 ἐςρερον
1469 1787 1574 1856 γὰρ
1609 1787 1877 1849 ἐλεϐὀλεις
1911 1786 2138 1850 πολλάς.

2255 613 2368 672 τοῖς
2419 611 2601 673 ἄλλοις
2655 611 2904 679 εὐγενέσι
2949 609 3046 663 τοῦ
3099 609 3362 662 παλατίου
3420 609 3578 662 αὐτοῦ.
3605 611 3650 664 '0
3683 613 3722 666 δὲ

2253 703 2500 770 μπασιᾶς
2543 701 2572 754 6
2604 700 2699 754 τοῦ
2733 702 2924 771 ἀμηρᾶ
2969 701 3246 770 συγγενὴς
3287 701 3448 753 ἐλθὼν
3487 702 3721 770 ἐσκήνωσεν

2249 791 2364 859 ἅμα
2407 791 2484 859 τῷ
2543 793 2966 861 ἐμπιστευθέντι
3009 792 3158 862 αύτῷ
3215 792 3426 861 στρατῷ
3455 791 3626 844 ἀνωθεν
3658 793 3721 845 τοῦ

2251 882 2289 933 Γ
2294 882 2487 935 αλατᾶ.
2523 882 2633 935 Καὶ
2661 884 2727 952 τῇ
2758 883 2896 953 αὐτῇ
2933 883 3114 954 ἡμέρα
3143 882 3376 948 ἔφθασεν
3403 883 3488 933 καὶ
3510 882 3640 950 μέρος
3659 882 3722 934 τοῦ

2249 971 2436 1025 στόλου
2467 974 2657 1038 αὑτοῦ,
2695 974 2792 1026 καὶ
2825 974 3154 1043 ἐπλησίασεν
3187 973 3349 1042 238
3379 973 3432 1025 ὲν
3459 975 3559 1034 ταῖς
3583 974 3723 1031 ἀκταῖς

2245 1067 2344 1135 τῆς
2373 1065 2646 1136 θαλάσσης
2693 1067 2791 1135 τῆς
2824 1065 3056 1128 πόλεως.
3083 1061 3268 1118 Ἦσαν
3297 1064 3352 1117 δέ
3395 1066 3610 1134 τριήρεις
3633 1064 3723 1117 ὡσεὶ

2247 1157 2544 1236 τριάκοντα
2571 1161 2666 1211 καὶ
2707 1159 3011 1228 δρόμωνες,
3045 1159 3171 1227 νῆες
3201 1157 3259 1210 δὲ
3299 1158 3387 1211 καὶ
3425 1157 3642 1225 πλοιάρια
3661 1159 3724 1211 καὶ

2251 1250 2508 1321 μονήρεις
2543 1243 2842 1320 τριάκοντα
2888 1250 2984 1304 καὶ
3022 1251 3241 1305 ἑκατόν.
3275 1251 3379 1302 Καὶ
3423 1249 3574 1311 οὕτως
3601 1251 3718 1316 παρέ-

2249 1357 2413 1391 πεται
2448 1343 2512 1409 τῇ
2548 1340 2702 1392 πόλει
2741 1341 3049 1410 πολιορκῶν
3075 1342 3247 1409 αὐτὴν
3294 1342 3425 1393 πᾶσι
3457 1339 3641 1406 τρόποις
3661 1340 3724 1389 καὶ

2253 1433 2546 1498 μηχαναῖς,
2579 1431 2667 1484 διὰ
2715 1431 2884 1501 ξηρᾶς
2921 1434 3015 1486 καὶ
3065 1433 3345 1502 θαλάσσης
3390 1430 3723 1500 περικῡκλὼσας

2245 1524 2311 1576 τά
2341 1524 2472 1576 δέκα
2527 1522 2673 1576 ὀκτὼ
2718 1524 2870 1594 μίλια
2921 1523 3022 1593 τῆς
3064 1523 3296 1585 πόλεως.
3340 1523 3443 1576 Καὶ
3471 1524 3497 1573 6
3539 1519 3723 1588 βασιλεὺς

2247 1615 2549 1682 προσέταξε
2585 1615 2685 1685 τὴν
2730 1615 2920 1684 σειρὰν
2953 1613 3052 1683 τὴν
3094 1615 3322 1683 σιδηρᾶν
3366 1615 3460 1683 τὴν
3491 1611 3723 1681 βαρυτάτην

2247 1707 2304 1758 ἐν
2333 1706 2412 1774 τῷ
2447 1707 2676 1776 στόματι
2711 1707 2804 1760 τοῦ
2842 1707 3063 1775 λιμένος
3103 1705 3307 1774 βαλεῖν,
3344 1705 3426 1756 ἵνα
3467 1703 3548 1756 τοῦ
3573 1701 3722 1758 στόλον,

2247 1794 2389 1862 λέγω
2434 1795 2543 1847 τῶν
2588 1795 2864 1862 πολεμίων
2911 1794 3139 1857 πλοίων,
3187 1791 3401 1862 κωλύσῃ
3449 1791 3534 1858 τὴν
3558 1788 3720 1854 ἔφοδον

579 1876 669 1939 ἘΞ
699 1877 884 1929 αὐτῶν
916 1877 970 1929 δέ
1003 1894 1152 1938 τινες
1188 1878 1448 1929 τοσοῦτον
1483 1879 1731 1946 ὑπῆρχον
1766 1880 1845 1941 είς
1888 1879 2137 1945 μέγεθος,
2173 1862 2214 1915 Β
2245 1888 2448 1939 ἔσωθεν
2479 1887 2533 1940 δὲ
2565 1888 2664 1956 τῆς
2704 1887 2908 1939 ἀλύσου
2942 1885 3041 1946 τὰς
3079 1883 3490 1954 παρατυχούσας
3523 1881 3630 1946 νῆας
3651 1876 3722 1927 ἐνέ-

565 1967 631 2026 ἃς
659 1968 760 2020 οὐκ
809 1967 1067 2021 ἐδύναντο
1119 1968 1530 2036 τεσσαράκοντα
1566 1969 1734 2036 ζεύγη
1774 1969 1910 2035 βοῶν
1955 1969 2141 2037 σύρειν

568 2059 807 2126 ἑκάστην
834 2059 1015 2111 αὐτῶν
1059 2059 1091 2129 ἢ
1125 2060 1219 2110 καὶ
1256 2061 1596 2127 πεντήκοντα
1632 2061 1802 2129 ζεύγη
1853 2062 1946 2115 καὶ
1979 2061 2142 2113 πλέον

567 2149 600 2217 ἢ
635 2149 726 2202 δύο
757 2149 998 2218 χιλιάδες
1034 2150 1332 2220 ἄνθρωποι.
1361 2153 1467 2204 Καὶ
1508 2155 1572 2221 τῇ
1611 2152 1655 2221 β’
1700 2153 1792 2206 τοῦ
1823 2153 2141 2221 Ἀπριλλίου

569 2241 775 2308 ἔφθασε
833 2245 929 2298 καὶ
972 2245 1000 2295 6
1039 2245 1265 2314 ἀμηρᾶς
1316 2245 1454 2313 μετὰ
1507 2247 1714 2313 πλῆθος
1769 2247 2142 2316 ἀναρίθμητον

571 2331 808 2400 στρατοῦ
841 2333 1069 2386 ἱππικοῦ
1102 2351 1160 2386 τε
1195 2338 1287 2388 καὶ
1335 2333 1528 2397 πεζοῦ.
1571 2336 1774 2389 Ἐλθὼν
1812 2335 1909 2405 τὴν
1938 2336 2142 2405 σκηνήν

566 2424 732 2476 αὑτοῦ
788 2425 1066 2494 πήγνυσιν
1101 2425 1162 2488 ἐξ
1201 2426 1449 2488 ἐναντίας
1488 2430 1588 2497 τῆς
1630 2427 1806 2497 πύλης
1853 2426 1949 2479 τοῦ
1983 2428 2140 2494 ἁγίου

572 2516 881 2584 Ῥοιμανοῦ.
931 2517 1021 2570 καὶ
1081 2519 1110 2569 6
1146 2518 1380 2586 στρατδς
1437 2518 1572 2570 ὡσεὶ
1623 2519 1808 2588 ἄμμος
1862 2518 2140 2586 θαλάσσης

564 2607 704 2660 κατὰ
732 2609 794 2660 τὸ
831 2607 1146 2677 Ἕξαμίλιον
1177 2609 1276 2675 τῆς
1304 2608 1506 2680 χέρσου
1536 2610 1600 2661 ὲκ
1630 2610 1730 2676 τῆς
1777 2611 1908 2678 μιᾶς
1937 2609 2140 2662 θαλάσ-

565 2717 665 2766 σης
692 2700 784 2752 καὶ
816 2701 880 2752 ἐκ
907 2701 1002 2768 τῆς
1031 2701 1245 2770 ἑτέρας.
1276 2702 1387 2752 Καὶ
1415 2703 1441 2754 6
1464 2702 1564 2768 τῆς
1582 2701 1882 2770 ’Δνατολῆς
1911 2703 2140 2772 στρατὸς

565 2791 805 2860 ἐπήξατο
839 2791 940 2854 τὰς
985 2792 1194 2860 σκηνὰς
1233 2792 1414 2845 αὐτῶν
1446 2794 1505 2845 ἐν
1546 2795 1662 2854 τοῖς
1701 2793 1896 2858 δεξιοῖς
1948 2794 2138 2863 μέρεσι

562 2885 658 2939 τοῦ
690 2886 884 2955 ἀμηρᾶ
914 2886 1010 2938 καὶ
1041 2885 1141 2947 ἕως
1180 2885 1288 2937 τῶν
1321 2885 1502 2937 ἀκτῶν
1530 2885 1630 2952 τῆς
1659 2884 1936 2954 θαλάσσης
1963 2885 2138 2952 πύλης

564 2978 666 3046 τῆς
701 2979 946 3049 Χρυσῆς,
973 2980 1000 3031 6
1030 2978 1086 3031 δὲ
1114 2977 1214 3045 τῆς
1248 2978 1516 3048 Εὐρώπης
1551 2979 1606 3030 ἐν
1636 2981 1698 3046 τῇ
1750 2980 2014 3047 ἀριστερᾷ
2044 2979 2136 3030 καὶ

2246 1979 2462 2040 ϐάλλον,
2509 1981 2655 2042 ὅπως
2712 1977 3080 2047 ἰσχυροτέρως
3131 1975 3420 2029 κωλύσωσι
3451 1974 3536 2039 τήν
3573 1966 3721 2021 siccior

2244 2073 2339 2124 καὶ
2375 2072 2516 2124 κατά
2544 2070 2652 2124 τῶν
2677 2070 2888 2139 ἐχθρῶν
2918 2068 3349 2137 ἀντιμάχωνται.
3388 2060 3551 2117 Ἦσαν
3573 2059 3618 2111 δέ
3637 2057 3722 2124 νῆες

2243 2161 2514 2225 τοιαῦται,
2545 2163 2610 2212 ἐκ
2669 2162 2766 2229 μέν
2820 2159 3112 2228 Λιγουρίας
3155 2159 3325 2227 τρεῖς.
3365 2152 3500 2208 ἐκδὲ
3548 2147 3719 2218 Ἰϐηρίας

2245 2255 2364 2324 ήτοι
2417 2252 2724 2314 Καστελίας
2756 2253 2899 2320 ’μία,
2932 2253 2994 2302 ἐκ
3041 2248 3140 2302 τοῦ
3189 2247 3392 2301 Γάλλου
3416 2245 3506 2312 τῆς
3551 2236 3719 2306 ηροὸέν-

2243 2346 2399 2411 τζιας
2475 2386 2490 2401 .
2568 2385 2583 2400 .
2663 2381 2678 2398 .
2703 2383 2718 2407 ,
2754 2345 2818 2396 ἐκ
2860 2343 2917 2397 δέ
2952 2343 3050 2411 τῆς
3087 2341 3320 2408 Κρήτης
3375 2337 3532 2400 τρεῖς.
3567 2333 3618 2384 ἐκ
3653 2331 3719 2392 ili

2245 2438 2453 2498 πόλεως
2481 2434 2782 2504 λεγομένης
2809 2432 3024 2497 Χάνδαξ
3064 2432 3096 2500 ή
3133 2430 3235 2497 μία
3266 2429 3359 2480 καὶ
3387 2427 3438 2478 αί
3463 2424 3545 2476 δύο
3571 2424 3621 2473 ἐκ
3646 2419 3722 2472 Κυ-

2241 2529 2461 2591 δωνίας,
2489 2529 2662 2582 πᾶσαι
2696 2526 2775 2587 είς
2799 2523 3108 2593 παράταξιν
3130 2522 3265 2575 πολε
3276 2519 3436 2589 μικὴν
3461 2514 3612 2572 καλῶς
3627 2511 3722 2577 ἠτα-

2247 2615 2541 2685 μασμέναι.
2577 2614 2812 2680 Ἔτυχον
2839 2611 2896 2664 δέ
2927 2612 3023 2664 καὶ
3044 2612 3107 2662 ἐκ
3141 2610 3254 2662 τῶν
3293 2606 3510 2660 Ἐνετῶν
3539 2599 3720 2670 τριήρεις

2241 2704 2543 2775 ἐμπορικαὶ
2602 2704 2840 2772 μεγάλαι
2898 2705 3071 2774 τρεῖς.
3128 2703 3198 2765 ἃς
3237 2703 3288 2754 οἱ
3337 2699 3512 2753 Ἰταλοὶ
3555 2691 3719 2748 alarias:

2240 2797 2483 2868 γρόσσας
2507 2793 2638 2864 γαλέ
2648 2811 2747 2865 ρας
2779 2794 2969 2848 καλεῖν
3001 2794 3033 2864 ἢ
3063 2794 3266 2862 μᾶλλον
3289 2793 3455 2846 εἰπεῖν
3472 2784 3719 2856 γαλεάτζας.

2242 2888 2337 2941 καὶ
2363 2888 2548 2958 ἕτεραι
2578 2888 2823 2957 τριήρεις
2858 2886 3072 2955 ταχεῖαι
3102 2885 3240 2954 πρὸς
3285 2881 3502 2953 φύλαξιν
3523 2877 3597 2932 καὶ
3621 2877 3719 2937 61m-

2244 2981 2429 3050 ρεσίαν
2459 2978 2567 3031 τῶν
2591 2977 2910 3046 ἐμπορικῶν
2934 2977 3289 3044 τεταγμέναι.
3329 2973 3432 3029 Καὶ
3459 2963 3720 3038 προσέταξεν

559 3070 665 3132 ἓως
697 3078 793 3139 της
818 3071 992 3139 πύλης
1012 3071 1109 3138 τῆς
1143 3068 1372 3138 Ξυλίνης
1394 3070 1504 3122 τῶν
1535 3071 1714 3123 ἀκτῶν
1743 3071 1836 3123 τοῦ
1866 3073 2134 3140 Κερατίου
2239 3074 2269 3124 6
2306 3070 2559 3140 βασιλεὺς
2589 3069 2676 3120 ἵνα
2707 3067 2802 3120 καὶ
2832 3067 2992 3120 αὐταὶ
3017 3065 3446 3135 ἐναπομείνωσιν
3465 3061 3536 3122 είς
3563 3053 3720 3120 συνδρη·

563 3165 788 3219 κόλπου.
821 3166 936 3218 Καὶ
962 3166 990 3218 6
1016 3166 1239 3233 ἀμηρᾶς
1269 3165 1701 3233 περιεκυκλούτο
1745 3167 1994 3237 ὀρυκτοῖς
2035 3185 2134 3236 χα-
2161 3196 2203 3251 c
2247 3162 2352 3230 μὴν
2380 3163 2480 3231 τῆς
2509 3159 2742 3223 πόλεως.
2775 3160 2886 3251 Καὶ
2915 3157 3061 3251 οὕτω
3090 3157 3160 3210 τὰ
3207 3158 3326 3251 ’τοῖς⁸
3349 3154 3546 3251 λιμένος
3576 3141 3720 3251 tilio-Vi

564 3254 856 3325 ρακὼμασι
887 3256 981 3311 καὶ
1013 3230 1244 3320 ξυλίνοις
1268 3230 1791 3326 περισταυρώμασιξ
1815 3259 1906 3310 καὶ
1933 3230 2130 3320 ἔξωθεν
2161 3230 2203 3251 υ
2240 3270 2400 3323 μητο,
2435 3230 2500 3304 ἐκ
2533 3251 2591 3305 δὲ
2621 3253 2721 3319 τῆς
2762 3250 2958 3321 χέρσου
3007 3249 3250 3320 ἔστησαν
3276 3250 3325 3300 oi
3375 3241 3580 3300 ἐναντίοι
3604 3230 3721 3306 239

633 3432 712 3487 Ac
741 3448 828 3488 res
856 3433 1329 3501 Pel0ponuesiacae
1352 3434 1570 3503 quidem
1607 3435 1741 3489 tales
1763 3434 2001 3489 luerunt.
2032 3435 2133 3490 Ve-

562 3537 620 3577 re
651 3532 832 3578 autem
867 3523 1177 3593 ingruente,
1216 3539 1430 3580 amcras
1460 3541 1586 3578 cum
1624 3526 1825 3590 classe,
1855 3540 2018 3594 quam
2045 3526 2131 3580 in-

557 3625 826 3670 structam
858 3615 1111 3678 habebat.
1153 3626 1438 3686 postquam
1469 3618 1743 3686 expedivit
1782 3618 2047 3687 lielcpnles
2075 3626 2130 3673 et

563 3707 923 3762 beleboliscos
950 3708 1223 3777 aliasque,
1261 3725 1398 3777 quas
1446 3719 1756 3777 paraverat,
1821 3709 2126 3773 machinas,

554 3799 1062 3870 Charatehpasiane
1091 3816 1212 3855 cum
1277 3803 1521 3855 exercitu
1559 3803 1842 3870 prremisso
1865 3843 1878 3866 ,
1911 3802 2129 3856 advenit

560 3891 860 3960 urbemque
896 3892 1180 3947 obsidione
1205 3893 1407 3960 pressit
1439 3909 1452 3945 :
1478 3899 1602 3945 ante
1631 3901 1810 3947 tamen
1835 3903 2012 3948 turres
2029 3909 2127 3948 ex-

561 3995 640 4038 tra
670 3985 855 4038 urbem
893 3984 946 4038 in
981 3983 1126 4054 agris
1163 3985 1408 4053 vicisque
1435 3985 1588 4044 sitas.
1615 3985 1667 4038 in
1696 4000 1833 4054 quas
1880 3985 2126 4039 nonnulli

557 4085 779 4147 propter
795 4077 1134 4147 repentinam
1163 4077 1405 4132 hostium
1429 4076 1793 4145 irruptionem
1828 4093 1886 4130 se
1905 4093 2128 4145 recepe‘

561 4177 701 4234 rant,
735 4178 1074 4239 expugnatas
1101 4170 1321 4225 evertit.
1349 4167 1550 4224 [lorum
1579 4171 1860 4237 partemin
1890 4170 2126 4225 servitu-

558 4271 667 4315 tem
697 4262 912 4331 redigit,
937 4269 1144 4330 partem
1177 4271 1324 4330 peste
1346 4271 1400 4316 et
1430 4263 1554 4316 aliis
1581 4262 1947 4318 incommodis
1991 4278 2127 4316 con-

561 4353 711 4418 l'ecit,
739 4368 803 4408 ac
827 4369 936 4408 non
965 4353 1122 4422 pauci
1149 4352 1450 4408 Christiani
1485 4353 1686 4420 captivi
1707 4352 1832 4407 facti
1860 4351 2129 4407 sunt.Bes

563 4441 633 4495 ad
664 4442 863 4496 bellum
890 4443 1214 4496 necessariae
1244 4449 1298 4494 et
1333 4441 1491 4495 utiles
1521 4455 1645 4493 cum
1679 4440 1950 4494 machinis
1987 4441 2128 4494 inte-

2232 3447 2428 3487 amera:
2459 3447 2580 3485 cum
2601 3431 2845 3486 exercitu
2865 3429 2968 3484 sibi
3011 3430 3308 3484 commisso
3337 3437 3492 3495 supra
3534 3417 3718 3474 Galam

2231 3537 2413 3581 castra
2444 3524 2644 3593 posuit.
2671 3523 2870 3578 Eodem
2885 3523 2972 3578 die
2995 3536 3122 3590 pars
3135 3521 3330 3577 classis
3349 3514 3544 3573 advenit
3561 3518 3606 3564 et
3631 3517 3722 3576 pro-

2231 3634 2298 3688 pe
2333 3617 2518 3672 urbem
2557 3617 2621 3669 ad
2647 3615 2803 3671 littus
2825 3615 2993 3670 maris
3021 3614 3248 3684 appulit.
3288 3612 3447 3666 Erant
3465 3603 3722 3662 triremeset

2231 3711 2522 3765 dromones
2543 3708 2761 3763 circiter
2789 3707 3031 3778 triginta.
3059 3721 3230 3762 naves
3255 3706 3486 3760 minores
3511 3705 3659 3752 autem

2232 3800 2505 3855 uniremes
2536 3809 2755 3854 centum
2784 3808 2841 3854 et
2872 3799 3114 3868 triginta.
3147 3795 3226 3852 Ita
3256 3796 3321 3852 ad
3353 3793 3523 3850 urbem
3568 3778 3722 3840 accedi!

2229 3891 2547 3959 obsidetquc
2575 3905 2692 3945 eam
2723 3890 2871 3946 omni
2903 3890 3060 3945 modo
3085 3889 3382 3957 omnisque
3409 3879 3597 3952 generis
3633 3885 3718 3926 ml'

2229 3983 2427 4044 chinis.
2459 3992 2604 4038 terra
2626 3981 2871 4050 mar-ique
2907 3996 2998 4050 per
3027 3979 3330 4036 octodecim
3350 3970 3626 4031 milliarium
3641 3976 3722 4017 am-

2221 4077 2401 4130 bitum
2439 4074 2726 4130 inclusam.
2759 4070 3053 4142 Imperator
3095 4067 3582 4142 ponderosissimam
3616 4060 3722 4109 ωιε·

2233 4182 2352 4221 nam
2373 4166 2605 4221 ferream
2630 4165 2712 4220 ori
2734 4174 2920 4234 portus
2936 4165 3193 4233 praetendi
3210 4163 3392 4233 jussit,
3410 4170 3508 4228 qua
3527 4154 3720 4207 accessus

2231 4256 2447 4310 navium
2481 4254 2761 4310 hostilium
2788 4263 3069 4309 arceretur
3097 4270 3112 4319 ;
3148 4253 3288 4308 intra
3317 4263 3431 4306 eam
3452 4255 3609 4300 naves.
3629 4242 3717 4302 ‘1“

2232 4345 2367 4400 forte
2419 4345 2643 4399 aderant
2674 4381 2692 4408 ,
2747 4344 3157 4400 collocabantur
3211 4348 3280 4399 ad
3327 4337 3539 4396 validius
3583 4325 3721 4384 delen-

2230 4434 2465 4488 dendum
2489 4435 2760 4490 aditumet
2801 4435 3038 4504 impetus
3075 4434 3313 4491 hostium
3370 4414 3715 4499 propulsanda.

561 4533 665 4586 rim
697 4548 890 4602 magno
916 4546 1145 4586 numero
1170 4532 1581 4586 advehebantur
1615 4549 1628 4586 :
1664 4531 1716 4584 in
1743 4532 1826 4586 his
1856 4532 2129 4600 helepolcs
2161 4536 2204 4590 ι)
2235 4527 2399 4582 Erant
2434 4543 2598 4583 naves
2641 4528 2722 4582 ha:
2771 4544 2786 4579 :
2829 4541 2860 4582 e
2909 4527 3126 4596 Liguria
3171 4535 3300 4588 tres,
3333 4539 3395 4576 ex
3443 4514 3595 4572 Iberia
3635 4505 3719 4561 Si"

565 4624 870 4693 permultae,
914 4637 1146 4692 quarum
1181 4621 1455 4677 nonnullae
1479 4628 1642 4691 tantae
1660 4631 1814 4675 erant
1859 4623 2127 4691 magnitu-

556 4718 726 4782 dinis,
761 4724 818 4769 ut
845 4713 1074 4784 singulae
1093 4729 1120 4766 a
1149 4711 1508 4782 quadraginta
1531 4712 2014 4782 velquinquaginta
2039 4713 2128 4782 ju-

559 4807 642 4873 gis
687 4806 850 4859 boum
872 4813 1034 4872 atque
1055 4802 1340 4858 hominum
1365 4802 1486 4870 plus
1503 4801 1716 4856 duobus
1739 4801 2126 4857 milliltustrabi

557 4911 668 4951 non
695 4904 935 4966 possent.
966 4893 1217 4950 Secundo
1240 4891 1439 4962 Aprilis
1457 4891 1574 4961 ipse
1593 4907 1807 4949 amcras
1827 4893 1978 4948 all‘uit
2003 4908 2126 4947 cum

558 4990 730 5057 copiis
754 4987 1096 5058 equestribus
1126 4998 1183 5041 et
1211 4984 1559 5055 pedestribus
1581 4985 1973 5045 innumeris.et
2011 4994 2128 5039 ten-

556 5081 758 5135 torium
791 5095 856 5134 ex
887 5079 1118 5134 adverso
1148 5088 1318 5148 porta:
1339 5079 1515 5132 sancti
1548 5079 1777 5132 Romani
1813 5078 1948 5141 lixit,
1968 5088 2129 5146 atque

556 5171 834 5225 exercitus
867 5179 925 5223 ut
951 5185 1117 5225 arena
1141 5169 1309 5223 maris
1328 5169 1393 5224 ad
1421 5168 1786 5224 Hexamilium
1813 5184 1906 5238 per
1926 5179 2126 5223 terram

555 5265 626 5318 ab
651 5277 760 5315 uno
793 5263 929 5316 mari
966 5262 1031 5316 ad
1060 5262 1292 5317 alterum
1325 5262 1794 5332 pertinuit,’atque
1847 5261 2128 5316 orientalis

557 5353 778 5423 quidem
812 5367 937 5421 pars
958 5367 988 5406 a
1019 5353 1207 5407 dextra
1231 5368 1427 5408 amerae
1450 5367 1623 5422 usque
1649 5353 1714 5406 ad
1741 5362 1972 5420 portam,
2009 5367 2130 5421 qua:

558 5455 642 5498 est
673 5444 726 5497 in
759 5445 958 5509 littore,
992 5459 1212 5498 auream
1244 5454 1629 5500 castrametata
1671 5454 1774 5506 est,
1800 5443 2058 5514 Europaeo
2099 5461 2128 5498 a

560 5538 785 5592 sinistra
818 5551 994 5606 usque
1016 5537 1083 5590 ad
1113 5537 1348 5606 ligneam
1376 5547 1588 5607 portam
1623 5538 1678 5592 in
1701 5536 1857 5592 sinus
1882 5536 2125 5591 Ceratiui

560 5634 742 5689 littore
771 5634 953 5709 sitam,
985 5631 1116 5687 Erat
1145 5648 1358 5688 amcras
1394 5635 1536 5690 vallo
1577 5645 1634 5689 et
1691 5633 1838 5689 fossa
1881 5632 2131 5702 paliSque

558 5725 793 5788 cinctus,
815 5733 872 5780 et
895 5735 1048 5779 extra
1080 5725 1283 5781 vallum
1317 5727 1533 5781 stabant
1554 5726 1848 5796 jannitzari
1881 5740 2005 5780 cum
2047 5739 2132 5779 re-

557 5818 722 5887 liquis
743 5816 930 5890 palatii
979 5817 1319 5889 proceribus.
1367 5819 1552 5876 Pasias
1607 5828 1814 5885 autem,
1859 5826 2128 5891 cogitatus

2229 4616 2452 4672 Castilia
2498 4633 2638 4680 una,
2671 4635 2701 4671 e
2742 4617 3025 4672 Provincia
3073 4616 3235 4672 Galli.
3267 4653 3281 4670 .
3303 4653 3350 4678 .,
3374 4627 3402 4667 e
3447 4604 3588 4665 Creta
3619 4607 3716 4657 ιτα,

2229 4724 2295 4764 ex
2346 4709 2498 4769 urbe,
2527 4712 2612 4762 cui
2637 4707 2899 4762 Cbandax
2919 4724 3137 4772 nomen,
3181 4723 3311 4772 una,
3358 4695 3713 4773 Cydoniauu‘lﬂl

2230 4804 2369 4868 duae,
2432 4816 2624 4856 omnes
2645 4801 2709 4854 ad
2742 4816 2976 4870 pugnam
3008 4799 3174 4869 probe
3222 4801 3502 4856 instructae.
3535 4781 3718 4870 Aderit!"

2213 4903 2485 4964 praeterea
2515 4893 2841 4948 Venetorum
2884 4907 3094 4960 magna:
3150 4891 3394 4948 triremes
3444 4869 3717 4964 mercatoria!

2231 4962 2362 5054 tres,
2399 5002 2536 5056 quas
2565 4985 2683 5040 Itali
2709 5000 2930 5056 magnas
2973 4985 3202 5054 galeras,
3260 4984 3370 5040 sive
3411 4975 3570 5049 ponus
3609 4962 3716 5056 ρκ’

2230 5090 2380 5135 atzas
2415 5055 2693 5147 appellare
2746 5055 2970 5142 solent,
3026 5087 3081 5131 et
3121 5077 3243 5131 alim
3289 5073 3520 5129 triremes
3555 5055 3716 5112 veloces

2231 5176 2297 5229 ad
2351 5171 2656 5227 custodiam
2717 5179 2770 5224 et
2843 5170 3064 5224 tutelam
3115 5167 3369 5224 mercium
3416 5150 3711 5234 constitutast

2231 5281 2368 5335 quas
2418 5272 2474 5318 et
2514 5262 2663 5332 ipsas
2713 5260 3011 5328 imperator
3058 5260 3123 5315 ad
3177 5248 3574 5314 succurrendum

2233 5331 2454 5412 manere
2510 5331 2700 5424 jussit.
2761 5352 2878 5407 Hoc
2900 5353 3064 5407 modo
3100 5352 3264 5422 igitur
3292 5342 3457 5419 portui
3500 5331 3713 5405 ρωνίευω

2231 5460 2333 5504 est.
2365 5449 2423 5502 ln
2463 5458 2608 5502 terra
2640 5447 2825 5500 hostes
2849 5460 3100 5514 magnam
3125 5444 3270 5498 illam
3329 5428 3603 5500 helepolim.
3645 5426 3713 5468 ου’

2229 5545 2318 5611 jus
2369 5554 2433 5594 os
2458 5538 2676 5609 patebat
2723 5537 3026 5606 spithamas
3071 5534 3372 5594 duodecim,
3399 5534 3450 5581 et
3479 5516 3718 5611 aliascot'f'

2233 5594 2415 5701 plures
2434 5594 2682 5703 spectatu
2709 5594 2904 5697 dignas
2933 5629 3278 5684 collocarunt
3310 5639 3325 5687 ;
3353 5634 3412 5676 ac
3445 5615 3585 5703 [ossa

2235 5690 2337 5778 tari
2371 5690 2483 5778 alta
2505 5723 2664 5776 ducta
2693 5690 2944 5789 palisque
2965 5732 3203 5789 superne
3230 5711 3446 5772 munita.
3461 5690 3716 5791 iawl‘bfé:

2234 5827 2342 5880 tur,
2365 5824 2419 5870 et
2451 5813 2652 5870 mania
2695 5787 2870 5867 urbis
2909 5787 3048 5867 locis
3091 5799 3488 5880 quatuordecim
3530 5787 3718 5862 graviter
