3976 6566
559 376 665 440 8‘39

1742 381 2069 443 GEORGII
2110 384 2212 444 PH
2221 382 2541 444 ΒΑΝΤΖᾸζ

3642 389 3718 452 8ιο

561 489 633 543 τὰ
685 486 777 540 τοῦ
818 487 1120 556 καταλόγου
1178 490 1504 562 κατάστιχα,
1553 493 1647 545 καὶ
1699 494 1924 549 κάθισον
1954 498 2012 548 ἐν
2058 496 2135 566 τῷ
2163 501 2206 557 Δ
2237 496 2484 566 μηχανὰς
2514 495 2607 548 καὶ
2631 495 2826 567 τέχνας
2855 493 3049 556 καινὰς
3073 492 3452 563 εὕρισκον,καὶ
3473 496 3582 560 τοὺς
3605 501 3720 555 ἐναν-

565 579 702 648 οῖκῳ
744 595 862 632 σου.
888 580 1144 649 Ψήφισον
1196 583 1440 652 ἀκριϐῶς
1491 583 1646 638 πόσοι
1678 588 1773 639 καὶ
1815 587 1866 639 τί
1897 589 1965 640 τὰ
1993 589 2132 642 ὅπλα

566 671 664 723 καὶ
707 669 933 733 ἀσπίδες
965 671 1061 726 καὶ
1105 673 1235 737 τόξα
1268 674 1362 727 καὶ
1409 675 1713 731 ἐλεϐολικά.
1753 695 1770 728 ι
1811 678 2133 740 Ἐκτελέσας

566 758 661 816 οὖν
687 762 799 830 ἐγὼ
825 762 884 816 τδ
909 763 1061 831 παρὰ
1086 764 1181 817 τοῦ
1216 765 1482 834 βασιλέως
1515 771 1859 840 προσταχθέν
1905 789 1995 841 μοι
2028 791 2134 826 παι

569 853 812 924 ρέστησα
839 855 916 924 τῷ
947 856 1180 928 αὐθέντῃ
1211 874 1315 927 μου
1351 860 1445 912 καὶ
1483 860 1697 930 βασιλεί
1726 863 1787 914 τὸ
1817 864 2136 934 καταστιχίο

509 999 514 1003 ,
568 947 682 998 διον
713 948 850 1013 μετὰ
892 947 1070 1018 λύπης
1116 951 1214 1002 καὶ
1262 950 1722 1022 σκυθρωπότητος
1779 955 2009 1023 πολλῆς
2043 957 2137 1008 καὶ

568 1037 754 1106 ἔμεινε
798 1039 962 1106 μόνον
997 1040 1381 1110 ἐναπόκρυφος
1426 1044 1631 1112 μεταξὺ
1675 1046 1840 1099 αὑτοῦ
1870 1048 1964 1100 καὶ
2003 1048 2136 1117 ἐμοῦ

566 1131 599 1198 ή
636 1129 896 1196 ποσότης.
936 1131 1082 1200 Πλὴν
1121 1127 1263 1201 ἦσαν
1304 1132 1396 1186 καί
1423 1151 1569 1198 τινες
1602 1135 1773 1204 ὀλίγοι
1811 1138 1952 1191 πάνυ
1989 1138 2050 1191 ἐκ
2077 1155 2137 1192 τε

565 1220 678 1273 τῶν
706 1221 985 1291 ἀρχόντων
1027 1224 1125 1276 καὶ
1155 1223 1332 1294 δήμου
1375 1226 1808 1292 ἁνωφελέστατοι
1842 1230 1937 1282 καὶ
1973 1231 2140 1283 δειλο-

569 1314 808 1382 κάρδιοι,
844 1313 894 1366 οῖ
925 1315 1011 1368 διὰ
1049 1315 1142 1369 τὸν
1177 1316 1346 1384 φόϐον
1365 1317 1462 1370 τοῦ
1485 1319 1726 1388 πολέμου
1765 1321 1855 1374 καὶ
1888 1323 1996 1375 τῶν
2021 1322 2140 1376 ἑτέ-

573 1421 681 1474 ρων
711 1407 974 1459 ἐναντίων
1033 1410 1256 1462 πανοικὶ
1305 1409 1414 1479 πρὸ
1453 1409 1651 1479 καιροῦ
1699 1413 1764 1464 ἐκ
1799 1414 1899 1482 τῆς
1933 1412 2141 1478 πόλεως

568 1496 816 1564 ἔρυγονο
875 1495 950 1559 ὡς
983 1496 1041 1549 δὲ
1101 1496 1261 1549 τοῦτο
1309 1499 1368 1549 ἐν
1409 1501 1521 1562 τοῖς
1560 1500 1666 1553 ὠσὶ
1718 1500 1813 1554 τοῦ
1881 1501 2142 1571 βασιλέως

569 1589 794 1660 ἐρρέθη,
860 1587 1128 1652 στενάξας
1189 1590 1253 1641 ἐκ
1309 1590 1540 1658 καρδίας
1592 1594 1688 1645 καὶ
1741 1593 1894 1646 οὐδὲν
1954 1594 2142 1666 ἕτερον

571 1679 850 1750 ἐποίησεν.
893 1679 1142 1749 ’Υπῆρχε
1178 1679 1236 1732 δέ
1265 1697 1346 1743 τις
1378 1683 1440 1733 ἐκ
1473 1684 1572 1748 τῆς
1611 1684 1910 1753 Λιγουρίας
1935 1686 1992 1738 ἐν
2024 1687 2143 1748 ταῖς

570 1773 664 1825 δύο
687 1773 869 1833 ναυσὶ,
909 1771 966 1831 ὃς
1003 1767 1072 1842 ἦν
1122 1771 1403 1840 ναυάρχης
1437 1773 1531 1824 καὶ
1561 1772 1780 1842 Κύριος,
1828 1776 1967 1848 ἀνὴρ
1997 1777 2139 1829 πάνυ

2234 587 2386 649 τίους
2419 586 2520 640 οὐκ
2570 586 2751 654 ὀλίγον
2805 585 3094 638 ἔϐλαπτον.
3126 585 3193 638 Δί
3231 585 3287 637 δὲ
3317 586 3496 656 τέχναι
3547 596 3720 661 μερικαὶ

2235 677 2336 730 οὒκ
2396 679 2453 741 ἐς
2501 678 2711 748 μάκρος
2758 678 3086 747 ἐστήκεισαν
3139 677 3228 730 διὰ
3257 677 3319 729 τὸ
3364 679 3434 748 μὴ
3462 679 3587 748 ἐχειν
3609 683 3721 750 ἡμᾶς

2233 767 2462 830 τελείως
2491 769 2674 822 ἄνεσιν
2704 769 2799 821 καὶ
2831 771 2898 822 τά
2928 768 3025 837 τῆς
3061 768 3238 837 μάχης
3268 768 3363 821 καὶ
3393 768 3482 822 τοῦ
3521 771 3722 827 ἀποκλειι

2237 858 2378 928 σμοῦ
2413 859 2718 928 ἐπιτήδεια.
2775 857 3123 920 Χαλάσαντες
3168 857 3229 910 δέ
3285 857 3343 911 ἐν
3368 875 3474 912 τισι
3499 859 3653 923 τόποις
3675 864 3725 916 τὰ

2235 949 2388 1020 τείχη
2419 951 2556 1019 μετὰ
2585 949 2877 1003 ὲλεϐόλεων
2899 950 2994 1003 καὶ
3021 967 3093 1002 πυ
3103 949 3328 1019 ριϐόλων
3354 953 3722 1022 μηχανημάτων,

2237 1037 2357 1094 εἶτα
2391 1042 2644 1105 θέλοντες
2702 1043 2907 1112 πλῆσαι
2971 1042 3097 1104 τοὺς
3145 1042 3392 1112 τάφρους
3445 1043 3526 1096 ίνα
3579 1046 3726 1114 ῥᾳδίως

2242 1134 2544 1203 ποιήσωσιν
2582 1133 2682 1203 τὴν
2734 1133 2939 1186 εἴσοδον
2992 1131 3086 1185 καὶ
3137 1131 3226 1186 διὰ
3281 1133 3389 1185 τῶν
3429 1134 3729 1203 χαλασμάτων

2240 1222 2576 1286 εἰσέλθωσιν,
2602 1222 3033 1292 ἀκροϐολισμοὺς
3066 1223 3124 1275 ἐν
3147 1221 3384 1291 πρώτοις
3409 1223 3638 1290 ἐποίησαν
3663 1226 3730 1275 καὶ

2242 1313 2558 1384 συρῤάξεις,
2595 1315 2760 1384 μέσον
2805 1314 2862 1368 δὲ
2895 1315 3117 1369 ἐκείνων
3143 1313 3310 1384 ἕτερα
3343 1314 3557 1383 χώματα
3585 1317 3632 1368 ὲν
3654 1321 3732 1379 τυῖς

2243 1405 2470 1475 τάφροις
2501 1405 2765 1477 ἔρριπτον
2793 1407 2892 1459 καὶ
2918 1406 3149 1470 κλάδους
3187 1407 3422 1478 δένδρων
3463 1407 3546 1461 καὶ
3587 1409 3730 1476 ἐτέρας

2244 1496 2397 1563 ὕλας,
2435 1497 2580 1560 τινές
2611 1496 2668 1550 δέ
2697 1498 2761 1550 ἐκ
2793 1497 2894 1567 τῆς
2939 1497 3062 1567 βίας
3108 1496 3203 1550 καὶ
3244 1497 3344 1560 τὰς
3374 1498 3561 1566 σκηνὰς
3582 1499 3731 1549 αὐτῶν.

2245 1589 2354 1643 Καὶ
2382 1587 2451 1660 ἦν
2495 1589 2623 1642 ἰδεῖν
2657 1589 2865 1658 θέαμα,
2895 1589 2978 1643 ὅτι
3015 1592 3107 1642 καὶ
3141 1587 3330 1641 πολλοὶ
3362 1588 3417 1654 ἐξ
3449 1587 3606 1640 αὐτῶν
3624 1589 3672 1642 ἐκ
3692 1606 3732 1640 τι

2243 1677 2340 1730 τοῦ
2390 1680 2632 1748 πλήθους
2681 1679 2778 1732 καὶ
2823 1678 2923 1747 τῆς
2973 1677 3339 1748 στενοχωρίας
3387 1678 3453 1746 ήν
3501 1672 3626 1745 εἶχον
3651 1678 3735 1728 ἐκι-

2245 1784 2400 1820 πτον·
2426 1769 2518 1822 καὶ
2537 1770 2586 1822 oi
2609 1770 2895 1838 ἐρχόμενοι
2915 1767 3144 1821 ὄπισθεν
3164 1765 3409 1837 ἀνηλεῶς
3437 1766 3672 1836 ῥίπτοντες
3687 1769 3734 1819 τὰ

571 1861 769 1927 δεξιὸς,
805 1861 1049 1932 ἀνδρεῖος
1082 1863 1176 1914 καὶ
1225 1862 1554 1929 ἐπιτήδειος,
1603 1863 1841 1932 τοῦνομα
1887 1866 2142 1933 Ἰωάννης
2173 1851 2214 1906 Β
2248 1857 2407 1928 243
2439 1857 2568 1922 ξύλα
2610 1859 2702 1911 καὶ
2729 1858 2961 1928 χώματα
3004 1858 3205 1920 αὐτοὺς
3236 1857 3468 1926 οἰκτρῶς
3500 1857 3734 1919 ἐσκέπαζον

585 1953 983 2017 Ἰουστινιανδς,
1015 1953 1074 2015 ὃς
1097 1953 1361 2021 γεννάδας
1389 1952 1523 2023 εἶχε.
1571 1955 1804 2025 Θεωρῶν
1841 1956 1898 2010 δὲ
1927 1958 2088 2011 αὑτὸν
2116 1961 2144 2012 δ

577 2045 834 2116 βασιλεὺς
861 2048 938 2109 εἰς
974 2047 1042 2099 τὰ
1073 2046 1256 2111 πάντα
1301 2046 1477 2112 δεξιὸν
1521 2046 1804 2117 δήμαρχον
1857 2049 2019 2102 αὐτὸν
2049 2052 2147 2103 καὶ

547 2136 896 2206 ’στρατηγὸν
919 2137 1014 2188 ἐπὶ
1056 2137 1408 2205 τριακοσίους
1455 2136 1656 2206 ἄνδρας
1704 2140 2040 2209 προσέταξεν
2070 2137 2148 2192 εἵ-

576 2247 688 2291 ναι,
734 2229 833 2280 καὶ
868 2229 1202 2297 προϐλέπειν
1230 2229 1326 2281 καὶ
1378 2228 1604 2281 διοικεῖν
1648 2230 1812 2283 αὑτὸν
1853 2232 1932 2292 είς
1983 2231 2151 2301 ἐτερά

578 2319 739 2390 252
776 2337 896 2372 τινα
937 2322 1209 2387 ἀναγκαῖα
1238 2319 1332 2372 τοῦ
1385 2320 1628 2388 πολέμου
1661 2321 1916 2386 ἐξουσίαν
1957 2323 2146 2385 ἑδωσε,

521 2411 531 2420 ’
579 2411 868 2484 θαρρήσας
917 2412 1166 2480 μεγάλως
1199 2414 1278 2474 είς
1327 2412 1490 2466 αὐτόν
1520 2429 1534 2446 ·
1557 2413 1617 2476 ὃς
1656 2413 1850 2478 ὅντως·
1871 2416 1967 2468 καὶ
1997 2417 2056 2470 ἐν
2084 2418 2150 2486 τῇ

579 2505 721 2573 ἀρχῇ
749 2503 888 2571 ἔργα
919 2501 1044 2566 ἀξια
1079 2503 1300 2572 μνήμης
1338 2503 1592 2573 ἐποίησε.

662 2592 750 2656 Ὠς
783 2592 840 2644 δὲ
866 2593 894 2644 δ
922 2592 1146 2662 άμηρᾶς
1189 2591 1288 2660 τὴν
1333 2592 1716 2662 κεκλασμένην
1756 2594 1996 2648 ἐλεϐόλιν
2044 2614 2149 2650 τα·

579 2681 722 2751 χέως
757 2682 924 2735 πάλιν
954 2682 1082 2751 ὑγιῆ
1113 2682 1206 2736 καὶ
1233 2681 1379 2735 σώαν
1406 2677 1684 2754 ἐποίησενς
1708 2685 1924 2756 ἡμέρας
1966 2704 2024 2739 τε
2056 2689 2151 2741 καὶ

582 2774 776 2836 νυκτὸς
806 2775 942 2843 μετὰ
973 2773 1094 2841 βίας
1123 2776 1236 2837 τοῖς
1267 2774 1504 2844 τείχεσιν
1537 2777 1768 2831 ἔτυπτον
1800 2783 1892 2830 καὶ
1923 2779 2154 2849 θόρυϐον

583 2865 754 2918 πολὺν
798 2867 857 2916 ἐν
891 2867 1024 2935 ήμῖν
1059 2866 1277 2918 ἐποίουν
1311 2867 1448 2935 μετά
1486 2867 1667 2937 πάσης
1711 2873 1958 2938 μηχανῆς
1991 2871 2154 2923 πολεο·

588 2957 778 3026 μικῆς,
833 2957 1268 3028 ἀκροϐολισμοὺς
1317 2959 1412 3012 καὶ
1466 2960 1760 3030 cuppae“;
1789 2964 1886 3015 καὶ
1917 2962 2158 3032 συμπλο-

587 3049 689 3113 κὰς
747 3049 1128 3119 ίσχυροτάταςο
1177 3048 1272 3100 καὶ
1328 3045 1399 3120 ἦν
1439 3051 1716 3114 πολυειδὲς
1757 3051 1818 3105 τὸ
1867 3055 2053 3108 κακόν.
2093 3055 2155 3106 Οί

586 3140 644 3192 δὲ
681 3142 940 3209 ήμετέροι
983 3140 1104 3194 καθ’
1136 3140 1374 3210 ἐκάστην
1403 3141 1612 3210 ἡμέραν
1641 3142 1738 3205 τὰς
1773 3145 2020 3214 μηχανὰς
2055 3146 2156 3208 τὰς
2184 3181 2226 3238 c

587 3231 893 3301 πολεμικάς
929 3231 1295 3300 μανθάνοντες
1338 3233 1433 3284 καλ⁸
1463 3233 1561 3296 τὰς
1595 3233 1704 3287 τῶν
1733 3235 1990 3288 ἐναντίων
2021 3236 2155 3290 θεω-

589 3322 854 3394 ροῦντες,
909 3323 1090 3375 πᾶσαν
1143 3322 1348 3376 δειλίαν
1406 3325 1503 3376 καὶ·
1554 3325 1718 3392 φόϐον
1747 3326 2006 3391 ἐάσαντες
2058 3329 2154 3382 καὶ

591 3498 911 3570 imperatori
927 3512 1033 3553 non
1060 3498 1178 3553 sine
1196 3497 1383 3554 dolore
1401 3506 1455 3553 et
1481 3501 1736 3579 maestitia
1757 3503 1977 3569 tradidi,
2002 3519 2156 3560 man-

590 3595 771 3663 sitque
809 3601 1005 3661 praeter
1032 3605 1132 3646 nos
1161 3591 1298 3647 duos
1334 3592 1559 3662 reliquis
1585 3596 1835 3651 occultus
1867 3611 2154 3652 numerus.

585 3685 858 3741 Caeterum
885 3683 1152 3749 nonnulli,
1188 3684 1280 3738 sed
1310 3684 1564 3753 perpauci
1617 3685 1717 3750 illi,
1759 3686 1826 3741 de
1878 3687 2158 3743 nobilitate

587 3787 642 3833 et
673 3778 826 3848 plebe
848 3777 1099 3832 homines
1139 3791 1374 3846 nequam
1399 3787 1453 3832 et
1484 3777 1732 3835 imbelles
1781 3780 1980 3836 timore
2032 3780 2156 3836 belli

591 3869 1080 3937 calamitatumqne
1112 3883 1236 3923 cum
1267 3871 1398 3925 totis
1426 3869 1650 3926 familiis
1676 3881 1802 3926 ante
1828 3882 2044 3942 tempus
2091 3888 2156 3928 ex

591 3963 724 4017 urbe
754 3959 1010 4030 fugerunt
1041 3977 1055 4016 :
1084 3959 1228 4029 quod
1257 3961 1347 4014 ubi
1379 3962 1446 4013 ad
1477 3975 1638 4016 aures
1667 3964 2161 4033 pervenitimpera-

591 4053 755 4118 toris,
794 4053 931 4106 nihil
959 4052 1105 4107 aliud
1133 4067 1296 4122 quam
1327 4052 1398 4106 ab
1455 4052 1567 4107 imo
1621 4064 1843 4122 pectore
1897 4055 2157 4124 gemitum

591 4146 768 4199 duxit.
807 4145 934 4198 Erat
960 4153 1141 4199 autem
1169 4145 1222 4198 in
1252 4142 1674 4214 Lignsticisillis
1695 4145 1905 4200 duabus
1931 4146 2163 4202 naribus

591 4239 832 4307 ipsarum
868 4233 1155 4304 praefectus
1183 4244 1237 4289 et
1263 4235 1542 4300 dominus,
1570 4235 1653 4289 vir
1683 4237 1907 4304 nobilis,
1933 4241 2156 4295 dexter-

592 4327 787 4390 rimus,
821 4334 1102 4389 strenuus,
1147 4325 1489 4389 commodus,
1513 4325 1751 4381 Joannes
1802 4327 2162 4394 Justinianns,

595 4418 834 4472 nomine.
869 4417 1039 4482 Quem
1072 4431 1197 4470 cum
1229 4417 1525 4486 imperator
1548 4417 1614 4472 ad
1642 4417 1822 4472 omnia
1865 4435 1988 4474 esse
2048 4421 2163 4476 ido-

599 4607 972 4654 trecentorum
997 4596 1229 4651 militum
1268 4596 1503 4652 instituit
1548 4598 1832 4670 eidemque
1884 4601 1987 4656 alia
2017 4619 2167 4672 qna:-

595 4691 718 4744 dem
748 4687 871 4743 belli
902 4703 1129 4744 munera
1159 4687 1592 4744 administranda
1617 4693 1925 4754 commisit,
1968 4694 2168 4746 virtute

547 4807 558 4818 -
593 4781 714 4850 ejus
747 4795 1077 4850 magnopere
1108 4780 1262 4836 nisus
1294 4798 1310 4835 :
1343 4781 1435 4850 qni
1462 4797 1650 4837 rerera
1697 4785 1750 4837 in
1798 4785 1898 4838 hac
1945 4785 2167 4853 praefec-

596 4885 718 4930 tura
753 4890 852 4929 sua
880 4874 1118 4928 facinora
1151 4875 1408 4929 memoria
1441 4875 1602 4946 digna
1641 4878 1896 4945 patravit.

667 4971 896 5020 Amcras
927 4976 1212 5036 postquam
1231 4965 1528 5020 diﬂ‘ractam
1551 4967 1838 5036 helepolim
1857 4967 2006 5021 brevi
2024 4976 2168 5020 tem-

599 5074 731 5130 pore
792 5058 982 5113 refecit
1023 5059 1482 5127 instauravitque,
1532 5058 1650 5112 dies
1684 5072 1747 5112 ac
1779 5068 1967 5110 noctes
1995 5058 2162 5111 Vehe-

597 5158 805 5203 menter
839 5162 1026 5203 muros
1049 5157 1275 5217 quatere
1302 5157 1355 5203 ct
1385 5163 1640 5218 maguum
1678 5147 1836 5202 nobis
1872 5148 2166 5201 tumultum

599 5241 822 5310 injicere
848 5241 996 5295 omni
1033 5241 1162 5295 belli
1205 5254 1425 5310 genere,
1453 5240 1898 5308 jaculationibns,
1938 5239 2169 5310 prteliis,

596 5333 1046 5387 dimicationibus
1073 5332 1357 5386 acerrimis
1383 5347 1487 5386 non
1509 5332 1764 5397 cessavit,
1782 5342 2010 5400 eratque
2034 5331 2175 5383 mul-

598 5425 763 5493 tiplex
811 5424 937 5476 mali
973 5421 1163 5478 facies.
1199 5421 1382 5478 Nostri
1415 5424 1658 5492 quotidie
1711 5423 1992 5477 machinas
2019 5423 2174 5477 belli-

597 5531 693 5570 cas
725 5523 1025 5569 tractantes
1068 5522 1491 5584 spectantesque
1531 5529 1648 5578 eas,
1679 5528 1820 5584 quas
1855 5516 2040 5570 li0$tes
2075 5517 2172 5570 ha-

603 5608 822 5668 bebant,
853 5605 1050 5657 timore
1071 5612 1124 5657 et
1149 5602 1442 5660 formidine
1483 5607 1672 5670 soluti,
1702 5607 1987 5663 machinas
2011 5617 2064 5662 et
2089 5625 2175 5663 ar-

600 5709 681 5750 tes
713 5709 880 5749 noras
905 5695 1306 5764 exeogilabant,
1337 5705 1389 5750 et
1422 5698 1669 5752 hostibus
1697 5697 1839 5753 haud
1865 5713 2055 5768 parum
2084 5699 2180 5752 de-

601 5782 1203 5842 trimenti'afl‘ercbant.
1238 5787 1507 5844 (laterum
1546 5789 1853 5860 singulares
1891 5788 1997 5843 illa:
2031 5801 2176 5844 artes

2249 1951 2348 2002 καὶ
2375 1953 2432 2002 ὲν
2457 1949 2534 2020 τῷ
2579 1949 2678 2020 ᾅδῃ
2712 1950 2924 2014 ζῶντας
2955 1950 3348 2018 παρέπεμπον.
3383 1949 3582 2018 Ἕτεροι
3609 1949 3734 2000 δὲκαὶ

2251 2040 2401 2109 μετὰ
2416 2041 2790 2110 προαιρέσεως
2814 2041 2865 2092 οί
2915 2039 3080 2092 πλέον
3115 2039 3334 2108 ἰσχυροὶ
3380 2040 3470 2092 καὶ
3511 2039 3734 2106 δυνάμενοι

2249 2135 2312 2185 ἐκ
2347 2133 2446 2202 τῆς
2477 2133 2649 2202 ὁρμῆς
2692 2134 2786 2186 καὶ
2814 2133 3052 2202 σπουδῆς
3082 2133 3212 2194 τοὺς
3246 2132 3631 2201 ἀσθενεστέρους
3652 2133 3734 2182 ἀντὶ

2249 2224 2461 2278 κλάδων
2499 2227 2593 2278 καὶ
2644 2225 2898 2295 χώματος
2928 2227 3186 2297 ερῤιπτον
3240 2223 3482 2294 ἀπηνῶς.
3513 2225 3645 2277 Ἀλλὰ
3673 2227 3735 2276 καὶ

2249 2317 2424 2370 ταῦτα
2461 2317 2744 2380 ποιοῦντες
2794 2318 2892 2371 οὐκ
2945 2317 3196 2372 ἐδύναντο
3230 2319 3425 2388 φυγεῖν
3454 2317 3667 2377 ἀϐλαϐεῖς
3693 2316 3733 2366 ἐκ

2251 2423 2310 2458 τε
2341 2406 2450 2459 τῶν
2485 2406 2816 2459 ὲλεϐολικῶν
2861 2408 2959 2460 καὶ
2990 2407 3440 2478 τζαγκρατόρων,
3468 2409 3551 2460 καὶ
3587 2409 3636 2458 ὲκ
3663 2406 3734 2458 τῶν

2250 2495 2448 2566 τειχῶν
2485 2497 2700 2566 βαρέων
2745 2497 2911 2552 λίθων
2960 2500 3504 2568 ἁποσφενδονούμενα
3547 2499 3589 2552 oi
3631 2499 3734 2551 ἐναν-

2253 2588 2358 2639 τίοι
2399 2589 2643 2658 αἰσχρῶς
2697 2589 2928 2644 ἔπιπτον
2981 2591 3078 2644 καὶ
3131 2592 3308 2645 πολλὰ
3357 2593 3734 2664 κατεπλήττοντο.

2254 2679 2348 2731 καὶ
2384 2679 2447 2731 ἐκ
2479 2680 2589 2732 τῶν
2631 2681 2920 2752 ήμετέρων
2964 2683 3112 2746 τινὲς
3158 2684 3417 2746 ἀϐλαϐεῖς
3463 2683 3552 2738 οὐκ
3596 2682 3734 2734 ἐναπέ-

2259 2787 2441 2840 μενον.
2477 2771 2742 2840 Σύροντες
2781 2773 2838 2826 δὲ
2895 2774 2992 2826 καὶ
3027 2774 3125 2836 τὰς
3168 2775 3437 2838 ἐλεϐὁλεις
3474 2773 3628 2827 αὐτῶν
3666 2772 3736 2827 ho:

2256 2861 2359 2928 γῆς
2391 2862 2501 2914 τῶν
2529 2861 2778 2932 τάφρων.
2812 2863 2965 2933 καὶὴ
3002 2865 3150 2934 μάχη
3185 2865 3304 2918 ’καὶ
3331 2866 3360 2917 ο
3402 2865 3607 2932 πόλεμος
3629 2862 3734 2927 καὶὴ

2260 2951 2552 3023 συμπλοκή
2617 2955 2892 3022 φρικαλέα
2955 2955 3192 3023 ἐγένετο.
3263 2957 3372 3010 Καὶ
3429 2957 3502 3020 είς
3542 2956 3650 3008 αὐτὰ
3670 2953 3738 3006 οὐκ

2259 3044 2429 3116 ἀγενῆ
2472 3041 2613 3116 ἦσαν
2666 3049 2759 3100 καὶ
2809 3047 2878 3100 τά
2922 3049 3188 3118 ήμέτεραο
3241 3051 3335 3103 καὶ
3386 3048 3654 3118 θαυμαστὸν
3677 3039 3737 3112 ἦν.

2259 3139 2426 3208 χωρὶς
2452 3138 2745 3209 ἐμπειρίας
2780 3141 3021 3211 πολέμου
3055 3142 3205 3205 ὄντες
3238 3143 3338 3214 τὴν
3379 3143 3525 3212 νίκην
3546 3136 3662 3210 εἶχον
3680 3136 3741 3188 διὰ

2261 3230 2324 3281 τδ
2365 3230 2765 3301 μεγαλοψύχως
2811 3234 2906 3285 καὶ
2937 3233 3206 3302 γενναίως
3259 3236 3554 3304 ἐντυχόντες
3581 3229 3740 3284 ἐποίουν

2260 3322 2323 3375 τὸ
2357 3323 2497 3393 ὑπὲρ
2529 3325 2783 3396 δύναμιν.
2815 3326 2926 3379 Καὶ
2958 3327 3086 3391 τοὺς
3120 3327 3370 3400 τάφρους
3398 3323 3672 3396 ἐνεγέμιζον
3691 3319 3738 3373 δι’

2262 3521 2372 3560 non
2408 3505 2502 3560 diu
2531 3505 2838 3569 valuerunt,
2861 3513 3145 3577 propterea
3171 3509 3321 3578 quod
3353 3507 3498 3563 nobis
3519 3505 3640 3560 nulla
3661 3516 3741 3556 om-

2263 3597 2396 3651 nino
2415 3596 2571 3666 quies
2602 3595 3006 3652 conoedebatur
3032 3607 3152 3652 nec'
3175 3599 3539 3668 suppetebant,
3584 3607 3680 3664 qua
3698 3589 3738 3643 ad

2265 3700 2499 3756 pugnam
2551 3697 2604 3740 et
2635 3684 2976 3740 obsidionem
3024 3687 3363 3744 tolerandam
3399 3685 3663 3742 necessaria
3687 3695 3740 3734 re

2267 3786 2408 3834 εοηι.
2443 3777 2711 3832 Moenibus
2749 3779 2916 3848 igitur
2949 3779 3227 3836 nonnullis
3271 3781 3402 3837 locis
3429 3795 3518 3850 per
3542 3774 3740 3844 helcpolcs

2265 3883 2320 3928 et
2345 3873 2635 3944 pyrobolas
2657 3872 2965 3937 concussis,
2988 3871 3175 3929 hostes
3195 3873 3374 3930 fossas
3400 3869 3653 3941 impleturi,
3671 3876 3742 3934 quo

2268 3966 2480 4022 facilem
2517 3967 2819 4036 ingressum
2849 3967 3114 4021 haberent
3140 3975 3192 4021 et
3225 3982 3326 4037 per
3355 3964 3591 4022 foramina
3610 3971 3742 4014 muro-

2265 4074 2387 4112 rum
2420 4066 2790 4128 penetrarent,
2815 4058 3088 4128 qniprimi
3129 4059 3366 4122 stabant,
3401 4049 3743 4128 lacuiationibus

2269 4155 2324 4202 et
2356 4149 2554 4218 pugnis
2595 4163 2696 4204 nos
2727 4148 3014 4202 vexabant.
3051 4147 3202 4203 Inter
3231 4150 3334 4205 hos
3361 4146 3550 4203 medios
3569 4139 3642 4196 alii
3668 4147 3744 4190 ter-

2270 4257 2387 4295 ram
2424 4241 2477 4294 in
2513 4240 2689 4296 fossas
2713 4241 3082 4310 congerebant
3115 4250 3212 4296 aut
3238 4242 3452 4296 frondes
3478 4238 3685 4294 arborum
3708 4234 3744 4276 ct

2271 4332 2430 4385 aliam
2468 4332 2776 4412 materiam,
2809 4331 3055 4386 nonnulli
3083 4333 3219 4387 adeo
3243 4333 3432 4387 ardore
3456 4323 3633 4394 abrepti
3660 4330 3743 4374 ten-
3849 4377 3851 4402 Ι

2273 4425 2411 4478 toria
2437 4439 2536 4480 sua
2575 4441 2589 4479 :
2619 4434 2846 4493 eratque
2872 4423 3055 4478 videre
3077 4424 3277 4479 mirum
3313 4419 3653 4494 spectaculum,
3668 4423 3743 4478 quo
3850 4439 3851 4494 ξ

600 4522 760 4561 neum
786 4504 1283 4570 animadvertisset,
1343 4506 1627 4560 tribunum
1687 4523 1812 4562 eum
1846 4519 1901 4565 et
1957 4511 2160 4566 ducum
2193 4529 2244 4589 ι)
2275 4529 2465 4568 eorum
2498 4529 2602 4570 non
2635 4491 2791 4583 pauci
2817 4497 3167 4569 multitudine
3190 4524 3245 4570 et
3275 4491 3379 4569 loci
3401 4507 3745 4580 angnstiiscom-
3850 4491 3851 4511 ¹

2271 4606 2445 4675 pressi
2511 4605 2798 4672 cadebant,
2858 4613 2910 4660 et
2975 4607 3044 4660 ab
3095 4607 3182 4672 iis,
3216 4608 3309 4676 qui
3365 4602 3673 4672 sequebantur
3709 4597 3743 4640 ri

2269 4699 2562 4755 crudeliter
2591 4699 2918 4768 dejiciebant
2947 4697 3092 4767 ligna
3125 4706 3177 4752 et
3202 4707 3398 4751 terram
3423 4692 3654 4750 effossam,
3676 4679 3742 4732 mi-

2271 4791 2571 4845 serabiliter
2620 4791 2888 4856 cooperti,
2943 4789 3048 4842 vivi
3100 4788 3166 4842 ad
3217 4788 3416 4843 inferos
3447 4777 3738 4838 mittebantur.

2272 4879 2527 4934 Nonnulli
2555 4881 2717 4934 etiam
2749 4881 2960 4933 viribus
3001 4879 3162 4932 validi
3193 4893 3254 4934 ac
3287 4875 3484 4932 robusti
3510 4885 3566 4925 ex
3597 4868 3737 4931 ἱωΡθίυ

2270 4982 2325 5024 et
2352 4971 2698 5026 festinatione
2729 4971 3056 5026 infirmiores
3078 4973 3221 5026 ultro
3251 4985 3347 5040 pro
3371 4965 3522 5022 ramis
3549 4960 3619 5015 vel
3643 4963 3738 5006 terra

2276 5063 2494 5115 saviter
2529 5061 2915 5115 tletrndebant.
2953 5059 3054 5114 Sed
3091 5077 3215 5114 cum
3253 5061 3364 5114 [nec
3407 5056 3628 5111 facerent.
3668 5050 3740 5092 n0“

2274 5160 2524 5221 poterant
2549 5151 2682 5203 salvi
2719 5151 2956 5204 devitarc
2981 5149 3306 5219 helepolinm
3335 5157 3385 5202 et
3414 5145 3607 5200 telorum
3633 5134 3738 5183 irtus.

2275 5254 2329 5296 et
2364 5259 2391 5295 a
2433 5243 2728 5313 grandibus
2784 5242 2954 5305 saxis,
2999 5257 3122 5310 qua:
3155 5241 3221 5296 de
3260 5254 3414 5295 muro
3450 5229 3740 5308 rimabantur:

2275 5335 2546 5387 cadebant
2568 5334 2798 5402 turpiter
2821 5333 3162 5400 multumque
3185 5320 3740 5384 vulnerabantnrﬁlw"

2278 5439 2438 5487 quant
2472 5424 2634 5476 etiam
2663 5423 2730 5476 de
2759 5422 2960 5476 nosnis
2990 5421 3238 5475 nonnulli
3259 5433 3374 5473 non
3414 5408 3546 5466 ilkeSi
3583 5406 3739 5456 ω³¹³⁸⁸⁴

2280 5486 2424 5568 runt.
2453 5512 2770 5581 Traxerunt
2789 5523 2968 5566 tamen
3001 5511 3276 5578 belcpoles
3291 5509 3356 5564 ad
3387 5515 3520 5560 oram
3541 5497 3684 5581 fossa.
3705 5486 3741 5581 εξ

2279 5604 2590 5658 cornﬂirtum
2634 5619 2696 5659 ac
2727 5579 3064 5658 decertatum
3096 5571 3180 5658 est
3212 5597 3538 5657 horribiliter.
3561 5587 3617 5640 At
3638 5571 3738 5631 1³³υά

2281 5697 2526 5749 imbelles
2558 5695 2729 5750 nostri
2767 5710 2826 5750 se
2860 5695 3230 5765 praebuerunt,
3263 5707 3324 5747 ac
3353 5679 3532 5744 mirﬁm
3567 5677 3672 5730 erat.
3702 5665 3741 5765 υξ

2282 5789 2425 5844 bello
2456 5787 2797 5845 inexercitati
2846 5757 3125 5844 victoriam
3160 5757 3334 5842 tamen
3385 5757 3740 5848 reportarem.“

3835 6069 3839 6343 ί
