3976 6584
534 405 645 468 8‘23

1797 419 2121 484 GEURGII
2160 425 2589 488 I’BRANTZ/E
3635 442 3713 502 824

531 518 798 590 πρέσϐυς.
821 520 924 574 Καὶ
969 526 998 577 ό
1053 523 1312 594 βασιλεὺς
1355 529 1728 602 οίκειοχείρως
1779 534 2093 602 ἔμπροσθεν
2124 550 2171 604 Α
2202 541 2399 610 κυρίαν
2427 559 2547 596 σου.
2573 563 2592 596 ι
2643 544 2857 610 Ἔγωγε
2881 545 3205 616 ἀποκριθεὶς
3238 543 3396 601 είπον
3428 547 3582 620 αὐτῷ·
3613 571 3628 604 ι
3654 557 3710 609 0-5

529 613 722 668 τούτου
772 615 999 684 ἐποίησε
1052 621 1324 690 σταυροὺς
1359 625 1510 692 τρεῖς
1560 625 1701 694 μετὰ
1757 628 2097 697 κιναϐἀρεως

529 708 609 768 είς
629 708 692 758 τὸ
718 707 991 780 ἀνώτερον
1021 709 1114 763 τοῦ
1145 715 1548 780 χρυσοϐούλλου
1590 716 1844 784 μέτωπον
1882 720 1964 782 είς
2011 719 2099 788 3s-

533 797 762 852 ϐαίωσιν
791 802 935 855 κατὰ
962 803 1059 873 τὴν
1086 805 1312 859 ἐκείνων
1347 808 1660 876 συνήθειαν,
1692 811 1785 862 καὶ
1813 810 1978 864 ἓδωσε
2005 812 2096 864 τὸν

535 889 933 956 χρυσόϐουλλον
977 895 1073 946 ἐπὶ
1115 895 1217 957 τὰς
1256 897 1454 966 χεῖρας
1495 897 1589 950 τοῦ
1645 899 1958 968 πρέσϐεως,
2002 901 2095 954 καί

533 975 699 1049 φησιν
752 982 934 1051 αὐτῷ’
983 1003 1004 1036 ι
1049 985 1181 1039 ’ἰδοὺ
1221 985 1380 1048 οὗτος
1415 1005 1434 1039 ι
1474 988 1576 1056 ἐμὲ
1619 989 1882 1043 δεικνύων
1938 1010 1958 1043 ‹
1998 991 2098 1044 σὺν

532 1073 653 1141 Θεῷ
697 1074 775 1143 τῷ
816 1075 1099 1148 ἐρχομένῳ
1150 1078 1272 1149 ἐαρι
1325 1079 1606 1134 ἐλεύσεται
1648 1083 1785 1152 μετὰ
1824 1084 2096 1153 τριήρεων

531 1166 875 1234 παραλαϐεῖν
920 1169 1021 1238 τὴν
1075 1171 1216 1239 ἐμὴν
1270 1171 1524 1238 σύνευνρν
1563 1174 1661 1241 τὴν
1703 1175 2024 1244 νεόνυμφον.
2070 1193 2090 1227 ι

534 1258 921 1329 ιίροσκυνήσας
950 1257 1041 1314 οὗν
1070 1262 1099 1313 ό
1131 1263 1379 1330 πρέσϐυς
1404 1264 1775 1333 ἀνεχώρησεν.

600 1347 760 1417 223
804 1349 955 1402 Ἐπεὶ
998 1351 1055 1404 δέ
1085 1351 1193 1404 ἀπὸ
1226 1352 1327 1420 τῆς
1378 1353 1555 1422 ἀρχῆς
1603 1353 1698 1407 τοῦ
1731 1356 1896 1409 αὑτοῦ
1945 1357 2095 1422 ἔτους

528 1437 876 1508 ὲψιθυρίζετο
906 1443 988 1495 ὅτι
1025 1445 1054 1496 ό
1102 1444 1329 1513 ἀμηρᾶς
1361 1445 1613 1499 ἐϐούλετο
1645 1446 1822 1500 ἐλθεῖν
1871 1451 2012 1502 κατὰ
2037 1451 2097 1502 τὸ

530 1528 716 1581 στενὸν
746 1532 913 1599 ἐγγὺς
947 1533 1039 1586 τοῦ
1090 1535 1368 1603 ἄνωτέρου
1427 1536 1626 1605 μέρους
1674 1539 1774 1605 τῆς
1807 1538 1902 1590 τοῦ
1927 1538 2098 1591 Ἀσω-

531 1622 702 1684 μᾶιτου
743 1621 936 1690 κώμης
965 1624 1324 1694 οἰκοδομῆσαί
1363 1643 1413 1679 τι
1452 1628 1736 1697 φρούριον.
1779 1631 1872 1682 καὶ
1904 1629 2096 1699 βουλῆς

529 1716 830 1783 γενομένης
857 1718 944 1769 ἵνα
973 1719 1002 1771 ὁ
1047 1717 1303 1786 βασιλεὺς
1343 1721 1424 1783 εἰς
1463 1721 1870 1790 Πελεπόννησον
1911 1722 2094 1794 στείλῃ

533 1804 754 1873 μηνύων
796 1806 892 1859 τοῦ
931 1809 1105 1862 ἐλθεῖν
1141 1810 1240 1862 ἕνα
1269 1810 1376 1863 τῶν
1425 1813 1779 1881 αὐταδέλφων
1817 1814 2006 1874 αὐτοῦ.
2036 1815 2096 1876 ὃς

2201 631 2444 701 δύναμαι
2474 633 2786 704 παραϐῆναι
2816 636 2875 689 τὸ
2904 637 3236 709 πρόσταγμα
3269 657 3392 704 σου,
3423 640 3513 693 τοῦ
3558 644 3622 712 μὴ
3646 626 3724 698 ἐκέ

2197 724 2414 778 τελέσαι
2462 725 2538 788 ὡς
2579 725 2863 788 κελεύειςε
2894 726 3009 780 ἀλλ’
3039 730 3071 798 ἡ
3104 729 3402 792 σύντεκνσς
3452 732 3540 785 καὶ
3588 734 3712 805 δούλη

2197 818 2296 886 τῆς
2330 816 2609 882 βασιλείας
2646 833 2761 882 σου,
2795 819 2830 889 ἠ
2858 821 2996 889 γυνή
3037 837 3164 888 μου,
3198 821 3490 875 ὑποπτεύω
3523 826 3587 893 μή
3613 843 3714 880 ποτε

2197 908 2284 961 διὰ
2313 908 2375 961 τὸ
2414 913 2681 977 συχνάκις
2710 928 2778 979 με
2810 911 3165 975 ἁπουσιάζειν
3197 911 3377 980 αὐτῆς
3401 913 3712 979 ἁγανακτῶσα

2199 1001 2626 1070 ἀποκαρήσηται
2670 1001 2832 1073 224
2864 1002 3093 1072 μοναχῆ.
3151 1003 3186 1072 ἢ
3243 1005 3343 1057 καὶ
3391 1005 3521 1075 ἐάσῃ
3558 1024 3614 1074 με
3644 1011 3715 1060 καὶ

2199 1093 2360 1147 ἄλλον
2390 1093 2555 1164 λάϐῃο
2596 1094 2723 1162 χθές
2749 1098 2856 1165 γὰρ
2894 1095 3132 1165 ἐλήλυθα
3176 1097 3292 1149 ἀπὸ
3346 1098 3593 1167 Ἰϐηρίας,
3630 1099 3713 1153 δια-

2207 1184 2408 1254 τρίψας
2441 1186 2559 1238 ἐκεῖ
2587 1185 2681 1254 ἐτη
2720 1186 2849 1249 δύο,
2899 1187 2993 1239 καὶ
3040 1188 3090 1239 εί
3137 1189 3480 1258 ἀναχωρήσω
3523 1189 3716 1253 αὖθιςὲν

2201 1273 2554 1345 βραχημερίᾳ
2597 1274 2828 1339 οἴκοθεν,
2886 1275 3108 1342 εὔλογον
3153 1279 3344 1331 αἰτίαν
3394 1279 3602 1347 εὑρήσει
3649 1283 3717 1333 καὶ

2198 1361 2413 1414 δικαίαν
2475 1361 2752 1432 πρόφασιν
2793 1363 2886 1416 τοῦ
2952 1364 3154 1434 πρᾶξαι
3205 1365 3268 1419 ἓν
3299 1365 3359 1432 ἐξ
3391 1360 3463 1420 ὧν
3488 1369 3667 1438 εἴρηκα.
3697 1390 3711 1422 ι

2210 1453 2268 1506 '0
2295 1454 2350 1506 δὲ
2371 1453 2626 1523 βασιλεὺς
2657 1455 2891 1522 γελάσας
2914 1452 3036 1510 εἶπέ
3075 1474 3162 1525 μοι
3187 1475 3205 1490 ·
3245 1478 3264 1510 ι
3313 1458 3452 1511 Ἀλλ’
3483 1461 3623 1522 αὐτὸς
3652 1461 3717 1513 λί-

2197 1542 2287 1607 ξον
2313 1546 2453 1616 αὐτῇ
2489 1545 2576 1598 ἴνα
2600 1545 2809 1615 ταύτην
2830 1548 2924 1600 καὶ
2959 1549 3124 1616 μόνην
3152 1548 3259 1617 τὴν
3296 1551 3591 1618 ὁδοιπορίαν
3619 1567 3716 1617 συγ⁸

2195 1637 2422 1705 χωρήσῃ
2443 1653 2524 1688 σοι
2549 1637 2795 1705 ποιῆσαι,
2825 1638 2917 1690 καὶ
2941 1639 3148 1709 ἐνόρκῳ
3175 1639 3558 1708 προστάγματι
3575 1641 3716 1692 τάσσω

2200 1727 2399 1795 μηκέτι
2430 1743 2488 1779 σε
2533 1727 2824 1798 ἐνοχλῆσαι
2865 1729 2960 1782 τοῦ
3009 1730 3250 1793 ἐξελθεῖν
3311 1747 3372 1784 σε
3422 1730 3712 1800 πατριδόθεν.

2199 1819 2312 1870 Καὶ
2346 1817 2488 1886 μάλα
2523 1819 2700 1880 καλῶς
2727 1819 3019 1873 ἐπίστασαι
3066 1821 3134 1873 τὰ
3170 1822 3275 1874 ὅσα
3327 1837 3411 1875 σοι
3441 1821 3714 1891 ἐπηγγειλάο

535 1898 600 1947 ἂν
633 1896 963 1966 βουλήσηται
990 1900 1217 1963 τούτων,
1250 1905 1344 1955 καὶ
1371 1905 1726 1975 “όμοφωνήσῃ
1775 1907 1852 1966 είς
1887 1908 1986 1960 ὅσα
2034 1907 2092 1958 αἱ
2123 1907 2168 1965 Β
2202 1927 2308 1979 μην
2348 1910 2707 1980 εὐεργετῆσαὶ
2736 1928 2814 1975 σε,
2854 1912 2947 1964 καὶ
2970 1913 3023 1963 τί
3050 1912 3119 1965 τὰ
3167 1914 3275 1966 ἀνὰ
3328 1913 3484 1982 ἡμῶν
3511 1912 3714 1980 συλλαλη-

533 1984 816 2052 βασιλικαὶ
843 1994 1056 2057 γραφαὶ
1099 1991 1485 2062 διελάμϐανον,
1529 1997 1616 2048 ἵνα
1655 1998 1898 2064 ἀνάγκης
1945 1998 2101 2049 ἐπελ-

531 2079 734 2146 θούσης
763 2082 950 2137 ἴδωσιν
975 2085 1073 2139 cio
1097 2087 1321 2156 ἀμηρᾶς
1353 2087 1605 2158 βούλεται
1639 2089 1842 2156 πρᾶξαί
1873 2106 1926 2140 τι
1956 2091 2098 2141 κατὰ

529 2172 630 2242 τῆς
664 2173 874 2238 πόλεως
898 2175 1021 2246 ἦτοι
1066 2178 1166 2246 τῆς
1198 2177 1500 2248 βασιλείας,
1559 2182 1654 2234 καὶ
1699 2181 1908 2251 ἀπέλθῃ
1962 2182 2099 2249 πρὸς

530 2267 655 2327 τοὺς
687 2268 935 2332 δυτικοὺς
975 2269 1242 2334 αὐθέντας
1284 2274 1378 2325 καὶ
1413 2275 1736 2342 συμμαχίαν
1767 2276 2000 2344 αἰτήσῃ,
2041 2277 2097 2326 ἐν

529 2357 665 2425 τῷδε
692 2358 768 2428 τῷ
802 2359 954 2432 μέσῳ
977 2361 1254 2432 παρῆλθον
1276 2364 1482 2432 ἡμέραι
1506 2365 1672 2428 τινὲς,
1707 2361 1828 2417 εἶτα
1857 2366 2098 2435 προστά-

532 2447 628 2512 ξας
655 2448 826 2502 ἐλθεῖν
857 2467 928 2519 με
955 2451 1384 2507 ἐνώπιονιαύτοῦ
1423 2452 1545 2508 εἶπέ
1580 2473 1671 2525 μοι
1698 2457 1852 2508 τάδε·
1893 2475 1911 2508 ι
1945 2458 2101 2526 Πρω-

529 2539 932 2612 τοϐεστιαρῖτα,
974 2544 1106 2614 περὶ
1150 2546 1251 2616 τῆς
1289 2545 1484 2616 βουλῆς
1518 2542 1587 2618 ἦς
1616 2550 1928 2619 ἐστήσαμεν
1957 2549 2097 2602 ἐτοι-

534 2631 772 2704 μάσθητι
797 2633 893 2688 τοῦ
931 2635 1190 2690 ἀπελθεῖν
1219 2656 1278 2692 σε
1312 2641 1395 2701 είς
1431 2639 1861 2710 Πελοπόννησον·
1893 2642 1987 2693 καὶ
2023 2641 2101 2704 ὡς

531 2722 598 2774 ἂν
627 2723 930 2797 διορθώσῃς
959 2728 1059 2799 τὴν
1089 2731 1267 2782 ἐκεῖσε
1293 2729 1573 2796 ὑπόθεσιν,
1596 2733 1682 2784 ἵνα
1706 2750 1789 2808 τις
1813 2734 1922 2785 τῶν
1948 2731 2103 2785 ἀδελ·

486 2851 496 2857 -
529 2821 646 2888 φῶν
687 2841 791 2892 μου
823 2824 1112 2896 ἐλεύσηται
1154 2825 1364 2894 ἐνθάδε,
1400 2829 1700 2897 ἀναγκαῖόν
1745 2829 1892 2881 ἐστιν
1930 2828 2099 2880 ἀπελ-

528 2913 643 2966 θεῖν
674 2932 732 2966 σε
759 2917 970 2970 ἐκεῖθεν
997 2921 1078 2983 είς
1118 2920 1341 2990 Κύπρον
1381 2922 1520 2990 προς
1557 2922 1655 2991 τὴν
1688 2923 1832 2994 ἐμὴν
1862 2923 2096 2990 ἀδελφᾶο

532 3007 700 3059 παιδα
739 3007 837 3078 τὴν
870 3013 1166 3081 ρὴγισσαν.
1203 3015 1399 3083 Ἡμεῖς
1445 3015 1502 3068 δὲ
1535 3015 1768 3070 ἐνταῦθα
1797 3017 2100 3084 scoriadam-

538 3101 638 3167 μέν
669 3117 752 3154 σοι
787 3103 854 3156 τὰ
890 3107 1173 3175 ἐπιτήδεια
1203 3107 1303 3176 τῆς
1333 3108 1477 3161 όδοῦ.
1505 3108 1664 3162 Μετὰ
1685 3110 1746 3162 τὸ
1779 3109 2016 3174 ἐξελθεῖν
2041 3127 2098 3163 σε

536 3191 791 3244 κάκεῖθεν
835 3194 1078 3266 πορεύσῃ
1127 3191 1283 3259 αὖθις
1340 3199 1422 3260 είς
1475 3200 1577 3266 τὴν
1637 3201 1898 3270 Ἰϐηρίαν,
1952 3201 2101 3261 ὅπως

532 3284 672 3354 ἄρῃς
699 3283 798 3355 τὴν
829 3286 1131 3357 νεόνυμφον
1169 3289 1267 3358 τὴν
1297 3291 1435 3361 ἐμὴν
1469 3291 1726 3344 σύνευνον
1777 3292 1875 3362 τὴν
1913 3293 2100 3361 μελλο-
2125 3272 2167 3329 C

533 3401 682 3445 ctum
713 3389 1060 3462 imperatoris
1083 3397 1175 3466 qui
1210 3413 1425 3470 mecum
1451 3414 1516 3453 ex
1547 3398 1724 3453 Iberia
1751 3399 1964 3468 legatus
1995 3416 2094 3454 ve-

535 3490 710 3546 nerat,
741 3490 796 3536 et
823 3499 1004 3538 coram
1059 3486 1164 3541 hoc
1214 3490 1511 3557 imperator
1544 3493 1706 3544 manu
1735 3505 1832 3544 sua
1861 3490 1914 3543 in
1941 3505 2099 3560 supe-

537 3573 680 3628 riore
739 3574 899 3631 bullas
939 3576 1113 3632 fronte
1145 3578 1364 3634 rubrica
1414 3589 1527 3636 tres
1561 3596 1757 3637 cruces
1795 3583 1992 3636 scribit
2021 3581 2091 3636 ad

532 3665 966 3722 confirmandam
998 3671 1307 3737 pactionem
1327 3688 1390 3726 ex
1424 3671 1646 3727 illorum
1670 3676 2096 3740 consuetudine,

534 3756 807 3828 traditque
867 3760 1068 3818 bullam
1139 3763 1200 3816 iu.
1260 3779 1455 3820 manus
1516 3764 1688 3834 legati
1733 3765 1821 3820 bis
1879 3767 2096 3820 verbis:

539 3871 556 3902 ι
593 3850 691 3906 Hic
727 3853 811 3906 vir
846 3856 974 3923 (me
1007 3857 1370 3926 ostendebat)
1401 3857 1508 3912 Deo
1550 3859 1791 3928 prepitio
1848 3861 2100 3928 proximo

535 3956 660 3996 vere
688 3958 812 3996 cum
835 3943 1150 4000 triremibus
1174 3946 1382 4012 veniet,
1408 3947 1678 4018 virginem
1703 3948 1836 4002 milii
1868 3946 2104 4017 despuu-

535 4047 649 4085 sam
679 4033 1071 4091 abducturus.»
1109 4035 1299 4106 Itaque
1339 4038 1574 4107 legatus,
1606 4037 1836 4094 adorato
1869 4041 2106 4107 impera.-

535 4136 673 4190 tore,
701 4125 974 4182 discessit.

605 4217 740 4272 Cum
775 4218 931 4272 initio
959 4219 1201 4289 ejusdem
1229 4223 1360 4274 anni
1390 4222 1533 4276 fama
1559 4232 1831 4288 manaret,
1861 4238 2100 4279 ameram

537 4307 600 4358 ad
619 4308 900 4376 angustias
927 4325 1094 4378 prope
1117 4314 1458 4379 superiorem
1483 4322 1692 4381 partem
1727 4314 1833 4368 vici
1857 4315 2104 4370 Asomati

536 4413 656 4451 esse
677 4409 992 4464 venturum,
1011 4412 1070 4454 ut
1095 4403 1490 4457 ibiesstruerel.
1507 4406 1821 4470 castellum,
1842 4421 2100 4474 cumque,

539 4488 783 4565 roncilio.
804 4489 1013 4557 habito,
1033 4492 1210 4547 visum
1241 4502 1407 4557 esset,
1447 4505 1505 4549 ut
1530 4495 1833 4565 imperator
1869 4498 1922 4551 in
1951 4497 2107 4552 Pelo-

541 4564 845 4647 ponnesum
871 4581 938 4636 ad
966 4581 1191 4639 fratrem
1226 4564 1621 4642 arcessendum
1661 4590 1926 4653 mitteret,
1956 4599 2099 4644 utero
2133 4608 2176 4664 ι)

539 4689 754 4743 cunque
805 4675 1020 4731 illorum
1077 4677 1266 4734 venire
1298 4680 1482 4746 vellet,
1539 4682 1671 4736 etis
1704 4684 2104 4752 comprobaret,

537 4782 881 4838 quaecunque
906 4768 1277 4839 imperatoriis
1335 4771 1537 4828 litteris
1571 4775 1874 4829 constituta
1898 4784 2106 4837 essent,

539 4868 724 4928 atque,
751 4860 796 4914 si
833 4861 1130 4918 necessitas
1187 4863 1407 4919 adesset
1438 4863 1824 4930 vidissentque
1861 4878 2106 4918 ameram

542 4950 806 5006 adversus
818 4951 1006 5006 urbem
1025 4952 1112 5008 vel
1135 4953 1429 5042 imperium
1448 4956 1656 5025 aliquid
1675 4957 2016 5020 moliturum,
2039 4956 2105 5010 ad

541 5039 910 5098 occidentales
946 5039 1224 5113 principes
1240 5060 1398 5114 opem
1430 5047 1779 5116 imploratum
1799 5047 2111 5116 proﬁcisce—

543 5138 713 5184 retur:
736 5131 848 5186 baee
865 5131 1032 5202 igitur
1047 5133 1175 5188 dum
1199 5134 1354 5196 liuut,
1376 5135 1564 5204 paucis
1583 5133 1775 5192 diebus
1789 5137 2108 5206 iuterjeclis,

543 5223 839 5292 imperator
858 5237 943 5277 me
963 5224 1030 5277 ad
1058 5239 1126 5280 se
1147 5226 1474 5282 arcessitum
1501 5227 1574 5280 ita
1600 5227 1868 5283 allocutus
1895 5237 2006 5283 est:
2037 5228 2110 5282 «Ε

545 5314 800 5378 consilio,
821 5316 966 5384 quod
995 5321 1261 5387 cepimus,
1296 5334 1426 5387 para
1461 5329 1532 5384 te,
1576 5320 2015 5389 protovestiarie,
2053 5331 2111 5374 ut

546 5406 599 5456 iu
624 5402 1054 5473 Peloponnesum
1085 5409 1460 5476 proficiscare,
1481 5412 1668 5481 ibique
1699 5413 1979 5480 negotium
2007 5413 2111 5468 hoc

546 5492 816 5564 perficias,
841 5505 901 5548 ut
923 5495 1182 5551 alteruter
1211 5497 1443 5554 fratrum
1476 5517 1723 5556 meorum
1756 5503 1866 5557 huc
1895 5503 2104 5556 veniat.

546 5581 676 5636 lude
726 5593 937 5652 oportet
990 5595 1040 5640 te
1081 5588 1134 5640 in
1185 5588 1424 5658 Cyprum
1479 5593 1546 5645 ad
1587 5593 1856 5663 reginam,
1888 5602 2105 5662 neptem

545 5689 746 5738 meam,
778 5674 879 5731 iter
906 5674 1109 5733 facere.
1151 5679 1260 5735 Nos
1293 5683 1380 5737 hic
1402 5686 1714 5738 necessaria
1759 5685 1941 5738 itineri
1975 5700 2104 5753 pro-

543 5764 869 5834 videbimus.
927 5766 1052 5822 lude
1095 5784 1350 5824 reversus
1394 5780 1576 5827 autem
1625 5773 1678 5826 in
1722 5771 1952 5827 lberiam
1996 5772 2108 5828 dis—

547 5852 727 5922 cedes,
762 5865 818 5910 ut
857 5857 1093 5915 advebas
1135 5875 1325 5918 recens
1373 5863 1507 5917 mibi
1559 5877 1821 5934 sponsam
1854 5879 2100 5927 uxorem,

2201 2002 2382 2065 θέντα,
2414 2004 2508 2058 καὶ
2535 2005 2586 2056 τί
2613 2004 2915 2073 βουλόμεθα
2938 2005 3184 2072 ποιῆσαι.
3235 2005 3350 2060 Καὶ
3372 2004 3522 2058 τοῦτο
3549 2003 3714 2074 βέϐαιόν

2201 2095 2318 2147 ἐστι
2351 2096 2443 2147 καὶ
2473 2098 2639 2163 χωρῖς
2674 2096 2896 2165 ἐνόρκου
2929 2097 3379 2166 προστάγματος,
3409 2096 3489 2148 ὅτι
3518 2095 3568 2147 αί
3589 2110 3714 2163 πρεσ-

2201 2186 2342 2238 ϐεῖαι
2373 2187 2466 2240 καὶ
2503 2186 2801 2254 ὁδοιπορίαι
2826 2189 2880 2239 αἱ
2909 2188 3011 2239 ὑπὸ
3057 2188 3150 2241 σοῦ
3187 2187 3479 2241 παύσουσι.
3527 2185 3714 2254 Μηνύσω

2199 2273 2256 2326 δὲ
2289 2276 2382 2327 καὶ
2414 2276 2550 2345 πρὸς
2577 2278 2668 2329 τὸν
2704 2276 2876 2345 μέγαν
2905 2277 3070 2330 δοῦκα
3091 2279 3182 2330 τὸν
3209 2278 3464 2344 Νοταρᾶν
3508 2276 3578 2328 ὃτι
3626 2274 3712 2326 ἐπεὶ

2199 2364 2259 2417 τὸ
2291 2365 2383 2417 τοῦ
2417 2367 2653 2435 μεγάλου
2684 2367 2869 2430 δουκὸς
2897 2368 3154 2436 όφφίκιον
3183 2369 3405 2435 κτῆται,
3441 2367 3500 2420 οὐ
3543 2365 3712 2419 δύναται

2199 2455 2344 2526 ἔχειν
2376 2458 2558 2511 καὶτὸ
2587 2458 2930 2526 μεσαστικόν.
2981 2461 3089 2512 Καὶ
3146 2459 3309 2512 τοῦτο
3361 2459 3497 2526 λέγω
3537 2455 3609 2509 ἵνα
3655 2470 3710 2505 σοι

2199 2548 2549 2618 δωρήσωμαι.
2593 2549 2733 2618 ΪΑλΥ
2760 2553 2910 2620 ὅμως
2929 2553 3027 2606 οὐκ
3057 2552 3172 2605 ἔστ-ι
3207 2555 3418 2622 πρέπον
3471 2549 3550 2601 ἴνα
3595 2547 3712 2611 ἀφαι-

2204 2641 2343 2707 ρὲσω
2371 2642 2501 2694 αὐτὸ
2524 2642 2582 2708 ἐξ
2610 2643 2773 2696 αὑτοῦ
2802 2661 2816 2674 ·
2868 2644 2984 2696 ἐστι
3020 2643 3126 2712 γὰρ
3177 2644 3254 2705 ὡς
3304 2639 3644 2709 καταφρονεῖν,
3679 2636 3712 2686 εἱ

2203 2731 2278 2800 μὴ
2313 2731 2581 2802 ἀναϐολὴν
2603 2734 2697 2787 καὶ
2725 2733 2924 2803 τρόπον
2981 2736 3284 2804 ποιήσομεν
3340 2734 3425 2787 ἵνα
3473 2725 3712 2786 αὑτοθελῶς

2198 2824 2567 2896 ἐγκαταλείψῃ
2593 2825 2722 2877 αὐτὸ
2747 2827 2976 2887 ἐκεῖνος.
3036 2826 3145 2878 Καὶ
3177 2827 3353 2895 ἐχέτω
3400 2823 3460 2892 δὴ
3512 2819 3644 2874 πάλιν
3669 2813 3714 2866 τδ

2202 2915 2468 2980 πρωτεῖον
2492 2913 2592 2980 τῆς
2618 2913 2859 2976 στάσεως
2900 2916 2991 2966 καὶ
3025 2915 3122 2982 τῆς
3155 2913 3380 2982 βουλῆς,
3405 2912 3493 2963 καί
3519 2928 3567 2961 τι
3601 2922 3712 2971 σιτη-

2206 3002 2383 3072 ρέσιον
2411 3002 2479 3055 δι’
2509 3003 2670 3057 ἄλλου
2696 3004 2922 3074 τρόπου,
2965 3005 3084 3057 ἐπεὶ
3115 3006 3222 3076 χρὴ
3257 3005 3476 3072 ποιῆσαι
3517 2998 3635 3066 κάμὲ
3651 2993 3716 3047 δύο

2201 3094 2308 3147 τῶν
2355 3095 2632 3164 ἀρχόντων
2695 3096 3054 3165 συμϐούλους,
3106 3097 3180 3158 ὡς
3241 3099 3334 3150 καὶ
3382 3097 3409 3148 ὁ
3466 3089 3714 3162 βασιλεὺςὁ

2202 3185 2432 3252 ἁδελφός
2459 3204 2562 3255 μου
2593 3183 2758 3257 εἶχεν,
2789 3189 2857 3240 ἵν’
2887 3181 2988 3242 ὦσι
3039 3189 3158 3257 μετ’
3209 3187 3350 3257 ἐμοῦ
3401 3186 3470 3239 δι’
3515 3183 3620 3249 ὅλης
3645 3177 3715 3244 τῆς

2199 3278 2412 3348 ἡμέρας
2434 3281 2490 3331 ἐν
2521 3279 2598 3347 τῷ
2652 3280 2900 3350 παλατίῳ
2954 3279 3048 3334 τοῦ
3099 3281 3431 3349 προϐλὲπειν
3465 3270 3714 3342 διορθὼνειν

2198 3391 2436 3446 futuram
2461 3391 2742 3447 dominam
2770 3403 2972 3449 tuam.»
3007 3393 3085 3447 Ad
3113 3409 3239 3464 quae
3257 3407 3360 3462 ego
3387 3390 3458 3444 ita
3480 3381 3714 3454 respondi:

2205 3481 2351 3538 cNou
2381 3497 2605 3553 possum
2641 3485 2902 3554 equidem
2937 3485 3215 3539 declinare
3251 3482 3553 3538 mandatum
3579 3484 3714 3532 tuum,

2199 3583 2258 3628 ut
2287 3590 2396 3628 non
2427 3575 2646 3639 faciam,
2677 3576 2823 3646 quod
2852 3575 3044 3647 jubes;
3086 3591 3286 3630 verum
3339 3566 3614 3641 maiestatis
3640 3571 3716 3616 tute

2200 3675 2497 3721 commater
2525 3676 2579 3720 ct
2614 3682 2792 3732 serva,
2815 3667 3016 3738 conjux
3061 3681 3204 3730 mea,
3254 3679 3464 3728 vereor.
3494 3675 3555 3714 ηε
3576 3667 3712 3723 illm"

2201 3759 2291 3820 do,
2343 3769 2563 3826 propter
2617 3759 2868 3813 crebram
2905 3759 3221 3816 absentiam
3253 3772 3429 3821 meam
3464 3750 3711 3844 indignata.

2203 3849 2488 3904 monachis
2523 3865 2582 3904 se
2626 3849 2884 3920 adiungat
2913 3861 3008 3908 aut
3047 3866 3134 3906 me
3184 3852 3403 3907 deserto
3454 3843 3601 3899 nubat
3624 3836 3708 3890 alii.

2202 3939 2526 4012 Nuperrime
2553 3943 2699 3998 enim
2726 3960 2794 3999 ex
2822 3943 2996 4000 Iberia
3022 3945 3180 4009 redii,
3205 3957 3381 3998 annos
3413 3937 3483 3994 ibi
3505 3935 3601 3990 duo
3625 3938 3712 3981 mo-

2204 4045 2380 4100 ratus,
2442 4045 2605 4105 atque
2659 4035 2703 4090 si
2762 4037 2904 4090 intra
2938 4050 3148 4106 paucos
3175 4035 3294 4090 dies
3323 4034 3509 4088 iterum
3538 4028 3712 4115 petesl‘f

2205 4129 2414 4191 abiero,
2445 4144 2668 4184 causam
2691 4129 2941 4183 idoneam
2961 4138 3016 4183 et
3033 4129 3242 4198 justam
3275 4105 3710 4181 inveuietfaciendl

2205 4221 2434 4273 alterum
2465 4220 2682 4280 borum.
2722 4233 2844 4288 quae
2869 4219 3003 4273 dixi.
3030 4236 3050 4269 ι
3093 4216 3394 4272 Subridens
3425 4209 3706 4276 imperator:

2215 4328 2232 4360 σ
2258 4310 2326 4363 At
2345 4320 2422 4372 tu,
2445 4311 2640 4379 inquit,
2663 4310 2748 4365 fac
2761 4317 2819 4364 ut
2843 4325 3005 4365 unum
3028 4309 3132 4364 hoc
3158 4309 3264 4363 iter
3281 4308 3556 4364 etiamnum
3575 4292 3710 4347 facere

2210 4401 2304 4454 tibi
2345 4403 2640 4468 permittat,
2684 4414 2746 4455 ac
2769 4402 2891 4469 jure
2917 4401 3158 4470 iurando
3194 4400 3294 4477 tibi
3329 4383 3708 4477 spondeo,AP°‘."

2209 4489 2312 4543 bac
2340 4507 2422 4542 me
2449 4505 2556 4543 non
2585 4490 2699 4558 jam
2731 4499 3046 4546 creaturum
3084 4490 3182 4544 tibi
3216 4476 3511 4545 molestiam
3540 4475 3708 4533 itineris

2207 4591 2358 4635 extra
2389 4581 2620 4651 patriam
2654 4581 2914 4637 faciendi.
2945 4581 3067 4637 Scis
3095 4591 3302 4645 autem,
3330 4590 3446 4649 qua:
3476 4569 3561 4627 tibi
3583 4566 3708 4660 benti-

2211 4674 2331 4728 ficia
2352 4647 2720 4743 promiserim,
2739 4690 2860 4744 quae
2883 4674 3026 4729 inter
3043 4689 3142 4730 nos
3165 4674 3331 4730 locuti
3361 4670 3522 4728 simus
3547 4668 3594 4716 ει
3609 4647 3708 4724 ειυίά

2209 4762 2390 4820 facere
2410 4757 2738 4833 cogitents,
2770 4775 2934 4834 atque
2974 4767 3078 4821 hoc
3109 4768 3329 4838 quidem
3353 4763 3504 4816 etiam
3525 4754 3624 4807 siue
3640 4757 3707 4798 sa-

2210 4857 2481 4911 cramenti
2508 4857 2768 4926 religione
2789 4867 3000 4914 certum
3029 4868 3130 4922 est,
3171 4856 3462 4928 legationes
3487 4854 3535 4901 et
3557 4840 3706 4928 itinera

2211 4957 2304 5002 tua
2355 4949 2516 5001 linem
2558 4947 2808 5002 habitura
2840 4963 2982 5003 esse.
3020 4926 3348 5018 Sigriifieabo
3387 4947 3551 4996 autem
3577 4926 3706 4982 Nota-

2211 5054 2305 5101 τω,
2335 5053 2532 5108 magno
2555 5039 2702 5106 duci,
2739 5055 2866 5093 cum
2920 5039 3104 5110 magni
3141 5039 3296 5094 ducis
3327 5041 3536 5090 munere
3559 5021 3706 5110 fitnisi“

2211 5142 2318 5195 tur,
2349 5147 2458 5186 non
2490 5146 2648 5200 posse
2686 5145 2812 5186 eum
2839 5145 3071 5200 praeesse
3098 5132 3262 5186 etiam
3311 5112 3702 5180 administratam

2208 5223 2410 5279 oﬂicio.
2460 5227 2639 5293 Atque
2685 5224 2791 5278 hoc
2853 5223 3000 5286 dico,
3031 5232 3090 5277 ut
3119 5232 3173 5278 te
3217 5235 3281 5278 eo
3308 5225 3515 5302 munere
3539 5205 3702 5302 οςιιίξιξι·

2208 5313 2394 5384 Neque
2425 5322 2605 5369 tamen
2635 5315 2809 5379 decet,
2829 5314 3065 5384 spoliare
3089 5328 3174 5368 me
3195 5327 3318 5366 eum
3347 5311 3439 5361 ista
3460 5294 3693 5366 dignitate.

2209 5405 2573 5460 Contemnere
2594 5407 2742 5460 enim
2774 5421 2898 5460 eum
2930 5406 3234 5466 videamur,
3261 5401 3360 5458 nisi
3383 5385 3700 5479 exspectet-mli

2209 5497 2608 5566 aliquantisper
2632 5507 2685 5551 et
2708 5497 2929 5551 modum
2963 5498 3364 5567 excogitcmus,
3383 5502 3482 5556 quo
3502 5489 3600 5533 eam
3615 5473 3701 5567 ιρξθ

2211 5603 2308 5643 sua
2339 5599 2533 5657 sponte
2562 5589 2822 5657 deponat.
2847 5566 3142 5644 Enimvero
3172 5584 3384 5642 habebit
3419 5566 3698 5662 rursuill’E'

2209 5699 2328 5736 mas
2373 5655 2428 5735 in
2492 5655 2745 5748 consilio,
2796 5690 2850 5735 et
2898 5681 3120 5736 aliunde
3155 5677 3368 5747 aliquod
3396 5655 3692 5748 stipendiarii.

2208 5772 2646 5841 quandoquidem
2688 5745 2773 5826 me
2819 5787 3034 5841 quoque
3061 5771 3199 5826 duos
3219 5745 3531 5824 e‘nobililate
3557 5745 3696 5841 consl'

2210 5837 2420 5926 liarios,
2464 5863 2652 5934 quales
2735 5864 2921 5919 habuit
2991 5865 3308 5932 imperator,
3367 5856 3514 5914 ira!”
3555 5837 3690 5890 mw’
