3976 6572
312 443 425 513 8ἳό

1353 449 1790 514 CHRONICO'N
1827 446 2190 512 MAJUS.-
2222 452 2362 516 LIB.
2404 455 2524 519 ΙΙΙ.

3441 453 3543 518 826

313 561 410 617 καὶ
439 562 697 633 πράττειν
721 563 1013 632 ἀναγκαῖα,
1060 565 1302 628 δουλείας
1353 583 1412 619 τε
1447 569 1540 621 καὶ
1591 565 1871 626 ὑποθέσεις
1901 566 1947 621 Δ
1975 566 2243 634 πέμπτον.
2272 569 2382 622 Καὶ
2399 565 2518 621 εἶπέ
2557 585 2649 638 μοι
2675 568 2804 637 περὶ
2843 566 3033 620 τούτου
3067 566 3231 620 πάλιν
3254 581 3270 599 ο
3333 585 3352 618 ι
3398 565 3545 620 Ἀλλ’

315 655 415 724 τῆς
441 653 732 728 βασιλείας.
772 675 793 710 ο
827 659 988 728 225
1022 660 1131 711 Kal
1153 659 1323 721 οὕτως
1358 659 1600 728 ὶμηνύθη
1652 662 1677 712 ό
1708 660 1882 727 μέγας
1984 656 2218 725 ὑποψίαν
2250 657 2360 726 ἔχω
2390 658 2472 711 ὅτι
2508 657 2602 711 ἐὰν
2637 658 2824 727 ἕτερόν
2877 674 2998 711 τινα
3047 656 3222 727 πάρεξ
3268 655 3364 708 σοῦ
3417 655 3550 708 ἁπο-

315 746 442 809 δοὺξ
463 746 549 799 διά
567 746 661 799 τοῦ
685 747 819 815 ἐμοῦ
845 749 939 801 καὶ
979 748 1143 802 αὐτοῦ
1177 750 1482 813 συντέκνου,
1528 749 1622 802 τοῦ
1671 751 1882 817 ίερομο-

1985 750 2198 815 στείλω,
2225 751 2284 803 οὐ
2317 750 2546 819 φυλάξει
2583 768 2673 820 μοι
2706 751 2805 822 τὴν
2842 749 3154 820 τρέπουσαν
3180 746 3392 800 εὖνοιαν
3451 747 3547 800 καὶ

318 840 483 907 νάχου
508 838 601 891 καὶ
624 839 991 908 πνευματικοῦ
1025 840 1224 908 πατρδς
1254 841 1532 908 Νεοφύτου
1565 839 1659 893 τοῦ
1713 843 1772 893 ὲν
1812 842 1882 910 τῇ
1985 840 2185 906 πίστιν,
2224 842 2300 912 μή
2343 859 2454 902 πως
2491 844 2846 912 άπατήσωσιν
2869 840 3028 894 αὐτὸν
3059 842 3106 893 οἱ
3140 838 3396 891 δεσπόται
3456 835 3552 888 καὶ

319 931 416 982 τοῦ
447 931 810 1000 Χαρσιανίτου
841 934 996 1001 μονῇ.
1019 933 1127 984 Καὶ
1158 932 1395 996 ἀκούσας
1421 935 1448 985 ό
1475 933 1723 1002 Νοταρᾶς
1757 935 1887 1003 περὶ
1985 931 2202 1000 ἀδελφοί
2227 948 2352 1002 μου,
2373 932 2730 1002 ὑποσχόμενοι
2752 932 2926 1001 τούτῳ
2951 932 3040 984 διὰ
3079 930 3253 998 τούτῳ
3305 928 3394 981 διὰ
3417 945 3552 996 χρυ-

273 1023 287 1035 “
319 1019 477 1073 τοῦδε
491 1019 584 1072 τοῦ
604 1020 856 1088 όφφικίου
881 1020 1119 1088 ἔστερξε,
1133 1020 1270 1091 πλὴν
1291 1021 1594 1091 ἐκουσίωςῆ
1615 1023 1885 1086 ἀκουσίως

322 1109 424 1161 ούκ
454 1103 573 1161 οῖδα
592 1119 606 1134 ⁸
632 1107 724 1160 καὶ
749 1107 946 1175 μᾶλλον
966 1107 1235 1161 ἐδείκνυεν
1263 1110 1343 1162 ὅτι
1371 1109 1464 1161 καὶ
1482 1111 1610 1179 πρὶν
1633 1109 1666 1178 ἢ
1689 1110 1784 1162 τοῦ
1811 1111 1889 1161 εἰ-

1991 1023 2278 1076 σοσούλλου
2331 1024 2453 1077 τινὰ
2485 1024 2767 1093 κώμην-ἢ
2830 1023 3016 1093 χώραν
3081 1020 3230 1089 αὐτῷ
3292 1019 3388 1073 καὶ
3441 1021 3554 1080 τοῖς

1991 1114 2354 1185 κληρονόμοις
2418 1115 2584 1169 αὐτοῦ
2646 1115 2790 1168 κατὰ
2851 1113 3125 1183 διαδοχὴν,
3170 1111 3264 1166 καὶ
3311 1111 3558 1170 πεισθεὶς

325 1204 450 1253 πεῖν
476 1201 624 1270 αύτῷ
654 1200 781 1269 περὶ
801 1199 987 1252 τούτου
1022 1202 1292 1268 ἐλογίζετο
1324 1201 1726 1270 ποιῆσαι,ὅπως
1740 1201 1835 1254 καὶ
1859 1203 1889 1254 ό
1991 1209 2374 1280 ἀποδοκιμάσῃ
2400 1209 2468 1262 τὰ
2516 1209 2755 1278 τέτταρα
2787 1207 3054 1277 εἰρημένα
3113 1203 3405 1272 κεψάλαια,
3461 1205 3556 1254 καὶ

327 1292 583 1361 βασιλεὺς
610 1294 1018 1365 ἁντιχαρίσηται
1071 1296 1182 1356 τοῖς
1231 1294 1366 1354 υἱοῖς
1389 1292 1552 1345 αὑτοῦ
1575 1292 1742 1361 άλλην
1769 1292 1892 1345 τινὰ
1995 1301 2178 1374 πράξῃ
2209 1302 2350 1354 κατὰ
2377 1302 2438 1354 τὸ
2480 1301 2757 1370 πέμπτον,
2785 1299 2925 1368 ὅπερ
2963 1295 3269 1368 βαρύτατόν
3308 1311 3398 1364 μοι
3441 1292 3550 1346 ἔσε-

327 1384 515 1453 τιμήν·
539 1385 722 1436 Ταῦτα
738 1385 830 1437 οὖν
860 1386 1031 1455 πέρας
1051 1385 1150 1437 οὒκ
1182 1383 1371 1438 ἔλαθον
1410 1383 1498 1437 διὰ
1547 1383 1647 1450 τὴν
1681 1383 1891 1452 ταχέως
1995 1412 2107 1448 ται.
2142 1393 2316 1457 Αὐτὸς
2349 1390 2496 1457 οἶδας
2521 1393 2617 1448 καὶ
2641 1394 2734 1448 τὸν
2756 1393 2867 1447 ἀπὸ
2893 1393 2991 1462 τῆς
3025 1390 3256 1457 Κύπρου
3289 1386 3560 1458 ρηγίσσας

331 1474 658 1528 ἐπελθοῦσαν
702 1477 784 1539 εις
815 1478 960 1546 ἡμᾶς
1021 1477 1206 1544 κοινὴν
1238 1475 1542 1545 συμφοράν.
1577 1474 1684 1527 Καὶ
1731 1473 1892 1528 πάλιν
1996 1484 2094 1554 τῆς
2138 1485 2280 1554 ὲμῆς
2323 1484 2554 1553 ἀνεψιᾶς
2590 1485 2972 1540 ἀποσταλέντα
3027 1481 3281 1552 μοναχδν,
3332 1477 3562 1546 λέγοντά

331 1564 455 1620 εἶπέ
483 1585 572 1638 μοι
597 1568 626 1619 6
648 1567 899 1638 βασιλεὺς
927 1571 1008 1622 ὅτι
1034 1569 1223 1639 ἤθελεν
1253 1567 1608 1637 εὐεργετῆσαι
1661 1583 1750 1636 μοι
1800 1566 1895 1620 καὶ

330 1658 430 1726 τὴν
479 1659 734 1728 τοιαύτην
766 1659 944 1730 χάριν,
980 1660 1068 1712 ἵνα
1121 1659 1350 1728 συζεύξῃ
1381 1659 1459 1720 είς
1511 1660 1743 1725 γυναῖκα
1791 1657 1892 1727 τὴν

333 1749 475 1816 ἐμὴν
499 1748 773 1818 θυγατέρα
797 1747 874 1818 τῷ
911 1747 1177 1817 νεανίσκῳ
1206 1748 1400 1818 δκείνῳ
1418 1747 1670 1816 Νικολάῳ
1689 1745 1766 1816 τῷ
1787 1747 1898 1799 Με-

2001 1595 2094 1646 μοι
2133 1577 2215 1630 ὅτι
2247 1579 2371 1631 ἐπεὶ
2395 1581 2428 1648 ἡ
2468 1578 2712 1648 ρἡισσα
2742 1577 2844 1630 οὐκ
2877 1572 3024 1646 εῖχεν
3057 1573 3346 1643 ἄνθρωπον
3373 1571 3564 1624 πιστὸν

2000 1669 2095 1722 καὶ
2118 1669 2422 1737 ἐπιτήδειον
2466 1669 2707 1739 μηνῦσαί
2741 1686 2832 1737 μοι
2896 1667 2966 1721 δι’
3017 1665 3184 1722 αὑτοῦ
3239 1665 3309 1718 τά
3340 1665 3442 1718 ὅσα
3494 1657 3561 1733 ἦν

1955 1832 1959 1834 _
2001 1761 2304 1826 ἀναγκαῖα,
2327 1757 2451 1812 οὔτε
2475 1759 2699 1813 δυνατὸν
2720 1754 2790 1829 ἦν
2816 1757 2892 1822 ὼς
2921 1758 3107 1826 ἐκείνη
3138 1756 3406 1826 ἐπεθύμει
3435 1754 3564 1806 συλ-

332 1840 590 1909 λισσηώ.
617 1840 695 1910 τῷ
723 1841 824 1908 υίῷ
855 1857 985 1894 ποτε
1010 1841 1324 1910 Νικηφόρου
1354 1839 1448 1893 τοῦ
1466 1840 1897 1910 Μελισσηνοῦιδν
1932 1899 1970 1922 η
2003 1851 2231 1922 λαλῆσαί
2274 1868 2364 1921 μοι
2400 1851 2487 1904 διὰ
2541 1851 2832 1920 στόματος,
2873 1845 3244 1912 ὲξαποστείλω
3286 1843 3397 1913 ἐγὼ
3427 1843 3564 1914 πρὸς

335 1934 430 1986 καὶ
483 1934 887 2005 Μελισσουργὸν
936 1934 1303 2002 ἑπωνόμαζον,
1367 1933 1460 1985 τοῦ
1515 1933 1610 1986 καὶ
1655 1933 1894 2002 μεγάλου
1931 1933 1972 1952 ⁵³
2001 1943 2170 2013 αὐτὴν
2193 1943 2484 2012 ἄνθρωπον
2518 1945 2583 1996 ἐκ
2630 1945 2731 2012 τῆς
2782 1941 3066 2012 ἡμετέρας
3115 1937 3285 2004 αὐλῆς
3341 1937 3565 2004 δόκιμον

336 2027 840 2097 πρωτοστράτορος.
863 2025 1160 2096 ὕστερονδὲ
1195 2027 1290 2080 καὶ⁵
1325 2023 1715 2094 μητροπολίτου
1745 2039 1901 2090 γεγο-

334 2119 510 2182 νότος,
555 2116 630 2180 ὡς
657 2117 716 2170 ὲν
744 2117 821 2185 τῷ
845 2114 1296 2187 δευτέρῳ,βι6λίῳ
1325 2117 1423 2182 τῆς
1469 2115 1627 2184 ήμῶν
1661 2112 1901 2183 ἱστορίας

336 2208 690 2278 ιμνήσθημεν
711 2211 825 2264 ’καλ⁸
852 2210 949 2277 τὴν
973 2209 1327 2277 ὲπιτροπικὴν
1354 2206 1637 2276 διοίκησιν,
1653 2207 1720 2276 ἢν
1765 2220 1903 2274 προ·

339 2295 668 2364 ειρήκαμεν,
703 2295 812 2349 τῶν
838 2299 1028 2350 τούτου
1056 2296 1234 2349 τόπων
1267 2295 1360 2348 καὶ
1385 2295 1578 2365 χώρων
1605 2293 1778 2364 δώσῃ⁹
1812 2309 1902 2362 μοι

337 2385 436 2438 τοῦ
469 2385 666 2440 ίθύνειν
687 2388 783 2442 καὶ
802 2387 1091 2458 κυϐερνᾷν,
1129 2386 1235 2450 ἕως
1266 2387 1326 2439 οὗ
1357 2388 1390 2456 ἠ
1422 2387 1529 2457 ipsi;
1566 2384 1812 2454 θυγάτηρ
1845 2385 1905 2436 τὸ

339 2478 844 2550 δίκατοντίταρτον
872 2480 990 2543 ιτος
1033 2481 1216 2551 φθάσῃ
1254 2480 1350 2532 καὶ
1379 2480 1406 2531 6
1457 2478 1637 2546 γάμος
1702 2476 1906 2540 τέλειος

343 2570 591 2636 γένηται.
625 2566 735 2624 Καὶ
763 2567 901 2639 αὕτη
934 2570 1034 2639 μὲν
1060 2565 1126 2640 ἦν
1165 2571 1198 2638 ἡ
1227 2569 1505 2632 ὑπόθεσις,
1539 2569 1667 2638 περὶ
1695 2561 1762 2638 ἧς
1792 2565 1908 2618 ἐλε-

342 2661 493 2726 γενό
515 2657 768 2728 βασιλεὺς
797 2658 881 2712 ὅτι
909 2661 966 2712 αἱ
992 2660 1058 2713 δι’
1091 2659 1229 2729 ιμοῦ
1258 2659 1546 2730 πρεσϐεῖαι
1581 2659 1675 2712 καὶ
1699 2658 1909 2711 ὁδοιπο-

347 2747 464 2816 ρίαι
486 2750 786 2806 παύσωσιν.
818 2749 1025 2821 Εἶρηκέ
1057 2768 1146 2820 μοι
1176 2752 1270 2804 καὶ
1295 2751 1472 2814 τοῦτο,
1498 2751 1580 2804 ὅτι
1621 2751 1678 2802 ὲν
1703 2752 1771 2818 τῇ
1801 2750 1908 2801 Πε-

345 2836 665 2908 λοποννήσῳ
693 2838 884 2908 ἤθελεν
915 2841 1230 2893 ἀποστεῖλαι
1257 2840 1447 2911 ἔτερόν
1477 2857 1597 2892 τινα
1647 2839 1754 2892 τῶν
1807 2855 1909 2908 γη-

351 2927 522 2997 ραιῶν
545 2929 840 2998 ἀρχόντων,
868 2931 952 2984 ἵνα
969 2933 1035 2986 τὰ
1053 2933 1251 2997 ἐκεῖσε,
1279 2931 1353 2994 ὡς
1385 2931 1616 3000 ἔφημεν,
1642 2930 1908 3000 διορθώσῃ

351 3021 495 3089 μετὰ
525 3023 636 3074 τῶν
665 3023 911 3093 ἀδελφῶν
944 3024 1134 3086 αὑτοῦ,
1167 3026 1259 3077 καὶ
1285 3023 1540 3077 ἀνάθεσιν
1559 3023 1704 3092 δὼσῃ
1747 3023 1913 3092 226

348 3109 498 3178 αὐτῷ
530 3110 644 3174 πῶς
676 3111 774 3182 ἔχῃ
807 3112 1006 3182 πρᾶξαι
1043 3127 1056 3140 ·
1095 3113 1144 3164 εί
1193 3110 1250 3164 ἓν
1285 3109 1591 3180 κεφαλαίων
1619 3110 1682 3160 ού
1708 3108 1910 3176 δυνηθῇ

2001 2037 2096 2088 καὶ
2145 2035 2362 2088 πιστόν.
2394 2034 2492 2088 Διὰ
2520 2031 2681 2088 τοῦτο
2709 2032 2903 2102 ἕτερόν
2927 2047 3050 2083 τινα
3085 2029 3184 2100 οὐχ
3213 2026 3447 2100 ἁρμόζει
3463 2026 3568 2080 πά·

2004 2124 2099 2196 ρεξ
2133 2126 2228 2179 σοῦ
2265 2127 2468 2179 εἰδέναι
2496 2125 2565 2178 τὰ
2617 2125 2897 2194 μυστήρια
2932 2122 3117 2192 ἡμῶν,
3169 2121 3262 2174 καὶ
3298 2118 3474 2180 οὐδεὶς
3508 2117 3568 2180 ὃς

2004 2218 2410 2289 ἁρμοδιώτερός
2467 2233 2588 2284 σου,
2647 2216 2697 2269 εί
2747 2215 2823 2286 μὴ
2901 2214 3065 2284 μόνον
3145 2211 3212 2265 σὺ
3271 2213 3301 2264 ὁ
3351 2209 3568 2278 πράξας

2005 2311 2104 2365 καὶ
2147 2311 2355 2378 στήσας
2406 2310 2500 2363 καὶ
2532 2304 2806 2378 ὁμιλήσας
2865 2307 2960 2360 καὶ
3005 2305 3442 2376 πληροφορήσας
3500 2301 3573 2354 τὰ

2007 2403 2187 2457 πάντα
2251 2401 2371 2473 μετ’
2416 2401 2590 2471 αὐτῆς
2641 2403 2736 2454 καὶ
2785 2401 2843 2454 ὲν
2888 2399 3059 2468 ἑτέρῳ
3116 2395 3333 2467 καιρῷο
3391 2395 3472 2448 διδ
3507 2395 3569 2448 ού

2005 2495 2228 2548 δύναται
2283 2493 2351 2546 δι’
2406 2492 2572 2548 άλλου
2621 2491 2767 2555 τινδς
2831 2492 2862 2562 ἢ
2933 2490 3196 2552 ὑπόθεσις
3253 2489 3429 2558 πέρας
3475 2487 3573 2540 λαο

2008 2587 2144 2637 εεῖν.
2187 2603 2208 2637 ι
2275 2583 2418 2651 Ἐγὼ
2465 2584 2524 2638 δὲ
2559 2583 2726 2638 πάλιν
2775 2582 3104 2652 ἀποκριθεὶς
3165 2576 3297 2634 εἶπα
3343 2577 3422 2647 τῷ
3481 2577 3576 2649 βα-

2009 2677 2183 2729 σιλεῖ’
2237 2695 2257 2729 ε
2315 2675 2407 2738 Ὠς
2461 2674 2676 2728 κελεύει
2715 2674 2750 2744 ἠ
2787 2673 3035 2744 βασιλεία
3085 2689 3203 2735 σου,
3234 2667 3573 2739 οὖτωςῐχει.

2009 2764 2238 2819 Ἕνεκεν
2254 2763 2463 2819 τούτων
2483 2765 2595 2817 τῶν
2616 2765 2858 2832 εὐλόγων
2875 2763 3070 2818 αἰτιῶν
3089 2764 3124 2833 ἡ
3137 2761 3524 2833 ἑμὴσύνευνος
3538 2760 3572 2828 ἠ

2007 2856 2168 2925 227
2199 2854 2357 2924 δούλη
2408 2872 2502 2908 σου
2533 2855 2648 2924 ἅμα
2677 2857 2791 2919 τοῖς
2830 2857 2985 2926 ἑμοῐς
3015 2853 3334 2924 συγγενέσιν
3374 2851 3436 2904 ού
3460 2868 3574 2904 κω-

2007 2945 2230 2997 λύσουσί
2291 2961 2380 3013 με,
2437 2945 2488 2996 ει
2525 2945 2685 3016 τύχῃ,
2728 2944 2825 2997 καὶ
2877 2944 3092 3013 ποιήσω
3137 2941 3201 2995 τὸ
3235 2939 3577 3013 προσταχθέν

2012 3052 2125 3104 μοι.
2161 3035 2264 3086 Ἦν
2296 3030 2357 3087 εὖ
2402 3035 2714 3106 μακαρίσω,
2740 3033 3032 3104 ἀναφέρων
3059 3034 3194 3103 αὐτῇ
3229 3031 3312 3085 ἔτι
3341 3030 3472 3100 περὶ
3503 3023 3579 3084 ὧν

2008 3125 2096 3178 διὰ
2119 3127 2216 3193 τῆς
2251 3124 2667 3193 καλοκαγαθίας
2693 3127 2793 3195 τῆς
2831 3123 3114 3194 βασιλείας
3141 3139 3237 3175 σου
3262 3120 3460 3187 suae;
3489 3137 3583 3190 μοι

348 3204 595 3296 ῖτοιῇσέιν
623 3203 803 3296 ιξτράξῒι
835 3204 977 3257 κατά
998 3204 1091 3296 γτδγ
1118 3202 1393 3296 δεβτερδνο
1433 3203 1546 3296 fui
1573 3199 1718 3296 sui“
1771 3199 1910 3296 κατᾲ
1936 3233 1981 3296 C
2016 3219 2146 3288 περὶ
2188 3218 2289 3285 τῆς
2321 3217 2462 3286 ἐμῆς
2493 3215 2764 3286 θυγατρὸς
2803 3213 3108 3284 ὐπανδρίας
3156 3213 3249 3266 καὶ
3277 3213 3458 3266 τόπων
3487 3212 3582 3264 καὶ

347 3293 604 3364 διαδοχὴν
625 3295 656 3364 ἢ
679 3296 738 3348 τὸ
773 3296 956 3364 τρίτον
989 3295 1022 3365 ἢ
1049 3295 1111 3346 τὸ
1139 3294 1396 3363 τέταρτον
1427 3291 1461 3361 ἢ
1492 3292 1551 3358 ἐξ
1585 3291 1828 3362 ἀνάγκης
1849 3291 1911 3343 τδ
1947 3291 1981 3296 ’
2012 3305 2181 3376 τιμῆς
2232 3306 2524 3377 δωρήσεως
2576 3306 2668 3360 καὶ
2712 3305 2981 3376 ἀναδοχῆς
3020 3304 3182 3358 πλέον
3237 3301 3348 3356 τῶν
3405 3302 3581 3357 ἄλλων

351 3423 540 3462 creare
561 3423 785 3465 necesse
815 3416 918 3474 est,
947 3407 1040 3478 qui
1065 3423 1161 3478 per
1189 3415 1362 3463 t0tum
1395 3406 1537 3460 diem
1566 3419 1776 3459 mecum
1803 3403 1914 3458 sint

351 3501 410 3555 in
442 3502 643 3570 palatio
691 3503 756 3556 ad
790 3501 1143 3571 providenda,
1197 3499 1525 3564 ordinanda,
1581 3507 1639 3554 et
1667 3497 1914 3552 facienda

353 3596 662 3649 necessaria
715 3604 828 3648 tum
892 3595 1118 3650 servitia
1185 3602 1298 3647 tum
1357 3592 1582 3648 consilia
1641 3591 1908 3659 imperii.»

351 3690 535 3758 Atque
570 3688 643 3741 ita
694 3687 1058 3756 significatum
1110 3693 1195 3740 est
1218 3699 1413 3753 magno
1446 3683 1578 3738 duci
1609 3699 1704 3752 per
1735 3695 1915 3735 meum

353 3793 411 3838 et
464 3783 637 3852 ipsius
665 3791 1024 3850 eompatrem,
1058 3767 1545 3834 hicromonacbnm
1579 3785 1633 3830 et
1658 3775 1918 3844 spiritua-

358 3876 463 3927 lem
523 3883 729 3943 patrem
759 3871 1124 3943 NeOphytum,
1161 3871 1252 3941 qui
1317 3871 1369 3925 in
1403 3868 1766 3923 Charsianita‘.
1796 3881 1917 3922 mo-

359 3967 602 4020 nasterio
631 3977 768 4020 erat.
804 3965 1044 4020 Edoctus
1077 3963 1146 4018 de
1173 3968 1274 4018 hoc
1305 3961 1483 4021 oﬂlcio
1516 3960 1773 4026 Notaras,
1806 3975 1916 4014 non

357 4057 722 4127 repugnabat,
779 4066 962 4111 utrum
1017 4055 1252 4110 libenter
1300 4063 1507 4116 tamen,
1565 4067 1632 4105 an
1685 4050 1915 4114 invitus,

350 4148 580 4204 nescio:
609 4164 916 4220 quanquam
953 4163 1061 4218 prae
1083 4162 1143 4202 se
1161 4147 1387 4210 ferebat,
1415 4147 1576 4200 etiam
1627 4153 1918 4213 antequam

359 4242 600 4296 monitus
629 4252 794 4305 esset,
838 4240 1106 4308 c0gitasse
1144 4254 1205 4294 se
1258 4237 1403 4293 istud
1431 4238 1632 4302 facere,
1668 4236 1918 4305 utimpe-

360 4340 510 4387 rator
564 4332 734 4401 ipsius
767 4332 892 4386 filiis
921 4331 1084 4384 aliato
1129 4330 1434 4400 impertiret
1480 4329 1822 4399 dignitatem.
1850 4330 1921 4382 At

357 4423 503 4479 enim
538 4425 654 4479 haec
683 4438 788 4478 non
840 4424 1146 4478 habuerunt
1176 4422 1381 4477 exitum
1437 4431 1656 4491 prapter
1675 4436 1923 4476 commu-

360 4531 485 4570 nem
525 4515 688 4570 citius
716 4516 770 4568 in
803 4529 904 4568 nos
947 4515 1287 4582 ingruentem
1343 4514 1735 4567 calamitatem.
1772 4511 1918 4564 Rur-

359 4623 458 4664 sus
485 4608 615 4661 mihi
650 4605 939 4660 allirmavit
970 4605 1287 4674 imperator,
1325 4605 1495 4658 etiam
1524 4605 1665 4659 hanc
1687 4619 1748 4658 se
1782 4603 1917 4656 mihi

359 4697 593 4767 gratiam
620 4699 896 4763 daturum,
923 4705 981 4750 nt
1011 4696 1174 4750 filiam
1210 4709 1385 4750 meam
1405 4695 1593 4764 juveni
1625 4695 1924 4761 collocaret

359 4787 584 4843 Nicolao
609 4786 919 4853 Melisseno,
953 4787 1064 4841 filio
1099 4787 1394 4856 Nicephori
1425 4785 1725 4862 Melisscni,
1755 4802 1918 4856 quem

359 4880 746 4949 Melissurgum
800 4879 1278 4949 cognominabant,
1343 4879 1526 4949 magni
1561 4888 1924 4948 pratostrato-

360 4976 464 5040 ris,
499 4983 684 5036 postea
717 4987 842 5027 vero
880 4973 1044 5026 etiam
1087 4971 1449 5040 metrOpolitze
1484 4986 1707 5026 munere
1724 4971 1921 5034 functi,

359 5067 820 5136 quemadmodum
853 5048 1204 5119 historiarum
1243 5064 1382 5119 libro
1407 5065 1645 5119 secundo
1679 5078 1924 5118 comme-

362 5159 730 5223 moravimus;
798 5157 1074 5226 pollicitus
1129 5157 1316 5220 etiam,
1352 5157 1679 5211 traditurum
1705 5173 1764 5212 se
1790 5157 1924 5211 mihi

359 5251 648 5314 vicariano,
679 5250 836 5318 cujus
867 5258 996 5303 ante
1041 5248 1375 5303 mentionem
1408 5249 1658 5315 fecimus,
1693 5248 1926 5302 admini-

361 5344 679 5398 strationem
704 5343 947 5397 locorum
978 5342 1100 5412 ejus
1133 5341 1590 5411 oppidorumque,
1613 5356 1736 5410 qua:
1762 5341 1927 5394 habeo

361 5453 476 5491 rem
534 5448 588 5491 et
648 5451 1018 5506 procurarem,
1078 5434 1259 5490 donec
1312 5435 1418 5489 filia
1487 5450 1608 5488 mea
1653 5435 1925 5490 decimum

359 5540 616 5597 quartum
642 5545 847 5584 annum
883 5528 1151 5599 attigisset
1182 5540 1237 5581 et
1259 5528 1460 5597 nuptiae
1499 5530 1714 5582 flerent.
1748 5530 1926 5595 Atque

362 5625 467 5677 hoc
514 5623 644 5676 illud
689 5621 814 5686 fuit,
874 5622 926 5673 in
954 5636 1062 5689 quo
1113 5619 1410 5688 legationes
1454 5629 1508 5673 et
1562 5617 1754 5672 itinera
1809 5633 1924 5670 mea

361 5719 522 5769 finem
579 5731 701 5771 esse
761 5715 1011 5768 habitura
1069 5714 1367 5781 imperator
1419 5710 1726 5764 affirmavit.
1780 5708 1922 5763 Idem

361 5807 502 5864 mihi.
517 5807 676 5874 dixit,
694 5808 828 5862 velle
844 5823 900 5863 se
923 5808 976 5861 in
1004 5806 1434 5875 Peloponnesum
1459 5804 1623 5858 alium
1652 5818 1681 5855 ο
1704 5804 1924 5858 smihns

1951 4556 1997 4610 ι)

2015 3421 2336 3489 optimatum
2391 3420 2630 3487 mittere,
2656 3419 2750 3488 qui
2779 3418 2891 3474 illic
2947 3433 3059 3483 res,
3099 3416 3168 3472 dc
3198 3411 3402 3486 quibus
3439 3413 3582 3468 dixi-

2017 3527 2160 3574 mus,
2188 3526 2312 3566 cum
2345 3511 2604 3566 fratribus
2625 3518 3035 3580 componerent,
3059 3519 3113 3564 et
3145 3506 3376 3562 referret
3408 3505 3474 3560 ad
3499 3519 3583 3568 se,

2016 3592 2146 3673 quid
2178 3603 2320 3657 facto
2348 3617 2488 3672 opus
2515 3609 2690 3657 esset:
2725 3602 2919 3671 quodsi
2981 3617 3087 3654 non
3125 3609 3310 3669 posset
3342 3597 3583 3668 primum

2017 3703 2178 3763 caput
2201 3693 2471 3758 obtinere,
2501 3691 2746 3747 obtinere
2778 3690 3038 3744 niteretur
3063 3688 3388 3753 secundum,
3423 3695 3586 3754 atque

2018 3787 2090 3842 ita
2126 3788 2384 3856 deinceps
2415 3795 2510 3842 aut
2539 3786 2780 3848 tertium,
2807 3795 2906 3839 aut
2938 3793 3217 3853 quartum,
3244 3790 3362 3848 aut,
3404 3781 3451 3835 si
3488 3795 3582 3834 ne-

2019 3879 2245 3934 cessitas
2276 3877 2814 3946 c0gcret,quintum.
2850 3873 3099 3928 Rursus:
3131 3872 3264 3926 «Sed
3292 3871 3364 3938 si,
3385 3871 3585 3940 inquit,

2019 3970 2184 4024 alium
2215 3977 2411 4038 prater
2453 3977 2506 4024 te
2536 3969 2758 4033 misero,
2790 3977 2995 4032 metuo,
3040 3973 3098 4020 ut
3134 3964 3180 4019 is
3217 3963 3454 4018 debitam
3488 3962 3591 4014 mi-

2020 4062 2073 4116 hi
2095 4060 2522 4116 benevolentiam
2557 4067 2614 4114 et
2638 4059 2798 4113 fidem
2829 4067 3069 4128 praestet,
3111 4071 3246 4110 neve
3273 4071 3400 4110 eum
3437 4053 3590 4106 deci-

2018 4155 2173 4224 piant
2233 4153 2495 4220 deSpotaa,
2553 4149 2754 4204 fratres
2799 4149 2930 4212 mei,
2991 4162 3085 4217 per
3117 4145 3317 4201 bullam
3366 4157 3587 4198 auream

2022 4247 2202 4299 vicum
2251 4242 2485 4311 aliquem
2547 4241 2632 4294 vel
2668 4237 2946 4309 regionem
2993 4237 3098 4307 ipsi
3175 4244 3229 4290 et
3279 4231 3589 4288 hmredibus

2021 4337 2276 4406 deinceps
2326 4332 2586 4405 polliciti:
2619 4347 2728 4403 qua
2782 4331 2871 4385 ille
2901 4345 2961 4384 re
2991 4335 3323 4391 commotus,
3349 4333 3593 4394 quatuor

2023 4428 2293 4497 capitibus
2317 4424 2537 4494 rejectis
2560 4461 2576 4486 ,
2605 4423 2672 4478 de
2708 4423 2826 4477 solo
2855 4420 3050 4490 quinto
3077 4425 3238 4488 agat:
3275 4414 3420 4486 quod
3457 4412 3591 4467 mihi

2025 4517 2470 4572 molestissimum
2503 4514 2798 4570 accideret.
2836 4514 3104 4568 Pra‘terea
3130 4509 3241 4565 scis
3271 4508 3386 4577 ipse
3406 4547 3420 4570 ,
3455 4521 3486 4560 a
3512 4521 3596 4558 re-

2025 4610 2150 4678 gina
2183 4605 2366 4678 Cypri,
2400 4615 2630 4675 cognata
2647 4619 2790 4669 mea,
2815 4603 2883 4657 ad
2903 4618 2991 4656 me
3011 4601 3240 4655 missum
3262 4595 3590 4650 monachum

2026 4701 2347 4764 dixisse,ut,
2368 4712 2493 4752 cum
2515 4697 2701 4766 regina
2724 4709 2831 4749 non
2856 4693 3080 4747 haberet
3116 4689 3394 4745 hominem
3428 4687 3592 4740 fidum

2025 4804 2079 4847 et
2133 4791 2405 4853 idoneum,
2447 4804 2542 4858 per
2594 4803 2756 4857 quem
2788 4800 2876 4839 res
2917 4783 3181 4850 quasdam
3213 4779 3438 4834 maximi
3475 4793 3595 4831 mo-

2026 4884 2195 4941 menti
2233 4898 2447 4939 mecum
2471 4877 2925 4938 communicaret,
2959 4889 3062 4929 nec
3104 4881 3311 4942 posset,
3350 4879 3410 4924 ut
3439 4877 3594 4938 opta-

2028 4987 2128 5038 ret,
2161 4989 2348 5030 coram
2381 4985 2596 5027 mecum
2638 4968 3020 5037 colloqui,ego
3037 4966 3102 5018 ad
3133 4963 3276 5016 illam
3315 4961 3593 5014 hominem

2027 5087 2090 5125 ex
2117 5079 2301 5124 nostra
2326 5067 2450 5121 aula
2469 5072 2775 5135 spectatum
2801 5070 2855 5116 et
2879 5058 3042 5113 fidum
3063 5055 3358 5110 mitterem.
3415 5049 3595 5115 Quare

2029 5164 2146 5220 fieri
2204 5163 2412 5231 nequit,
2444 5172 2502 5214 ut
2545 5157 2659 5222 alii,
2689 5169 2751 5208 ac
2784 5154 2906 5216 tibi,
2964 5156 3174 5207 secreta
3206 5154 3393 5200 nostra
3438 5145 3596 5196 inno-

2032 5264 2265 5320 tescant,
2340 5265 2513 5323 neque
2575 5260 2658 5304 est
2716 5247 3006 5316 quisquam
3073 5249 3123 5294 te
3182 5237 3386 5308 aptior,
3412 5248 3593 5323 quan-

2029 5343 2321 5414 doquidem
2373 5322 2438 5397 tu
2475 5341 2639 5396 etiam
2695 5338 2833 5392 alias
2883 5334 3065 5389 omnia
3123 5345 3250 5384 cum
3284 5327 3371 5381 illa
3407 5322 3592 5392 egisti,

2028 5435 2402 5500 constituisti,
2489 5427 2956 5490 communicasti,
3033 5420 3329 5493 perfecisti.
3417 5415 3590 5482 Quam

2027 5528 2098 5583 ob
2125 5541 2238 5580 rem
2272 5539 2366 5593 per
2397 5521 2564 5576 alium
2600 5519 2744 5574 istud
2779 5515 3054 5585 negotium
3084 5509 3291 5564 absolvi
3323 5507 3529 5574 nequit.
3569 5518 3589 5551 ι

2029 5621 2142 5689 Ego
2184 5619 2254 5671 ita
2296 5614 2550 5684 respondi
2587 5629 2604 5668 :
2664 5630 2682 5664 ι
2726 5609 2884 5666 Sicut
2911 5620 3126 5668 censes,
3174 5603 3492 5671 imperator,
3519 5603 3591 5648 Ita

2029 5727 2115 5765 res
2166 5709 2345 5763 habet.
2397 5707 2476 5760 Ac
2532 5714 2752 5776 propter
2802 5703 2935 5756 istas
2990 5696 3340 5768 gravissimas
3399 5702 3595 5742 causas

2030 5803 2229 5874 conjux
2278 5817 2418 5866 mea,
2452 5813 2607 5854 serva
2661 5806 2776 5860 tua,
2833 5807 2958 5850 cum
3014 5787 3240 5860 reliquis
3272 5779 3597 5856 propinquis
