3976 6574
513 413 618 477 827

1748 417 2066 479 GEORGII
2107 417 2207 477 PII
2218 418 2533 478 RANTZrE
3601 418 3680 484 828

501 523 898 594 ἀρχοντισσῶν.
929 543 949 577 ι
980 525 1094 580 Καὶ
1127 525 1302 588 οὕτως
1333 526 1526 596 καιροῦ
1554 527 1617 597 δὴ
1645 527 1796 592 ὄντος
1827 528 1920 582 τοῦ
1950 532 2074 599 ἀρι-
2101 533 2148 588 Α
2177 547 2315 594 χιον,
2351 532 2409 584 τὸ
2439 529 2534 584 τοῦ
2569 529 2807 600 μεγάλου
2860 529 3165 599 λογοθέτου.
3207 549 3225 582 ι
3271 532 3330 585 ὐ
3354 531 3406 584 δὲ
3443 531 3552 600 δούξ
3573 535 3678 589 ἁπο-

503 617 704 685 στησαι
735 621 1124 689 προσκυνήσας
1149 619 1258 687 ἐγὼ
1304 621 1545 680 ἀπῆλθον
1579 622 1782 674 οἴκαδε.
1831 621 1986 676 Μετὰ
2015 623 2072 674 δὲ

500 709 562 760 τὸ
594 709 819 779 ἄριστον
844 709 1088 772 ἐλθόντος
1131 711 1228 764 τοῦ
1269 713 1512 781 μεγάλου
1541 712 1729 777 δουκὺς
1762 716 1822 766 ὲν
1851 715 1932 779 τῷ
1963 732 2072 767 πα-

500 800 671 870 λατίῳ
701 803 944 871 ὲφήσατο
987 804 1138 874 αὐτῷ
1169 806 1198 857 6
1229 805 1483 873 βασιλεὺς
1521 806 1590 859 τὰ
1639 806 1738 861 ὃσα
1783 806 1902 875 μετ’
1933 805 2071 875 ἐμοῦ

500 893 733 961 ἐλάλησε
782 895 1040 963 περὶτοῦ
1089 897 1334 966 πρέσϐυν
1377 915 1442 964 με
1496 898 1772 963 ἀπελθεῖν,
1807 899 1924 952 ἀλλ’
1973 899 2070 952 οὐκ

499 983 858 1053 ἀπεκάλυψεν
889 986 1038 1056 αὐτῴ
1064 987 1134 1039 δι’
1163 988 1230 1058 ἢν
1255 989 1436 1042 αἰτίαν
1458 1005 1471 1017 ·
1509 991 1606 1042 καὶ
1640 990 1947 1061 προσέθηκε
1976 997 2070 1044 καὶ

498 1075 678 1136 τοῦτο,
709 1077 792 1130 ὅτι
824 1078 1150 1146 Ἀναγκαίόν
1167 1083 1283 1135 ἐστι
1316 1084 1640 1152 τιμήσωμεν
1674 1084 1770 1136 καὶ
1795 1087 1955 1154 ἡμεῖς
1979 1087 2070 1139 τὸν

497 1169 803 1238 Φραντζῆν,
849 1170 983 1224 διότι
1041 1172 1102 1224 τὸ
1146 1175 1399 1241 ὀφφίκιον
1438 1177 1466 1229 ὃ
1499 1177 1765 1246 κέκτηται
1793 1178 1892 1230 οὐκ
1923 1179 2068 1230 ἔστιν

497 1260 822 1328 εὐχαριστία
852 1263 1078 1332 οὐδεμία
1113 1265 1252 1334 πρδς
1295 1268 1466 1336 ἡμᾶς,
1499 1269 1635 1320 διότι
1665 1270 1814 1338 παρὰ
1837 1269 1932 1322 τοῦ
1969 1269 2068 1340 βα-

501 1351 692 1415 σιλέως
736 1355 830 1406 τοῦ
859 1357 1091 1425 ἀδελφοῦ
1147 1377 1248 1428 μου
1295 1363 1644 1433 εὐηργετήθη
1703 1365 1860 1418 τοῦτο
1895 1367 2064 1435 αὐτῷ.

495 1445 586 1496 Διὸ
610 1445 760 1512 λέξον
787 1449 937 1519 αὐτῷ
981 1453 1136 1504 ποίον
1170 1453 1302 1507 ἄλλο
1331 1455 1442 1508 τῶν
1469 1456 1744 1524 ὀφφικίων
1785 1458 2064 1527 ὀρέγεται,

492 1536 590 1589 καὶ
620 1540 965 1610 ἀκούσωμεν.
1017 1543 1126 1597 Καὶ
1169 1545 1399 1610 ἐξελθὼν
1427 1551 1454 1601 6
1479 1549 1612 1613 δοὺξ
1641 1551 1735 1603 καὶ
1777 1551 1955 1620 εὑρών
1998 1551 2065 1620 με

493 1631 831 1686 ἐπυνθάνετο
865 1635 918 1686 τί
944 1637 1004 1688 τὸ
1029 1635 1288 1705 ὀφφίκιον
1311 1639 1605 1710 ὠρεγόμην
1634 1643 1720 1694 ἵνα
1752 1644 2067 1714 δωρήσηταί

496 1737 586 1786 μοι
615 1725 643 1774 6
663 1721 941 1790 βασιλεύς.
959 1726 1100 1793 Ἐγὼ
1129 1727 1186 1779 δὲ
1215 1729 1534 1800 ἀποκριθεὶς
1555 1729 1711 1785 εἷπον
1743 1735 1822 1786 ὅτι
1854 1753 1873 1784 ι
1909 1735 2064 1789 Κατά

491 1811 618 1866 νοῦν
647 1809 793 1882 εἶχον
824 1817 914 1868 καὶ
965 1816 1079 1886 ἐγὼ
1127 1821 1348 1889 αἰτῆσαι
1381 1824 1570 1889 μεῖζον
1614 1824 1894 1892 ὀςρφίκιον,
1925 1827 2062 1897 ὅπερ
2098 1869 2135 1919 Β

491 1905 553 1956 οὐ
582 1907 848 1975 κέκτηται
870 1908 1050 1971 ἄλλος,
1082 1913 1178 1963 καὶ
1202 1911 1328 1964 οὔτε
1353 1911 1554 1976 ζῶντός
1589 1932 1690 1983 μου
1723 1916 2061 1988 εὐεργετήσῃ

491 1995 600 2046 τινὶ
631 1995 803 2067 ἑτέρῳ
851 1999 994 2067 πλὴν
1028 2002 1164 2068 ἐμοῦ
1190 2017 1210 2031 ⁵
1235 2003 1330 2057 καὶ
1361 2005 1422 2057 τὸ
1481 2009 1696 2071 πρέπον
1741 2007 1918 2070 οὕτως
1975 2026 2066 2076 μοι

492 2086 641 2138 δοκεῖ
672 2084 834 2152 εἶναι,
867 2091 894 2143 6
929 2094 1021 2144 καὶ
1043 2093 1336 2164 ὀρέγομαι,
1375 2098 1497 2150 ἐπεὶ
1525 2103 1618 2154 καὶ
1645 2100 1750 2169 πρὸ
1782 2101 1876 2153 τοῦ
1902 2101 2066 2154 ἀττελ-

493 2177 608 2230 θεῖν
645 2196 711 2247 με
754 2183 835 2244 είς
859 2182 1246 2252 Τραπεζοῦντα
1279 2188 1522 2242 τοσαῦτα
1557 2190 1733 2258 ὀνείδη
1768 2191 1862 2244 καὶ
1894 2207 2065 2257 κατι-ι⁴

491 2272 684 2340 γορίας
720 2274 932 2342 ἥκουσα
982 2278 1077 2330 καὶ
1118 2278 1370 2349 ὑπέφερα
1405 2280 1496 2333 διὰ
1538 2281 1601 2333 τὸ
1635 2279 1775 2334 εἶναι
1810 2287 1904 2335 καὶ
1947 2285 2064 2335 ἑτέ-

494 2379 620 2429 ρους
649 2363 816 2436 228
847 2367 942 2420 δύο
989 2370 1261 2439 ἄρχοντας
1309 2374 1369 2425 ὲν
1416 2373 1493 2444 τῷ
1531 2375 1768 2446 ὀφφικίῳ
1816 2377 1844 2430 6
1877 2377 2004 2444 ἔχω,
2035 2376 2062 2428 ὃ

489 2453 590 2505 οὐκ
621 2455 810 2524 ἤθελα.
857 2458 1000 2512 Ἀλλ’
1033 2461 1118 2514 ἵνα
1148 2462 1419 2534 βεϐαιωθῇ
1453 2467 1481 2518 6
1509 2465 1666 2533 λόγος
1695 2483 1822 2534 μου,
1859 2467 1934 2528 ὥς
1968 2485 2062 2536 μοι

488 2548 717 2616 εἴρηκας
764 2551 921 2619 κάγὼ
975 2553 1267 2624 ὀρέγομαι,
1306 2557 1354 2608 εί
1401 2558 1494 2609 καὶ⁸
1549 2558 1779 2627 ἀρεστόν
1833 2559 1952 2610 ἐστι
1983 2559 2060 2627 τῷ

488 2640 724 2713 αὐθέντῃ
766 2661 868 2712 μου
899 2645 978 2714 τῷ
1013 2645 1247 2716 βασιλεῖ,
1288 2649 1630 2719 εὐεργετήσῃ
1686 2667 1775 2716 μοι
1809 2649 1868 2701 τὸ
1902 2652 2063 2719 639:9!-

489 2748 608 2785 κιον
638 2734 734 2786 τοῦ
765 2737 1006 2804 μεγάλου
1041 2741 1462 2794 κοντοσταύλου.
1503 2761 1521 2793 ι
1553 2743 1661 2794 Καὶ
1689 2743 1864 2805 οὕτως
1889 2745 2060 2814 ἀπῆλ-

486 2823 579 2876 θεν
607 2826 637 2877 6
676 2825 927 2898 Νοταρᾶς
985 2831 1078 2884 καὶ
1117 2832 1352 2903 ἀνέφερε
1391 2834 1570 2887 πάντα
1617 2834 1695 2903 τῷ
1753 2835 2000 2905 βασιλεῖ’
2031 2838 2058 2889 6

484 2910 540 2964 δὲ
566 2912 887 2984 ἀποκριθεὶς
918 2915 1076 2974 εἶπεν
1103 2921 1254 2991 αὐτῷ
1274 2937 1291 2951 ⁶
1328 2941 1347 2974 ι
1388 2923 1531 2976 Αὐτὸ
1563 2923 1671 2995 γὰρ
1709 2925 1768 2978 τὸ
1802 2925 2060 2993 ὀφφίκιον

484 3003 547 3056 οὐ
577 3004 770 3076 δίδωμι
823 3009 1024 3076 οὐδενὶ,
1057 3013 1138 3066 ὅτι
1166 3015 1194 3067 6
1242 3014 1438 3084 πρώην
1472 3033 1576 3084 μου
1624 3017 1890 3086 πενθερός
1938 3020 2064 3071 ἐστι.

488 3096 664 3163 μέγας
715 3101 1129 3168 κοντόσταυλος,
1164 3106 1404 3173 γεγονὼς
1445 3108 1504 3160 ὲν
1546 3111 1610 3178 τῇ
1664 3109 2059 3180 Πελοποννήσῳ

2178 622 2390 694 κριθεὶς
2418 621 2539 674 εἷπε
2564 640 2580 653 ·
2618 640 2637 673 ι
2675 624 2783 676 Καὶ
2807 623 2859 675 τί
2885 625 3180 692 γενήσεται
3211 623 3351 693 μετὰ
3377 622 3466 677 τοῦ
3491 624 3677 680 Παλαισ-

2173 713 2338 780 λὸγου
2382 713 2476 766 τοῦ
2512 715 2852 782 Μετοχίτου;
2895 734 2915 766 ›
2959 715 3017 768 ’0
3045 716 3302 786 Νοταρᾶς
3346 710 3489 769 εἶπεν
3529 716 3594 768 ἔτι
3623 718 3680 787 τῷ

2176 804 2387 874 βασιλεῖ
2417 807 2864 888 ἴναλεύεργετήσῃ
2900 824 2968 874 με
3002 807 3064 859 τὸ
3113 805 3210 860 τοῦ
3252 807 3486 876 μεγάλου
3527 823 3680 877 πριμι-

2177 897 2394 966 κηρίου,
2418 897 2446 950 6
2468 899 2583 951 ἐστι
2621 897 2760 966 μετὰ
2794 898 2856 950 τὸ
2887 897 2982 950 τοῦ
3016 899 3507 968 στρατοπεδάρχου,
3535 900 3613 952 καὶ
3635 902 3680 952 οὐ

2172 989 2353 1053 τοῦτο,
2372 987 2531 1052 λέξας
2561 988 2645 1042 ὅτι
2670 1007 2689 1039 ι
2711 987 2773 1041 'H
2815 988 3062 1058 βασιλεία
3078 1005 3171 1040 σου
3191 988 3416 1058 ζητήσει
3437 988 3518 1041 τοῦ
3533 988 3684 1042 5:61:6-

2173 1093 2268 1130 του
2300 1078 2394 1131 τοῦ
2425 1077 2658 1146 ἀδελφοῦ
2698 1095 2794 1132 σου
2825 1078 3094 1148 ἐποίησας
3125 1079 3589 1149 στρατοπεδάρχην
3615 1081 3683 1131 τὸν

2171 1166 2266 1220 τοῦ
2298 1165 2764 1236 Καντακουξηνοῦ
2797 1169 2908 1220 υἱὸν
2946 1168 3037 1221 διὰ
3064 1169 3162 1237 τὴν
3194 1168 3561 1239 συγγαμϐρίας
3586 1186 3684 1235 συγ-

2172 1261 2391 1326 γένειαν
2418 1259 2510 1312 καὶ
2535 1261 2623 1313 διὰ
2660 1261 2753 1312 τὸν
2785 1260 3251 1330 πρωτοπράτορα
3279 1261 3371 1313 τὸν
3404 1260 3581 1313 ἑαυτού
3607 1278 3686 1313 πα-

2171 1350 2328 1420 τέρα.
2363 1351 2474 1405 Καὶ
2497 1351 2591 1404 ἐὰν
2618 1349 2798 1423 δώσεις
2829 1351 2908 1422 τῷ
2936 1350 3186 1421 Φραντζῇ
3228 1351 3289 1404 τὸ
3319 1352 3547 1404 τοιοῦτον
3568 1351 3687 1418 ὸς)φί-

2171 1456 2309 1503 κιον,
2337 1440 2365 1493 ὃ
2393 1441 2516 1493 ὲστι
2565 1441 2781 1507 πρῶτον
2826 1440 2921 1493 τοῦ
2953 1442 3191 1508 μεγάλου
3236 1441 3683 1511 στρατοπεδάρχου,

2168 1531 2220 1582 τί
2256 1533 2548 1601 γενήσεται
2578 1552 2591 1598 ;
2635 1534 2826 1601 Ὅμως
2871 1533 2922 1586 εί
2960 1534 3192 1602 ἀρεστόν
3225 1535 3342 1586 ἐστι
3369 1536 3432 1604 τῇ
3483 1531 3684 1602 βασιλείᾳ

2171 1640 2290 1685 σου,
2344 1625 2708 1694 εὐεργέτησαν
2760 1625 2911 1694 αὑτῷ
2947 1624 3006 1677 τὸ
3036 1626 3131 1678 τοῦ
3183 1625 3424 1694 μεγάλου
3461 1640 3684 1692 aptum;-

2170 1715 2290 1783 ρίου
2320 1715 2598 1783 ὀφφικιον,
2629 1715 2656 1766 ὃ
2688 1718 2804 1768 ἐστι
2848 1716 2988 1785 μετὰ
3008 1714 3069 1768 τὸ
3111 1714 3206 1767 τοῦ
3239 1713 3684 1784 μεγάλουστρατο-

2168 1808 2462 1877 πεδάρχου.
2504 1830 2526 1860 ι
2555 1810 2613 1862 'U
2650 1809 2706 1861 δὲ
2739 1809 2994 1877 βασιλεὺς
3019 1805 3174 1863 εἶπεν
3194 1822 3209 1837 ⁶
3243 1802 3286 1860 ι’
3315 1806 3455 1872 Ἐγώ
3479 1823 3552 1858 σοι
3578 1819 3681 1873 τερο-

2167 1904 2319 1954 εἰπον
2347 1903 2428 1955 ὅτι
2451 1903 2480 1953 6
2518 1902 2803 1970 Φραντζῆς
2845 1901 2905 1954 οὐ
2943 1900 3156 1968 δέχεται
3195 1898 3364 1969 229
3397 1896 3537 1951 οὐδὲν
3557 1893 3682 1961 69a!-

2167 2008 2286 2044 κιον
2341 1992 2475 2060 παρ’
2525 1991 2688 2046 ἄλλου
2744 1991 3142 2060 κρατούμενον,
3170 1991 3225 2042 εἰ
3276 1991 3372 2042 καὶ
3422 1985 3683 2056 μειζὸτερον

2166 2083 2250 2151 εἴη
2279 2098 2293 2114 ⁶
2325 2083 2445 2146 πῶς
2488 2079 2586 2138 οὖν
2616 2083 2980 2153 καταδέξηται
3019 2084 3080 2136 τὸ
3113 2083 3210 2136 τοῦ
3259 2065 3494 2152 μεγάλοῦ
3532 2094 3682 2147 aptiu-

2165 2177 2361 2245 κηρίου
2388 2193 2404 2242 ;
2430 2176 2580 2245 ὅμως
2612 2178 2678 2230 ἐκ
2705 2177 2959 2246 δευτέρου
2993 2175 3231 2245 λαλησον
3285 2173 3453 2242 αὐτῷ,
3481 2171 3564 2222 καὶ
3593 2168 3684 2220 iam.

2168 2287 2268 2339 μεν
2307 2270 2404 2338 τὴν
2435 2269 2663 2338 γνώμην
2713 2269 2904 2324 αὐτοῦ.
2941 2287 2960 2321 ι
2994 2269 3198 2322 Λοιπὸν
3246 2267 3404 2329 αὖθις
3431 2261 3553 2335 ἦλθε
3580 2262 3683 2331 πρός

2167 2379 2232 2430 με
2263 2364 2291 2412 6
2329 2362 2500 2430 μέγας
2530 2362 2658 2425 δούξ
2701 2361 2911 2429 λέγων·
2945 2379 2964 2412 ι
3017 2363 3076 2415 '0
3119 2359 3381 2429 βασιλεὺς
3418 2357 3514 2426 ἔφη
3541 2357 3608 2407 ὅτι
3638 2351 3684 2404 τὺ

2162 2452 2257 2505 τοῦ
2291 2453 2532 2520 μεγάλου
2571 2453 2964 2508 κοντοσταύλου
3005 2452 3288 2521 ὀφφίκιον,
3323 2451 3445 2503 ἐπεὶ
3483 2453 3508 2503 6
3534 2446 3685 2500 πενθεο

2165 2546 2256 2613 ρὸς
2288 2545 2451 2598 αὐτοῦ
2483 2545 2598 2614 ἔχει
2623 2545 2804 2608 τοῦτο,
2831 2544 2956 2598 οὔτε
2989 2547 3074 2598 σο)⁸
3104 2543 3232 2599 οὔτε
3269 2545 3415 2614 ἄλλῳ
3443 2543 3540 2594 τινὶ
3563 2541 3683 2604 εὐερ-

2161 2636 2382 2704 γετήσει
2415 2636 2565 2700 αὐτὸ,
2613 2635 2747 2690 ἀλλὰ
2783 2636 2944 2690 δώσει
2974 2652 3058 2690 σοι
3098 2636 3158 2688 τὸ
3187 2635 3287 2688 τοῦ
3339 2632 3560 2704 μεγάλου
3587 2645 3684 2695 πρι-

2165 2729 2448 2796 μικηρῖου.
2482 2728 2620 2797 ὅπερ
2675 2728 2769 2780 καὶ
2810 2727 3026 2796 πρῶτον
3071 2725 3266 2780 τούτου
3327 2727 3463 2778 ἐστι.
3503 2743 3521 2774 ι
3552 2721 3682 2786 Κάγὼ

2161 2815 2314 2871 εἷπον
2337 2819 2486 2888 αὐτῷ
2519 2820 2601 2871 ὅτι
2625 2838 2644 2870 ι
2675 2819 2736 2871 Et
2760 2821 2857 2874 καὶ
2881 2819 3100 2890 πρῶτόν
3129 2820 3248 2873 ἐστι
3275 2819 3338 2872 τὸ
3365 2816 3458 2871 τοῦ
3490 2813 3680 2885 μεγάλου

2159 2909 2351 2972 δουκδς
2392 2911 2670 2977 ὀφφίκιον,
2701 2909 2864 2963 τοῦτο
2915 2911 2978 2963 οὐ
3008 2909 3148 2964 θέλω
3198 2907 3557 2979 ἀφαιρεθῆναι
3597 2899 3681 2956 ἀπὸ

2159 3003 2323 3056 ἄλλου
2356 3003 2450 3056 καὶ⁵
2477 3003 2697 3072 δοθῆναι
2729 3005 2873 3073 ὲμοί·
2904 3022 2923 3056 ι
2965 3005 3059 3058 καὶ
3089 3002 3267 3067 οὕτως
3309 2999 3519 3069 διελύθη
3542 2994 3681 3050 6661-

2144 3094 2758 3162 ,λογο;,Βουλευθέντος
2779 3096 2834 3148 δέ
2867 3113 2969 3166 μου
3003 3096 3140 3164 μετὰ
3164 3096 3280 3172 τῷν
3313 3092 3578 3162 συγγενῶν
3600 3102 3678 3156 μου

484 3187 640 3253 παρὰ
669 3189 763 3241 τοῦ
797 3191 1065 3260 βασιλέως
1096 3197 1192 3249 τοῦ
1227 3200 1436 3265 πατρός
1489 3215 1613 3268 μου,
1647 3201 1746 3253 ὅτε·
1785 3200 2057 3271 ᾠκοδόμει
2087 3205 2127 3262 C
2160 3187 2256 3240 "in
2283 3187 2451 3256 φίλων
2477 3189 2569 3241 καί
2598 3188 2816 3241 οἶκείων
2844 3188 2975 3259 περὶ
2996 3182 3070 3242 ὧν
3095 3191 3123 3242 ὁ
3149 3187 3406 3257 βασιλεύί
3435 3203 3521 3256 μοι
3542 3185 3681 3246 έπητ⁶

485 3277 578 3330 τδν
618 3278 851 3350 Ἰσθμόν.
886 3284 1034 3354 Πλὴν
1076 3285 1232 3341 δώσω
1275 3290 1424 3359 αὐτῷ
1451 3289 1638 3360 ἕτερον
1667 3293 1854 3361 μεῖζον
1898 3293 2059 3361 6(9th-

485 3403 595 3443 non
646 3389 888 3449 obstabit
941 3394 1177 3453 fortasse
1208 3441 1223 3466 ,
1288 3401 1585 3470 quominus
1633 3403 1900 3458 voluntati
1953 3415 2058 3460 tua:

484 3479 759 3550 obsequar
781 3500 795 3536 :
820 3501 982 3554 quam
1003 3487 1200 3552 beabo,
1221 3506 1342 3545 cum
1363 3491 1588 3559 docebo,
1613 3511 1734 3564 quae
1756 3497 2056 3567 maiestatis

483 3581 590 3626 tuae
611 3577 782 3645 gratia
809 3579 874 3634 de
896 3579 1007 3634 tilia
1031 3597 1150 3637 mea
1184 3585 1500 3641 collocanda
1519 3587 1842 3654 decreverit,
1879 3591 2056 3660 deque

481 3663 702 3722 ditionis
730 3678 783 3722 et
804 3669 1068 3728 honorum
1098 3677 1359 3743 praemiis,
1413 3694 1523 3747 pne
1552 3680 1778 3748 reliquis
1836 3681 2054 3738 feminis

481 3758 757 3815 nobilibus
789 3776 908 3817 eam
941 3777 1217 3823 evectura.
1265 3788 1286 3822 ι
1323 3770 1400 3824 Ita
1452 3786 1575 3826 cum
1627 3782 1844 3842 tempus
1889 3790 2056 3841 pran-

482 3847 558 3900 dii
588 3850 822 3916 adesset,
881 3856 1200 3913 adoratione
1273 3858 1457 3926 facta,
1516 3861 1738 3916 domum
1799 3864 2049 3919 discessi.

482 3939 609 3997 Post
633 3945 920 4013 prandium
970 3966 1166 4021 magno
1213 3955 1338 4009 duci
1387 3955 1439 4008 in
1493 3957 1749 4024 palatium
1813 3957 2051 4013 venienti

481 4033 778 4103 imperator
812 4041 1019 4108 retulit,
1053 4060 1174 4113 qua:
1201 4045 1268 4100 de
1293 4033 1541 4103 obeunda
1591 4049 1726 4104 mihi
1780 4049 2053 4119 legatione

481 4140 692 4182 mecum
748 4135 968 4202 egisset,
1005 4151 1232 4193 causam
1287 4149 1465 4195 tamen
1501 4158 1607 4197 non
1641 4144 1894 4212 aperuit;
1953 4143 2051 4198 ad-

481 4217 621 4272 didit
651 4232 856 4289 autem,
913 4242 1137 4284 necesse
1199 4247 1344 4296 esse,
1411 4245 1470 4286 ut
1530 4236 1644 4303 ipse
1701 4251 1920 4305 quoque
1965 4250 2052 4291 me

481 4313 884 4374 cohonestaret.
913 4322 1169 4388 quoniam
1219 4340 1441 4388 munus,
1473 4341 1582 4392 quo
1625 4326 1900 4395 fungerer,
1939 4341 2048 4382 non

481 4417 581 4455 sua
613 4406 810 4471 gratia,
847 4411 940 4462 sed
990 4411 1360 4480 imperatoris,
1428 4415 1614 4472 Iratris
1668 4419 1775 4481 sui,
1813 4419 2050 4472 benevo-

2161 3281 2408 3348 γείλατο,
2440 3281 2537 3334 καὶ
2565 3281 2745 3344 καλῶς
2765 3283 2934 3336 πᾶσιν
2959 3281 3140 3347 ἔδοξεν
3178 3283 3268 3335 ἱνα
3295 3283 3358 3335 τὸ
3387 3275 3680 3333 συνοικὲσιον

2160 3399 2215 3445 et
2247 3400 2446 3446 cuncta
2476 3393 2664 3447 retulit
2697 3393 3054 3463 imperatori:
3101 3394 3194 3462 qui
3231 3396 3350 3450 haec
3399 3392 3446 3447 ei
3493 3401 3681 3458 respon-

2159 3482 2271 3536 dit:
2310 3502 2328 3535 ι
2365 3484 2498 3538 Illud
2541 3485 2758 3557 quidem
2797 3501 2997 3540 manus
3044 3487 3254 3540 nemini
3290 3483 3550 3554 impertio,
3575 3493 3683 3549 quo-

2159 3578 2302 3628 niam
2345 3576 2606 3645 pristinus
2649 3577 2826 3631 aﬂinis
2870 3593 3025 3632 meus
3078 3594 3312 3648 magnus
3354 3571 3683 3633 contostaulus

2157 3675 2260 3732 est,
2295 3676 2523 3723 ornatus
2563 3683 2627 3723 ea
2667 3669 2936 3739 dignitate
2972 3669 3028 3722 in
3081 3667 3457 3738 Peloponneso
3485 3682 3511 3722 ε
3563 3672 3684 3734 patro

2157 3771 2279 3811 meo
2303 3758 2648 3826 imperatore,
2667 3775 2790 3814 cum
2818 3760 3072 3816 Isthmum
3093 3764 3351 3816 muniret.
3372 3758 3550 3813 Verum
3571 3754 3683 3808 dabo

2157 3851 2402 3906 illialiud
2456 3854 2633 3918 majus
2665 3869 2883 3918 munus,
2945 3853 3127 3923 magni
3172 3855 3476 3923 logotbette.
3517 3870 3535 3902 ι
3571 3850 3679 3904 Tum

2155 3940 2264 3993 dux
2290 3957 2306 3991 :
2348 3958 2366 3991 ι
2396 3939 2537 4005 Quid
2561 3941 2745 4009 igitur,
2778 3942 2978 4011 inquit,
3009 3943 3076 3998 de
3100 3943 3406 4014 Palaeologo
3431 3938 3679 3996 Metochita

2155 4030 2284 4085 ﬁet?
2318 4049 2336 4083 ι
2402 4031 2758 4102 Addiditque,
2820 4035 3437 4106 utmagniprimicerii
3496 4042 3677 4088 munuS.

2154 4123 2300 4191 quod
2365 4109 2490 4192 post
2542 4125 3002 4195 stratopedarebae
3064 4142 3266 4182 munus
3313 4129 3561 4196 sequitur.
3593 4135 3678 4173 “0"

2155 4217 2278 4279 hoc,
2321 4216 2450 4269 mihi
2477 4217 2652 4270 daret.
2697 4235 2716 4267 ι
2757 4216 2878 4286 Ipsa
2903 4218 3074 4281 enim,
3103 4220 3301 4286 inquit,
3341 4218 3579 4286 majestas
3606 4222 3675 4266 tua

2155 4307 2342 4362 fratris
2393 4308 2630 4376 despotic
2692 4312 2894 4380 ‘rOgatu
2957 4313 3460 4380 stratopedarchaui
3529 4303 3674 4362 feciin

2147 4398 2713 4454 Cantacuzenitilium
2771 4413 2991 4470 propter
3055 4402 3372 4458 aﬂinitatem
3424 4410 3473 4455 et
3502 4407 3671 4468 patrem

481 4494 644 4549 lentia
675 4498 805 4552 mihi
843 4501 1181 4571 impertitum
1241 4516 1431 4570 esset;
1472 4509 1860 4580 mandavitque
1914 4511 2050 4578 ei,ut

2161 4492 2272 4560 ejus
2306 4499 2778 4560 protostratorem.
2808 4493 3093 4549 Phrantzze
3120 4495 3287 4562 igitur
3317 4495 3362 4551 si
3382 4493 3575 4550 dederis
3596 4494 3676 4540 hoc

480 4589 622 4655 quod
666 4605 867 4649 munus
893 4604 1158 4665 optarem,
1186 4614 1252 4654 ex
1281 4615 1368 4656 me
1400 4612 1669 4671 quaereret
1721 4612 1774 4660 et
1808 4605 1910 4659 sibi
1966 4621 2051 4659 re-

483 4679 777 4736 nuntiaret.
854 4684 1040 4757 Itaque
1093 4690 1356 4746 dimissus
1412 4693 1542 4758 dux,
1605 4694 1696 4749 ubi
1751 4710 1838 4750 me
1892 4695 2047 4762 vidit,

483 4774 710 4842 rogavit,
778 4779 923 4847 quod
979 4795 1178 4837 munus
1217 4784 1285 4839 ab
1343 4785 1673 4855 imperatore
1727 4787 1860 4840 mihi
1927 4787 2046 4841 dari
2085 4837 2098 4849 ,

481 4877 760 4932 cuperem.
792 4869 872 4924 Ad
903 4887 1023 4942 quae
1049 4874 1121 4928 ita
1158 4879 1444 4945 respondi:
1482 4896 1500 4928 ‹
1551 4879 1767 4933 Possim
1794 4879 2046 4949 equidem

484 4971 679 5014 munus
716 4963 891 5033 majus
927 4982 1072 5021 nunc
1103 4979 1306 5037 petere,
1340 4971 1480 5039 quod
1518 4971 1658 5025 alius
1693 4987 1801 5025 non
1830 4971 2048 5035 habeat,

479 5053 731 5122 quodque
763 5072 850 5110 me
885 5059 1006 5113 vivo
1067 5072 1265 5129 prteter
1318 5079 1400 5115 me
1441 5063 1646 5116 nemini
1679 5063 2048 5130 impertiatur.

478 5143 632 5207 Quod
699 5147 926 5204 ItoneSte
959 5154 1230 5220 petiturus
1272 5156 1404 5208 inibi
1443 5156 1650 5220 videor,
1687 5157 1837 5226 quia,
1891 5167 2048 5211 ante-

479 5249 640 5302 quam
699 5236 1097 5308 Trapezuntem
1131 5245 1380 5308 diseessi,
1421 5247 1684 5316 plurimas
1741 5249 2048 5301 calumnias

477 5334 532 5382 et
590 5329 999 5387 criminationes
1057 5347 1313 5406 expertus
1370 5354 1491 5393 sum
1530 5354 1592 5392 ac
1630 5341 1852 5408 pertuli,
1915 5340 2043 5408 quia

478 5416 568 5469 alii
609 5417 718 5474 duo
747 5437 1001 5490 proceres
1030 5429 1078 5479 in
1113 5431 1288 5484 oilicio
1313 5441 1519 5498 essent,
1556 5431 1699 5501 quod
1744 5433 1959 5486 habeo:
1993 5431 2044 5484 id

477 5511 623 5575 quod
655 5513 828 5569 uolui.
857 5514 1065 5587 Itaque,
1093 5531 1147 5573 ut
1183 5533 1436 5576 eventum
1475 5525 1667 5577 habt-at
1694 5527 1869 5577 oratio
1904 5537 2046 5589 mea,

433 5650 436 5652 .
477 5605 695 5670 quando
727 5616 783 5662 tu
817 5608 888 5663 ita
908 5609 1089 5680 jubes,
1123 5615 1281 5681 cupio
1314 5616 1591 5683 equidem,
1625 5615 1667 5668 si
1709 5615 2048 5685 imperatori,

478 5703 702 5757 domino
727 5719 868 5769 meo,
893 5714 1172 5775 acceptum
1220 5707 1312 5770 sit,
1361 5717 1416 5760 ut
1452 5709 1726 5777 impertiat
1763 5711 1893 5762 milii
1927 5725 2047 5762 mu-

483 5809 584 5852 nus
647 5797 827 5866 magni
886 5800 1233 5853 contostauii.
1270 5818 1314 5870 _)
1368 5797 1444 5854 Ita
1511 5800 1757 5856 discessit
1818 5801 2047 5856 Notaras

2154 4581 2416 4646 cilicium,
2449 4584 2596 4652 quod
2621 4583 2799 4653 majus
2837 4595 2920 4640 est
2947 4585 3209 4655 dignitate
3235 4581 3672 4655 stratopedarchaa.

2153 4675 2284 4744 quid
2317 4674 2558 4729 futurum
2593 4676 2716 4731 est?
2756 4675 2862 4731 Sed
2909 4687 3114 4743 tamen,
3159 4679 3206 4734 si
3249 4679 3420 4746 placet
3449 4678 3516 4730 ita
3539 4669 3677 4734 maie-

2152 4765 2280 4818 stati
2307 4774 2435 4831 tuae,
2457 4767 2636 4836 magni
2660 4768 2956 4834 priuticerii
2981 4785 3180 4828 munus
3205 4771 3280 4824 illi
3310 4769 3532 4838 imperti.
3556 4759 3673 4831 «tuo!

2153 4871 2352 4924 magno
2408 4860 2866 4926 stratopedarcbae
2931 4861 3236 4929 proximum
3293 4870 3395 4917 est.
3435 4879 3454 4910 ι
3507 4857 3671 4910 Cum”

2156 4947 2269 5001 haec
2295 4947 2624 5017 imperator:
2685 4968 2702 5001 ι
2741 4948 2860 5004 1am
2915 4961 3044 5006 ante
3095 4953 3191 5007 tibi
3230 4951 3362 5017 dixi,
3407 4951 3670 5004 Phrantzeu

2155 5055 2262 5093 non
2291 5051 2645 5110 accepturum
2674 5043 3018 5112 dignitatem,
3047 5060 3210 5113 quam
3251 5061 3373 5100 cum
3424 5043 3522 5097 alio
3550 5049 3672 5090 com:

2157 5147 2373 5186 munem
2433 5133 2723 5188 habiturus
2766 5135 2855 5197 sit.
2917 5134 3131 5189 etiamsi
3190 5135 3260 5189 sit
3314 5127 3669 5204 praestabilior:

2152 5226 2429 5293 quomodo
2455 5225 2615 5295 igitur
2643 5226 2878 5295 accipiet
2915 5242 3116 5282 munus
3153 5227 3332 5296 magni
3373 5211 3671 5295 primicerii"

2155 5332 2342 5370 verum
2377 5328 2430 5372 tu
2482 5320 2676 5372 iterum
2732 5332 2856 5372 eum
2918 5319 3172 5382 conveni,
3231 5329 3288 5372 ut
3321 5321 3667 5388 cognoscamus

2151 5411 2486 5465 voluntatem
2511 5411 2683 5480 ejus.»
2721 5411 2907 5479 Itaque
2937 5412 3129 5466 iterum
3157 5411 3226 5465 ad
3247 5426 3332 5464 me
3360 5407 3562 5463 veniens
3580 5411 3668 5452 nia-

2153 5517 2292 5570 gnus
2318 5501 2468 5556 dux:
2510 5519 2530 5552 ι
2567 5501 2886 5570 Imperator.
2913 5502 3007 5568 ait,
3055 5503 3210 5565 dixit,
3266 5499 3440 5570 magni
3513 5497 3668 5546 contu-

2153 5594 2316 5647 stauli
2361 5592 2619 5659 oﬂicium,
2674 5609 2782 5662 quo
2821 5593 2996 5662 ipsius
3051 5592 3221 5649 aIIiuis
3275 5593 3536 5661 fungatur.
3585 5589 3666 5632 nec

2157 5686 2251 5739 tibi
2289 5701 2388 5740 nec
2424 5685 2516 5740 alii
2556 5689 2810 5757 cuiquam
2859 5703 2918 5743 se
2954 5689 3230 5753 daturum,
3261 5686 3351 5742 sed
3383 5679 3662 5738 ornatorum

2156 5789 2206 5835 te
2242 5794 2364 5834 esse
2402 5779 2584 5849 magni
2619 5781 2913 5848 primicerii
2957 5797 3200 5845 munere,
3232 5773 3546 5849 quodetiam
3575 5772 3665 5814 ma-
