3976 6544
309 410 461 476 829

1400 418 1838 482 CHRONICON
1877 421 2148 485 ΚΑΙ-ΗΞ.
2175 447 2246 459 -
2275 422 2419 485 LIB.
2461 422 2578 484 HI.

3360 400 3598 491 '330

310 535 451 605 τῆς
488 535 631 605 ὲμῆς
662 533 938 605 θυγατρὸς
968 534 1199 604 γένηται
1225 550 1239 565 ·
1270 535 1400 607 περὶ
1435 537 1492 590 δὲ
1520 537 1617 592 τοῦ
1639 537 1920 607 δφφικίου,
1948 533 1999 593 Δ
2027 538 2126 607 ρᾶν
2148 538 2201 590 τί
2229 537 2321 592 διὰ
2348 537 2443 592 τοῦ
2475 536 2669 607 ἱερέως
2700 533 2998 593 ’Δντωνίου
3027 538 3219 611 μηνύει
3257 558 3384 610 μοις
3417 561 3449 596 t-
3469 541 3602 599 Είτα

309 627 419 692 ὡς
451 627 513 681 τὸ
535 627 699 696 φέρον
732 627 897 698 φέρῃ,
937 628 1031 683 καὶ
1058 626 1284 683 ἀπέλθω
1316 631 1414 685 καὶ
1458 630 1539 693 εἰς
1585 630 1925 699 Πελοπόννη-

314 738 444 774 σον
476 722 573 774 καὶ
604 719 856 789 Κύπρον,
882 721 978 775 καὶ
1007 722 1104 774 σὺν
1132 723 1261 791 ἔμοι
1285 722 1404 792 ἇρω
1449 723 1545 776 καὶ
1576 723 1678 776 τὸν
1698 723 1923 789 ἄριστόν

320 830 457 882 μου
515 813 634 866 υῑὸν
670 812 767 866 τδν
801 812 900 866 καὶ
947 814 1237 879 κρείττονα
1263 816 1449 885 σχεδὸν
1479 816 1657 868 εἰπεῖν
1702 815 1922 870 πάντων

314 907 457 961 τῶν
484 906 896 975 συνηλικιωτῶν
923 906 1117 969 αὐτοῦ’,
1148 908 1245 961 καὶ
1288 907 1398 962 ἀπὸ
1426 908 1523 977 τῆς
1562 907 1789 979 κινητῆς
1817 924 1920 976 μου

316 999 673 1069 περιουσίας
698 1000 761 1052 τὸ
793 1000 958 1055 πλέον
1012 1001 1207 1071 μέρος,
1235 1002 1334 1056 καὶ
1359 1001 1623 1056 ἀπελθεῖν
1657 1003 1808 1072 ἡμᾶς
1832 1001 1923 1057 διὰ

319 1089 541 1159 ξηρᾶς,
572 1089 723 1152 ὅπως
753 1090 1008 1155 κάκεῖνος
1045 1092 1132 1163 ιδῃ
1165 1094 1294 1157 τοὺς
1330 1094 1530 1157 τόπους
1560 1095 1658 1150 καὶ
1696 1094 1921 1148 παιδευ-

319 1181 578 1251 οὴσεται
634 1182 714 1245 εἰς
760 1183 962 1237 πᾶντὺ
1013 1186 1293 1256 χρήσιμον
1327 1189 1388 1239 ἐν
1433 1188 1514 1257 τῷ
1553 1187 1689 1258 βίῳ·
1721 1187 1817 1241 καὶ
1873 1188 1923 1241 εἰ

322 1273 553 1343 ἴδωμεν
581 1274 669 1328 ὅτι
696 1274 925 1345 ἀμηρᾶς
949 1275 1079 1329 καθ’
1110 1275 1268 1347 ήμῶν
1306 1277 1559 1348 βούλεταί
1586 1295 1639 1331 τι
1671 1277 1922 1346 ποιῆσαι,

322 1365 499 1419 ἐάσω
528 1364 623 1420 τὸν
651 1366 768 1419 υἰόν
801 1384 905 1437 μου
937 1369 998 1422 ἐν
1025 1371 1092 1439 τῇ
1132 1370 1526 1442 Πελοποννήσῳ
1550 1372 1688 1440 μετὰ
1719 1371 1816 1439 τῆς
1837 1389 1926 1424 κι-

322 1457 522 1528 νητῆς
553 1474 659 1528 μου
685 1458 977 1528 ὑπάρξεως
999 1461 1154 1532 παρὰ
1178 1464 1292 1528 τοις
1311 1465 1599 1533 μητρικοίς
1631 1464 1794 1535 230
1817 1481 1923 1535 μου

324 1550 596 1615 γνησίοις
656 1553 976 1620 συγγενέσι,
1006 1555 1121 1617 τοῖς
1169 1555 1519 1610 κατοικοῦσιν
1558 1558 1617 1610 ὲν
1661 1560 1781 1620 ταῖς
1813 1557 1925 1627 χώ-

329 1658 477 1710 ραις
525 1642 623 1695 τοῦ
665 1643 1089 1715 μελλογάμδρου
1121 1651 1239 1716 ’μου
1263 1660 1279 1679 ·
1315 1650 1367 1703 εἰ
1398 1649 1458 1702 δὲ
1506 1650 1608 1703 οὐκ
1662 1650 1849 1705 luctui
1874 1668 1924 1703 τι

330 1732 476 1787 καθ’
516 1733 700 1803 ἡμῶν,
735 1737 1123 1809 δπαναστρῦψῃ
1154 1738 1320 1794 πάλιν
1349 1741 1450 1794 σὺν
1484 1742 1610 1813 ἐμοὶ
1642 1743 1699 1796 ιν
1723 1746 1790 1813 τῇ
1818 1758 1925 1798 πα-

329 1826 515 1894 τριδι.
558 1826 793 1882 Ἕνεκεν
852 1829 1047 1884 λοιπδν
1079 1832 1192 1885 τῶν
1249 1834 1563 1904 εἰρημένων
1611 1836 1806 1891 πασῶν
1835 1838 1925 1890 al-

329 1893 504 1985 τεῶν,
533 1919 783 1990 δηλονότι
832 1920 933 1976 τοῦ
989 1893 1333 1979 συνοαεσίου
1362 1893 1469 1996 ’τῆς
1513 1926 1784 1996 θυγατρός
1818 1945 1921 1997 μου
1956 1893 1996 1949 Β

337 2011 448 2065 καὶ
478 2011 583 2081 τῆς
617 2013 804 2084 μάχης
837 2014 1085 2085 ὑποψίας
1123 2018 1362 2072 καὶτῶν
1401 2018 1630 2085 λοιπῶν,
1661 2019 1738 2082 ὡς
1764 2019 1924 2089 προεί

331 2120 549 2174 πομεν,
576 2107 609 2175 ή
642 2105 902 2172 σύνευνός
953 2126 1055 2180 μου
1092 2111 1442 2182 συνεχώρησε
1471 2111 1571 2181 τήν
1611 2112 1775 2167 πάλιν
1802 2111 1922 2175 ἑξέ-

332 2198 535 2251 λευσίν
578 2216 705 2268 μου.
752 2200 841 2264 Ὧς
870 2201 967 2256 οὖν
992 2202 1054 2255 τὸ
1091 2203 1191 2267 τῆς
1234 2203 1502 2275 θυγατρός
1539 2222 1642 2273 μου
1672 2202 1923 2258 ωνοικέο

334 2308 469 2345 σιον
501 2292 918 2364 διωρθώσαμεν,
973 2296 1304 2364 ποιήσαντες
1351 2300 1421 2352 τὰ
1455 2299 1923 2369 προικοσύμφωνα

333 2383 441 2435 καὶ
482 2382 790 2452 ἰερολογίαν
818 2383 916 2436 τοῦ
954 2384 1300 2455 ἀρῤαδῶνος,
1337 2386 1434 2439 καὶ
1472 2387 1651 2456 χαρὰν
1680 2386 1770 2440 διὰ
1794 2387 1925 2450 τοὺς

330 2472 565 2543 γάμους
622 2474 977 2543 ποιήσαντες,
1032 2475 1210 2529 πάντα
1254 2476 1323 2530 τὰ
1382 2477 1660 2545 ἀναγκαῖα
1704 2476 1793 2532 διὰ
1822 2480 1923 2547 τὴν

330 2568 464 2621 ὁδὸν
512 2567 971 2637 ᾠκονομήσαμεν,
1033 2570 1081 2622 εί
1136 2569 1219 2639 μὴ
1281 2570 1444 2640 μόνον
1490 2570 1589 2633 eo;
1636 2568 1922 2639 βασιλικὰς

331 2660 679 2730 προστάξεις
731 2660 824 2714 διὰ
883 2663 1236 2732 γραμμάτων
1288 2662 1661 2734 προσεδόκουν
1711 2661 1920 2717 λαϐεῖν.

334 2752 454 2805 Καὶ
468 2751 820 2818 ἀπελθὼνεῆ
841 2750 903 2808 τὸ
920 2754 1181 2809 παλάτιον
1199 2755 1521 2827 εἰσελήλυθα
1542 2755 1690 2809 ινδον
1715 2754 1809 2809 τοῦ
1826 2753 1922 2809 τοῦ

334 2841 606 2912 βασιλέως
626 2842 864 2911 κελλίου,
895 2844 972 2908 ὡς
1002 2843 1231 2914 σύνηθές
1261 2862 1372 2916 μοι,
1406 2846 1612 2917 καὶούχ
1634 2845 1795 2916 εὗρον
1824 2845 1926 2900 αὑ-

331 2939 456 2991 τόν.
486 2937 621 3007 Περὶ
650 2935 712 2991 οὗ
734 2937 1018 3007 ἠρώτησαηΙ
1036 2938 1135 2992 καί
1156 2939 1355 3009 ἐρρέθη
1379 2955 1471 3009 μοι
1486 2940 1636 2993 ὅτιὲν
1662 2938 1739 3010 τῷ
1756 2956 1925 3010 τρασ-

338 3030 498 3100 σάρῳ
522 3029 785 3100 δωματίῳ
812 3030 988 3101 ἑτέρῳ
1038 3031 1273 3101 πλησίον
1337 3029 1434 3085 τοῦ
1457 3030 1691 3101 Ικελλίου
1756 3030 1923 3085 αὑτοῦ

338 3122 627 3177 συνελάλει
661 3122 738 3192 τῷ
770 3123 908 3192 ἱερεῖ
944 3122 1211 3194 ’Δντωνίῳ
1236 3123 1316 3194 τῷ
1331 3123 1537 3195 Ῥοδίῳ.
1557 3124 1729 3193 Κάγὼ
1753 3141 1924 3195 προσ-

2028 629 2357 700 παραλιπὼν
2393 628 2493 697 τὴν
2540 626 2699 699 ὕϐριν
2727 626 2879 696 λέγει
2933 647 3029 700 μοι
3075 632 3260 698 πάλιν,
3302 652 3321 685 ι
3363 635 3437 689 Σὺ
3475 635 3602 704 ἐζή-

2027 737 2201 793 τησας
2231 721 2293 775 τὸ
2322 722 2580 790 ὀφτρίκιον
2609 722 2706 776 τοῦ
2750 722 2992 792 μεγάλου
3022 726 3416 781 κοντοσταύλου
3435 744 3452 761 ο
3487 728 3599 796 ἐγὼ

2029 810 2185 867 εἷπον
2212 813 2291 884 τῷ
2314 814 2541 885 Νοταρᾷ
2566 816 2650 868 ὅτι
2678 813 2804 869 οὔτε
2834 816 2983 887 ἄλλῳ
3008 816 3119 871 τιν)⁸
3144 818 3303 873 δώσω
3331 820 3427 875 διά.
3448 837 3601 885 τινας

2029 906 2212 972 αἰτίας
2246 906 2323 971 ὡς
2359 903 2550 962 εἷπον*
2575 908 2694 963 ἀλλ’
2740 908 2881 979 ἔφην
2910 910 3060 982 αὐτῷ
3105 913 3205 967 ἵνα.
3228 912 3386 968 δώσω
3420 931 3504 968 σοι
3539 914 3601 967 τὸ

2028 999 2288 1071 ὀφφίκιον
2314 1000 2410 1056 τοῦ
2444 1000 2689 1072 μεγάλου
2716 1002 3031 1071 λογοθέτου.
3072 1004 3133 1062 '0
3161 1005 3219 1059 δὲ
3245 1001 3367 1061 εῐπέ
3396 1024 3496 1076 μοι
3518 1008 3601 1062 ὅτι

2031 1094 2087 1146 εί
2117 1095 2149 1147 ὁ
2198 1092 2575 1161 Παλαιολόγος
2621 1095 2779 1165 23],
2816 1097 2844 1150 ὀ
2886 1096 3063 1167 μᾶγας
3115 1101 3602 1171 στρατοπεδάρχης

2028 1183 2239 1255 ἀκούσῃ
2266 1183 2449 1249 τοῦτο,
2489 1185 2543 1239 τί
2585 1187 2915 1256 γενήσεται,
2951 1188 3003 1241 εἰ
3046 1189 3129 1242 σοὶ
3160 1190 3508 1260 εὐεργετήσω
3542 1192 3603 1243 τὸ

2030 1275 2275 1330 τοιοῦτον
2325 1276 2565 1348 ἀξίωμα.
2616 1279 2735 1333 Καὶ
2782 1281 3025 1349 σήμερον
3069 1278 3309 1336 ἑστέιλεν
3364 1283 3423 1336 ὃν
3462 1280 3603 1345 εἶδες

2032 1364 2291 1432 ἐξελθεῖν,
2319 1367 2412 1420 τὸν
2439 1370 2503 1420 ἐν
2525 1366 2772 1438 σχήματι
2804 1371 2905 1423 καὶ
2923 1370 3131 1443 θεωρίᾳ
3157 1374 3494 1443 ἐπιτήδειον,
3524 1374 3602 1445 τῷ

2028 1457 2087 1512 δὲ
2110 1458 2301 1529 τρόπῳ
2328 1459 2427 1513 καὶ
2453 1458 2538 1513 νοτ
2568 1461 2834 1530 ἄγροικον
2863 1461 2969 1515 καὶ
3008 1464 3456 1533 ἀνωφελὲστατον
3482 1467 3604 1522 Ἀν-

2029 1550 2224 1605 τώνιον
2250 1551 2427 1620 ἱερέα,
2453 1550 2625 1605 αἰτῶν
2673 1570 2764 1623 μοι
2799 1552 2887 1606 ἵνα
2926 1557 3146 1625 τιμήσω
3184 1557 3309 1620 τοὺς
3338 1560 3601 1612 σκαιοτά-

2030 1657 2158 1705 τους
2181 1643 2278 1697 xei
2334 1643 2634 1706 ἀσυνέτους
2684 1644 2839 1708 υἱοὺς
2867 1646 3061 1708 αὐτοῦ,
3107 1647 3197 1700 τὸν
3230 1648 3328 1717 μὲν
3384 1650 3602 1718 πρῶτον

2036 1735 2210 1804 μέγαν
2234 1733 2553 1805 λογοθέτην,
2579 1735 2672 1789 τὸν
2701 1736 2757 1790 δὲ
2795 1736 3049 1807 δεύτερον
3080 1739 3256 1807 μέγαν
3282 1742 3605 1796 κοντόσταυ-

2032 1827 2145 1889 λον,
2195 1828 2320 1882 ἐπεὶ
2371 1828 2625 1891 καὶτοὺς
2675 1830 2913 1901 ἐσθῆτας
2969 1833 3174 1897 ἐκεῖνος
3219 1834 3401 1905 ἄρχει,
3464 1838 3602 1907 ὅπερ

2026 1921 2175 1975 ἐστὶν
2203 1923 2235 1990 ἡ
2268 1921 2546 1993 ὑπηρεσία
2574 1921 2671 1975 τοῦ
2702 1922 2869 1977 αὐτοῦ
2902 1925 3186 1995 ὀφφικίου.
3217 1927 3425 1982 Λοιπὸν
3455 1928 3602 2000 λέγω

2023 2015 2377 2087 εὐεργετήσω
2409 2016 2596 2080 αὐτοῖς
2637 2016 2777 2072 ἄλλα
2816 2017 3052 2086 ὀφιρίκια
3106 2020 3246 2089 μετὰ
3287 2023 3505 2090 καιρὸν,
3540 2024 3600 2076 οὐ

2023 2106 2299 2175 τοσαύτης
2353 2108 2513 2173 ἀξίας
2560 2109 2733 2178 ὅμως,
2784 2108 2903 2163 ἀλλ’
2957 2108 3357 2165 ἐλάττονασσὺ
3392 2113 3449 2166 δὲ
3500 2112 3599 2184 ἔσῃ

2022 2200 2133 2254 ἀπὸ
2167 2200 2262 2252 τοῦ
2296 2198 2393 2253 νῦν
2442 2201 2619 2270 μέγας
2646 2201 2965 2273 λογοθέτης.
3000 2202 3173 2257 Τοῦτο
3203 2202 3263 2257 δὲ
3304 2204 3401 2259 καὶ
3436 2204 3601 2274 μόνον

2024 2290 2392 2362 παραγγέλλω
2423 2309 2526 2355 σοι,
2559 2294 2643 2346 ὄτι
2688 2290 2783 2348 διὰ
2808 2294 2878 2348 τὰ
2925 2293 3217 2364 συμᾶὰντα
3249 2294 3347 2349 τοῦ
3404 2296 3599 2365 καιροῦ

2024 2384 2120 2435 καὶ
2144 2381 2245 2444 τὰς
2278 2382 2627 2447 ποικιλώδεις
2656 2383 2884 2454 γνώμας
2912 2383 3022 2438 τῶν
3055 2384 3340 2454 ἀρχόντων
3376 2384 3472 2438 καὶ
3502 2386 3597 2439 ἀλ-

2022 2474 2121 2537 λας
2166 2475 2340 2538 αἰτίας
2395 2477 2471 2545 μὴ
2532 2476 2939 2547 προσκυνήσεις
2974 2488 3045 2546 με
3111 2477 3194 2540 εἰς
3246 2480 3596 2547 παράστασιν

2022 2566 2240 2638 ἑορτῆς,
2279 2567 2357 2631 ὡς
2384 2567 2665 2639 ἔξεστιτῷ
2696 2569 2938 2639 ὀφιρικίῳ
2969 2586 3090 2635 σου,
3117 2571 3165 2623 εἰ
3192 2571 3267 2641 μὴ
3288 2573 3316 2624 ὁ
3348 2571 3599 2642 Naupli;

2022 2659 2225 2731 γράψει
2249 2662 2309 2716 δν
2341 2664 2463 2725 ταῖς
2504 2662 2641 2733 πρὸς
2674 2661 2807 2726 τοὺς
2833 2662 3205 2732 αὑταδέλφους
3248 2680 3349 2735 μου
3378 2666 3472 2717 καὶ
3500 2666 3598 2732 τὴν

2022 2752 2254 2823 ἀνεψιάν
2310 2756 2414 2823 μου
2446 2752 2548 2823 τὴν
2596 2755 2869 2824 ῥήγισσαν
2895 2754 3235 2821 ἐπιστολαῖς,
3266 2756 3362 2810 καὶ
3410 2756 3599 2820 ἁπλῶς

2023 2844 2162 2915 πρὸς
2216 2843 2428 2908 πάντας
2462 2842 2558 2908 οὓς
2594 2843 2778 2914 μέλλω
2825 2844 3058 2915 γράψειν
3109 2846 3371 2917 περὶτῆς
3419 2849 3598 2900 ἐκεῖσε

2022 2936 2358 3007 ἀποδημίας,
2397 2937 2464 2990 σὺ
2515 2936 2574 2991 δὲ
2602 2936 2963 3007 ἀντι-γράψεις
3008 2935 3181 2990 πάλιν
3213 2938 3424 2991 ἐκεῖθεν
3463 2939 3601 3009 πρός

2027 3045 2097 3099 με
2123 3029 2219 3083 καὶ
2248 3028 2389 3099 πρὸς
2412 3028 2625 3092 πάντας
2661 3029 2757 3082 τοῦ
2780 3029 2934 3082 οῐκου
2966 3047 3082 3087 σου.
3120 3032 3184 3084 Εἰ
3226 3031 3320 3084 καὶ
3342 3031 3399 3082 ὲν
3425 3029 3601 3099 τούτῳ

2024 3119 2102 3190 τῷ
2138 3118 2294 3190 μέσῳ
2331 3119 2612 3195 ἀκούσωσι
2646 3119 2698 3173 οἰ
2728 3120 2803 3190 μὴ
2834 3120 3106 3187 θέλοντες,
3138 3122 3230 3175 καί
3269 3121 3318 3173 εί
3366 3121 3602 3191 φανήσε-

341 3215 545 3284 μείνας
570 3213 791 3286 μικρὸν,
827 3215 940 3270 ἰδοὺ
968 3215 998 3267 δ
1048 3214 1303 3285 βασιλεὺς
1348 3214 1713 3287 ἐξερχόμενος
1744 3216 1920 3283 θυμοῦ
1945 3239 1991 3299 ο
2026 3231 2115 3269 ται
2144 3215 2330 3280 αὐτοις
2360 3213 2634 3285 αὐστηρὸν
2660 3213 2692 3285 ἢ
2734 3213 2965 3284 πικρὸν,
2998 3212 3250 3278 θέλοντες
3288 3213 3381 3266 καὶ
3408 3212 3482 3280 μή
3516 3213 3602 3265 θέ-

338 3304 528 3360 πνέων
555 3304 704 3376 λέγει
747 3322 839 3377 μοι
863 3321 881 3336 ·
917 3323 938 3360 ι
976 3303 1136 3372 Εἶδες
1163 3307 1265 3361 τὸν
1290 3307 1606 3378 pacatum
1630 3308 1720 3361 τδν
1747 3309 1923 3363 Νοτσ-
2026 3308 2211 3372 λοντες
2240 3308 2589 3362 καταπίωσιν
2620 3306 2774 3362 αὐτό.
2810 3324 2831 3359 ι
2878 3304 3021 3376 Ἐγὼ
3063 3306 3121 3360 δὲ
3173 3305 3485 3378 ἀπεκρίθην
3523 3306 3601 3375 τῷ

333 3491 430 3560 jus
458 3478 553 3544 illo
580 3497 687 3544 est.
712 3507 731 3540 ι
777 3487 882 3544 Cui
912 3488 1198 3558 respondi,
1227 3487 1443 3545 etiamsi
1480 3489 1663 3559 majus
1693 3496 1840 3546 esset
1866 3489 1920 3544 id

339 3581 577 3637 cilicium
611 3580 791 3651 magni
819 3581 977 3637 ducis
1032 3579 1231 3648 cilicio,
1264 3589 1445 3637 tamen
1480 3596 1589 3637 non
1628 3596 1919 3651 passurum

342 3688 433 3728 me
464 3687 606 3740 esse,
639 3672 728 3727 alii
770 3671 823 3727 id
860 3674 1183 3743 derogatutu
1222 3673 1280 3728 in
1335 3686 1422 3729 me
1454 3673 1719 3751 conferri,
1754 3681 1923 3743 atque

343 3770 421 3823 ita
455 3767 619 3822 ilnem
673 3766 863 3821 imbuit
910 3766 1274 3837 colloquium.
1322 3767 1686 3823 Consultante
1738 3777 1918 3823 autem

344 3873 434 3915 me
467 3874 588 3914 cum
629 3859 893 3929 cognatis,
946 3858 1138 3914 amicis
1182 3866 1238 3914 et
1280 3857 1652 3913 familiaribus
1713 3858 1781 3913 de
1829 3857 1918 3922 iis.

346 3965 466 4022 qua
496 3950 788 4020 imperator
816 3950 948 4006 mihi
973 3960 1353 4021 proposuerat.
1413 3950 1669 4006 omnibus
1696 3949 1920 4032 videba-

350 4057 454 4108 tur,
472 4052 535 4099 ut
558 4043 873 4113 coniugium
899 4043 1026 4099 illius
1054 4057 1187 4099 mea
1221 4043 1393 4108 ﬁeret,
1415 4043 1485 4099 de
1534 4042 1709 4098 oiﬁcio
1733 4050 1916 4098 autem

350 4140 576 4192 fortunae
613 4151 699 4191 me
726 4138 1145 4202 committerem,
1172 4144 1338 4206 atque
1373 4135 1429 4190 in
1482 4134 1917 4205 Peloponnesum

348 4237 401 4285 et
428 4228 661 4299 Cyprum
698 4228 1074 4313 proiiciscerer
1102 4239 1161 4283 et
1208 4236 1496 4298 assumpto
1537 4228 1652 4282 tilio
1705 4226 1917 4297 optimo

349 4338 430 4389 ac,
474 4336 645 4393 prope
694 4321 897 4386 dicam,
949 4321 1253 4390 aequalibus
1318 4322 1438 4377 suis
1470 4321 1727 4377 omnibus
1780 4334 1921 4390 prrs-

349 4417 634 4485 stantiore,
665 4423 720 4469 et
775 4414 984 4485 majore
1014 4421 1169 4484 parte
1224 4428 1389 4483 epnm
1450 4413 1761 4479 mobilium,
1819 4427 1919 4483 per

350 4508 712 4562 continentem
749 4506 854 4562 iter
886 4505 1148 4571 facerem,
1182 4513 1241 4561 ut
1288 4506 1383 4561 ille
1430 4520 1651 4575 quoque
1699 4517 1796 4559 eas
1833 4519 1917 4559 re-

2020 3488 2290 3546 Paiatium
2329 3490 2497 3562 igitur
2524 3498 2578 3545 et
2607 3490 2916 3547 cubiculum
2960 3489 3309 3559 imperatoris
3342 3503 3443 3559 pro
3472 3501 3603 3544 con-

2021 3583 2309 3640 suetudine
2334 3598 2457 3640 mea
2491 3583 2797 3653 ingressus,
2836 3583 3017 3653 ipsum
3054 3599 3164 3638 non
3209 3583 3450 3639 invenio.
3494 3583 3603 3637 ilo-

1983 3702 1993 3723 ο
2021 3676 2169 3746 ganti
2204 3677 2339 3732 mihi
2368 3691 2694 3746 responsum
2747 3683 2856 3742 est,
2889 3675 3135 3746 colloqui
3196 3691 3322 3731 eum
3393 3677 3446 3730 in
3472 3691 3602 3730 eon-

2023 3764 2157 3819 clavi
2189 3764 2446 3821 cubiculo
2475 3765 2655 3820 vicino
2678 3780 2804 3820 cum
2834 3764 3078 3820 Antonio
3110 3766 3417 3828 sacerdote.
3450 3763 3600 3818 Rho-

2020 3856 2134 3911 dio.
2160 3855 2350 3926 Itaque
2367 3856 2654 3927 praestoler
2673 3857 3015 3927 aliquandiu,
3040 3872 3165 3913 cum
3189 3872 3319 3913 ecce
3343 3859 3601 3926 prodiens

2022 3948 2315 4018 imperator
2366 3948 2445 4003 ira
2496 3947 2754 4005 incensus
2810 3963 2899 4003 me
2949 3948 3244 4004 inclamat:
3291 3966 3310 3999 ι
3356 3948 3611 4013 Nostine;

2023 4036 2226 4109 inquit,
2254 4038 2351 4109 qui
2383 4052 2417 4092 a
2445 4037 2720 4095 mandatis
2751 4037 2887 4095 milii
2917 4048 3002 4094 est
3045 4037 3283 4092 Netaras.
3323 4036 3452 4106 quid
3507 4051 3603 4105 per

2019 4132 2316 4187 Antonium
2347 4132 2686 4187 sacerdotem
2728 4129 2859 4186 mihi
2887 4129 3199 4200 significet?
3227 4149 3245 4184 ι
3280 4131 3483 4186 Deinde
3516 4145 3604 4184 re-

2018 4228 2187 4281 missa
2255 4224 2532 4294 superbia,
2586 4224 2776 4279 addit:
2841 4242 2860 4276 ι
2927 4223 3202 4294 Cupivisti
3249 4232 3309 4279 tn
3360 4222 3597 4278 cilicium

2021 4316 2198 4387 magni
2231 4315 2561 4372 contostanli
2592 4332 2607 4369 :
2641 4315 2786 4385 quod
2837 4329 2945 4371 nec
2990 4315 3088 4370 alii
3137 4315 3393 4400 cuiquam
3446 4315 3608 4369 datu-
3705 4320 3711 4327 ‘

2019 4426 2143 4466 rum
2184 4425 2273 4465 me
2294 4425 2417 4468 esse
2446 4419 2669 4481 propter
2704 4425 2924 4477 causas,
2975 4424 3115 4481 quas
3147 4409 3600 4471 commemorari.

2016 4502 2231 4557 Notarae
2267 4501 2457 4556 edixi:
2488 4502 2585 4556 tibi
2629 4516 2763 4557 vero
2805 4502 3060 4558 daturum
3116 4516 3204 4558 me
3236 4516 3358 4556 esse
3418 4501 3598 4567 magni

350 4601 534 4672 giones
562 4607 925 4669 cognosceret
948 4606 1002 4654 et
1030 4599 1099 4653 ad
1157 4611 1378 4654 onmem
1436 4599 1746 4660 scientiam,
1797 4612 1919 4666 qua:
1951 4580 1996 4632 θ
2026 4594 2311 4665 logotlieta
2339 4595 2605 4651 cilicium.
2636 4594 2716 4650 Ad
2751 4610 2875 4666 qua:
2911 4594 3002 4651 ille
3038 4594 3357 4664 respondit:
3411 4593 3467 4650 Si
3500 4593 3603 4648 hac

350 4693 474 4761 quid
536 4695 697 4747 habet
761 4691 828 4745 ad
892 4691 1063 4746 vitam
1141 4692 1431 4757 commodi,
1500 4692 1917 4756 institueretur,

351 4797 527 4853 atque,
563 4784 609 4839 si
625 4784 1271 4850 sensissemus,ameram
1301 4783 1507 4853 aliquid
1524 4784 1790 4840 adversus
1819 4798 1921 4840 nos

353 4875 545 4938 moliri,
588 4874 760 4929 tilium
791 4889 915 4930 cum
972 4875 1133 4931 bonis
1183 4874 1479 4930 mobilibus
1534 4875 1591 4932 in
1652 4874 1920 4944 Pelopon-

354 4982 480 5021 neso
505 4966 647 5035 apud
684 4975 964 5022 maternos
988 4973 1278 5037 cognatos,
1306 4966 1363 5022 in
1395 4980 1528 5037 agro
1556 4964 1720 5021 futuri
1744 4965 1922 5021 aiiiuis

356 5056 451 5109 mei
487 5056 810 5121 habitantes,
836 5054 1245 5126 relinquerem;
1299 5055 1385 5110 sin
1424 5054 1561 5109 nihil
1593 5063 1784 5110 contra
1814 5069 1918 5109 nos

356 5147 568 5201 uisurus
600 5154 764 5211 esset,
795 5161 921 5201 eum
950 5162 1166 5202 mecum
1198 5148 1255 5201 in
1307 5147 1537 5216 patriam
1570 5147 1915 5202 reducerem.

355 5236 610 5291 Caeterum
642 5236 716 5291 ob
744 5250 938 5290 omnes
971 5236 1093 5291 illas
1125 5250 1344 5301 causas,
1376 5251 1519 5301 quos
1575 5250 1916 5291 commemo-

357 5326 482 5390 ravi,
544 5325 666 5381 illia:
700 5326 1042 5408 coniugium,
1106 5326 1481 5408 suspicionem
1541 5327 1669 5382 belli
1695 5336 1750 5382 et
1790 5326 1917 5381 reli-

357 5433 470 5487 qua,
505 5417 705 5487 coniux
735 5406 877 5484 mea,
908 5427 970 5473 ut
999 5432 1165 5487 supra
1196 5406 1331 5480 dixi.
1356 5420 1538 5474 denuo
1577 5434 1665 5473 me
1695 5432 1918 5489 peregre

359 5509 615 5577 proﬁcisci
642 5525 804 5580 passa
839 5517 943 5566 est.
974 5509 1267 5581 Postquam
1327 5510 1494 5580 igitur
1549 5510 1674 5565 ﬁliae
1727 5511 1917 5579 conju-

359 5602 490 5671 gium
541 5601 891 5672 pet-iecimus.
969 5610 1190 5671 peracta
1271 5601 1420 5659 dotis
1477 5614 1534 5659 et
1588 5602 1916 5663 arrhabonis

359 5692 664 5759 sponsione,
702 5693 902 5764 gaudio
946 5702 1167 5765 propter
1211 5695 1430 5765 nuptias
1472 5695 1698 5765 impleti,
1732 5694 1915 5749 omnia

359 5772 415 5836 ad
445 5783 745 5839 iaciendum
777 5786 878 5841 iter
912 5787 1219 5843 necessaria
1277 5787 1638 5858 providimus,
1679 5802 1779 5841 nec
1800 5788 1912 5856 jam

361 5892 483 5947 opus
545 5886 681 5946 erat,
754 5879 857 5935 uisi
926 5880 1142 5951 scriptis
1197 5880 1468 5937 mandatis
1546 5879 1911 5948 imperatoris.

2030 4696 2083 4741 te
2106 4687 2368 4757 dignitate
2398 4701 2704 4753 ornassem,
2756 4688 2895 4756 quid
2950 4686 3201 4741 futurum
3252 4696 3419 4749 esset,
3477 4701 3600 4739 eum

2030 4778 2363 4849 Pulmoiogns
2396 4789 2626 4849 magnus
2650 4780 3096 4849 stratopedarclta
3128 4780 3181 4834 id
3224 4780 3605 4850 cognovisset?

2025 4868 2145 4925 Jam
2178 4871 2341 4925 bodio
2388 4870 2539 4927 misit
2583 4870 2650 4924 ad
2713 4886 2823 4935 me,
2846 4886 3007 4939 quem
3039 4881 3333 4926 exeuntem
3386 4869 3597 4933 vidisti,

2029 4963 2213 5017 habitu
2242 4970 2296 5015 et
2327 4961 2513 5030 specie
2544 4961 2830 5026 idoneum,
2862 4960 3111 5015 moribus
3137 4969 3192 5014 et
3226 4960 3447 5029 ingenio
3482 4962 3603 5015 hor-

2027 5053 2206 5106 ridum
2226 5063 2281 5107 et
2306 5052 2617 5121 improbum
2647 5052 2945 5107 Antonium
2982 5052 3350 5115 sacerdotem,
3376 5067 3603 5122 rogans.

2029 5154 2089 5199 ut
2119 5145 2492 5214 iueptissimos
2523 5145 2696 5215 ipsius
2727 5155 2783 5200 et
2836 5144 3069 5201 stolidos
3131 5145 3294 5212 iilios,
3332 5144 3595 5215 majorem

2026 5237 2280 5307 maguum
2309 5238 2661 5307 logothetam,
2690 5238 2961 5293 minorem
2987 5254 3241 5307 magnum
3287 5247 3606 5295 contestan-

2026 5328 2137 5382 lnut
2161 5342 2362 5394 creem,
2385 5342 2509 5383 cum
2543 5328 2630 5383 ille
2646 5329 2806 5383 etiam
2835 5327 3176 5384 vestimentis
3226 5329 3429 5397 praesit,
3453 5328 3598 5399 quod

2023 5419 2307 5491 proprium
2339 5418 2459 5489 ejus
2486 5433 2683 5473 munus
2716 5428 2822 5474 est.
2849 5418 3097 5474 Attamen
3128 5419 3439 5483 consentio,
3473 5433 3599 5487 pro-

2023 5515 2250 5572 cedente
2277 5522 2519 5582 tempore
2547 5512 2801 5567 daturum
2834 5527 2920 5568 me
2970 5514 3039 5567 iis
3089 5528 3213 5568 esse
3253 5512 3359 5567 alia
3395 5510 3592 5574 cilicia,

2023 5618 2131 5657 non
2163 5602 2297 5656 tanti
2336 5612 2514 5656 tamen
2548 5602 2833 5672 ponderis,
2869 5601 2962 5657 sed
3009 5603 3210 5657 leviora
3240 5621 3254 5667 ;
3318 5611 3373 5656 tu
3408 5609 3592 5654 autent

2023 5692 2223 5749 dehinc
2249 5707 2478 5763 magnus
2506 5691 2783 5761 logotlteta
2817 5693 2949 5748 eris.
2982 5692 3180 5747 Verum
3219 5693 3322 5745 hoc
3343 5706 3508 5746 unum
3542 5696 3596 5744 te

2023 5799 2242 5851 moneo,
2271 5793 2330 5838 ut
2354 5793 2577 5855 propter
2611 5786 2872 5854 temporis
2923 5793 3112 5840 eventa
3162 5793 3212 5839 et
3249 5782 3428 5838 varias
3468 5796 3597 5851 pro-

2022 5894 2205 5936 cerum
2237 5878 2544 5935 voluntates
2575 5876 2820 5949 aliasque
2856 5891 3054 5934 causas
3099 5875 3153 5932 in
3187 5875 3447 5932 festorum
3475 5872 3602 5930 die—
