3976 6574
502 411 602 478 8⁸11

1747 429 2040 494 GEORGI

2145 433 2323 498 ἨΒΑ
2335 442 2474 503 ΝΤΖ
2485 444 2544 502 .E
3586 457 3663 518 83?.

500 531 712 640 βμσιλεῖ
764 531 1050 640 λέγων;Λ«
1086 536 1292 640 Κύριος
1326 540 1354 593 ὁ
1403 539 1541 606 Bob;
1582 548 2069 640 μακροημερεύσοι
2105 561 2141 612 Λ
2176 555 2284 608 Καὶ
2343 533 2777 629 προσμείναντες
2826 564 3006 632 ὀλίγον
3061 566 3144 620 ἴνα
3204 566 3418 636 ῑδωμεν,
3469 571 3534 640 μή
3567 590 3664 628 ποτε

495 624 556 675 τὸ
581 624 783 726 κράτος
807 642 929 726 seu.
953 627 1420 726 pyctae-adpetis;
1445 637 1755 702 παρακαλῶ
1778 639 1877 708 τὴν
1904 641 2069 706 ἁγίαν
2169 647 2312 700 κατὰ
2345 624 2446 718 τήν
2473 624 2592 706 όδδν
2630 624 2936 726 συναντήση
2966 658 3096 725 ἡμῖν
3119 674 3172 710 τι
3205 624 3534 714 ἁπειυκταῖονξ

497 730 592 766 σου
625 715 927 784 βασιλείαν,
956 719 1052 771 ἐὰν
1082 721 1249 793 μέλλῃ
1281 725 1554 795 συμϐῆναι
1581 729 1650 781 δι’
1680 729 1781 799 ἐμέ
1816 748 1867 784 τι
1904 732 2066 801 232

495 807 798 862 σκάνδαλον
839 809 906 863 δι’
938 810 998 864 οῦ
1045 813 1515 885 προξενηθήσεται
1565 818 1711 889 λύπη
1767 821 1847 890 τῷ
1874 824 2066 891 κράτει

495 915 612 962 σου,
652 900 726 969 μὴ
767 901 978 969 γένοιτο
1002 905 1083 968 εἰς
1105 906 1196 959 τὸν
1218 907 1418 973 αἰῶνα,
1473 910 1609 964 ἀλλὰ
1642 913 1845 980 μᾶλλον
1872 914 1982 966 ’καὶ
2005 915 2066 967 τὺ

491 989 674 1059 δέρμα
711 1010 810 1059 μου
846 994 1172 1066 ἁφαίρεσον,
1200 1000 1247 1051 εί
1295 1001 1376 1064 είς
1405 1002 1628 1075 είρήνην
1662 1006 1758 1058 καὶ
1793 1006 2064 1076 εὐφροσύ-

491 1098 589 1147 νην
619 1085 687 1152 τῇ
743 1084 996 1158 βασιλεία
1027 1105 1122 1142 σου
1157 1092 1264 1162 εἴη.
1305 1109 1325 1144 ι
1372 1092 1431 1147 '0
1476 1093 1532 1150 δὲ
1563 1091 1684 1149 εἰπέ
1731 1113 1857 1167 μοι’
1904 1117 1924 1150 ‹
1973 1097 2062 1164 Ὠς

493 1175 684 1239 πιστδς
714 1176 972 1246 θεράπων
1007 1181 1260 1252 εἴρηκας.
1293 1185 1484 1255 Ὅμως
1526 1188 1602 1256 μὴ
1643 1189 1899 1259 φρόντιζε
1931 1193 2062 1261 περὶ

488 1263 683 1317 τούτου
709 1267 862 1321 οὐδέν
882 1285 896 1301 ·
924 1269 1205 1342 λυποῦμαι
1233 1275 1345 1344 γάρ
1375 1275 1493 1338 πῶς
1521 1277 1596 1346 μὴ
1628 1280 2061 1349 περισκεπτόμε-

487 1371 569 1409 νοι
596 1357 696 1420 τὰς
723 1359 861 1428 πρός
888 1378 956 1430 με
1003 1364 1273 1428 τοσαύτας
1299 1367 1450 1434 παρὰ
1500 1367 1594 1422 σοῦ
1629 1367 1932 1440 θεραπείας
1965 1376 2060 1428 καὶ

486 1448 695 1513 φιλίας,
733 1449 1028 1516 βούλονται
1076 1455 1221 1510 κατὰ
1273 1456 1563 1528 σύγκρισιν
1624 1461 1735 1513 τῶν
1772 1462 1883 1515 σῶν
1934 1466 2058 1527 ταῖς

486 1541 698 1594 ἑαυτῶν
757 1543 1093 1613 ὑπολήψεσιν
1145 1547 1437 1621 ἀποπηδᾷν
1489 1551 1620 1615 τοὺς
1675 1555 2057 1624 προσήκοντας

485 1630 732 1701 βαθμοὺς
759 1635 868 1688 τῶν
894 1635 1186 1704 όφφικίων.
1221 1638 1372 1707 Πλὴν
1403 1641 1782 1711 προσκάλεσον
1821 1644 2056 1700 ινταῦθα

483 1727 574 1778 τὸν
608 1727 677 1781 τὰ
707 1728 910 1800 ταύτης
943 1731 1042 1800 τῆς
1082 1733 1387 1806 ὑπηρεσίας
1427 1736 1866 1806 ὲμπιστευθέντα
1897 1740 2055 1793 νοεά·

485 1835 619 1886 ριον.
665 1838 683 1872 ι
721 1822 828 1873 Καὶ
889 1822 1110 1877 tresve
1140 1825 1413 1895 νοτάριος,
1463 1829 1777 1897 προστάξας
1823 1833 1852 1883 ό
1894 1831 2052 1900 βασι-

482 1912 608 1975 λεὺς
634 1908 788 1966 εἶπεν
818 1915 967 1987 αὐτῷ
993 1931 1006 1948 ο
1048 1934 1067 1968 ι
1117 1918 1466 1988 Προείπομέν
1507 1937 1590 1973 σοι
1625 1921 1763 1993 πρὸς
1800 1923 1923 1976 τίνα
1952 1925 2048 1977 καὶ

478 2007 599 2060 τίνα
634 2007 738 2060 ἔδει
795 2027 856 2062 σε
890 2009 1128 2082 γράφειν
1170 2012 1268 2075 τὰς
1305 2012 1408 2081 τῆς
1457 2013 1694 2078 πίστεως
1733 2016 2045 2082 ἐπιστολὰς,

476 2093 556 2160 οἷς
591 2100 801 2170 γράψον
836 2101 920 2154 ὅτι
949 2102 1206 2172 μέλλουσι
1237 2105 1430 2176 μαθεῖν
1460 2107 1522 2160 τδ
1551 2110 1659 2162 πᾶν
1689 2109 1794 2162 ὑπὸ
1818 2109 1911 2182 τοῦ
1947 2129 2046 2179 με-

477 2192 645 2254 γάλου
671 2193 959 2261 λογοθὲτου
993 2197 1270 2268 Γεωργίου
1298 2199 1394 2253 τοῦ
1426 2202 1678 2271 Φραντζῆ
1701 2219 1714 2233 ο
1749 2205 1842 2256 καὶ
1867 2206 1915 2258 εί
1945 2206 2046 2274 μὲν

476 2285 735 2354 ζήσωμεν
768 2290 874 2346 ¹καὶ
909 2288 1118 2359 πρόσω,
1164 2290 1400 2361 γράψεις
1448 2293 1611 2346 αὐτὸν
1660 2295 1754 2349 καὶ
1808 2297 2043 2368 συγγενῆ

473 2377 633 2445 ἡμῶν
664 2376 822 2434 εἶναι.
859 2381 969 2434 Καὶ
1003 2381 1097 2434 ἐάν
1138 2399 1245 2437 τινι
1280 2384 1378 2438 οὐκ
1411 2384 1603 2457 ἀρέσῃ,
1653 2386 1884 2451 ἄκοντες
1911 2389 2047 2441 ὐπο-

477 2469 728 2538 ιιείνωσι,
755 2473 852 2526 καὶ
885 2475 1008 2528 ἀντὶ
1032 2475 1298 2547 νέκταρος
1326 2477 1358 2547 ﬂ
1406 2479 1712 2548 μυρεψικοῦ
1753 2482 1920 2534 ποτοῦ
1946 2482 2046 2551 τὴν

473 2563 636 2634 χολὴν
697 2567 1143 2623 καταπιέτωσαν.
1177 2569 1240 2622 Εί
1273 2569 1348 2640 μὴ
1391 2571 1488 2624 καὶ
1524 2571 1610 2636 σὺ,
1669 2573 1910 2644 νοτάριε,
1953 2575 2045 2643 ἔχε

471 2655 630 2709 τοῦτο
658 2654 733 2720 ὡς
783 2659 1103 2730 ἀπόκρυφον
1146 2659 1312 2730 μέχρι
1366 2661 1596 2730 ἡμερῶν
1647 2662 1833 2718 τινῶν.
1880 2683 1900 2717 ι
1934 2664 2046 2718 Καὶ

474 2750 1008 2817 συγκατασκευάσας
1057 2753 1127 2807 τὰ
1171 2755 1478 2825 πράγματα
1535 2756 1704 2810 ἔλαϐα
1753 2758 1915 2823 αὐτὰ,
1947 2758 2043 2811 καὶ

470 2843 837 2912 προσεδόκουν
873 2847 1116 2914 σήμερον
1143 2847 1175 2916 ἢ
1213 2845 1406 2918 αῦριον
1434 2850 1818 2918 προσκυνῆσαι
1847 2849 1924 2919 τῷ
1948 2851 2044 2917 βα-

472 2934 613 2985 σιλεῖ
639 2935 806 3005 ἤγουν
830 2934 1017 2990 λαϐεῖν
1043 2937 1232 2993 ἄδειαν
1267 2939 1354 2992 ῐνα
1385 2940 1632 2996 ἀπέλθω.
1673 2940 1812 2995 Ἰδοὺ
1845 2940 2040 3012 ἐξῆλθε

469 3027 571 3095 τῆς
600 3027 1133 3100 ’Δνδριανουπόλεως
1155 3036 1184 3086 ό
1201 3035 1422 3104 ἀμηρᾶς
1451 3033 1683 3104 βαδίζων
1706 3035 1828 3090 καθ’
1859 3037 2036 3107 ήμῶν.

2237 736 2398 808 233
2433 737 2501 804 γ’.
2534 740 2681 795 Ἰδὼν
2729 743 2824 797 καὶ
2867 745 3080 799 ἀκούων
3109 748 3138 799 ὁ
3167 747 3388 816 άμηρᾶς
3433 749 3666 820 Μεεμέτης

2165 825 2264 887 τὰς
2291 828 2384 880 τοῦ
2423 832 2627 900 πατρὸς
2671 832 2838 886 αὑτοῦ
2870 834 3023 896 νίκας
3053 836 3150 889 καὶ⁵
3190 837 3452 906 πολέμους
3479 857 3668 908 nepte:-

2166 917 2273 977 vsi’;
2305 919 2400 970 καὶ
2436 922 2544 973 τῶν
2578 922 2782 992 ἐτέρων
2814 923 2978 978 αὑτοῦ
3029 929 3473 995 τρισκαταράτων
3513 932 3669 1000 προγό-

2165 1024 2292 1075 νων,
2326 1010 2384 1063 ὲν
2409 1011 2590 1084 ἑαυτῷ
2616 1015 2947 1084 ὲφαντάζετο
2984 1019 3039 1070 τί
3067 1019 3172 1087 ἄρα
3203 1021 3302 1074 καὶ
3332 1021 3483 1084 αὐτὸς
3510 1023 3669 1094 ποιήσῃ

2163 1100 2315 1166 ἄξιον
2356 1105 2596 1176 μνήμης.
2647 1108 2832 1162 Ταῦτα
2877 1109 2972 1163 οὖν
3022 1111 3162 1164 κατὰ
3196 1111 3323 1165 νοῦν
3375 1111 3670 1178 λογιζόμενος

2163 1191 2326 1262 βουλῇ
2360 1199 2504 1266 κακῇ
2545 1197 2672 1251 καθ’
2700 1201 2856 1270 ήμῶν
2883 1203 3227 1272 χρησάμενος
3256 1199 3344 1271 ἦν,
3374 1202 3457 1256 ινα
3483 1203 3670 1268 πόλεμον

2161 1284 2348 1357 ἐγείρῃ
2372 1287 2514 1340 κατᾶ
2537 1288 2636 1356 τῆς
2663 1290 2872 1354 πόλεως
2889 1309 2903 1324 ο
2929 1293 3079 1360 ἔλεγε
3099 1295 3207 1361 γὰρ
3237 1293 3294 1346 ἐν
3318 1294 3504 1360 ὲαυτῷο
3529 1313 3545 1342 ι
3571 1294 3669 1345 Ἐὰν

2158 1375 2258 1444 τὴν
2288 1376 2445 1430 πόλιν
2481 1380 2710 1449 νικήσω,
2744 1381 2884 1452 ὑπὲρ
2909 1384 3120 1448 πάντας
3151 1385 3282 1446 τοὺς
3311 1385 3415 1456 πρὸ
3447 1383 3564 1453 ἐμοῦ
3593 1385 3666 1455 ήδη

2158 1467 2412 1536 ἐποίησα,
2457 1470 2594 1524 διότι
2628 1473 2781 1526 αὐτοὶ
2835 1475 2934 1544 μὲν
2984 1477 3125 1529 κατὰ
3169 1476 3335 1544 τῆσδε
3381 1476 3471 1544 τῆς
3501 1475 3667 1537 πόλεως

2159 1558 2418 1624 πολλάκις
2469 1565 2858 1633 πειρασθέντες
2896 1567 3050 1621 οὐδὲν
3099 1567 3512 1640 ἐκατὼρθωσαν.
3544 1587 3559 1620 ι
3593 1571 3667 1621 Διά

2155 1653 2364 1722 ταύτην
2420 1651 2514 1709 οὗν
2569 1657 2666 1728 τὴν
2724 1659 3222 1729 ὑποκεκρυμμένην
3287 1662 3488 1714 ἔννοιαν
3541 1660 3668 1713 καλὴν

2156 1747 2330 1815 ἐφάνη
2379 1748 2529 1818 αύτῷ
2581 1750 2668 1803 ἵνα
2718 1753 2860 1805 κατὰ
2898 1752 2960 1804 τὸ
2996 1753 3106 1806 τῶν
3149 1753 3480 1824 ’Δσωμάτων
3521 1754 3667 1804 στενὸν

2155 1837 2290 1891 ἄστυ
2316 1841 2499 1910 κτίσῃ,
2529 1845 2603 1906 ὡς
2626 1845 2972 1916 προείρηται,
2999 1846 3087 1898 ἵνα
3113 1847 3434 1914 καταφυγὴν
3457 1845 3543 1913 ἔχῃ
3566 1843 3666 1894 αὐτὸ

2152 1933 2280 2002 περ)⁵
2307 1929 2381 1986 ῶν
2403 1935 2632 2002 ἐμελέτα
2659 1938 2904 2004 ποιῆσαι,
2935 1940 3083 2001 ὅπως
3111 1939 3266 1992 οὐδὲν
3291 1937 3396 1990 τῶν
3418 1936 3664 2005 πλοιαρίων

2153 2023 2346 2092 μικρὸν
2385 2024 2429 2094 ’ἢ
2467 2028 2608 2094 μέγα
2638 2028 2892 2099 δυνηθείη
2921 2031 3201 2084 κατελθεῖν
3240 2031 3306 2082 ὲκ
3337 2029 3427 2082 τοῦ
3456 2027 3664 2092 Εὐξείνου

2150 2115 2347 2167 πόντου
2379 2116 2520 2170 κατὰ
2549 2118 2648 2187 τὴν
2675 2119 2851 2186 πόλιν,
2891 2122 2982 2174 καὶ
3016 2121 3106 2175 ἵνα
3133 2121 3319 2193 ῥᾴδιον
3349 2119 3504 2190 ἔχωσι
3530 2118 3668 2171 τὺπέ-

2152 2223 2304 2275 ραμα
2354 2207 2420 2260 ἐκ
2472 2209 2570 2278 τῆς
2600 2211 2786 2272 Ἀσίας
2840 2213 2920 2274 είς
2963 2210 3254 2282 Εὐρώπην.
3299 2211 3471 2265 Θέλων
3509 2209 3559 2261 δὲ
3596 2207 3666 2259 καὶ

2149 2297 2470 2368 βιαζόμενος
2523 2301 2610 2355 ἵνα
2641 2302 2711 2353 τὰ
2769 2301 3148 2370 μελετούμενα
3195 2301 3478 2358 ὑπἀὐτοῦ
3529 2299 3664 2369 ἀρχὴν

2146 2389 2408 2453 λάϐωσιν,
2453 2391 2564 2445 ίδοὺ
2611 2395 2675 2461 τῇ
2705 2392 2798 2456 κς’
2832 2394 3100 2464 Μαρτίων
3119 2393 3215 2446 τοῦ
3248 2388 3664 2462 ἑξακισχιλιοστοῦ

2145 2482 2560 2536 ὲννακοσιοοτοῦ
2588 2483 2886 2553 ἑξηκοστοῦ
2914 2485 3071 2548 ἔτους
3094 2485 3270 2538 ἐλθὼν
3311 2483 3498 2536 ἔπεσεν
3528 2483 3594 2543 είς
3619 2481 3664 2531 τὸ

2146 2573 2350 2638 στενὸν,
2378 2573 2464 2626 ἵνα
2486 2575 2816 2646 οἰκοδομήσῃ
2840 2576 2900 2627 τὸ
2924 2576 3082 2630 ἄστυ.
3106 2575 3258 2629 Ἰδὼν
3283 2575 3377 2628 οῦν
3400 2577 3427 2626 ό
3454 2573 3664 2645 βασιλεὺς

2141 2663 2240 2726 τὰς
2273 2664 2610 2736 πανουργίας
2639 2665 2808 2719 αὐτοῦ
2843 2666 3110 2736 ἐϐουλήθη
3153 2666 3496 2735 ἀποκαλύψαι
3537 2664 3665 2725 αὐτὸς

2143 2755 2361 2821 πρῶτον
2394 2754 2495 2822 τὴν
2538 2756 2742 2830 μάχην,
2789 2758 2936 2820 ὅπως
2997 2759 3162 2812 αὐτὸν
3207 2757 3494 2828 ιμποδίσῃ.
3542 2753 3665 2814 Τινὲς

2139 2846 2198 2899 δὲ
2243 2847 2351 2900 τῶν
2379 2847 2480 2916 τῆς
2538 2848 2843 2920 συγκλήτου
2893 2851 3210 2921 ἱερωμένων
3255 2867 3316 2904 τε
3369 2849 3460 2903 καὶ
3500 2844 3664 2900 λαῖκῶν

2142 2937 2426 2992 ἐκώλυσαν
2472 2940 2572 3011 τὴν
2623 2941 2849 3010 γνώμην
2897 2943 2993 2997 καὶ
3047 2943 3249 3015 βουλὴν
3296 2944 3390 2998 τοῦ
3425 2941 3662 3014 βασιλέως,

2143 3029 2305 3103 234
2342 3032 2593 3102 λέγοντες
2629 3033 2705 3105 μή
2742 3035 3182 3106 ἀποκαλυφθήτω
3211 3038 3248 3108 ή
3283 3036 3430 3108 μάχη
3468 3034 3555 3105 τῆς
3587 3032 3662 3103 βι-

471 3224 589 3262 rum
622 3210 1062 3268 solemnitatibus
1125 3227 1193 3267 ne
1253 3227 1340 3268 me
1401 3230 1493 3282 pro
1546 3229 1696 3270 more
1742 3213 1902 3270 oﬂicii
1963 3217 2040 3270 tui
2072 3215 2215 3288 cAt
2244 3223 2298 3270 tu
2335 3229 2575 3285 quoque,
2631 3215 2866 3279 n0tar'te,
2913 3218 3017 3272 hoc
3071 3215 3188 3271 dies
3241 3215 3450 3286 aliquot
3489 3209 3663 3268 silentio

470 3301 690 3355 adores.
727 3299 1050 3370 Quanquam
1085 3304 1333 3359 notarius
1383 3305 1458 3358 rei
1498 3306 1822 3360 mentionem
1884 3307 2043 3364 faciet

472 3397 526 3449 in
559 3395 759 3450 litteris
800 3395 865 3450 ad
895 3395 1090 3452 fratres
1134 3411 1287 3452 meos
1325 3406 1394 3453 iet
1433 3411 1716 3469 cognatam
1750 3414 1923 3454 meam
1953 3416 2042 3456 re-

467 3489 673 3556 ginam,
704 3487 939 3559 denique
967 3490 1033 3544 ad
1086 3503 1300 3556 omnes,
1331 3491 1397 3544 ad
1440 3507 1577 3560 quos
1613 3493 1678 3546 de
1714 3492 1908 3547 itinere
1945 3502 2040 3549 tuo

476 3581 780 3650 srripturus
836 3597 982 3647 sum,
1033 3598 1096 3637 ac
1154 3592 1208 3637 tu
1268 3584 1418 3638 illinc
1463 3584 1701 3640 vicissim
1740 3585 1807 3638 ad
1867 3599 1952 3639 me
1985 3595 2043 3639 et

463 3689 846 3744 quemcunque
901 3674 1098 3730 domus
1149 3684 1253 3730 tua:
1307 3676 1576 3740 scribens,
1625 3677 1838 3732 titulum
1895 3678 2040 3734 hunc

463 3767 776 3836 usurpabis.
811 3766 1015 3834 Quodsi
1074 3768 1283 3823 interea
1335 3783 1450 3822 rem
1509 3771 1886 3838 cognoverint,
1942 3767 2036 3840 qui

461 3857 706 3914 invident
737 3860 860 3922 tibi,
896 3859 1148 3928 quamvis
1197 3859 1265 3916 iis
1309 3859 1507 3915 durum
1546 3863 1920 3932 acerbumque
1953 3865 2036 3915 vi-

463 3951 686 4014 deatur,
719 3952 967 4005 volentes
1023 3949 1273 4006 nolentes
1306 3965 1425 4006 eam
1484 3951 1820 4008 devoranto.’
1850 3971 1869 4006 ι
1929 3952 2038 4010 Re-

461 4042 654 4110 spondi
688 4042 760 4096 ita
791 4042 1142 4112 imperatori:
1182 4060 1202 4095 t
1244 4043 1384 4099 Deus
1439 4043 1704 4100 Dominus
1769 4046 2038 4115 producat

461 4131 750 4201 imperium
782 4141 958 4187 tuum.
1003 4132 1108 4188 Sed
1139 4143 1318 4188 tamen
1353 4135 1680 4204 suppliciter
1727 4152 1862 4208 rogo
1901 4153 2033 4193 san-

458 4233 598 4276 ctam
637 4223 972 4286 maiestatem
998 4232 1171 4288 tuam,
1219 4222 1265 4278 si
1300 4238 1422 4278 mea
1467 4239 1635 4280 causa
1699 4225 1804 4279 ulla
1848 4225 2032 4282 futura

458 4318 528 4368 sit
553 4315 803 4378 ollensio,
829 4315 970 4370 unde
1006 4315 1138 4384 quid
1169 4315 1484 4372 detrimenti
1529 4317 1709 4387 capiat
1741 4320 2030 4388 imperium

459 4418 635 4468 tuum,
667 4419 906 4473 unquam
938 4418 1004 4458 ne
1029 4405 1138 4468 list,
1172 4405 1315 4474 quod
1343 4406 1644 4470 meditaris,
1690 4407 1803 4462 imo
1847 4409 2032 4476 potius

459 4497 649 4563 pellem
690 4496 822 4550 milti
853 4496 1136 4560 detrahas.
1176 4495 1222 4552 si
1249 4497 1315 4551 ad
1349 4497 1651 4566 majestatis
1709 4507 1816 4555 tua:
1880 4510 2033 4555 tran-

457 4586 780 4651 quillitatem
822 4597 876 4643 et
907 4603 1092 4656 pacem
1121 4589 1411 4644 conducat.
1453 4608 1472 4643 ι
1507 4591 1646 4646 Tum
1701 4592 2020 4663 imperator:

463 4698 480 4729 ι
524 4677 594 4733 Ut
624 4680 890 4746 minister,
929 4679 1025 4746 ait,
1060 4680 1231 4736 fidelis
1267 4680 1480 4737 locutus
1505 4697 1590 4738 es.
1651 4681 1755 4738 Sed
1813 4698 1884 4738 ne
1927 4684 2026 4739 tibi

457 4772 556 4826 ista
591 4786 679 4826 res
704 4787 849 4828 curae
871 4775 942 4830 sit
969 4773 1076 4828 ullo
1102 4772 1283 4828 modo.
1317 4774 1484 4829 Doleo
1511 4772 1682 4841 enim,
1711 4776 1858 4845 quod
1887 4777 2026 4833 nihil

454 4865 956 4936 circumspicientes
977 4873 1125 4921 tanta
1153 4877 1243 4921 tua
1263 4881 1390 4937 erga
1414 4883 1500 4923 me
1514 4867 1756 4923 oﬂiciaet
1771 4871 2025 4939 obsequia

453 4964 508 5011 et
540 4968 753 5012 tuorum
805 4958 1120 5013 meritorum
1176 4958 1642 5026 comparationem
1707 4959 2027 5016 all‘ectantes

454 5049 653 5106 animis
711 5051 912 5120 gradus
963 5049 1262 5105 oﬂiciorunt
1292 5051 1682 5106 convenientes
1723 5053 2028 5108 transsilire

453 5151 746 5196 conantur.
801 5139 1002 5194 Verum
1063 5153 1284 5195 arcesse
1319 5141 1426 5194 ltuc
1474 5141 1589 5211 jam
1643 5157 1872 5198 munere
1923 5143 2029 5200 ltoc

454 5233 768 5300 fungentem
826 5234 1120 5287 notarium.
1166 5251 1186 5284 ι
1246 5233 1562 5288 Venientetn
1623 5238 1892 5292 notarium
1929 5239 2029 5293 im-

457 5331 680 5392 perator
709 5323 782 5376 ita
814 5324 1084 5378 allocutus
1134 5336 1247 5380 est:
1289 5344 1306 5375 ι
1355 5328 1494 5381 Ante
1543 5327 1641 5382 tibi
1698 5330 2029 5399 signiﬁcavi-

457 5430 600 5479 tnus,
643 5430 764 5485 quae
789 5423 843 5468 et
869 5416 934 5469 ad
983 5431 1120 5484 quos
1173 5419 1404 5486 publicae
1459 5419 1582 5474 fidei
1635 5421 1882 5490 epistolis
1931 5410 2028 5479 tibi

457 5506 748 5563 scribenda
778 5507 924 5563 sint:
960 5508 1044 5562 Itis
1073 5509 1232 5575 adde,
1276 5526 1372 5566 eos
1405 5520 1574 5566 totam
1634 5529 1744 5567 rem
1779 5517 2032 5586 cognitu-

461 5615 551 5655 ros
589 5615 711 5655 essc
745 5614 775 5654 e
808 5598 1044 5669 Georgio
1096 5598 1330 5656 Pbratze
1360 5619 1558 5673 magno
1612 5604 1884 5674 logotlteta
1914 5627 1927 5674 ;
1967 5625 2030 5664 ac

456 5693 502 5745 si
529 5692 635 5746 vita
665 5692 1110 5762 suppeditaverit,
1147 5693 1354 5748 scribes
1380 5696 1563 5760 etiam,
1591 5698 1845 5753 eumdem
1873 5701 2031 5757 nobis

456 5781 668 5838 amnem
697 5797 838 5838 esse.
867 5781 978 5837 lloc
1014 5783 1102 5838 cui
1129 5783 1487 5853 displicuerit,
1519 5786 1765 5855 ringatur
1801 5789 1950 5854 licet,
1977 5801 2033 5848 et

455 5889 554 5946 pro
579 5886 796 5934 nectare
824 5886 916 5934 aut
950 5887 1083 5949 potu
1132 5877 1430 5934 aromatico
1490 5878 1652 5936 bilem
1695 5895 2022 5953 concoquat.

2147 3319 2283 3378 tege.
2329 3327 2347 3360 ι
2381 3306 2565 3364 Rebus
2587 3308 2781 3364 deinde
2806 3309 3106 3372 adornatis,
3129 3307 3432 3364 instructus
3469 3307 3530 3361 iis
3555 3317 3651 3359 sunt

2144 3409 2308 3469 atque
2349 3401 2755 3471 exspectabam,
2805 3413 2873 3455 eo
2926 3399 3046 3470 ipso
3075 3398 3167 3454 die
3197 3410 3297 3455 aut
3328 3396 3569 3470 postridie
3596 3407 3662 3446 me

2142 3492 2492 3547 adoraturum
2552 3495 2934 3562 imperatorem
2989 3501 3043 3547 et
3096 3492 3334 3548 abeundi
3390 3495 3663 3562 potestatem

2141 3595 2490 3654 accepturum
2519 3598 2662 3647 esse,
2695 3599 2818 3639 cunt
2853 3583 3035 3640 subito
3062 3584 3414 3654 Adrianopoli
3442 3591 3660 3652 egressus

2140 3675 2654 3747 ameras_adversus
2681 3692 2778 3730 nos
2810 3677 3204 3746 proficiscitur.
3267 3677 3448 3747 Itaque
3475 3680 3666 3746 praesto-

2137 3768 2236 3822 lati
2290 3743 2480 3823 sumus
2507 3743 2842 3834 aliquandiu,
2874 3783 2943 3822 ne
2973 3767 3115 3825 forte
3148 3769 3204 3823 in
3239 3743 3430 3825 itinere
3475 3743 3658 3821 contin-

2138 3867 2289 3930 geret
2317 3861 2472 3915 nobis
2499 3860 2627 3928 quid
2676 3859 2999 3916 infaustum.

2205 3953 2260 4008 3.
2290 3951 2614 4007 Meltemetes
2639 3967 2855 4008 ameras
2911 3967 3036 4006 cum
3091 3953 3298 4022 patris”
3329 3953 3664 4023 maiorumque

2136 4043 2699 4097 exsecratissimorum
2725 4043 3015 4114 praeclaras
3036 4043 3298 4100 victorias
3315 4054 3367 4098 et
3396 4058 3478 4098 res
3505 4049 3656 4112 gestas

2136 4133 2343 4188 videret
2366 4134 2706 4204 audiretque,
2741 4134 3030 4203 reputabat
3059 4149 3271 4197 secum,
3299 4135 3423 4204 quid
3468 4135 3567 4201 ipse
3601 4131 3662 4181 fa-

2135 4233 2282 4278 ceret
2311 4223 2534 4294 dignum
2558 4227 2839 4300 memoria.
2863 4225 2982 4280 Haec
3006 4227 3256 4296 cogitans
3286 4227 3423 4296 apud
3452 4225 3654 4278 animum

2135 4330 2319 4382 suum,
2350 4317 2496 4371 malo
2521 4317 2752 4372 consilio
2779 4319 2993 4380 statuit,
3018 4327 3076 4370 ttt
3103 4319 3305 4372 bellum
3328 4319 3568 4372 adversus
3583 4327 3658 4366 ur-

2132 4405 2254 4460 bem
2286 4416 2526 4476 pararet.
2559 4406 2650 4461 Sic
2677 4408 2826 4462 enim
2863 4422 3048 4462 secum
3083 4408 3543 4464 ratiocinabatur:
3576 4401 3655 4453 «Si

2133 4498 2323 4551 urbem
2354 4497 2557 4564 vicero,
2587 4499 2794 4567 priores
2821 4514 3013 4553 omnes
3044 4500 3417 4568 praecelluero,
3440 4495 3658 4566 quoniam

2133 4587 2208 4641 illi
2241 4603 2359 4643 eam
2397 4589 2585 4643 urbem
2618 4605 2760 4658 saepe
2799 4591 3040 4661 aggressi
3076 4591 3275 4646 frustra
3310 4593 3656 4646 laboraruntn

2134 4678 2210 4733 Ex
2238 4682 2336 4736 hac
2357 4681 2572 4735 occulta
2593 4682 2925 4751 cocgitatione
2951 4683 3116 4751 igitur
3145 4685 3320 4738 visum
3347 4684 3394 4739 ei
3417 4689 3510 4743 est,
3533 4679 3660 4748 juxta

2133 4774 2518 4827 Asomatorum
2551 4775 2834 4842 angustias
2871 4784 3112 4829 castrum
3147 4776 3402 4839 condere,
3434 4781 3489 4828 ut
3520 4781 3660 4838 supra

2137 4867 2472 4926 monuimus,
2494 4881 2603 4936 quo
2626 4864 2892 4933 refugium
2915 4867 3162 4929 haberet,
3186 4867 3312 4921 dum
3333 4869 3522 4922 faceret
3563 4873 3662 4935 qua!

2137 4957 2522 5023 meditabatur,
2554 4973 2689 5014 neve
2715 4958 2885 5012 ullum
2907 4960 3023 5012 sive
3048 4974 3274 5028 parvum
3302 4960 3411 5014 sive
3443 4963 3659 5022 maguum

2137 5049 2416 5118 navigium
2448 5063 2478 5102 e
2503 5048 2680 5104 Ponto
2709 5049 2926 5104 Euxino
2958 5050 3015 5104 in
3049 5050 3240 5105 urbem
3275 5056 3454 5121 posset
3501 5051 3660 5112 pem"

2134 5142 2275 5206 nire,
2309 5151 2477 5212 utque
2495 5141 2796 5197 faciliorem
2819 5143 3083 5198 baberent
3110 5157 3178 5197 ex
3201 5142 3329 5196 Asia
3349 5142 3399 5195 in
3425 5139 3656 5201 Europam

2137 5241 2450 5294 transitum.
2469 5235 2758 5292 Festinans
2786 5237 2952 5306 igitur
2979 5245 3034 5292 et
3051 5238 3284 5299 instans,
3303 5243 3362 5289 ut
3387 5224 3659 5287 meditatis:

2137 5344 2196 5386 se
2218 5340 2468 5384 eventum
2486 5330 2658 5394 daret,
2679 5343 2806 5384 ecce
2831 5327 2920 5383 die
2938 5328 3010 5382 26
3031 5328 3205 5384 Martii
3229 5328 3352 5383 anni
3371 5323 3500 5381 6960
3513 5315 3659 5377 subito

2138 5421 2339 5477 invasit
2355 5422 2656 5493 angustias,
2676 5431 2916 5476 castrum
2937 5429 3334 5476 esstructurus.
3349 5411 3659 5472 Animadver-

2139 5523 2261 5568 tens
2293 5514 2550 5567 astutiam
2579 5511 3036 5581 ejusimperator,
3085 5511 3202 5580 ipse
3242 5511 3465 5579 primum
3493 5497 3656 5556 bellum

2138 5618 2484 5659 commovere
2506 5602 2572 5657 ad
2597 5618 2722 5658 eum
2748 5601 3146 5670 impediendum
3171 5600 3374 5656 statuit.
3395 5600 3455 5650 At
3472 5587 3656 5660 quidam

2140 5697 2400 5751 senatorii
2423 5694 2634 5750 ordinis
2663 5703 2778 5750 tum
2808 5694 3120 5750 sacerdotes
3145 5704 3259 5746 tum
3291 5689 3406 5744 laici
3440 5683 3656 5740 adversa-

2143 5793 2340 5845 bantur
2367 5789 2650 5844 sententim
2678 5796 2732 5842 et
2756 5787 2988 5844 consilio
3013 5787 3158 5856 ejus.
3189 5804 3207 5838 ι
3235 5784 3310 5839 Ne
3353 5782 3652 5838 commovea-

2145 5899 2252 5950 tur,
2281 5884 2518 5946 aiebant,
2547 5896 2576 5936 a
2609 5879 2891 5949 majestate
2924 5889 3013 5935 tua
3037 5879 3258 5944 bellum,
3291 5875 3454 5932 donec
3490 5872 3654 5934 008"”

3843 175 3845 194 t

3843 455 3845 480 |
