3976 6570
185 358 360 471 ἐπ

1254 395 1690 460 CHRONICON
1734 395 2005 457 MAIUS.
2039 421 2104 431 -
2138 398 2280 456 LIB.
2320 395 2428 458 III.

3380 389 3486 454 834

241 517 460 579 αιλείας
500 531 616 582 σου,
649 513 755 576 ἕως
779 511 844 565 ἂν
867 510 1072 579 ίδωμεν
1100 508 1151 562 τί
1179 507 1428 579 βούλεται
1467 508 1630 571 αὐτὸς
1664 509 1809 577 πρᾶρ
1843 513 1881 567 Α
1913 506 1992 575 τῷ
2024 506 2238 576 βασιλεί
2270 523 2280 536 °
2331 508 2426 561 καὶ
2457 505 2628 568 οὕτως
2674 502 3041 573 ἐπροσέταξεν
3087 503 3115 556 6
3146 503 3366 573 ἀμηρᾶς
3401 503 3489 554 ἵνα

243 610 366 674 ξαι.
398 608 462 660 Εί
493 607 588 661 καὶ
615 607 678 658 τὸ
704 605 839 659 ἄστυ
873 602 1055 674 κτίσῃ,
1075 603 1132 654 ὲν
1151 601 1372 670 εὐκολίᾳ
1402 598 1825 669 παραλαμϐάνο-

247 717 362 771 μεν
393 698 525 754 αὐτὸ
557 696 646 750 διὰ
686 695 748 748 τδ
779 694 1082 763 ἐγγύτερον
1122 690 1259 744 εἶναι
1301 693 1454 760 ἡμῖν.
1494 709 1511 742 ι
1546 692 1612 743 ⁸0
1645 690 1738 742 καὶ
1768 690 1825 740 ὲν

248 791 513 859 ὑστέροις
567 784 710 840 εἶδον
753 786 983 848 τέλειον,
1032 783 1127 836 καὶ
1179 781 1392 852 ἀληθῶς
1445 780 1691 847 ἔγνωσαν
1743 780 1826 832 ὅτι

248 881 476 943 ἐλπίδες
500 881 656 932 κεναὶ
677 877 940 947 τρέφουσι
968 877 1092 937 τοὺς
1120 873 1403 942 ἀνοήτους.
1446 871 1592 939 Ἐγὼ
1621 871 1675 922 δὲ
1705 871 1827 922 ὲνα-

249 974 500 1041 πέμεινα
518 971 619 1038 τῆς
650 969 877 1038 πορείας
894 969 929 1032 ἥ
969 964 1303 1036 ήτοιμάσθη,
1343 962 1622 1030 ιΣήμερον
1643 960 1829 1028 λέγον‹

247 1080 354 1126 τες
387 1061 587 1129 ίδωμεν
619 1061 715 1114 καὶ
756 1059 978 1127 αὔριονο
1013 1060 1106 1110 καὶ
1139 1058 1223 1110 ὅτι
1269 1056 1356 1108 διὰ
1401 1055 1568 1125 ξηρᾶς
1601 1056 1698 1122 οὐχ
1729 1054 1827 1123 ἀρ-

254 1155 443 1224 μόζει,
471 1155 593 1206 ἐπεὶ
626 1152 970 1205 ἐπικίνδυνόν
997 1151 1118 1202 ἐστι
1149 1148 1210 1202 τὸ
1241 1152 1492 1218 πρᾶγμα,
1521 1147 1636 1200 ἀλλ’
1666 1147 1832 1216 εὑρή-

256 1260 452 1313 σωμεν
488 1243 810 1310 πλεύσιμον.
854 1259 872 1292 ι

349 1336 438 1387 ‘Ev
474 1332 679 1402 Ἰουνίῳ
701 1333 834 1402 μηνὶ
851 1330 949 1384 τοῦ
975 1330 1139 1384 αὐτοῦ
1161 1329 1311 1392 ἔτους
1331 1329 1440 1381 ίδού
1469 1325 1830 1397 έδημοσιεύθη

251 1428 292 1496 ἡ
335 1427 482 1496 μάχη
509 1440 522 1454 ·
577 1426 672 1478 καὶ
701 1424 822 1477 καθ’
857 1424 1016 1493 ήμῶν
1047 1422 1140 1476 τοῦ
1197 1421 1560 1490 στρατοπέδου
1593 1418 1829 1489 δραμόνο

251 1537 378 1585 τος,
408 1516 798 1588 ᾐχμαλώτευσε
826 1515 1031 1576 πάντας
1061 1515 1188 1578 τοὺς
1244 1511 1444 1576 ἔξωθεν
1496 1512 1596 1579 τῆς
1627 1509 1832 1571 πόλεως

256 1610 572 1672 οἰκοῦντας.
624 1609 713 1660 Ἐν
744 1600 788 1674 ᾧ
818 1607 996 1678 καιρῷ
1030 1605 1315 1659 ἐτελείωσε
1345 1602 1525 1657 καὶτὸ
1554 1602 1710 1666 ἄστυ,
1739 1601 1834 1654 καὶ

256 1704 328 1754 ὲν
359 1700 508 1767 αὐτῷ
557 1699 878 1770 ᾠκοδόμησε
925 1697 1168 1767 πύργους
1208 1697 1359 1765 τρεῖς
1395 1693 1670 1763 ίσχυρούς,
1709 1691 1834 1754 τοὺς

253 1791 360 1842 δύο
407 1790 506 1858 μὲν
541 1789 854 1859 χερσαίους,
890 1789 981 1841 τὸν
1025 1789 1082 1842 δὲ
1117 1789 1306 1857 ἕτερον
1354 1786 1498 1840 κατὰ
1534 1785 1830 1849 θάλασσαν,

253 1881 323 1942 ὃς
351 1882 446 1934 καὶ
472 1879 650 1945 ὀλίτον
677 1897 728 1933 τι
763 1881 968 1948 μείζων
995 1881 1106 1933 τῶν
1135 1880 1228 1932 δύο
1268 1862 1506 1948 ὐπῆρχε.
1533 1877 1606 1930 Τὸ
1633 1877 1692 1929 δὲ
1721 1894 1833 1928 τει-

255 1973 380 2041 χῶν
410 1973 566 2042 εὖρος
689 1975 860 2028 είκοσι
890 1973 986 2026 καὶ
1019 1972 1182 2025 πέντε
1218 1970 1417 2035 ποδῶν,
1447 1972 1506 2023 τὸ
1545 1969 1602 2022 δὲ
1632 1968 1835 2022 ἔσωθεν

255 2065 447 2117 αὐτῶν
473 2065 792 2133 εὐρύχωρον
823 2063 1037 2132 ὑπῆρχε
1074 2063 1370 2132 τριάκοντα
1395 2061 1488 2113 καὶ
1518 2060 1610 2112 δύο
1635 2059 1831 2114 ποδῶν.

256 2149 406 2206 Εἶτα
438 2154 498 2206 ιν
550 2152 798 2223 μολύϐδῳ
829 2154 1116 2215 σκεπάσας
1148 2153 1272 2214 τοὺς
1301 2151 1568 2220 πύργους,
1598 2155 1691 2203 καὶ
1728 2151 1838 2204 πᾶν

255 2246 328 2297 τὸ
363 2246 500 2299 ἄστυ
550 2245 734 2307 καλῶς
770 2245 1101 2314 ἁσφαλίσας,
1138 2245 1234 2298 καὶ
1279 2245 1338 2297 ὲν
1369 2243 1519 2313 αὐτῷ
1563 2243 1838 2314 φρουροὺς

209 2348 214 2349 ί
259 2337 600 2404 κατέστησε.
635 2337 747 2388 Καὶ
775 2337 832 2388 ὲν
858 2339 925 2406 τῇ
960 2337 1182 2407 εἰκοστῇ
1215 2336 1376 2407 ὀγδόῃ
1405 2335 1500 2387 τοῦ
1525 2333 1838 2402 Αὐγούστου

257 2427 520 2497 ἐγερθεὶς
543 2427 753 2480 ἐκεῖθεν
783 2428 980 2481 ἔπεσεν
1013 2429 1105 2480 ἐπὶ
1127 2429 1227 2490 τὰς
1257 2427 1450 2487 σούδας
1477 2427 1576 2492 τῆς
1607 2426 1838 2490 πόλεως,

257 2520 368 2571 καὶ
402 2521 470 2589 τῇ
520 2517 713 2591 πρώτῃ
745 2518 838 2572 τοῦ
884 2519 1268 2588 Σεπτεμϐρίου
1310 2519 1480 2589 μηνὸς
1527 2520 1623 2573 τού
1654 2519 1839 2591 ,ςὲίκξαο

259 2607 426 2671 ἔτους
454 2608 603 2676 διέση
643 2611 722 2672 είς
760 2609 860 2680 τήν
903 2608 1397 2678 Ἀνδριανούπολιν,
1441 2609 1516 2672 ὡς
1568 2609 1839 2679 φαίνεται,

260 2699 363 2752 ἵνα
389 2700 508 2761 ταῖς
560 2699 653 2752 δύο
687 2700 876 2762 αὐταῖς
908 2700 1147 2770 ἡμέραις
1179 2702 1267 2773 ίδῃ
1293 2700 1362 2753 τὰ
1407 2700 1564 2768 τείχη
1597 2700 1694 2768 τῆς
1744 2699 1841 2750 πό-

261 2793 412 2855 λεως
459 2796 554 2849 καὶ
599 2794 760 2864 235
789 2796 1054 2864 τάφρους,
1106 2794 1202 2849 καὶ
1237 2793 1288 2846 εί
1342 2810 1394 2847 τι
1437 2793 1627 2861 ιτερον
1684 2791 1844 2852 αὐτὸς

263 2883 568 2950 ιλογίζετο.
629 2885 739 2936 Καὶ
788 2883 867 2954 τῷ
915 2884 1067 2952 αὐτῷ
1123 2882 1454 2952 φθινοπώρῳ
1509 2881 1843 2951 Ὀκτωδρῖου

266 2977 473 3050 πρώτῃ
506 2977 722 3042 στείλας
755 2977 844 3031 τδν
889 2977 1217 3048 Τουραχάνη
1256 2978 1354 3030 καὶ
1403 2977 1534 3038 τούς
1562 2976 1657 3030 δύο
1695 2976 1847 3039 υἱοὺς

268 3069 444 3125 αὐτοῦ
471 3069 797 3140 ’Δχουμάτιν
826 3070 924 3123 καὶ
946 3069 1182 3139 Ἀμάριν
1210 3069 1348 3139 μετά
1391 3067 1647 3123 πλείστου
1685 3083 1848 3138 στρα·

269 3159 374 3214 τοῦ
418 3161 476 3212 ἑν
519 3164 585 3228 τῇ
619 3160 1036 3231 Πελοποννήσῳ,
1083 3159 1176 3214 ἴνα
1225 3161 1526 3230 μαχόμενοι
1571 3160 1711 3213 κατὰ
1739 3159 1847 3212 τῶν

267 3250 554 3303 δεσποτῶν
588 3251 697 3304 τῶν
719 3250 816 3304 τοῦ
848 3250 1110 3320 βασιλέως
1135 3250 1381 3318 ἀδελφῶν
1404 3249 1694 3304 κωλύσωσι
1717 3250 1844 3312 τοὺς

269 3341 556 3404 τοιούτους
614 3342 996 3412 ἐμποδίζοντες
1051 3343 1140 3396 διὰ
1176 3341 1270 3396 τοῦ
1327 3342 1590 3411 πολέμου,
1639 3342 1728 3395 ἵνα
1771 3341 1847 3411 μὴ

275 3431 572 3502 δυνάμενοι
600 3434 760 3486 ἐᾶσαι
789 3432 879 3486 τὸν
903 3433 1069 3486 τόπον
1116 3431 1316 3486 Ιλθωσι
1353 3431 1492 3503 πρὸς
1523 3434 1847 3504 συμμαχίαν

273 3545 545 3606 verimns,
567 3544 694 3614 quid
716 3544 803 3599 ille
819 3544 970 3599 velit.
986 3543 1209 3600 Etiamsi
1229 3546 1371 3600 enim
1395 3555 1632 3602 castrum
1658 3546 1848 3600 condi-

275 3635 447 3699 derit,
463 3645 642 3691 tamen
681 3636 825 3691 facili
853 3651 1018 3706 opera
1042 3638 1092 3692 id
1111 3639 1564 3708 expugnabimus,
1587 3639 1843 3708 quoniam

275 3727 515 3796 propius
550 3729 706 3783 nobis
723 3740 823 3785 est.
848 3736 881 3781 ι
909 3729 1064 3796 Quod
1100 3739 1284 3800 postea
1323 3738 1706 3800 compererunt
1734 3729 1850 3799 pla-

276 3818 528 3881 nissime,
546 3829 600 3872 et
618 3834 802 3874 revera
821 3828 1212 3888 cognoverunt,
1231 3836 1326 3890 spe
1342 3835 1479 3874 vana
1504 3821 1651 3890 pasci
1669 3835 1852 3875 amen-

277 3913 390 3960 tes.
417 3906 528 3976 Ego
557 3916 734 3962 autem
759 3910 1168 3978 perseveraham
1187 3911 1240 3963 in
1271 3910 1484 3966 itineris
1516 3911 1627 3980 jam
1675 3913 1848 3982 parati

282 3996 540 4050 consilio.
560 3997 802 4061 Scilicet,
826 4016 846 4050 ι
887 3999 1078 4066 Hodie,
1121 4000 1364 4062 aiebant.
1382 4009 1476 4055 aut
1499 4017 1622 4058 cras
1647 4003 1853 4058 videbi-

282 4098 540 4149 musgnec
557 4101 654 4156 per
668 4098 866 4142 terram
889 4089 988 4143 iter
1009 4088 1185 4144 facere
1203 4089 1348 4155 licet,
1365 4091 1620 4160 quoniam
1639 4095 1854 4162 pericu-

284 4173 404 4229 losa
421 4188 508 4229 res
525 4185 628 4241 est,
653 4177 746 4231 sed
763 4179 1048 4248 navigandi
1065 4181 1402 4235 occasionem
1437 4181 1797 4239 inveniemus.
1827 4203 1846 4238 ι

360 4262 731 4320 MenseJunio
760 4267 879 4336 ejus
931 4271 1056 4322 anni
1095 4270 1292 4324 bellum
1350 4273 1702 4329 commissum
1752 4284 1854 4340 est,

1923 599 1992 650 δι’
2020 601 2144 652 ὅλου
2175 599 2269 652 τοῦ
2301 599 2568 668 χειμῶνος
2607 597 2992 666 ἐμποδίζοντες
3036 599 3250 660 αὐτοὺς,
3286 596 3380 648 καὶ
3417 595 3490 663 μὴ

1925 695 2160 763 εὕρωσιν
2211 695 2497 762 εὐκαιρίαν
2547 692 2640 744 τοῦ
2688 691 2862 744 ἐλθεῖν
2903 691 3165 760 βοηθῆσαι
3219 695 3284 757 τῇ
3337 693 3489 745 πόλει

1925 785 2043 850 ἅμα
2075 784 2153 853 τῷ
2206 783 2416 853 βασιλεί
2464 782 2541 852 τῷ
2577 783 2671 835 καὶ
2715 781 2928 850 ἀδελφῷ
2959 781 3161 834 αὐτῶν.
3213 782 3493 844 Ἐλθόντος
3577 827 3584 832 .

1926 877 2018 932 οὖν
2049 877 2141 931 τοῦ
2175 879 2498 948 Τουραχάνη
2547 878 2641 931 καὶ
2671 878 2920 947 τὰ’τείχη
2964 877 3058 929 τοῦ
3090 877 3307 945 Ἰσθμοῦ
3341 876 3495 930 αὖθις

1926 966 2254 1038 ἁλώσιντος,
2307 967 2401 1019 καὶ
2453 966 2784 1035 ἀμφοτέρων
2834 966 2942 1018 τῶν
3001 967 3187 1033 μερῶν
3254 967 3496 1019 πλεῖστοι

1928 1057 2374 1125 ἀπεκτάνθησαν,
2408 1055 2552 1124 λέγω
2586 1054 2935 1124 Χριστιανῶν
2971 1057 3062 1107 καὶ
3087 1056 3353 1118 ἀπίστων,
3393 1060 3498 1126 μά-

1930 1147 2092 1201 λιστα
2125 1151 2189 1201 ἐκ
2236 1149 2345 1200 τῶν
2374 1148 2740 1218 Χριστιανῶν,
2770 1148 2818 1200 οἳ
2850 1149 2944 1200 καὶ
2995 1149 3074 1211 είς
3125 1149 3305 1218 φυγὴν
3337 1151 3498 1214 ἐτρά-

1933 1254 2137 1306 πησαν.
2174 1237 2344 1298 Αὐτὸς
2377 1237 2434 1290 δὲ
2480 1237 2799 1291 καταλιπὼν
2819 1237 2921 1308 τὴν
2968 1237 3232 1306 Κόρινθον
3267 1239 3360 1291 καὶ
3413 1239 3500 1290 διὰ

1936 1328 2102 1399 μέσου
2132 1329 2232 1395 τῆς
2273 1328 2443 1396 νήσου
2472 1329 2770 1398 ἐρχόμενος
2817 1329 3270 1399 αἰχμαλωτεύων,
3309 1330 3500 1391 ἄλλους

1937 1419 2216 1473 σκυλεύων
2245 1420 2341 1472 καὶ
2362 1416 2792 1489 ἄνδραποδίζων,
2819 1420 2911 1481 οὓς
2940 1413 3089 1487 εὗρε,
3115 1419 3350 1489 ἔφθασεν
3375 1422 3502 1487 ἄχρι

1933 1512 2030 1581 τῆς
2075 1510 2374 1579 Ἀρκαδίας
2405 1509 2674 1579 ἐπαρχίας
2703 1511 2800 1564 καὶ
2826 1511 2924 1563 τοῦ
2955 1511 3344 1581 Μεσσηνιακοῦ
3387 1513 3505 1564 κόλ-

1937 1618 2062 1665 που,
2093 1602 2188 1654 καὶ
2218 1603 2318 1670 τὴν
2345 1603 2463 1655 666v
2494 1602 2725 1670 βαδίζων
2767 1605 2864 1672 τῆς
2895 1603 3152 1671 Ἰθώμης,
3184 1605 3279 1657 xui
3329 1607 3506 1656 πάντα

1934 1694 2026 1746 τὸν
2057 1693 2445 1762 Μεσσηνιακὸν
2470 1693 2674 1746 κόλπον
2706 1693 3039 1762 ληϊσάμενος
3073 1695 3200 1764 ἄχρι
3232 1699 3330 1764 τῆς
3357 1697 3506 1748 sz-

1936 1783 2164 1845 τινείας.
2215 1783 2361 1836 Ἰδὼν
2379 1783 2437 1836 δὲ
2466 1784 2526 1836 τὸ
2547 1783 2640 1836 τοῦ
2673 1786 2839 1837 τόπου
2873 1787 3062 1837 στενὸν
3083 1788 3180 1838 καὶ
3207 1787 3504 1856 δύσχωρον.

1936 1875 2006 1927 δι’
2031 1874 2094 1926 οὗ
2143 1874 2380 1944 στρατὸς
2415 1874 2515 1927 οὐκ
2568 1875 2794 1928 ἐδύνατο
2843 1877 3047 1930 ὁδεύειν
3105 1877 3242 1945 ὁμοῦ
3282 1881 3505 1938 πάντες.

1935 1965 2014 2036 τῷ
2043 1966 2146 2034 υίῷ
2175 1965 2340 2020 αὐτοῦ
2386 1966 2702 2037 Ἀχουμάτῃ
2753 1967 2919 2038 μέρος
2968 1969 3067 2021 οὐκ
3099 1969 3325 2036 ἀγενοῦς
3347 1970 3510 2038 236

1937 2056 2170 2127 στρατοῦ
2196 2056 2374 2119 δώσας
2404 2057 2499 2110 καὶ
2531 2060 2630 2125 τὴν
2658 2057 2779 2110 ὁδὸν
2809 2059 3113 2129 ἐρχομένην
3149 2062 3206 2112 ὲν
3245 2061 3320 2130 τῷ
3350 2063 3511 2113 Λεον-

1939 2149 2082 2220 τάρῃ
2136 2149 2510 2218 παρήγγειλεν
2561 2149 2811 2204 ὁδεύειν·
2866 2153 2894 2204 6
2945 2151 3001 2203 δὲ
3051 2152 3122 2204 δι’
3179 2153 3347 2220 ἄλλης
3391 2153 3509 2204 ὀδοῦ

1938 2238 2129 2310 ᾤχετο.
2178 2239 2460 2303 Μαθόντες
2489 2241 2546 2294 δὲ
2588 2241 2747 2294 τοῦτο
2774 2243 2822 2294 oi
2866 2242 3127 2296 δεσπόται
3165 2244 3258 2296 καὶ
3292 2243 3512 2309 ἀδελφοὶ

1942 2331 2254 2393 στείλαντες
2283 2332 2376 2385 τὸν
2402 2331 2680 2385 Ματθατον
2706 2332 2942 2402 ’Ᾱσὰνην
2978 2335 3115 2402 μετὰ
3149 2335 3384 2404 στρατοῦ
3419 2339 3513 2388 λα-

1943 2421 2164 2492 θραίως,
2196 2423 2293 2476 καὶ
2318 2421 2488 2476 ἐλθὼν
2517 2424 2575 2476 ὲν
2611 2424 2688 2492 τῷ
2720 2425 2870 2496 τόπῳ
2897 2419 2957 2478 οὐ
2989 2427 3215 2494 ἔμελλον
3243 2428 3513 2494 περάσει,

1944 2518 2040 2570 καὶ
2098 2517 2383 2586 αἰφνιδίως
2436 2519 2517 2582 είς
2575 2520 2779 2582 αὐτοὺς
2849 2523 3223 2592 συρράξαντες
3283 2523 3514 2586 πολλοὺς

1944 2609 2276 2663 ἀπέκτειναν
2330 2612 2421 2664 καὶ
2472 2610 2888 2682 ⁴ήχμαλὼτισαν,
2945 2616 3002 2666 ὲν
3039 2607 3121 2676 οἷς
3176 2609 3257 2676 εἷς
3292 2610 3362 2685 ἦν
3407 2615 3516 2666 τῶν

1945 2699 2316 2768 αἰχμαλώτων
2347 2702 2441 2754 καὶ
2488 2706 2516 2756 6
2543 2703 2892 2774 Ἀχουμάτης
2941 2706 2968 2757 6
3002 2705 3324 2774 Τοσραχάνη
3361 2707 3475 2768 υἱός
3500 2725 3514 2738 ο

1944 2791 2004 2845 ὃν
2033 2793 2366 2848 ἀπέστειλαν
2399 2798 2478 2858 είς
2514 2797 2772 2867 Σπάρτην
2802 2797 2940 2866 πρὸς
2977 2797 3068 2850 τδν
3114 2797 3384 2868 δεσπότην
3410 2803 3518 2870 κύρ

1947 2884 2285 2954 Δημήτριον.
2343 2887 2452 2940 Καὶ
2483 2890 2548 2958 τῇ
2583 2886 2648 2951 ιζ’
2697 2888 2790 2942 τοῦ
2834 2889 3168 2960 Ἰανουαρίου
3224 2890 3393 2958 μηνὸς
3423 2889 3518 2942 τοῦ

1948 2973 2115 3028 αὐτοῦ
2137 2976 2291 3040 ἔτους
2322 2978 2583 3048 ἐγεννήθη
2619 2981 2716 3033 καὶ
2743 2982 2772 3034 6
2797 2979 2906 3034 τῶν
2933 2979 3315 3049 Παλαιολόγων
3331 2982 3521 3049 γένους

1951 3065 2047 3118 καὶ
2074 3066 2170 3135 τῆς
2217 3067 2500 3136 βασιλείας
2541 3069 2785 3139 διάδοχος
2819 3071 2914 3123 xai
2958 3071 3052 3124 τοῦ
3088 3072 3196 3125 τῶν
3237 3073 3523 3140 Ῥωμαίων

1955 3159 2150 3230 μικροῦ
2178 3159 2372 3214 τούτου
2399 3163 2696 3233 σπινθῆρος
2723 3163 3086 3233 κληρονόμος,
3115 3167 3144 3218 6
3169 3164 3360 3235 κύριος
3401 3166 3523 3219 Ἀνο

1947 3250 2112 3319 δρέας
2159 3253 2189 3304 ό
2253 3253 2646 3323 Παλαιολόγος,
2691 3258 2718 3308 6
2773 3256 2890 3320 υίὸς
2945 3257 3041 3310 τοῦ
3100 3257 3366 3311 δεσπότου
3418 3257 3524 3329 κὺρ

1947 3341 2122 3417 {haud
2153 3343 2250 3398 τοῦ
2281 3350 2820 3420 πορφυρογεννήτου.

1950 3545 2204 3614 davitque
2232 3544 2299 3600 iis
2328 3560 2562 3606 ameras,
2586 3555 2644 3601 nt
2675 3561 2770 3615 per
2793 3556 2956 3600 totam
2978 3545 3210 3601 hiemem
3245 3561 3340 3601 eos
3361 3546 3525 3616 impe-

1948 3633 2148 3696 dirent,
2169 3650 2235 3688 ne
2259 3634 2564 3688 invenirent
2581 3637 2928 3690 occasionem
2972 3637 3211 3691 ferendze
3255 3637 3376 3690 urbi
3405 3637 3526 3705 opis

1951 3738 2057 3778 una
2079 3739 2202 3778 cum
2227 3724 2555 3794 imperatore
2577 3724 2761 3780 fratre.
2788 3727 3144 3782 Turachanes
3168 3727 3329 3796 igitur
3352 3740 3408 3781 ιιι
3435 3731 3528 3780 ad-

1951 3816 2119 3880 venit,
2150 3816 2339 3870 lsthmi
2374 3818 2777 3886 propugnacula
2805 3818 2971 3888 cepit,
3006 3819 3431 3887 cecideruntque
3463 3836 3528 3874 ιιι

1952 3914 2186 3978 utraque
2203 3919 2376 3977 parte,
2391 3907 2828 3964 Christianorum
2846 3921 2898 3964 et
2917 3909 3528 3978 inildelium,permult‘,

1953 4000 2048 4054 sed
2080 3999 2296 4054 illorum
2344 3999 2550 4070 plures,
2587 4000 2681 4069 qui
2727 4000 2889 4054 iidem
2919 3999 3057 4070 fugae
3093 4015 3151 4053 se
3181 4000 3525 4053 mandarunt.

1951 4091 2074 4161 Ipse
2125 4091 2344 4158 deinde,
2381 4092 2567 4146 relicta
2599 4092 2885 4155 Corintho,
2907 4107 3002 4161 per
3027 4091 3262 4145 mediam
3294 4091 3528 4146 insulam

1956 4183 2225 4253 procedit,
2256 4182 2499 4252 capiens,
2535 4181 2780 4251 spolians
2809 4220 2825 4247 ,
2854 4185 2906 4235 in
2943 4182 3258 4237 servitutem
3285 4182 3532 4250 redigcns

1957 4289 2316 4345 quoscunque
2345 4273 2563 4339 obvios,
2599 4262 2956 4344 pervenitque
2980 4273 3046 4327 ad
3070 4274 3407 4338 provinciam
3431 4274 3534 4325 Ar-

289 4364 455 4425 atque
493 4356 780 4413 lnvadente
820 4374 919 4414 nos
951 4364 1193 4416 exercitu
1225 4363 1447 4424 hostili.
1475 4380 1570 4432 pro
1625 4368 1854 4437 captivis
1959 4367 2126 4422 cadiae
2155 4375 2209 4420 et
2231 4365 2406 4420 sinum
2429 4363 2862 4426 Mcsseniacum.
2887 4375 2941 4419 et
2970 4365 3055 4419 via
3096 4365 3387 4418 lthomensi
3415 4380 3534 4433 pro-

291 4447 510 4516 abrepti
538 4456 669 4502 sunt
695 4449 881 4504 cuncti
926 4449 1249 4505 suburbani.
1301 4451 1420 4518 Quo
1471 4454 1664 4509 eodem
1725 4468 1857 4510 tem-
1959 4459 2208 4529 grediens
2229 4468 2398 4512 totum
2417 4461 2593 4513 sinum
2615 4456 3343 4514 McsseniacumMantineam
3366 4473 3535 4527 usque

294 4552 430 4609 pore
457 4550 695 4594 castrum
715 4540 1012 4610 perfectum
1033 4552 1561 4614 est,exstructa:que
1585 4547 1638 4600 in
1665 4562 1730 4600 eo
1752 4559 1862 4602 tres
1895 4549 1936 4602 D
1967 4551 2354 4620 depopulatur.
2392 4548 2705 4620 Perspectis
2732 4560 2912 4603 autem
2976 4549 3214 4618 regionis
3271 4558 3468 4617 august
3493 4551 3536 4602 is

294 4640 472 4684 turres
504 4630 693 4696 ﬁrmae,
727 4634 845 4686 duze
874 4635 1241 4688 continentem
1273 4651 1501 4702 versus;
1535 4639 1712 4704 tertia,
1753 4640 1862 4694 illis
1964 4649 2015 4695 et
2049 4649 2241 4694 natura
2264 4641 2430 4704 invia,
2452 4657 2723 4710 perquam
2746 4651 2892 4696 totus
2911 4641 3072 4695 simul
3095 4640 3366 4695 exercitus
3392 4651 3535 4693 tran-

293 4724 458 4793 paulo
484 4723 663 4788 altior,
688 4725 759 4786 ad.
781 4739 946 4778 mare.
971 4723 1249 4778 Murorum
1271 4726 1501 4780 latitudo
1522 4735 1640 4780 erat
1669 4727 1860 4797 viginti

292 4814 536 4884 qnlnque
549 4817 768 4884 pedum,
790 4816 1018 4870 interius
1034 4817 1268 4884 spatium
1292 4817 1527 4871 duorum
1543 4827 1595 4871 et
1615 4819 1861 4888 triginta.

297 4909 526 4962 Easdem
551 4911 770 4976 plumbo
802 4911 937 4963 texit
964 4919 1019 4963 et
1047 4918 1222 4964 totum
1253 4919 1490 4964 castrum
1516 4909 1654 4964 bene
1690 4911 1867 4964 muni-

296 5002 377 5054 vit
397 5012 452 5054 et
477 5002 728 5068 praesidio
751 5001 1009 5057 ﬁrmavit.
1039 5001 1242 5056 Deinde
1265 5000 1527 5056 vicesimo
1557 5011 1751 5056 octavo
1781 5003 1868 5058 die

299 5095 526 5162 Augusti
545 5095 670 5148 inde
694 5109 968 5165 egressus,
986 5095 1042 5148 in
1075 5095 1248 5149 vallos
1273 5095 1422 5149 urbis
1449 5094 1867 5164 impressionem

303 5185 450 5250 fecit,
483 5201 544 5239 ac
574 5187 747 5256 primo
769 5184 1103 5254 Septembris
1120 5187 1248 5240 anni
1287 5185 1420 5240 696i
1454 5186 1864 5256 Adrianopolim

302 5280 586 5344 concessit,
605 5280 814 5334 duobus
842 5279 949 5334 illis
971 5280 1161 5334 diebus
1177 5279 1350 5343 urbis,
1371 5287 1431 5334 ut
1459 5279 1693 5342 videtur,
1728 5292 1865 5334 mm-

309 5371 396 5424 nia
428 5378 482 5424 et
528 5369 729 5433 fossas,
757 5379 810 5424 et
838 5369 885 5424 si
921 5369 1050 5438 quid
1078 5369 1220 5423 aliud
1251 5369 1490 5430 volebat,
1525 5369 1861 5438 speculatus.

308 5461 503 5517 Eodem
557 5471 844 5526 autumno,
875 5462 1130 5517 Octobris
1153 5462 1243 5517 die
1272 5461 1469 5530 primo,
1495 5459 1868 5516 Turacbanem

306 5562 359 5608 et
395 5551 529 5608 duos
581 5553 721 5609 ﬁlios
771 5553 908 5624 ejus,
935 5554 1285 5607 Aehnmatem
1330 5563 1383 5606 et
1429 5553 1669 5606 Amarim
1698 5591 1713 5614 ,
1746 5567 1868 5606 cum

308 5645 543 5702 exercitu
562 5646 763 5716 ingenti
790 5647 841 5700 in
869 5645 1300 5714 Peloponnesum
1336 5646 1504 5706 misit,
1520 5655 1576 5699 ut
1593 5647 1866 5715 despotas.

311 5736 498 5801 fratres
520 5739 861 5808 imperatoris
881 5738 1019 5792 bello
1041 5738 1212 5792 adorti
1245 5739 1613 5806 prohiberent,
1642 5755 1728 5801 ne,
1753 5739 1874 5792 reli-

317 5827 415 5888 ctis
459 5830 568 5887 illia
621 5829 774 5895 locis.
806 5827 1120 5898 imperatori
1152 5827 1353 5882 auxilio
1407 5828 1674 5890 venirent,
1713 5841 1871 5881 man-

1965 4731 2074 4786 sire
2098 4746 2201 4785 non
2216 4741 2422 4801 posset,
2454 4733 2687 4786 militum
2711 4743 3056 4786 strenuorum
3079 4741 3229 4800 parte
3246 4731 3535 4785 Achumati

1968 4823 2077 4877 ﬁlio
2112 4825 2426 4883 commissa.
2459 4824 2542 4877 via
2570 4841 2692 4878 eum
2716 4840 2837 4894 quan
2862 4834 3011 4878 trans
3041 4822 3353 4877 Leontarim
3403 4825 3534 4886 t‘crt,

1967 4916 2262 4986 procedere
2282 4917 2471 4986 jussit.
2489 4914 2557 4970 At
2575 4917 2737 4971 aliam
2760 4919 2805 4971 is
2829 4917 2968 4970 viam
2993 4915 3275 4981 ingressus
3296 4925 3398 4969 est.
3417 4916 3536 4981 Quo

1969 5018 2271 5074 comperto,
2301 5006 2540 5075 despotze
2575 5006 2770 5061 fratres
2793 5005 3101 5060 Matthmnm
3136 5005 3371 5060 Asanem
3397 5007 3534 5059 clam

1972 5113 2094 5152 cum
2130 5098 2368 5152 exercitu
2398 5099 2658 5164 mittunt;
2689 5099 2780 5168 qui
2816 5099 2904 5153 ubi
2961 5105 3330 5168 pervenerunt
3369 5097 3421 5150 in
3465 5098 3538 5151 lo-

1973 5202 2119 5250 cum,
2152 5203 2309 5256 quem
2344 5189 2666 5244 illitransire
2698 5191 2917 5250 vellent,
2938 5188 3121 5245 subito
3149 5189 3202 5242 in
3235 5189 3534 5244 eosincur-

1976 5281 2129 5334 sione
2153 5279 2312 5340 l'acta,
2335 5295 2440 5334 non
2469 5296 2672 5350 paucos
2691 5283 2884 5351 partim
2912 5282 3192 5348 occidunt,
3222 5282 3416 5350 partim
3444 5295 3537 5336 ca-

1979 5373 2154 5440 piunt.
2191 5373 2244 5424 in
2276 5371 2358 5426 his
2383 5375 2556 5442 ipsum
2584 5369 2922 5428 Turachaui's
2951 5372 3117 5426 lilium
3152 5373 3537 5439 Achumatem,

1975 5477 2134 5530 quem
2166 5459 2410 5530 Spartam
2457 5463 2524 5516 ad
2582 5460 2908 5516 Demetrium
2971 5463 3252 5532 despomm
3295 5465 3534 5518 mittunt.

1977 5555 2195 5609 Decimo
2229 5553 2458 5622 septimo
2490 5555 2578 5608 die
2619 5552 2656 5606 Ι.
2683 5554 2857 5607 ηιιτιι·ἰὶ
2895 5554 3022 5607 anni
3072 5555 3312 5623 ejusdem
3377 5567 3539 5613 natus

1976 5657 2058 5699 est
2089 5645 2510 5714 Patreologorum
2539 5655 2592 5699 et
2623 5646 2832 5713 imperii
2863 5660 3148 5714 parvaeque
3185 5647 3347 5714 hujus
3397 5649 3539 5702 scin-

1979 5737 2107 5790 tillae
2135 5735 2500 5789 Romanorum
2522 5736 2972 5800 haeres,Andreas
2989 5738 3344 5806 Pstlteologus,
3389 5735 3536 5793 Tho-

1982 5845 2081 5882 ma:
2115 5828 2555 5899 porphyrogeniti
2583 5828 2825 5898 despotze
2862 5831 3026 5883 Illius.
