3976 6582
575 381 684 442 835

1757 389 2083 450 GEORGH
2124 391 2218 450 PH
2229 391 2542 452 RANTZ/E
3662 393 3734 458 836

648 477 759 548 Καὶ
786 494 958 548 ταῦτα
1007 497 1107 567 μὲν
1149 498 1214 569 δὴ
1259 499 1432 560 οὕτως
1463 501 1609 572 εἶχον
1643 502 1712 556 τὰ
1741 505 1838 569 τῆς
1872 504 2145 556 Πελοπον-
2173 502 2224 562 Α
2247 505 2342 558 τοῦ
2398 504 2798 576 χαρακώματος
2845 504 3194 573 περιίσταντο
3227 506 3278 558 οί
3338 504 3632 575 ιαννιτζάροι
3665 512 3733 560 σὺν

576 589 766 654 νήσου.
802 589 893 649 Ὠς
924 589 981 641 δὲ
1014 589 1074 642 τὸ
1101 589 1202 659 ἔαρ
1238 593 1577 662 ἐπέλαμψεν,
1611 595 1637 645 6
1667 595 1913 664 ἀμηρᾶς,
1947 595 2007 647 ὃν
2030 592 2144 664 εἶχε

573 680 1093 747 κατεσκευασμένον
1119 682 1308 734 στόλον
1341 684 1708 752 οἰκονομήσας
1738 685 1838 746 τὰς
1877 686 2148 748 ὲλεόόλεις

451 815 467 831 ,
571 787 676 824 κατ
709 770 1086 833 ὲλεϐολίσκους
1115 777 1208 824 καὶ
1238 774 1431 842 ἑτέρας
1464 776 1738 846 μηχανὰς,
1763 777 1827 837 ἃς
1858 773 1970 846 εἷχε
2014 795 2149 847 προ-

573 863 1012 932 ητοιμασμένας,
1059 859 1172 916 εἴτε
1199 864 1512 937 ἔμπροσθεν
1560 869 1772 930 στεῦας
1797 867 1889 920 τὸν
1920 869 2146 938 Χαρατὴ

579 956 825 1024 μπασιᾶν
859 955 998 1023 μετὰ
1029 956 1324 1021 φουσάτου,
1372 957 1466 1011 καὶ
1506 958 1678 1010 ἐλθὼν
1721 959 2014 1011 ἀπέκλεισε
2048 959 2146 1028 τὴν

477 1039 482 1044 ’
576 1046 754 1100 πόλιν.
785 1047 895 1098 Καὶ
927 1045 1150 1114 προτοῦ
1177 1047 1349 1099 ἐλθεῖν
1377 1049 1470 1101 τὸν
1494 1050 1742 1118 ἀμηρᾶν,
1791 1050 1915 1111 τοὺς
1945 1051 2148 1114 ἔξωθεν

575 1136 826 1204 πύργους
859 1136 960 1204 τῆς
998 1137 1206 1200 πόλεως
1232 1139 1356 1198 τοὺς
1388 1139 1446 1190 ὲν
1481 1138 1672 1208 ἀγροῖς
1703 1141 1796 1191 καὶ
1826 1139 2060 1208 κώμαις,
2093 1143 2149 1194 έν

572 1221 655 1288 οἷς
684 1223 824 1296 ἦσάν
870 1244 1018 1290 τινες
1050 1228 1331 1297 ἄνθρωποι
1366 1231 1725 1298 συναχθέντες
1753 1230 1841 1283 διὰ
1869 1232 1927 1282 τὸ
1969 1231 2152 1300 αἰφνί-

574 1321 690 1373 διον
741 1321 836 1372 τοῦ
891 1320 1148 1390 στρατοῦ,
1187 1321 1608 1390 ἐξεπολιόρκησε
1640 1321 1737 1374 καὶ
1778 1325 2006 1392 ἐπῇρεν.
2057 1322 2150 1386 Ἐξ

571 1409 753 1462 αὐτῶν
798 1410 969 1478 μέρος
1009 1411 1108 1478 μὲν
1137 1411 1298 1480 237
1335 1409 1719 1473 ἐδουλώσαντο,
1755 1415 1848 1466 καὶ
1886 1413 2053 1481 μέρος
2085 1413 2150 1465 ὲκ

569 1499 665 1551 τοῦ
693 1499 886 1568 λοιμοῦ
927 1501 1022 1552 καὶ
1057 1501 1156 1569 τῆς
1189 1501 1356 1571 ἄλλης
1399 1503 1775 1565 κακοπαθείας
1820 1505 2015 1572 ἐπῇρε,
2056 1505 2150 1556 καὶ

566 1589 666 1640 οὐκ
703 1589 919 1656 ὀλίγους
967 1591 1331 1658 Χριστιανοὺς
1379 1591 1751 1660 ῄχμαλώτισε.
1806 1590 1888 1642 Τὰ
1947 1590 2003 1641 δὲ
2053 1590 2146 1642 τοῦ

569 1679 809 1747 πολέμου
840 1681 1117 1746 ἀναγκαῖα
1150 1680 1246 1733 καὶ
1288 1681 1572 1748 ἐπιτήδεια
1607 1681 1702 1732 καὶ
1739 1680 1980 1749 μηχαναὶ
2018 1681 2147 1732 ἁνα-

571 1771 736 1836 μέσον
753 1770 988 1838 ήρχοντο
1016 1770 1188 1822 πολλά
1206 1787 1220 1802 ο
1247 1771 1442 1839 ἔφερον
1472 1771 1578 1841 γὰρ
1613 1771 1822 1822 έλεϐόλε
1835 1788 1880 1833 ις
1916 1771 2142 1834 πολλάς.

2257 598 2372 656 τοῖς
2422 595 2604 658 ἄλλοις
2659 595 2906 663 εὐγενέσι
2952 593 3048 647 τοῦ
3105 593 3366 646 παλατίου
3425 594 3588 646 αὑτοῦ.
3615 596 3661 648 '0
3695 597 3734 650 δέ

2257 687 2503 754 μπασιᾶς
2545 686 2575 738 6
2608 685 2702 738 τοῦ
2736 687 2927 755 ἀμηρᾶ
2973 685 3246 755 συγγενὴς
3288 685 3454 738 ἐλθὼν
3494 687 3734 754 ἐσκήνωσεν

2253 776 2368 844 ἅμα
2410 775 2488 843 τῷ
2545 777 2970 845 ἐμπιστευθέντι
3012 776 3162 846 αύτῷ
3215 776 3432 844 στρατῷ
3461 775 3636 828 ἄνωθεν
3669 778 3734 829 τοῦ

2255 866 2490 919 Γαλατᾶ.
2526 867 2636 919 Καὶ
2663 869 2730 936 τῇ
2762 867 2899 937 αὐτῇ
2937 867 3119 938 ἡμέρᾳ
3147 866 3381 933 ἔφθασεν
3409 867 3495 918 καὶ
3518 867 3651 934 μέρος
3670 867 3734 918 τοῦ

2253 956 2440 1010 στόλου
2471 958 2660 1022 αὐτοῦ,
2699 958 2795 1011 καὶ
2829 958 3157 1027 ἐπλησίασεν
3189 957 3354 1026 238
3383 958 3438 1009 ἐν
3465 959 3568 1018 ταῖς
3593 959 3735 1016 ἀκταῖς

2249 1051 2348 1119 τῆς
2377 1049 2649 1119 θαλάσσης
2695 1051 2794 1119 τῆς
2827 1049 3058 1112 πόλεως.
3086 1044 3270 1102 Ἦσαν
3299 1049 3356 1100 δὲ
3400 1051 3619 1118 τριήρεις
3644 1049 3735 1101 ὡσεὶ

2250 1142 2547 1220 τριάκοντα
2574 1145 2669 1196 καί.
2710 1143 3014 1212 δρόμωνες,
3048 1143 3173 1212 νῆες
3203 1142 3260 1194 δὲ
3301 1142 3392 1195 καὶ
3431 1141 3654 1210 πλοιάρια
3673 1145 3736 1194 ui

2255 1235 2512 1305 μονήρεις
2547 1236 2845 1304 τριάκοντα
2892 1235 2988 1288 καὶ
3025 1234 3242 1288 ἑκατόν.
3278 1235 3384 1287 Καὶ
3431 1233 3584 1296 οὕτως
3613 1236 3730 1300 mpl-

2253 1341 2416 1375 πεται
2452 1327 2515 1393 τῇ
2551 1325 2705 1376 πόλει
2745 1325 3053 1394 πολιορκῶν
3078 1325 3249 1393 αὐτὴν
3297 1326 3431 1378 πᾶσι
3465 1325 3653 1390 τρόποις
3673 1325 3736 1374 καὶ

2255 1417 2550 1483 μηχαναῖς,
2582 1416 2670 1468 διὰ
2718 1415 2888 1485 ξηρᾶς
2924 1418 3019 1470 καὶ
3069 1417 3350 1486 Θαλάσσης
3396 1414 3735 1484 περικύκλὼσας

2249 1508 2315 1560 τὰ
2345 1508 2476 1560 δέκα
2529 1506 2676 1560 ὀκτὼ
2722 1507 2874 1578 μίλια
2923 1507 3025 1577 τῆς
3067 1507 3300 1570 πόλεως.
3345 1507 3451 1560 Καὶ
3480 1508 3506 1558 6
3549 1505 3734 1572 βασιλεὺς

2250 1599 2553 1666 προσέταξε
2588 1599 2688 1669 τὴν
2734 1600 2923 1668 σειρὰν
2957 1599 3056 1667 τὴν
3097 1599 3327 1667 σιδηρᾶν
3372 1599 3468 1667 τήν
3500 1596 3734 1666 βαρυτάτην

2251 1691 2308 1742 ὲν
2337 1690 2415 1759 τῷ
2451 1691 2680 1760 στόματι
2715 1691 2808 1744 τοῦ
2845 1691 3066 1758 λιμένος
3108 1689 3312 1758 βαλεῖν,
3349 1689 3434 1741 ἵνα
3475 1687 3557 1740 τοῦ
3583 1687 3734 1742 στόλου,

2251 1779 2392 1847 λέγω
2438 1780 2546 1832 τῶν
2591 1779 2867 1846 πολεμίων
2915 1778 3142 1841 πλοίων,
3189 1776 3408 1847 κωλύσῃ
3458 1777 3545 1842 τήν
3568 1773 3732 1838 ἔφοδον

583 1861 673 1924 ἘΞ
703 1861 888 1914 αὐτῶν
920 1862 974 1914 δέ
1007 1879 1156 1922 τινες
1192 1863 1451 1914 τοσοῦτον
1487 1863 1735 1931 ὑπῆρχον
1769 1864 1848 1924 εἰς
1891 1863 2141 1930 μέγεθος.
2175 1847 2218 1899 θ
2249 1872 2452 1923 ἔσωθεν
2482 1871 2536 1924 δὲ
2568 1872 2668 1940 τῆς
2707 1871 2912 1924 ἀλύσου
2945 1870 3045 1930 τὰς
3083 1868 3500 1938 παρατυχούσας
3533 1862 3734 1932 vincivi-

569 1951 635 2011 ἃς
663 1953 764 2004 ούκ
811 1951 1071 2006 ἐδύναντο
1122 1953 1534 2021 τεσσαράκοντα
1570 1953 1737 2021 ζεύγη
1778 1954 1914 2020 βοῶν
1959 1953 2144 2022 σύρειν

572 2044 812 2111 ἑκάστην
838 2044 1018 2096 αὐτῶν
1063 2044 1095 2114 ἦ
1129 2045 1223 2095 καὶ
1259 2045 1601 2112 πεντήκοντα
1637 2045 1806 2113 ζεύγη
1856 2046 1951 2099 καὶ
1983 2046 2146 2097 πλέον

572 2134 604 2201 ἢ
638 2134 730 2187 δύο
761 2135 1002 2203 χιλιάδες
1038 2135 1336 2205 ἄνθρωποι.
1365 2138 1471 2188 Καὶ
1512 2140 1576 2206 τῇ
1615 2136 1659 2205 β’
1703 2137 1796 2190 τοῦ
1826 2137 2144 2206 ’Δπριλλίου

573 2226 779 2293 ἔφθασε
838 2228 933 2282 καὶ
977 2230 1004 2279 6
1043 2229 1269 2298 ἀμηρᾶς
1320 2229 1458 2298 μετὰ
1512 2231 1717 2297 πλῆθος
1772 2231 2146 2300 ἀναρίθμητον

574 2315 812 2384 στρατοῦ
846 2317 1073 2370 ἱππικοῦ
1106 2336 1165 2370 τε
1199 2324 1292 2372 καὶ
1340 2317 1532 2382 πεζοῦ.
1575 2321 1779 2374 Ἐλθὼν
1817 2319 1913 2390 τὴν
1941 2321 2146 2389 σκηνὴν

570 2409 736 2460 αὑτοῦ
792 2410 1070 2478 πήγνυσιν
1105 2409 1166 2472 έξ
1205 2410 1453 2473 ἐναντίας
1492 2414 1592 2481 τῆς
1634 2412 1810 2481 πύλης
1857 2410 1952 2464 τοῦ
1987 2412 2144 2477 ἁγίου

575 2500 885 2568 Ῥωμανοιλ
935 2501 1024 2554 καὶ
1085 2503 1114 2553 6
1150 2503 1384 2570 στρατὸς
1441 2502 1576 2555 ὡσεὶ
1627 2503 1812 2572 ἄμμος
1865 2503 2144 2570 θαλάσσης

569 2591 708 2645 κατὰ
736 2593 798 2644 τὸ
837 2591 1150 2661 Ἐξαμίλιον
1181 2593 1280 2660 τῆς
1308 2593 1510 2664 χέρσου
1540 2594 1604 2646 ὲκ
1634 2594 1734 2660 τῆς
1781 2595 1912 2662 μιᾶς
1941 2593 2144 2647 θαλάσ-

569 2701 669 2749 σης
695 2685 788 2736 καὶ
820 2685 884 2736 ὲκ
911 2686 1006 2753 τῆς
1034 2685 1249 2754 ἐτέρας.
1279 2686 1391 2736 Καὶ
1419 2687 1445 2738 6
1469 2686 1568 2752 τῆς
1586 2686 1886 2755 ’Δνατολῆς
1915 2686 2144 2756 στρατὸς

569 2775 810 2843 ἐπήξατο
843 2775 944 2838 τὰς
989 2776 1198 2844 σκηνὰς
1237 2776 1417 2829 αὐτῶν
1450 2778 1509 2829 ἐν
1550 2779 1666 2838 τοῖς
1703 2777 1900 2842 δεξιοῖς
1952 2778 2143 2848 μέρεσι

567 2869 662 2924 τοῦ
695 2870 888 2940 ἀμηρᾶ
919 2871 1014 2922 καὶ
1044 2870 1145 2931 ἕως
1185 2868 1292 2920 τῶν
1325 2869 1506 2921 ἀκτῶν
1533 2869 1633 2936 τῆς
1663 2869 1940 2938 θαλάσσης
1968 2869 2142 2936 πύλης

569 2963 670 3030 τῆς
705 2963 950 3033 Χρυσῆς,
977 2964 1005 3015 6
1034 2962 1090 3015 δὲ
1118 2961 1218 3029 τῆς
1253 2962 1520 3031 Εὐρώπης
1555 2963 1610 3014 ἐν
1640 2965 1702 3030 τῇ
1754 2965 2018 3031 ἀριστερᾷ
2048 2963 2140 3014 καὶ

2249 1963 2466 2024 ϐαλλον,
2511 1965 2658 2026 ὅπως
2716 1962 3084 2030 ἰσχυροτέρως
3133 1959 3427 2012 κωλύσωσι
3459 1959 3547 2024 τὴν
3585 1951 3734 2006 slew»:

2247 2057 2342 2108 καὶ
2378 2056 2519 2107 κατὰ
2548 2054 2655 2108 τῶν
2680 2054 2892 2122 ἐχθρῶν
2921 2052 3355 2120 ἀντιμάχωνται.
3395 2045 3562 2102 Ἦσαν
3585 2045 3629 2097 δὲ
3648 2043 3734 2110 νῆες

2247 2145 2518 2208 τοιαῦται,
2549 2147 2613 2196 ἐκ
2673 2145 2770 2213 μὲν
2824 2143 3116 2212 Λιγουρίας
3157 2143 3331 2210 τρεῖς.
3373 2140 3435 2192 ὲκ
3458 2137 3509 2190 δὲ
3559 2133 3731 2203 Ἰϐηρίας

2248 2239 2367 2308 ἦτοι
2421 2236 2728 2297 Καστελίας
2760 2243 2767 2250 ’
2783 2237 2903 2303 μία,
2935 2237 2998 2286 ἐκ
3045 2232 3143 2286 τοῦ
3191 2231 3399 2285 Γάλλου
3426 2230 3516 2297 τῆς
3563 2222 3730 2293 Προὸέν-

2248 2330 2403 2396 τζιας
2479 2369 2494 2384 .
2572 2368 2587 2383 .
2667 2365 2682 2381 .
2706 2367 2721 2390 ,
2758 2329 2822 2380 ἐκ
2863 2327 2920 2381 δὲ
2957 2327 3055 2395 τῆς
3091 2325 3325 2393 Κρήτης
3383 2322 3544 2385 τρεῖς,
3579 2319 3630 2369 ἐκ
3666 2318 3730 2379 τῆς

2249 2422 2456 2482 πόλεως
2485 2418 2786 2487 λεγομένης
2813 2416 3028 2480 Χάνδαξ
3068 2416 3100 2484 ή
3136 2413 3238 2481 μία
3271 2413 3366 2465 καὶ
3395 2413 3448 2463 al
3473 2410 3557 2461 δύο
3583 2409 3633 2459 ὲκ
3657 2406 3732 2458 Κυ-

2245 2513 2465 2576 δωνίας,
2493 2512 2666 2565 πᾶσαι
2700 2510 2779 2571 είς
2803 2507 3111 2576 παράταξιν
3134 2505 3270 2558 πολε
3281 2505 3446 2574 μικὴν
3471 2500 3625 2558 καλῶς
3640 2498 3734 2564 ἦτα·

2250 2599 2545 2669 μασμέναι.
2581 2598 2815 2664 Ἔτυχον
2843 2595 2900 2648 δὲ
2931 2596 3027 2648 καὶ
3049 2595 3111 2646 ἑκ
3144 2594 3258 2646 τῶν
3299 2591 3521 2644 Ἐνετῶν
3553 2586 3731 2656 τριήρεις

2245 2689 2548 2759 ἐμπορικαὶ
2606 2688 2844 2756 μεγάλαι
2902 2689 3075 2758 τρεῖς,
3132 2686 3200 2749 ἃς
3241 2687 3294 2739 οί
3343 2684 3524 2738 Ἰταλοὶ
3567 2677 3731 2734 εἰώθασι

2244 2781 2487 2852 γρόσσας
2511 2777 2642 2848 γαλέ
2652 2796 2751 2848 ρας
2784 2778 2974 2832 καλεῖν
3005 2778 3037 2847 ἢ
3067 2777 3270 2846 μᾶλλον
3295 2779 3465 2831 εἰπεῖν
3483 2771 3729 2842 γαλεάτξις.

2246 2872 2341 2926 καὶ
2367 2872 2552 2942 ἕτεραι
2582 2871 2827 2941 τριήρεις
2862 2869 3076 2939 ταχεῖαι
3106 2868 3244 2937 πρὸς
3291 2866 3513 2937 φύλαξιν
3535 2863 3610 2918 καὶ
3633 2864 3730 2924 ὑπη-

2247 2965 2433 3034 ρεσίαν
2463 2962 2570 3015 τῶν
2595 2961 2914 3030 ἐμπορικῶν
2938 2960 3296 3029 τεταγμέναι.
3337 2958 3442 3014 Καὶ
3471 2951 3731 3024 προσέταξεν

564 3053 670 3116 ἕως
701 3062 798 3123 της
823 3055 997 3123 πύλης
1016 3055 1114 3122 τῆς
1147 3052 1376 3121 Ξυλίνης
1399 3054 1508 3106 τών
1539 3054 1719 3106 ἀκτών
1748 3055 1840 3107 τοῦ
1870 3056 2138 3124 Κερατίου
2243 3057 2273 3108 6
2310 3054 2563 3124 βασιλεὺς
2593 3053 2681 3105 ἵνα
2711 3051 2806 3104 καὶ
2835 3051 2997 3104 αὐταὶ
3021 3050 3457 3119 ὲναπομείνωσιν
3477 3047 3549 3108 είς
3575 3041 3732 3108 συνδρηι

568 3149 792 3202 κόλπου.
827 3150 942 3202 Καὶ
967 3149 995 3202 6
1020 3150 1243 3217 ἀμηρᾶς
1273 3149 1706 3217 περιεκυκλούτο
1749 3151 1998 3220 ὀρυκτοῖς
2039 3169 2138 3220 χα-
2165 3181 2207 3235 c
2251 3147 2356 3214 μὴν
2385 3147 2484 3215 τῆς
2514 3143 2746 3207 πόλεως.
2779 3143 2891 3235 Καὶ
2919 3141 3065 3235 οὕτω
3094 3141 3163 3194 τὰ
3209 3143 3308 3195 τοῦ
3327 3145 3336 3152 ’
3357 3141 3558 3235 λιμένος

569 3239 861 3308 ρακώμασι
891 3240 986 3294 καὶ
1018 3238 1248 3304 ξυλίνοις
1273 3219 1793 3310 περισταυρώμασι,
1820 3242 1911 3293 καὶ
1937 3219 2134 3304 ἔξωθεν
2166 3219 2207 3235 ν
2244 3254 2404 3308 μητο,
2439 3237 2504 3289 ὲκ
2537 3235 2595 3290 δὲ
2624 3236 2724 3302 τῆς
2766 3234 2963 3304 χέρσου
3011 3233 3254 3304 ἔστησαν
3281 3235 3332 3286 ot
3384 3228 3592 3285 ἐναντίοι
3616 3219 3732 3293 ω

637 3417 716 3471 Ac
746 3433 833 3472 res
861 3416 1334 3485 Peloponnesiacae
1357 3418 1575 3487 quidem
1612 3419 1746 3473 tales
1767 3418 2006 3473 fuerunt.
2037 3418 2138 3474 Ve-

567 3521 625 3561 re
655 3517 837 3562 autem
872 3507 1182 3576 ingruente,
1221 3523 1434 3564 ameras
1465 3524 1591 3562 cum
1629 3509 1830 3574 classe,
1861 3524 2023 3577 quam
2050 3510 2136 3564 in-

562 3609 831 3655 structam
863 3600 1115 3662 habebat.
1156 3609 1442 3670 postquam
1475 3602 1748 3670 expedivit
1786 3601 2052 3671 lielcpoles
2079 3610 2134 3657 et

567 3691 927 3746 beleboliscos
955 3692 1228 3761 aliasque,
1265 3708 1403 3762 quas
1451 3702 1760 3761 paraverat,
1826 3693 2131 3756 machinas,

560 3784 1067 3854 Charatebpasiane
1094 3800 1216 3839 cum
1282 3787 1526 3840 exercitu
1564 3787 1848 3854 praemisso
1869 3826 1882 3848 ,
1916 3786 2134 3840 advenit

564 3876 864 3944 urbemque
899 3877 1184 3931 olmidione
1209 3876 1411 3944 pressit
1443 3893 1457 3930 :
1483 3883 1607 3929 ante
1635 3885 1815 3931 tamen
1839 3887 2017 3932 turres
2033 3893 2132 3932 ex-

566 3979 645 4022 tra
674 3969 860 4023 urbem
898 3969 950 4022 in
985 3968 1131 4038 agris
1167 3969 1412 4037 vicisque
1440 3969 1593 4027 sitas,
1619 3969 1672 4021 in
1700 3985 1838 4038 quas
1885 3969 2131 4023 nonnulli

562 4070 784 4132 propter
800 4061 1138 4131 repentinam
1167 4061 1410 4116 hostiqu
1435 4060 1797 4129 irruptiunem
1832 4077 1890 4114 se
1909 4077 2132 4128 recepe-

567 4161 705 4218 rant,
740 4162 1078 4223 espugnatas
1105 4154 1325 4208 evertit.
1354 4151 1554 4207 [lorum
1583 4163 1788 4221 partem
1811 4154 1864 4207 in
1895 4155 2131 4209 servitu-

563 4255 671 4299 tem
701 4246 917 4315 redigit,
942 4253 1149 4314 partem
1181 4256 1329 4314 peste
1351 4254 1405 4300 et
1435 4246 1558 4300 aliis
1585 4247 1952 4301 incommodis
1995 4261 2132 4300 con-

565 4337 716 4401 fecit,
744 4352 808 4392 ac
831 4353 941 4392 non
969 4337 1127 4406 pauci
1155 4336 1456 4392 Christiani
1490 4337 1691 4404 captivi
1711 4336 1836 4391 facti
1865 4335 2134 4391 sunt.Bes

569 4426 637 4480 ad
670 4426 868 4480 bellum
895 4427 1218 4480 necessaria:
1249 4433 1303 4478 et
1339 4423 1496 4478 utiles
1527 4439 1650 4477 cum
1686 4425 1955 4478 machinis
1993 4426 2132 4478 inte-

2237 3431 2432 3470 ameraa
2463 3431 2584 3469 cum
2605 3415 2850 3470 exercitu
2869 3413 2973 3469 sibi
3016 3413 3316 3468 commisso
3345 3424 3504 3480 supra
3547 3405 3729 3462 Galam

2235 3520 2417 3565 castra
2448 3509 2648 3577 posuit.
2675 3507 2875 3562 Eodem
2890 3507 2976 3562 die
2999 3520 3126 3575 pars
3139 3505 3338 3561 classis
3357 3502 3556 3559 advenit
3574 3507 3620 3552 et
3643 3506 3732 3564 pro-

2235 3617 2303 3672 pe
2338 3601 2522 3655 urbem
2561 3601 2625 3653 ad
2651 3599 2808 3655 littus
2829 3599 2998 3654 maris
3026 3597 3253 3668 appulit.
3294 3597 3458 3652 Erant
3476 3593 3732 3648 triremeset

2235 3695 2528 3749 dromones
2548 3693 2765 3748 circiter
2794 3691 3036 3762 triginta.
3064 3705 3234 3746 naves
3259 3691 3498 3745 minores
3523 3693 3671 3741 autem
3696 3684 3730 3729 et

2237 3784 2510 3839 uniremes
2541 3793 2760 3838 centum
2788 3792 2845 3837 et
2877 3783 3118 3853 triginta.
3152 3779 3229 3835 Ita
3261 3781 3329 3836 ad
3361 3779 3536 3836 urbem
3581 3767 3732 3828 accedi!

2234 3875 2552 3943 obsidetque
2579 3889 2697 3929 eam
2728 3875 2876 3929 omni
2908 3873 3065 3929 modo
3089 3873 3392 3942 omnisque
3419 3867 3610 3938 generis
3645 3875 3727 3914 ma.

2234 3966 2432 4028 chiuis,
2464 3976 2608 4022 terra
2630 3965 2876 4034 marique
2910 3980 3003 4034 per
3031 3963 3338 4020 octodecim
3359 3959 3638 4016 milliarium
3653 3965 3732 4006 am-

2235 4060 2406 4114 bitum
2444 4058 2731 4113 inclusam.
2763 4055 3058 4126 Imperator
3099 4053 3595 4126 ponderosissiinsn
3628 4051 3731 4099 ωιοο

2237 4166 2357 4205 nam
2377 4149 2609 4205 ferream
2635 4149 2717 4204 ori
2739 4158 2924 4218 portus
2941 4148 3198 4217 pratendi
3215 4147 3402 4217 jussit,
3421 4158 3521 4214 qua
3540 4145 3730 4196 accessus

2235 4239 2452 4293 navium
2486 4237 2765 4296 hostilium
2793 4247 3074 4293 arceretur
3101 4254 3117 4302 ;
3153 4237 3294 4292 intra
3324 4250 3442 4291 eam
3464 4243 3622 4291 naves,
3641 4233 3726 4292 qut

2237 4328 2372 4383 forte
2423 4329 2648 4383 aderant
2679 4365 2697 4392 ,
2751 4327 3162 4384 collocabantur
3216 4331 3286 4383 ad
3335 4325 3552 4382 validius
3596 4315 3729 4372 defen'

2235 4418 2470 4472 dendum
2493 4419 2765 4474 aditumet
2806 4419 3043 4488 impetus
3080 4417 3321 4474 hostium
3381 4404 3725 4486 prapulsanduo

567 4517 670 4570 rint
702 4532 895 4586 magno
921 4530 1150 4570 numero
1175 4516 1586 4570 advehebantur
1620 4533 1634 4569 :
1670 4515 1721 4568 in
1747 4517 1831 4570 his
1861 4516 2134 4584 helepolcs
2166 4520 2208 4574 ι’)
2240 4510 2404 4566 Erant
2439 4527 2604 4566 naves
2645 4513 2727 4565 hat
2775 4527 2791 4563 :
2834 4525 2864 4566 e
2914 4511 3131 4580 Liguria
3175 4519 3307 4574 tres,
3342 4526 3406 4562 ex
3455 4504 3608 4560 lberi:
3646 4496 3728 4550 Si"

570 4608 876 4677 permultae,
919 4622 1151 4675 quarum
1187 4605 1460 4660 nonnulla:
1484 4612 1647 4675 tantm
1665 4614 1819 4659 erant
1863 4607 2132 4674 magnitu-

561 4702 730 4765 dinis,
765 4709 823 4752 ut
851 4697 1079 4767 singulm
1097 4714 1125 4750 a
1154 4695 1513 4766 quadraginta
1536 4696 2020 4765 velquinquaginta
2043 4697 2132 4766 ju-

563 4791 647 4856 gis
693 4791 854 4844 boum
877 4797 1038 4857 atque
1060 4787 1345 4842 hominum
1370 4785 1490 4855 plus
1509 4785 1721 4840 duobus
1745 4786 2132 4840 millibustrahi

563 4895 672 4935 non
700 4889 940 4950 possent.
971 4877 1221 4934 Secundo
1245 4876 1444 4946 Aprilis
1463 4875 1579 4945 ipse
1597 4891 1812 4932 ameras
1831 4876 1984 4931 alluit
2007 4891 2131 4931 cum

563 4974 735 5041 copiis
758 4971 1100 5042 equestribus
1131 4982 1187 5025 et
1216 4968 1564 5038 pedestribus
1586 4969 1978 5028 inuumcris,et
2016 4978 2133 5022 ten-

563 5065 762 5118 toriqu
795 5079 860 5117 ex
892 5063 1123 5118 adverso
1152 5071 1322 5132 porta:
1344 5063 1519 5115 sancti
1554 5062 1782 5116 Romani
1819 5062 1953 5125 ﬁxit,
1973 5073 2134 5130 atque

562 5155 839 5208 exercitus
871 5162 930 5207 ut
956 5169 1122 5209 arena
1145 5153 1314 5207 maris
1333 5154 1397 5208 ad
1427 5152 1791 5208 llexamilium
1819 5168 1912 5222 per
1931 5163 2131 5207 terram

561 5248 632 5302 ab
656 5261 765 5299 uno
799 5247 933 5300 mari
971 5246 1036 5300 ad
1064 5246 1296 5300 alterum
1329 5247 1798 5316 pertinuit,'atque
1851 5245 2134 5299 orientalis

562 5337 784 5407 quidem
817 5351 942 5405 pars
963 5351 994 5391 a
1024 5337 1212 5391 dextra
1235 5351 1432 5392 amerze
1455 5351 1628 5405 usque
1654 5337 1719 5390 ad
1746 5347 1978 5403 portam,
2015 5351 2135 5404 qua:

563 5439 648 5482 est
678 5428 731 5481 in
763 5428 962 5493 littore,
997 5443 1217 5482 auream
1249 5437 1634 5484 castrametata
1676 5437 1779 5489 est,
1805 5427 2064 5497 Europasa
2103 5444 2133 5481 a

565 5521 790 5576 sinistra
823 5535 999 5590 usque
1021 5521 1088 5574 ad
1118 5521 1352 5590 ligneam
1381 5531 1593 5591 portam
1628 5522 1684 5575 in
1706 5520 1862 5576 sinus
1887 5520 2130 5574 Ceratiui

565 5618 746 5673 littore
775 5617 958 5694 sitam.
991 5615 1122 5671 Erat
1149 5631 1363 5673 ameras
1399 5617 1541 5673 vallo
1583 5628 1639 5673 et
1695 5617 1843 5672 fossa
1887 5616 2136 5686 paliéque

563 5710 797 5772 cinctus,
820 5717 877 5764 et
899 5719 1053 5763 extra
1085 5708 1288 5764 vallum
1322 5710 1538 5766 stabant
1558 5710 1853 5780 jannitzari
1885 5725 2010 5764 cum
2053 5722 2136 5762 re-

561 5801 727 5871 liquis
747 5800 936 5874 palatii
983 5801 1324 5872 proceribus.
1371 5803 1557 5859 Pasias
1611 5811 1819 5869 autem,
1864 5811 2134 5872 cognatus

2234 4599 2456 4656 Castilia
2502 4617 2642 4664 una,
2676 4619 2706 4655 e
2747 4601 3030 4656 Provincia
3077 4600 3239 4656 Galli.
3271 4637 3287 4654 .
3310 4639 3359 4663 ..
3384 4614 3414 4654 e
3459 4592 3601 4653 Creta
3631 4597 3725 4648 ιτα.

2233 4708 2300 4746 ex
2350 4692 2503 4753 urbe,
2531 4696 2618 4746 cui
2642 4691 2902 4747 Chandax
2924 4707 3142 4756 nomen,
3186 4707 3318 4757 una,
3368 4687 3721 4760 Cydoniam“!

2234 4787 2374 4851 dum,
2437 4801 2628 4840 omnes
2649 4785 2714 4838 ad
2747 4800 2981 4854 pugnam
3013 4784 3178 4853 probe
3227 4785 3515 4840 instructa.
3549 4773 3725 4832 Aderant

2235 4887 2490 4948 pru‘tet‘ea
2521 4877 2846 4932 Venetorum
2889 4891 3098 4944 magna
3155 4876 3405 4932 triremes
3457 4859 3724 4927 mercatori?

2236 4982 2368 5038 tres,
2403 4986 2540 5040 quas
2571 4969 2689 5024 Itali
2715 4984 2936 5040 magnas
2977 4968 3207 5039 galeras,
3265 4969 3380 5024 sive
3422 4964 3584 5036 potius
3621 4953 3723 5023 διιε-

2235 5075 2384 5118 atzas
2419 5063 2698 5132 appellare
2751 5062 2975 5126 solent,
3031 5071 3086 5115 et
3126 5060 3248 5115 alia:
3295 5060 3533 5114 triremes
3568 5047 3724 5102 veluus

2235 5159 2302 5212 ad
2356 5155 2660 5211 custodiam
2722 5163 2775 5208 et
2848 5155 3068 5208 tutelam
3119 5151 3379 5208 mercium
3427 5142 3720 5226 constitute?

2235 5264 2372 5319 quas
2424 5255 2478 5302 et
2519 5247 2668 5315 ipsas
2718 5245 3016 5312 imperator
3063 5244 3128 5299 ad
3181 5237 3586 5298 succurrendum
3637 5224 3719 5278 urbi

2237 5355 2459 5396 manere
2515 5338 2704 5408 jussit.
2767 5336 2882 5391 Hoc
2905 5337 3069 5391 modo
3104 5336 3268 5406 igitur
3298 5331 3469 5404 portui
3513 5319 3722 5395 pavit!!!"

2235 5443 2338 5488 est.
2371 5433 2428 5486 In
2469 5443 2614 5486 terra
2645 5431 2830 5484 hostes
2854 5444 3105 5498 magnam
3131 5427 3274 5482 illam
3337 5417 3616 5489 helepolim.
3656 5420 3722 5460 ου’

2233 5529 2323 5594 jus
2374 5538 2437 5578 os
2463 5522 2681 5593 patebat
2729 5521 3031 5590 spithamas
3075 5518 3380 5580 duodecim,
3409 5522 3461 5569 et
3491 5509 3727 5598 silescat?-

2237 5588 2420 5685 plures
2438 5588 2687 5685 spectata
2715 5588 2909 5681 dignas
2939 5612 3282 5667 collocarunt
3316 5624 3332 5672 ;
3360 5622 3423 5662 ac
3457 5604 3585 5658 fossa
3624 5588 3726 5685 uili-
3832 5603 3833 5629 ι

2240 5682 2342 5762 tari
2376 5682 2486 5762 altar
2510 5707 2670 5760 ducta
2699 5704 2948 5772 palisque
2970 5716 3207 5772 superne
3234 5698 3456 5760 munita,
3473 5682 3724 5783 μωιειιξθ·

2239 5810 2347 5864 tur,
2370 5808 2424 5854 et
2455 5797 2657 5854 mantia
2713 5795 2863 5850 urbis
2913 5793 3049 5851 locis
3096 5787 3500 5864 quatuordecim
3541 5781 3724 5852 graviter
