3976 6566
303 481 394 518 ναι
425 466 616 531 αὐτὰς,
645 469 818 536 λέγων
844 475 926 527 ὅτι
978 480 1074 532 καὶ
1112 480 1169 532 ἐν
1223 483 1454 550 ἐκείνοις
1504 492 1617 552 τοῖς

299 559 522 629 ἀνάγκη
558 556 626 632 ἦν
649 558 788 618 εἶναι
818 569 1010 626 αὑτάς.

302 666 410 748 γαν
557 653 975 730 οὐδεμίαιχρεία
1021 657 1090 734 ἦν
1121 664 1390 733 ἐλεϐόλεις
1421 673 1698 738 τοσαύτας
1742 671 1886 730 εἶναι
1985 649 2130 748 μετὰ

1317 372 1764 455 CHRONICON
1807 379 2076 444 MAJUS.
2114 410 2181 420 --
2222 387 2368 449 LIB.
2406 389 2522 453 Ιῐῐ.

3444 401 3554 465 858
3583 453 3588 462 .

1681 490 1873 562 μέρεσι
1902 497 1949 554 Λ
1991 498 2221 562 Ἰταλίας
2251 497 2438 566 στόλος
2468 507 2548 566 εἰς
2593 505 2848 575 βοήθειαν
2903 506 3002 574 τῆς
3050 508 3261 575 πόλεως
3306 513 3546 584 ἔρχεται,

1055 571 1113 624 '0
1162 574 1218 627 δέ
1249 575 1637 646 ’Ῑουστινιανὺς
1666 584 1885 636 ἀντέλε-

1986 590 2186 659 ὁμιίως
2217 598 2310 650 καὶ
2351 595 2379 648 ό
2412 598 2631 662 Ἰαγκος
2658 601 2685 650 ὁ
2713 601 3064 670 κυϐερνήτης
3099 604 3208 657 τῶν
3240 605 3551 675 Οὐγγάρων

2179 681 2448 738 πλείστων
2521 691 2774 758 στρατῶν
2831 693 3076 748 ἱππικῶν
3126 713 3184 749 τε
3235 697 3332 750 καὶ
3388 697 3552 769 264

298 741 366 850 ἐν
392 741 630 858 ἐκείνοις
671 750 788 858 τρίς
843 752 1038 858 μέρεσι
1079 759 1194 820 τοῖς
1236 759 1494 829 ὑδρείοις.
1554 765 1653 818 Διὰ
1709 767 1882 822 ταῦτα
1983 741 2188 838 πεζῶν.
2237 741 2605 844 ’Δκούσαντες
2623 781 2684 834 δὲ
2716 785 2766 836 οἱ
2801 786 2911 839 olei.
2972 787 3073 856 τῆς
3117 789 3319 858 Ἀγαρ,
3584 824 3602 837 ο

301 831 411 900 μὲν
441 834 537 889 οῦν
562 836 632 892 τὰ
661 838 815 894 αῐτια
843 837 1009 912 ἦλθον
1041 849 1133 899 καὶ
1161 851 1240 911 είς
1267 851 1463 920 λόγους
1495 860 1876 926 νεωτερικοὺις,

299 925 401 977 καὶ
432 923 619 998 ὕϐρεις
651 930 868 1003 ὲξέχεον
916 937 1263 1010 ἑκατέρωθεν
1301 947 1411 998 τῶν
1472 923 1758 1018 στομάτων
1797 923 1878 1014 εἷς

297 1018 448 1071 κατὰ
478 1018 572 1074 τοῦ
605 1023 815 1093 ἐτέρου,
853 1030 944 1080 καὶ
980 1032 1006 1082 ό
1061 1032 1438 1102 ’1ουστινιανδς
1493 1041 1582 1092 τὸν
1628 1040 1877 1114 Νοταρᾶν

293 1111 558 1181 ἀνωφελῆ
606 1118 700 1169 καὶ
731 1115 1009 1192 ἀλάστορα
1074 1129 1170 1179 καὶ
1220 1131 1414 1200 ἐχθρὸν
1461 1133 1560 1203 τῆς
1618 1111 1876 1206 πατρίδος

293 1202 588 1267 ἐκάλεσεν,
621 1207 979 1278 aegesta;
1009 1215 1065 1268 δέ
1101 1219 1270 1272 πάλιν
1314 1223 1478 1274 αὐτὸν
1518 1202 1588 1291 ἐξ
1624 1202 1874 1289 ἐναντίας

292 1292 524 1364 ὕϐρεσιν
558 1299 773 1368 ἑτέραις
801 1304 1086 1362 ἐνέπλυνε.
1131 1311 1402 1378 ’Δκοὺσας
1439 1316 1495 1368 δὲ
1542 1321 1570 1371 ό
1611 1320 1871 1388 βασιλεὺς

289 1387 470 1440 ταῦτα
505 1393 845 1460 παραλαϐὼν
887 1399 1090 1464 αὐτοὺς
1108 1405 1235 1457 κατ’
1266 1405 1406 1460 ίδίαν
1423 1408 1574 1477 λέγει
1599 1427 1615 1443 ·
1655 1429 1673 1463 ι
1696 1412 1875 1465 ’Λδελ-

289 1478 410 1542 (pol,
443 1480 676 1535 οὐκέστι
704 1486 894 1555 καιρὸς
915 1488 1192 1558 ἅναμέσον
1223 1495 1385 1562 ἡμῶν
1412 1497 1669 1562 τοιούτως
1697 1503 1871 1553 ποιεῖν

290 1570 388 1621 καὶ
417 1570 596 1639 λέγειν
631 1576 727 1629 καὶ
755 1578 1050 1648 μάχεσθαι,
1107 1584 1243 1637 ἀλλὰ
1292 1588 1388 1640 καὶ
1442 1591 1557 1652 τοῖς
1618 1590 1870 1658 μισοῦσιν

292 1660 444 1729 ἡμᾶς
475 1669 930 1740 συγχωρήσωμεν
962 1674 1158 1743 καὶτῷ
1194 1676 1313 1746 Θεῷ
1336 1679 1622 1749 δεηθῶμεν
1655 1683 1742 1736 ἵνα
1774 1683 1869 1736 λυο

284 1753 595 1823 τρωθῶμεν
630 1760 700 1812 ἐκ
732 1761 827 1815 τοῦ
867 1767 1186 1833 προφανοῦς
1211 1769 1484 1838 στόματος
1532 1773 1624 1826 τοῦ
1669 1774 1866 1845 αἰσθη-

283 1844 382 1895 τοῦ
413 1846 605 1901 τούτου
631 1849 954 1921 δράκοντος.
997 1877 1016 1910 ι
1075 1861 1186 1913 Καὶ
1222 1862 1449 1936 ἐτέρους
1483 1866 1586 1918 οὐκ
1643 1867 1862 1936 ὀλίγους

281 1934 482 2004 λόγους
540 1942 725 2006 αὐτοῖς
789 1946 960 2000 είπὼν
1027 1953 1446 2022 είρηνοποίησεν
1497 1958 1716 2021 αὐτοὺς,
1765 1961 1862 2012 καὶ

293 2027 529 2092 ἕκαστος
560 2032 766 2086 τούτων
797 2036 854 2086 ἐν
897 2038 977 2107 τῷ
1039 2041 1461 2110 ἐμπιστευθέντι
1517 2049 1665 2119 αὑτῷ
1712 2049 1860 2121 τόπῳ

280 2120 685 2193 ἐπανέστρεῲε,
718 2129 817 2194 τὴν
852 2132 1163 2202 ὑπηρεσίαν
1205 2139 1374 2192 αὐτοῦ
1412 2131 1730 2210 ἐκπληρῶν.
1799 2143 1860 2197 ’0

278 2211 341 2263 δὲ
378 2213 760 2280 ’ίουστινιανδς
810 2223 1040 2295 φοϐερὸς
1071 2231 1246 2301 ἐφάνη
1275 2235 1389 2296 τοῖς
1456 2236 1722 2294 ἐναντίοις
1763 2237 1863 2290 καὶ

281 2303 529 2372 μάλιστα
555 2311 614 2360 ἐν
661 2314 901 2377 ἐκείναις
924 2319 1047 2380 ταῖς
1077 2321 1313 2393 ἡμέραις
1342 2325 1400 2376 ἐν
1447 2323 1739 2392 τῷ’λέγειν
1765 2327 1858 2381 καὶ⁸

278 2396 601 2468 διορθὼνειν
639 2407 735 2460 καὶ
784 2408 1072 2478 πράττειν,
1118 2416 1214 2467 καὶ
1269 2416 1709 2488 ἀκροϐολισμοὺς
1763 2419 1857 2474 καὶ¹

279 2489 581 2580 συρᾉρήξεις
611 2494 738 2546 καθ’
775 2496 1019 2569 ἐκάστην
1078 2501 1296 2571 ἡμέραν
1332 2507 1474 2559 κατά
1503 2508 1612 2561 τῶν
1643 2508 1856 2580 ἐχθρῶν

274 2578 476 2642 ἐποίει,
555 2585 650 2635 καὶ
709 2586 938 2651 πολλοὺς
999 2593 1100 2660 μὲν
1159 2593 1418 2666 ἐζώγρει,
1488 2599 1708 2667 ἐτέρους
1747 2578 1755 2580 ἡ
1796 2599 1856 2652 δέ

284 2672 570 2761 μαχαίρας
628 2678 805 2731 ἐποίει
846 2683 1246 2753 παρανάλωμα.
1304 2689 1413 2740 Καὶ
1444 2689 1515 2742 τὰ
1570 2691 1853 2761 κατορθώ-

278 2750 432 2834 ματα
473 2769 566 2820 καὶ
596 2769 664 2822 τὰ
683 2771 822 2842 ἔργα
849 2773 943 2826 τοῦ
981 2750 1176 2844 ἀνδρὸς
1195 2779 1248 2831 οἱ
1274 2779 1476 2841 πάντες
1512 2750 1852 2854 ἐθαύμαζον,

275 2861 374 2912 καὶ
403 2861 688 2934 λυτρωτὴν
729 2867 822 2918 καλ⁸
854 2867 1080 2940 σωτῆρα
1100 2869 1202 2939 τῆς
1239 2871 1450 2935 πόλεως
1476 2873 1682 2944 ἔλεγον.
1705 2877 1853 2948 Πλὴν

274 2951 382 3004 οὐκ
411 2954 492 3015 είς
527 2955 680 3017 τέλος
702 2955 876 3020 οὕτως
905 2961 1200 3030 ἐνέμεινεν,
1267 2963 1402 3016 ἀλλὰ
1435 2965 1534 3035 τὴν
1565 2968 1756 3038 φήμην
1784 2971 1852 3040 ἢν

274 3044 421 3110 μετὰ
476 3043 702 3117 ἀνδρίας
755 3049 1078 3122 ἐκέρδησεν,
1139 3052 1372 3126 ὕστερον
1418 3060 1453 3130 η
1505 3058 1679 3113 δειλία
1736 3063 1848 3115 διέ-

269 3135 525 3206 φθειρεν.

365 3225 555 3318 ἠμῶν
589 3230 643 3284 δέ
679 3232 855 3297 οὕτως
885 3237 1142 3306 ἐχόντων,
1189 3240 1298 3294 ίδού
1329 3258 1417 3306 τις
1449 3243 1608 3316 φήμη
1642 3245 1846 3318 ψευδὴς

271 3317 484 3391 ἐρρέθη
514 3323 594 3385 είς
645 3325 707 3376 τὸ
748 3326 1012 3385 ἐναντίων
1051 3334 1438 3404 στρατόπεδον,
1485 3338 1568 3392 ὅτι
1628 3339 1691 3393 ἐκ
1747 3317 1846 3412 τῆς

265 3513 413 3568 opus
435 3514 558 3557 esse
604 3512 682 3558 tot
715 3504 1053 3576 helepolibus
1082 3511 1135 3565 in
1163 3505 1295 3570 locis
1323 3515 1431 3572 illis
1457 3519 1707 3588 aquosis.
1764 3519 1845 3574 Ex

263 3591 374 3646 hac
399 3607 558 3649 causa
585 3598 648 3650 ad
676 3613 958 3655 sermones
1000 3600 1323 3661 fervidiores
1372 3623 1689 3676 processum
1737 3621 1841 3676 est,

266 3693 330 3739 et
371 3687 626 3755 utrinque
655 3704 714 3743 se
749 3691 1089 3748 lacessebant
1114 3697 1402 3763 conviciis,
1460 3710 1514 3755 et
1573 3699 1843 3758 Jusdnia-

262 3791 369 3831 nus
394 3778 608 3844 quidem
638 3780 889 3836 Notaram
915 3785 1192 3840 hominem
1215 3788 1460 3858 ineptum
1510 3800 1566 3846 et
1621 3795 1843 3861 pestife-

262 3881 388 3918 rum
434 3875 488 3920 et
517 3869 796 3925 inimicum
829 3875 1017 3940 patria:
1061 3877 1375 3946 appellavit,
1438 3882 1525 3937 hic
1583 3883 1635 3937 in
1690 3884 1841 3938 illum

263 3957 372 4012 alia
430 3958 666 4015 vicissim
721 3965 964 4020 convicia
1021 3967 1178 4023 fudit.
1227 3971 1358 4037 Qua:
1409 3987 1530 4027 cum
1590 3977 1837 4031 audisset

260 4049 581 4117 imperator,
609 4067 730 4108 cum
762 4063 990 4126 utroque
1031 4074 1275 4116 seorsum
1311 4063 1609 4120 collocutus
1638 4083 1651 4120 :
1684 4066 1847 4122 «Fra-

265 4152 404 4207 tres,
425 4143 621 4212 inquit,
649 4147 872 4203 minime
912 4157 1130 4220 tempus
1155 4164 1240 4209 est
1258 4155 1328 4209 ita
1352 4154 1491 4210 inter
1510 4173 1605 4216 vos
1625 4161 1842 4230 agendi,

259 4231 516 4304 loquendi
565 4249 619 4292 et
664 4240 931 4308 certandi,
986 4244 1117 4312 quin
1171 4249 1353 4316 potius
1396 4251 1562 4305 etiam
1601 4252 1689 4317 iis,
1747 4254 1840 4322 qui

257 4330 498 4386 oderunt
528 4349 648 4399 nos,
675 4335 1042 4405 ignoscamus,
1077 4349 1132 4396 et
1168 4343 1354 4414 Deum
1415 4360 1727 4415 precemur,
1785 4356 1844 4402 ut

257 4423 563 4479 liberemur
598 4441 627 4480 a
677 4427 926 4485 faucibus
993 4419 1180 4501 huius,
1236 4451 1401 4505 quem
1463 4448 1592 4494 ante
1648 4439 1840 4496 oculos

1980 865 2168 935 διέσχε
2201 869 2454 933 πλεῖστος
2487 873 2718 938 αὐτούς·
2751 878 2846 929 καὶ
2882 881 3037 934 κατὰ
3054 879 3151 933 τοῦ
3182 882 3372 950 ἁμηρᾶ
3404 883 3549 951 ἀρὰς

1981 955 2166 1024 ἔλεγον
2195 960 2287 1011 καὶ
2322 961 2702 1028 διεγόγγυζον,
2733 966 2986 1034 λέγοντες
3012 970 3092 1022 ὅτι
3122 972 3287 1034 αὐτὸς
3325 972 3547 1025 ἔσεταιό

1977 1049 2289 1125 ἀφανισμὸς
2322 1053 2414 1105 τοῦ
2457 1055 2650 1122 γένους
2684 1057 2867 1112 αὐτῶν
2900 1059 2990 1113 διὰ
3047 1061 3105 1115 τὸ
3137 1063 3370 1116 ἀδύνατα
3427 1066 3547 1116 ἐπι-

1975 1140 2314 1209 χειρίζεσθαι
2347 1145 2565 1208 αὐτούς.
2611 1148 2891 1212 Ὡσαύτως
2925 1152 3013 1202 καὶ
3041 1152 3068 1204 ὁ
3091 1154 3311 1224 ἁμηρᾶς
3336 1157 3536 1222 μεστὸς

1977 1229 2237 1300 ὑπάρχων
2289 1233 2658 1308 διαλογισμῶν
2706 1241 2800 1292 καὶ
2857 1243 3103 1313 ταραχῆς
3163 1246 3260 1297 καλ⁸
3313 1245 3540 1310 δειλίας,

1975 1321 2073 1373 καὶ
2098 1325 2249 1377 πᾶσα
2279 1327 2312 1396 ὴ
2348 1326 2516 1396 βουλὴ
2554 1329 2720 1382 αὑτοῦ
2767 1332 3069 1400 περίλυπος
3125 1335 3359 1404 ὑπῆρχε,
3393 1339 3544 1407 πρῶ-

1971 1430 2065 1466 τον
2123 1416 2223 1481 μὲν
2279 1418 2416 1471 διότι
2459 1421 2657 1492 ἐρρέθη
2696 1423 2884 1487 αὐτοῖς
2934 1428 3064 1496 περὶ
3094 1427 3195 1494 τῆς
3256 1427 3539 1497 βοηθείας,

1970 1504 2229 1575 δεύτερον
2252 1507 2312 1560 δέ
2340 1509 2680 1579 θεωροῦντες
2739 1513 2859 1577 πῶς
2913 1516 3168 1570 τοσοῦτον
3222 1521 3539 1590 στράτευμα

1973 1597 2205 1668 φοϐερὸν
2238 1600 2333 1652 καὶ
2361 1601 2744 1674 ἀναρίθμητον
2766 1605 2856 1660 διὰ
2890 1606 3061 1678 ξηρᾶς
3108 1601 3170 1662 τε
3210 1611 3306 1664 καὶ
3339 1612 3541 1665 θαλάσ-

1973 1705 2074 1757 σης
2127 1689 2414 1752 τοσούταις
2473 1693 2712 1764 ἡμέραις
2782 1694 2940 1749 οῦδὲν
2995 1699 3398 1768 ἐκατόρθωσεν,
3445 1703 3538 1754 καὶ

1973 1775 2238 1840 πολλάκις
2298 1778 2589 1844 τοσοὺταις
2649 1785 2924 1852 μηχαναῖς
2962 1785 3058 1837 καὶ
3117 1784 3382 1855 δυνάμεσι
3440 1787 3540 1849 τὰς

1966 1869 2241 1938 κλίμακας
2265 1871 2322 1924 ἐν
2347 1874 2463 1934 τοῖς
2496 1873 2707 1943 τείχεσι
2735 1874 2990 1943 βαλόντες
3049 1876 3239 1940 κακῶς
3280 1879 3538 1946 ἀπεπέμ-

1967 1958 2187 2028 φθησαν
2255 1961 2352 2013 καὶ
2418 1963 2980 2035 ἀπεκρημνίσθησαν,
3033 1969 3129 2020 καὶ
3160 1967 3320 2034 φόνος
3368 1968 3538 2031 πολὺς

1961 2050 2085 2102 κατ’
2114 2051 2300 2105 αὐτῶν
2323 2052 2597 2120 ἐγίγνετο,
2631 2053 2773 2107 ῶστε
2819 2058 2936 2119 τοῖς
2985 2056 3257 2126 Τούρκοις
3311 2063 3423 2120 τοῖς
3478 2059 3538 2110 ἐν

1960 2143 2075 2203 τοῖς
2134 2142 2345 2212 τείχεσι
2421 2144 2594 2196 δειλία
2674 2148 3019 2215 προσήγγισε
3056 2163 3071 2177 ο
3123 2147 3307 2218 τρίτον
3350 2148 3405 2200 δέ
3455 2148 3536 2201 ὅτι

1961 2232 2234 2301 ἐθεώρουν
2275 2235 2527 2304 σημεῖον.
2550 2235 2669 2298 Φῶς
2701 2237 3016 2307 ἀστράπτον
3071 2239 3414 2292 καταϐαῖ-,ον
3476 2241 3534 2305 ἐξ

1959 2325 2207 2394 οὐρανῶν
2239 2326 2335 2380 καὶ
2370 2328 2440 2380 δι’
2470 2327 2599 2398 ὅλης
2630 2330 2730 2395 τῆς
2769 2330 2968 2394 νυκτὸς
3025 2331 3233 2386 ἄνωθεν
3291 2332 3389 2400 τῆς
3438 2333 3536 2386 πό-

1958 2416 2097 2480 λεως
2138 2417 2294 2482 ἐστὺς
2325 2419 2614 2474 διέσκεπεν
2639 2421 2834 2492 αὑτήν.
2881 2423 2992 2476 Καὶ
3023 2422 3099 2486 ὡς
3130 2418 3268 2476 εἶδον
3308 2425 3439 2476 αὐτὸ
3473 2426 3535 2477 τὸ

1961 2509 2098 2577 φῶς,
2130 2511 2189 2562 ἐν
2220 2512 2464 2582 πρώτοις
2493 2511 2682 2580 ἔλεγον
2732 2514 2815 2566 ὅτι
2852 2513 2912 2567 '0
2947 2513 3080 2578 Θεὸς
3117 2514 3364 2586 ὠργίσθη
3420 2518 3533 2578 τοῖς

1957 2602 2312 2672 Χριστιανοῖς
2371 2605 2467 2658 καὶ
2527 2604 2726 2675 ἤθελεν
2761 2605 2968 2669 αὐτοὺς
3024 2608 3372 2662 κατακαῦσαι
3440 2608 3536 2660 καὶ

1957 2693 2090 2762 ἡμῖν
2125 2693 2454 2763 παραδῶσαι
2493 2695 2739 2759 δούλους.
2771 2697 3007 2750 Ἔπειτα
3044 2699 3102 2753 δὲ
3149 2699 3224 2761 ὡς
3272 2695 3414 2752 εἶδον
3447 2701 3533 2753 ὅτι

1907 2803 1914 2810 ·
1957 2785 2191 2839 πάντοτε
2257 2785 2403 2856 μετὰ
2471 2787 2736 2858 αἰσχύνης
2776 2790 2839 2840 ὲκ
2884 2790 2993 2842 τῶν
3035 2791 3234 2860 τειχῶν
3279 2793 3372 2845 καὶ
3424 2792 3533 2845 τῶν

1957 2874 2244 2943 κλιμάκων
2273 2877 2756 2946 ἀπεκρημνίξοντο
2795 2881 2891 2932 καὶ
2953 2883 3219 2944 τοσούτας
3279 2885 3530 2952 μηχανὰς

1957 2966 2240 3030 ποιοῦντες
2276 2970 2373 3022 καὶ
2426 2970 2580 3022 οὐδὲν
2612 2971 2870 3042 ίσχυσαν,
2905 2975 3003 3036 καὶ
3037 2973 3112 3037 ὡς
3156 2975 3399 3044 ἥκουσαν
3433 2977 3529 3028 καὶ

1954 3059 2124 3130 ψευδῆ
2147 3061 2338 3130 φήμην
2369 3061 2499 3130 περὶ
2531 3060 2627 3115 τοῦ
2660 3062 2978 3139 στόλουτῆς
3023 3065 3259 3128 Ἰταλίας
3306 3067 3400 3117 καὶ
3433 3065 3530 3118 τοῦ

1871 3167 1917 3228 C
1972 3150 2205 3218 ’ῐάγκου,
2265 3151 2430 3204 πάλιν
2497 3153 2628 3222 περὶ
2694 3152 2790 3206 τοῦ
2867 3155 3046 3222 φωτὸς
3102 3155 3262 3226 265
3318 3157 3530 3210 ἐκείνου

1947 3241 2136 3310 ἔλεγον
2160 3243 2242 3296 ὅτι
2288 3243 2350 3296 '0
2381 3243 2515 3306 θεὸς
2573 3245 2714 3313 ὑπὲρ
2753 3243 2866 3300 τῶν
2915 3247 3268 3316 Χριστιανῶν
3301 3248 3535 3319 πολεμεῖ

1951 3334 2046 3386 καὶ
2091 3333 2286 3386 σκέπει
2350 3335 2550 3399 αὐτοὺς
2601 3336 2696 3389 καὶ
2735 3337 3086 3410 ἀντιλήπτωρ
3149 3340 3329 3394 αὐτῶν
3387 3343 3527 3406 ἐστι,

1945 3513 2178 3568 laneum
2217 3513 2598 3585 Hungarornm
2655 3515 2956 3587 principem
2991 3533 3116 3573 cum
3148 3520 3323 3590 copiis
3365 3536 3533 3590 eque-

1949 3607 2156 3660 stribus
2179 3617 2231 3660 et
2252 3606 2596 3676 pedestribus
2626 3607 2903 3661 maximis.
2925 3608 3058 3674 Quae
3077 3610 3167 3664 ubi
3205 3612 3529 3666 audiverunt

1950 3697 2043 3750 ﬁlii
2074 3697 2241 3766 Agar,
2270 3696 2435 3751 timor
2459 3697 2652 3768 ingens
2684 3711 2781 3752 eos
2811 3696 3050 3752 invasit:
3086 3714 3328 3755 amcram
3360 3703 3529 3756 male-

1948 3789 2114 3845 dictis
2187 3789 2612 3859 proscindebant
2667 3800 3188 3860 murmurantesque
3250 3792 3524 3857 dicebant,

1948 3882 2128 3951 ipsum
2160 3880 2376 3950 generis
2417 3881 2500 3936 sui
2528 3881 2830 3948 perniciem
2868 3881 3004 3954 fore,
3027 3897 3055 3935 a
3088 3897 3199 3951 quo
3228 3885 3406 3938 coacti
3435 3898 3529 3938 εον

1949 3981 2234 4036 narentur,
2293 3986 2415 4039 quae
2473 3971 2657 4041 perfici
2699 3986 2808 4026 non
2851 3982 3096 4042 possent.
3139 3975 3258 4044 Ipse
3299 3991 3523 4045 quoque

1948 4078 2161 4134 amet-as
2189 4063 2500 4132 agitabatur
2526 4063 2743 4118 consilii
2772 4064 2978 4134 inepia,
3012 4067 3422 4134 perturbatione
3461 4083 3526 4122 ac

1951 4164 2124 4218 metu,
2156 4163 2419 4225 totusque
2451 4165 2676 4211 senatus
2731 4154 2852 4225 ejus
2888 4156 3227 4224 tristabatnr,
3287 4160 3523 4230 primum

1946 4248 2191 4317 quidem,
2224 4249 2369 4318 quod
2410 4248 2477 4304 de
2506 4249 2832 4305 adventante
2856 4251 3062 4306 auxilio
3086 4251 3404 4316 audiebant,
3433 4253 3527 4307 dc-

1947 4339 2095 4401 inde,
2125 4341 2269 4408 quod
2305 4341 2588 4406 videbant,
2614 4349 2825 4397 tantum
2854 4351 3074 4413 tamque
3110 4344 3406 4398 terribilem
3431 4359 3529 4399 εκ-

1946 4433 2175 4488 ercitum
2213 4440 2357 4487 terra
2414 4433 2666 4519 marique
2689 4441 2766 4490 tot
2822 4434 3015 4491 diebus
3050 4434 3187 4489 nihil
3238 4436 3524 4506 prolicere,

255 4516 828 4580 vi.lemus,draconis.
878 4541 898 4575 ι
935 4523 1074 4579 Aliis
1127 4526 1372 4594 pluribus
1399 4530 1581 4586 verbis
1609 4547 1742 4588 usus
1788 4533 1842 4587 in
1879 4507 2045 4580 D'Sed
2076 4525 2394 4595 δκβίεθίπῖθν
2449 4509 2612 4581 δεοίίε
2658 4526 2808 4581 omni
2841 4527 3177 4582 adminiculo
3209 4535 3264 4582 θι
3313 4543 3534 4582 summ"

255 4609 559 4663 amicitiam
595 4627 688 4665 eos
724 4615 996 4678 restituit,
1028 4625 1079 4670 et
1125 4629 1352 4687 uterque
1399 4622 1452 4675 in
1485 4623 1844 4677 commissum

257 4701 364 4756 sibi
392 4701 568 4754 locum
597 4703 664 4757 ad
705 4691 950 4761 muneris
1003 4707 1084 4761 sui
1144 4709 1475 4765 functionem
1519 4711 1700 4767 rediit.
1743 4711 1844 4766 Ju-

255 4790 535 4846 stinianus
563 4795 834 4861 hostibus,
871 4797 977 4851 illis
1003 4800 1302 4866 prazsertim
1333 4801 1545 4868 diebus,
1581 4803 1843 4857 terribilis

253 4892 379 4935 erat
410 4883 593 4950 dictis,
625 4888 893 4953 consiliis,
937 4889 1114 4950 factis,
1148 4907 1210 4946 ac
1245 4893 1486 4962 quotidie
1542 4909 1638 4950 eos
1690 4897 1846 4965 jacu-

254 4976 565 5032 lationibus
592 4987 645 5032 et
675 4980 880 5047 prmliis
908 4983 1123 5036 vexavit
1159 4991 1212 5036 et
1242 5000 1432 5039 eorum
1477 4986 1674 5040 multos
1719 4996 1830 5041 tum

254 5066 407 5133 cepit
438 5075 554 5120 tum
597 5069 777 5138 gladio
838 5070 1094 5126 confecit.
1150 5073 1584 5131 Admirabantur
1642 5092 1840 5134 omnes

257 5159 426 5229 hujus
459 5160 561 5213 viri
591 5161 820 5215 consilia
852 5171 906 5218 et
963 5162 1205 5219 facinora
1273 5183 1508 5238 eumque
1564 5170 1837 5225 vindicem

252 5259 312 5305 ct
340 5261 673 5306 servatorem
734 5254 884 5308 urbis
913 5256 1302 5325 praedicabant.
1353 5259 1558 5314 Verum
1616 5277 1722 5316 non
1774 5262 1840 5318 ad

258 5348 421 5395 linem
462 5359 635 5412 usque
689 5347 849 5400 talem
883 5364 942 5402 se
993 5351 1288 5418 pr.rslitit,
1343 5353 1436 5405 sed
1490 5369 1655 5423 quam
1734 5356 1838 5410 sibi

257 5435 458 5488 famam
503 5434 820 5492 fortitudine
842 5451 1136 5510 pepererat,
1169 5457 1290 5498 eam
1326 5453 1516 5514 postea
1554 5444 1842 5503 timiditate

254 5524 462 5579 amisit.

335 5614 460 5671 Ihec
491 5634 614 5672 cum
639 5635 818 5674 rerum
841 5633 1155 5678 nostrarum
1204 5627 1448 5681 conditio
1473 5639 1641 5695 esset,
1669 5629 1841 5686 falsus

257 5725 454 5763 rumor
479 5727 573 5778 per
597 5714 899 5769 exercitum
935 5718 1184 5772 hostilem
1214 5720 1545 5788 percrebuit,
1576 5723 1642 5776 ad
1675 5739 1837 5793 opem

261 5802 430 5858 nobis
488 5803 766 5863 ferendam
797 5823 860 5864 ex
919 5807 1067 5865 Italia
1102 5813 1326 5868 c'asscm
1362 5813 1676 5874 adventare.
1712 5815 1837 5872 item

1952 4615 2138 4670 labore
2175 4615 2454 4671 mtanibus
2485 4616 2796 4686 applicatis,
2831 4618 3034 4673 milites
3069 4618 3211 4672 male
3244 4618 3432 4690 repelli
3473 4625 3528 4672 et

1949 4708 2165 4762 detrudi
2191 4717 2245 4763 et
2269 4722 2465 4778 magna
2486 4707 2632 4762 cade
2655 4709 2925 4776 posterni,
2980 4718 3039 4762 ut
3063 4709 3175 4778 jam
3199 4710 3293 4779 qui
3326 4711 3382 4762 in
3405 4725 3527 4762 mu-

1951 4800 2028 4854 ris
2059 4809 2247 4855 essent
2278 4786 2496 4862 Turcaa,
2534 4798 2830 4852 formidine
2889 4800 3251 4869 trepidarent.
3282 4799 3400 4853 Huc
3438 4815 3530 4854 ae-

1949 4893 2116 4948 cessit
2142 4892 2301 4947 tertio
2321 4891 2463 4957 loco,
2485 4889 2630 4960 quod
2659 4899 2972 4960 portentum
3012 4891 3287 4946 viderunt.
3316 4890 3529 4947 Lumen

1948 4985 2196 5040 fulminis
2226 4985 2401 5038 instar
2423 4997 2737 5048 coruscum,
2767 4984 2833 5036 de
2849 4983 2991 5037 caelo
3036 4997 3202 5051 supra
3230 4983 3414 5037 urbem
3436 4983 3531 5039 de-

1946 5080 2206 5142 missum,
2237 5085 2351 5132 tota
2380 5085 2540 5130 nocte
2570 5089 2692 5129 eam
2729 5073 2958 5129 obtexit.
3008 5073 3162 5140 Quod
3219 5072 3404 5128 lumen
3436 5076 3529 5130 ubi

1947 5170 2477 5232 animadverterunt,
2505 5165 2738 5236 primum
2766 5165 3069 5235 jactabant,
3099 5164 3270 5220 Deum
3297 5182 3529 5222 succen-

1947 5245 2069 5318 sere
2099 5258 2426 5317 Christianis
2448 5272 2658 5328 eosque
2679 5271 3006 5312 exussurum
3037 5267 3092 5313 et
3128 5258 3231 5314 sibi
3263 5259 3318 5313 in
3352 5260 3528 5313 servi-

1947 5355 2088 5408 tium
2144 5351 2471 5406 trad‘iturum
2525 5362 2670 5404 esse.
2705 5347 2908 5403 Deinde
2941 5357 3148 5417 autem,
3186 5364 3311 5404 cum
3347 5348 3529 5404 ubivis

1946 5462 2006 5501 se
2063 5461 2186 5500 cum
2223 5444 2492 5500 dedecore
2537 5442 2603 5497 de
2635 5441 2910 5496 moenibus
2939 5450 2993 5497 et
3025 5444 3190 5497 scalis
3240 5441 3526 5497 deturbari

1945 5549 1998 5595 et
2039 5547 2188 5593 tanta
2227 5537 2605 5591 machinarum
2641 5535 2692 5588 vi
2723 5534 2860 5589 nihil
2908 5550 3164 5604 prospere
3208 5552 3370 5606 agere
3399 5535 3522 5588 ani-

1945 5631 2369 5692 madverterent,
2393 5643 2458 5683 ac
2488 5626 2685 5681 falsum
2713 5627 3054 5696 perciperent
3095 5625 3164 5680 de
3189 5627 3360 5684 classe
3387 5627 3523 5681 ltala

1946 5731 2000 5778 et
2027 5720 2199 5776 Janco
2231 5733 2533 5784 rumorem,
2557 5733 2751 5774 rursus
2783 5717 2970 5773 lumen
2995 5717 3122 5772 illud
3148 5717 3223 5770 ita
3254 5715 3526 5786 interpre«

1951 5815 2044 5869 tati
2073 5822 2220 5875 sunt,
2238 5819 2298 5866 ut
2315 5812 2582 5876 dicerent,
2603 5809 2770 5866 Deum
2793 5825 2892 5875 pro
2911 5809 3238 5865 Christianis
3256 5821 3522 5878 pugnate,
