3976 6562
526 337 633 400 859
757 421 764 426 Α
1755 337 2083 406 GEORGII
2125 345 2557 406 meum:
3623 363 3704 426 sto

527 455 610 506 6.6
637 455 728 506 καὶ
769 457 931 524 ἡμεῖς
965 456 1101 510 ἄνευ
1137 457 1445 528 θελήματος
1489 457 1657 512 αὑτοῦ
1718 459 1779 511 οὐ
1824 459 2103 526 δυνάμεθα
2134 466 2180 519 Λ
2211 458 2300 510 λον
2363 459 2642 542 γενέσθαι,
2703 461 2796 510 καὶ
2851 458 3108 525 πολλάκις
3169 461 3358 516 ταῦτά.
3406 481 3482 520 σοι
3529 471 3700 542 signa,

528 545 754 612 ποιῆσαι
783 545 960 600 οὐδέν.
993 547 1100 600 Καὶ
1127 548 1222 600 διὰ
1260 547 1464 611 ταύτας
1507 549 1604 610 τὰς
1653 550 1834 611 αἰτίας
1868 551 1896 601 6
1952 552 2100 620 ἁμη-

531 637 652 706 ρᾶς,
684 637 759 701 ὼς
789 639 1042 707 εἴπαμεν,
1081 641 1176 693 καὶ
1205 642 1314 702 πᾶς
1338 640 1365 691 6
1400 643 1631 711 στρατὸς
1680 642 1846 696 αὑτοῦ
1903 642 2104 695 λυπού-

532 747 697 798 μενος
726 733 818 783 καὶ
852 733 1110 803 κατηφὴς
1138 734 1416 804 ὑπῆρχον*
1445 735 1501 796 ὃς
1538 734 1828 805 βουληθεὶς
1878 736 1971 789 ἐπὶ
2004 739 2103 806 τὴν

529 819 722 889 αὔριον
753 823 1043 894 ἐγερθῆναι
1084 829 1176 877 καὶ
1213 826 1310 893 τὴν
1339 825 1658 892 πολιορκίαν
1708 827 1890 880 λύσαι.
1925 828 2004 896 Τῇ
2047 827 2103 879 δέ

530 914 668 983 αὐτῇ
734 916 951 986 ἑσπέρᾳ
997 912 1118 990 ὲνῇ
1173 918 1263 969 ἐπὶ
1300 919 1403 986 τὴν
1445 919 1636 987 αὔριον
1684 921 1974 972 ἐϐούλοντο
2017 921 2104 973 ἵνα

531 1005 864 1068 ἀπέλθωσιν,
898 1009 1066 1076 ὁρῶσι
1098 1009 1286 1068 πάλιν,
1323 1010 1398 1071 ὡς
1453 1011 1710 1081 σύνηθες,
1758 1013 1818 1064 τὸ
1874 1013 1990 1080 φῶς
2042 1014 2105 1064 ἐκ

531 1095 640 1148 τῶν
700 1097 948 1164 οὐρανῶν
1007 1099 1363 1153 καταϐαῖνον.
1404 1100 1515 1152 Καὶ
1583 1102 1678 1170 οὐχ
1738 1101 1982 1168 ἥπλωτο,
2031 1101 2104 1162 ὡς

535 1186 767 1255 σύνηθες
820 1189 880 1241 τὸ
932 1192 1238 1260 πρότερον,
1295 1192 1399 1254 ἕως
1461 1192 1670 1244 ἄνωθεν
1735 1194 1834 1259 τῆς
1889 1194 2100 1254 πόλεως

535 1279 750 1331 ἱστάναι
794 1281 864 1333 δι’
893 1282 1021 1350 ὅλης
1050 1282 1146 1349 τῆς
1175 1285 1390 1346 νυκτὸς,
1438 1285 1553 1336 ἀλλ’
1593 1288 1656 1336 ἐκ
1690 1285 1903 1354 μακροῦ
1939 1287 2103 1354 μόνον

532 1370 701 1438 ἐφάνη
751 1375 845 1424 καὶ
907 1374 1070 1435 εὐθὺς
1121 1375 1558 1445 διασκορπισθέν
1613 1378 1820 1445 ἀφανὲς
1863 1379 2102 1446 ἐγένετο.

542 1463 632 1524 Ὠς
665 1460 760 1516 οὖν
793 1459 936 1516 εἶδον
965 1467 1100 1519 αὐτὸ
1130 1471 1158 1521 6
1205 1470 1428 1540 ἁμηρᾶς
1454 1470 1548 1523 καὶ
1584 1472 1788 1536 πάντες
1823 1473 1872 1523 οἱ
1913 1472 2105 1533 αὖτοῦ,

529 1554 707 1622 χαρᾶς
737 1554 938 1623 πολλῆς
1015 1557 1354 1626 πλησθέντες
1408 1558 1594 1626 ἔλεγον
1625 1577 1641 1594 ⁸
1706 1579 1723 1611 ι
1764 1561 1822 1612 Ὀ
1863 1561 1994 1626 Θεὸς
2037 1561 2106 1614 τὰ

531 1645 628 1696 νῦν
659 1645 1024 1712 ἐγκατέλιπεν
1060 1648 1277 1711 αὐτούς.
1315 1668 1332 1700 ι
1375 1651 1486 1703 Καὶ
1515 1651 1646 1704 αὐτὸ
1683 1652 1907 1720 ἔκριναν
1934 1653 1985 1704 οἱ
2008 1653 2106 1720 τῆς

541 1740 745 1805 μιαρᾶς
773 1739 954 1792 αύτῶν
987 1743 1082 1793 καὶ
1115 1742 1348 1804 ἀσεϐοῦς
1419 1743 1718 1812 θρησκείας
1757 1745 1850 1797 καὶ
1899 1745 2106 1814 πλάνης

2207 551 2301 602 κα)⁵
2335 550 2437 602 οὐκ
2476 535 2717 618 ἤκουσάς
2769 568 2895 621 μου.
2935 552 3018 605 Τὰ
3056 551 3151 606 νῦν
3205 554 3264 606 δὲ
3290 555 3464 619 πάλιν,
3487 535 3584 611 ἐὰν-
3603 535 3702 634 ἐρεζ

2208 642 2331 694 στόν
2393 641 2476 693 σοί
2527 643 2676 694 ἐστιν
2736 642 2824 696 ἵνα
2855 645 2916 696 ἐκ
2950 644 3061 698 τῶν
3105 643 3356 699 ἐντεῦθεν
3397 647 3704 721 ἀναχωρήσωο

2209 750 2332 800 μεν,
2371 733 2538 786 καλόν
2577 735 2748 799 ἐστιν,
2781 735 2870 788 ἴνα
2905 737 2979 806 μή
3018 754 3071 789 τι
3096 740 3280 809 χεῖρον
3322 740 3552 810 γένηται.
3579 761 3594 795 ι
3623 745 3704 799 Καὶ

2205 827 2232 878 6
2264 827 2488 894 ἁμηρᾶς
2527 826 2747 880 ἀκούων
2805 829 2932 889 τοὺς
2985 829 3176 897 λόγους
3231 829 3450 895 τούτους
3487 835 3706 907 ἡμιθανὴς

2206 915 2268 967 ἐκ
2303 916 2399 983 τῆς
2425 915 2603 986 λύπης
2635 917 2730 968 καὶ
2759 917 2860 987 τῆς
2893 921 3351 989 περιφρονήσεως
3389 923 3707 992 ἐπανέμεινεν,

2209 1011 2325 1073 πῶς
2363 1011 2501 1079 μετὰ
2561 1012 2828 1081 αἰσχύνης
2883 1014 3151 1080 τοσαύτης
3198 1015 3275 1078 ὠς
3323 1017 3525 1084 φεύγων
3547 1019 3710 1088 ἀναχω-

2211 1103 2371 1170 ρήσῃ.
2403 1100 2552 1152 Ἰδὼν
2575 1103 2630 1154 δὲ
2655 1103 2820 1155 αὑτὸν
2851 1104 3026 1168 οὕτως
3081 1106 3292 1158 ἑστῶτα
3329 1108 3418 1158 καὶ
3467 1109 3710 1173 διαλογιζό-

2212 1207 2377 1259 μενον
2422 1193 2599 1259 Σογὰν
2648 1196 2852 1256 πασιᾶς
2909 1197 2936 1246 6
2997 1195 3273 1265 δεύτερος·
3310 1195 3518 1268 βεζίρης
3567 1201 3709 1267 αὑτοῦ,

2206 1282 2624 1352 ἐσυμϐούλευσε
2665 1289 2755 1339 τὸν
2783 1289 3008 1357 ἀμηρᾶν
3055 1290 3142 1343 ἵνα
3177 1291 3279 1358 τὴν
3343 1292 3514 1363 μάχην
3557 1296 3710 1362 κινήσῃ

2207 1375 2331 1428 καθ’
2361 1377 2550 1446 ἡμῶν,
2574 1380 2670 1431 καὶ
2693 1380 2781 1432 διὰ
2805 1380 2865 1431 τὸ
2889 1380 3110 1449 φθονεῖν
3158 1381 3240 1451 τῷ
3277 1381 3393 1435 Ἀλὶ
3441 1387 3621 1456 πασιᾷο
3645 1404 3711 1439 κε-

2208 1469 2536 1538 κρυμμένην
2593 1469 2702 1538 γὰρ
2756 1471 2963 1542 ἔχθραν
3043 1467 3193 1543 εἶχον
3263 1475 3582 1545 ἀναμεταξύ.
3631 1479 3711 1530 Kal

2206 1558 2385 1622 οὕτως
2448 1559 2839 1632 ἀναθαρρύνας
2913 1563 3077 1616 αὐτὸν
3132 1563 3325 1631 λέγει’
3369 1583 3387 1617 ι
3419 1567 3525 1618 Ἵνα
3575 1568 3632 1634 τί,
3677 1562 3709 1622 ὦ

2207 1650 2420 1719 ἀμηρᾶ,
2458 1650 2701 1722 ἕστηκας
2761 1652 3092 1723 σκυθρωπὶις
3123 1655 3219 1708 καὶ
3259 1654 3592 1726 λυπούμενος.
3637 1660 3706 1710 καὶ

2207 1737 2292 1796 τίς
2327 1736 2562 1805 ήδειλία
2597 1741 2629 1808 ἡ
2667 1739 2996 1810 ἐμπεσοῦσὰ
3054 1759 3160 1805 σοι,
3216 1745 3313 1796 καὶ
3356 1745 3494 1810 τίνες
3523 1747 3577 1812 ,οἱ
3617 1749 3709 1800 ἀνα-

531 1830 686 1894 σοφοὶ
726 1829 822 1880 καὶ
860 1835 1216 1900 γραμματεῖς
1260 1833 1376 1893 πῶς
1429 1835 1527 1904 τὴν
1590 1835 1744 1888 πόλιν
1798 1837 2106 1906 κερδήσωσι
2139 1841 2183 1898 Β
2213 1826 2488 1890 ϐαίνοντες
2522 1829 2870 1899 διαλογισμοὶ
2907 1833 3000 1884 ἐπὶ
3029 1833 3127 1898 τὴν
3157 1835 3388 1905 καρδίαν
3419 1853 3505 1890 σου
3532 1855 3545 1901 ;
3572 1839 3708 1900 ὀΘεδς

531 1921 594 1972 τὸ
621 1919 735 1988 φῶς
789 1923 1017 1992 ἐδήλου’
1079 1927 1174 1978 καὶ
1225 1925 1400 1990 οὕτως
1462 1929 1668 1989 πάντες
1731 1929 1951 1992 ἐλπίδας
2027 1925 2108 1982 εἷ-

531 2031 626 2083 χον
665 2015 913 2084 χρηστὰς
971 2010 1046 2070 ὧν
1111 2019 1203 2070 καὶ
1255 2019 1521 2089 ἐπέτυχον
1566 2018 1656 2072 διὰ
1685 2021 1784 2084 τὰς
1832 2009 2105 2092 ἁμαρτίας

532 2109 564 2172 ἡ
577 2107 716 2176 μῶν.

614 2194 730 2248 Ἀλλ
755 2199 954 2261 πασιᾶς
987 2200 1088 2268 μὲν
1128 2195 1156 2252 6
1180 2199 1408 2270 ,πρῶτος
1465 2201 1566 2270 τῆς
1603 2201 1798 2273 βουλῆς
1843 2202 2033 2268 αὐτοῦ,
2077 2206 2106 2256 ὁ

529 2287 669 2358 ὑπὲρ
705 2291 916 2352 πὲντας
943 2290 1166 2358 δόκιμος
1204 2293 1298 2344 καὶ
1332 2293 1665 2360 πρακτικός,
1731 2295 1958 2364 θεωρῶν
2012 2296 2105 2348 τὸν

541 2383 754 2452 inp-qin
817 2381 989 2445 οὕτως
1052 2384 1504 2452 διαλογιζόμενον
1559 2387 1824 2450 καὶτοὺς
1883 2388 2106 2456 ἐτέρους

541 2474 746 2538 πάντας
797 2479 1030 2544 μεστοὺς
1067 2477 1238 2546 φόϐου
1286 2480 1380 2530 καὶ
1428 2478 1654 2542 δειλίας,
1705 2483 1788 2544 είς
1827 2482 1887 2534 τὸ
1919 2483 2105 2549 φαινό-

543 2585 699 2620 ιενον
733 2567 826 2620 καὶ
871 2568 1033 2630 αὐτὸς
1091 2569 1365 2634 ἐλυπεῖτο,
1425 2570 1628 2624 ἔσωθεν
1673 2571 1728 2644 δὲ
1784 2575 2101 2640 ἢγαλλίᾶτο.

538 2659 642 2710 Καὶ
677 2661 708 2729 ἡ
742 2661 893 2712 αἰτία
930 2656 999 2730 ἦν
1033 2662 1116 2714 ὅτι
1173 2663 1336 2725 αὐτὸς
1388 2665 1624 2716 πάντοτε
1682 2664 1760 2732 τῷ
1802 2667 1995 2737 ἁμηρᾷ
2046 2668 2104 2718 ἐν

538 2756 651 2815 ταῖς
691 2753 912 2823 βουλαῖς
951 2755 1116 2826 266
1155 2756 1338 2829 ἕλεχεν
1375 2758 1462 2810 ἵνα
1505 2757 1579 2829 μὴ
1626 2758 1869 2828 πόλεμον
1912 2760 2102 2832 ἐγείρῃ

537 2846 680 2896 κατὰ
720 2847 819 2914 τῆς
857 2847 1090 2912 πόλεως,
1122 2847 1271 2909 ὅπως
1342 2852 1415 2919 μὴ
1479 2852 1527 2902 οἱ
1582 2851 1796 2904 δυτικοὶ
1846 2852 2104 2906 αὐθένται

535 2935 812 2990 ἀκούσωσι
845 2940 938 2991 καὶ
996 2941 1364 3009 συναχθέντες
1423 2945 1774 3012 ὁμονοήσωσι
1825 2943 1919 2997 καὶ
1977 2945 2104 3008 τοὺς

534 3029 806 3098 Τούρκους
842 3034 908 3084 ἐκ
922 3031 1022 3096 τῆς
1051 3033 1324 3102 Εὐρώπης
1354 3031 1618 3100 ἐξώσωσι.
1657 3035 1764 3088 Καὶ
1790 3037 1908 3089 τότε
1941 3037 2101 3089 πάλιν

529 3119 790 3172 δεικνύων
807 3119 879 3182 ὡς
895 3121 1235 3190 λυπούμενος
1263 3118 1329 3192 ἦν
1359 3123 1509 3191 ἔλεγε
1533 3125 1609 3194 τῷ
1635 3128 1826 3197 ἀμηρᾷ
1845 3143 1858 3158 ⁸
1891 3147 1906 3177 ι
1952 3129 2096 3195 Ἐγὼ

2211 1917 2349 1986 μετὰ
2387 1919 2479 1972 σοῦ
2523 1923 2658 1976 ἐστι.
2731 1924 2821 1994 Μὴ
2875 1925 3143 1998 λυπῆσαι.
3198 1928 3312 1998 Ούχ
3360 1930 3484 2000 ὁρᾷς
3527 1931 3601 1983 διὰ
3640 1931 3708 1984 τοῦ

2208 2009 2390 2076 φωτὸς
2425 2012 2638 2065 ἐκείνου
2671 2017 2904 2084 σημεῖον
2942 2018 3027 2068 ὅτι
3087 2016 3186 2087 τὴν
3247 2018 3405 2074 πόλιν
3435 2020 3612 2090 ταύτην
3654 2023 3710 2082 εἰς

2207 2099 2365 2169 χεῖρὰ
2398 2118 2492 2167 σου
2523 2101 2720 2170 δώσεις
2765 2105 2877 2175 Οὐχ
2902 2107 3033 2176 ὁρᾷς
3071 2107 3334 2162 τοσούτου
3370 2111 3442 2180 μὴ
3465 2110 3708 2180 ἀριθμητοῦ

2209 2194 2443 2263 στρατοῦ
2475 2195 2683 2266 πλῆθος
2709 2197 2736 2250 ὃ
2762 2197 2931 2266 ἔχεις,
2963 2200 3056 2251 καὶ
3111 2200 3300 2260 καλῶς
3331 2200 3380 2256 εἴ
3438 2205 3711 2274 ἡτοιμασμέ-

2205 2304 2318 2351 νος,
2349 2288 2444 2340 καὶ
2478 2289 2628 2341 πᾶσα
2651 2290 2684 2358 ή
2719 2290 3160 2360 προπαρασκευὴ
3216 2291 3386 2360 πολλὴ
3443 2295 3528 2347 καὶ
3572 2293 3708 2362 καλής

2219 2379 2278 2436 Ὀ
2311 2380 2542 2449 στρατὸς
2577 2382 2738 2452 267
2789 2382 2884 2436 τοῦ
2938 2383 3256 2449 Μακεδόνος
3292 2385 3612 2455 Ἀλεξάνδρου
3645 2404 3708 2438 τοι

2208 2471 2395 2536 σοῦτος
2428 2473 2528 2542 οὐχ
2565 2475 2779 2545 ὑπῆρχέ
2814 2493 2945 2528 ποτε
2981 2476 3058 2540 ὡς
3100 2477 3128 2529 6
3180 2478 3301 2543 σὸς,
3336 2478 3452 2532 οὑδέ
3503 2478 3712 2542 τοσαύτας

2209 2565 2568 2636 παρασκευὰς
2597 2565 2764 2630 αὐτὸς
2792 2563 2906 2638 εἶχε
2927 2585 2942 2600 ο
2977 2571 3071 2622 καὶ⁵
3099 2570 3192 2623 τὸν
3224 2572 3431 2638 κόσμον
3454 2571 3708 2640 ἐκυρίευσεν

2205 2655 2374 2722 ὅμως,
2421 2653 2563 2722 Ἐγὼ
2619 2657 2718 2724 μὲν
2749 2657 2811 2709 οὐ
2869 2658 3116 2713 πιστεύω
3163 2660 3294 2713 οὔτε
3329 2662 3523 2726 ἐλπίζω
3561 2663 3611 2714 ἐκ
3639 2661 3709 2727 τῆς

2218 2743 2453 2806 Ἰταλίας
2483 2745 2718 2799 ἐνταῦθα
2762 2749 2950 2800 στόλον
2975 2748 3176 2814 ἐλθεῖν,
3217 2750 3295 2815 ὥς
3351 2768 3486 2815 τινες
3517 2752 3709 2818 λέγουσιν

2207 2837 2302 2889 καί⁵
2336 2839 2362 2890 6
2397 2837 2625 2905 ἀδελφός
2657 2857 2759 2906 μου
2782 2842 2807 2892 6
2831 2840 2946 2894 Ἀλὶ
2973 2842 3183 2904 Πασιᾶς
3230 2844 3438 2914 εἴρηκε,
3470 2842 3546 2896 διὰ
3571 2842 3613 2894 τὶ
3638 2841 3709 2910 μὲν

2207 2928 2384 2992 καλῶς
2411 2930 2594 2982 οἴδατε
2628 2932 2710 2984 ὅτι
2744 2933 2776 3003 ἡ
2841 2933 3148 3004 πολυαρχία
3186 2935 3300 2988 τῶν
3342 2935 3544 2989 Ἰταλῶν
3570 2933 3709 2986 αὐθέν-

2206 3037 2314 3073 των
2349 3023 2446 3074 καὶ
2484 3023 2593 3076 τῶν
2625 3023 2828 3095 ἐτέρων
2852 3025 3129 3093 ἐσπερίων
3185 3027 3461 3097 ἀνάρχους
3496 3027 3616 3078 ποιεῖ
3637 3025 3708 3076 αὖ·

2205 3120 2332 3178 τοὺς
2369 3115 2534 3184 εἶναι,
2570 3120 2666 3171 καὶ
2693 3120 2968 3188 ἀναμέσον
3003 3120 3186 3174 αὐτῶν
3222 3121 3325 3174 οὐκ
3352 3121 3494 3186 εστιν
3520 3118 3706 3186 ὁμόνοια.

531 3209 589 3275 ἐξ
620 3210 792 3278 ἀρχῆς
828 3210 1003 3264 ταῦτα
1036 3213 1380 3284 ἐνωτιζόμην
1419 3233 1481 3268 πε
1495 3218 1546 3285 pl
1577 3195 1780 3270 τούτων
1804 3195 1928 3284 πῶς
1945 3219 2102 3286 ἔμελ-
2128 3195 2170 3250 c
2206 3211 2314 3262 Καὶ
2350 3210 2478 3264 ὅταν
2504 3209 2665 3264 πάλιν
2691 3211 2836 3272 τινὲς
2867 3211 3048 3266 αὐτῶν
3067 3212 3416 3284 όμονοήσωσι
3437 3210 3559 3282 μετᾶ
3584 3209 3708 3263 κόπου

529 3407 624 3445 eos
654 3393 790 3446 tueri
819 3403 875 3447 et
899 3393 1214 3458 defendere,
1245 3411 1355 3464 quo
1387 3396 1558 3451 invito
1581 3395 1681 3466 ipsi
1714 3397 1851 3452 nihil
1880 3389 2104 3470 possent

531 3488 820 3554 proiicere.
877 3485 973 3542 llis
1001 3488 1067 3541 de
1092 3488 1276 3542 causis
1309 3504 1544 3554 ameras,
1582 3499 1638 3544 ut
1669 3491 1932 3557 diximus,
1976 3510 2099 3548 cum

531 3580 784 3634 universo
837 3581 1080 3634 exercitu
1115 3581 1165 3632 in
1211 3580 1433 3634 tristitia
1465 3589 1520 3635 et
1554 3597 1788 3638 mmrore
1834 3595 1974 3650 erat,
2009 3587 2100 3653 qui

529 3673 668 3729 adeo
702 3683 920 3744 postero
948 3674 1056 3737 die,
1089 3672 1265 3728 soluta
1304 3673 1608 3742 obsidione,
1636 3678 1893 3732 recedere
1919 3679 2102 3734 vellet.

528 3766 596 3817 At
625 3780 686 3818 ea
718 3765 831 3832 ipsa
863 3778 1117 3833 vespera,
1169 3778 1292 3818 cum
1329 3765 1580 3832 sequenti
1613 3780 1771 3820 mane
1801 3767 2100 3822 discessuri

526 3865 736 3920 essent,
775 3869 990 3919 rursus,
1031 3863 1086 3907 ut
1137 3862 1283 3917 ante,
1319 3853 1502 3908 lumen
1547 3855 1678 3925 illud
1719 3857 1938 3912 cmleste
1969 3874 2100 3912 con-

528 3945 798 4015 spiciunt:
833 3961 1020 4000 verum
1051 3959 1158 4012 non
1194 3944 1421 4014 perinde
1449 3960 1514 4000 ac
1553 3946 1705 4014 prius
1761 3948 2104 4005 diffundeba-

530 4051 637 4102 tur,
665 4041 839 4094 donec
865 4054 1028 4108 supra
1063 4039 1254 4092 urbem
1282 4037 1607 4092 consisteret
1641 4047 1753 4094 tota
1788 4051 1969 4107 nocte,
2003 4044 2099 4098 sed

531 4147 563 4185 a
597 4131 894 4200 longinquo
921 4137 1132 4185 tantum
1171 4129 1475 4197 comparuit
1505 4140 1556 4184 et
1581 4129 1764 4185 subito
1794 4132 2099 4201 dispersum

524 4223 768 4277 evanuit.
796 4220 948 4288 Quod
979 4230 1037 4277 ut
1059 4235 1272 4275 ameras
1293 4231 1347 4274 et
1370 4221 1566 4290 reliqui
1589 4236 1780 4278 omnes
1823 4224 2098 4293 viderunt,

527 4331 728 4384 magna
748 4315 952 4383 perfusi
976 4315 1184 4378 laetitia,
1207 4314 1607 4379 exclamaruut,
1635 4315 1808 4388 Deum.
1826 4335 1973 4373 nunc
1998 4336 2099 4376 nos

523 4409 858 4466 deseruisse.
878 4409 1011 4464 item
1031 4408 1381 4463 exsecranda:
1403 4413 1456 4459 et
1477 4405 1657 4472 impiae
1691 4411 2099 4478 superSIitionis

523 4516 574 4558 et
600 4502 806 4557 erroris
835 4515 1029 4557 eorum
1060 4501 1335 4570 sapientes
1361 4517 1424 4558 ac
1455 4504 1650 4559 scriba:
1673 4517 1738 4558 ex
1773 4503 1866 4557 illo
1891 4503 2098 4558 lumine
2130 4529 2174 4586 ι)

521 4594 986 4656 vaticinabantur,
1013 4591 1224 4649 Turcas
1247 4595 1381 4650 urbe
1412 4594 1683 4662 potituros
1709 4611 1852 4650 esse.
1884 4596 1959 4650 Ita
1985 4612 2101 4651 om-

525 4704 621 4744 nes
651 4702 802 4756 spem
840 4687 1040 4741 bonam
1078 4697 1468 4754 conceperunt,
1504 4703 1611 4755 qua
1630 4700 1854 4758 propter
1881 4698 2101 4759 peccata

521 4790 705 4836 nostra
739 4794 849 4833 non
883 4787 1013 4834 sunt
1045 4777 1286 4834 frustati.

589 4873 673 4928 Ali
703 4873 902 4942 pasias,
931 4871 1183 4941 princeps
1214 4880 1457 4939 senatus,
1482 4871 1563 4924 vir
1591 4887 1700 4940 pra:
1721 4873 1928 4926 caeteris
1951 4887 2106 4941 spec-

517 4976 662 5022 tatus
687 4975 743 5021 et
785 4965 982 5030 solers,
1023 4980 1145 5020 cum
1208 4979 1448 5018 ameram
1501 4964 1583 5018 sic
1615 4964 1876 5019 ﬂuctuare
1929 4975 1983 5019 et
2015 4979 2102 5018 re-

520 5060 702 5127 liquos
733 5072 928 5113 omnes
955 5068 1100 5112 metu
1133 5065 1188 5110 et
1239 5057 1606 5126 trepidatione
1640 5057 1834 5126 agitari
1869 5060 2098 5123 videret,

519 5152 573 5205 in
605 5151 843 5219 speciem
876 5148 1044 5204 tristis
1070 5157 1207 5212 erat,
1237 5162 1431 5202 revera
1455 5149 1785 5204 exsultabat.
1823 5150 1992 5220 Cujus
2024 5151 2102 5206 rei

517 5254 682 5294 causa
708 5246 847 5300 erat,
869 5238 1016 5306 quod
1044 5253 1286 5294 ameram
1323 5239 1375 5292 in
1399 5241 1645 5295 consiliis
1692 5255 1722 5296 a
1754 5242 1890 5296 bello
1914 5251 2102 5298 contra

522 5332 711 5386 urbem
745 5329 1090 5397 suscipiendo
1145 5341 1408 5402 perpetuo
1456 5333 1733 5389 deterrere
1793 5335 2100 5401 studuerat,

517 5440 584 5476 ne
612 5419 979 5476 occidentales
1029 5423 1325 5492 principes,
1358 5440 1416 5478 re
1447 5426 1655 5488 audita.
1703 5426 1909 5483 findere
1960 5443 2100 5482 con-

513 5513 713 5584 juncti,
739 5509 950 5567 Turcas
979 5529 1043 5568 ex
1080 5513 1293 5584 Europa
1318 5517 1598 5586 ejicerent.
1624 5517 1815 5588 Itaque
1840 5525 1952 5572 tum
1979 5534 2103 5573 rur-

513 5620 609 5658 sus
637 5603 952 5660 mcestitiam
979 5605 1267 5670 simulans,
1290 5623 1530 5664 ameram
1561 5610 1642 5664 sic
1707 5609 2054 5680 compellavit
2085 5628 2098 5665 :

525 5719 544 5751 ι
559 5698 668 5768 Ego
688 5698 758 5753 ab
778 5697 932 5754 initio
951 5698 1023 5752 ita
1044 5699 1158 5755 haec
1179 5711 1434 5756 eventura
1455 5717 1574 5757 esse
1597 5701 2007 5772 praesagiebam,
2039 5718 2102 5758 ac

531 5805 672 5852 sane
691 5789 786 5846 tibi
829 5789 996 5854 edixi,
1024 5805 1125 5848 nec
1160 5790 1365 5848 audisti
1395 5808 1500 5848 mc.
1537 5791 1692 5850 Nunc
1726 5791 1928 5858 denuo,
1957 5793 2002 5848 si
2027 5791 2099 5848 ita

2205 3389 2415 3457 placeat
2435 3390 2550 3451 tibi,
2567 3390 2793 3456 suadeo,
2811 3401 2868 3445 ut
2888 3393 3013 3447 hinc
3028 3393 3377 3460 recedamus,
3395 3409 3458 3449 ne
3471 3389 3708 3464 pejusquid

2204 3482 2434 3536 accidat.
2477 3501 2494 3534 ι
2540 3483 2656 3549 Qua
2690 3483 2940 3539 oratione
2972 3485 3180 3552 audita,
3219 3503 3433 3542 ameras
3461 3485 3644 3540 tristitia
3671 3492 3708 3534 et

2204 3572 2568 3628 sollicitudine
2601 3590 2751 3644 pzene
2783 3577 3089 3642 contabuit,
3125 3578 3272 3646 quod
3304 3587 3443 3632 tanta
3469 3592 3575 3630 cum
3599 3575 3712 3644 igno—

2203 3663 2370 3718 minia
2398 3666 2450 3719 in
2483 3669 2700 3721 modum
2735 3651 2873 3738 fuga:
2908 3670 3269 3725 recedendum
3298 3679 3457 3726 esset.
3483 3670 3598 3721 Cum
3622 3678 3711 3719 eum

2202 3758 2272 3808 ita
2306 3766 2540 3811 stantem
2563 3767 2616 3812 et
2640 3760 3066 3828 cogitabundum
3099 3762 3311 3816 videret
3356 3761 3520 3830 Sogan
3552 3757 3710 3828 pasiaS.

2203 3849 2478 3904 sei-undus
2533 3850 2733 3906 vizires
2795 3853 2937 3922 ejus,
2998 3861 3056 3906 ut
3087 3853 3238 3907 bello
3269 3869 3370 3908 nos
3404 3860 3655 3924 premeret,
3678 3847 3711 3900 ei

2203 3939 2397 4003 suasit,
2438 3941 2638 3994 invidia
2696 3957 2820 4010 erga
2856 3942 2938 3996 Ali
2973 3944 3178 4013 pasiam
3214 3955 3530 3999 commotus.
3558 3939 3711 3997 Occul-

2202 4040 2311 4087 tam
2347 4034 2494 4087 enim
2534 4034 2588 4088 hi
2631 4035 2771 4088 inter
2803 4051 2864 4090 se
2903 4039 3230 4092 exercebant
3258 4037 3598 4092 inimicitiam.
3635 4033 3710 4086 Ita-

2201 4141 2309 4196 que
2342 4141 2464 4180 cum
2525 4129 2886 4194 cohortatus,
2927 4147 2945 4181 ι
2985 4129 3148 4197 Quid,
3204 4130 3404 4200 inquit,
3437 4142 3614 4190 amera,
3657 4124 3708 4176 ita

2202 4228 2433 4276 moestus
2465 4227 2520 4273 et
2549 4217 2780 4276 amictus
2810 4221 2914 4276 es?
2976 4220 3108 4286 Qua:
3162 4231 3214 4277 te
3271 4221 3498 4278 formido
3540 4217 3708 4277 invasit,

2201 4321 2296 4365 aut
2355 4327 2476 4381 qua:
2521 4311 2877 4382 cogitationes
2951 4313 3246 4369 subierunt
3291 4315 3520 4369 animum
3562 4305 3709 4362 tuum?

2202 4402 2345 4458 Deus
2381 4413 2558 4459 tecum
2591 4412 2707 4460 est:
2743 4405 2898 4458 mitte
2937 4406 3381 4464 sollicitudinem.
3414 4409 3586 4461 Annon
3609 4401 3709 4455 elu-

2203 4496 2364 4552 ininis
2399 4497 2544 4552 illius
2575 4497 2758 4552 omine
2779 4497 3058 4568 intelligis,
3111 4514 3232 4554 eum
3267 4502 3361 4556 tibi
3399 4500 3568 4555 urbem
3605 4497 3707 4548 banc

2206 4588 2258 4640 in
2290 4603 2482 4644 manus
2516 4590 2842 4645 traditurum
2879 4591 3051 4646 esse?
3082 4608 3264 4648 nonne
3295 4592 3549 4648 innumeri
3569 4587 3707 4655 hujus.

2203 4695 2363 4749 quem
2397 4681 2586 4744 babes,
2617 4692 2672 4738 et
2723 4683 2942 4752 egregie
2979 4683 3232 4738 instructi
3279 4684 3539 4738 exercitus
3570 4678 3707 4733 multi-

2205 4773 2448 4826 tudinem
2482 4783 2536 4828 et
2569 4783 2777 4828 tantum
2803 4775 3046 4844 ejusdem
3069 4784 3121 4830 et
3155 4770 3267 4829 tam
3295 4775 3542 4830 eximium
3579 4781 3708 4838 appa-

2205 4876 2383 4918 ratum
2436 4867 2658 4921 cernis?
2691 4867 2983 4922 Alexandri
3041 4867 3377 4924 Marcedouis
3409 4867 3527 4923 olim
3577 4858 3708 4928 copiae

2204 4970 2310 5008 non
2349 4964 2511 5011 tanta:
2552 4957 2793 5023 fuerunt,
2833 4966 3049 5026 quantae
3080 4966 3186 5013 tum
3228 4969 3374 5025 sunt,
3429 4970 3520 5010 nec
3566 4958 3707 5008 tantus

2203 5049 2448 5118 ejusdem
2473 5058 2772 5120 apparatus
2795 5049 3026 5104 bellicus
3055 5064 3072 5104 :
3097 5059 3152 5106 et
3183 5060 3361 5105 tamen
3383 5049 3553 5104 orbem
3577 5051 3707 5096 terra-

2205 5158 2326 5196 rum
2369 5142 2415 5196 is
2443 5141 2794 5211 expugnavit.
2834 5141 3096 5210 Equidem
3129 5156 3230 5212 ego
3263 5157 3370 5197 non
3424 5137 3588 5202 credo,
3631 5142 3703 5185 nec

2205 5249 2388 5304 spero,
2421 5250 2486 5289 ex
2521 5234 2672 5288 Italia
2705 5232 2934 5288 classem
2963 5231 3150 5299 all‘ore,
3176 5241 3235 5287 ut
3259 5232 3470 5302 quidam
3507 5226 3646 5283 aiunt,
3665 5225 3703 5268 rt

2205 5328 2488 5383 allirmavit
2521 5345 2644 5385 cum
2680 5327 2915 5383 maxime
2939 5328 3020 5381 Ali
3051 5328 3256 5396 pasias,
3288 5325 3450 5379 frater
3471 5310 3704 5374 meusuio

2204 5422 2421 5493 quidem
2459 5422 2596 5477 bene
2630 5422 2827 5485 nostis,
2867 5419 3271 5475 multitudinem
3315 5417 3550 5472 ltulorutn
3576 5417 3703 5505 etre-

2205 5518 2477 5586 liquorum
2503 5514 2918 5570 occidentalium
2953 5513 3258 5584 principum
3309 5509 3493 5570 facere,
3523 5504 3699 5594 uthstﬂc

2204 5585 2433 5677 imillcrio
2485 5607 2617 5668 sint.
2677 5620 2775 5660 nec
2823 5605 3003 5676 vigere
3053 5604 3196 5657 inter
3253 5615 3344 5654 eos
3397 5585 3698 5651 concordant-

2205 5699 2407 5764 Quodsi
2431 5699 2653 5767 quidam
2681 5713 2867 5752 eorum
2896 5695 3064 5750 multo
3089 5695 3272 5748 labore
3302 5689 3573 5754 multisque
3597 5688 3698 5767 con:

2204 5793 2500 5849 ditiouibus
2538 5807 2722 5861 pacem
2757 5789 3051 5853 (iuuarint,
3083 5802 3191 5844 non
3223 5787 3394 5852 Isngo,
3435 5774 3602 5834 hercle,
3631 5759 3701 5820 ssd
