3976 6556
298 419 408 486 835

1305 433 1751 500 CIIRON’ICON
1788 439 2058 507 MAJUS.
2107 472 2173 480 —
2203 436 2350 510 LIB.
2397 449 2517 509 III.

3426 455 3535 522 866

296 537 574 590 ναιότατοι
614 537 1015 610 συστρατιῶται
1040 542 1134 598 καὶ
1151 546 1256 610 πᾶς
1282 548 1446 620 272
1479 552 1507 604 ὁ
1534 553 1728 618 πιστὸς
1761 555 1860 608 καὶ
1891 562 1935 620 Α
1964 559 2150 630 θερίαν
2180 563 2212 631 ἡ
2225 563 2360 631 μῶν.
2393 565 2590 635 Τρίτον
2620 564 2900 634 βασιλείαν
2931 565 3032 639 τὴν
3063 558 3192 622 ποτὲ
3247 569 3346 640 μὲν
3376 590 3533 643 περι-

295 630 488 698 τίμιος
511 627 661 694 λαὸς,
692 631 874 694 καλῶς
905 629 1085 715 οίδατε
1117 637 1200 690 ὅτι
1224 638 1466 707 ἔφθασεν
1492 645 1524 713 ἡ
1559 644 1678 716 ὥρα
1706 647 1800 700 καὶ
1836 649 1864 700 ὀ

294 721 496 791 ἐχορός
512 724 612 793 τῆς
643 723 883 789 πίστεως
912 713 1068 798 ἡμῶν
1099 729 1351 800 βούλεται
1388 735 1473 789 ἴνα
1504 713 1646 806 μετά
1679 739 1863 809 πάσης

292 816 496 885 τέχνης
552 816 646 868 καὶ
732 821 985 889 μηχανῆς
1049 823 1414 894 ἰσχυροτέρως
1476 834 1863 902 στενοχωρήσῃ

291 905 468 974 ἡμᾶς,
500 906 596 958 καὶ
620 907 860 976 πόλεμον
894 911 1128 983 σφοδρὸν
1155 916 1296 984 μετά
1331 909 1656 989 συμπλοκῆς
1689 922 1862 990 μεγά-

288 994 394 1061 λης
455 998 547 1049 καὶ
598 998 921 1070 συῤῥήξεως
962 1005 1027 1083 ὲκ
1079 1007 1180 1076 τῆς
1210 1007 1409 1078 χέρσου
1460 1012 1555 1064 καὶ
1584 1012 1862 1083 θαλάσσης

289 1087 443 1157 δώσῃ
467 1089 601 1157 ἡμῖν
633 1091 773 1158 μετὰ
797 1093 979 1162 πάσης
1004 1079 1311 1166 δυνάμεως,
1364 1101 1474 1166 ἴνα,
1509 1103 1560 1155 εί
1610 1079 1857 1171 δυνατὸν,

285 1179 371 1240 ὡς
403 1177 529 1246 ὄφις
555 1179 650 1232 τὸν
682 1182 762 1234 ίδν
793 1183 998 1256 ὲκχύσῃ
1029 1188 1124 1240 καὶ
1165 1189 1241 1252 ὡς
1288 1189 1424 1256 λέων
1456 1193 1731 1264 ἀνήμερος
1759 1214 1860 1252 κα·

285 1270 462 1340 ταπίῃ
497 1270 664 1338 ἡμᾶς.
701 1269 1009 1347 [Βιάζεται]
1040 1277 1130 1331 διὰ
1157 1278 1316 1334 τοῦτο
1350 1283 1494 1352 λέγω
1539 1289 1636 1342 καὶ
1687 1306 1861 1359 παρα·

285 1359 447 1412 καλῶ
475 1362 622 1429 ὑμᾶς
665 1363 752 1415 ἱνα
785 1367 954 1436 στῆτε
978 1371 1243 1442 ἀνδρείως
1286 1378 1383 1428 καὶ
1417 1378 1557 1448 μετά
1601 1384 1857 1450 γενναίας

281 1449 500 1520 ψυχῆς,
527 1452 608 1515 ὡς
638 1454 875 1510 πάντοτε
898 1458 1005 1524 ἕως
1051 1462 1148 1516 τοῦ
1184 1468 1283 1518 νῦν
1338 1449 1662 1540 ἐποιήσατε,
1715 1474 1856 1527 κατά

282 1542 400 1595 τῶν
450 1543 661 1614 ἐχθρῶν
697 1547 798 1617 τῆς
851 1551 1094 1616 πίστεως
1143 1555 1322 1626 ἡμῶν.
1389 1562 1741 1633 Παραδίδωμι
1799 1564 1856 1618 δὲ

285 1633 424 1702 ὑμῖν
451 1633 580 1724 τὴνΔ
611 1636 1082 1713 ὲκλαμπροτάτην
1131 1647 1224 1699 καὶ
1275 1650 1605 1721 ’περίφημον
1648 1654 1856 1724 ταύτην

285 1725 450 1778 πόλιν
489 1719 584 1779 καί
615 1731 855 1800 πατρίδα
884 1734 1048 1801 ἡμῶν
1073 1739 1170 1791 καὶ
1196 1719 1596 1807 βασιλεύουσαν
1622 1745 1733 1798 τῶν
1760 1719 1855 1800 πό-

281 1809 449 1865 λεων.
479 1807 674 1878 Καλῶς
701 1810 797 1870 οὖν
857 1817 1063 1887 οἴδατε,
1094 1823 1337 1894 ἀδελφοί,
1368 1827 1448 1881 ὅτι
1474 1828 1564 1884 διὰ
1610 1832 1854 1904 τέσσαρά

281 1917 411 1954 τινα
441 1901 718 1969 ὀφειλέται
742 1906 943 1970 κοινῶς
988 1909 1162 1979 ἐσμεν
1211 1912 1416 1978 πάντες
1453 1916 1542 1968 ἵνα
1576 1901 1849 1990 προτιμῆ-
1889 1907 1927 1961 Β

287 2008 476 2060 σωμεν
503 1995 798 2050 ἀποθανεῖν
828 1999 1032 2066 μᾶλλον
1062 2001 1094 2071 ἢ
1131 2002 1252 2073 ζῇν,
1291 2006 1509 2075 πρῶτον
1561 2011 1663 2078 μὲν
1710 2011 1852 2082 ὑπὲρ

277 2082 387 2152 τῆς
418 2083 657 2150 πίστεως
690 2088 851 2159 ήμῶν
879 2093 975 2144 καὶ
1005 2092 1310 2159 εὐσεϐείας,
1343 2096 1598 2170 δεύτερον
1617 2101 1674 2156 δὲ
1708 2104 1850 2176 ὑπὲρ

279 2173 384 2241 τῆς
429 2177 710 2245 πατρίδος,
760 2181 948 2250 τρίτον
1001 2183 1059 2236 δὲ
1111 2185 1250 2256 ὑπὲρ
1304 2187 1402 2242 τοῦ
1457 2190 1725 2258 βασιλέως
1771 2173 1849 2259 ὡς

277 2264 526 2332 Χριστοῦ
559 2267 784 2339 Κυρίου,
818 2274 915 2325 καὶ
947 2273 1210 2345 τέταρτον
1261 2279 1402 2350 ὑπὲρ
1431 2285 1716 2351 συγγενῶν
1753 2289 1850 2340 καὶ

274 2354 476 2423 φίλων,
500 2358 726 2424 Λοιπὸν,
761 2361 1008 2432 ἀδελφοὶ,
1033 2366 1130 2419 ἐὰν
1175 2369 1453 2438 χρεῶσται
1510 2375 1676 2444 ἐσμεν
1705 2378 1850 2448 ὑπὲρ.

272 2447 399 2510 ἑνὸς
434 2449 498 2502 ἐκ
532 2450 646 2504 τῶν
699 2454 990 2524 τεσσάρων
1033 2457 1402 2526 ἀγωνίζεσθαι
1447 2463 1553 2528 ἓως
1585 2447 1843 2534 θανάτου,

271 2538 461 2607 πολλῷ
489 2541 695 2610 μᾶλλον
728 2543 881 2614 ὑπὲρ
899 2546 1124 2603 πάντων
1144 2550 1354 2606 τούτων
1385 2556 1573 2624 ἡμεῖς,
1601 2557 1678 2620 ὡς
1718 2559 1842 2628 βλέ-

267 2647 406 2684 πετε
435 2637 752 2705 προφανῶς,
772 2639 870 2692 καὶ
901 2641 967 2694 ἐκ
997 2642 1224 2698 πάντων
1254 2646 1523 2718 μέλλομεν
1557 2650 1842 2721 ζημιωθῆο

266 2740 384 2778 ναι.
413 2723 540 2778 Ἐὰν
573 2727 662 2781 διὰ
683 2731 751 2786 τὰ
785 2731 895 2800 ἐμά
918 2733 1372 2807 πλημμελήματα
1410 2743 1791 2813 παραχωρὴσῃ
1812 2746 1839 2797 ὀ

265 2814 408 2878 Θεὸς
449 2819 549 2886 τὴν
596 2820 753 2891 νίκην
780 2825 892 2885 τοῖς
942 2826 1222 2894 ἀσεϐέσιν,
1268 2829 1406 2900 ὑπὲρ
1456 2832 1557 2900 τῆς
1601 2835 1838 2897 πίστεως

263 2907 428 2976 ἡμῶν
455 2911 555 2978 τῆς
573 2911 754 2979 ἀγίας,
785 2913 853 2984 ἢν
884 2916 1122 2986 Χριστὸς
1175 2921 1234 2973 ἰν
1282 2921 1360 2991 τῷ
1403 2925 1593 2993 οἰκείῳ
1637 2926 1834 2994 αἵματι

262 2997 431 3067 273
449 3001 579 3068 ἡμῖν
601 2999 938 3073 ἐδωρήσατο,
951 3008 1356 3076 κινδυνεύομενο
1373 3013 1526 3067 ὅέστι
1538 3017 1834 3083 κεφάλαιον

260 3090 511 3144 πάντων.
539 3093 649 3146 Καὶ
677 3094 774 3148 ἐὰν
806 3096 897 3149 τὸν
932 3097 1142 3168 κόσμον
1181 3101 1302 3156 ὅλον
1342 3105 1584 3176 κερδήσῃ
1621 3123 1702 3168 τις
1734 3106 1832 3160 καὶ

255 3177 360 3246 τὴν
411 3178 592 3249 ψυχὴν
641 3182 920 3255 ζημιωθῇ,
971 3187 1028 3240 τί
1073 3189 1132 3241 τὸ
1159 3188 1390 3258 ὀφελος;
1429 3193 1692 3263 Δεύτερον
1723 3213 1830 3248 πα-

255 3267 415 3336 τρίδα
438 3271 643 3342 περίφη
652 3290 751 3342 μον
767 3275 1028 3340 τοιούτως
1049 3278 1430 3351 ὑστερούμεθα
1447 3285 1540 3338 καὶ
1559 3258 1657 3355 την
1675 3283 1826 3337 ἐλευ-
1850 3258 1895 3318 C

251 3450 486 3516 rissimi,
520 3454 928 3512 commilitones
954 3462 1364 3527 generosissimi
1389 3471 1443 3519 et
1465 3479 1658 3522 omnes
1687 3466 1819 3523 lide-

248 3541 333 3598 les
355 3551 411 3596 et
448 3543 753 3601 honorandi
777 3549 926 3604 cives
961 3551 975 3604 l
1006 3552 1184 3608 Proh’e
1229 3555 1425 3621 nostis,
1441 3559 1656 3612 venisse
1680 3569 1818 3614 tem-

243 3647 376 3698 pus,
404 3647 512 3694 ouo
547 3634 669 3690 [idsi
702 3648 902 3693 nostra:
948 3641 1120 3718 hostis
1179 3646 1438 3700 omnibus
1486 3648 1700 3704 arti-bus
1753 3659 1808 3704 et

244 3729 523 3787 machinis
551 3731 926 3790 vehementius
962 3751 1064 3792 nos
1108 3753 1326 3809 urgere,
1371 3749 1426 3795 et
1483 3757 1647 3812 grave
1696 3742 1812 3798 hel-

242 3820 357 3874 lum
393 3836 592 3891 magno
633 3825 886 3881 c0ntlictu
921 3837 974 3882 et
1023 3831 1325 3888 certamine
1355 3842 1500 3889 terra
1559 3838 1809 3906 marique

241 3927 460 3968 summa
487 3917 840 3974 contentione
870 3921 1027 3976 nobis
1059 3922 1265 3980 inferre
1321 3926 1590 3996 decrevit,
1653 3940 1732 3996 ut,
1762 3933 1809 3986 si

240 4005 438 4073 possit.
465 4013 726 4077 tanquam
754 4012 970 4082 anguis,
1006 4029 1278 4071 venenum
1305 4019 1358 4073 in
1416 4035 1515 4076 nos
1544 4021 1804 4089 eﬂ‘undat,

236 4103 316 4158 et,
348 4104 605 4166 tanquam
630 4100 860 4158 immitis
886 4103 996 4169 leo,
1024 4122 1126 4163 nos
1148 4108 1400 4167 devoret.
1453 4112 1635 4179 Quare
1671 4132 1806 4188 rogo

237 4195 293 4241 et
333 4187 528 4244 hortor
554 4207 674 4256 vos,
724 4204 784 4248 ut
809 4193 938 4250 forti
976 4208 1029 4252 et
1075 4215 1346 4270 generoso
1401 4206 1606 4270 animo,
1662 4187 1808 4264 sicut

237 4280 526 4350 hucusque
582 4298 802 4355 semper
855 4285 1092 4356 fecistis,
1149 4294 1401 4351 hostibus
1436 4299 1558 4354 tidei
1605 4312 1804 4359 nostrae

234 4371 530 4429 resistatis.
565 4372 746 4431 Trado
775 4386 829 4432 et
849 4383 1173 4437 commendo
1225 4387 1380 4443 vobis
1437 4391 1802 4448 clarissimam

232 4463 379 4518 hanc
407 4473 462 4518 et
486 4465 750 4524 illustrem
779 4471 992 4538 urbem,
1016 4477 1248 4544 patriam
1269 4492 1539 4548 nostram,
1573 4495 1628 4540 et
1657 4489 1800 4558 regi-

231 4567 358 4606 nam
393 4555 634 4611 urbium.
665 4557 784 4614 Non
817 4562 1101 4632 ignoratis,
1132 4566 1353 4638 fratres,
1401 4587 1638 4644 quatuor
1698 4555 1796 4635 εἷο·
1831 4616 1874 4669 D

231 4645 470 4669 ...:_=t.__
505 4663 714 4669 ---μω
764 4653 797 4669 .-

230 4645 474 4702 minibus
500 4653 866 4708 communiter
889 4670 1082 4715 omnes
1104 4675 1202 4717 nos
1227 4675 1454 4720 mortem
1494 4672 1615 4724 vita:
1637 4684 1795 4727 allie-

225 4751 432 4806 ponere
463 4740 683 4807 debere,
715 4747 951 4813 primum
979 4765 1076 4818 pro
1107 4752 1211 4807 {ide
1235 4763 1288 4809 et
1327 4757 1545 4825 pietate,
1581 4760 1787 4818 deinde

222 4842 325 4895 pro
355 4831 552 4897 patria,
581 4842 696 4888 tum
720 4851 818 4906 pro
851 4840 1180 4909 imperatore
1214 4855 1270 4901 ut
1303 4860 1468 4904 uncto
1491 4866 1652 4907 serto
1685 4854 1794 4910 Do-

219 4919 388 4984 mini,
407 4930 682 4988 postremo
701 4941 800 4995 pro
822 4933 1066 5000 cognatis
1095 4945 1147 4990 et
1174 4939 1388 4993 amicis.
1421 4941 1652 5008 Quodsi,
1684 4945 1791 4999 fra-

221 5016 364 5074 tres,
403 5026 500 5080 pro
560 5030 668 5068 una
729 5019 923 5076 harum
978 5035 1216 5093 quatuor
1268 5045 1451 5085 rerum
1507 5035 1790 5091 decertare

217 5103 481 5170 usquead
522 5121 712 5163 necem
733 5110 1019 5180 debemus,
1059 5118 1233 5175 multo
1261 5123 1458 5191 magis,
1489 5135 1551 5180 ut
1575 5126 1785 5196 liquido

212 5201 460 5257 apparot,
479 5208 578 5263 pro
608 5197 693 5254 his
723 5203 978 5260 omnibus
1002 5217 1232 5264 mortem
1252 5225 1359 5266 non
1382 5217 1781 5273 recusabimus.

210 5279 271 5334 Si
295 5294 519 5352 propter
548 5287 749 5344 delicta
778 5307 900 5350 mea
930 5295 1072 5352 Deus
1099 5299 1384 5357 victoriam
1430 5305 1618 5376 impiis
1645 5325 1800 5389 con-l

204 5375 457 5440 cesserit,
492 5376 550 5432 in
582 5392 770 5438 sancta
802 5383 912 5440 tide
937 5401 1147 5456 nostra,
1182 5407 1344 5462 quam
1373 5396 1624 5471 Christus
1650 5418 1777 5458 san-

1968 651 2133 718 φανῆ,
2163 651 2258 707 νῦν
2287 654 2342 708 δὲ
2367 658 2848 728 τεταπεινωμένην
2889 661 2983 713 καὶ
3012 659 3405 732 ὡνειδισμένην
3434 666 3532 717 καὶ

1967 742 2400 814 ὲξουθενημένην
2428 749 2816 818 ἀπωλέσαμεν,
2849 752 2942 805 καὶ
2987 753 3091 805 ὑπὸ
3119 753 3214 806 τοῦ
3261 755 3527 824 τυράννου

1965 832 2059 885 καὶ
2089 834 2321 898 ἀσεϐοῦς
2376 836 2626 907 ἄρχεται.
2676 838 2956 910 Τέταρτον
3001 842 3057 896 δὲ
3111 844 3205 897 καὶ
3253 844 3529 912 φιλτάτων

1963 923 2170 977 τέκνων
2222 927 2315 980 καὶ
2370 929 2616 997 συμϐίων
2651 933 2746 984 καὶ
2799 935 3078 1000 συγγενῶν
3128 937 3526 1006 ὑστερούμεθα.

1964 1015 2136 1079 Αὐτὸς
2194 1017 2248 1070 δὲ
2308 1019 2336 1071 ὁ
2368 1019 2648 1096 ἀλιτήριος
2691 1025 2720 1075 ὀ
2767 1024 2990 1096 ἀμηρᾶς
3038 1031 3378 1097 πεντήκοντα
3435 1033 3530 1082 καὶ

1963 1107 2100 1160 ἐπτά
2129 1108 2341 1176 ἡμέρας
2377 1110 2499 1178 ἄγει
2534 1115 2778 1182 σήμερον
2808 1116 2901 1183 ἀφ’
2927 1115 2985 1168 οὗ
3009 1118 3152 1186 ἡμᾶς
3188 1119 3357 1172 ἐλθὼν
3394 1119 3531 1171 ἀπέ-

1962 1199 2178 1252 κλεισεν
2207 1203 2300 1253 καὶ
2336 1203 2474 1269 μετά
2507 1203 2687 1273 πάσης
2737 1208 2991 1275 μηχανῆς
3037 1210 3132 1260 καὶ
3174 1209 3355 1279 ίσχύος
3399 1210 3526 1262 καθ’

1960 1291 2174 1360 ἡμέραν
2193 1308 2248 1344 τε
2273 1294 2366 1345 καὶ
2394 1293 2561 1347 νύκτα
2579 1297 2681 1350 οὐκ
2708 1297 2990 1352 ἐπαύσατο
3011 1301 3313 1370 πολιορκῶν
3334 1303 3484 1370 ἡμᾶς
3509 1319 3524 1334 ο
3611 1305 3615 1310 ⁷

1961 1383 2052 1436 καὶ
2083 1384 2267 1453 χάριτι
2299 1385 2394 1438 τοῦ
2432 1391 2814 1442 παπεπόπτου
2851 1390 3093 1459 Χριστοῦ
3127 1394 3336 1460 Κυρίου
3367 1394 3524 1462 ἡμῶν

1958 1475 2021 1528 ὲκ
2055 1475 2162 1528 τῶν
2191 1476 2390 1552 τειχῶν
2413 1478 2553 1545 μετά
2573 1478 2836 1548 αίσχύνης
2866 1480 2994 1552 ἄχρι
3023 1483 3119 1535 τοῦ
3145 1483 3238 1536 νῦν
3257 1485 3523 1546 πολλάκις

1957 1567 2146 1625 κακῶς
2177 1549 2545 1638 ἀπεπέμφθη.
2579 1570 2662 1623 Τά
2704 1568 2800 1624 νῦν
2827 1570 2884 1624 δὲ
2925 1549 3110 1636 πάλιν,
3156 1572 3398 1642 ἀδελφοὶ,
3447 1576 3523 1644 μὴ

1955 1657 2284 1729 δειλιάσητε,
2317 1661 2424 1726 ,ἐὰν
2454 1662 2549 1715 καί
2593 1664 2774 1732 τεῖχος
2827 1665 3058 1734 μερόθεν
3087 1666 3266 1734 ὀλίγον
3296 1668 3361 1721 ὲκ
3407 1669 3524 1721 τῶν

1954 1751 2170 1818 κρότων
2206 1753 2300 1804 καὶ
2330 1753 2443 1804 τῶν
2481 1754 2788 1823 πτωμάτων
2818 1757 2928 1808 τῶν
2965 1758 3278 1818 ,ἑλεπόλεων
3333 1759 3518 1821 ἔπεσε,

1955 1841 2111 1906 διότι,
2131 1841 2207 1906 ὡς
2223 1844 2384 1913 ὑμεῖς
2412 1845 2692 1914 θεωρεῖτε,
2724 1847 2871 1900 κατά
2903 1849 2965 1920 τὸ
2995 1849 3218 1903 δυνατὸν
3249 1850 3522 1919 ὲδιωρθώο

1951 2027 2162 2094 ἄμαχον
2193 2028 2353 2093 δόξαν
2381 2029 2476 2082 τοῦ
2504 2031 2639 2084 Θεοῦ
2669 2033 2994 2103 ἀνεθέμεθα,
3032 2028 3176 2089 οὗτοι
3210 2039 3268 2089 ὲν
3301 2037 3518 2106 ἅρμασι

1948 2119 2042 2171 καὶ
2062 2111 2207 2172 οὗτοι
2241 2122 2298 2174 ὲν
2327 2121 2519 2184 ἵπποις
2559 2125 2654 2178 καὶ
2687 2126 2916 2194 δυνάμει
2951 2130 3044 2181 καὶ
3087 2129 3305 2197 πλήθει,
3354 2132 3518 2198 ἡμεῖς

1946 2209 2000 2262 δὲ
2032 2212 2087 2262 ἑν
2116 2211 2336 2280 ὀνόματι
2388 2212 2588 2282 Κυρίου
2629 2217 2725 2270 τοῦ
2773 2218 2908 2270 Θεοῦ
2937 2221 3030 2272 καὶ
3079 2222 3326 2292 Σωτῆρος
3360 2223 3520 2291 ἡμῶν
3581 2281 3585 2286 ,

1946 2301 2311 2372 πεποίθαμεν,
2333 2304 2484 2358 δεῦτε
2498 2323 2590 2376 ρον
2611 2308 2666 2361 δὲ
2693 2311 2789 2362 καὶ
2811 2313 2868 2363 ἑν
2887 2314 3007 2374 ταῖς
3030 2313 3329 2383 ἡμετέραις
3358 2318 3516 2384 χερσὶ

1944 2392 2038 2444 καὶ
2063 2393 2466 2463 ρωμαλεότητι,
2497 2397 2564 2468 ἢν
2594 2399 2908 2470 ἐδωρήσατο
2953 2405 3085 2473 ἡμῖν
3119 2407 3150 2473 ἠ
3205 2405 3324 2457 θεία
3353 2405 3515 2459 δύνα-

1944 2497 2059 2548 μις.
2087 2483 2346 2553 Γνωρίζω
2377 2487 2434 2539 δὲ
2480 2488 2562 2541 ὅτι
2605 2487 2744 2560 αὕτη
2794 2492 2827 2561 ἡ
2867 2495 3310 2565 μυριαρίθμητος
3341 2496 3511 2566 ἀγέλη

1938 2573 2048 2626 τῶν
2083 2576 2319 2642 ἀσεϐῶν,
2367 2577 2548 2644 καθὼς
2589 2583 2621 2651 η
2656 2582 2836 2636 αὐτῶν
2863 2586 3144 2656 συνήθεια,
3197 2587 3511 2642 ἐλεύσονται

1941 2665 2066 2717 καθ’
2123 2668 2279 2736 ἡμῶν
2327 2670 2492 2740 274
2541 2673 2678 2741 μετὰ
2734 2672 3008 2742 βαναύσου
3041 2676 3138 2730 καὶ
3190 2679 3511 2748 ἐπηρμένης

1936 2754 2140 2824 ὀφρύος
2169 2759 2263 2811 καὶ
2309 2759 2546 2829 θάρσους
2600 2763 2795 2817 πολλοῦ
2845 2768 2944 2819 καὶ
2978 2766 3122 2834 βίας,
3156 2768 3241 2821 ίνα
3294 2770 3381 2823 διὰ
3408 2773 3510 2832 τὴν

1935 2847 2219 2920 ὀλιγότητα
2252 2852 2282 2920 ἡ
2293 2852 2408 2919 μῶν
2438 2853 2667 2922 θλίψωσι
2691 2857 2782 2909 καὶ
2817 2858 2881 2910 ὲκ
2913 2861 3006 2911 τοῦ
3040 2864 3209 2913 κόπου
3242 2878 3507 2932 στενοχω-

1937 2940 2169 3007 ρήσωσι,
2216 2945 2308 2994 καὶ
2346 2943 2488 3012 μετά
2524 2945 2718 3014 φωνῶν
2763 2948 3016 3015 μεγάλων
3047 2951 3141 3003 καὶ
3171 2951 3510 3020 ἀλαλαγμῶν

1932 3031 2344 3101 ἀναριθμήτων,
2398 3035 2484 3088 ῐνα
2533 3039 2679 3105 ἡμᾶς
2728 3041 3032 3109 φοϐήσωσι.
3082 3044 3194 3104 Τὰς
3244 3045 3504 3108 τοιαύτας

1933 3123 2113 3176 αὐτῶν
2142 3125 2418 3198 φλυαρίας
2464 3131 2646 3194 καλῶς
2705 3133 2906 3199 οἴδατε,
2941 3136 3034 3188 καὶ
3060 3137 3119 3189 οὐ
3168 3137 3272 3207 χρὴ
3323 3138 3512 3206 λέγειν

1933 3215 2309 3287 περὶτούτων.
2343 3220 2455 3274 Καὶ
2475 3220 2592 3292 ῶρᾳ
2635 3223 2810 3292 ὀλίγοι
2837 3224 3011 3279 ταῦτα
3065 3229 3356 3296 ποιήσωσι,
3407 3231 3502 3282 καὶ

1929 3311 2332 3382 ἀναριθμήτους
2364 3313 2570 3385 πέτρας
2623 3316 2717 3369 καὶ
2751 3317 2912 3388 ἕτερα
2964 3319 3090 3390 βέλη
3124 3323 3218 3374 καὶ
3267 3323 3500 3375 ἑλεϐολί-

1925 3491 2247 3560 depressum
2288 3503 2342 3548 et
2384 3483 2626 3565 spretum
2670 3508 2722 3552 et
2757 3509 3134 3571 contemptum
3171 3505 3493 3572 amittimus,

1924 3581 1977 3636 in
2002 3594 2323 3652 potestatem
2375 3590 2588 3657 tyranni
2627 3600 2680 3645 et
2715 3593 2865 3659 impii
2899 3594 3138 3649 hominis
3193 3612 3492 3653 concessu-

1923 3691 2085 3738 rum;
2125 3688 2408 3746 postremo
2434 3680 2621 3735 liberis
2656 3684 3034 3750 amatissimis,
3065 3688 3393 3757 conjugihus
3435 3701 3490 3745 ct

1921 3771 2172 3839 cognatis
2205 3771 2532 3840 spoliantur.
2572 3771 2668 3827 Est
2710 3768 2892 3828 autem
2947 3776 3064 3832 dies
3095 3781 3490 3851 quinquagesi-

1920 3877 2041 3913 mns
2073 3863 2363 3929 septimus,
2402 3879 2469 3918 ex
2503 3881 2612 3936 quo
2657 3867 2926 3924 scelestus
2979 3870 3080 3924 iste
3117 3887 3332 3928 ameras
3389 3891 3489 3929 nos

1916 3953 2170 4008 obsessos
2210 3964 2356 4010 tenet
2410 3967 2465 4011 et
2500 3959 2756 4015 omnibus
2800 3961 3068 4018 machinis
3121 3967 3394 4036 omnique
3435 3971 3484 4022 vi

1915 4043 2001 4096 die
2025 4059 2087 4097 ac
2109 4053 2272 4098 nocte
2297 4061 2396 4100 nos
2433 4062 2750 4117 Oppugnare
2779 4065 2882 4106 non
2939 4052 3158 4109 desistit
3211 4074 3225 4108 :
3264 4068 3320 4110 at
3369 4075 3482 4129 om:

1913 4136 2002 4188 nia
2029 4137 2290 4195 intuentis
2317 4141 2524 4196 Christi
2559 4143 2772 4199 Domini
2811 4147 2982 4215 gratia
3046 4148 3333 4220 hucusque
3385 4169 3488 4206 sa:-

1914 4236 2210 4289 penumero
2237 4241 2360 4280 cum
2384 4229 2652 4286 dedecore
2677 4247 2707 4285 a
2750 4235 3024 4291 moenibus
3069 4240 3321 4307 repulsus
3370 4256 3477 4296 est.

1910 4314 2256 4386 QuaprOpler
2311 4336 2409 4376 nec
2462 4338 2629 4390 nunc,
2680 4326 2900 4392 fratres,
2937 4329 3120 4386 timori
3172 4333 3350 4388 locum
3396 4352 3488 4390 re-
3555 4339 3569 4359 '

1910 4405 2196 4476 linqnalis,
2227 4412 2446 4469 etiamsi
2473 4417 2672 4473 muenia
2725 4420 2909 4489 aliqua
2939 4437 3004 4476 ex
3043 4433 3195 4493 parte
3253 4439 3478 4496 propter

1907 4497 2238 4569 helepolium
2263 4507 2457 4573 pulsus
2491 4519 2544 4564 et
2599 4512 2740 4567 ictus
2775 4526 3130 4585 corruerunt,
3186 4523 3474 4590 quoniam,

1906 4599 1967 4644 ut
2003 4593 2200 4649 videtis
2233 4598 2355 4665 ipsi.
2396 4615 2497 4668 pro
2526 4602 2736 4658 viribus
2754 4621 2814 4659 ea
2844 4607 3298 4670 instanravimns.
3339 4617 3472 4669 0m-

1900 4698 2020 4735 nem
2050 4700 2198 4752 spem
2249 4689 2302 4742 in
2330 4690 2500 4758 gloria
2532 4693 2730 4749 invicta
2784 4696 2878 4752 Dei
2924 4702 3332 4760 Collocavimns.
3391 4710 3477 4764 Illi

1894 4772 2171 4835 Curribus,
2203 4778 2377 4844 cquis,
2429 4782 2618 4848 c0piis,
2664 4785 3019 4850 multitudini,
3075 4806 3175 4844 nos
3204 4792 3317 4856 Dei,
3358 4795 3470 4850 Do—

1893 4864 2024 4915 mini
2052 4875 2104 4918 et
2141 4867 2438 4925 Salvatoris
2469 4873 2665 4937 nostri,
2698 4878 2933 4942 nomini,
2987 4880 3188 4936 deinde
3239 4884 3471 4940 demum

1890 4954 2145 5011 manibus
2172 4966 2227 5011 et
2259 4961 2439 5014 robori
2474 4962 2712 5030 ﬁdimus,
2738 4982 2768 5020 a
2795 4968 2982 5024 divina
3026 4975 3270 5041 potentia
3304 4979 3470 5053 nobis

1887 5046 2125 5102 donatis.
2165 5051 2293 5105 Scio
2334 5054 2610 5122 equidem,
2655 5058 2793 5114 hanc
2834 5060 3287 5122 innumerabilem
3349 5051 3455 5125 im-

1887 5136 2101 5204 piorum
2133 5142 2343 5195 turbam
2371 5159 2522 5199 more
2554 5161 2655 5203 suo
2682 5160 2877 5205 contra
2911 5169 3011 5209 nos
3060 5172 3457 5222 processuram

1881 5241 2003 5283 esse
2042 5245 2168 5285 cum
2208 5231 2383 5299 fastu,
2417 5238 2565 5291 elato
2605 5245 2925 5310 supercilio,
2973 5249 3256 5315 spiritibus
3307 5272 3452 5327 ιηςιει.

1882 5320 1968 5374 nis
2012 5324 2362 5392 etviolentia,
2411 5338 2591 5386 utnos
2629 5347 2833 5402 paucos
2858 5350 3087 5407 urgeant
3110 5352 3164 5396 et
3188 5351 3484 5404 aerumnis-

1879 5424 2151 5478 premant,
2190 5416 2395 5486 ingenti
2423 5421 2550 5475 item
2583 5438 2706 5478 cum
2737 5427 2979 5486 clamore
2997 5442 3050 5487 et
3074 5435 3308 5503 nlulatn,
3343 5458 3458 5508 quo
3513 5484 3515 5486 -

1955 1950 2133 2002 σαμεν
2162 1934 2325 1988 πάλιν
2374 1938 2526 1993 αὐτό.
2563 1938 2754 2007 Ἡμεῖς
2777 1941 2957 1994 πᾶσαν
2980 1941 3078 2011 τὴν
3104 1942 3292 2006 ἐλπίδα
3319 1945 3400 2006 είς
3425 1944 3524 2011 τὴν
3633 1947 3640 1950 ’

1877 5512 2083 5559 metum
2109 5509 2271 5562 nobis
2305 5511 2560 5581 injiciant
2596 5532 2613 5571 :
2661 5533 2806 5588 quas
2824 5536 3014 5577 eorum
3069 5543 3242 5596 nugas
3281 5533 3458 5597 probe

1870 5787 1930 5830 ut
1974 5793 2136 5833 arena
2176 5784 2364 5847 maris,
2416 5787 2724 5855 innumera,
2779 5794 2830 5847 in
2869 5811 2969 5851 nos
3025 5800 3390 5866 conjicicntur
3422 5819 3444 5855 :

2047 5832 2121 5833 ,,,,
2177 5832 2364 5847 --η----ν
2416 5832 2724 5855 -.........ν...,
2779 5832 2830 5847 ιιι
2869 5832 2969 5851 uua
3025 5832 3377 5866 \IIHJ'LICI‘IIUI
3422 5832 3444 5855 δ

188 5833 308 5881 tate
349 5832 648 5897 privamur.
688 5839 1578 5935 Tertioimperium_ol_imillustre,
1619 5879 1759 5916 nunc
1867 5870 2066 5931 quibus
2097 5883 2276 5930 tamen
2303 5877 2440 5934 nihil
2495 5895 2594 5937 nos
2623 5883 2814 5940 laesum
2879 5888 2942 5941 iri
2973 5889 3207 5957 ronfulo,
3263 5907 3449 5962 qiunn—
