3976 6612
524 393 631 457 875

1750 386 2073 448 GEORGII
2112 386 2541 448 ΡΙῘΠΛΝΤΖΕ
2608 338 2619 361 '

3646 381 3729 448 Βῖὸ

528 510 606 569 είς
651 505 784 561 Θεόν
834 495 1102 557 τοῦεῖναι
1148 470 1411 569 ἡμετέρα.
1446 497 1669 562 Λοιπὸν,
1702 500 1940 567 ἀδελφοὶ,
1978 497 2097 568 χαί-
2126 506 2169 555 Α
2199 499 2532 568 φρονήσεως.
2569 497 2633 552 Oi
2687 496 2743 550 δὲ
2776 496 3029 565 Τοῦρκοι,
3092 493 3309 554 ἰδόντες
3368 493 3464 564 τὴν
3509 496 3732 566 τοσαύτην

534 613 681 666 ρετε,
713 595 796 648 ὅτι
845 596 873 647 6
925 592 1221 660 πολύτιμος
1272 589 1539 657 στέφανος
1584 590 1713 656 ὑμῖν
1749 589 1946 651 ἔσεται,
1979 590 2099 659 οὐχὶ

2203 588 2466 656 σύγχυσιν
2500 588 2609 642 τῶν
2641 590 2951 659 ἡμετέρων,
2999 588 3210 656 θάρσος
3244 585 3461 638 ἔλαϐον.
3493 586 3734 651 Ἐκείκσὶ

534 689 695 757 μόνον
727 685 965 754 φθαρτὸς
994 683 1086 737 καὶ
1117 682 1329 751 γήϊνος,
1361 680 1500 735 ἀλλὰ
1522 673 1616 733 οἷαὶ
1649 681 1993 749 ἐπουράνιος.
2043 678 2102 731 't)
2202 680 2231 728 6
2265 679 2435 744 Σογάν
2467 681 2710 747 μπασιᾶς
2740 678 2935 747 παρὼν
2969 681 3077 741 τοῖς
3127 677 3519 743 ίαννιτζαρίοις
3545 682 3626 730 καὶ
3648 683 3734 741 τοῖς

528 780 659 841 eis)»;
690 780 719 830 6
756 778 897 846 ὑπὲρ
933 775 1090 846 ήμῶν
1122 776 1373 843 πολεμεῖ,
1413 774 1588 843 δειλίᾳ
1619 773 1843 842 κατέχει
1873 772 1933 823 τὸ
1966 771 2105 840 πλῆ-

533 871 623 933 θος
656 870 765 923 τῶν
798 869 1029 922 ἀσεϐῶν.
1077 888 1096 921 ι

614 962 725 1016 Καὶ
772 962 946 1014 ταῦτα
995 959 1089 1013 τοῦ
1149 957 1419 1029 βασιλέως
1476 940 1750 1024 λέγοντος,
1791 953 2043 1025 Ἰωάννης
2078 957 2105 1007 6

550 1055 930 1115 Ἰουστινιανὸς
978 1055 1005 1105 ό
1037 1053 1132 1105 καὶ
1183 1050 1491 1120 στρατηγὸς
1534 1050 1745 1117 ἐπλήγη
1771 1048 1924 1112 τόξου
1961 1047 2102 1116 βέλει

538 1151 596 1200 ἐν
647 1149 758 1209 τοῖς
807 1146 1053 1198 σκέλεσιν
1101 1143 1192 1197 ἐπὶ
1231 1143 1321 1197 τὸν
1372 1142 1546 1205 δεξιὸν
1594 1141 1751 1194 πόδα.
1786 1141 1956 1201 Αὐτὸς
1989 1140 2046 1191 δὲ
2078 1141 2106 1192 6

537 1237 793 1291 τοσοῦτον
846 1235 1106 1303 ἔμπειρος
1158 1234 1233 1286 ὢν
1288 1232 1550 1298 πολέμου,
1581 1232 1656 1293 ὡς
1712 1227 1819 1284 εἶδε
1865 1230 1927 1282 τὸ
1971 1224 2109 1297 αἷμα

539 1331 685 1397 ῥέειν
716 1330 781 1380 ἐκ
803 1328 897 1380 τοῦ
932 1327 1183 1395 σώματος
1216 1323 1408 1389 αὐτοῦ,
1432 1326 1554 1385 ὅλος
1589 1321 1886 1392 ήλλοιώθη.
1920 1323 2014 1375 καὶ
2040 1321 2108 1392 ἢν

537 1419 848 1489 προέδειξεν
906 1402 1130 1486 ἀνδρίαῦ
1164 1419 1227 1469 ἐκ
1261 1416 1356 1469 τοῦ
1402 1416 1568 1481 φόϐου
1616 1415 1804 1484 ἔχασε,
1841 1415 1937 1467 καὶ
1967 1413 2111 1467 ἀνω-

538 1513 716 1581 φελῶς
754 1514 888 1581 μετά
921 1511 1092 1564 ταῦτα
1119 1510 1341 1579 ἔπραξε.
1375 1508 1471 1572 ’ος
1495 1506 1846 1578 ἀνεχώρησεν
1875 1506 1996 1559 ὅθεν
2019 1502 2107 1577 ἦν.

538 1605 704 1677 284
733 1604 888 1657 Μετά
940 1603 1152 1669 σιωπῆς
1204 1601 1460 1669 διήρχετο
1512 1600 1693 1664 ζητῶν
1751 1601 1992 1668 ἰατροὺς,
2036 1601 2110 1668 μὴ

545 1692 900 1763 μνημονεύων
932 1694 1029 1757 τῆς
1059 1690 1444 1757 γενναιότητος
1479 1691 1573 1741 καὶ
1606 1688 2014 1756 ἐπιδεξιότητος
2041 1689 2110 1757 ἢν

2206 771 2411 839 ἑτέροις
2437 771 2739 840 διαλεχθεὶς
2766 772 3062 839 ἐπήγειρεν
3094 769 3291 822 αὐτῶν
3331 769 3399 821 τά
3439 772 3734 837 φρονήματα.

2207 863 2317 913 Καί
2374 879 2456 925 τις
2516 861 2852 930 ίαννίτζαρις
2906 861 3155 930 τοῦνομα
3226 861 3489 925 Χασάνης
3544 860 3620 925 (ὲκ
3666 862 3736 913 το]

2209 956 2511 1010 Δουπαδίου
2559 958 2588 1008 6
2642 957 2985 1025 γιγαντώδης
3042 954 3287 1025 ὥρμητο
3354 953 3581 1023 λένδρος)
3629 955 3736 1021 ὑπὲρ

2209 1049 2452 1115 κεφαλῆς
2484 1051 2552 1118 τῇ
2586 1049 2854 1119 ἀριστερᾷ
2877 1048 3021 1117 χειρὶ
3054 1048 3151 1100 τὸν
3182 1046 3386 1115 θυρεὸν
3422 1036 3605 1113 βαλὼν,
3626 1049 3678 1112 τῇ
3698 1046 3739 1096 δέ

2209 1140 2357 1209 δεξιᾷ
2382 1142 2442 1193 τὸ
2468 1140 2621 1211 ξίφος
2648 1143 3053 1211 ἀσπασάμενος,
3082 1142 3181 1194 ἐπὶ
3222 1142 3289 1194 τδ
3321 1140 3515 1209 τεῖχος,
3537 1132 3591 1191 οὗ
3612 1139 3739 1192 ἐθεῶ-

2214 1254 2297 1304 ρει
2357 1236 2453 1303 τὴν
2503 1235 2789 1306 σύγχυσιν,
2849 1236 3151 1306 ἐχώρησεν.
3223 1231 3394 1303 285
3448 1232 3658 1284 Ἔποντο
3700 1233 3738 1284 δὲ

2210 1325 2358 1394 αὐτῷ
2385 1327 2479 1378 καὶ
2517 1327 2694 1393 ἕτεροι
2738 1327 2874 1379 ὡσεὶ
2909 1329 3238 1395 τριάκοντα,
3273 1324 3376 1391 τὴν
3428 1322 3632 1392 ἀνδρίαν
3670 1321 3739 1390 ζη-

2209 1414 2503 1481 λώσαντες.
2536 1420 2599 1470 Οί
2653 1417 2710 1470 δὲ
2761 1418 3240 1486 ὲναπομείναντες
3300 1415 3554 1484 ἡμέτεροι
3599 1415 3648 1465 ἓν
3682 1413 3739 1482 τῷ

2211 1510 2381 1577 τείχει
2410 1508 2804 1577 κατηκόντιζον
2829 1510 3028 1571 αὐτοὺς
3060 1510 3158 1561 καὶ
3196 1507 3421 1577 βέλεσιν
3450 1504 3651 1559 ἔϐαλλον
3676 1508 3742 1558 καὶ

2214 1597 2396 1662 λίθους
2435 1599 2845 1667 ὑπερμεγέθεις
2876 1599 3093 1653 ὲκύλιον
3124 1599 3259 1651 κατ’
3290 1597 3472 1652 αὐτῶν
3493 1613 3507 1627 ο
3538 1597 3650 1650 δέκα
3673 1599 3741 1649 καὶ

2215 1689 2359 1742 ὀκτὼ
2410 1690 2469 1753 ἐξ
2512 1691 2692 1742 αὐτῶν
2725 1692 3177 1759 ἀπεκρήμνισαν.
3231 1689 3294 1743 '0
3344 1690 3402 1743 δὲ
3448 1687 3740 1757 Χασάνηςοῦ

544 1783 781 1853 ἀρχῆθεν
833 1781 1022 1845 ἔδειξε.
1057 1781 1169 1832 Καὶ
1205 1780 1304 1832 οὐκ
1358 1776 1480 1831 εἷπε
1515 1781 1627 1840 τοῖς
1677 1778 1927 1830 συνοῦσιν
1961 1779 2110 1847 αὐτῷ
2144 1829 2184 1853 η
2218 1780 2483 1851 πρότερον
2515 1782 2718 1850 ἐπέσχε
2771 1784 2873 1850 τὴν
2899 1781 3076 1851 ὁρμὴν
3101 1782 3137 1851 ἢ
3172 1782 3429 1833 ἀνελθεῖν
3463 1783 3517 1832 ὲν
3545 1781 3636 1840 τοῖς
3660 1780 3739 1830 τείν

544 1878 718 1939 οὐδὲν,
747 1875 869 1928 οὔτε
907 1875 1020 1927 ἀντ’
1056 1873 1224 1926 αὐτοῦ
1268 1872 1420 1924 εἶασέ
1452 1888 1576 1923 τινα
1610 1870 1819 1939 ἕτερον,
1854 1871 1940 1922 ἵνα
1972 1869 2047 1940 μὴ
2077 1872 2109 1939 ή

545 1970 796 2037 γεγονυῖα
829 1966 1093 2034 σύγχυσις
1123 1964 1350 2032 γένηται
1396 1962 1491 2014 καὶ
1521 1960 1789 2013 ἀπώλεια.
1834 1962 2112 2029 Στραφέν-

542 2079 633 2125 τες
664 2059 719 2112 δὲ
749 2060 797 2112 οί
827 2055 1156 2124 στρατιῶται
1187 2054 1280 2106 καὶ
1317 2052 1391 2119 μὴ
1425 2052 1625 2113 ἰδόντες
1649 2051 1743 2101 τὸν
1776 2051 2109 2117 στρατηγὸν,

547 2154 634 2206 διά
668 2151 761 2204 τοῦ
801 2149 1057 2219 ῥηθέντος
1087 2146 1245 2212 λόγου
1283 2145 1366 2195 ὅτι
1401 2142 1605 2209 ἔφυγεν
1633 2143 1713 2203 είς
1744 2142 1992 2210 ταραχὴν
2022 2143 2114 2193 καὶ

549 2244 752 2298 δειλίαν
805 2239 1050 2309 μεγάλην
1098 2236 1378 2289 ἐνέπεσον.
1440 2233 1497 2287 'U
1546 2230 1640 2287 οὖν
1687 2234 1944 2303 βασιλεὺς
1976 2233 2117 2286 κατά

552 2330 853 2400 συγκυρίαν
902 2328 1065 2382 πάλιν
1110 2327 1290 2378 ὲκεῖσε
1344 2324 1587 2393 εὑρεθεὶς
1641 2324 1741 2393 ὁρᾷ
1790 2325 1917 2388 τοὺς
1955 2340 2118 2393 στρα-
2171 2320 2177 2325 ’

547 2426 751 2487 τιώτας
786 2418 1230 2491 συγκεχυμένους
1264 2421 1360 2472 καὶ
1395 2416 1633 2486 μεστοὺς
1664 2416 1834 2486 φόϐου
1881 2419 1956 2480 ὠς
1983 2418 2117 2486 πρό-

550 2514 688 2567 ϐατα
712 2512 1036 2578 διωκόμενα,
1066 2508 1160 2561 καὶ
1192 2505 1381 2576 μαθὼν
1412 2507 1473 2557 τὸ
1501 2504 1677 2557 αἴτιον
1709 2508 1804 2558 καὶ
1830 2507 1921 2557 τὸν
1954 2523 2119 2575 στρα-

550 2605 717 2671 τηγὸν
755 2599 920 2655 αὐτοῦ
974 2598 1359 2653 ἰουστινιανὸν
1407 2597 1532 2649 ίδὼν
1589 2596 1865 2665 φεύγοντα
1896 2599 2119 2665 ἐγγίσας

554 2696 704 2765 αὐτῷ
728 2694 877 2761 λέγει
905 2707 919 2724 ·
960 2710 978 2743 ι
1015 2690 1265 2759 ’Δδελφὲ,
1299 2689 1353 2741 τί
1384 2688 1542 2741 τοῦτο
1569 2691 1923 2760 πεποίηκαςς
1957 2690 2122 2760 Στρέ-

557 2788 660 2854 ψον
690 2788 746 2840 ὲν
775 2786 850 2854 τῷ
879 2783 1293 2851 διατεταγμένῳ
1326 2798 1421 2833 σου
1447 2782 1616 2848 τόπῳ.
1663 2780 1729 2834 Ἥ
1764 2783 1949 2852 πληγὴ
1979 2778 2118 2851 αὕτη

558 2881 738 2947 ὀλίγον
764 2877 814 2930 τί
847 2879 980 2930 ἐστι.
1002 2874 1264 2945 Στρέψον,
1283 2875 1365 2926 ὅτι
1387 2873 1454 2926 τά
1484 2872 1580 2925 νῦν
1606 2874 1639 2940 ή
1670 2874 1873 2926 πλείων
1908 2875 2119 2943 ἀνάγκη

560 2968 727 3021 ἐστίν.
769 2967 834 3021 Ἦ
870 2965 1025 3028 πόλις
1073 2966 1156 3026 εἰς
1201 2963 1393 3032 χεῖράς
1442 2979 1538 3016 σου
1586 2960 1878 3033 κρέμεται,
1910 2963 1999 3016 ἵνα
2030 2963 2124 3015 λυ-

558 3056 772 3129 τρώσῃς
818 3056 1008 3123 αὐτήν.
1043 3071 1062 3105 ι
1110 3052 1285 3106 Πολλὰ
1314 3051 1371 3103 δὲ
1417 3051 1667 3112 είπόντος
1717 3050 1811 3104 τοῦ
1860 3052 2123 3119 βασιλέως

2216 1888 2334 1938 χεσι
2384 1873 2479 1924 καὶ
2515 1872 2823 1941 τρέψασθαι
2865 1874 2994 1936 τοὺς
3041 1873 3386 1941 ἡμετέρους.
3429 1871 3606 1923 Ἠνίκα
3646 1869 3741 1935 γοῦν

2215 1962 2485 2032 ἐκράτησε
2521 1964 2617 2031 τῆς
2647 1965 3071 2032 ἐπιχειρήσεως,
3109 1966 3213 2017 καὶ
3244 1964 3430 2033 ἕτεροι
3463 1962 3626 2014 πολλοὶ
3650 1963 3741 2013 ἁκο-

2215 2052 2573 2121 λουθήσαντες
2634 2055 2939 2123 ἀνήρχονιο
2987 2058 3066 2119 είς
3127 2057 3192 2108 τὸ
3262 2058 3465 2123 τεῖχος.
3510 2055 3610 2106 Καὶ
3644 2053 3738 2113 τοὺς

2216 2142 2604 2206 ἀναϐαίνοντας
2631 2144 2731 2197 οὐκ
2764 2144 3009 2212 ἔφθασαν
3036 2146 3283 2201 κωλύειν
3330 2147 3381 2199 oi
3412 2146 3646 2215 ἡμέτεροι
3672 2144 3735 2194 δή

2214 2234 2313 2303 τὴν
2362 2235 2653 2305 ὀλιγότητα
2680 2252 2693 2268 ο
2728 2238 2779 2289 οἱ
2828 2238 2882 2290 δὲ
2938 2239 3197 2306 πολέμιοι
3238 2239 3450 2309 πλῆθος
3477 2233 3622 2310 ἦσαν.
3646 2239 3737 2299 Τοῖς

2215 2325 2272 2378 δὲ
2328 2326 2563 2379 ἀναϐᾶσι
2617 2326 3027 2395 συμπλέκοντες
3081 2330 3387 2401 ἐμάχοντο,
3428 2334 3517 2385 καὶ
3563 2327 3620 2401 ἣν
3663 2335 3734 2385 οὐκ

2217 2415 2395 2481 ὀλίγος
2440 2415 2621 2467 αὐτῶν
2673 2418 2700 2468 6
2750 2418 2931 2485 φόνος.
2971 2420 3079 2474 Καὶ
3106 2423 3133 2472 6
3170 2421 3439 2489 Χασάνης
3491 2422 3736 2491 μαχόμενος

2220 2505 2616 2575 προσπαισθεὶς
2639 2506 2817 2578 πέτρᾳ
2838 2511 2947 2561 τινὶ
2969 2510 3307 2566 κατέπεσεν.
3339 2512 3733 2582 Ἐπιστραφέντες

2218 2598 2274 2649 δὲ
2302 2597 2354 2649 οἱ
2382 2598 2648 2667 ἡμέτεροι
2699 2601 2792 2652 καὶ
2830 2599 3032 2663 ίδόντες
3075 2603 3252 2656 αὐτὸν
3288 2604 3534 2673 κείμενον
3557 2604 3734 2670 πέτραις

2220 2687 2443 2740 ἔϐαλλον
2481 2688 2748 2765 πάντοθεν
2774 2705 2788 2721 ο
2849 2692 2877 2744 ὀ
2903 2691 2964 2745 δὲ
3021 2693 3102 2758 εις
3159 2696 3298 2764 γόνυ
3329 2694 3599 2757 διαναστάς
3628 2693 3732 2763 iuri--

2222 2796 2362 2840 νετο,
2392 2780 2497 2832 ὑπὸ
2523 2781 2579 2834 δὲ
2613 2781 2707 2834 to")
2764 2782 3005 2852 πλήθους
3043 2784 3157 2838 τῶν
3191 2788 3521 2857 τραυμάτων
3549 2784 3730 2854 παρείθη

2221 2870 2318 2936 τὴν
2343 2868 2525 2933 δεξιὰν
2557 2874 2652 2924 καὶ
2697 2873 3024 2942 κατεχώσθη
3068 2877 3191 2940 τοῖς
3228 2877 3431 2947 βέλεσι.
3469 2877 3567 2931 Καὶ
3594 2876 3727 2943 ἕτεροι

2224 2960 2411 3014 πολλοὶ
2462 2961 2892 3033 ἀπεκτάνθησαν
2945 2965 3040 3018 καὶ
3086 2967 3417 3036 ἐπλήγησαν
3461 2967 3545 3019 καὶ
3588 2966 3728 3017 rem

2223 3050 2331 3102 τῶν
2360 3053 2695 3121 τραυμάτων
2725 3054 2863 3120 πρὸς
2901 3056 2962 3108 τὸ
2988 3059 3364 3125 στρατόπεδον
3398 3056 3725 3128 ἐκομίσθησαν.

556 3148 705 3216 αὐτῷ
735 3147 887 3199 οὐδὲν
918 3143 1273 3214 ἀπεκρίνατο,
1304 3140 1421 3196 ἀλλ’
1448 3144 1506 3195 ὲν
1533 3143 1608 3212 τῷ
1633 3143 1848 3213 Γαλατᾷ
1872 3145 2121 3213 περάσας
2148 3158 2190 3215 ο
2224 3138 2355 3193 Εἶτα
2406 3144 2662 3197 τοσοῦτον
2717 3145 2924 3200 ἀναὸὶιν
2978 3147 3039 3200 τὸ
3087 3148 3303 3219 πλῆθος
3343 3149 3452 3204 τῶν
3516 3148 3729 3216 πολεμίων

558 3238 799 3308 αἰσχρῶς
860 3239 977 3290 ἐκεῖ
1029 3234 1262 3305 τελευτᾷ
1313 3236 1377 3287 ὲκ
1428 3234 1529 3302 τῆς
1570 3233 1794 3303 πικρίας
1841 3237 1937 3290 καὶ
1968 3252 2123 3305 περι-

560 3424 637 3476 Ac
665 3419 914 3489 gaudete,
950 3416 1172 3481 fratres,
1203 3415 1465 3486 quoniam
1493 3426 1694 3469 corona
1726 3414 2124 3484 pretiosissima

560 3512 715 3565 vobis
744 3509 980 3578 reposita
1008 3516 1114 3569 est,
1142 3522 1250 3561 non
1284 3506 1430 3562 ﬂuxa
1458 3516 1512 3562 et
1544 3512 1760 3563 terrena
1794 3508 1996 3573 solum,
2029 3507 2131 3563 sed

560 3603 725 3654 etiam
760 3599 1024 3654 cmlestis.
1076 3596 1182 3662 Qui
1222 3610 1320 3664 pro
1361 3596 1519 3653 nobis
1557 3606 1762 3670 pugnat
1811 3596 1977 3664 Deus,
2025 3599 2128 3652 im-

563 3697 782 3765 piorum
817 3692 1002 3772 copias
1036 3689 1329 3745 formidine
1359 3689 1600 3745 cohibet.
1627 3708 1645 3741 ι

631 3783 752 3837 llaec
799 3780 1012 3835 dicente
1060 3779 1417 3848 imperatore,
1473 3777 1712 3835 Joannes
1781 3776 2128 3834 Justinianus

560 3874 669 3926 dux
701 3873 899 3942 sagitta
925 3870 1252 3924 vulneratus
1281 3876 1368 3924 est
1401 3868 1453 3923 in
1486 3868 1715 3924 dextero
1743 3868 1905 3936 pede.
1931 3865 2025 3921 Vir
2048 3867 2128 3923 rei

564 3965 812 4017 militaris
837 3973 944 4016 tam
969 3962 1188 4030 egregie
1213 3962 1444 4026 peritus,
1473 3959 1568 4026 ubi
1602 3959 1924 4026 sanguinem
1953 3973 1985 4013 e
2007 3972 2130 4014 cor-

562 4070 695 4122 pore
738 4051 1101 4120 proﬂuentem
1132 4050 1288 4113 vidit,
1322 4058 1471 4104 totus
1515 4057 1779 4113 mutatus,
1811 4062 1975 4117 quam
2007 4058 2131 4103 ante

564 4144 877 4195 ostenderat
921 4139 1207 4201 virtutem,
1264 4139 1447 4195 statim
1505 4152 1708 4206 pavore
1760 4138 1983 4207 abiecit,
2032 4152 2131 4193 nec

565 4235 865 4304 quidquam
898 4240 1084 4301 postea
1132 4245 1311 4299 opera:
1338 4232 1582 4293 navavit,
1614 4231 1708 4285 sed
1732 4233 1885 4305 loco,
1927 4232 1981 4284 in
2021 4244 2130 4300 quo

564 4332 709 4387 erat,
733 4322 946 4383 relicto,
976 4336 1098 4374 cum
1125 4319 1347 4373 silentio
1378 4320 1656 4384 discessit,
1687 4320 1956 4373 medicum
1984 4335 2131 4390 qure-

568 4427 715 4474 rens,
749 4426 851 4466 nec
882 4425 1092 4464 memor
1118 4409 1460 4462 fortitudinis
1487 4418 1540 4462 et
1571 4410 1935 4473 dexteritatis,
1964 4425 2128 4479 quam

2226 3234 2351 3295 τοὺς
2428 3235 2740 3305 ἡμετέρους
2794 3237 3181 3307 διεσκέδασαν,
3243 3243 3337 3294 καὶ
3393 3241 3599 3309 ἀφέντες
3638 3237 3727 3295 τοὺς

2228 3421 2341 3477 tus,
2384 3427 2621 3470 mmrore
2675 3416 2832 3471 obiit.
2884 3418 3111 3475 Interim
3159 3420 3375 3485 Turcaz,
3423 3417 3723 3473 animadversa

2228 3514 2379 3562 tanta
2404 3511 3176 3577 nostrorumperturbatione,
3205 3518 3525 3581 receperunt
3546 3505 3724 3561 animos:

2230 3601 2399 3662 atque
2424 3592 2605 3663 Sogan
2639 3595 2819 3650 basias
2841 3594 3176 3665 iannitzaros
3204 3600 3449 3667 aliosque
3471 3594 3724 3649 adhortatus

2228 3688 2424 3742 erexit.
2450 3686 2803 3744 Jannitzarus
2829 3690 3075 3760 quidam,
3114 3692 3338 3745 nomine
3358 3689 3632 3745 Chasancs,
3654 3679 3722 3731 Lu-

2229 3778 2392 3841 padio
2424 3779 2718 3844 oriundus,
2766 3781 2972 3854 ingenti
2999 3782 3257 3850 corporis
3294 3773 3646 3847 magnitudine,
3675 3769 3724 3820 si-

2231 3869 2402 3923 nistra
2425 3884 2590 3924 manu
2613 3885 2776 3940 supra
2801 3880 2967 3941 caput
2989 3884 3207 3928 scutum
3236 3870 3565 3944 protendens,
3583 3864 3722 3918 dextra

2232 3960 2472 4031 gladium
2498 3963 2800 4030 stringens,
2825 3964 2892 4017 ad
2922 3979 3165 4029 murum,
3188 3980 3297 4034 qua
3315 3963 3543 4019 turbatos
3562 3964 3724 4009 nostra!

2231 4051 2390 4117 vidit,
2458 4055 2755 4122 processit,
2811 4054 3037 4109 circiter
3066 4055 3286 4125 triginta
3338 4051 3537 4108 virtutis
3563 4042 3723 4102 astulis

2233 4142 2614 4211 sequentibus.
2650 4143 2832 4198 Nostri
2882 4156 3212 4200 manserunt
3269 4147 3323 4200 in
3370 4155 3531 4202 muro,
3570 4144 3723 4198 οοεααθ

2231 4232 2430 4301 iaculis
2461 4243 2516 4289 et
2546 4235 2846 4304 grandibus
2865 4238 3017 4291 saxis
3048 4245 3382 4306 exceperunt
3409 4241 3555 4300 atque
3580 4227 3717 4280 decem

2235 4332 2288 4375 et
2324 4331 2447 4377 octo
2504 4324 2881 4379 detnrbarunt.
2917 4325 3115 4380 Verum
3167 4328 3444 4383 Chasanes
3485 4333 3577 4374 non
3612 4325 3720 4381 Ρτ¹¹¹⁸

2237 4413 2447 4467 remisit
2500 4414 2785 4482 impetum,
2833 4431 3020 4479 quam,
3070 4433 3302 4473 escenso
3354 4426 3518 4473 muro,
3559 4413 3719 4461 nostros

567 4516 598 4555 a
632 4500 903 4569 principio
938 4501 1268 4567 praestiterat
1304 4514 1318 4552 :
1356 4513 1455 4551 nec
1490 4513 1618 4552 vero
1659 4499 1727 4552 iis
1757 4503 1847 4567 qui
1880 4500 2126 4561 aderant.
2165 4500 2207 4554 ί)
2238 4502 2466 4571 fugaret.
2522 4504 2820 4573 Postquam
2871 4508 3037 4577 igitur
3078 4523 3212 4564 auso
3259 4510 3455 4579 potitus
3487 4510 3575 4562 est,
3599 4496 3718 4550 etiam

570 4592 737 4642 ullum
770 4590 992 4643 verbum
1026 4587 1179 4651 fecit,
1206 4597 1298 4641 aut
1336 4586 1422 4642 sui
1461 4587 1723 4641 vicarium
1758 4590 1995 4658 reliquit,
2025 4606 2133 4658 quo

571 4680 943 4747 impediretur,
970 4693 1094 4749 qua:
1120 4689 1307 4732 secuta
1336 4686 1442 4739 est.
1474 4677 1727 4731 confusio
1763 4687 1818 4732 et
1840 4680 2131 4747 pernicies.

565 4771 831 4827 Conversi
883 4771 1027 4825 enim
1085 4770 1309 4835 milites,
1367 4784 1490 4823 cum
1526 4768 1719 4821 ducem
1773 4785 1880 4822 non
1918 4771 2133 4837 conspi-

566 4865 738 4927 ciunt,
774 4864 866 4917 sed
921 4863 1127 4932 fugisse
1165 4862 1420 4926 audiunt,
1476 4861 1529 4914 in
1581 4862 2044 4930 perturbationem
2080 4872 2134 4915 et

571 4968 770 5008 metum
806 4955 1078 5020 ingentem
1128 4953 1460 5006 inciderunt.
1497 4951 1707 5004 Rursus
1754 4951 1895 5006 forte
1947 4953 2135 5007 aderat

572 5046 912 5113 imperatur:
959 5043 1054 5111 qui
1083 5042 1173 5096 ubi
1226 5042 1432 5097 milites
1470 5044 1819 5110 perturbatos
1847 5051 1900 5096 et
1943 5043 2132 5110 plenos

568 5138 781 5196 timore,
835 5135 978 5188 velut
1012 5147 1141 5187 oves
1172 5132 1362 5187 bestiis
1411 5134 1671 5202 agitatas,
1710 5133 1864 5196 vidit,
1912 5146 2129 5186 causam

569 5225 795 5275 edotcns
840 5230 894 5272 et
919 5218 1295 5273 Justiniannm
1344 5219 1635 5289 profugum
1669 5220 2130 5285 animadvertens,

570 5312 649 5362 sic
673 5325 795 5362 eum
824 5309 1139 5377 aggreditur
1175 5326 1189 5362 :
1231 5328 1249 5360 ι
1284 5308 1354 5362 Mi
1389 5309 1579 5372 frater,
1610 5310 1809 5379 inquit,
1833 5310 1963 5379 quid
1991 5310 2130 5364 istud

572 5401 731 5468 agis?
758 5399 888 5452 Redi
924 5398 976 5452 in
1011 5400 1190 5453 locum
1221 5407 1377 5453 tuum
1416 5414 1430 5453 :
1461 5402 1619 5470 plaga
1646 5401 1749 5456 ista
1775 5401 1982 5461 modica
2015 5411 2128 5465 est;

573 5491 712 5553 redi,
750 5490 948 5543 atnabo
985 5498 1037 5542 te
1066 5507 1079 5553 ;
1110 5492 1327 5558 gravior
1353 5492 1496 5545 enim
1533 5506 1678 5546 nunc
1705 5492 2004 5546 necessitas
2037 5508 2131 5545 ur-

569 5591 680 5651 get.
718 5578 855 5633 Urbs
886 5580 938 5632 in
972 5580 1227 5635 manibus
1258 5584 1368 5636 tuis
1399 5589 1505 5642 est,
1537 5597 1566 5634 a
1594 5591 1646 5635 te
1675 5582 1942 5636 servanda
1973 5591 2075 5636 est.
2106 5600 2126 5634 ι

570 5670 688 5723 Alia
716 5670 867 5737 plura
899 5670 1141 5725 monenti
1180 5671 1494 5739 imperatori
1534 5672 1665 5725 nihil
1706 5673 2012 5739 respondit,
2037 5673 2127 5725 sed

569 5762 810 5816 Galatam
836 5761 1116 5829 trajectus,
1139 5760 1334 5815 ibidem
1364 5763 1417 5815 in
1442 5765 1896 5831 contemptionem
1926 5764 2128 5816 adduc-

2237 4593 2388 4645 multi
2422 4594 2533 4657 alii,
2561 4610 2688 4648 eum
2726 4598 2924 4658 secuti,
2962 4597 3017 4651 in
3053 4613 3267 4652 murum
3302 4594 3593 4651 evadebant.
3621 4594 3729 4648 quos

2236 4680 2408 4734 nostri
2438 4692 2662 4749 propter
2690 4684 3030 4752 paucitatem
3073 4686 3360 4753 prohibere
3388 4696 3489 4737 non
3514 4676 3718 4746 poterant.

2235 4784 2358 4824 cum
2396 4771 2631 4823 hostium
2664 4787 2895 4841 magnus
2926 4790 3191 4829 numerus
3222 4784 3386 4831 esset.
3425 4766 3637 4823 Prtelium
3663 4767 3717 4809 ιθο

2237 4876 2358 4913 men
2392 4876 2514 4913 cum
2550 4861 2748 4929 iis,qui
2782 4865 3556 4929 ascendercnt,commiserunt
3576 4860 3714 4906 etnon

2236 4951 2487 5019 exiguam
2523 4954 2575 5005 in
2620 4968 2717 5007 eos
2757 4954 3045 5009 ediderunt
3092 4958 3313 5011 caedem.
3344 4956 3454 5023 Ipse
3477 4949 3709 5004 Cliasancs.

2236 5039 2376 5092 inter
2405 5042 2752 5107 pugnandum
2801 5057 2936 5097 saxo
2964 5044 3224 5108 offensus,
3268 5027 3551 5115 procubuit.
3580 5032 3706 5093 0W“

2234 5144 2358 5183 cum
2385 5134 2633 5184 conversi
2670 5133 2841 5186 nostri
2868 5133 3138 5199 jacentem
3187 5139 3383 5199 vident,
3436 5124 3609 5196 lapides
3632 5128 3704 5168 υη·

2234 5221 2400 5289 dique
2433 5221 2486 5274 in
2523 5237 2645 5275 enm
2676 5223 2999 5291 conjiciunt.
3038 5226 3132 5279 ille
3164 5227 3217 5280 in
3248 5217 3414 5297 genua
3448 5217 3705 5274 enisu5.P"'

2233 5313 2455 5381 gnabat,
2509 5313 2600 5365 sed
2638 5329 2761 5366 mox
2816 5316 3094 5383 plagarum
3142 5315 3473 5371 multitudine
3512 5297 3700 5359 manibus

2233 5402 2477 5469 elanguit
2524 5410 2578 5456 et
2623 5403 2747 5456 telis
2788 5404 3018 5460 obrutus
3068 5416 3169 5461 est.
3206 5406 3351 5462 Multi
3392 5403 3504 5457 item
3533 5388 3604 5445 alii
3633 5386 3701 5435 aut

2234 5493 2429 5556 occisi,
2481 5501 2574 5546 aut
2623 5494 2895 5548 vulnerati
2939 5506 2994 5549 et
3043 5507 3265 5567 propter
3292 5498 3458 5567 plagas
3488 5488 3531 5539 in
3569 5482 3697 5533 casm|

2234 5583 2502 5647 asportati
2536 5593 2684 5637 sunt.
2735 5582 2975 5639 Tandem
3030 5590 3212 5641 hostes
3257 5577 3543 5642 catervatim
3585 5571 3695 5658 “illi”

2232 5672 2408 5739 potiti,
2446 5681 2664 5726 nostros
2701 5673 3055 5741 dissiparant,
3102 5678 3216 5745 qui,
3252 5672 3441 5731 relictis
3477 5655 3694 5719 exteriori-

2234 5766 2334 5817 bus
2372 5763 2663 5825 muznibus,
2710 5778 2803 5830 per
2836 5777 3048 5834 portam
3090 5768 3151 5820 ir.
3189 5770 3369 5823 urbcnt
3405 5749 3690 5817 irruml’e'w
