3976 6578
293 392 403 459 877

1344 391 1784 454 CHRONICON
1827 392 1969 453 MAI
1981 392 2098 456 US.
2134 417 2203 428 -
2240 391 2391 455 LIB.
2436 394 2550 455 III-

3438 393 3545 456 878

294 510 503 578 ἔξωθεν
531 506 741 576 τείχους
771 506 975 560 ἔσωθεν
1001 504 1091 560 διὰ
1119 505 1218 575 τῆς
1248 505 1423 577 πύλης
1452 506 1667 561 ἔϐαινον
1694 524 1870 562 κατα⁴
1899 510 1944 564 Α
1972 504 2172 575 τιώτην
2201 505 2469 574 γενναίως
2494 507 2609 569 τοῖς
2634 503 2915 573 πολεμίοις
2949 504 3112 575 287
3138 504 3542 573 ἔσυμπλέκετο·

293 602 584 665 πατῶντες
635 593 716 663 εἷς
765 600 856 652 τὸν
902 599 1108 669 ἕτερον.
1142 598 1331 652 Ταῦτα
1374 599 1430 652 δὲ
1476 598 1651 661 οὕτως
1681 600 1871 669 ἔχοντα

294 693 397 746 καὶ
431 694 584 761 φωνή
627 707 710 752 τις
744 690 944 762 ὲρῤέθη
972 690 1177 744 ἔσωθεν
1199 692 1296 745 καὶ
1323 691 1524 758 ἔξωθεν
1554 692 1649 745 καὶ
1681 692 1748 745 ὲκ
1776 691 1870 744 τοῦ

296 782 503 850 μέρους
545 778 643 833 τοῦ
693 779 947 848 λιμένος·
987 797 1008 832 t
1053 780 1225 836 Ἑάλω
1266 782 1330 834 τὸ
1372 780 1651 850 φρούριον,
1685 782 1873 834 καὶτὰ

299 872 612 942 στρατήγια
659 874 755 926 καὶ
794 873 862 926 τὰ
895 875 1106 942 σημαῖαι
1135 872 1346 926 ἄνωθεν
1391 874 1450 925 ἐν
1476 875 1592 936 τοῖς
1639 872 1874 943 πύργοις

299 967 563 1037 ἔστησαν.
602 982 622 1016 t
659 965 770 1018 Καὶ
809 964 842 1032 ἡ
892 963 1046 1034 φωνὴ
1074 964 1202 1027 τοὺς
1241 963 1552 1032 ἡμετέρους
1578 963 1870 1032 ἐτρέψατο,

292 1060 427 1120 τοὺς
455 1057 517 1111 δὲ
561 1056 859 1126 πολεμίους
897 1056 1268 1125 ἀνεθάρῤυνε·
1318 1056 1485 1126 286
1533 1056 1630 1109 atat
1675 1054 1877 1109 ἀλαλά-

296 1151 495 1215 ξαντες
521 1149 705 1215 φωνὰς
738 1148 940 1211 πολλὰς
973 1149 1065 1201 καὶ
1107 1146 1411 1216 προθύμως
1443 1148 1573 1202 ἄνευ
1606 1145 1776 1214 φόϐου
1821 1147 1874 1199 οί

293 1243 505 1304 πάντες
534 1242 625 1295 ἐπὶ
649 1241 717 1294 τὰ
747 1241 902 1309 τείχη
932 1239 1237 1293 ἀνέϐαινον.

392 1330 478 1392 Ὠς
504 1330 598 1384 οὖν
645 1325 787 1386 εἶδεν
816 1333 844 1383 6
873 1331 1164 1400 δυστυχὴς,
1203 1332 1231 1382 6
1269 1330 1525 1399 βασιλεὺς
1553 1331 1647 1385 καὶ
1676 1330 1877 1386 αὐθέν-

295 1438 407 1491 της
435 1438 564 1491 μου,
594 1420 920 1490 δακρυχέων
953 1420 1294 1488 ὲπαρακάλει
1320 1421 1411 1473 τὸν
1441 1421 1594 1483 Θεὸν,
1624 1422 1718 1475 καὶ
1749 1423 1877 1485 τοὺς

301 1512 652 1581 στρατιώτας
711 1511 799 1564 ἵνα
851 1511 1345 1579 μεγαλοψυχήσωσι
1386 1514 1735 1583 προέτρεπεο
1784 1515 1879 1566 καὶ

298 1605 404 1657 οὐκ
428 1598 496 1671 ἧν
523 1594 953 1670 συνδρομῆςκαὶ
982 1602 1232 1671 βοηθείας
1262 1604 1417 1666 ἐλπὶς
1447 1604 1697 1673 οὐδεμία.
1736 1606 1794 1658 Ὀ
1822 1606 1879 1657 δὲ

299 1689 400 1741 τον
430 1689 596 1742 ἵππον
628 1691 894 1757 κεντήσας
928 1689 1154 1758 δραμὼν
1192 1691 1431 1758 ἔφθασεν
1462 1692 1591 1743 ἔνθα
1645 1694 1705 1743 τδ
1741 1694 1880 1762 πλῆο

302 1782 401 1845 θος
436 1784 546 1836 τῶν
597 1783 811 1835 ἀσεϐῶν
861 1784 1085 1851 ἤρχετο,
1118 1783 1210 1835 καὶ
1242 1785 1434 1853 ὥσπερ
1463 1786 1492 1836 6
1520 1786 1762 1854 Σαμψὼν
1788 1789 1881 1839 ἐπὶ

301 1875 436 1936 τοὺς
494 1875 830 1942 ἀλλοφύλους
885 1875 1084 1939 ἐποίει,
1127 1878 1223 1929 καὶ
1275 1877 1407 1938 τοὺς
1445 1878 1663 1941 ἀσεϐεῖς
1710 1881 1766 1931 ὲν
1810 1884 1875 1950 τῇ

302 1967 504 2039 πρώτῃ
536 1966 819 2035 συμπλοκῇ
856 1968 917 2018 ἐκ
949 1966 1055 2018 τῶν
1102 1968 1299 2034 τείχων
1330 1968 1766 2037 ἁπτκρήμνισεν,
1805 1971 1881 2035 ὡς

307 2058 443 2111 ιδεῖν
486 2057 673 2127 θαῦμα
721 2058 869 2121 ξένον
900 2052 1031 2117 τοὺς
1077 2058 1406 2126 ἐντυχόντας
1440 2062 1529 2110 καὶ
1562 2060 1879 2129 βλέποντας.

303 2148 651 2219 Βρυχόμενος
678 2149 752 2210 ὼς
780 2148 919 2200 λέων
961 2148 1058 2199 καὶ
1088 2148 1184 2215 τὴν
1218 2151 1497 2218 ῥομφαίαν
1527 2152 1881 2219 ἐσπασμένην

305 2244 452 2313 ἔχων
484 2247 540 2296 ὲν
565 2245 630 2311 τῇ
656 2242 803 2311 δεξιᾷ
836 2241 1064 2302 πολλοὺς
1093 2241 1202 2294 τῶν
1236 2242 1515 2309 πολεμίων
1546 2244 1829 2310 ἀπέσφαξε
1865 2261 1879 2273 ο

310 2336 408 2386 καὶ
439 2333 497 2385 τὸ
524 2328 662 2400 αἷμα
698 2332 1010 2399 ποταμηδὸν
1045 2333 1108 2384 ὲκ
1137 2333 1248 2384 τῶν
1283 2333 1461 2385 ποδῶν
1492 2336 1588 2385 καὶ
1621 2336 1730 2387 τῶν
1773 2354 1887 2404 χει⁸

315 2424 430 2493 ρῶν
460 2423 625 2476 αὑτοῦ
654 2425 831 2493 ἔρρεε.
858 2424 966 2475 Καὶ
995 2423 1023 2475 6
1054 2423 1402 2493 προρῤηθεὶς
1423 2425 1885 2495 ΔὸνΦραγκίσκος

306 2516 341 2567 6
388 2514 609 2576 Τολέδος
657 2515 793 2583 ὑπὲρ
839 2514 929 2567 τὸν
995 2513 1247 2582 Ἀχιλλέα
1306 2515 1607 2585 ἐποίησεν·
1661 2518 1720 2568 ὲν
1771 2518 1885 2576 τοῖς

308 2602 509 2667 δεξιοῖς
537 2602 633 2656 τοῦ
668 2602 934 2671 βασιλέως
972 2603 1154 2672 ἔτυχε,
1188 2602 1280 2655 καὶ
1316 2601 1391 2665 ὥς
1445 2620 1527 2659 τις
1555 2604 1712 2667 ἀετὸς
1748 2606 1887 2673 μετᾶ

307 2691 525 2761 ὀνύχων
556 2693 651 2746 καὶ
700 2693 969 2761 στόματος
1020 2694 1147 2755 τοὺς
1194 2692 1881 2755 ἐναντίουςεκατέκοπτεν.

325 2783 562 2852 Ὀμοίως
603 2782 698 2836 καὶ
743 2781 1000 2848 Θεόφιλος
1031 2781 1059 2832 6
1088 2780 1481 2848 Παλαιολόγος,
1510 2780 1585 2843 ὡς
1636 2776 1745 2833 εἶδε
1796 2783 1887 2834 τὸν

312 2873 550 2944 βασιλέα
599 2872 912 2943 μαχόμενον
962 2872 1055 2926 καὶ
1099 2872 1199 2941 τὴν
1229 2873 1384 2925 πόλιν
1442 2872 1885 2936 κινδυνεύουσαν,

1975 600 2068 649 καὶ
2113 598 2163 649 oi
2214 597 2533 667 ἐντυχόντες
2584 598 2678 650 καὶ
2714 597 3005 666 βλέποντες
3051 596 3363 666 ἐθαύμαζον
3415 602 3547 668 περὶ⁸

1974 690 2075 754 τῆς
2107 688 2292 757 ίσχύος
2322 689 2419 741 καὶ
2468 689 2853 757 γενναιότητος
2878 688 2990 741 τῶν
3015 686 3256 757 ἀρίστων
3308 689 3546 758 ἀνδρῶν.

1977 779 2089 831 Καὶ
2121 780 2199 842 δὶς
2228 782 2323 833 καὶ
2350 781 2471 849 τρ¹ις
2497 781 2596 850 τῆς
2630 781 2868 849 ἐμϐολῆς
2894 782 2988 834 καὶ
3021 780 3342 851 συρῤήξεὼς
3368 798 3428 833 τε
3456 783 3551 835 καὶ

1978 872 2298 942 συμπλοκῆς
2343 873 2643 942 γενομένης
2693 872 2947 941 μεγάλως
2974 871 3102 935 τοὺς
3152 871 3373 935 ἀσεϐεῖς
3403 874 3556 942 ἐτρέ-

1975 964 2147 1032 ψαντο
2194 964 2291 1016 καὶ
2337 965 2543 1031 πλῆθος
2590 965 2925 1017 ἀπέκτειναν
2961 967 3055 1017 καὶ
3089 963 3314 1033 ἐτέρους
3352 964 3416 1015 ἐκ
3445 965 3555 1017 τῶν

1976 1056 2177 1125 τειχῶν
2236 1057 2676 1127 ἁπεκρήμνιζον,
2707 1057 2803 1109 καὶ
2853 1056 3252 1124 ἀγωνιζόμενοι
3308 1054 3557 1126 σφοδρῶς

1977 1149 2071 1199 καὶ
2104 1148 2544 1217 συμπλεκόμενοι
2580 1148 3026 1219 ἀπεκτάνθησαν,
3055 1149 3154 1201 καὶ
3189 1148 3357 1200 πολὺν
3394 1150 3558 1214 φόνον

1920 1268 1939 1275 —
1978 1237 2058 1299 εἰς
2088 1237 2216 1298 τοὺς
2244 1236 2540 1306 πολεμίους
2565 1237 2673 1307 πρὸ
2700 1237 2791 1291 τοῦ
2822 1239 3119 1291 ἀποθανεῖν
3162 1238 3441 1304 ἐποίησαν,
3467 1236 3561 1289 οὓς

1977 1341 2108 1387 τως.
2136 1326 2244 1397 Kal.
2269 1326 2451 1397 ἕτεροί
2479 1343 2622 1389 τινες
2654 1326 2987 1396 στρατιῶται
3012 1327 3113 1379 οὐκ
3142 1326 3359 1392 ἀγενεῖς
3390 1328 3560 1395 μαχό-

1982 1430 2136 1485 μενοι
2167 1417 2224 1467 ὲν
2276 1416 2355 1484 τῷ
2402 1416 2555 1485 τόπῳ
2586 1415 2782 1484 ἐκείνῳ
2813 1416 2907 1469 καὶ
2940 1417 3095 1468 αὐτοὶ
3130 1416 3562 1482 ἀπεκτάνθησαν

1981 1480 2210 1573 πλθησίον
2259 1508 2360 1574 τῆς
2388 1506 2563 1577 πύλης
2605 1507 2699 1560 τοῦ
2730 1508 2889 1574 ἁγίου
2932 1508 3240 1575 Ῥωμανοῦ,
3277 1509 3414 1560 ὅπου
3462 1507 3562 1577 τὴν

1983 1597 2223 1651 ὲλέϐολιν
2282 1601 2501 1668 ἐκείνην
2554 1599 2971 1652 κατεσκεύασαν
3027 1601 3123 1650 καὶ
3172 1601 3274 1667 τὴν
3320 1599 3564 1667 μεγάλην

1983 1689 2224 1742 έλὲϐολιν
2265 1691 2526 1761 ἔστησαν,
2560 1694 2655 1744 καὶ
2702 1693 2770 1745 τὰ
2811 1692 2966 1762 τείχη
3005 1692 3107 1760 τῆς
3151 1692 3359 1752 πόλεως
3390 1690 3564 1757 χαλά-

1987 1798 2179 1843 σαντες
2210 1784 2417 1835 ὲκείθεν
2448 1786 2504 1836 ἐν
2533 1788 2597 1855 τῇ
2632 1784 2785 1836 πόλει
2823 1784 3045 1853 πρῶτον
3089 1784 3366 1851 είσῆλθον.
3419 1781 3565 1849 Ἐγὼ

1988 1871 2045 1924 δὲ
2070 1874 2135 1941 τῇ
2162 1871 2282 1942 ὥρᾳ
2312 1874 2494 1943 ἐκείνῃ
2522 1875 2618 1943 οὐχ
2646 1876 2879 1945 εύρέθην
2913 1875 3143 1943 πλησίον
3174 1875 3269 1926 τοῦ
3300 1874 3566 1932 αὑἿεντός

1994 1981 2094 2033 μου
2120 1963 2212 2017 τοῦ
2255 1965 2542 2034 βασιλέως,
2572 1967 2707 2019 ἀλλὰ
2754 1969 3051 2037 προστάξει
3089 1968 3298 2019 ἐκείνου
3335 1969 3416 2027 εἰς
3445 1964 3566 2017 ἐπί-

1992 2061 2186 2125 σκεψιν
2212 2056 2371 2126 δῆθεν
2406 2059 2461 2109 ὲν
2494 2058 2641 2127 ἄλλῳ
2672 2060 2829 2126 μέρει
2857 2058 2953 2126 τῆς
2987 2058 3198 2119 πόλεως
3229 2059 3398 2127 ἥμην.

2061 2154 2133 2215 η’.
2162 2147 2481 2201 ’Ἐλθόντων
2512 2148 2567 2200 δὲ
2606 2151 2716 2200 τῶν
2747 2148 3011 2217 Τούρκων
3065 2151 3157 2201 καὶ
3188 2149 3316 2209 τοὺς
3359 2149 3419 2200 ὲν
3458 2150 3571 2201 τοῖς

1992 2239 2193 2291 ἔσωθεν
2238 2238 2446 2307 τείχεσι
2496 2240 2863 2307 Χριστιανοὺς
2896 2239 3037 2308 μετὰ
3081 2239 3446 2292 ἑλεϐολίσκων
3474 2239 3575 2290 καὶ

1996 2329 2169 2398 βελῶν
2242 2330 2336 2382 καὶ
2406 2329 2576 2395 τόξων
2634 2332 2730 2383 καὶ
2802 2330 3021 2399 πετρῶν
3074 2330 3575 2397 ὲναπολειφθὲντας

1993 2419 2241 2484 ἐδίωξαν,
2271 2420 2363 2472 καὶ
2420 2422 2713 2488 ἐγκρατεῖς
2762 2422 2982 2475 πάντων
3012 2423 3287 2489 ἐγένοντο,
3339 2423 3470 2476 ἄνευ
3517 2424 3577 2476 δὲ

1991 2512 2100 2561 τῶν
2136 2510 2365 2578 πύργων
2395 2509 2506 2561 τῶν
2549 2510 2859 2578 λεγομένων
2885 2510 3173 2563 Βασιλείου
3220 2511 3452 2573 Λέοντος
3479 2513 3576 2563 καὶ

2005 2600 2267 2663 Ἀλεξίου,
2297 2602 2354 2653 ἐν
2382 2595 2463 2662 οἷς
2496 2602 2832 2671 ἑστήκεισαν
2858 2604 2904 2655 oi
2939 2602 3135 2656 ναῦται
3169 2605 3365 2656 ἐκεῖνοι
3416 2605 3464 2655 oi
3513 2604 3577 2654 ἐκ

1993 2694 2092 2760 τῆς
2125 2691 2347 2760 Κρήτης
2371 2707 2387 2721 ⁸
2437 2692 2591 2743 αὐτοὶ
2623 2692 2733 2760 γὰρ
2758 2691 3043 2759 σγενναίως
3091 2692 3361 2762 ἐμάχοντο
3404 2692 3576 2766 μέχρι

1996 2784 2092 2839 καὶ
2114 2784 2211 2851 τῆς
2238 2784 2405 2853 ἕκτης
2433 2785 2529 2837 καὶ
2557 2783 2793 2853 ἑϐδόμης
2822 2783 2973 2853 ῶρας
3007 2784 3101 2836 καὶ
3141 2784 3371 2845 πολλοὺς
3403 2784 3581 2854 Τούρ-

1997 2892 2128 2937 κους
2167 2875 2538 2940 ἐθανάτωσαν,
2571 2877 2666 2928 καὶ
2717 2876 2974 2929 τοσοῦτον
3028 2876 3234 2945 πλῆθος
3283 2876 3579 2945 βλέποντες

318 2965 725 3036 μεγαλοφώνως
752 2964 893 3034 μετὰ
923 2962 1208 3032 κλαυθμοῦ
1240 2963 1452 3032 κράξας
1482 2959 1606 3014 εἷπε
1628 2978 1644 2995 ο
1685 2982 1703 3013 ι
1737 2964 1890 3015 Θέλω
1997 2967 2094 3020 καὶ
2123 2967 2220 3036 τὴν
2241 2968 2396 3021 πόλιν
2426 2967 2837 3036 δεδουλωμένην
2865 2966 3033 3036 288
3064 2970 3272 3033 πᾶσαν,
3300 2969 3455 3022 αύτοὶ
3480 2965 3581 3021 οὗκ

316 3062 501 3113 θανεῖν
551 3058 754 3128 μᾶλλον
807 3058 838 3127 ἢ
895 3057 1017 3127 ζῇν,
1054 3074 1072 3108 ι
1119 3056 1215 3109 καὶ
1266 3055 1545 3126 συρρήξας
1591 3055 1785 3109 ἑαυτὸν
1831 3057 1890 3108 ὲν
1998 3055 2193 3124 ἧθελον
2242 3056 2597 3127 δουλωθῆναι,
2629 3056 2767 3109 ἀλλὰ
2804 3056 3008 3123 μᾶλλον
3064 3057 3252 3125 ἔλεγον
3279 3058 3581 3112 ἀποθανεῖν

320 3150 474 3220 μέσῳ
503 3151 639 3220 μετὰ
669 3151 919 3218 κραυγῆς
940 3147 1068 3209 τοὺς
1091 3148 1249 3206 ὅσους
1273 3137 1402 3214 εὗρε
1432 3145 1641 3207 πάντας
1672 3146 1854 3199 διεσκέ
1924 3172 1967 3229 c
2000 3149 2251 3215 κρεῖττον
2287 3148 2318 3217 ἢ
2350 3150 2471 3218 ζῇν.
2506 3148 2750 3218 Τοῦρκος
2782 3150 2841 3202 δέ
2883 3166 2969 3212 τις
3017 3150 3098 3220 τῷ
3122 3152 3342 3221 Ἀμηρᾳ
3370 3152 3582 3219 ἀναφο-

316 3244 452 3297 δασε
501 3242 595 3296 καὶ
637 3240 985 3307 διξσκόρττισε
1030 3238 1127 3292 καὶ
1174 3239 1538 3292 ἐθανάτωσεν.
1578 3238 1745 3291 Ἀλλὰ
1796 3240 1892 3291 καὶ

332 3334 585 3402 Ἰωάννης
610 3336 638 3385 6
661 3331 949 3400 Δαλμάτης
978 3332 1095 3381 ἐκεῖ
1121 3330 1311 3399 παρὼν
1345 3330 1488 3399 ὑπὲρ
1518 3330 1700 3383 πάντα
1729 3346 1898 3400 στρα-

329 3510 566 3566 invicem
592 3525 654 3565 se
681 3508 1109 3563 conenlcahant.
1145 3507 1271 3561 llaec
1300 3509 1427 3567 dum
1451 3517 1709 3578 aguntur,
1753 3510 1903 3568 intus

326 3614 385 3661 et
417 3613 577 3658 extra
618 3612 673 3656 et
700 3603 765 3656 ad
797 3609 1017 3671 portum
1050 3600 1323 3654 clamatur
1355 3617 1370 3653 :
1411 3619 1431 3654 ι
1462 3601 1633 3669 Capta
1661 3610 1746 3657 est
1776 3618 1898 3668 arx,

318 3695 486 3766 signa
525 3705 577 3749 et
605 3694 801 3749 vexilla
849 3693 1085 3749 sublime
1117 3693 1171 3746 in
1218 3692 1467 3747 turribus
1511 3693 1678 3748 elata.
1706 3711 1726 3745 ι
1768 3694 1903 3759 Qua

328 3804 436 3843 vox
462 3794 679 3843 uestros
711 3785 938 3856 fugavit.
977 3785 1162 3839 hostes
1187 3788 1387 3848 erexit,
1425 3785 1521 3853 qui
1554 3799 1751 3854 magno
1786 3786 1905 3840 cla-

329 3895 486 3935 more
514 3890 571 3934 et
607 3879 837 3950 impetu,
885 3878 1037 3933 nullo
1081 3878 1301 3941 timore,
1345 3877 1399 3931 in
1438 3892 1658 3932 murum
1705 3891 1898 3933 ascen-

325 3971 483 4025 dunt.

401 4058 529 4115 Ilaec
555 4074 682 4114 cum
703 4059 852 4114 videt
872 4059 1039 4114 miser
1070 4058 1389 4127 imperator,
1421 4058 1688 4114 dominus
1719 4074 1899 4124 meus,

326 4165 456 4206 cum
491 4148 740 4218 lacrymis
766 4147 937 4203 Deum
975 4158 1251 4217 precatur,
1284 4160 1340 4204 et
1362 4149 1593 4214 milites,
1629 4159 1689 4204 ut
1737 4166 1902 4220 gene-

332 4256 457 4296 rose
484 4249 745 4309 pugnent,
775 4239 1035 4308 impellit:
1061 4247 1117 4293 at
1146 4239 1294 4293 nulla
1319 4239 1434 4307 jam
1467 4241 1588 4308 Opis
1613 4247 1668 4294 et
1710 4241 1899 4294 auxilii

330 4348 459 4401 spes
497 4341 634 4386 erat.
662 4331 846 4396 Itaque
874 4331 992 4400 ipse
1017 4345 1162 4400 equo
1196 4332 1470 4386 concitato
1515 4318 1760 4392 advolat,
1792 4346 1900 4399 qua

332 4426 578 4480 irruebat
611 4424 851 4480 hostium
888 4422 1073 4484 turba,
1107 4430 1162 4476 et
1181 4422 1640 4490 quemadmodum
1671 4420 1905 4490 Sampso

2005 3240 2104 3310 ρὰν
2132 3242 2367 3309 ποιήσας
2413 3240 2545 3309 περὶ
2574 3243 2674 3308 τῆς
2708 3239 2915 3292 τούτων
2949 3240 3198 3310 ἀνδρίας,
3233 3242 3583 3310 προσέταξεν

2004 3332 2090 3385 ἵνα
2121 3331 2423 3385 κατέλθωσι
2461 3331 2600 3400 μετὰ
2630 3329 2963 3400 συμϐάσεως
2992 3335 3088 3385 καὶ
3124 3326 3259 3386 ὦσιν
3296 3332 3580 3405 ἐλεύθεροι

2004 3512 2232 3578 reliquis
2250 3512 2517 3566 militibus
2560 3525 2830 3579 generose
2861 3510 3127 3566 adversus
3162 3512 3350 3566 hostes
3398 3516 3587 3567 decer-

2006 3603 2174 3657 tavit:
2212 3610 2291 3664 ut,
2336 3602 2429 3669 qui
2479 3604 2706 3656 aderant
2746 3611 2801 3655 et
2825 3602 3105 3665 videbant,
3153 3602 3581 3658 fortissimorum

2005 3695 2247 3747 virorum
2283 3693 2540 3747 virtutem
2575 3701 2629 3745 et
2650 3693 2941 3746 audaciam
2994 3694 3351 3748 mirarentur.
3398 3694 3586 3766 Itaque

2006 3786 2091 3838 his
2120 3795 2172 3839 et
2196 3796 2279 3838 ter
2312 3784 2671 3853 impressione
2706 3796 2762 3839 et
2797 3799 2978 3855 pugna
3016 3785 3182 3849 facta,
3244 3788 3443 3857 impios
3492 3803 3589 3842 ve-

2007 3876 2287 3929 hementer
2338 3874 2617 3943 fugarunt,
2668 3876 2872 3930 multos
2919 3877 3267 3939 occiderunt,
3328 3878 3469 3932 alios
3520 3880 3588 3933 de

2006 3968 2178 4021 muris
2202 3966 2547 4036 depulerunt,
2580 3975 2743 4035 atque
2789 3967 3172 4022 occubuerunt
3203 3970 3425 4023 tandem
3458 3984 3590 4024 con-

2008 4067 2213 4114 stanter
2238 4067 2293 4113 et
2317 4065 2543 4114 strenue
2600 4066 2912 4128 pugnantes
2943 4068 2995 4111 et
3029 4074 3224 4127 magna
3274 4062 3428 4129 prius
3482 4062 3589 4115 hoa

2013 4153 2179 4205 stium
2217 4160 2401 4220 strage
2424 4151 2571 4205 data.
2600 4152 2730 4204 Item
2774 4152 2867 4206 alii
2920 4152 3065 4204 Itand
3109 4152 3353 4207 imbelles
3387 4154 3589 4209 milites

2008 4244 2197 4298 eodem
2226 4243 2351 4298 Ioco
2377 4245 2704 4301 dimicantes
2757 4246 3112 4311 ceciderunt,
3167 4261 3340 4315 prope
3371 4256 3587 4315 portam

2008 4336 2180 4390 sancti
2216 4334 2473 4399 Romani,
2526 4337 2617 4390 ubi
2673 4338 2962 4404 helepolim
3005 4337 3154 4389 illam
3191 4336 3387 4391 Tureat
3439 4335 3588 4391 Γεθε-

2010 4434 2132 4480 rant
2196 4433 2251 4480 et
2306 4442 2561 4493 magnam
2622 4426 2912 4495 helepolim
2975 4427 3422 4481 constituerant:
3477 4442 3589 4495 qua

326 4521 520 4575 hostes
548 4516 862 4588 prostravit,
899 4515 972 4569 ita
1001 4513 1201 4581 impios
1238 4515 1412 4581 primo
1444 4514 1649 4581 impetu
1679 4527 1710 4568 θ
1771 4528 1907 4569 ηιω-
1940 4538 1983 4593 D
2008 4517 2242 4584 primum
2282 4517 2465 4572 diruto
2499 4532 2676 4581 muro,
2711 4519 2765 4571 in
2814 4518 3005 4572 urbem
3063 4523 3444 4586 penetrarunt.
3481 4516 3591 4586 Ego

332 4613 494 4665 nibus
519 4611 791 4672 deturbat,
816 4616 875 4660 ut
903 4606 998 4675 qui
1025 4607 1254 4659 aderant
1284 4613 1338 4658 et
1379 4604 1661 4667 videbant,
1699 4606 1901 4659 mirum

330 4697 1035 4767 cernerentspectaculum.
1075 4695 1274 4749 Leonis
1329 4694 1503 4748 instar
1553 4694 1820 4757 fremens,
1851 4705 1908 4750 et

335 4796 525 4846 dextra
580 4789 820 4858 gladium
878 4788 1127 4841 strictum
1186 4795 1402 4846 tenens,
1458 4785 1660 4839 multos
1718 4787 1906 4839 hostes

336 4882 653 4944 trucidavit,
693 4895 758 4935 ac
783 4879 1011 4947 sanguis
1046 4877 1099 4930 in
1141 4877 1364 4930 modum
1404 4874 1652 4929 ﬂuminis
1690 4891 1721 4928 e
1763 4877 1910 4942 pedi-

336 4977 441 5026 hus
472 4984 525 5026 et
555 4970 809 5024 manibus
832 4968 951 5036 ejus
982 4965 1305 5035 proﬂuebat.
1362 4965 1627 5018 DOillitlus
1682 4962 1911 5017 Franci-

336 5077 464 5118 seus
492 5071 705 5124 autem,
734 5059 991 5120 Toledus,
1023 5071 1185 5124 quem
1208 5071 1372 5124 supra
1393 5054 1692 5119 nominavi,
1727 5054 1905 5123 ipsum

336 5153 619 5223 superavit
644 5151 940 5221 .Achillem,
972 5148 1036 5201 ad
1082 5148 1328 5201 dextram
1364 5145 1713 5214 imperatoris
1749 5144 1909 5197 dimi-

334 5258 472 5298 cans
497 5250 551 5295 et
580 5242 775 5309 aquilae
816 5239 987 5291 instar
1018 5236 1295 5304 unguibus
1326 5243 1380 5289 et
1413 5249 1510 5288 ore
1562 5234 1746 5288 hostes
1772 5246 1911 5287 con-

335 5336 547 5389 cidens.
580 5331 845 5387 Similiter
872 5328 1212 5396 Theophilus
1245 5327 1602 5393 Palaeologus,
1634 5336 1693 5378 ut
1742 5325 1916 5394 impe-

341 5433 580 5479 ratorem
610 5424 980 5477 decertantem
1010 5428 1066 5473 et
1094 5420 1282 5472 urbem
1314 5420 1718 5487 periclitantem
1752 5417 1912 5479 vidit,

340 5531 535 5585 magna
567 5529 700 5569 voce
731 5524 788 5568 et
838 5506 1150 5581 laeryman‘s
1186 5509 1484 5564 clamavit:
1519 5526 1539 5560 ι
1582 5508 1713 5563 Mori
1746 5523 1912 5577 quam

337 5592 526 5661 vivere
560 5604 724 5667 malo,
768 5620 788 5653 ι
828 5610 881 5654 et
908 5602 1110 5669 impetu
1156 5600 1299 5654 facto
1359 5599 1413 5651 in
1450 5599 1654 5652 medios
1709 5598 1915 5661 hostes,

343 5700 611 5764 quotquot
663 5692 892 5755 invenit,
947 5689 1182 5762 disjecit,
1216 5689 1525 5757 dissipavit,
1578 5688 1799 5743 occidit.
1850 5690 1919 5743 At

344 5787 489 5843 enim
519 5782 758 5840 Joannes
802 5781 1048 5838 Dalmata
1083 5793 1328 5852 quoque,
1380 5779 1453 5834 ibi
1487 5794 1749 5848 praesens,
1805 5794 1916 5851 prae

2008 4605 2103 4657 illo
2133 4614 2378 4673 tempore
2403 4622 2511 4660 non
2544 4608 2804 4662 versabar
2839 4607 2985 4661 circa
3050 4608 3458 4673 imperatorem,
3490 4608 3591 4661 do-

2011 4695 2220 4748 minum
2252 4711 2456 4762 meum,
2486 4698 2580 4751 sed
2600 4698 2760 4767 jussu
2791 4697 2913 4765 ejus
2942 4698 3007 4752 ad
3041 4698 3377 4752 lustrandam
3427 4699 3590 4754 aliam

2011 4794 2219 4854 partem
2262 4786 2413 4840 urbis
2445 4786 2834 4843 discesseram.

2082 4875 2134 4929 8.
2167 4874 2356 4929 Terea:
2383 4880 2573 4929 urbem
2610 4874 2844 4944 ingressi
2878 4873 3228 4928 Christianos
3263 4874 3402 4927 intra
3450 4875 3593 4928 inte-

2014 4968 2216 5019 riorem
2258 4981 2474 5046 murum
2509 4966 2752 5035 reliquos
2785 4964 3153 5028 heleboliscis,
3187 4965 3403 5033 jaeulis,
3424 4969 3594 5036 sagit-

2015 5058 2104 5119 tis,
2137 5058 2286 5111 saxis
2315 5058 2606 5124 persecuti,
2642 5066 2696 5109 et
2732 5057 2951 5110 cunctis
3001 5055 3156 5123 potiti
3189 5066 3340 5118 sunt,
3399 5068 3595 5123 praeter

2015 5163 2108 5201 eos
2139 5148 2231 5215 qui
2258 5148 2311 5200 in
2348 5148 2591 5201 turribus
2624 5146 2811 5201 Basilii
2842 5145 3044 5201 Leonis
3068 5154 3121 5200 et
3168 5147 3343 5200 Alexii
3369 5163 3491 5215 qua:
3514 5149 3598 5203 di-

2015 5239 2286 5292 cebantur
2340 5239 2623 5292 constituti
2678 5247 2856 5300 erant,
2906 5246 3104 5293 nautas
3161 5240 3470 5293 Cretenses.
3528 5239 3594 5295 IIi

2016 5331 2161 5384 enim
2201 5329 2270 5383 ad
2305 5337 2512 5384 sextam
2542 5339 2596 5382 et
2631 5330 2918 5398 septimam
2960 5330 3150 5382 horam
3207 5341 3437 5385 strenue
3490 5346 3596 5401 pn-

2017 5417 2255 5485 gnabant
2285 5426 2339 5472 et
2365 5418 2565 5473 multos
2609 5418 2821 5473 Turcas
2881 5419 3304 5483 interﬁciebant,
3359 5435 3594 5488 cumque
3647 5452 3663 5465 ς

2017 5514 2221 5559 tantam
2278 5507 2515 5561 hostium
2585 5509 2993 5573 multitudinem
3057 5517 3113 5562 et
3159 5520 3331 5564 totam
3393 5511 3589 5565 urbem

2019 5597 2302 5652 subactam
2331 5599 2607 5663 viderent,
2666 5601 2968 5655 noluerunt
3017 5609 3199 5655 tamen
3232 5600 3338 5670 ipsi
3390 5600 3598 5669 subigi,

2019 5688 2113 5744 sed
2147 5698 2375 5743 mortem
2404 5689 2513 5744 vita
2546 5707 2670 5746 esse
2696 5691 3159 5761 praestabiliorem
3182 5691 3492 5746 ducebant.
3523 5690 3597 5744 De

2021 5795 2254 5849 quorum
2285 5782 2487 5838 virtute
2521 5799 2647 5861 cum
2680 5782 2857 5839 Turca
2893 5783 3097 5842 alienis
3127 5784 3338 5839 Amerae
3390 5796 3598 5837 Γϐηυιιο
