  <div class='ocr_page' id='page_1' title='image "/cluster/home/n/w/nwhite01/storage/ocr_20150623/156/hvd.32044019208438/617.png"; bbox 0 0 3976 6566; ppageno 0'>
   <div class='ocr_carea' id='block_1_1' title="bbox 495 373 603 437">
    <p class='ocr_par' dir='ltr' id='par_1_1' title="bbox 495 373 603 437">
     <span class='ocr_line' id='line_1_1' title="bbox 495 373 603 437; baseline -0.028 0"><span class='ocrx_word' id='word_1_1' title='bbox 495 373 603 437; x_wconf 82' lang='lat'><strong>8&#39;9</strong></span> 
     </span>
    </p>
   </div>
   <div class='ocr_carea' id='block_1_2' title="bbox 1730 319 3710 446">
    <p class='ocr_par' dir='ltr' id='par_1_2' title="bbox 1730 319 3710 446">
     <span class='ocr_line' id='line_1_2' title="bbox 1730 319 3710 446; baseline 0.008 -15"><span class='ocrx_word' id='word_1_2' title='bbox 1730 367 2056 431; x_wconf 81' lang='lat' dir='ltr'><strong>GEORGlI</strong></span> <span class='ocrx_word' id='word_1_3' title='bbox 2101 370 2530 434; x_wconf 55' lang='lat' dir='ltr'><strong>meamne</strong></span> <span class='ocrx_word' id='word_1_4' title='bbox 2837 319 2842 324; x_wconf 33' lang='grc'><strong>’</strong></span> <span class='ocrx_word' id='word_1_5' title='bbox 2897 333 2906 338; x_wconf 59' lang='grc'><em>’</em></span> <span class='ocrx_word' id='word_1_6' title='bbox 2975 337 2978 340; x_wconf 52' lang='grc'><strong>’</strong></span> <span class='ocrx_word' id='word_1_7' title='bbox 3625 377 3710 446; x_wconf 78' lang='lat'><strong>880</strong></span> 
     </span>
    </p>
   </div>
   <div class='ocr_carea' id='block_1_3' title="bbox 491 483 3708 562">
    <p class='ocr_par' dir='ltr' id='par_1_3' title="bbox 491 483 3708 562">
     <span class='ocr_line' id='line_1_3' title="bbox 491 483 3708 562; baseline 0.003 -24"><span class='ocrx_word' id='word_1_8' title='bbox 491 486 649 541; x_wconf 75' lang='grc' dir='ltr'>αὐτοί</span> <span class='ocrx_word' id='word_1_9' title='bbox 678 502 738 540; x_wconf 78' lang='grc' dir='ltr'>τι</span> <span class='ocrx_word' id='word_1_10' title='bbox 765 486 862 539; x_wconf 78' lang='grc' dir='ltr'>καὶ</span> <span class='ocrx_word' id='word_1_11' title='bbox 887 485 920 555; x_wconf 73' lang='grc' dir='ltr'>ἡ</span> <span class='ocrx_word' id='word_1_12' title='bbox 951 485 1080 548; x_wconf 88' lang='grc' dir='ltr'>ναῦς</span> <span class='ocrx_word' id='word_1_13' title='bbox 1105 484 1285 537; x_wconf 73' lang='grc' dir='ltr'>αΰτῶν</span> <span class='ocrx_word' id='word_1_14' title='bbox 1311 484 1409 536; x_wconf 59' lang='grc' dir='ltr'><strong>καὶ⁸</strong></span> <span class='ocrx_word' id='word_1_15' title='bbox 1438 485 1588 536; x_wconf 76' lang='grc' dir='ltr'>πᾶσα</span> <span class='ocrx_word' id='word_1_16' title='bbox 1617 485 1649 553; x_wconf 74' lang='grc' dir='ltr'><strong>ἡ</strong></span> <span class='ocrx_word' id='word_1_17' title='bbox 1683 483 1962 552; x_wconf 66' lang='grc' dir='ltr'>ἀποσκευῇ</span> <span class='ocrx_word' id='word_1_18' title='bbox 1994 483 2060 552; x_wconf 76' lang='grc' dir='ltr'>ἢν</span> <span class='ocrx_word' id='word_1_19' title='bbox 2090 493 2133 545; x_wconf 81' lang='grc' dir='ltr'><strong>Α</strong></span> <span class='ocrx_word' id='word_1_20' title='bbox 2163 490 2608 560; x_wconf 69' lang='grc' dir='ltr'>τιμαλφῆδοχεῖα</span> <span class='ocrx_word' id='word_1_21' title='bbox 2639 488 2828 541; x_wconf 67' lang='grc' dir='ltr'>τούτου</span> <span class='ocrx_word' id='word_1_22' title='bbox 2858 489 3196 558; x_wconf 71' lang='grc' dir='ltr'>ἁρπάζοντες</span> <span class='ocrx_word' id='word_1_23' title='bbox 3220 490 3292 543; x_wconf 68' lang='grc' dir='ltr'><strong>τὰ</strong></span> <span class='ocrx_word' id='word_1_24' title='bbox 3321 491 3425 559; x_wconf 76' lang='grc' dir='ltr'>μὲν</span> <span class='ocrx_word' id='word_1_25' title='bbox 3439 490 3708 562; x_wconf 72' lang='grc' dir='ltr'>διέθραυον,</span> 
     </span>
    </p>
   </div>
   <div class='ocr_carea' id='block_1_4' title="bbox 490 574 2067 651">
    <p class='ocr_par' dir='ltr' id='par_1_4' title="bbox 490 574 2067 651">
     <span class='ocr_line' id='line_1_4' title="bbox 490 574 2067 651; baseline -0.006 -16"><span class='ocrx_word' id='word_1_26' title='bbox 490 578 658 651; x_wconf 71' lang='grc' dir='ltr'>εἰχον.</span> <span class='ocrx_word' id='word_1_27' title='bbox 691 581 800 633; x_wconf 75' lang='grc' dir='ltr'><strong>Καὶ</strong></span> <span class='ocrx_word' id='word_1_28' title='bbox 854 579 1032 640; x_wconf 79' lang='grc' dir='ltr'>οὕτως</span> <span class='ocrx_word' id='word_1_29' title='bbox 1082 577 1396 645; x_wconf 75' lang='grc' dir='ltr'><strong>γενομένων</strong></span> <span class='ocrx_word' id='word_1_30' title='bbox 1451 575 1618 628; x_wconf 77' lang='grc' dir='ltr'>πάλιν</span> <span class='ocrx_word' id='word_1_31' title='bbox 1672 575 1830 644; x_wconf 77' lang='grc' dir='ltr'>μόλις</span> <span class='ocrx_word' id='word_1_32' title='bbox 1864 577 1928 626; x_wconf 81' lang='grc' dir='ltr'>ὲκ</span> <span class='ocrx_word' id='word_1_33' title='bbox 1972 574 2067 626; x_wconf 88' lang='grc' dir='ltr'><strong>τοῦ</strong></span> 
     </span>
    </p>
   </div>
   <div class='ocr_carea' id='block_1_5' title="bbox 491 667 2071 743">
    <p class='ocr_par' dir='ltr' id='par_1_5' title="bbox 491 667 2071 743">
     <span class='ocr_line' id='line_1_5' title="bbox 491 667 2071 743; baseline -0.006 -16"><span class='ocrx_word' id='word_1_34' title='bbox 491 673 705 743; x_wconf 80' lang='grc' dir='ltr'><strong>πύργου</strong></span> <span class='ocrx_word' id='word_1_35' title='bbox 732 672 961 734; x_wconf 75' lang='grc' dir='ltr'><strong>τούτους</strong></span> <span class='ocrx_word' id='word_1_36' title='bbox 1007 671 1232 722; x_wconf 77' lang='grc' dir='ltr'>ἔπεισαν</span> <span class='ocrx_word' id='word_1_37' title='bbox 1272 668 1551 722; x_wconf 79' lang='grc' dir='ltr'>ἀπελθεῖν.</span> <span class='ocrx_word' id='word_1_38' title='bbox 1582 669 1692 721; x_wconf 70' lang='grc' dir='ltr'><strong>Καὶ</strong></span> <span class='ocrx_word' id='word_1_39' title='bbox 1719 668 1815 720; x_wconf 81' lang='grc' dir='ltr'>δύο</span> <span class='ocrx_word' id='word_1_40' title='bbox 1847 667 1947 736; x_wconf 79' lang='grc' dir='ltr'>μὲν</span> <span class='ocrx_word' id='word_1_41' title='bbox 1973 668 2071 719; x_wconf 78' lang='grc' dir='ltr'><strong>αὑο</strong></span> 
     </span>
    </p>
   </div>
   <div class='ocr_carea' id='block_1_6' title="bbox 487 759 2069 834">
    <p class='ocr_par' dir='ltr' id='par_1_6' title="bbox 487 759 2069 834">
     <span class='ocr_line' id='line_1_6' title="bbox 487 759 2069 834; baseline -0.007 -13"><span class='ocrx_word' id='word_1_42' title='bbox 487 765 743 834; x_wconf 79' lang='grc' dir='ltr'>τάδελφοι</span> <span class='ocrx_word' id='word_1_43' title='bbox 784 763 1000 827; x_wconf 76' lang='grc' dir='ltr'>Ἰταλοὶ,</span> <span class='ocrx_word' id='word_1_44' title='bbox 1029 761 1243 824; x_wconf 87' lang='grc' dir='ltr'>Παῦλος</span> <span class='ocrx_word' id='word_1_45' title='bbox 1297 762 1396 814; x_wconf 70' lang='grc' dir='ltr'>καὶ</span> <span class='ocrx_word' id='word_1_46' title='bbox 1435 760 1682 830; x_wconf 67' lang='grc' dir='ltr'>Τρωϊλος</span> <span class='ocrx_word' id='word_1_47' title='bbox 1708 759 1976 828; x_wconf 74' lang='grc' dir='ltr'>τοῦνομα,</span> <span class='ocrx_word' id='word_1_48' title='bbox 2009 760 2069 811; x_wconf 75' lang='grc' dir='ltr'>ὲν</span> 
     </span>
    </p>
   </div>
   <div class='ocr_carea' id='block_1_7' title="bbox 488 851 2069 926">
    <p class='ocr_par' dir='ltr' id='par_1_7' title="bbox 488 851 2069 926">
     <span class='ocr_line' id='line_1_7' title="bbox 488 851 2069 926; baseline -0.006 -16"><span class='ocrx_word' id='word_1_49' title='bbox 488 856 569 926; x_wconf 84' lang='grc' dir='ltr'><strong>τῷ</strong></span> <span class='ocrx_word' id='word_1_50' title='bbox 615 856 1031 925; x_wconf 81' lang='grc' dir='ltr'>διατεταγμένῳ</span> <span class='ocrx_word' id='word_1_51' title='bbox 1077 855 1264 917; x_wconf 78' lang='grc' dir='ltr'>αὐτοῖς</span> <span class='ocrx_word' id='word_1_52' title='bbox 1313 854 1467 921; x_wconf 76' lang='grc' dir='ltr'>τόπῳ</span> <span class='ocrx_word' id='word_1_53' title='bbox 1523 854 1663 922; x_wconf 86' lang='grc' dir='ltr'><strong>μετά</strong></span> <span class='ocrx_word' id='word_1_54' title='bbox 1707 852 1806 904; x_wconf 69' lang='grc' dir='ltr'>καὶ</span> <span class='ocrx_word' id='word_1_55' title='bbox 1858 851 2069 919; x_wconf 78' lang='grc' dir='ltr'>ἑτέρων</span> 
     </span>
    </p>
   </div>
   <div class='ocr_carea' id='block_1_8' title="bbox 490 941 2067 1014">
    <p class='ocr_par' dir='ltr' id='par_1_8' title="bbox 490 941 2067 1014">
     <span class='ocr_line' id='line_1_8' title="bbox 490 941 2067 1014; baseline -0.007 -14"><span class='ocrx_word' id='word_1_56' title='bbox 490 947 706 1002; x_wconf 84' lang='grc' dir='ltr'>πολλῶν</span> <span class='ocrx_word' id='word_1_57' title='bbox 759 945 1026 1014; x_wconf 77' lang='grc' dir='ltr'><strong>γενναίως</strong></span> <span class='ocrx_word' id='word_1_58' title='bbox 1091 946 1364 1013; x_wconf 76' lang='grc' dir='ltr'>ἐμάχοντο</span> <span class='ocrx_word' id='word_1_59' title='bbox 1429 944 1524 996; x_wconf 77' lang='grc' dir='ltr'>καὶ</span> <span class='ocrx_word' id='word_1_60' title='bbox 1583 944 1711 1005; x_wconf 70' lang='grc' dir='ltr'>τοὺς</span> <span class='ocrx_word' id='word_1_61' title='bbox 1768 941 2067 1008; x_wconf 81' lang='grc' dir='ltr'>πολεμίους</span> 
     </span>
    </p>
   </div>
   <div class='ocr_carea' id='block_1_9' title="bbox 489 1035 2066 1107">
    <p class='ocr_par' dir='ltr' id='par_1_9' title="bbox 489 1035 2066 1107">
     <span class='ocr_line' id='line_1_9' title="bbox 489 1035 2066 1107; baseline -0.008 -13"><span class='ocrx_word' id='word_1_62' title='bbox 489 1040 679 1102; x_wconf 84' lang='grc' dir='ltr'>κακῶς</span> <span class='ocrx_word' id='word_1_63' title='bbox 726 1039 1063 1107; x_wconf 82' lang='grc' dir='ltr'>ἀπεδίωχνον</span> <span class='ocrx_word' id='word_1_64' title='bbox 1089 1038 1187 1091; x_wconf 68' lang='grc' dir='ltr'><strong>καὶ</strong></span> <span class='ocrx_word' id='word_1_65' title='bbox 1230 1037 1332 1090; x_wconf 74' lang='grc' dir='ltr'>οὐκ</span> <span class='ocrx_word' id='word_1_66' title='bbox 1377 1037 1577 1106; x_wconf 78' lang='grc' dir='ltr'><strong>ἀγεννῆ</strong></span> <span class='ocrx_word' id='word_1_67' title='bbox 1613 1035 1938 1102; x_wconf 76' lang='grc' dir='ltr'>συμπλοκὴν</span> <span class='ocrx_word' id='word_1_68' title='bbox 1967 1035 2066 1084; x_wconf 74' lang='grc' dir='ltr'>καὶ</span> 
     </span>
    </p>
   </div>
   <div class='ocr_carea' id='block_1_10' title="bbox 490 1125 2066 1205">
    <p class='ocr_par' dir='ltr' id='par_1_10' title="bbox 490 1125 2066 1205">
     <span class='ocr_line' id='line_1_10' title="bbox 490 1125 2066 1205; baseline -0.025 -14"><span class='ocrx_word' id='word_1_69' title='bbox 490 1133 750 1205; x_wconf 69' lang='grc' dir='ltr'>σύρραξιν</span> <span class='ocrx_word' id='word_1_70' title='bbox 800 1132 1044 1196; x_wconf 70' lang='grc' dir='ltr'>ἐποίουν,</span> <span class='ocrx_word' id='word_1_71' title='bbox 1071 1131 1167 1182; x_wconf 74' lang='grc' dir='ltr'>καὶ</span> <span class='ocrx_word' id='word_1_72' title='bbox 1211 1131 1369 1197; x_wconf 75' lang='grc' dir='ltr'>φόνος</span> <span class='ocrx_word' id='word_1_73' title='bbox 1423 1125 1492 1199; x_wconf 74' lang='grc' dir='ltr'>ἦν</span> <span class='ocrx_word' id='word_1_74' title='bbox 1535 1127 1875 1196; x_wconf 44' lang='lat' dir='ltr'><strong>etingenio,</strong></span> <span class='ocrx_word' id='word_1_75' title='bbox 1920 1125 2066 1190; x_wconf 56' lang='grc' dir='ltr'>λέγω</span> 
     </span>
    </p>
   </div>
   <div class='ocr_carea' id='block_1_11' title="bbox 484 1215 2062 1292">
    <p class='ocr_par' dir='ltr' id='par_1_11' title="bbox 484 1215 2062 1292">
     <span class='ocr_line' id='line_1_11' title="bbox 484 1215 2062 1292; baseline -0.006 -15"><span class='ocrx_word' id='word_1_76' title='bbox 484 1225 597 1277; x_wconf 88' lang='grc' dir='ltr'><strong>τῶν</strong></span> <span class='ocrx_word' id='word_1_77' title='bbox 623 1223 718 1276; x_wconf 86' lang='grc' dir='ltr'>δύο</span> <span class='ocrx_word' id='word_1_78' title='bbox 743 1223 928 1292; x_wconf 84' lang='grc' dir='ltr'>μερῶν</span> <span class='ocrx_word' id='word_1_79' title='bbox 952 1220 1063 1273; x_wconf 89' lang='grc' dir='ltr'><strong>τῶν</strong></span> <span class='ocrx_word' id='word_1_80' title='bbox 1089 1225 1420 1289; x_wconf 79' lang='grc' dir='ltr'>μαχομένων</span> <span class='ocrx_word' id='word_1_81' title='bbox 1444 1220 1538 1270; x_wconf 73' lang='grc' dir='ltr'>καὶ</span> <span class='ocrx_word' id='word_1_82' title='bbox 1565 1215 2062 1286; x_wconf 78' lang='grc' dir='ltr'>ὑπερμαχοῦντων.</span> 
     </span>
    </p>
   </div>
   <div class='ocr_carea' id='block_1_12' title="bbox 484 1307 2063 1386">
    <p class='ocr_par' dir='ltr' id='par_1_12' title="bbox 484 1307 2063 1386">
     <span class='ocr_line' id='line_1_12' title="bbox 484 1307 2063 1386; baseline -0.008 -17"><span class='ocrx_word' id='word_1_83' title='bbox 484 1315 756 1386; x_wconf 74' lang='grc' dir='ltr'>Στραφεὶς</span> <span class='ocrx_word' id='word_1_84' title='bbox 798 1315 854 1366; x_wconf 72' lang='grc' dir='ltr'>δὲ</span> <span class='ocrx_word' id='word_1_85' title='bbox 908 1314 936 1364; x_wconf 80' lang='grc' dir='ltr'><strong>ὁ</strong></span> <span class='ocrx_word' id='word_1_86' title='bbox 976 1313 1189 1376; x_wconf 83' lang='grc' dir='ltr'>Παῦλος</span> <span class='ocrx_word' id='word_1_87' title='bbox 1240 1315 1336 1364; x_wconf 80' lang='grc' dir='ltr'><strong>καὶ</strong></span> <span class='ocrx_word' id='word_1_88' title='bbox 1384 1312 1525 1377; x_wconf 69' lang='grc' dir='ltr'>ὁρῶν</span> <span class='ocrx_word' id='word_1_89' title='bbox 1581 1310 1708 1371; x_wconf 74' lang='grc' dir='ltr'>τοῦς</span> <span class='ocrx_word' id='word_1_90' title='bbox 1771 1307 2063 1375; x_wconf 81' lang='grc' dir='ltr'>πολεμίους</span> 
     </span>
    </p>
   </div>
   <div class='ocr_carea' id='block_1_13' title="bbox 482 1399 2062 1476">
    <p class='ocr_par' dir='ltr' id='par_1_13' title="bbox 482 1399 2062 1476">
     <span class='ocr_line' id='line_1_13' title="bbox 482 1399 2062 1476; baseline -0.009 -14"><span class='ocrx_word' id='word_1_91' title='bbox 482 1409 689 1462; x_wconf 80' lang='grc' dir='ltr'><strong>ἔσωθεν</strong></span> <span class='ocrx_word' id='word_1_92' title='bbox 721 1408 819 1476; x_wconf 82' lang='grc' dir='ltr'>τῆς</span> <span class='ocrx_word' id='word_1_93' title='bbox 863 1405 1077 1466; x_wconf 69' lang='grc' dir='ltr'>πόλεως</span> <span class='ocrx_word' id='word_1_94' title='bbox 1118 1403 1269 1470; x_wconf 82' lang='grc' dir='ltr'><strong>λέγει</strong></span> <span class='ocrx_word' id='word_1_95' title='bbox 1315 1404 1392 1470; x_wconf 77' lang='grc' dir='ltr'>τῷ</span> <span class='ocrx_word' id='word_1_96' title='bbox 1441 1402 1655 1469; x_wconf 79' lang='grc' dir='ltr'>ἀδελφῷ</span> <span class='ocrx_word' id='word_1_97' title='bbox 1698 1400 1862 1452; x_wconf 75' lang='grc' dir='ltr'>αῦτοῦ</span> <span class='ocrx_word' id='word_1_98' title='bbox 1889 1416 1902 1430; x_wconf 89' lang='grc'><strong>·</strong></span> <span class='ocrx_word' id='word_1_99' title='bbox 1938 1417 1956 1448; x_wconf 81' lang='grc' dir='ltr'><strong>ι</strong></span> <span class='ocrx_word' id='word_1_100' title='bbox 1999 1399 2062 1449; x_wconf 84' lang='grc' dir='ltr'>Ὢ</span> 
     </span>
    </p>
   </div>
   <div class='ocr_carea' id='block_1_14' title="bbox 483 1492 2061 1568">
    <p class='ocr_par' dir='ltr' id='par_1_14' title="bbox 483 1492 2061 1568">
     <span class='ocr_line' id='line_1_14' title="bbox 483 1492 2061 1568; baseline -0.007 -14"><span class='ocrx_word' id='word_1_101' title='bbox 483 1500 697 1568; x_wconf 79' lang='grc' dir='ltr'>φρίξον,</span> <span class='ocrx_word' id='word_1_102' title='bbox 723 1499 877 1568; x_wconf 72' lang='grc' dir='ltr'>ἧλιεί</span> <span class='ocrx_word' id='word_1_103' title='bbox 913 1498 958 1550; x_wconf 86' lang='grc' dir='ltr'><strong>ὣ</strong></span> <span class='ocrx_word' id='word_1_104' title='bbox 992 1497 1273 1563; x_wconf 80' lang='grc' dir='ltr'>στέναξον,</span> <span class='ocrx_word' id='word_1_105' title='bbox 1307 1497 1420 1565; x_wconf 74' lang='grc' dir='ltr'><strong>γῆε</strong></span> <span class='ocrx_word' id='word_1_106' title='bbox 1456 1496 1598 1548; x_wconf 69' lang='grc' dir='ltr'>ἑάλω</span> <span class='ocrx_word' id='word_1_107' title='bbox 1629 1498 1662 1564; x_wconf 76' lang='grc' dir='ltr'><strong>η</strong></span> <span class='ocrx_word' id='word_1_108' title='bbox 1699 1495 1879 1556; x_wconf 76' lang='grc' dir='ltr'>πόλις,</span> <span class='ocrx_word' id='word_1_109' title='bbox 1911 1492 2061 1561; x_wconf 71' lang='grc' dir='ltr'>ἡμᾶς</span> 
     </span>
    </p>
   </div>
   <div class='ocr_carea' id='block_1_15' title="bbox 477 1584 2060 1658">
    <p class='ocr_par' dir='ltr' id='par_1_15' title="bbox 477 1584 2060 1658">
     <span class='ocr_line' id='line_1_15' title="bbox 477 1584 2060 1658; baseline -0.006 -14"><span class='ocrx_word' id='word_1_110' title='bbox 477 1594 536 1650; x_wconf 70' lang='grc' dir='ltr'>δὲ</span> <span class='ocrx_word' id='word_1_111' title='bbox 567 1591 664 1644; x_wconf 80' lang='grc' dir='ltr'><strong>τοῦ</strong></span> <span class='ocrx_word' id='word_1_112' title='bbox 723 1589 985 1658; x_wconf 74' lang='grc' dir='ltr'>πολεμεῖν</span> <span class='ocrx_word' id='word_1_113' title='bbox 1032 1590 1314 1657; x_wconf 71' lang='grc' dir='ltr'>παρῆλθεν</span> <span class='ocrx_word' id='word_1_114' title='bbox 1345 1591 1377 1656; x_wconf 71' lang='grc' dir='ltr'>ἡ</span> <span class='ocrx_word' id='word_1_115' title='bbox 1415 1588 1557 1655; x_wconf 73' lang='grc' dir='ltr'>ῶρι.</span> <span class='ocrx_word' id='word_1_116' title='bbox 1594 1587 1736 1640; x_wconf 78' lang='grc' dir='ltr'>Ἀλλ’</span> <span class='ocrx_word' id='word_1_117' title='bbox 1771 1586 1911 1654; x_wconf 72' lang='grc' dir='ltr'>ὑπὲρ</span> <span class='ocrx_word' id='word_1_118' title='bbox 1958 1584 2060 1651; x_wconf 78' lang='grc' dir='ltr'>τῆς</span> 
     </span>
    </p>
   </div>
   <div class='ocr_carea' id='block_1_16' title="bbox 475 1679 1820 1753">
    <p class='ocr_par' dir='ltr' id='par_1_16' title="bbox 475 1679 1820 1753">
     <span class='ocr_line' id='line_1_16' title="bbox 475 1679 1820 1753; baseline -0.007 -16"><span class='ocrx_word' id='word_1_119' title='bbox 475 1685 758 1753; x_wconf 74' lang='grc' dir='ltr'>σωτηρίας</span> <span class='ocrx_word' id='word_1_120' title='bbox 788 1683 966 1752; x_wconf 67' lang='grc' dir='ltr'>ἡμῶν,</span> <span class='ocrx_word' id='word_1_121' title='bbox 997 1682 1047 1733; x_wconf 83' lang='grc' dir='ltr'><strong>εί</strong></span> <span class='ocrx_word' id='word_1_122' title='bbox 1074 1681 1323 1742; x_wconf 66' lang='grc' dir='ltr'>δυνατὸν,</span> <span class='ocrx_word' id='word_1_123' title='bbox 1352 1679 1759 1749; x_wconf 64' lang='grc' dir='ltr'>φροντίσωμεν.</span> <span class='ocrx_word' id='word_1_124' title='bbox 1801 1697 1820 1728; x_wconf 76' lang='grc' dir='ltr'><strong>ι</strong></span> 
     </span>
    </p>
   </div>
   <div class='ocr_carea' id='block_1_17' title="bbox 554 1764 2060 1838">
    <p class='ocr_par' dir='ltr' id='par_1_17' title="bbox 554 1764 2060 1838">
     <span class='ocr_line' id='line_1_17' title="bbox 554 1764 2060 1838; baseline -0.009 -12"><span class='ocrx_word' id='word_1_125' title='bbox 554 1775 665 1826; x_wconf 80' lang='grc' dir='ltr'><strong>Καὶ</strong></span> <span class='ocrx_word' id='word_1_126' title='bbox 721 1771 893 1832; x_wconf 85' lang='grc' dir='ltr'>οῦτως</span> <span class='ocrx_word' id='word_1_127' title='bbox 951 1771 1243 1838; x_wconf 75' lang='grc' dir='ltr'>ἐγκρατεῖς</span> <span class='ocrx_word' id='word_1_128' title='bbox 1298 1768 1350 1820; x_wconf 76' lang='grc' dir='ltr'>οἱ</span> <span class='ocrx_word' id='word_1_129' title='bbox 1408 1766 1659 1833; x_wconf 82' lang='grc' dir='ltr'>πολέμιοι</span> <span class='ocrx_word' id='word_1_130' title='bbox 1719 1766 1906 1833; x_wconf 78' lang='grc' dir='ltr'>πάσης</span> <span class='ocrx_word' id='word_1_131' title='bbox 1958 1764 2060 1832; x_wconf 83' lang='grc' dir='ltr'>τῆς</span> 
     </span>
    </p>
   </div>
   <div class='ocr_carea' id='block_1_18' title="bbox 482 1827 2134 1929">
    <p class='ocr_par' dir='ltr' id='par_1_18' title="bbox 482 1827 2134 1929">
     <span class='ocr_line' id='line_1_18' title="bbox 482 1827 2134 1929; baseline -0.008 -8"><span class='ocrx_word' id='word_1_132' title='bbox 482 1869 692 1927; x_wconf 70' lang='grc' dir='ltr'>πόλεως</span> <span class='ocrx_word' id='word_1_133' title='bbox 742 1827 1032 1929; x_wconf 69' lang='grc' dir='ltr'>γεγονότες</span> <span class='ocrx_word' id='word_1_134' title='bbox 1059 1827 1258 1929; x_wconf 48' lang='grc' dir='ltr'>’ἡμέρα</span> <span class='ocrx_word' id='word_1_135' title='bbox 1304 1859 1488 1929; x_wconf 86' lang='grc' dir='ltr'>τρίτῃ,</span> <span class='ocrx_word' id='word_1_136' title='bbox 1515 1827 1635 1927; x_wconf 80' lang='grc' dir='ltr'><strong>ῶρα</strong></span> <span class='ocrx_word' id='word_1_137' title='bbox 1681 1853 1750 1927; x_wconf 80' lang='grc' dir='ltr'>ἦν</span> <span class='ocrx_word' id='word_1_138' title='bbox 1779 1827 1883 1924; x_wconf 78' lang='grc' dir='ltr'>τῆς</span> <span class='ocrx_word' id='word_1_139' title='bbox 1925 1827 2061 1924; x_wconf 81' lang='grc' dir='ltr'>ήμέ-</span> <span class='ocrx_word' id='word_1_140' title='bbox 2093 1827 2134 1881; x_wconf 71' lang='grc' dir='ltr'><strong><em>Β</em></strong></span> 
     </span>
    </p>
   </div>
   <div class='ocr_carea' id='block_1_19' title="bbox 482 1947 2061 2029">
    <p class='ocr_par' dir='ltr' id='par_1_19' title="bbox 482 1947 2061 2029">
     <span class='ocr_line' id='line_1_19' title="bbox 482 1947 2061 2029; baseline -0.013 -16"><span class='ocrx_word' id='word_1_141' title='bbox 482 1975 585 2029; x_wconf 84' lang='grc' dir='ltr'><strong>ρας</strong></span> <span class='ocrx_word' id='word_1_142' title='bbox 621 1957 665 2027; x_wconf 82' lang='grc' dir='ltr'><strong>β’</strong></span> <span class='ocrx_word' id='word_1_143' title='bbox 705 1956 794 2008; x_wconf 75' lang='grc' dir='ltr'>καὶ</span> <span class='ocrx_word' id='word_1_144' title='bbox 840 1955 1036 2024; x_wconf 71' lang='grc' dir='ltr'>ἥμισυ,</span> <span class='ocrx_word' id='word_1_145' title='bbox 1075 1951 1168 2004; x_wconf 84' lang='grc' dir='ltr'><strong>τοῦ</strong></span> <span class='ocrx_word' id='word_1_146' title='bbox 1217 1950 1401 2016; x_wconf 57' lang='grc' dir='ltr'>,ᾆδε-ι’</span> <span class='ocrx_word' id='word_1_147' title='bbox 1455 1950 1632 2012; x_wconf 75' lang='grc' dir='ltr'>ἔτους,</span> <span class='ocrx_word' id='word_1_148' title='bbox 1667 1951 1735 2018; x_wconf 73' lang='grc' dir='ltr'>τῇ</span> <span class='ocrx_word' id='word_1_149' title='bbox 1769 1947 1854 2000; x_wconf 67' lang='grc' dir='ltr'>κδ’</span> <span class='ocrx_word' id='word_1_150' title='bbox 1889 1949 2061 2017; x_wconf 80' lang='grc' dir='ltr'>μηνὸς</span> 
     </span>
    </p>
   </div>
   <div class='ocr_carea' id='block_1_20' title="bbox 479 2037 2058 2113">
    <p class='ocr_par' dir='ltr' id='par_1_20' title="bbox 479 2037 2058 2113">
     <span class='ocr_line' id='line_1_20' title="bbox 479 2037 2058 2113; baseline -0.009 -7"><span class='ocrx_word' id='word_1_151' title='bbox 479 2052 685 2106; x_wconf 77' lang='grc' dir='ltr'>Μαΐου.</span> <span class='ocrx_word' id='word_1_152' title='bbox 718 2046 832 2101; x_wconf 71' lang='grc' dir='ltr'>Καὶ</span> <span class='ocrx_word' id='word_1_153' title='bbox 883 2046 992 2098; x_wconf 88' lang='grc' dir='ltr'><strong>τῶν</strong></span> <span class='ocrx_word' id='word_1_154' title='bbox 1044 2044 1143 2113; x_wconf 77' lang='grc' dir='ltr'>μὲν</span> <span class='ocrx_word' id='word_1_155' title='bbox 1190 2043 1652 2111; x_wconf 75' lang='grc' dir='ltr'>προσπιπτόντων</span> <span class='ocrx_word' id='word_1_156' title='bbox 1705 2037 1775 2110; x_wconf 84' lang='grc' dir='ltr'>ἦν</span> <span class='ocrx_word' id='word_1_157' title='bbox 1832 2040 2058 2111; x_wconf 77' lang='grc' dir='ltr'>ἁρπαγὴ</span> 
     </span>
    </p>
   </div>
   <div class='ocr_carea' id='block_1_21' title="bbox 478 2131 2060 2208">
    <p class='ocr_par' dir='ltr' id='par_1_21' title="bbox 478 2131 2060 2208">
     <span class='ocr_line' id='line_1_21' title="bbox 478 2131 2060 2208; baseline -0.009 -11"><span class='ocrx_word' id='word_1_158' title='bbox 478 2146 573 2196; x_wconf 73' lang='grc' dir='ltr'>καὶ</span> <span class='ocrx_word' id='word_1_159' title='bbox 617 2136 1000 2208; x_wconf 80' lang='grc' dir='ltr'>αἰχμαλωσία,</span> <span class='ocrx_word' id='word_1_160' title='bbox 1052 2135 1164 2186; x_wconf 91' lang='grc' dir='ltr'><strong>τῶν</strong></span> <span class='ocrx_word' id='word_1_161' title='bbox 1213 2132 1270 2185; x_wconf 78' lang='grc' dir='ltr'>δὲ</span> <span class='ocrx_word' id='word_1_162' title='bbox 1331 2132 1914 2200; x_wconf 75' lang='grc' dir='ltr'>καταλαμϐανομένων</span> <span class='ocrx_word' id='word_1_163' title='bbox 1964 2131 2060 2183; x_wconf 77' lang='grc' dir='ltr'>καὶ</span> 
     </span>
    </p>
   </div>
   <div class='ocr_carea' id='block_1_22' title="bbox 475 2221 2058 2296">
    <p class='ocr_par' dir='ltr' id='par_1_22' title="bbox 475 2221 2058 2296">
     <span class='ocr_line' id='line_1_22' title="bbox 475 2221 2058 2296; baseline -0.007 -13"><span class='ocrx_word' id='word_1_164' title='bbox 475 2228 888 2296; x_wconf 76' lang='grc' dir='ltr'>ἀνθισταμένων</span> <span class='ocrx_word' id='word_1_165' title='bbox 942 2224 1171 2292; x_wconf 75' lang='grc' dir='ltr'>σφαγή·</span> <span class='ocrx_word' id='word_1_166' title='bbox 1222 2223 1316 2274; x_wconf 78' lang='grc' dir='ltr'>καὶ</span> <span class='ocrx_word' id='word_1_167' title='bbox 1362 2222 1617 2290; x_wconf 73' lang='grc' dir='ltr'>οὐδαμῶς</span> <span class='ocrx_word' id='word_1_168' title='bbox 1661 2223 1696 2290; x_wconf 72' lang='grc' dir='ltr'><strong>ἡ</strong></span> <span class='ocrx_word' id='word_1_169' title='bbox 1746 2223 1816 2291; x_wconf 78' lang='grc' dir='ltr'>γῆ</span> <span class='ocrx_word' id='word_1_170' title='bbox 1858 2221 1913 2274; x_wconf 75' lang='grc' dir='ltr'>ἐν</span> <span class='ocrx_word' id='word_1_171' title='bbox 1946 2237 2058 2273; x_wconf 86' lang='grc' dir='ltr'>τισι</span> 
     </span>
    </p>
   </div>
   <div class='ocr_carea' id='block_1_23' title="bbox 475 2309 2058 2386">
    <p class='ocr_par' dir='ltr' id='par_1_23' title="bbox 475 2309 2058 2386">
     <span class='ocr_line' id='line_1_23' title="bbox 475 2309 2058 2386; baseline -0.007 -11"><span class='ocrx_word' id='word_1_172' title='bbox 475 2323 664 2383; x_wconf 84' lang='grc' dir='ltr'>τόποις</span> <span class='ocrx_word' id='word_1_173' title='bbox 719 2312 806 2370; x_wconf 69' lang='grc' dir='ltr'><strong>ἔχ’</strong></span> <span class='ocrx_word' id='word_1_174' title='bbox 846 2317 956 2368; x_wconf 91' lang='grc' dir='ltr'><strong>τῶν</strong></span> <span class='ocrx_word' id='word_1_175' title='bbox 1001 2314 1214 2386; x_wconf 78' lang='grc' dir='ltr'>νεκρῶν</span> <span class='ocrx_word' id='word_1_176' title='bbox 1277 2313 1613 2381; x_wconf 81' lang='grc' dir='ltr'>διεφαίνετο.</span> <span class='ocrx_word' id='word_1_177' title='bbox 1640 2313 1752 2365; x_wconf 80' lang='grc' dir='ltr'><strong>Καὶ</strong></span> <span class='ocrx_word' id='word_1_178' title='bbox 1807 2309 1876 2381; x_wconf 74' lang='grc' dir='ltr'>ἦν</span> <span class='ocrx_word' id='word_1_179' title='bbox 1928 2312 2058 2365; x_wconf 89' lang='grc' dir='ltr'>ίδεῖν</span> 
     </span>
    </p>
   </div>
   <div class='ocr_carea' id='block_1_24' title="bbox 475 2402 2058 2482">
    <p class='ocr_par' dir='ltr' id='par_1_24' title="bbox 475 2402 2058 2482">
     <span class='ocr_line' id='line_1_24' title="bbox 475 2402 2058 2482; baseline -0.008 -16"><span class='ocrx_word' id='word_1_180' title='bbox 475 2413 662 2482; x_wconf 82' lang='grc' dir='ltr'>Θέαμα</span> <span class='ocrx_word' id='word_1_181' title='bbox 688 2409 839 2474; x_wconf 79' lang='grc' dir='ltr'>ξένον</span> <span class='ocrx_word' id='word_1_182' title='bbox 870 2408 966 2461; x_wconf 70' lang='grc' dir='ltr'>καὶ</span> <span class='ocrx_word' id='word_1_183' title='bbox 1000 2405 1238 2476; x_wconf 82' lang='grc' dir='ltr'>Θρὴνους</span> <span class='ocrx_word' id='word_1_184' title='bbox 1272 2404 1500 2465; x_wconf 74' lang='grc' dir='ltr'>πολλοὺς</span> <span class='ocrx_word' id='word_1_185' title='bbox 1527 2405 1623 2456; x_wconf 77' lang='grc' dir='ltr'>καὶ</span> <span class='ocrx_word' id='word_1_186' title='bbox 1653 2405 1931 2466; x_wconf 80' lang='grc' dir='ltr'>ποικίλους</span> <span class='ocrx_word' id='word_1_187' title='bbox 1962 2402 2058 2456; x_wconf 79' lang='grc' dir='ltr'>καὶ</span> 
     </span>
    </p>
   </div>
   <div class='ocr_carea' id='block_1_25' title="bbox 477 2493 2058 2573">
    <p class='ocr_par' dir='ltr' id='par_1_25' title="bbox 477 2493 2058 2573">
     <span class='ocr_line' id='line_1_25' title="bbox 477 2493 2058 2573; baseline -0.008 -16"><span class='ocrx_word' id='word_1_188' title='bbox 477 2503 827 2573; x_wconf 75' lang='grc' dir='ltr'>ἀμετρήτως</span> <span class='ocrx_word' id='word_1_189' title='bbox 881 2496 1388 2566; x_wconf 72' lang='grc' dir='ltr'>ἀνδραποδισμοὺς,</span> <span class='ocrx_word' id='word_1_190' title='bbox 1427 2495 1594 2565; x_wconf 78' lang='grc'><strong>289</strong></span> <span class='ocrx_word' id='word_1_191' title='bbox 1649 2495 1761 2547; x_wconf 88' lang='grc' dir='ltr'><strong>τῶν</strong></span> <span class='ocrx_word' id='word_1_192' title='bbox 1815 2493 2058 2560; x_wconf 75' lang='grc' dir='ltr'>εὐγενῶν</span> 
     </span>
    </p>
   </div>
   <div class='ocr_carea' id='block_1_26' title="bbox 477 2583 2056 2667">
    <p class='ocr_par' dir='ltr' id='par_1_26' title="bbox 477 2583 2056 2667">
     <span class='ocr_line' id='line_1_26' title="bbox 477 2583 2056 2667; baseline -0.009 -17"><span class='ocrx_word' id='word_1_193' title='bbox 477 2596 763 2667; x_wconf 80' lang='grc' dir='ltr'>ἀρχουσῶν</span> <span class='ocrx_word' id='word_1_194' title='bbox 795 2592 891 2646; x_wconf 79' lang='grc' dir='ltr'>καὶ</span> <span class='ocrx_word' id='word_1_195' title='bbox 919 2589 1210 2660; x_wconf 83' lang='grc' dir='ltr'>παρθένων</span> <span class='ocrx_word' id='word_1_196' title='bbox 1255 2591 1353 2640; x_wconf 61' lang='grc' dir='ltr'><strong>καὶ⁵</strong></span> <span class='ocrx_word' id='word_1_197' title='bbox 1396 2587 1802 2656; x_wconf 77' lang='grc' dir='ltr'>ἀφιερωμένων</span> <span class='ocrx_word' id='word_1_198' title='bbox 1827 2585 1905 2654; x_wconf 81' lang='grc' dir='ltr'>τῷ</span> <span class='ocrx_word' id='word_1_199' title='bbox 1937 2583 2056 2652; x_wconf 86' lang='grc' dir='ltr'><strong>Θεῷ</strong></span> 
     </span>
    </p>
   </div>
   <div class='ocr_carea' id='block_1_27' title="bbox 474 2676 2056 2758">
    <p class='ocr_par' dir='ltr' id='par_1_27' title="bbox 474 2676 2056 2758">
     <span class='ocr_line' id='line_1_27' title="bbox 474 2676 2056 2758; baseline -0.01 -16"><span class='ocrx_word' id='word_1_200' title='bbox 474 2687 792 2758; x_wconf 84' lang='grc' dir='ltr'>συρομένων</span> <span class='ocrx_word' id='word_1_201' title='bbox 821 2683 927 2736; x_wconf 66' lang='grc' dir='ltr'><strong>ὑπὸ</strong></span> <span class='ocrx_word' id='word_1_202' title='bbox 972 2682 1082 2734; x_wconf 88' lang='grc' dir='ltr'><strong>τῶν</strong></span> <span class='ocrx_word' id='word_1_203' title='bbox 1115 2679 1378 2749; x_wconf 82' lang='grc' dir='ltr'>Τοὺρκων</span> <span class='ocrx_word' id='word_1_204' title='bbox 1408 2679 1496 2731; x_wconf 72' lang='grc' dir='ltr'>διὰ</span> <span class='ocrx_word' id='word_1_205' title='bbox 1547 2677 1658 2729; x_wconf 87' lang='grc' dir='ltr'><strong>τῶν</strong></span> <span class='ocrx_word' id='word_1_206' title='bbox 1697 2676 1930 2746; x_wconf 76' lang='grc' dir='ltr'>ὲθειρῶν</span> <span class='ocrx_word' id='word_1_207' title='bbox 1963 2676 2056 2727; x_wconf 74' lang='grc' dir='ltr'>καὶ</span> 
     </span>
    </p>
   </div>
   <div class='ocr_carea' id='block_1_28' title="bbox 475 2765 2052 2846">
    <p class='ocr_par' dir='ltr' id='par_1_28' title="bbox 475 2765 2052 2846">
     <span class='ocr_line' id='line_1_28' title="bbox 475 2765 2052 2846; baseline -0.01 -15"><span class='ocrx_word' id='word_1_208' title='bbox 475 2778 664 2846; x_wconf 81' lang='grc' dir='ltr'>κομῶν</span> <span class='ocrx_word' id='word_1_209' title='bbox 693 2775 785 2827; x_wconf 75' lang='grc' dir='ltr'>καὶ</span> <span class='ocrx_word' id='word_1_210' title='bbox 824 2772 1124 2838; x_wconf 80' lang='grc' dir='ltr'>πλοκάμων</span> <span class='ocrx_word' id='word_1_211' title='bbox 1167 2768 1269 2834; x_wconf 79' lang='grc' dir='ltr'>τῆς</span> <span class='ocrx_word' id='word_1_212' title='bbox 1297 2767 1543 2835; x_wconf 76' lang='grc' dir='ltr'>κεφαλῆς</span> <span class='ocrx_word' id='word_1_213' title='bbox 1576 2765 1780 2831; x_wconf 76' lang='grc' dir='ltr'>ἔξωθεν</span> <span class='ocrx_word' id='word_1_214' title='bbox 1806 2767 1918 2817; x_wconf 89' lang='grc' dir='ltr'><strong>τῶν</strong></span> <span class='ocrx_word' id='word_1_215' title='bbox 1956 2767 2052 2817; x_wconf 70' lang='grc' dir='ltr'><strong>ικ-</strong></span> 
     </span>
    </p>
   </div>
   <div class='ocr_carea' id='block_1_29' title="bbox 472 2853 2055 2936">
    <p class='ocr_par' dir='ltr' id='par_1_29' title="bbox 472 2853 2055 2936">
     <span class='ocr_line' id='line_1_29' title="bbox 472 2853 2055 2936; baseline -0.01 -16"><span class='ocrx_word' id='word_1_216' title='bbox 472 2865 718 2936; x_wconf 83' lang='grc' dir='ltr'>κλησιῶν</span> <span class='ocrx_word' id='word_1_217' title='bbox 777 2863 916 2932; x_wconf 87' lang='grc' dir='ltr'><strong>μετά</strong></span> <span class='ocrx_word' id='word_1_218' title='bbox 971 2859 1229 2928; x_wconf 74' lang='grc' dir='ltr'>ὀδυρμῶν</span> <span class='ocrx_word' id='word_1_219' title='bbox 1283 2855 1551 2925; x_wconf 77' lang='grc' dir='ltr'>ἀνηλεῶς,</span> <span class='ocrx_word' id='word_1_220' title='bbox 1606 2855 1707 2923; x_wconf 74' lang='grc' dir='ltr'>τὴν</span> <span class='ocrx_word' id='word_1_221' title='bbox 1771 2853 1900 2924; x_wconf 79' lang='grc' dir='ltr'>βοὴν</span> <span class='ocrx_word' id='word_1_222' title='bbox 1959 2853 2055 2905; x_wconf 76' lang='grc' dir='ltr'>καὶ</span> 
     </span>
    </p>
   </div>
   <div class='ocr_carea' id='block_1_30' title="bbox 471 2945 2055 3026">
    <p class='ocr_par' dir='ltr' id='par_1_30' title="bbox 471 2945 2055 3026">
     <span class='ocr_line' id='line_1_30' title="bbox 471 2945 2055 3026; baseline -0.01 -14"><span class='ocrx_word' id='word_1_223' title='bbox 471 2955 756 3026; x_wconf 68' lang='grc' dir='ltr'>κλαυθμὸν</span> <span class='ocrx_word' id='word_1_224' title='bbox 787 2955 897 3006; x_wconf 88' lang='grc' dir='ltr'><strong>τῶν</strong></span> <span class='ocrx_word' id='word_1_225' title='bbox 928 2952 1136 3004; x_wconf 79' lang='grc' dir='ltr'>παίδων</span> <span class='ocrx_word' id='word_1_226' title='bbox 1156 2991 1172 3014; x_wconf 92' lang='grc'><strong>,</strong></span> <span class='ocrx_word' id='word_1_227' title='bbox 1201 2949 1329 3012; x_wconf 73' lang='grc' dir='ltr'>τοὺς</span> <span class='ocrx_word' id='word_1_228' title='bbox 1375 2949 1556 3016; x_wconf 75' lang='grc' dir='ltr'>ἱεροὺς</span> <span class='ocrx_word' id='word_1_229' title='bbox 1609 2947 1705 3000; x_wconf 81' lang='grc' dir='ltr'>καὶ</span> <span class='ocrx_word' id='word_1_230' title='bbox 1738 2947 1928 3012; x_wconf 79' lang='grc' dir='ltr'>ἁγίους</span> <span class='ocrx_word' id='word_1_231' title='bbox 1973 2945 2055 2997; x_wconf 73' lang='lat' dir='ltr'><strong>oi-</strong></span> 
     </span>
    </p>
   </div>
   <div class='ocr_carea' id='block_1_31' title="bbox 475 3037 2054 3117">
    <p class='ocr_par' dir='ltr' id='par_1_31' title="bbox 475 3037 2054 3117">
     <span class='ocr_line' id='line_1_31' title="bbox 475 3037 2054 3117; baseline -0.011 -13"><span class='ocrx_word' id='word_1_232' title='bbox 475 3067 607 3112; x_wconf 82' lang='grc' dir='ltr'>κους</span> <span class='ocrx_word' id='word_1_233' title='bbox 638 3045 1124 3117; x_wconf 75' lang='grc' dir='ltr'>λεηλατισμένους,</span> <span class='ocrx_word' id='word_1_234' title='bbox 1155 3041 1216 3093; x_wconf 79' lang='grc' dir='ltr'><strong>τὸ</strong></span> <span class='ocrx_word' id='word_1_235' title='bbox 1255 3041 1532 3110; x_wconf 79' lang='grc' dir='ltr'>φρικῶδες</span> <span class='ocrx_word' id='word_1_236' title='bbox 1574 3039 1670 3091; x_wconf 67' lang='grc' dir='ltr'>καὶ</span> <span class='ocrx_word' id='word_1_237' title='bbox 1713 3037 2054 3105; x_wconf 87' lang='grc' dir='ltr'>ἀκουόμενον</span> 
     </span>
    </p>
   </div>
   <div class='ocr_carea' id='block_1_32' title="bbox 2175 581 3710 653">
    <p class='ocr_par' dir='ltr' id='par_1_32' title="bbox 2175 581 3710 653">
     <span class='ocr_line' id='line_1_32' title="bbox 2175 581 3710 653; baseline 0.005 -21"><span class='ocrx_word' id='word_1_238' title='bbox 2175 581 2243 632; x_wconf 70' lang='grc' dir='ltr'>τὰ</span> <span class='ocrx_word' id='word_1_239' title='bbox 2270 581 2325 632; x_wconf 71' lang='grc' dir='ltr'>δὲ</span> <span class='ocrx_word' id='word_1_240' title='bbox 2359 581 2475 634; x_wconf 86' lang='grc' dir='ltr'><strong>σῶα</strong></span> <span class='ocrx_word' id='word_1_241' title='bbox 2503 581 3044 643; x_wconf 69' lang='grc' dir='ltr'>ὲνεκολπίζοντο,καὶ</span> <span class='ocrx_word' id='word_1_242' title='bbox 3076 583 3202 644; x_wconf 71' lang='grc' dir='ltr'>τοὺς</span> <span class='ocrx_word' id='word_1_243' title='bbox 3229 584 3710 653; x_wconf 64' lang='grc' dir='ltr'>ὲγκεκοσμημίωυς</span> 
     </span>
    </p>
   </div>
   <div class='ocr_carea' id='block_1_33' title="bbox 2172 671 3713 741">
    <p class='ocr_par' dir='ltr' id='par_1_33' title="bbox 2172 671 3713 741">
     <span class='ocr_line' id='line_1_33' title="bbox 2172 671 3713 741; baseline 0.001 -17"><span class='ocrx_word' id='word_1_244' title='bbox 2172 672 2415 740; x_wconf 78' lang='grc' dir='ltr'>κόσμους</span> <span class='ocrx_word' id='word_1_245' title='bbox 2474 672 2680 741; x_wconf 77' lang='grc' dir='ltr'>ὁμοίως</span> <span class='ocrx_word' id='word_1_246' title='bbox 2732 671 2980 737; x_wconf 77' lang='grc' dir='ltr'>ἐποίουν,</span> <span class='ocrx_word' id='word_1_247' title='bbox 3044 672 3141 723; x_wconf 85' lang='grc' dir='ltr'>καὶ</span> <span class='ocrx_word' id='word_1_248' title='bbox 3194 672 3293 734; x_wconf 77' lang='grc' dir='ltr'>τὰς</span> <span class='ocrx_word' id='word_1_249' title='bbox 3341 673 3502 738; x_wconf 80' lang='grc' dir='ltr'>ἀγίας</span> <span class='ocrx_word' id='word_1_250' title='bbox 3531 674 3713 738; x_wconf 78' lang='grc' dir='ltr'>είκὸνας</span> 
     </span>
    </p>
   </div>
   <div class='ocr_carea' id='block_1_34' title="bbox 2172 762 3709 833">
    <p class='ocr_par' dir='ltr' id='par_1_34' title="bbox 2172 762 3709 833">
     <span class='ocr_line' id='line_1_34' title="bbox 2172 762 3709 833; baseline 0.002 -18"><span class='ocrx_word' id='word_1_251' title='bbox 2172 763 2312 833; x_wconf 85' lang='grc' dir='ltr'><strong>μετά</strong></span> <span class='ocrx_word' id='word_1_252' title='bbox 2339 763 2542 831; x_wconf 87' lang='grc' dir='ltr'>χρυσοῦ</span> <span class='ocrx_word' id='word_1_253' title='bbox 2567 764 2661 815; x_wconf 67' lang='grc' dir='ltr'>καὶ</span> <span class='ocrx_word' id='word_1_254' title='bbox 2689 764 2937 831; x_wconf 76' lang='grc' dir='ltr'>ἀργύρου</span> <span class='ocrx_word' id='word_1_255' title='bbox 2969 765 3065 816; x_wconf 72' lang='grc' dir='ltr'>καὶ</span> <span class='ocrx_word' id='word_1_256' title='bbox 3094 763 3261 814; x_wconf 77' lang='grc' dir='ltr'>λίθων</span> <span class='ocrx_word' id='word_1_257' title='bbox 3292 762 3601 833; x_wconf 74' lang='grc' dir='ltr'>πολυτίμων</span> <span class='ocrx_word' id='word_1_258' title='bbox 3628 783 3709 818; x_wconf 77' lang='grc' dir='ltr'>κα-</span> 
     </span>
    </p>
   </div>
   <div class='ocr_carea' id='block_1_35' title="bbox 2168 855 3714 923">
    <p class='ocr_par' dir='ltr' id='par_1_35' title="bbox 2168 855 3714 923">
     <span class='ocr_line' id='line_1_35' title="bbox 2168 855 3714 923; baseline 0 -15"><span class='ocrx_word' id='word_1_259' title='bbox 2168 857 2462 916; x_wconf 85' lang='grc' dir='ltr'>τεπάτουν,</span> <span class='ocrx_word' id='word_1_260' title='bbox 2502 858 2595 906; x_wconf 75' lang='grc' dir='ltr'>καὶ</span> <span class='ocrx_word' id='word_1_261' title='bbox 2647 857 2774 916; x_wconf 77' lang='grc' dir='ltr'>τοῦς</span> <span class='ocrx_word' id='word_1_262' title='bbox 2817 855 3058 923; x_wconf 81' lang='grc' dir='ltr'>κόσμους</span> <span class='ocrx_word' id='word_1_263' title='bbox 3104 855 3365 922; x_wconf 75' lang='grc' dir='ltr'>αἴροντες</span> <span class='ocrx_word' id='word_1_264' title='bbox 3417 855 3595 917; x_wconf 86' lang='grc' dir='ltr'>κλίνας</span> <span class='ocrx_word' id='word_1_265' title='bbox 3639 860 3714 909; x_wconf 72' lang='grc' dir='ltr'>καὶ</span> 
     </span>
    </p>
   </div>
   <div class='ocr_carea' id='block_1_36' title="bbox 2167 943 3715 1017">
    <p class='ocr_par' dir='ltr' id='par_1_36' title="bbox 2167 943 3715 1017">
     <span class='ocr_line' id='line_1_36' title="bbox 2167 943 3715 1017; baseline 0 -19"><span class='ocrx_word' id='word_1_266' title='bbox 2167 947 2448 1017; x_wconf 74' lang='grc' dir='ltr'>τραπέζας</span> <span class='ocrx_word' id='word_1_267' title='bbox 2483 947 2723 1006; x_wconf 74' lang='grc' dir='ltr'>ἐποίουν,</span> <span class='ocrx_word' id='word_1_268' title='bbox 2755 947 2852 998; x_wconf 75' lang='grc' dir='ltr'>καὶ</span> <span class='ocrx_word' id='word_1_269' title='bbox 2889 947 3029 1013; x_wconf 80' lang='grc' dir='ltr'><strong>μετά</strong></span> <span class='ocrx_word' id='word_1_270' title='bbox 3066 945 3175 996; x_wconf 90' lang='grc' dir='ltr'><strong>τῶν</strong></span> <span class='ocrx_word' id='word_1_271' title='bbox 3205 943 3506 1014; x_wconf 80' lang='grc' dir='ltr'>ίερατικῶν</span> <span class='ocrx_word' id='word_1_272' title='bbox 3544 947 3715 999; x_wconf 80' lang='grc' dir='ltr'>στολῶν</span> 
     </span>
    </p>
   </div>
   <div class='ocr_carea' id='block_1_37' title="bbox 2168 1036 3716 1106">
    <p class='ocr_par' dir='ltr' id='par_1_37' title="bbox 2168 1036 3716 1106">
     <span class='ocr_line' id='line_1_37' title="bbox 2168 1036 3716 1106; baseline -0.003 -16"><span class='ocrx_word' id='word_1_273' title='bbox 2168 1041 2264 1090; x_wconf 71' lang='grc' dir='ltr'>καὶ</span> <span class='ocrx_word' id='word_1_274' title='bbox 2299 1037 2614 1106; x_wconf 70' lang='grc' dir='ltr'>ἐνδυμάτων</span> <span class='ocrx_word' id='word_1_275' title='bbox 2648 1037 2759 1089; x_wconf 85' lang='grc' dir='ltr'><strong>τῶν</strong></span> <span class='ocrx_word' id='word_1_276' title='bbox 2790 1037 2863 1088; x_wconf 65' lang='grc' dir='ltr'><strong>ὲκρ</strong></span> <span class='ocrx_word' id='word_1_277' title='bbox 2896 1036 3143 1104; x_wconf 86' lang='grc' dir='ltr'>σηρικῶν</span> <span class='ocrx_word' id='word_1_278' title='bbox 3177 1037 3272 1087; x_wconf 73' lang='grc' dir='ltr'>καὶ</span> <span class='ocrx_word' id='word_1_279' title='bbox 3317 1037 3716 1103; x_wconf 61' lang='grc' dir='ltr'>χρυσοῦφάντων</span> 
     </span>
    </p>
   </div>
   <div class='ocr_carea' id='block_1_38' title="bbox 2167 1128 3716 1192">
    <p class='ocr_par' dir='ltr' id='par_1_38' title="bbox 2167 1128 3716 1192">
     <span class='ocr_line' id='line_1_38' title="bbox 2167 1128 3716 1192; baseline -0.002 -8"><span class='ocrx_word' id='word_1_280' title='bbox 2167 1133 2338 1184; x_wconf 78' lang='grc' dir='ltr'>ὄντων</span> <span class='ocrx_word' id='word_1_281' title='bbox 2368 1132 2496 1192; x_wconf 76' lang='grc' dir='ltr'>τοῦς</span> <span class='ocrx_word' id='word_1_282' title='bbox 2523 1132 2732 1189; x_wconf 79' lang='grc' dir='ltr'>ἵππους</span> <span class='ocrx_word' id='word_1_283' title='bbox 2780 1130 3108 1191; x_wconf 76' lang='grc' dir='ltr'>ἐσκέπαζον,</span> <span class='ocrx_word' id='word_1_284' title='bbox 3133 1131 3225 1182; x_wconf 66' lang='grc' dir='ltr'><strong>καὶ</strong></span> <span class='ocrx_word' id='word_1_285' title='bbox 3268 1129 3425 1182; x_wconf 76' lang='grc' dir='ltr'>ἄλλοι</span> <span class='ocrx_word' id='word_1_286' title='bbox 3452 1128 3537 1180; x_wconf 75' lang='grc' dir='ltr'><strong>ἐπ’</strong></span> <span class='ocrx_word' id='word_1_287' title='bbox 3562 1130 3716 1192; x_wconf 79' lang='grc' dir='ltr'>αὐτοῖς</span> 
     </span>
    </p>
   </div>
   <div class='ocr_carea' id='block_1_39' title="bbox 2166 1219 3713 1290">
    <p class='ocr_par' dir='ltr' id='par_1_39' title="bbox 2166 1219 3713 1290">
     <span class='ocr_line' id='line_1_39' title="bbox 2166 1219 3713 1290; baseline 0.001 -19"><span class='ocrx_word' id='word_1_288' title='bbox 2166 1220 2381 1290; x_wconf 66' lang='grc' dir='ltr'>ἤσθιον,</span> <span class='ocrx_word' id='word_1_289' title='bbox 2414 1223 2510 1273; x_wconf 73' lang='grc' dir='ltr'>καὶ</span> <span class='ocrx_word' id='word_1_290' title='bbox 2555 1222 2681 1281; x_wconf 66' lang='grc' dir='ltr'>τοὺς</span> <span class='ocrx_word' id='word_1_291' title='bbox 2715 1219 3050 1289; x_wconf 84' lang='grc' dir='ltr'>πολυτίμους</span> <span class='ocrx_word' id='word_1_292' title='bbox 3081 1219 3415 1288; x_wconf 80' lang='grc' dir='ltr'>μαρτάρους</span> <span class='ocrx_word' id='word_1_293' title='bbox 3452 1219 3555 1272; x_wconf 88' lang='grc' dir='ltr'><strong>τῶν</strong></span> <span class='ocrx_word' id='word_1_294' title='bbox 3577 1220 3713 1286; x_wconf 83' lang='grc' dir='ltr'>ἀγίωι</span> 
     </span>
    </p>
   </div>
   <div class='ocr_carea' id='block_1_40' title="bbox 2166 1309 3718 1382">
    <p class='ocr_par' dir='ltr' id='par_1_40' title="bbox 2166 1309 3718 1382">
     <span class='ocr_line' id='line_1_40' title="bbox 2166 1309 3718 1382; baseline 0 -17"><span class='ocrx_word' id='word_1_295' title='bbox 2166 1313 2473 1382; x_wconf 72' lang='grc' dir='ltr'>κειμηλίων</span> <span class='ocrx_word' id='word_1_296' title='bbox 2517 1311 2911 1380; x_wconf 80' lang='grc' dir='ltr'>ἀναρπάστους</span> <span class='ocrx_word' id='word_1_297' title='bbox 2961 1310 3202 1376; x_wconf 75' lang='grc' dir='ltr'>ἐποίουν,</span> <span class='ocrx_word' id='word_1_298' title='bbox 3236 1312 3306 1363; x_wconf 73' lang='grc' dir='ltr'><strong>τὰ</strong></span> <span class='ocrx_word' id='word_1_299' title='bbox 3353 1309 3487 1377; x_wconf 78' lang='grc' dir='ltr'>ἀγια</span> <span class='ocrx_word' id='word_1_300' title='bbox 3524 1309 3718 1378; x_wconf 66' lang='grc' dir='ltr'>λείψανα</span> 
     </span>
    </p>
   </div>
   <div class='ocr_carea' id='block_1_41' title="bbox 2164 1402 3716 1472">
    <p class='ocr_par' dir='ltr' id='par_1_41' title="bbox 2164 1402 3716 1472">
     <span class='ocr_line' id='line_1_41' title="bbox 2164 1402 3716 1472; baseline -0.001 -16"><span class='ocrx_word' id='word_1_301' title='bbox 2164 1403 2638 1465; x_wconf 77' lang='grc' dir='ltr'>καταπατοῦντες.</span> <span class='ocrx_word' id='word_1_302' title='bbox 2670 1404 2776 1455; x_wconf 73' lang='grc' dir='ltr'><strong>Καὶ</strong></span> <span class='ocrx_word' id='word_1_303' title='bbox 2804 1403 2970 1472; x_wconf 75' lang='grc' dir='ltr'>ἔτερα</span> <span class='ocrx_word' id='word_1_304' title='bbox 3002 1403 3492 1470; x_wconf 83' lang='grc' dir='ltr'>ἀνοσιουργήματα</span> <span class='ocrx_word' id='word_1_305' title='bbox 3520 1402 3716 1455; x_wconf 76' lang='grc' dir='ltr'>πλεῖστα</span> 
     </span>
    </p>
   </div>
   <div class='ocr_carea' id='block_1_42' title="bbox 2163 1493 3711 1564">
    <p class='ocr_par' dir='ltr' id='par_1_42' title="bbox 2163 1493 3711 1564">
     <span class='ocr_line' id='line_1_42' title="bbox 2163 1493 3711 1564; baseline 0.001 -17"><span class='ocrx_word' id='word_1_306' title='bbox 2163 1495 2384 1547; x_wconf 64' lang='grc' dir='ltr'>ἐποίουν</span> <span class='ocrx_word' id='word_1_307' title='bbox 2417 1494 2544 1559; x_wconf 77' lang='grc' dir='ltr'>ἄξια</span> <span class='ocrx_word' id='word_1_308' title='bbox 2582 1493 2784 1564; x_wconf 76' lang='grc' dir='ltr'>θρήνου</span> <span class='ocrx_word' id='word_1_309' title='bbox 2820 1496 2869 1546; x_wconf 79' lang='grc' dir='ltr'>οἱ</span> <span class='ocrx_word' id='word_1_310' title='bbox 2901 1494 2993 1546; x_wconf 89' lang='grc' dir='ltr'><strong>τοῦ</strong></span> <span class='ocrx_word' id='word_1_311' title='bbox 3026 1496 3386 1564; x_wconf 80' lang='grc' dir='ltr'>ἀντιχρίστου</span> <span class='ocrx_word' id='word_1_312' title='bbox 3424 1495 3711 1564; x_wconf 66' lang='grc' dir='ltr'>πρόδρομοι.</span> 
     </span>
    </p>
   </div>
   <div class='ocr_carea' id='block_1_43' title="bbox 2165 1586 3716 1656">
    <p class='ocr_par' dir='ltr' id='par_1_43' title="bbox 2165 1586 3716 1656">
     <span class='ocr_line' id='line_1_43' title="bbox 2165 1586 3716 1656; baseline -0.002 -16"><span class='ocrx_word' id='word_1_313' title='bbox 2165 1589 2229 1640; x_wconf 77' lang='grc' dir='ltr'><strong><em>Ὠ</em></strong></span> <span class='ocrx_word' id='word_1_314' title='bbox 2266 1587 2378 1640; x_wconf 91' lang='grc' dir='ltr'><strong>τῶν</strong></span> <span class='ocrx_word' id='word_1_315' title='bbox 2418 1587 2600 1654; x_wconf 82' lang='grc' dir='ltr'>σοφῶν</span> <span class='ocrx_word' id='word_1_316' title='bbox 2652 1603 2748 1640; x_wconf 87' lang='grc' dir='ltr'><strong>σου</strong></span> <span class='ocrx_word' id='word_1_317' title='bbox 2799 1587 3111 1654; x_wconf 75' lang='grc' dir='ltr'>χριμάτων,</span> <span class='ocrx_word' id='word_1_318' title='bbox 3147 1589 3360 1656; x_wconf 82' lang='grc' dir='ltr'>Χριστὲ</span> <span class='ocrx_word' id='word_1_319' title='bbox 3398 1586 3631 1656; x_wconf 83' lang='grc' dir='ltr'>βασιλεῦ,</span> <span class='ocrx_word' id='word_1_320' title='bbox 3658 1588 3716 1648; x_wconf 80' lang='grc' dir='ltr'><strong>ὡς</strong></span> 
     </span>
    </p>
   </div>
   <div class='ocr_carea' id='block_1_44' title="bbox 2163 1663 3717 1748">
    <p class='ocr_par' dir='ltr' id='par_1_44' title="bbox 2163 1663 3717 1748">
     <span class='ocr_line' id='line_1_44' title="bbox 2163 1663 3717 1748; baseline -0.003 -15"><span class='ocrx_word' id='word_1_321' title='bbox 2163 1663 2543 1748; x_wconf 72' lang='grc' dir='ltr'>ἀνερμήνευτα</span> <span class='ocrx_word' id='word_1_322' title='bbox 2592 1682 2687 1730; x_wconf 75' lang='grc' dir='ltr'>καὶ</span> <span class='ocrx_word' id='word_1_323' title='bbox 2745 1678 3138 1746; x_wconf 82' lang='grc' dir='ltr'>ἀνεξιχνίαστά</span> <span class='ocrx_word' id='word_1_324' title='bbox 3168 1679 3321 1731; x_wconf 73' lang='lat' dir='ltr'><strong>sict!</strong></span> <span class='ocrx_word' id='word_1_325' title='bbox 3363 1679 3477 1732; x_wconf 77' lang='lat' dir='ltr'><strong>Kal.</strong></span> <span class='ocrx_word' id='word_1_326' title='bbox 3522 1674 3586 1748; x_wconf 76' lang='grc' dir='ltr'>ἦν</span> <span class='ocrx_word' id='word_1_327' title='bbox 3613 1678 3717 1730; x_wconf 72' lang='grc' dir='ltr'>ἰδεῖν</span> 
     </span>
    </p>
   </div>
   <div class='ocr_carea' id='block_1_45' title="bbox 2163 1770 3719 1838">
    <p class='ocr_par' dir='ltr' id='par_1_45' title="bbox 2163 1770 3719 1838">
     <span class='ocr_line' id='line_1_45' title="bbox 2163 1770 3719 1838; baseline -0.001 -14"><span class='ocrx_word' id='word_1_328' title='bbox 2163 1773 2254 1824; x_wconf 58' lang='grc' dir='ltr'><strong>τὸν</strong></span> <span class='ocrx_word' id='word_1_329' title='bbox 2302 1770 2690 1838; x_wconf 68' lang='grc' dir='ltr'>παμμέγιστον</span> <span class='ocrx_word' id='word_1_330' title='bbox 2745 1772 2954 1823; x_wconf 78' lang='grc' dir='ltr'>ἐκεῖνον</span> <span class='ocrx_word' id='word_1_331' title='bbox 2997 1773 3128 1823; x_wconf 74' lang='grc' dir='ltr'>ναὸν</span> <span class='ocrx_word' id='word_1_332' title='bbox 3176 1771 3272 1824; x_wconf 76' lang='grc' dir='ltr'><strong>καὶ</strong></span> <span class='ocrx_word' id='word_1_333' title='bbox 3328 1770 3602 1823; x_wconf 80' lang='grc' dir='ltr'>θειότατον</span> <span class='ocrx_word' id='word_1_334' title='bbox 3642 1771 3719 1837; x_wconf 76' lang='grc' dir='ltr'>τῆς</span> 
     </span>
    </p>
   </div>
   <div class='ocr_carea' id='block_1_46' title="bbox 2165 1860 3718 1930">
    <p class='ocr_par' dir='ltr' id='par_1_46' title="bbox 2165 1860 3718 1930">
     <span class='ocr_line' id='line_1_46' title="bbox 2165 1860 3718 1930; baseline -0.001 -18"><span class='ocrx_word' id='word_1_335' title='bbox 2165 1860 2259 1913; x_wconf 83' lang='grc' dir='ltr'><strong>τοῦ</strong></span> <span class='ocrx_word' id='word_1_336' title='bbox 2319 1861 2456 1912; x_wconf 84' lang='grc' dir='ltr'>Θεοῦ</span> <span class='ocrx_word' id='word_1_337' title='bbox 2519 1860 2730 1928; x_wconf 84' lang='grc' dir='ltr'>σοφίας,</span> <span class='ocrx_word' id='word_1_338' title='bbox 2765 1860 2856 1912; x_wconf 75' lang='grc' dir='ltr'><strong>τὸν</strong></span> <span class='ocrx_word' id='word_1_339' title='bbox 2907 1861 3138 1930; x_wconf 73' lang='grc' dir='ltr'>οὐρανὸν</span> <span class='ocrx_word' id='word_1_340' title='bbox 3195 1861 3290 1915; x_wconf 80' lang='grc' dir='ltr'><strong>τὸν</strong></span> <span class='ocrx_word' id='word_1_341' title='bbox 3346 1862 3608 1929; x_wconf 75' lang='grc' dir='ltr'>ἐπίγειον,</span> <span class='ocrx_word' id='word_1_342' title='bbox 3644 1861 3718 1913; x_wconf 77' lang='grc' dir='ltr'><strong>τὸν</strong></span> 
     </span>
    </p>
   </div>
   <div class='ocr_carea' id='block_1_47' title="bbox 2165 1948 3715 2021">
    <p class='ocr_par' dir='ltr' id='par_1_47' title="bbox 2165 1948 3715 2021">
     <span class='ocr_line' id='line_1_47' title="bbox 2165 1948 3715 2021; baseline 0.001 -19"><span class='ocrx_word' id='word_1_343' title='bbox 2165 1950 2354 2018; x_wconf 80' lang='grc' dir='ltr'>Θρόνον</span> <span class='ocrx_word' id='word_1_344' title='bbox 2403 1949 2503 2017; x_wconf 83' lang='grc' dir='ltr'>τῆς</span> <span class='ocrx_word' id='word_1_345' title='bbox 2535 1948 2695 2016; x_wconf 77' lang='grc' dir='ltr'>δόξης</span> <span class='ocrx_word' id='word_1_346' title='bbox 2734 1950 2828 2002; x_wconf 86' lang='grc' dir='ltr'><strong>τοῦ</strong></span> <span class='ocrx_word' id='word_1_347' title='bbox 2860 1950 3022 2012; x_wconf 87' lang='grc' dir='ltr'>Θεοῦ,</span> <span class='ocrx_word' id='word_1_348' title='bbox 3051 1952 3115 2003; x_wconf 79' lang='grc' dir='ltr'>τὸ</span> <span class='ocrx_word' id='word_1_349' title='bbox 3168 1952 3518 2020; x_wconf 75' lang='grc' dir='ltr'>Χερουϐικὸν</span> <span class='ocrx_word' id='word_1_350' title='bbox 3563 1953 3715 2021; x_wconf 73' lang='grc' dir='ltr'>ὄχημα</span> 
     </span>
    </p>
   </div>
   <div class='ocr_carea' id='block_1_48' title="bbox 2163 2027 3714 2111">
    <p class='ocr_par' dir='ltr' id='par_1_48' title="bbox 2163 2027 3714 2111">
     <span class='ocr_line' id='line_1_48' title="bbox 2163 2027 3714 2111; baseline -0.002 -17"><span class='ocrx_word' id='word_1_351' title='bbox 2163 2044 2254 2094; x_wconf 61' lang='grc' dir='ltr'><strong>καὶ</strong></span> <span class='ocrx_word' id='word_1_352' title='bbox 2300 2043 2592 2111; x_wconf 80' lang='grc' dir='ltr'>στερέωμα</span> <span class='ocrx_word' id='word_1_353' title='bbox 2637 2041 2914 2110; x_wconf 80' lang='grc' dir='ltr'>δεύτερον,</span> <span class='ocrx_word' id='word_1_354' title='bbox 2946 2041 3044 2110; x_wconf 74' lang='grc' dir='ltr'>τὴν</span> <span class='ocrx_word' id='word_1_355' title='bbox 3088 2027 3225 2094; x_wconf 76' lang='grc' dir='ltr'>Θεοῦ</span> <span class='ocrx_word' id='word_1_356' title='bbox 3269 2043 3481 2110; x_wconf 83' lang='grc' dir='ltr'>χειρῶν</span> <span class='ocrx_word' id='word_1_357' title='bbox 3509 2044 3714 2109; x_wconf 82' lang='grc' dir='ltr'>ποίησιν,</span> 
     </span>
    </p>
   </div>
   <div class='ocr_carea' id='block_1_49' title="bbox 2162 2130 3716 2202">
    <p class='ocr_par' dir='ltr' id='par_1_49' title="bbox 2162 2130 3716 2202">
     <span class='ocr_line' id='line_1_49' title="bbox 2162 2130 3716 2202; baseline 0.003 -20"><span class='ocrx_word' id='word_1_358' title='bbox 2162 2132 2223 2184; x_wconf 71' lang='grc' dir='ltr'><strong>τὸ</strong></span> <span class='ocrx_word' id='word_1_359' title='bbox 2251 2131 2426 2200; x_wconf 85' lang='grc' dir='ltr'>θέαμα</span> <span class='ocrx_word' id='word_1_360' title='bbox 2470 2131 2566 2182; x_wconf 76' lang='grc' dir='ltr'>καὶ</span> <span class='ocrx_word' id='word_1_361' title='bbox 2594 2130 2758 2200; x_wconf 76' lang='grc' dir='ltr'>ἔργον</span> <span class='ocrx_word' id='word_1_362' title='bbox 2790 2131 2961 2196; x_wconf 76' lang='grc' dir='ltr'>ἄξιον,</span> <span class='ocrx_word' id='word_1_363' title='bbox 2991 2133 3053 2184; x_wconf 78' lang='grc' dir='ltr'>τὸ</span> <span class='ocrx_word' id='word_1_364' title='bbox 3093 2132 3278 2202; x_wconf 76' lang='grc' dir='ltr'>πάσης</span> <span class='ocrx_word' id='word_1_365' title='bbox 3312 2133 3418 2200; x_wconf 81' lang='grc' dir='ltr'><strong>τῆς</strong></span> <span class='ocrx_word' id='word_1_366' title='bbox 3449 2134 3548 2201; x_wconf 79' lang='grc' dir='ltr'>γῆς</span> <span class='ocrx_word' id='word_1_367' title='bbox 3573 2133 3716 2201; x_wconf 82' lang='grc' dir='ltr'>ἀγαλο</span> 
     </span>
    </p>
   </div>
   <div class='ocr_carea' id='block_1_50' title="bbox 2162 2221 3715 2294">
    <p class='ocr_par' dir='ltr' id='par_1_50' title="bbox 2162 2221 3715 2294">
     <span class='ocr_line' id='line_1_50' title="bbox 2162 2221 3715 2294; baseline 0.001 -21"><span class='ocrx_word' id='word_1_368' title='bbox 2162 2223 2354 2290; x_wconf 87' lang='grc' dir='ltr'>λίαμα,</span> <span class='ocrx_word' id='word_1_369' title='bbox 2398 2223 2492 2275; x_wconf 80' lang='grc' dir='ltr'>τὸν</span> <span class='ocrx_word' id='word_1_370' title='bbox 2534 2221 2735 2291; x_wconf 85' lang='grc' dir='ltr'>ὡραῖον</span> <span class='ocrx_word' id='word_1_371' title='bbox 2769 2222 2934 2293; x_wconf 72' lang='grc'><strong>290</strong></span> <span class='ocrx_word' id='word_1_372' title='bbox 2968 2224 3064 2276; x_wconf 79' lang='grc' dir='ltr'>καὶ</span> <span class='ocrx_word' id='word_1_373' title='bbox 3097 2222 3323 2291; x_wconf 84' lang='grc' dir='ltr'>ὡραίων</span> <span class='ocrx_word' id='word_1_374' title='bbox 3376 2224 3715 2294; x_wconf 78' lang='grc' dir='ltr'>ὡραιότερονο</span> 
     </span>
    </p>
   </div>
   <div class='ocr_carea' id='block_1_51' title="bbox 2161 2307 3714 2382">
    <p class='ocr_par' dir='ltr' id='par_1_51' title="bbox 2161 2307 3714 2382">
     <span class='ocr_line' id='line_1_51' title="bbox 2161 2307 3714 2382; baseline 0.001 -16"><span class='ocrx_word' id='word_1_375' title='bbox 2161 2307 2222 2367; x_wconf 77' lang='grc' dir='ltr'><strong>οῦ</strong></span> <span class='ocrx_word' id='word_1_376' title='bbox 2253 2312 2460 2366; x_wconf 83' lang='grc' dir='ltr'>έσωθεν</span> <span class='ocrx_word' id='word_1_377' title='bbox 2489 2312 2600 2365; x_wconf 90' lang='grc' dir='ltr'><strong>τῶν</strong></span> <span class='ocrx_word' id='word_1_378' title='bbox 2645 2314 2861 2367; x_wconf 84' lang='grc' dir='ltr'>ἀδύτων</span> <span class='ocrx_word' id='word_1_379' title='bbox 2916 2315 3010 2367; x_wconf 80' lang='grc' dir='ltr'>καὶ</span> <span class='ocrx_word' id='word_1_380' title='bbox 3041 2315 3256 2369; x_wconf 80' lang='grc' dir='ltr'>ἀνωθεν</span> <span class='ocrx_word' id='word_1_381' title='bbox 3286 2316 3407 2369; x_wconf 88' lang='grc' dir='ltr'><strong>τῶν</strong></span> <span class='ocrx_word' id='word_1_382' title='bbox 3452 2315 3714 2382; x_wconf 75' lang='grc' dir='ltr'>θυσιαστη-</span> 
     </span>
    </p>
   </div>
   <div class='ocr_carea' id='block_1_52' title="bbox 2162 2405 3716 2478">
    <p class='ocr_par' dir='ltr' id='par_1_52' title="bbox 2162 2405 3716 2478">
     <span class='ocr_line' id='line_1_52' title="bbox 2162 2405 3716 2478; baseline 0 -20"><span class='ocrx_word' id='word_1_383' title='bbox 2162 2406 2295 2476; x_wconf 87' lang='grc' dir='ltr'>ρίων</span> <span class='ocrx_word' id='word_1_384' title='bbox 2349 2405 2446 2460; x_wconf 80' lang='grc' dir='ltr'>καὶ</span> <span class='ocrx_word' id='word_1_385' title='bbox 2501 2407 2793 2474; x_wconf 80' lang='grc' dir='ltr'>τραπεζῶν</span> <span class='ocrx_word' id='word_1_386' title='bbox 2846 2407 3038 2478; x_wconf 71' lang='grc' dir='ltr'>ἢσθιον</span> <span class='ocrx_word' id='word_1_387' title='bbox 3091 2408 3186 2460; x_wconf 82' lang='grc' dir='ltr'>καὶ</span> <span class='ocrx_word' id='word_1_388' title='bbox 3236 2408 3455 2471; x_wconf 74' lang='grc' dir='ltr'>ἔπινον,</span> <span class='ocrx_word' id='word_1_389' title='bbox 3507 2409 3597 2461; x_wconf 81' lang='grc' dir='ltr'>καὶ</span> <span class='ocrx_word' id='word_1_390' title='bbox 3637 2405 3716 2468; x_wconf 67' lang='grc' dir='ltr'>τὰς</span> 
     </span>
    </p>
   </div>
   <div class='ocr_carea' id='block_1_53' title="bbox 2159 2499 3713 2569">
    <p class='ocr_par' dir='ltr' id='par_1_53' title="bbox 2159 2499 3713 2569">
     <span class='ocr_line' id='line_1_53' title="bbox 2159 2499 3713 2569; baseline -0.002 -18"><span class='ocrx_word' id='word_1_391' title='bbox 2159 2499 2412 2567; x_wconf 79' lang='grc' dir='ltr'>ἀσελγεῖς</span> <span class='ocrx_word' id='word_1_392' title='bbox 2441 2499 2670 2568; x_wconf 86' lang='grc' dir='ltr'>γνώμας</span> <span class='ocrx_word' id='word_1_393' title='bbox 2702 2501 2797 2552; x_wconf 73' lang='grc' dir='ltr'>καὶ</span> <span class='ocrx_word' id='word_1_394' title='bbox 2828 2499 3038 2569; x_wconf 78' lang='grc' dir='ltr'>ὀρέξεις</span> <span class='ocrx_word' id='word_1_395' title='bbox 3068 2500 3253 2552; x_wconf 79' lang='grc' dir='ltr'>αὐτῶν</span> <span class='ocrx_word' id='word_1_396' title='bbox 3291 2501 3440 2569; x_wconf 84' lang='grc' dir='ltr'><strong>μετά</strong></span> <span class='ocrx_word' id='word_1_397' title='bbox 3469 2499 3713 2566; x_wconf 84' lang='grc' dir='ltr'>γυναικῶν</span> 
     </span>
    </p>
   </div>
   <div class='ocr_carea' id='block_1_54' title="bbox 2159 2589 3715 2658">
    <p class='ocr_par' dir='ltr' id='par_1_54' title="bbox 2159 2589 3715 2658">
     <span class='ocr_line' id='line_1_54' title="bbox 2159 2589 3715 2658; baseline -0.002 -16"><span class='ocrx_word' id='word_1_398' title='bbox 2159 2591 2255 2642; x_wconf 68' lang='grc' dir='ltr'><strong>καλ⁸</strong></span> <span class='ocrx_word' id='word_1_399' title='bbox 2301 2589 2591 2658; x_wconf 77' lang='grc' dir='ltr'>παρθένων</span> <span class='ocrx_word' id='word_1_400' title='bbox 2637 2591 2737 2651; x_wconf 77' lang='grc' dir='ltr'>καὶ</span> <span class='ocrx_word' id='word_1_401' title='bbox 2785 2590 2994 2642; x_wconf 82' lang='grc' dir='ltr'>παίδων</span> <span class='ocrx_word' id='word_1_402' title='bbox 3054 2590 3345 2644; x_wconf 76' lang='grc' dir='ltr'>έπάνωθεν</span> <span class='ocrx_word' id='word_1_403' title='bbox 3399 2593 3605 2643; x_wconf 78' lang='grc' dir='ltr'>ἐποίουν</span> <span class='ocrx_word' id='word_1_404' title='bbox 3641 2589 3715 2641; x_wconf 71' lang='grc' dir='ltr'>καὶ</span> 
     </span>
    </p>
   </div>
   <div class='ocr_carea' id='block_1_55' title="bbox 2158 2679 3712 2751">
    <p class='ocr_par' dir='ltr' id='par_1_55' title="bbox 2158 2679 3712 2751">
     <span class='ocr_line' id='line_1_55' title="bbox 2158 2679 3712 2751; baseline -0.001 -18"><span class='ocrx_word' id='word_1_405' title='bbox 2158 2683 2452 2750; x_wconf 74' lang='grc' dir='ltr'>ἔπραττον.</span> <span class='ocrx_word' id='word_1_406' title='bbox 2484 2680 2584 2743; x_wconf 87' lang='grc' dir='ltr'>Τίς</span> <span class='ocrx_word' id='word_1_407' title='bbox 2617 2679 2694 2749; x_wconf 82' lang='grc' dir='ltr'><strong>μὴ</strong></span> <span class='ocrx_word' id='word_1_408' title='bbox 2726 2679 2979 2751; x_wconf 78' lang='grc' dir='ltr'>θρηνὴσῃ</span> <span class='ocrx_word' id='word_1_409' title='bbox 3030 2697 3108 2742; x_wconf 81' lang='grc' dir='ltr'><strong>σε,</strong></span> <span class='ocrx_word' id='word_1_410' title='bbox 3137 2683 3261 2750; x_wconf 82' lang='grc' dir='ltr'>ἀγιε</span> <span class='ocrx_word' id='word_1_411' title='bbox 3295 2684 3437 2748; x_wconf 75' lang='grc' dir='ltr'>ναές</span> <span class='ocrx_word' id='word_1_412' title='bbox 3470 2685 3560 2736; x_wconf 79' lang='grc' dir='ltr'><strong>καὶ</strong></span> <span class='ocrx_word' id='word_1_413' title='bbox 3602 2700 3712 2734; x_wconf 78' lang='grc' dir='ltr'>παν-</span> 
     </span>
    </p>
   </div>
   <div class='ocr_carea' id='block_1_56' title="bbox 2157 2765 3714 2844">
    <p class='ocr_par' dir='ltr' id='par_1_56' title="bbox 2157 2765 3714 2844">
     <span class='ocr_line' id='line_1_56' title="bbox 2157 2765 3714 2844; baseline -0.003 -17"><span class='ocrx_word' id='word_1_414' title='bbox 2157 2773 2324 2844; x_wconf 85' lang='grc' dir='ltr'>ταχοῦ</span> <span class='ocrx_word' id='word_1_415' title='bbox 2358 2774 2468 2826; x_wconf 79' lang='grc' dir='ltr'>πᾶν</span> <span class='ocrx_word' id='word_1_416' title='bbox 2520 2771 2692 2824; x_wconf 81' lang='grc' dir='ltr'>κακὸν</span> <span class='ocrx_word' id='word_1_417' title='bbox 2713 2765 2805 2841; x_wconf 80' lang='grc' dir='ltr'>ἦν,</span> <span class='ocrx_word' id='word_1_418' title='bbox 2839 2773 2935 2823; x_wconf 81' lang='grc' dir='ltr'>καὶ</span> <span class='ocrx_word' id='word_1_419' title='bbox 2985 2773 3135 2824; x_wconf 80' lang='grc' dir='ltr'>πᾶσα</span> <span class='ocrx_word' id='word_1_420' title='bbox 3178 2773 3402 2843; x_wconf 77' lang='grc' dir='ltr'>κεφαλὴ</span> <span class='ocrx_word' id='word_1_421' title='bbox 3451 2776 3611 2844; x_wconf 69' lang='grc' dir='ltr'>ηλγει.</span> <span class='ocrx_word' id='word_1_422' title='bbox 3642 2772 3714 2824; x_wconf 81' lang='grc' dir='ltr'>Ἐν</span> 
     </span>
    </p>
   </div>
   <div class='ocr_carea' id='block_1_57' title="bbox 2157 2858 3712 2934">
    <p class='ocr_par' dir='ltr' id='par_1_57' title="bbox 2157 2858 3712 2934">
     <span class='ocr_line' id='line_1_57' title="bbox 2157 2858 3712 2934; baseline -0.006 -16"><span class='ocrx_word' id='word_1_423' title='bbox 2157 2867 2327 2927; x_wconf 88' lang='grc' dir='ltr'>οῖκοις</span> <span class='ocrx_word' id='word_1_424' title='bbox 2359 2862 2550 2934; x_wconf 81' lang='grc' dir='ltr'>Θρῆνοι</span> <span class='ocrx_word' id='word_1_425' title='bbox 2585 2861 2683 2914; x_wconf 79' lang='grc' dir='ltr'>καὶ</span> <span class='ocrx_word' id='word_1_426' title='bbox 2725 2858 3020 2930; x_wconf 71' lang='grc' dir='ltr'>κλαυθμοὶ,</span> <span class='ocrx_word' id='word_1_427' title='bbox 3051 2862 3109 2912; x_wconf 78' lang='grc' dir='ltr'><strong>έν</strong></span> <span class='ocrx_word' id='word_1_428' title='bbox 3136 2861 3380 2927; x_wconf 75' lang='grc' dir='ltr'>τριόδοις</span> <span class='ocrx_word' id='word_1_429' title='bbox 3409 2862 3638 2930; x_wconf 59' lang='grc' dir='ltr'>ὀδυρμοτ,</span> <span class='ocrx_word' id='word_1_430' title='bbox 3667 2862 3712 2910; x_wconf 74' lang='lat' dir='ltr'><strong>is</strong></span> 
     </span>
    </p>
   </div>
   <div class='ocr_carea' id='block_1_58' title="bbox 2157 2952 3711 3027">
    <p class='ocr_par' dir='ltr' id='par_1_58' title="bbox 2157 2952 3711 3027">
     <span class='ocr_line' id='line_1_58' title="bbox 2157 2952 3711 3027; baseline -0.008 -15"><span class='ocrx_word' id='word_1_431' title='bbox 2157 2961 2307 3022; x_wconf 84' lang='grc' dir='ltr'>ναοῖς</span> <span class='ocrx_word' id='word_1_432' title='bbox 2335 2957 2661 3027; x_wconf 71' lang='grc' dir='ltr'>ὀλοφυρμοὶ,</span> <span class='ocrx_word' id='word_1_433' title='bbox 2697 2955 2916 3025; x_wconf 86' lang='grc' dir='ltr'>ἀνδρῶν</span> <span class='ocrx_word' id='word_1_434' title='bbox 2945 2953 3228 3023; x_wconf 70' lang='grc' dir='ltr'>ίοίμωγαὶ,</span> <span class='ocrx_word' id='word_1_435' title='bbox 3259 2954 3540 3021; x_wconf 84' lang='grc' dir='ltr'>γυναικῶν</span> <span class='ocrx_word' id='word_1_436' title='bbox 3559 2952 3711 3003; x_wconf 71' lang='grc' dir='ltr'>ὀλολυ-</span> 
     </span>
    </p>
   </div>
   <div class='ocr_carea' id='block_1_59' title="bbox 2157 3042 3708 3118">
    <p class='ocr_par' dir='ltr' id='par_1_59' title="bbox 2157 3042 3708 3118">
     <span class='ocr_line' id='line_1_59' title="bbox 2157 3042 3708 3118; baseline -0.008 -15"><span class='ocrx_word' id='word_1_437' title='bbox 2157 3050 2253 3118; x_wconf 76' lang='grc' dir='ltr'>γαὶ</span> <span class='ocrx_word' id='word_1_438' title='bbox 2308 3049 2576 3117; x_wconf 74' lang='grc' dir='ltr'>έλκυσμοὶ</span> <span class='ocrx_word' id='word_1_439' title='bbox 2631 3045 3072 3117; x_wconf 80' lang='grc' dir='ltr'>ἀνδραποδισμοὶ</span> <span class='ocrx_word' id='word_1_440' title='bbox 3127 3044 3478 3113; x_wconf 83' lang='grc' dir='ltr'>διασπασμοί</span> <span class='ocrx_word' id='word_1_441' title='bbox 3528 3059 3580 3096; x_wconf 77' lang='grc' dir='ltr'><strong>τε</strong></span> <span class='ocrx_word' id='word_1_442' title='bbox 3635 3042 3708 3092; x_wconf 78' lang='grc' dir='ltr'>καὶ</span> 
     </span>
    </p>
   </div>
   <div class='ocr_carea' id='block_1_60' title="bbox 473 3124 3707 3209">
    <p class='ocr_par' dir='ltr' id='par_1_60' title="bbox 473 3124 3707 3209">
     <span class='ocr_line' id='line_1_60' title="bbox 473 3124 3707 3209; baseline -0.006 -7"><span class='ocrx_word' id='word_1_443' title='bbox 473 3143 561 3202; x_wconf 78' lang='grc' dir='ltr'><strong>τίς</strong></span> <span class='ocrx_word' id='word_1_444' title='bbox 599 3139 960 3205; x_wconf 76' lang='grc' dir='ltr'>διηγήσεταις</span> <span class='ocrx_word' id='word_1_445' title='bbox 993 3129 1104 3185; x_wconf 76' lang='grc' dir='ltr'><strong>Ἦν</strong></span> <span class='ocrx_word' id='word_1_446' title='bbox 1152 3133 1285 3201; x_wconf 64' lang='grc' dir='ltr'><strong>δρᾷν</strong></span> <span class='ocrx_word' id='word_1_447' title='bbox 1324 3131 1385 3182; x_wconf 77' lang='grc' dir='ltr'><strong>τδ</strong></span> <span class='ocrx_word' id='word_1_448' title='bbox 1431 3131 1575 3182; x_wconf 78' lang='grc' dir='ltr'>θεῖον</span> <span class='ocrx_word' id='word_1_449' title='bbox 1603 3124 1740 3198; x_wconf 61' lang='grc' dir='ltr'>αἷμα</span> <span class='ocrx_word' id='word_1_450' title='bbox 1765 3128 1859 3180; x_wconf 62' lang='grc' dir='ltr'><strong>καὶ</strong></span> <span class='ocrx_word' id='word_1_451' title='bbox 1891 3126 2054 3192; x_wconf 76' lang='grc' dir='ltr'><strong>σῶμα</strong></span> <span class='ocrx_word' id='word_1_452' title='bbox 2079 3147 2125 3209; x_wconf 81' lang='lat' dir='ltr'><strong><em>C</em></strong></span> <span class='ocrx_word' id='word_1_453' title='bbox 2160 3137 2407 3208; x_wconf 86' lang='grc' dir='ltr'>βιασμοί.</span> <span class='ocrx_word' id='word_1_454' title='bbox 2432 3139 2496 3192; x_wconf 85' lang='grc' dir='ltr'>Οί</span> <span class='ocrx_word' id='word_1_455' title='bbox 2535 3137 2730 3205; x_wconf 80' lang='grc' dir='ltr'>σεμνοὶ</span> <span class='ocrx_word' id='word_1_456' title='bbox 2781 3135 2861 3206; x_wconf 80' lang='grc' dir='ltr'>τῷ</span> <span class='ocrx_word' id='word_1_457' title='bbox 2911 3136 3060 3202; x_wconf 82' lang='grc' dir='ltr'>γένει</span> <span class='ocrx_word' id='word_1_458' title='bbox 3109 3134 3327 3203; x_wconf 87' lang='grc' dir='ltr'>ἀτίμως</span> <span class='ocrx_word' id='word_1_459' title='bbox 3377 3132 3707 3202; x_wconf 78' lang='grc' dir='ltr'>περιῆσαν.οί</span> 
     </span>
    </p>
   </div>
   <div class='ocr_carea' id='block_1_61' title="bbox 475 3217 2054 3302">
    <p class='ocr_par' dir='ltr' id='par_1_61' title="bbox 475 3217 2054 3302">
     <span class='ocr_line' id='line_1_61' title="bbox 475 3217 2054 3302; baseline -0.011 -16"><span class='ocrx_word' id='word_1_460' title='bbox 475 3229 717 3302; x_wconf 82' lang='grc' dir='ltr'>Χριστοῦ</span> <span class='ocrx_word' id='word_1_461' title='bbox 747 3225 890 3280; x_wconf 82' lang='grc' dir='ltr'><strong>κατά</strong></span> <span class='ocrx_word' id='word_1_462' title='bbox 921 3225 1028 3292; x_wconf 70' lang='grc' dir='ltr'>γῆς</span> <span class='ocrx_word' id='word_1_463' title='bbox 1052 3223 1314 3294; x_wconf 84' lang='grc' dir='ltr'>χεόμενον</span> <span class='ocrx_word' id='word_1_464' title='bbox 1353 3223 1450 3273; x_wconf 80' lang='grc' dir='ltr'>καὶ</span> <span class='ocrx_word' id='word_1_465' title='bbox 1475 3221 1826 3290; x_wconf 76' lang='grc' dir='ltr'>ῥιπτόμενον,</span> <span class='ocrx_word' id='word_1_466' title='bbox 1860 3219 1955 3271; x_wconf 80' lang='grc' dir='ltr'>καὶ</span> <span class='ocrx_word' id='word_1_467' title='bbox 1985 3217 2054 3268; x_wconf 87' lang='grc' dir='ltr'><strong>τά</strong></span> 
     </span>
    </p>
   </div>
   <div class='ocr_carea' id='block_1_62' title="bbox 477 3395 2052 3472">
    <p class='ocr_par' dir='ltr' id='par_1_62' title="bbox 477 3395 2052 3472">
     <span class='ocr_line' id='line_1_62' title="bbox 477 3395 2052 3472; baseline -0.011 -7"><span class='ocrx_word' id='word_1_468' title='bbox 477 3412 691 3472; x_wconf 86' lang='lat' dir='ltr'><strong>tiassct,</strong></span> <span class='ocrx_word' id='word_1_469' title='bbox 721 3406 893 3462; x_wconf 78' lang='lat' dir='ltr'><strong>edixit</strong></span> <span class='ocrx_word' id='word_1_470' title='bbox 921 3406 988 3466; x_wconf 89' lang='lat' dir='ltr'><strong>is.</strong></span> <span class='ocrx_word' id='word_1_471' title='bbox 1020 3411 1081 3458; x_wconf 92' lang='lat' dir='ltr'><strong>ut</strong></span> <span class='ocrx_word' id='word_1_472' title='bbox 1104 3416 1173 3457; x_wconf 79' lang='lat' dir='ltr'><strong>ex</strong></span> <span class='ocrx_word' id='word_1_473' title='bbox 1215 3408 1378 3469; x_wconf 89' lang='lat' dir='ltr'><strong>pacto</strong></span> <span class='ocrx_word' id='word_1_474' title='bbox 1407 3395 1802 3453; x_wconf 84' lang='lat' dir='ltr'><strong>descenderem</strong></span> <span class='ocrx_word' id='word_1_475' title='bbox 1835 3407 1888 3450; x_wconf 92' lang='lat' dir='ltr'><strong>et</strong></span> <span class='ocrx_word' id='word_1_476' title='bbox 1928 3412 2052 3450; x_wconf 91' lang='lat' dir='ltr'><strong>cum</strong></span> 
     </span>
    </p>
   </div>
   <div class='ocr_carea' id='block_1_63' title="bbox 479 3488 2055 3566">
    <p class='ocr_par' dir='ltr' id='par_1_63' title="bbox 479 3488 2055 3566">
     <span class='ocr_line' id='line_1_63' title="bbox 479 3488 2055 3566; baseline -0.011 -9"><span class='ocrx_word' id='word_1_477' title='bbox 479 3502 605 3558; x_wconf 78' lang='lat' dir='ltr'><strong>navi</strong></span> <span class='ocrx_word' id='word_1_478' title='bbox 638 3509 693 3555; x_wconf 93' lang='lat' dir='ltr'><strong>et</strong></span> <span class='ocrx_word' id='word_1_479' title='bbox 725 3497 875 3552; x_wconf 90' lang='lat' dir='ltr'><strong>omni</strong></span> <span class='ocrx_word' id='word_1_480' title='bbox 913 3492 1252 3566; x_wconf 78' lang='lat' dir='ltr'><strong>supellectile</strong></span> <span class='ocrx_word' id='word_1_481' title='bbox 1300 3505 1398 3546; x_wconf 87' lang='lat' dir='ltr'><strong>sua</strong></span> <span class='ocrx_word' id='word_1_482' title='bbox 1432 3489 1588 3544; x_wconf 89' lang='lat' dir='ltr'><strong>liberi</strong></span> <span class='ocrx_word' id='word_1_483' title='bbox 1633 3497 1834 3545; x_wconf 90' lang='lat' dir='ltr'><strong>essent.</strong></span> <span class='ocrx_word' id='word_1_484' title='bbox 1873 3488 1942 3542; x_wconf 82' lang='lat' dir='ltr'><strong>At</strong></span> <span class='ocrx_word' id='word_1_485' title='bbox 1974 3489 2055 3542; x_wconf 88' lang='lat' dir='ltr'><strong>sic</strong></span> 
     </span>
    </p>
   </div>
   <div class='ocr_carea' id='block_1_64' title="bbox 485 3577 2054 3662">
    <p class='ocr_par' dir='ltr' id='par_1_64' title="bbox 485 3577 2054 3662">
     <span class='ocr_line' id='line_1_64' title="bbox 485 3577 2054 3662; baseline -0.011 -14"><span class='ocrx_word' id='word_1_486' title='bbox 485 3605 703 3662; x_wconf 87' lang='lat' dir='ltr'><strong>quoque</strong></span> <span class='ocrx_word' id='word_1_487' title='bbox 734 3604 873 3658; x_wconf 70' lang='lat' dir='ltr'><strong>aegre</strong></span> <span class='ocrx_word' id='word_1_488' title='bbox 904 3587 970 3641; x_wconf 91' lang='lat' dir='ltr'><strong>iis</strong></span> <span class='ocrx_word' id='word_1_489' title='bbox 1002 3591 1414 3655; x_wconf 86' lang='lat' dir='ltr'><strong>persuaserunt,</strong></span> <span class='ocrx_word' id='word_1_490' title='bbox 1453 3591 1512 3635; x_wconf 94' lang='lat' dir='ltr'><strong>ut</strong></span> <span class='ocrx_word' id='word_1_491' title='bbox 1538 3579 1906 3635; x_wconf 78' lang='lat' dir='ltr'><strong>discederent.</strong></span> <span class='ocrx_word' id='word_1_492' title='bbox 1937 3577 2054 3632; x_wconf 87' lang='lat' dir='ltr'><strong>Duo</strong></span> 
     </span>
    </p>
   </div>
   <div class='ocr_carea' id='block_1_65' title="bbox 482 3669 2055 3744">
    <p class='ocr_par' dir='ltr' id='par_1_65' title="bbox 482 3669 2055 3744">
     <span class='ocr_line' id='line_1_65' title="bbox 482 3669 2055 3744; baseline -0.011 -6"><span class='ocrx_word' id='word_1_493' title='bbox 482 3686 682 3738; x_wconf 81' lang='lat' dir='ltr'><strong>fratres</strong></span> <span class='ocrx_word' id='word_1_494' title='bbox 711 3679 857 3744; x_wconf 84' lang='lat' dir='ltr'><strong>Itali,</strong></span> <span class='ocrx_word' id='word_1_495' title='bbox 882 3677 1086 3730; x_wconf 86' lang='lat' dir='ltr'><strong>Paulus</strong></span> <span class='ocrx_word' id='word_1_496' title='bbox 1115 3683 1165 3729; x_wconf 91' lang='lat' dir='ltr'><strong>et</strong></span> <span class='ocrx_word' id='word_1_497' title='bbox 1193 3671 1414 3727; x_wconf 83' lang='lat' dir='ltr'><strong>Tr&#39;oilus</strong></span> <span class='ocrx_word' id='word_1_498' title='bbox 1446 3670 1788 3733; x_wconf 87' lang='lat' dir='ltr'><strong>nominibus,</strong></span> <span class='ocrx_word' id='word_1_499' title='bbox 1842 3670 1898 3723; x_wconf 90' lang='lat' dir='ltr'><strong>in</strong></span> <span class='ocrx_word' id='word_1_500' title='bbox 1933 3669 2055 3722; x_wconf 91' lang='lat' dir='ltr'><strong>loco</strong></span> 
     </span>
    </p>
   </div>
   <div class='ocr_carea' id='block_1_66' title="bbox 477 3759 2057 3834">
    <p class='ocr_par' dir='ltr' id='par_1_66' title="bbox 477 3759 2057 3834">
     <span class='ocr_line' id='line_1_66' title="bbox 477 3759 2057 3834; baseline -0.011 -6"><span class='ocrx_word' id='word_1_501' title='bbox 477 3774 579 3828; x_wconf 91' lang='lat' dir='ltr'><strong>sibi</strong></span> <span class='ocrx_word' id='word_1_502' title='bbox 617 3769 918 3826; x_wconf 88' lang='lat' dir='ltr'><strong>commisso</strong></span> <span class='ocrx_word' id='word_1_503' title='bbox 943 3782 1069 3820; x_wconf 87' lang='lat' dir='ltr'><strong>cum</strong></span> <span class='ocrx_word' id='word_1_504' title='bbox 1096 3764 1218 3820; x_wconf 88' lang='lat' dir='ltr'><strong>aliis</strong></span> <span class='ocrx_word' id='word_1_505' title='bbox 1242 3763 1429 3818; x_wconf 89' lang='lat' dir='ltr'><strong>multis</strong></span> <span class='ocrx_word' id='word_1_506' title='bbox 1475 3775 1738 3834; x_wconf 78' lang='lat' dir='ltr'><strong>generose</strong></span> <span class='ocrx_word' id='word_1_507' title='bbox 1771 3759 2057 3814; x_wconf 82' lang='lat' dir='ltr'><strong>decertan-</strong></span> 
     </span>
    </p>
   </div>
   <div class='ocr_carea' id='block_1_67' title="bbox 476 3851 2055 3933">
    <p class='ocr_par' dir='ltr' id='par_1_67' title="bbox 476 3851 2055 3933">
     <span class='ocr_line' id='line_1_67' title="bbox 476 3851 2055 3933; baseline -0.01 -14"><span class='ocrx_word' id='word_1_508' title='bbox 476 3877 584 3933; x_wconf 82' lang='lat' dir='ltr'><strong>tes,</strong></span> <span class='ocrx_word' id='word_1_509' title='bbox 615 3866 800 3918; x_wconf 78' lang='lat' dir='ltr'><strong>hostes</strong></span> <span class='ocrx_word' id='word_1_510' title='bbox 835 3860 1038 3914; x_wconf 87' lang='lat' dir='ltr'><strong>acriter</strong></span> <span class='ocrx_word' id='word_1_511' title='bbox 1089 3857 1428 3928; x_wconf 84' lang='lat' dir='ltr'><strong>repellebant</strong></span> <span class='ocrx_word' id='word_1_512' title='bbox 1454 3863 1510 3910; x_wconf 92' lang='lat' dir='ltr'><strong>et</strong></span> <span class='ocrx_word' id='word_1_513' title='bbox 1547 3854 1691 3908; x_wconf 84' lang='lat' dir='ltr'><strong>haud</strong></span> <span class='ocrx_word' id='word_1_514' title='bbox 1746 3852 1851 3907; x_wconf 77' lang='lat' dir='ltr'><strong>levi</strong></span> <span class='ocrx_word' id='word_1_515' title='bbox 1887 3851 2055 3905; x_wconf 90' lang='lat' dir='ltr'><strong>dimi-</strong></span> 
     </span>
    </p>
   </div>
   <div class='ocr_carea' id='block_1_68' title="bbox 477 3943 2053 4024">
    <p class='ocr_par' dir='ltr' id='par_1_68' title="bbox 477 3943 2053 4024">
     <span class='ocr_line' id='line_1_68' title="bbox 477 3943 2053 4024; baseline -0.012 -11"><span class='ocrx_word' id='word_1_516' title='bbox 477 3960 681 4014; x_wconf 83' lang='lat' dir='ltr'><strong>cabant</strong></span> <span class='ocrx_word' id='word_1_517' title='bbox 746 3953 966 4024; x_wconf 75' lang='lat' dir='ltr'><strong>prtelio,</strong></span> <span class='ocrx_word' id='word_1_518' title='bbox 1008 3960 1062 4004; x_wconf 92' lang='lat' dir='ltr'><strong>et</strong></span> <span class='ocrx_word' id='word_1_519' title='bbox 1108 3961 1493 4018; x_wconf 88' lang='lat' dir='ltr'><strong>utrorumque,</strong></span> <span class='ocrx_word' id='word_1_520' title='bbox 1548 3957 1660 4002; x_wconf 91' lang='lat' dir='ltr'><strong>tum</strong></span> <span class='ocrx_word' id='word_1_521' title='bbox 1693 3943 2053 4015; x_wconf 87' lang='lat' dir='ltr'><strong>pugnantium</strong></span> 
     </span>
    </p>
   </div>
   <div class='ocr_carea' id='block_1_69' title="bbox 478 4035 2054 4108">
    <p class='ocr_par' dir='ltr' id='par_1_69' title="bbox 478 4035 2054 4108">
     <span class='ocr_line' id='line_1_69' title="bbox 478 4035 2054 4108; baseline -0.01 -4"><span class='ocrx_word' id='word_1_522' title='bbox 478 4060 592 4104; x_wconf 89' lang='lat' dir='ltr'><strong>tum</strong></span> <span class='ocrx_word' id='word_1_523' title='bbox 648 4046 1072 4108; x_wconf 73' lang='lat' dir='ltr'><strong>defensantium,</strong></span> <span class='ocrx_word' id='word_1_524' title='bbox 1125 4042 1302 4097; x_wconf 62' lang='lat' dir='ltr'><strong>caedes</strong></span> <span class='ocrx_word' id='word_1_525' title='bbox 1354 4040 1678 4096; x_wconf 87' lang='lat' dir='ltr'><strong>edebantur.</strong></span> <span class='ocrx_word' id='word_1_526' title='bbox 1734 4035 2054 4104; x_wconf 82' lang='lat' dir='ltr'><strong>Respiciens</strong></span> 
     </span>
    </p>
   </div>
   <div class='ocr_carea' id='block_1_70' title="bbox 477 4127 2052 4202">
    <p class='ocr_par' dir='ltr' id='par_1_70' title="bbox 477 4127 2052 4202">
     <span class='ocr_line' id='line_1_70' title="bbox 477 4127 2052 4202; baseline -0.011 -6"><span class='ocrx_word' id='word_1_527' title='bbox 477 4153 656 4196; x_wconf 91' lang='lat' dir='ltr'><strong>autem</strong></span> <span class='ocrx_word' id='word_1_528' title='bbox 692 4138 892 4192; x_wconf 81' lang='lat' dir='ltr'><strong>Paulus</strong></span> <span class='ocrx_word' id='word_1_529' title='bbox 929 4137 1223 4202; x_wconf 83' lang='lat' dir='ltr'><strong>hostesque</strong></span> <span class='ocrx_word' id='word_1_530' title='bbox 1254 4133 1398 4186; x_wconf 89' lang='lat' dir='ltr'><strong>intra</strong></span> <span class='ocrx_word' id='word_1_531' title='bbox 1446 4131 1637 4185; x_wconf 85' lang='lat' dir='ltr'><strong>urbem</strong></span> <span class='ocrx_word' id='word_1_532' title='bbox 1675 4127 2052 4196; x_wconf 83' lang='lat' dir='ltr'><strong>conspicatus.</strong></span> 
     </span>
    </p>
   </div>
   <div class='ocr_carea' id='block_1_71' title="bbox 480 4216 2056 4286">
    <p class='ocr_par' dir='ltr' id='par_1_71' title="bbox 480 4216 2056 4286">
     <span class='ocr_line' id='line_1_71' title="bbox 480 4216 2056 4286; baseline -0.011 -1"><span class='ocrx_word' id='word_1_533' title='bbox 480 4235 546 4286; x_wconf 86' lang='lat' dir='ltr'><strong>ad</strong></span> <span class='ocrx_word' id='word_1_534' title='bbox 580 4234 809 4284; x_wconf 79' lang='lat' dir='ltr'><strong>fratrem</strong></span> <span class='ocrx_word' id='word_1_535' title='bbox 841 4239 1181 4282; x_wconf 82' lang='lat' dir='ltr'><strong>conversus:</strong></span> <span class='ocrx_word' id='word_1_536' title='bbox 1222 4242 1241 4274; x_wconf 79' lang='grc' dir='ltr'><strong>ι</strong></span> <span class='ocrx_word' id='word_1_537' title='bbox 1273 4222 1316 4276; x_wconf 93' lang='grc'>0</span> <span class='ocrx_word' id='word_1_538' title='bbox 1346 4222 1452 4283; x_wconf 91' lang='lat' dir='ltr'><strong>sol,</strong></span> <span class='ocrx_word' id='word_1_539' title='bbox 1488 4222 1769 4281; x_wconf 89' lang='lat' dir='ltr'><strong>horresce,</strong></span> <span class='ocrx_word' id='word_1_540' title='bbox 1797 4216 1994 4285; x_wconf 87' lang='lat' dir='ltr'><strong>inquit,</strong></span> <span class='ocrx_word' id='word_1_541' title='bbox 2020 4231 2056 4268; x_wconf 91' lang='grc' dir='ltr'><strong>ο</strong></span> 
     </span>
    </p>
   </div>
   <div class='ocr_carea' id='block_1_72' title="bbox 476 4306 2050 4387">
    <p class='ocr_par' dir='ltr' id='par_1_72' title="bbox 476 4306 2050 4387">
     <span class='ocr_line' id='line_1_72' title="bbox 476 4306 2050 4387; baseline -0.011 -11"><span class='ocrx_word' id='word_1_542' title='bbox 476 4322 657 4379; x_wconf 88' lang='lat' dir='ltr'><strong>tellus,</strong></span> <span class='ocrx_word' id='word_1_543' title='bbox 690 4316 1032 4387; x_wconf 85' lang='lat' dir='ltr'><strong>ingemiscel</strong></span> <span class='ocrx_word' id='word_1_544' title='bbox 1096 4324 1255 4381; x_wconf 78' lang='lat' dir='ltr'><strong>capta</strong></span> <span class='ocrx_word' id='word_1_545' title='bbox 1314 4313 1453 4366; x_wconf 87' lang='lat' dir='ltr'><strong>urbs</strong></span> <span class='ocrx_word' id='word_1_546' title='bbox 1511 4320 1616 4379; x_wconf 84' lang='lat' dir='ltr'><strong>est,</strong></span> <span class='ocrx_word' id='word_1_547' title='bbox 1667 4317 1721 4361; x_wconf 92' lang='lat' dir='ltr'><strong>et</strong></span> <span class='ocrx_word' id='word_1_548' title='bbox 1772 4306 2050 4376; x_wconf 84' lang='lat' dir='ltr'><strong>pugnandi</strong></span> 
     </span>
    </p>
   </div>
   <div class='ocr_carea' id='block_1_73' title="bbox 476 4396 2048 4479">
    <p class='ocr_par' dir='ltr' id='par_1_73' title="bbox 476 4396 2048 4479">
     <span class='ocr_line' id='line_1_73' title="bbox 476 4396 2048 4479; baseline -0.01 -13"><span class='ocrx_word' id='word_1_549' title='bbox 476 4423 690 4479; x_wconf 76' lang='lat' dir='ltr'><strong>tempus</strong></span> <span class='ocrx_word' id='word_1_550' title='bbox 718 4410 828 4478; x_wconf 84' lang='lat' dir='ltr'><strong>jam</strong></span> <span class='ocrx_word' id='word_1_551' title='bbox 866 4405 1145 4475; x_wconf 68' lang='lat' dir='ltr'><strong>przeteriit.</strong></span> <span class='ocrx_word' id='word_1_552' title='bbox 1179 4406 1430 4456; x_wconf 86' lang='lat' dir='ltr'><strong>Attamen</strong></span> <span class='ocrx_word' id='word_1_553' title='bbox 1456 4403 1522 4454; x_wconf 88' lang='lat' dir='ltr'><strong>de</strong></span> <span class='ocrx_word' id='word_1_554' title='bbox 1551 4402 1726 4454; x_wconf 83' lang='lat' dir='ltr'><strong>salute</strong></span> <span class='ocrx_word' id='word_1_555' title='bbox 1756 4409 1968 4460; x_wconf 84' lang='lat' dir='ltr'><strong>nostra,</strong></span> <span class='ocrx_word' id='word_1_556' title='bbox 2003 4396 2048 4450; x_wconf 85' lang='lat' dir='ltr'><strong>si</strong></span> 
     </span>
    </p>
   </div>
   <div class='ocr_carea' id='block_1_74' title="bbox 475 4495 1259 4572">
    <p class='ocr_par' dir='ltr' id='par_1_74' title="bbox 475 4495 1259 4572">
     <span class='ocr_line' id='line_1_74' title="bbox 475 4495 1259 4572; baseline -0.013 -18"><span class='ocrx_word' id='word_1_557' title='bbox 475 4519 579 4572; x_wconf 88' lang='lat' dir='ltr'><strong>qua</strong></span> <span class='ocrx_word' id='word_1_558' title='bbox 608 4517 731 4569; x_wconf 65' lang='lat' dir='ltr'><strong>spes</strong></span> <span class='ocrx_word' id='word_1_559' title='bbox 750 4509 853 4560; x_wconf 81' lang='lat' dir='ltr'><strong>est,</strong></span> <span class='ocrx_word' id='word_1_560' title='bbox 881 4495 1205 4564; x_wconf 70' lang='lat' dir='ltr'><strong>cogitemus.</strong></span> <span class='ocrx_word' id='word_1_561' title='bbox 1241 4513 1259 4544; x_wconf 79' lang='grc' dir='ltr'><strong>ι</strong></span> 
     </span>
    </p>
   </div>
   <div class='ocr_carea' id='block_1_75' title="bbox 547 4582 2047 4654">
    <p class='ocr_par' dir='ltr' id='par_1_75' title="bbox 547 4582 2047 4654">
     <span class='ocr_line' id='line_1_75' title="bbox 547 4582 2047 4654; baseline -0.006 -10"><span class='ocrx_word' id='word_1_562' title='bbox 547 4591 620 4644; x_wconf 79' lang='lat' dir='ltr'><strong>lla</strong></span> <span class='ocrx_word' id='word_1_563' title='bbox 653 4592 836 4644; x_wconf 86' lang='lat' dir='ltr'><strong>hostes</strong></span> <span class='ocrx_word' id='word_1_564' title='bbox 867 4597 975 4641; x_wconf 87' lang='lat' dir='ltr'><strong>tota</strong></span> <span class='ocrx_word' id='word_1_565' title='bbox 1013 4589 1149 4640; x_wconf 86' lang='lat' dir='ltr'><strong>urbe</strong></span> <span class='ocrx_word' id='word_1_566' title='bbox 1193 4586 1349 4654; x_wconf 85' lang='lat' dir='ltr'><strong>potiti</strong></span> <span class='ocrx_word' id='word_1_567' title='bbox 1409 4592 1536 4640; x_wconf 88' lang='lat' dir='ltr'><strong>sunt</strong></span> <span class='ocrx_word' id='word_1_568' title='bbox 1561 4584 1648 4638; x_wconf 90' lang='lat' dir='ltr'><strong>die</strong></span> <span class='ocrx_word' id='word_1_569' title='bbox 1701 4583 1882 4648; x_wconf 90' lang='lat' dir='ltr'><strong>tertio,</strong></span> <span class='ocrx_word' id='word_1_570' title='bbox 1915 4582 2047 4636; x_wconf 84' lang='lat' dir='ltr'><strong>hora</strong></span> 
     </span>
    </p>
   </div>
   <div class='ocr_carea' id='block_1_76' title="bbox 481 4672 2046 4741">
    <p class='ocr_par' dir='ltr' id='par_1_76' title="bbox 481 4672 2046 4741">
     <span class='ocr_line' id='line_1_76' title="bbox 481 4672 2046 4741; baseline -0.01 0"><span class='ocrx_word' id='word_1_571' title='bbox 481 4685 719 4741; x_wconf 63' lang='lat' dir='ltr'><strong>secunda</strong></span> <span class='ocrx_word' id='word_1_572' title='bbox 753 4692 804 4734; x_wconf 87' lang='lat' dir='ltr'><strong>et</strong></span> <span class='ocrx_word' id='word_1_573' title='bbox 835 4679 1079 4740; x_wconf 85' lang='lat' dir='ltr'><strong>dimidia,</strong></span> <span class='ocrx_word' id='word_1_574' title='bbox 1105 4693 1250 4731; x_wconf 84' lang='lat' dir='ltr'><strong>anno</strong></span> <span class='ocrx_word' id='word_1_575' title='bbox 1279 4676 1439 4737; x_wconf 76' lang='lat' dir='ltr'><strong>G961,</strong></span> <span class='ocrx_word' id='word_1_576' title='bbox 1473 4675 1678 4730; x_wconf 91' lang='lat' dir='ltr'><strong>mensis</strong></span> <span class='ocrx_word' id='word_1_577' title='bbox 1697 4673 1819 4729; x_wconf 79' lang='lat' dir='ltr'><strong>Maii</strong></span> <span class='ocrx_word' id='word_1_578' title='bbox 1844 4674 1928 4728; x_wconf 91' lang='lat' dir='ltr'><strong>die</strong></span> <span class='ocrx_word' id='word_1_579' title='bbox 1952 4672 2046 4726; x_wconf 75' lang='lat'><strong>‘29.</strong></span> 
     </span>
    </p>
   </div>
   <div class='ocr_carea' id='block_1_77' title="bbox 476 4761 2048 4842">
    <p class='ocr_par' dir='ltr' id='par_1_77' title="bbox 476 4761 2048 4842">
     <span class='ocr_line' id='line_1_77' title="bbox 476 4761 2048 4842; baseline -0.009 -14"><span class='ocrx_word' id='word_1_580' title='bbox 476 4778 578 4842; x_wconf 83' lang='lat' dir='ltr'><strong>Qui</strong></span> <span class='ocrx_word' id='word_1_581' title='bbox 609 4777 901 4834; x_wconf 73' lang='lat' dir='ltr'><strong>iri-nerant,</strong></span> <span class='ocrx_word' id='word_1_582' title='bbox 938 4771 1222 4838; x_wconf 85' lang='lat' dir='ltr'><strong>rapiebant</strong></span> <span class='ocrx_word' id='word_1_583' title='bbox 1249 4777 1306 4822; x_wconf 88' lang='lat' dir='ltr'><strong>ct</strong></span> <span class='ocrx_word' id='word_1_584' title='bbox 1342 4769 1593 4838; x_wconf 78' lang='lat' dir='ltr'><strong>captivos</strong></span> <span class='ocrx_word' id='word_1_585' title='bbox 1627 4767 1920 4826; x_wconf 79' lang='lat' dir='ltr'><strong>faciebant,</strong></span> <span class='ocrx_word' id='word_1_586' title='bbox 1952 4761 2048 4832; x_wconf 89' lang='lat' dir='ltr'><strong>qui</strong></span> 
     </span>
    </p>
   </div>
   <div class='ocr_carea' id='block_1_78' title="bbox 475 4859 2046 4938">
    <p class='ocr_par' dir='ltr' id='par_1_78' title="bbox 475 4859 2046 4938">
     <span class='ocr_line' id='line_1_78' title="bbox 475 4859 2046 4938; baseline -0.011 -14"><span class='ocrx_word' id='word_1_587' title='bbox 475 4869 835 4938; x_wconf 77' lang='lat' dir='ltr'><strong>capiebantur</strong></span> <span class='ocrx_word' id='word_1_588' title='bbox 887 4873 940 4916; x_wconf 92' lang='lat' dir='ltr'><strong>et</strong></span> <span class='ocrx_word' id='word_1_589' title='bbox 997 4862 1347 4922; x_wconf 89' lang='lat' dir='ltr'><strong>resistebant,</strong></span> <span class='ocrx_word' id='word_1_590' title='bbox 1419 4859 1823 4921; x_wconf 84' lang='lat' dir='ltr'><strong>mactabantur,</strong></span> <span class='ocrx_word' id='word_1_591' title='bbox 1883 4865 2046 4923; x_wconf 86' lang='lat' dir='ltr'><strong>atque</strong></span> 
     </span>
    </p>
   </div>
   <div class='ocr_carea' id='block_1_79' title="bbox 476 4949 2044 5020">
    <p class='ocr_par' dir='ltr' id='par_1_79' title="bbox 476 4949 2044 5020">
     <span class='ocr_line' id='line_1_79' title="bbox 476 4949 2044 5020; baseline -0.01 -8"><span class='ocrx_word' id='word_1_592' title='bbox 476 4957 753 5012; x_wconf 86' lang='lat' dir='ltr'><strong>nonnullis</strong></span> <span class='ocrx_word' id='word_1_593' title='bbox 791 4958 840 5006; x_wconf 92' lang='lat' dir='ltr'><strong>in</strong></span> <span class='ocrx_word' id='word_1_594' title='bbox 876 4954 1012 5008; x_wconf 83' lang='lat' dir='ltr'><strong>locis</strong></span> <span class='ocrx_word' id='word_1_595' title='bbox 1047 4967 1158 5020; x_wconf 68' lang='lat' dir='ltr'><strong>pra:</strong></span> <span class='ocrx_word' id='word_1_596' title='bbox 1187 4953 1515 5005; x_wconf 81' lang='lat' dir='ltr'><strong>cadaverum</strong></span> <span class='ocrx_word' id='word_1_597' title='bbox 1551 4949 1909 5016; x_wconf 85' lang='lat' dir='ltr'><strong>multitudine</strong></span> <span class='ocrx_word' id='word_1_598' title='bbox 1938 4962 2044 4998; x_wconf 91' lang='lat' dir='ltr'><strong>non</strong></span> 
     </span>
    </p>
   </div>
   <div class='ocr_carea' id='block_1_80' title="bbox 472 5037 2049 5118">
    <p class='ocr_par' dir='ltr' id='par_1_80' title="bbox 472 5037 2049 5118">
     <span class='ocr_line' id='line_1_80' title="bbox 472 5037 2049 5118; baseline -0.01 -17"><span class='ocrx_word' id='word_1_599' title='bbox 472 5048 764 5118; x_wconf 82' lang='lat' dir='ltr'><strong>apparebat</strong></span> <span class='ocrx_word' id='word_1_600' title='bbox 797 5054 958 5099; x_wconf 85' lang='lat' dir='ltr'><strong>terra.</strong></span> <span class='ocrx_word' id='word_1_601' title='bbox 988 5042 1227 5096; x_wconf 73' lang='lat' dir='ltr'><strong>Vidisses</strong></span> <span class='ocrx_word' id='word_1_602' title='bbox 1276 5056 1473 5094; x_wconf 84' lang='lat' dir='ltr'><strong>novum</strong></span> <span class='ocrx_word' id='word_1_603' title='bbox 1526 5039 1924 5108; x_wconf 86' lang='lat' dir='ltr'><strong>spectaculum,</strong></span> <span class='ocrx_word' id='word_1_604' title='bbox 1975 5037 2049 5088; x_wconf 85' lang='lat' dir='ltr'><strong>la-</strong></span> 
     </span>
    </p>
   </div>
   <div class='ocr_carea' id='block_1_81' title="bbox 478 5127 2046 5200">
    <p class='ocr_par' dir='ltr' id='par_1_81' title="bbox 478 5127 2046 5200">
     <span class='ocr_line' id='line_1_81' title="bbox 478 5127 2046 5200; baseline -0.008 -7"><span class='ocrx_word' id='word_1_605' title='bbox 478 5150 660 5193; x_wconf 86' lang='lat' dir='ltr'><strong>menta</strong></span> <span class='ocrx_word' id='word_1_606' title='bbox 701 5139 868 5190; x_wconf 78' lang='lat' dir='ltr'><strong>multa</strong></span> <span class='ocrx_word' id='word_1_607' title='bbox 894 5145 944 5188; x_wconf 89' lang='lat' dir='ltr'><strong>et</strong></span> <span class='ocrx_word' id='word_1_608' title='bbox 980 5137 1149 5193; x_wconf 84' lang='lat' dir='ltr'><strong>varia.</strong></span> <span class='ocrx_word' id='word_1_609' title='bbox 1201 5133 1416 5200; x_wconf 89' lang='lat' dir='ltr'><strong>rapinas</strong></span> <span class='ocrx_word' id='word_1_610' title='bbox 1449 5132 1787 5190; x_wconf 90' lang='lat' dir='ltr'><strong>innumeras,</strong></span> <span class='ocrx_word' id='word_1_611' title='bbox 1848 5127 2046 5196; x_wconf 83' lang='lat' dir='ltr'><strong>quibus</strong></span> 
     </span>
    </p>
   </div>
   <div class='ocr_carea' id='block_1_82' title="bbox 477 5223 2042 5296">
    <p class='ocr_par' dir='ltr' id='par_1_82' title="bbox 477 5223 2042 5296">
     <span class='ocr_line' id='line_1_82' title="bbox 477 5223 2042 5296; baseline -0.008 -12"><span class='ocrx_word' id='word_1_612' title='bbox 477 5230 740 5284; x_wconf 86' lang='lat' dir='ltr'><strong>mulieres</strong></span> <span class='ocrx_word' id='word_1_613' title='bbox 791 5225 1089 5296; x_wconf 67' lang='lat' dir='ltr'><strong>primariae,</strong></span> <span class='ocrx_word' id='word_1_614' title='bbox 1153 5225 1390 5293; x_wconf 72' lang='lat' dir='ltr'><strong>virgines</strong></span> <span class='ocrx_word' id='word_1_615' title='bbox 1425 5233 1479 5276; x_wconf 90' lang='lat' dir='ltr'><strong>et</strong></span> <span class='ocrx_word' id='word_1_616' title='bbox 1534 5223 1642 5276; x_wconf 86' lang='lat' dir='ltr'><strong>Deo</strong></span> <span class='ocrx_word' id='word_1_617' title='bbox 1683 5229 2042 5282; x_wconf 74' lang='lat' dir='ltr'><strong>consecratze,</strong></span> 
     </span>
    </p>
   </div>
   <div class='ocr_carea' id='block_1_83' title="bbox 475 5307 2045 5389">
    <p class='ocr_par' dir='ltr' id='par_1_83' title="bbox 475 5307 2045 5389">
     <span class='ocr_line' id='line_1_83' title="bbox 475 5307 2045 5389; baseline -0.01 -14"><span class='ocrx_word' id='word_1_618' title='bbox 475 5320 688 5389; x_wconf 78' lang='lat' dir='ltr'><strong>Capillis</strong></span> <span class='ocrx_word' id='word_1_619' title='bbox 721 5328 774 5370; x_wconf 92' lang='lat' dir='ltr'><strong>et</strong></span> <span class='ocrx_word' id='word_1_620' title='bbox 804 5316 1050 5369; x_wconf 80' lang='lat' dir='ltr'><strong>crinibus</strong></span> <span class='ocrx_word' id='word_1_621' title='bbox 1084 5329 1112 5366; x_wconf 86' lang='lat' dir='ltr'><strong>a</strong></span> <span class='ocrx_word' id='word_1_622' title='bbox 1134 5314 1331 5368; x_wconf 85' lang='lat' dir='ltr'><strong>Turcis</strong></span> <span class='ocrx_word' id='word_1_623' title='bbox 1372 5315 1633 5367; x_wconf 86' lang='lat' dir='ltr'><strong>atrociter</strong></span> <span class='ocrx_word' id='word_1_624' title='bbox 1683 5325 1883 5379; x_wconf 82' lang='lat' dir='ltr'><strong>magno</strong></span> <span class='ocrx_word' id='word_1_625' title='bbox 1919 5307 2045 5376; x_wconf 88' lang='lat' dir='ltr'><strong>eju-</strong></span> 
     </span>
    </p>
   </div>
   <div class='ocr_carea' id='block_1_84' title="bbox 420 5400 2044 5470">
    <p class='ocr_par' dir='ltr' id='par_1_84' title="bbox 420 5400 2044 5470">
     <span class='ocr_line' id='line_1_84' title="bbox 420 5400 2044 5470; baseline -0.009 -4"><span class='ocrx_word' id='word_1_626' title='bbox 420 5436 426 5442; x_wconf 86' lang='lat'><strong><em>-</em></strong></span> <span class='ocrx_word' id='word_1_627' title='bbox 479 5415 587 5466; x_wconf 89' lang='lat' dir='ltr'><strong>latu</strong></span> <span class='ocrx_word' id='word_1_628' title='bbox 616 5424 680 5463; x_wconf 77' lang='lat' dir='ltr'><strong>ex</strong></span> <span class='ocrx_word' id='word_1_629' title='bbox 713 5409 960 5461; x_wconf 77' lang='lat' dir='ltr'><strong>ecclesiis</strong></span> <span class='ocrx_word' id='word_1_630' title='bbox 987 5407 1378 5461; x_wconf 85' lang='lat' dir='ltr'><strong>avellebantur.</strong></span> <span class='ocrx_word' id='word_1_631' title='bbox 1439 5404 1718 5459; x_wconf 80' lang='lat' dir='ltr'><strong>Clamores</strong></span> <span class='ocrx_word' id='word_1_632' title='bbox 1751 5411 1804 5456; x_wconf 90' lang='lat' dir='ltr'><strong>et</strong></span> <span class='ocrx_word' id='word_1_633' title='bbox 1863 5400 2044 5470; x_wconf 80' lang='lat' dir='ltr'><strong>plera-</strong></span> 
     </span>
    </p>
   </div>
   <div class='ocr_carea' id='block_1_85' title="bbox 476 5489 2047 5572">
    <p class='ocr_par' dir='ltr' id='par_1_85' title="bbox 476 5489 2047 5572">
     <span class='ocr_line' id='line_1_85' title="bbox 476 5489 2047 5572; baseline -0.009 -14"><span class='ocrx_word' id='word_1_634' title='bbox 476 5515 566 5558; x_wconf 87' lang='lat' dir='ltr'><strong>tus</strong></span> <span class='ocrx_word' id='word_1_635' title='bbox 593 5513 910 5572; x_wconf 87' lang='lat' dir='ltr'><strong>puerorum,</strong></span> <span class='ocrx_word' id='word_1_636' title='bbox 942 5505 1256 5550; x_wconf 76' lang='lat' dir='ltr'><strong>sanctarum</strong></span> <span class='ocrx_word' id='word_1_637' title='bbox 1309 5496 1506 5550; x_wconf 71' lang='lat' dir='ltr'><strong>aedium</strong></span> <span class='ocrx_word' id='word_1_638' title='bbox 1565 5493 1844 5561; x_wconf 79' lang='lat' dir='ltr'><strong>sacrilegia</strong></span> <span class='ocrx_word' id='word_1_639' title='bbox 1898 5499 1949 5543; x_wconf 87' lang='lat' dir='ltr'><strong>et</strong></span> <span class='ocrx_word' id='word_1_640' title='bbox 1999 5489 2047 5544; x_wconf 80' lang='lat' dir='ltr'><strong>si.</strong></span> 
     </span>
    </p>
   </div>
   <div class='ocr_carea' id='block_1_86' title="bbox 477 5585 2044 5664">
    <p class='ocr_par' dir='ltr' id='par_1_86' title="bbox 477 5585 2044 5664">
     <span class='ocr_line' id='line_1_86' title="bbox 477 5585 2044 5664; baseline -0.011 -16"><span class='ocrx_word' id='word_1_641' title='bbox 477 5593 608 5664; x_wconf 88' lang='lat' dir='ltr'><strong>quid</strong></span> <span class='ocrx_word' id='word_1_642' title='bbox 634 5591 776 5646; x_wconf 87' lang='lat' dir='ltr'><strong>aliud</strong></span> <span class='ocrx_word' id='word_1_643' title='bbox 808 5589 1162 5649; x_wconf 81' lang='lat' dir='ltr'><strong>horrendum,</strong></span> <span class='ocrx_word' id='word_1_644' title='bbox 1193 5588 1316 5655; x_wconf 89' lang='lat' dir='ltr'><strong>quis</strong></span> <span class='ocrx_word' id='word_1_645' title='bbox 1348 5588 1461 5640; x_wconf 65' lang='lat' dir='ltr'><strong>bare</strong></span> <span class='ocrx_word' id='word_1_646' title='bbox 1491 5586 1753 5640; x_wconf 87' lang='lat' dir='ltr'><strong>enarret?</strong></span> <span class='ocrx_word' id='word_1_647' title='bbox 1780 5585 1909 5638; x_wconf 80' lang='lat' dir='ltr'><strong>Erat</strong></span> <span class='ocrx_word' id='word_1_648' title='bbox 1960 5586 2044 5634; x_wconf 76' lang='lat' dir='ltr'><strong>vi-</strong></span> 
     </span>
    </p>
   </div>
   <div class='ocr_carea' id='block_1_87' title="bbox 478 5679 2041 5748">
    <p class='ocr_par' dir='ltr' id='par_1_87' title="bbox 478 5679 2041 5748">
     <span class='ocr_line' id='line_1_87' title="bbox 478 5679 2041 5748; baseline -0.002 -13"><span class='ocrx_word' id='word_1_649' title='bbox 478 5688 607 5738; x_wconf 82' lang='lat' dir='ltr'><strong>dere</strong></span> <span class='ocrx_word' id='word_1_650' title='bbox 666 5681 867 5736; x_wconf 84' lang='lat' dir='ltr'><strong>Christi</strong></span> <span class='ocrx_word' id='word_1_651' title='bbox 929 5679 1173 5734; x_wconf 80' lang='lat' dir='ltr'><strong>divinum</strong></span> <span class='ocrx_word' id='word_1_652' title='bbox 1239 5681 1556 5747; x_wconf 79' lang='lat' dir='ltr'><strong>sanguinem</strong></span> <span class='ocrx_word' id='word_1_653' title='bbox 1615 5689 1667 5731; x_wconf 89' lang='lat' dir='ltr'><strong>et</strong></span> <span class='ocrx_word' id='word_1_654' title='bbox 1730 5694 1930 5748; x_wconf 82' lang='lat' dir='ltr'><strong>corpus</strong></span> <span class='ocrx_word' id='word_1_655' title='bbox 1990 5680 2041 5732; x_wconf 87' lang='lat' dir='ltr'><strong>in</strong></span> 
     </span>
    </p>
   </div>
   <div class='ocr_carea' id='block_1_88' title="bbox 481 5769 2044 5840">
    <p class='ocr_par' dir='ltr' id='par_1_88' title="bbox 481 5769 2044 5840">
     <span class='ocr_line' id='line_1_88' title="bbox 481 5769 2044 5840; baseline -0.006 -11"><span class='ocrx_word' id='word_1_656' title='bbox 481 5787 678 5829; x_wconf 77' lang='lat' dir='ltr'><strong>lcrram</strong></span> <span class='ocrx_word' id='word_1_657' title='bbox 709 5772 909 5827; x_wconf 76' lang='lat' dir='ltr'><strong>ell‘uudi</strong></span> <span class='ocrx_word' id='word_1_658' title='bbox 944 5783 996 5825; x_wconf 90' lang='lat' dir='ltr'><strong>et</strong></span> <span class='ocrx_word' id='word_1_659' title='bbox 1030 5771 1242 5840; x_wconf 85' lang='lat' dir='ltr'><strong>projici,</strong></span> <span class='ocrx_word' id='word_1_660' title='bbox 1279 5786 1433 5825; x_wconf 83' lang='lat' dir='ltr'><strong>sacra</strong></span> <span class='ocrx_word' id='word_1_661' title='bbox 1467 5785 1590 5824; x_wconf 84' lang='lat' dir='ltr'><strong>vasa</strong></span> <span class='ocrx_word' id='word_1_662' title='bbox 1625 5769 1790 5839; x_wconf 88' lang='lat' dir='ltr'><strong>diripi</strong></span> <span class='ocrx_word' id='word_1_663' title='bbox 1843 5778 1896 5822; x_wconf 87' lang='lat' dir='ltr'><strong>ct</strong></span> <span class='ocrx_word' id='word_1_664' title='bbox 1926 5783 2044 5836; x_wconf 85' lang='lat' dir='ltr'><strong>par-</strong></span> 
     </span>
    </p>
   </div>
   <div class='ocr_carea' id='block_1_89' title="bbox 2160 3220 3708 3294">
    <p class='ocr_par' dir='ltr' id='par_1_89' title="bbox 2160 3220 3708 3294">
     <span class='ocr_line' id='line_1_89' title="bbox 2160 3220 3708 3294; baseline -0.005 -14"><span class='ocrx_word' id='word_1_665' title='bbox 2160 3227 2408 3280; x_wconf 79' lang='grc' dir='ltr'>πλούσιοι</span> <span class='ocrx_word' id='word_1_666' title='bbox 2465 3227 2696 3280; x_wconf 87' lang='grc' dir='ltr'>ἀνόσιοι.</span> <span class='ocrx_word' id='word_1_667' title='bbox 2749 3226 2816 3278; x_wconf 81' lang='grc' dir='ltr'>Δί</span> <span class='ocrx_word' id='word_1_668' title='bbox 2875 3225 3168 3288; x_wconf 78' lang='grc' dir='ltr'>πλατεῖαι,</span> <span class='ocrx_word' id='word_1_669' title='bbox 3231 3225 3291 3276; x_wconf 75' lang='grc' dir='ltr'>αἱ</span> <span class='ocrx_word' id='word_1_670' title='bbox 3353 3225 3546 3294; x_wconf 81' lang='grc' dir='ltr'>γωνίαι</span> <span class='ocrx_word' id='word_1_671' title='bbox 3595 3220 3708 3275; x_wconf 66' lang='grc' dir='ltr'>κατὰ</span> 
     </span>
    </p>
   </div>
   <div class='ocr_carea' id='block_1_90' title="bbox 2159 3403 3704 3474">
    <p class='ocr_par' dir='ltr' id='par_1_90' title="bbox 2159 3403 3704 3474">
     <span class='ocr_line' id='line_1_90' title="bbox 2159 3403 3704 3474; baseline -0.003 -16"><span class='ocrx_word' id='word_1_672' title='bbox 2159 3407 2254 3460; x_wconf 93' lang='lat' dir='ltr'><strong>tim</strong></span> <span class='ocrx_word' id='word_1_673' title='bbox 2290 3404 2532 3474; x_wconf 76' lang='lat' dir='ltr'><strong>diﬂ&#39;ringi</strong></span> <span class='ocrx_word' id='word_1_674' title='bbox 2579 3404 2775 3472; x_wconf 90' lang='lat' dir='ltr'><strong>partim</strong></span> <span class='ocrx_word' id='word_1_675' title='bbox 2832 3404 3039 3473; x_wconf 82' lang='lat' dir='ltr'><strong>integra</strong></span> <span class='ocrx_word' id='word_1_676' title='bbox 3093 3405 3146 3458; x_wconf 90' lang='lat' dir='ltr'><strong>in</strong></span> <span class='ocrx_word' id='word_1_677' title='bbox 3217 3405 3405 3458; x_wconf 87' lang='lat' dir='ltr'><strong>sinum</strong></span> <span class='ocrx_word' id='word_1_678' title='bbox 3457 3403 3704 3459; x_wconf 76' lang='lat' dir='ltr'><strong>abscondi.</strong></span> 
     </span>
    </p>
   </div>
   <div class='ocr_carea' id='block_1_91' title="bbox 2161 3493 3706 3564">
    <p class='ocr_par' dir='ltr' id='par_1_91' title="bbox 2161 3493 3706 3564">
     <span class='ocr_line' id='line_1_91' title="bbox 2161 3493 3706 3564; baseline 0.003 -17"><span class='ocrx_word' id='word_1_679' title='bbox 2161 3495 2396 3549; x_wconf 86' lang='lat' dir='ltr'><strong>Perinde</strong></span> <span class='ocrx_word' id='word_1_680' title='bbox 2439 3495 2508 3548; x_wconf 88' lang='lat' dir='ltr'><strong>de</strong></span> <span class='ocrx_word' id='word_1_681' title='bbox 2568 3501 2762 3548; x_wconf 86' lang='lat' dir='ltr'><strong>ornatu</strong></span> <span class='ocrx_word' id='word_1_682' title='bbox 2822 3493 3117 3558; x_wconf 79' lang='lat' dir='ltr'><strong>faciebant,</strong></span> <span class='ocrx_word' id='word_1_683' title='bbox 3177 3505 3402 3550; x_wconf 88' lang='lat' dir='ltr'><strong>sanctas</strong></span> <span class='ocrx_word' id='word_1_684' title='bbox 3456 3496 3706 3564; x_wconf 57' lang='lat' dir='ltr'><strong>imaginet».</strong></span> 
     </span>
    </p>
   </div>
   <div class='ocr_carea' id='block_1_92' title="bbox 2159 3585 3712 3656">
    <p class='ocr_par' dir='ltr' id='par_1_92' title="bbox 2159 3585 3712 3656">
     <span class='ocr_line' id='line_1_92' title="bbox 2159 3585 3712 3656; baseline -0.001 -16"><span class='ocrx_word' id='word_1_685' title='bbox 2159 3601 2320 3649; x_wconf 89' lang='lat' dir='ltr'><strong>auro,</strong></span> <span class='ocrx_word' id='word_1_686' title='bbox 2354 3595 2583 3654; x_wconf 85' lang='lat' dir='ltr'><strong>argento</strong></span> <span class='ocrx_word' id='word_1_687' title='bbox 2636 3597 2690 3640; x_wconf 91' lang='lat' dir='ltr'><strong>et</strong></span> <span class='ocrx_word' id='word_1_688' title='bbox 2723 3585 2922 3654; x_wconf 84' lang='lat' dir='ltr'><strong>lapillis</strong></span> <span class='ocrx_word' id='word_1_689' title='bbox 2963 3586 3222 3656; x_wconf 88' lang='lat' dir='ltr'><strong>pretiosis</strong></span> <span class='ocrx_word' id='word_1_690' title='bbox 3252 3587 3559 3646; x_wconf 85' lang='lat' dir='ltr'><strong>decoratas.</strong></span> <span class='ocrx_word' id='word_1_691' title='bbox 3608 3598 3712 3639; x_wconf 81' lang='lat' dir='ltr'><strong>col-</strong></span> 
     </span>
    </p>
   </div>
   <div class='ocr_carea' id='block_1_93' title="bbox 2159 3677 3712 3745">
    <p class='ocr_par' dir='ltr' id='par_1_93' title="bbox 2159 3677 3712 3745">
     <span class='ocr_line' id='line_1_93' title="bbox 2159 3677 3712 3745; baseline -0.003 -14"><span class='ocrx_word' id='word_1_692' title='bbox 2159 3677 2470 3740; x_wconf 89' lang='lat' dir='ltr'><strong>culcabant,</strong></span> <span class='ocrx_word' id='word_1_693' title='bbox 2502 3686 2557 3731; x_wconf 92' lang='lat' dir='ltr'><strong>et</strong></span> <span class='ocrx_word' id='word_1_694' title='bbox 2581 3685 2905 3732; x_wconf 86' lang='lat' dir='ltr'><strong>ornamenta</strong></span> <span class='ocrx_word' id='word_1_695' title='bbox 2959 3677 3258 3745; x_wconf 88' lang='lat' dir='ltr'><strong>spoliantes</strong></span> <span class='ocrx_word' id='word_1_696' title='bbox 3293 3679 3346 3730; x_wconf 91' lang='lat' dir='ltr'><strong>in</strong></span> <span class='ocrx_word' id='word_1_697' title='bbox 3411 3678 3626 3732; x_wconf 80' lang='lat' dir='ltr'><strong>lectulos</strong></span> <span class='ocrx_word' id='word_1_698' title='bbox 3667 3680 3712 3726; x_wconf 83' lang='lat' dir='ltr'><strong>et</strong></span> 
     </span>
    </p>
   </div>
   <div class='ocr_carea' id='block_1_94' title="bbox 2158 3764 3710 3832">
    <p class='ocr_par' dir='ltr' id='par_1_94' title="bbox 2158 3764 3710 3832">
     <span class='ocr_line' id='line_1_94' title="bbox 2158 3764 3710 3832; baseline -0.004 -10"><span class='ocrx_word' id='word_1_699' title='bbox 2158 3782 2380 3822; x_wconf 88' lang='lat' dir='ltr'><strong>mensas</strong></span> <span class='ocrx_word' id='word_1_700' title='bbox 2407 3767 2761 3832; x_wconf 89' lang='lat' dir='ltr'><strong>adhibebant,</strong></span> <span class='ocrx_word' id='word_1_701' title='bbox 2799 3767 3238 3822; x_wconf 77' lang='lat' dir='ltr'><strong>sacerdotalibus</strong></span> <span class='ocrx_word' id='word_1_702' title='bbox 3273 3769 3437 3824; x_wconf 84' lang='lat' dir='ltr'><strong>stolis</strong></span> <span class='ocrx_word' id='word_1_703' title='bbox 3472 3779 3523 3824; x_wconf 83' lang='lat' dir='ltr'><strong>et</strong></span> <span class='ocrx_word' id='word_1_704' title='bbox 3559 3764 3710 3820; x_wconf 74' lang='lat' dir='ltr'><strong>&#39;vesti-</strong></span> 
     </span>
    </p>
   </div>
   <div class='ocr_carea' id='block_1_95' title="bbox 2158 3858 3708 3929">
    <p class='ocr_par' dir='ltr' id='par_1_95' title="bbox 2158 3858 3708 3929">
     <span class='ocr_line' id='line_1_95' title="bbox 2158 3858 3708 3929; baseline -0.002 -19"><span class='ocrx_word' id='word_1_705' title='bbox 2158 3858 2378 3924; x_wconf 83' lang='lat' dir='ltr'><strong>mentis,</strong></span> <span class='ocrx_word' id='word_1_706' title='bbox 2408 3867 2522 3913; x_wconf 89' lang='lat' dir='ltr'><strong>tum</strong></span> <span class='ocrx_word' id='word_1_707' title='bbox 2555 3859 2748 3915; x_wconf 81' lang='lat' dir='ltr'><strong>sericis</strong></span> <span class='ocrx_word' id='word_1_708' title='bbox 2785 3866 2900 3913; x_wconf 87' lang='lat' dir='ltr'><strong>tum</strong></span> <span class='ocrx_word' id='word_1_709' title='bbox 2933 3873 3068 3914; x_wconf 86' lang='lat' dir='ltr'><strong>auro</strong></span> <span class='ocrx_word' id='word_1_710' title='bbox 3097 3859 3346 3925; x_wconf 76' lang='lat' dir='ltr'><strong>intextis,</strong></span> <span class='ocrx_word' id='word_1_711' title='bbox 3404 3871 3570 3929; x_wconf 87' lang='lat' dir='ltr'><strong>equos</strong></span> <span class='ocrx_word' id='word_1_712' title='bbox 3590 3865 3708 3912; x_wconf 81' lang='lat' dir='ltr'><strong>ster-</strong></span> 
     </span>
    </p>
   </div>
   <div class='ocr_carea' id='block_1_96' title="bbox 2156 3950 3708 4021">
    <p class='ocr_par' dir='ltr' id='par_1_96' title="bbox 2156 3950 3708 4021">
     <span class='ocr_line' id='line_1_96' title="bbox 2156 3950 3708 4021; baseline -0.004 -15"><span class='ocrx_word' id='word_1_713' title='bbox 2156 3950 2359 4006; x_wconf 88' lang='lat' dir='ltr'><strong>nebant</strong></span> <span class='ocrx_word' id='word_1_714' title='bbox 2387 3961 2484 4005; x_wconf 91' lang='lat' dir='ltr'><strong>aut</strong></span> <span class='ocrx_word' id='word_1_715' title='bbox 2516 3965 2616 4019; x_wconf 92' lang='lat' dir='ltr'><strong>pro</strong></span> <span class='ocrx_word' id='word_1_716' title='bbox 2649 3951 2866 4021; x_wconf 89' lang='lat' dir='ltr'><strong>mappis</strong></span> <span class='ocrx_word' id='word_1_717' title='bbox 2905 3951 3223 4016; x_wconf 90' lang='lat' dir='ltr'><strong>utebantur,</strong></span> <span class='ocrx_word' id='word_1_718' title='bbox 3269 3951 3542 4020; x_wconf 88' lang='lat' dir='ltr'><strong>pretiosas</strong></span> <span class='ocrx_word' id='word_1_719' title='bbox 3565 3962 3708 4004; x_wconf 66' lang='lat' dir='ltr'><strong>sacra</strong></span> 
     </span>
    </p>
   </div>
   <div class='ocr_carea' id='block_1_97' title="bbox 2157 4039 3701 4115">
    <p class='ocr_par' dir='ltr' id='par_1_97' title="bbox 2157 4039 3701 4115">
     <span class='ocr_line' id='line_1_97' title="bbox 2157 4039 3701 4115; baseline -0.005 -18"><span class='ocrx_word' id='word_1_720' title='bbox 2157 4056 2303 4115; x_wconf 63' lang='lat' dir='ltr'><strong>gaza</strong></span> <span class='ocrx_word' id='word_1_721' title='bbox 2331 4043 2656 4111; x_wconf 75' lang='lat' dir='ltr'><strong>margaritas</strong></span> <span class='ocrx_word' id='word_1_722' title='bbox 2688 4042 3024 4113; x_wconf 79' lang='lat' dir='ltr'><strong>spoliabant,</strong></span> <span class='ocrx_word' id='word_1_723' title='bbox 3083 4043 3258 4098; x_wconf 84' lang='lat' dir='ltr'><strong>sacris</strong></span> <span class='ocrx_word' id='word_1_724' title='bbox 3298 4044 3544 4115; x_wconf 86' lang='lat' dir='ltr'><strong>reliquiis</strong></span> <span class='ocrx_word' id='word_1_725' title='bbox 3577 4039 3701 4094; x_wconf 84' lang='lat' dir='ltr'><strong>humi</strong></span> 
     </span>
    </p>
   </div>
   <div class='ocr_carea' id='block_1_98' title="bbox 2157 4130 3704 4204">
    <p class='ocr_par' dir='ltr' id='par_1_98' title="bbox 2157 4130 3704 4204">
     <span class='ocr_line' id='line_1_98' title="bbox 2157 4130 3704 4204; baseline -0.003 -17"><span class='ocrx_word' id='word_1_726' title='bbox 2157 4134 2418 4204; x_wconf 89' lang='lat' dir='ltr'><strong>protritis.</strong></span> <span class='ocrx_word' id='word_1_727' title='bbox 2449 4133 2566 4188; x_wconf 82' lang='lat' dir='ltr'><strong>Alia</strong></span> <span class='ocrx_word' id='word_1_728' title='bbox 2603 4133 2871 4202; x_wconf 85' lang='lat' dir='ltr'><strong>permulta</strong></span> <span class='ocrx_word' id='word_1_729' title='bbox 2905 4133 3346 4188; x_wconf 81' lang='lat' dir='ltr'><strong>exsecratissima</strong></span> <span class='ocrx_word' id='word_1_730' title='bbox 3377 4145 3433 4190; x_wconf 89' lang='lat' dir='ltr'><strong>et</strong></span> <span class='ocrx_word' id='word_1_731' title='bbox 3480 4130 3704 4202; x_wconf 85' lang='lat' dir='ltr'><strong>lacrymis</strong></span> 
     </span>
    </p>
   </div>
   <div class='ocr_carea' id='block_1_99' title="bbox 2156 4219 3700 4292">
    <p class='ocr_par' dir='ltr' id='par_1_99' title="bbox 2156 4219 3700 4292">
     <span class='ocr_line' id='line_1_99' title="bbox 2156 4219 3700 4292; baseline -0.005 -15"><span class='ocrx_word' id='word_1_732' title='bbox 2156 4223 2535 4292; x_wconf 87' lang='lat' dir='ltr'><strong>prosequenda</strong></span> <span class='ocrx_word' id='word_1_733' title='bbox 2590 4222 2834 4276; x_wconf 79' lang='lat' dir='ltr'><strong>facinora</strong></span> <span class='ocrx_word' id='word_1_734' title='bbox 2872 4235 3244 4292; x_wconf 68' lang='lat' dir='ltr'><strong>praecursores</strong></span> <span class='ocrx_word' id='word_1_735' title='bbox 3295 4223 3372 4276; x_wconf 91' lang='lat' dir='ltr'><strong>illi</strong></span> <span class='ocrx_word' id='word_1_736' title='bbox 3409 4219 3700 4278; x_wconf 80' lang='lat' dir='ltr'><strong>Antichristi</strong></span> 
     </span>
    </p>
   </div>
   <div class='ocr_carea' id='block_1_100' title="bbox 2157 4313 3699 4384">
    <p class='ocr_par' dir='ltr' id='par_1_100' title="bbox 2157 4313 3699 4384">
     <span class='ocr_line' id='line_1_100' title="bbox 2157 4313 3699 4384; baseline -0.004 -15"><span class='ocrx_word' id='word_1_737' title='bbox 2157 4315 2461 4384; x_wconf 87' lang='lat' dir='ltr'><strong>patrabant.</strong></span> <span class='ocrx_word' id='word_1_738' title='bbox 2501 4313 2547 4370; x_wconf 94' lang='grc' dir='ltr'><strong>Ο</strong></span> <span class='ocrx_word' id='word_1_739' title='bbox 2583 4315 2996 4384; x_wconf 88' lang='lat' dir='ltr'><strong>sapientissima</strong></span> <span class='ocrx_word' id='word_1_740' title='bbox 3046 4322 3143 4370; x_wconf 88' lang='lat' dir='ltr'><strong>tua</strong></span> <span class='ocrx_word' id='word_1_741' title='bbox 3198 4317 3454 4383; x_wconf 88' lang='lat' dir='ltr'><strong>consilia,</strong></span> <span class='ocrx_word' id='word_1_742' title='bbox 3509 4313 3699 4370; x_wconf 85' lang='lat' dir='ltr'><strong>Christe</strong></span> 
     </span>
    </p>
   </div>
   <div class='ocr_carea' id='block_1_101' title="bbox 2155 4405 3697 4475">
    <p class='ocr_par' dir='ltr' id='par_1_101' title="bbox 2155 4405 3697 4475">
     <span class='ocr_line' id='line_1_101' title="bbox 2155 4405 3697 4475; baseline -0.003 -15"><span class='ocrx_word' id='word_1_743' title='bbox 2155 4406 2292 4470; x_wconf 82' lang='lat' dir='ltr'><strong>Rex,</strong></span> <span class='ocrx_word' id='word_1_744' title='bbox 2319 4420 2480 4475; x_wconf 88' lang='lat' dir='ltr'><strong>quam</strong></span> <span class='ocrx_word' id='word_1_745' title='bbox 2511 4416 2640 4461; x_wconf 91' lang='lat' dir='ltr'><strong>sunt</strong></span> <span class='ocrx_word' id='word_1_746' title='bbox 2670 4405 2994 4462; x_wconf 87' lang='lat' dir='ltr'><strong>abscondita</strong></span> <span class='ocrx_word' id='word_1_747' title='bbox 3035 4416 3092 4462; x_wconf 90' lang='lat' dir='ltr'><strong>et</strong></span> <span class='ocrx_word' id='word_1_748' title='bbox 3145 4407 3528 4463; x_wconf 87' lang='lat' dir='ltr'><strong>inscrutabilia</strong></span> <span class='ocrx_word' id='word_1_749' title='bbox 3555 4408 3576 4460; x_wconf 68' lang='grc' dir='ltr'>τ</span> <span class='ocrx_word' id='word_1_750' title='bbox 3600 4411 3697 4459; x_wconf 82' lang='lat' dir='ltr'><strong>erat</strong></span> 
     </span>
    </p>
   </div>
   <div class='ocr_carea' id='block_1_102' title="bbox 2089 4495 3698 4566">
    <p class='ocr_par' dir='ltr' id='par_1_102' title="bbox 2089 4495 3698 4566">
     <span class='ocr_line' id='line_1_102' title="bbox 2089 4495 3698 4566; baseline -0.001 -13"><span class='ocrx_word' id='word_1_751' title='bbox 2089 4502 2132 4557; x_wconf 86' lang='grc' dir='ltr'><strong>Ι)</strong></span> <span class='ocrx_word' id='word_1_752' title='bbox 2158 4512 2320 4566; x_wconf 87' lang='lat' dir='ltr'><strong>porro</strong></span> <span class='ocrx_word' id='word_1_753' title='bbox 2355 4497 2537 4552; x_wconf 81' lang='lat' dir='ltr'><strong>videre</strong></span> <span class='ocrx_word' id='word_1_754' title='bbox 2566 4495 2864 4552; x_wconf 76' lang='lat' dir='ltr'><strong>maximum</strong></span> <span class='ocrx_word' id='word_1_755' title='bbox 2895 4497 3025 4554; x_wconf 90' lang='lat' dir='ltr'><strong>illud</strong></span> <span class='ocrx_word' id='word_1_756' title='bbox 3059 4509 3113 4555; x_wconf 92' lang='lat' dir='ltr'><strong>et</strong></span> <span class='ocrx_word' id='word_1_757' title='bbox 3160 4499 3558 4558; x_wconf 83' lang='lat' dir='ltr'><strong>divinissimum</strong></span> <span class='ocrx_word' id='word_1_758' title='bbox 3587 4511 3698 4555; x_wconf 87' lang='lat' dir='ltr'><strong>tem-</strong></span> 
     </span>
    </p>
   </div>
   <div class='ocr_carea' id='block_1_103' title="bbox 2156 4587 3700 4659">
    <p class='ocr_par' dir='ltr' id='par_1_103' title="bbox 2156 4587 3700 4659">
     <span class='ocr_line' id='line_1_103' title="bbox 2156 4587 3700 4659; baseline 0.002 -19"><span class='ocrx_word' id='word_1_759' title='bbox 2156 4590 2302 4657; x_wconf 87' lang='lat' dir='ltr'><strong>plum</strong></span> <span class='ocrx_word' id='word_1_760' title='bbox 2345 4587 2641 4658; x_wconf 73' lang='lat' dir='ltr'><strong>Sapientite</strong></span> <span class='ocrx_word' id='word_1_761' title='bbox 2673 4589 2790 4654; x_wconf 91' lang='lat' dir='ltr'><strong>Dei,</strong></span> <span class='ocrx_word' id='word_1_762' title='bbox 2823 4591 3024 4645; x_wconf 71' lang='lat' dir='ltr'><strong>cmlum</strong></span> <span class='ocrx_word' id='word_1_763' title='bbox 3051 4599 3329 4656; x_wconf 82' lang='lat' dir='ltr'><strong>terrestre,</strong></span> <span class='ocrx_word' id='word_1_764' title='bbox 3394 4593 3576 4648; x_wconf 76' lang='lat' dir='ltr'><strong>sellam</strong></span> <span class='ocrx_word' id='word_1_765' title='bbox 3603 4591 3700 4659; x_wconf 79' lang='lat' dir='ltr'><strong>glo-</strong></span> 
     </span>
    </p>
   </div>
   <div class='ocr_carea' id='block_1_104' title="bbox 2151 4678 3696 4744">
    <p class='ocr_par' dir='ltr' id='par_1_104' title="bbox 2151 4678 3696 4744">
     <span class='ocr_line' id='line_1_104' title="bbox 2151 4678 3696 4744; baseline -0.001 -12"><span class='ocrx_word' id='word_1_766' title='bbox 2151 4680 2247 4733; x_wconf 75' lang='lat' dir='ltr'><strong>riae</strong></span> <span class='ocrx_word' id='word_1_767' title='bbox 2303 4678 2415 4744; x_wconf 88' lang='lat' dir='ltr'><strong>Dei,</strong></span> <span class='ocrx_word' id='word_1_768' title='bbox 2445 4678 2812 4734; x_wconf 82' lang='lat' dir='ltr'><strong>Cberubicum</strong></span> <span class='ocrx_word' id='word_1_769' title='bbox 2857 4681 3166 4735; x_wconf 83' lang='lat' dir='ltr'><strong>vehiculum</strong></span> <span class='ocrx_word' id='word_1_770' title='bbox 3221 4693 3273 4736; x_wconf 89' lang='lat' dir='ltr'><strong>et</strong></span> <span class='ocrx_word' id='word_1_771' title='bbox 3326 4685 3696 4738; x_wconf 80' lang='lat' dir='ltr'><strong>ﬁrmamentum</strong></span> 
     </span>
    </p>
   </div>
   <div class='ocr_carea' id='block_1_105' title="bbox 2151 4769 3696 4841">
    <p class='ocr_par' dir='ltr' id='par_1_105' title="bbox 2151 4769 3696 4841">
     <span class='ocr_line' id='line_1_105' title="bbox 2151 4769 3696 4841; baseline 0.001 -19"><span class='ocrx_word' id='word_1_772' title='bbox 2151 4769 2403 4833; x_wconf 90' lang='lat' dir='ltr'><strong>alterum,</strong></span> <span class='ocrx_word' id='word_1_773' title='bbox 2447 4785 2582 4839; x_wconf 90' lang='lat' dir='ltr'><strong>opus</strong></span> <span class='ocrx_word' id='word_1_774' title='bbox 2617 4786 2878 4824; x_wconf 90' lang='lat' dir='ltr'><strong>manuum</strong></span> <span class='ocrx_word' id='word_1_775' title='bbox 2914 4771 3030 4833; x_wconf 85' lang='lat' dir='ltr'><strong>Dei,</strong></span> <span class='ocrx_word' id='word_1_776' title='bbox 3064 4773 3439 4841; x_wconf 84' lang='lat' dir='ltr'><strong>spectaculum</strong></span> <span class='ocrx_word' id='word_1_777' title='bbox 3463 4774 3696 4830; x_wconf 83' lang='lat' dir='ltr'><strong>eximium</strong></span> 
     </span>
    </p>
   </div>
   <div class='ocr_carea' id='block_1_106' title="bbox 2150 4863 3697 4935">
    <p class='ocr_par' dir='ltr' id='par_1_106' title="bbox 2150 4863 3697 4935">
     <span class='ocr_line' id='line_1_106' title="bbox 2150 4863 3697 4935; baseline -0.001 -20"><span class='ocrx_word' id='word_1_778' title='bbox 2150 4872 2206 4915; x_wconf 92' lang='lat' dir='ltr'><strong>et</strong></span> <span class='ocrx_word' id='word_1_779' title='bbox 2238 4863 2402 4917; x_wconf 90' lang='lat' dir='ltr'><strong>totius</strong></span> <span class='ocrx_word' id='word_1_780' title='bbox 2428 4864 2578 4917; x_wconf 89' lang='lat' dir='ltr'><strong>orbis</strong></span> <span class='ocrx_word' id='word_1_781' title='bbox 2608 4873 2880 4917; x_wconf 89' lang='lat' dir='ltr'><strong>terrarum</strong></span> <span class='ocrx_word' id='word_1_782' title='bbox 2920 4865 3129 4930; x_wconf 90' lang='lat' dir='ltr'><strong>lumen,</strong></span> <span class='ocrx_word' id='word_1_783' title='bbox 3167 4864 3428 4935; x_wconf 89' lang='lat' dir='ltr'><strong>templum</strong></span> <span class='ocrx_word' id='word_1_784' title='bbox 3460 4866 3585 4920; x_wconf 87' lang='lat' dir='ltr'><strong>illud</strong></span> <span class='ocrx_word' id='word_1_785' title='bbox 3611 4865 3697 4916; x_wconf 82' lang='lat' dir='ltr'><strong>ele-</strong></span> 
     </span>
    </p>
   </div>
   <div class='ocr_carea' id='block_1_107' title="bbox 2151 4954 3695 5028">
    <p class='ocr_par' dir='ltr' id='par_1_107' title="bbox 2151 4954 3695 5028">
     <span class='ocr_line' id='line_1_107' title="bbox 2151 4954 3695 5028; baseline 0.002 -22"><span class='ocrx_word' id='word_1_786' title='bbox 2151 4970 2286 5024; x_wconf 85' lang='lat' dir='ltr'><strong>gans</strong></span> <span class='ocrx_word' id='word_1_787' title='bbox 2319 4965 2372 5006; x_wconf 92' lang='lat' dir='ltr'><strong>et</strong></span> <span class='ocrx_word' id='word_1_788' title='bbox 2401 4954 2742 5024; x_wconf 81' lang='lat' dir='ltr'><strong>elegantibus</strong></span> <span class='ocrx_word' id='word_1_789' title='bbox 2768 4957 3096 5025; x_wconf 84' lang='lat' dir='ltr'><strong>elegantius,</strong></span> <span class='ocrx_word' id='word_1_790' title='bbox 3133 4958 3273 5012; x_wconf 87' lang='lat' dir='ltr'><strong>intra</strong></span> <span class='ocrx_word' id='word_1_791' title='bbox 3309 4959 3464 5028; x_wconf 88' lang='lat' dir='ltr'><strong>cujus</strong></span> <span class='ocrx_word' id='word_1_792' title='bbox 3491 4960 3635 5026; x_wconf 65' lang='lat' dir='ltr'><strong>avlyta</strong></span> <span class='ocrx_word' id='word_1_793' title='bbox 3651 4964 3695 5004; x_wconf 73' lang='lat' dir='ltr'><strong>et</strong></span> 
     </span>
    </p>
   </div>
   <div class='ocr_carea' id='block_1_108' title="bbox 2152 5046 3694 5114">
    <p class='ocr_par' dir='ltr' id='par_1_108' title="bbox 2152 5046 3694 5114">
     <span class='ocr_line' id='line_1_108' title="bbox 2152 5046 3694 5114; baseline -0.001 -15"><span class='ocrx_word' id='word_1_794' title='bbox 2152 5062 2314 5114; x_wconf 86' lang='lat' dir='ltr'><strong>supra</strong></span> <span class='ocrx_word' id='word_1_795' title='bbox 2356 5046 2549 5100; x_wconf 84' lang='lat' dir='ltr'><strong>altaria</strong></span> <span class='ocrx_word' id='word_1_796' title='bbox 2605 5061 2668 5100; x_wconf 89' lang='lat' dir='ltr'><strong>ac</strong></span> <span class='ocrx_word' id='word_1_797' title='bbox 2706 5062 2926 5102; x_wconf 88' lang='lat' dir='ltr'><strong>mensas</strong></span> <span class='ocrx_word' id='word_1_798' title='bbox 2983 5049 3210 5104; x_wconf 88' lang='lat' dir='ltr'><strong>ederent</strong></span> <span class='ocrx_word' id='word_1_799' title='bbox 3278 5065 3342 5104; x_wconf 90' lang='lat' dir='ltr'><strong>ac</strong></span> <span class='ocrx_word' id='word_1_800' title='bbox 3376 5051 3626 5110; x_wconf 89' lang='lat' dir='ltr'><strong>biberent,</strong></span> <span class='ocrx_word' id='word_1_801' title='bbox 3651 5055 3694 5098; x_wconf 85' lang='lat' dir='ltr'><strong>et</strong></span> 
     </span>
    </p>
   </div>
   <div class='ocr_carea' id='block_1_109' title="bbox 2153 5137 3702 5207">
    <p class='ocr_par' dir='ltr' id='par_1_109' title="bbox 2153 5137 3702 5207">
     <span class='ocr_line' id='line_1_109' title="bbox 2153 5137 3702 5207; baseline 0.004 -17"><span class='ocrx_word' id='word_1_802' title='bbox 2153 5138 2388 5191; x_wconf 88' lang='lat' dir='ltr'><strong>incestas</strong></span> <span class='ocrx_word' id='word_1_803' title='bbox 2421 5138 2749 5207; x_wconf 85' lang='lat' dir='ltr'><strong>cupiditates</strong></span> <span class='ocrx_word' id='word_1_804' title='bbox 2784 5150 2836 5193; x_wconf 93' lang='lat' dir='ltr'><strong>et</strong></span> <span class='ocrx_word' id='word_1_805' title='bbox 2864 5139 3115 5195; x_wconf 86' lang='lat' dir='ltr'><strong>libidines</strong></span> <span class='ocrx_word' id='word_1_806' title='bbox 3142 5156 3270 5196; x_wconf 87' lang='lat' dir='ltr'><strong>suas</strong></span> <span class='ocrx_word' id='word_1_807' title='bbox 3298 5157 3424 5197; x_wconf 90' lang='lat' dir='ltr'><strong>cum</strong></span> <span class='ocrx_word' id='word_1_808' title='bbox 3481 5137 3702 5196; x_wconf 58' lang='lat' dir='ltr'><strong>feminis.</strong></span> 
     </span>
    </p>
   </div>
   <div class='ocr_carea' id='block_1_110' title="bbox 2152 5225 3688 5296">
    <p class='ocr_par' dir='ltr' id='par_1_110' title="bbox 2152 5225 3688 5296">
     <span class='ocr_line' id='line_1_110' title="bbox 2152 5225 3688 5296; baseline 0.005 -20"><span class='ocrx_word' id='word_1_809' title='bbox 2152 5225 2457 5293; x_wconf 72' lang='lat' dir='ltr'><strong>virginibus</strong></span> <span class='ocrx_word' id='word_1_810' title='bbox 2481 5235 2535 5280; x_wconf 90' lang='lat' dir='ltr'><strong>et</strong></span> <span class='ocrx_word' id='word_1_811' title='bbox 2557 5227 2739 5294; x_wconf 87' lang='lat' dir='ltr'><strong>pueris</strong></span> <span class='ocrx_word' id='word_1_812' title='bbox 2768 5238 3110 5281; x_wconf 87' lang='lat' dir='ltr'><strong>exercerent.</strong></span> <span class='ocrx_word' id='word_1_813' title='bbox 3143 5227 3277 5294; x_wconf 81' lang='lat' dir='ltr'><strong>Quis</strong></span> <span class='ocrx_word' id='word_1_814' title='bbox 3305 5238 3356 5283; x_wconf 90' lang='lat' dir='ltr'><strong>te</strong></span> <span class='ocrx_word' id='word_1_815' title='bbox 3383 5245 3486 5284; x_wconf 91' lang='lat' dir='ltr'><strong>non</strong></span> <span class='ocrx_word' id='word_1_816' title='bbox 3516 5229 3688 5296; x_wconf 78' lang='lat' dir='ltr'><strong>lugeat.</strong></span> 
     </span>
    </p>
   </div>
   <div class='ocr_carea' id='block_1_111' title="bbox 2152 5316 3691 5389">
    <p class='ocr_par' dir='ltr' id='par_1_111' title="bbox 2152 5316 3691 5389">
     <span class='ocr_line' id='line_1_111' title="bbox 2152 5316 3691 5389; baseline 0 -20"><span class='ocrx_word' id='word_1_817' title='bbox 2152 5316 2410 5382; x_wconf 86' lang='lat' dir='ltr'><strong>templum</strong></span> <span class='ocrx_word' id='word_1_818' title='bbox 2443 5317 2851 5372; x_wconf 84' lang='lat' dir='ltr'><strong>sanctissimum</strong></span> <span class='ocrx_word' id='word_1_819' title='bbox 2885 5321 2898 5369; x_wconf 91' lang='lat'>!</span> <span class='ocrx_word' id='word_1_820' title='bbox 2939 5320 3141 5389; x_wconf 88' lang='lat' dir='ltr'><strong>ubique</strong></span> <span class='ocrx_word' id='word_1_821' title='bbox 3183 5322 3468 5378; x_wconf 79' lang='lat' dir='ltr'><strong>calamitas</strong></span> <span class='ocrx_word' id='word_1_822' title='bbox 3521 5323 3691 5375; x_wconf 84' lang='lat' dir='ltr'><strong>eratet</strong></span> 
     </span>
    </p>
   </div>
   <div class='ocr_carea' id='block_1_112' title="bbox 2149 5405 3687 5476">
    <p class='ocr_par' dir='ltr' id='par_1_112' title="bbox 2149 5405 3687 5476">
     <span class='ocr_line' id='line_1_112' title="bbox 2149 5405 3687 5476; baseline 0.001 -19"><span class='ocrx_word' id='word_1_823' title='bbox 2149 5405 2372 5459; x_wconf 87' lang='lat' dir='ltr'><strong>dolebat</strong></span> <span class='ocrx_word' id='word_1_824' title='bbox 2405 5421 2566 5461; x_wconf 88' lang='lat' dir='ltr'><strong>omne</strong></span> <span class='ocrx_word' id='word_1_825' title='bbox 2607 5417 2789 5476; x_wconf 89' lang='lat' dir='ltr'><strong>caput.</strong></span> <span class='ocrx_word' id='word_1_826' title='bbox 2827 5409 2884 5462; x_wconf 89' lang='lat' dir='ltr'><strong>In</strong></span> <span class='ocrx_word' id='word_1_827' title='bbox 2915 5411 3171 5464; x_wconf 83' lang='lat' dir='ltr'><strong>domibus</strong></span> <span class='ocrx_word' id='word_1_828' title='bbox 3193 5411 3429 5466; x_wconf 86' lang='lat' dir='ltr'><strong>lamenta</strong></span> <span class='ocrx_word' id='word_1_829' title='bbox 3461 5421 3510 5465; x_wconf 93' lang='lat' dir='ltr'><strong>et</strong></span> <span class='ocrx_word' id='word_1_830' title='bbox 3534 5410 3687 5468; x_wconf 81' lang='lat' dir='ltr'><strong>ﬂetus,</strong></span> 
     </span>
    </p>
   </div>
   <div class='ocr_carea' id='block_1_113' title="bbox 2149 5498 3686 5570">
    <p class='ocr_par' dir='ltr' id='par_1_113' title="bbox 2149 5498 3686 5570">
     <span class='ocr_line' id='line_1_113' title="bbox 2149 5498 3686 5570; baseline -0.001 -19"><span class='ocrx_word' id='word_1_831' title='bbox 2149 5499 2202 5551; x_wconf 91' lang='lat' dir='ltr'><strong>in</strong></span> <span class='ocrx_word' id='word_1_832' title='bbox 2235 5498 2413 5553; x_wconf 80' lang='lat' dir='ltr'><strong>triviis</strong></span> <span class='ocrx_word' id='word_1_833' title='bbox 2443 5501 2715 5569; x_wconf 88' lang='lat' dir='ltr'><strong>planctus,</strong></span> <span class='ocrx_word' id='word_1_834' title='bbox 2750 5499 2804 5554; x_wconf 92' lang='lat' dir='ltr'><strong>in</strong></span> <span class='ocrx_word' id='word_1_835' title='bbox 2839 5503 3056 5570; x_wconf 82' lang='lat' dir='ltr'><strong>templis</strong></span> <span class='ocrx_word' id='word_1_836' title='bbox 3116 5504 3320 5569; x_wconf 90' lang='lat' dir='ltr'><strong>luctus,</strong></span> <span class='ocrx_word' id='word_1_837' title='bbox 3353 5507 3582 5558; x_wconf 83' lang='lat' dir='ltr'><strong>virorum</strong></span> <span class='ocrx_word' id='word_1_838' title='bbox 3607 5515 3686 5570; x_wconf 85' lang='lat' dir='ltr'><strong>ge-</strong></span> 
     </span>
    </p>
   </div>
   <div class='ocr_carea' id='block_1_114' title="bbox 2149 5591 3686 5667">
    <p class='ocr_par' dir='ltr' id='par_1_114' title="bbox 2149 5591 3686 5667">
     <span class='ocr_line' id='line_1_114' title="bbox 2149 5591 3686 5667; baseline 0 -23"><span class='ocrx_word' id='word_1_839' title='bbox 2149 5592 2338 5656; x_wconf 90' lang='lat' dir='ltr'><strong>mitus,</strong></span> <span class='ocrx_word' id='word_1_840' title='bbox 2373 5593 2665 5647; x_wconf 89' lang='lat' dir='ltr'><strong>mulierum</strong></span> <span class='ocrx_word' id='word_1_841' title='bbox 2695 5594 2957 5659; x_wconf 86' lang='lat' dir='ltr'><strong>ululatus,</strong></span> <span class='ocrx_word' id='word_1_842' title='bbox 2994 5595 3216 5664; x_wconf 65' lang='lat' dir='ltr'><strong>rapinae,</strong></span> <span class='ocrx_word' id='word_1_843' title='bbox 3239 5599 3588 5667; x_wconf 74' lang='lat' dir='ltr'><strong>captivitate-3,</strong></span> <span class='ocrx_word' id='word_1_844' title='bbox 3617 5591 3686 5644; x_wconf 51' lang='lat' dir='ltr'><strong>in.</strong></span> 
     </span>
    </p>
   </div>
   <div class='ocr_carea' id='block_1_115' title="bbox 2149 5682 3684 5753">
    <p class='ocr_par' dir='ltr' id='par_1_115' title="bbox 2149 5682 3684 5753">
     <span class='ocr_line' id='line_1_115' title="bbox 2149 5682 3684 5753; baseline -0.004 -18"><span class='ocrx_word' id='word_1_845' title='bbox 2149 5683 2489 5736; x_wconf 87' lang='lat' dir='ltr'><strong>sultationes.</strong></span> <span class='ocrx_word' id='word_1_846' title='bbox 2516 5682 2724 5738; x_wconf 83' lang='lat' dir='ltr'><strong>Genere</strong></span> <span class='ocrx_word' id='word_1_847' title='bbox 2759 5683 2970 5740; x_wconf 89' lang='lat' dir='ltr'><strong>nobiles</strong></span> <span class='ocrx_word' id='word_1_848' title='bbox 2999 5683 3294 5753; x_wconf 86' lang='lat' dir='ltr'><strong>contempti</strong></span> <span class='ocrx_word' id='word_1_849' title='bbox 3329 5695 3500 5748; x_wconf 82' lang='lat' dir='ltr'><strong>erant,</strong></span> <span class='ocrx_word' id='word_1_850' title='bbox 3520 5684 3684 5735; x_wconf 74' lang='lat' dir='ltr'><strong>dirius</strong></span> 
     </span>
    </p>
   </div>
   <div class='ocr_carea' id='block_1_116' title="bbox 2148 5772 3684 5846">
    <p class='ocr_par' dir='ltr' id='par_1_116' title="bbox 2148 5772 3684 5846">
     <span class='ocr_line' id='line_1_116' title="bbox 2148 5772 3684 5846; baseline -0.001 -18"><span class='ocrx_word' id='word_1_851' title='bbox 2148 5773 2321 5842; x_wconf 89' lang='lat' dir='ltr'><strong>impii.</strong></span> <span class='ocrx_word' id='word_1_852' title='bbox 2355 5772 2548 5829; x_wconf 80' lang='lat' dir='ltr'><strong>Plateae</strong></span> <span class='ocrx_word' id='word_1_853' title='bbox 2581 5784 2634 5829; x_wconf 94' lang='lat' dir='ltr'><strong>ct</strong></span> <span class='ocrx_word' id='word_1_854' title='bbox 2663 5776 2844 5846; x_wconf 87' lang='lat' dir='ltr'><strong>anguli</strong></span> <span class='ocrx_word' id='word_1_855' title='bbox 2884 5777 3090 5846; x_wconf 88' lang='lat' dir='ltr'><strong>ubique</strong></span> <span class='ocrx_word' id='word_1_856' title='bbox 3124 5777 3274 5830; x_wconf 86' lang='lat' dir='ltr'><strong>omni</strong></span> <span class='ocrx_word' id='word_1_857' title='bbox 3326 5778 3577 5831; x_wconf 80' lang='lat' dir='ltr'><strong>malorum</strong></span> <span class='ocrx_word' id='word_1_858' title='bbox 3604 5782 3684 5837; x_wconf 75' lang='lat' dir='ltr'><strong>ge-</strong></span> 
     </span>
    </p>
   </div>
  </div>
