3976 6586
309 454 415 522 881

1365 468 1814 530 CHRONICON
1865 471 2128 532 MAJUS.
2165 497 2235 508 —
2269 472 2412 534 LIB.
2444 474 2559 534 ΙΙΙ.

3440 476 3544 533 882

302 571 489 626 πάντα
523 571 685 626 τόπον
721 574 998 644 πανταχοῦ
1048 577 1240 631 πασῶν
1294 579 1503 632 κακιῶν
1530 574 1599 648 ἦν
1627 579 1880 648 ἐμπλεαο
1913 591 1957 646 Α
1991 561 2082 649 ρος
2124 579 2314 633 τούτου
2361 581 2544 650 χρόνοι
2595 579 3008 649 τεσσαράκοντα
3052 578 3208 632 ἐννέα
3242 578 3337 630 καὶ
3384 579 3549 647 μῆνες

298 661 483 726 οὐδεὶς
535 663 701 727 τόπος
752 665 1182 738 ἀνεξερεύνητος
1225 669 1257 738 ἢ
1297 670 1495 733 ἄσυλος
1547 667 1881 739 ἓμεινεν.Ὦ

298 755 510 825 Χριστέ
538 755 784 825 βασιλεῦ,
814 759 912 826 τῆς
955 759 1078 814 τότε
1123 761 1357 830 θλίψεως
1390 764 1483 816 καὶ
1518 763 1882 832 στενοχωρίας

301 848 489 900 πᾶσαν
516 849 670 902 πόλιν
702 851 797 902 καὶ
831 851 1039 920 χώραν,
1077 855 1143 921 ἢν
1177 853 1418 907 οἰκοῦσιν
1451 854 1503 907 oi
1535 855 1878 921 Χριστιανοὶ,

295 937 694 1006 ἐλευθέρωσον.
730 942 842 1002 Καὶ
889 943 1066 996 πάντα
1120 945 1299 1012 κῆπον
1342 946 1438 1005 καὶ
1477 940 1630 998 οἷκον
1666 946 1715 998 oi
1746 945 1880 998 ἀσε-

299 1027 422 1090 ϐεῖς
479 1029 583 1083 οὐκ
637 1031 828 1085 εἴασαν
873 1033 1214 1103 ἀνώρυκτον,
1251 1036 1338 1088 ἶνα
1389 1037 1459 1104 τὰ
1512 1037 1881 1106 κεκρυμμένα

296 1119 565 1189 χρήματα
613 1120 820 1190 εὕρωσι
847 1138 862 1154 ο
903 1125 996 1176 καὶ
1049 1125 1323 1178 πλείστων
1371 1127 1472 1196 μὲν
1505 1126 1642 1180 νέων
1677 1127 1884 1195 θησαυ-

299 1211 416 1279 ρῶν
434 1213 526 1264 καὶ
549 1212 794 1268 παλαιῶν
821 1216 914 1268 καὶ
939 1216 1143 1286 ἐτέρων
1173 1217 1489 1288 πολυτίμων
1512 1220 1878 1288 πραγμάτων,

297 1302 584 1372 εὑρόντες,
617 1305 1062 1377 ἐνεπλήσθησαν.

374 1399 447 1464 η’.
492 1396 580 1455 Ὠς
611 1397 704 1450 οὖν
735 1401 767 1465 ἠ
800 1401 955 1463 πόλις
982 1403 1146 1465 ἐάλω,
1193 1405 1222 1456 6
1269 1405 1497 1474 ἁμηρᾶς
1523 1405 1672 1459 ἔνδον
1705 1407 1880 1459 είσελ-

302 1485 423 1539 θὼν
470 1487 638 1550 εὐθὺς
687 1491 836 1561 πάσῃ
886 1495 1088 1564 σπουδῇ
1121 1494 1350 1564 ζήτησιν
1387 1498 1561 1551 ἐποίει
1612 1499 1739 1565 περὶ
1785 1499 1879 1551 τοῦ

304 1578 595 1647 βασιλέως,
624 1583 685 1643 ὃς
719 1587 860 1639 κατά
911 1587 1038 1640 νοῦν
1069 1589 1232 1641 ἄλλον
1261 1590 1361 1643 οὐκ
1415 1589 1692 1657 ἐλογίζετο
1724 1593 1771 1643 εί
1803 1592 1878 1659 μὴ

309 1671 472 1737 μόνον
531 1673 726 1741 μαθεῖν
778 1678 826 1728 εί
878 1679 942 1746 ζῇ
1000 1679 1033 1747 ἢ
1087 1679 1350 1745 τέθνηκεν
1394 1682 1420 1732 6
1465 1679 1741 1749 βασιλεύς.
1772 1684 1879 1734 Καὶ

304 1759 454 1823 τινὲς
505 1761 606 1830 μὲν
655 1765 907 1828 ἐλθόντες
949 1768 1140 1836 ἔλεγον
1169 1771 1252 1824 ὅτι
1299 1771 1526 1838 ἔφυγεν,
1558 1774 1708 1825 ἄλλοι
1738 1774 1792 1826 δὲ
1822 1775 1880 1825 ἐν

301 1853 370 1920 τῇ
398 1852 553 1906 πόλει
582 1853 770 1921 ἔλεγον
797 1854 934 1913 εἶναι
971 1864 1380 1930 κεκρυμμένον.
1411 1863 1563 1916 ἄλλοι
1586 1864 1643 1917 δὲ
1679 1864 1876 1917 τεθνά·

299 1959 394 1995 ναι
453 1945 782 2014 μαχόμενον.
837 1951 948 2004 Καὶ
1016 1953 1189 2007 θέλων
1259 1955 1599 2023 πιστωθῆναι
1658 1957 1875 2024 ἀληθῶς

299 2033 542 2088 ἔστειλεν
568 2038 697 2092 ἔνθα
721 2040 878 2110 291
912 2044 975 2113 δὴ
1018 2047 1088 2098 τὰ
1119 2048 1390 2115 πτώματα
1419 2050 1528 2100 τῶν
1562 2050 1879 2118 ἀναιρεθέν-

299 2141 411 2175 των
454 2126 632 2181 ἔκειτο
675 2134 978 2199 σωροειδῶς
1031 2135 1378 2206 Χριστιανῶν
1417 2155 1473 2192 τε
1521 2142 1614 2193 καὶ
1639 2140 1875 2196 ἀσεϐῶν.

303 2214 417 2265 Καὶ
443 2217 709 2283 πλείστας
752 2224 996 2292 κεφαλὰς
1035 2227 1145 2280 τῶν
1187 2229 1589 2299 ἀναιρεθέντων
1616 2231 1875 2294 ἔπλυναν,

298 2305 518 2389 εἰτύχῃ
575 2308 670 2359 καὶ
725 2309 826 2379 τὴν
881 2312 1166 2383 βασιλικὴν
1228 2319 1563 2386 γνωρίσωσι.
1623 2319 1733 2373 Καὶ
1779 2321 1879 2373 οὐκ

299 2393 642 2465 tamen.“
672 2404 938 2470 γνωρίσαι
961 2405 1133 2473 αὐτὴν
1159 2408 1208 2460 εί
1239 2409 1313 2478 μὴ
1343 2409 1406 2461 τὸ
1429 2409 1645 2472 τεθνεδς
1675 2411 1879 2478 πτῶμα

295 2485 397 2540 τοῦ
431 2486 696 2554 βασιλέως
751 2494 1027 2564 εὑρόντες,
1063 2496 1091 2549 ὃ
1141 2500 1447 2569 ἐγνώρισαν
1479 2502 1545 2555 ἐκ
1585 2503 1694 2554 τῶν
1723 2502 1876 2572 βασι-

297 2576 474 2630 λικῶν
525 2583 941 2652 περικνημίδων
987 2586 1019 2656 ἢ
1057 2587 1153 2640 καὶ
1215 2578 1470 2655 πεδίλων,
1505 2591 1652 2645 ἔνθα·
1681 2595 1879 2662 χρυσοῖ

298 2669 456 2723 ἀετοὶ
475 2667 620 2740 ἦσαν
645 2679 1052 2746 γεγραμμένοι,
1078 2683 1152 2743 ὡς
1179 2681 1300 2740 ἔθος
1326 2683 1542 2752 ὑπῆρχε
1577 2687 1690 2747 τοῖς
1723 2685 1878 2753 βασι-

292 2758 473 2814 λεῦσι.
506 2763 616 2816 Καὶ
647 2765 834 2831 μαθὼν
857 2768 886 2820 ό
922 2769 1146 2838 άμηρᾶς
1183 2773 1496 2840 περιχαρὴς
1529 2775 1621 2825 καὶ
1649 2774 1878 2843 εὐφραιο

296 2851 527 2920 νόμενος
562 2853 776 2925 ὑπῆρχε
803 2871 816 2886 ·
857 2860 952 2912 καὶ
982 2859 1281 2928 προστάξει
1330 2863 1494 2916 αὐτοῦ
1531 2866 1581 2918 oi
1619 2865 1874 2934 εὑρεθέν-

293 2960 393 3006 τες
428 2945 748 3014 Χριστιανοὶ
791 2950 1002 3018 ἔθαψαν
1061 2952 1125 3004 τὸ
1168 2953 1446 3023 βασιλικὸν
1497 2957 1697 3024 πτῶμα
1737 2955 1903 3026 μετὰ.

299 3037 599 3104 βασιλικῆς
643 3041 830 3110 τιμῆς.
865 3044 1002 3096 Οὐαὶ
1044 3046 1166 3098 οὐαὶ
1199 3047 1368 3113 κάμοὶ
1403 3047 1502 3116 τῆς
1531 3050 1787 3116 προνοίας
1818 3049 1875 3100 ἐν

295 3129 409 3180 τίνι
443 3131 622 3201 καιρῷ
653 3148 719 3201 με
749 3134 1153 3205 φυλαττούσηςε
1183 3131 1302 3190 Ἦν
1320 3137 1377 3191 δὲ
1405 3139 1605 3208 πᾶσαή
1637 3138 1749 3208 ζωὴ
1780 3137 1875 3190 τοῦ

1986 671 2134 737 τρεῖς
2171 671 2265 720 καὶ
2297 671 2506 738 ἡμέραι
2537 669 2732 722 εἴκοσι.

2064 759 2126 809 't)
2153 759 2210 810 δέ
2248 759 2477 827 ἀμηρᾶς
2522 762 2589 829 τῇ
2631 761 2756 833 νίκῃ
2799 762 2863 830 τῇ
2903 759 3116 830 μεγάλῃ
3166 759 3427 828 ἐπαρθεὶς
3459 761 3546 811 καὶ

1987 848 2243 918 πλείστης
2275 851 2580 916 κενοδοξίας
2607 853 2873 920 πλησθεὶς
2905 851 3054 921 ὠμὸς
3100 854 3193 904 καὶ
3233 851 3426 919 ἁνελεή
3437 865 3581 916 μων·

1984 941 2180 1008 ἐφάνη.
2215 941 2535 1010 Προσελθὼν
2583 943 2641 995 δὲ
2685 942 2836 1010 αὐτῷ
2885 944 2914 995 6
2968 943 3140 1010 μέγας
3190 942 3319 1006 δοὺξ
3363 943 3390 993 6
3446 943 3553 1006 κῦρ

1984 1034 2202 1093 Λουκᾶς
2237 1034 2266 1086 6
2299 1034 2551 1101 Νοταρᾶς
2584 1035 2994 1103 προσεκύνησεν
3021 1037 3210 1098 αὐτὸν,
3243 1035 3337 1086 καὶ
3370 1034 3552 1098 δείξας

1985 1125 2134 1193 αὑτῷ
2183 1125 2461 1194 θησαυρδν
2517 1127 2685 1179 πολὺν
2731 1127 2791 1180 ὃν
2843 1124 2955 1197 εἶχε
3022 1128 3423 1196 κεκρυμμένον,
3461 1129 3551 1178 καὶ

1983 1214 2165 1277 λίθους
2195 1216 2287 1268 καὶ
2318 1216 2641 1286 μαργάρους
2671 1218 2766 1270 καὶ
2803 1219 2967 1289 ἔτερα
2999 1218 3216 1287 λάφυρα
3247 1218 3372 1282 ἄξιαι
3399 1217 3552 1286 βασι-

1983 1304 2185 1367 λεῦσιν,
2225 1303 2261 1357 ἃ.
2293 1303 2417 1360 ἰδὼν
2455 1305 2482 1356 6
2509 1304 2760 1376 ’Δμηρᾶς
2791 1308 2887 1358 καὶ
2923 1312 3074 1359 πᾶσα
3104 1309 3135 1376 ή
3169 1305 3332 1374 βουλὴ
3382 1303 3549 1357 αὑτοῦ

1982 1394 2318 1462 ἐθαύμασαν.
2353 1394 2410 1447 '0
2439 1395 2496 1447 δὲ
2523 1395 2772 1462 Νοταράς
2802 1390 2924 1448 εἷπε
2952 1395 3029 1462 τῷ
3051 1396 3242 1464 ἀμηρᾷ
3269 1411 3283 1426 ο
3315 1412 3334 1445 ι
3365 1393 3551 1446 Ταῦτα

1984 1484 2160 1538 πάντα
2193 1484 2493 1551 ἐφύλαττον
2540 1486 2629 1539 διὰ
2678 1481 2779 1554 τὴν
2821 1484 3101 1554 βασιλείαν
3155 1502 3271 1547 σου,
3311 1485 3403 1536 καὶ
3439 1484 3548 1535 ίδοὺ

1981 1578 2049 1629 τὰ
2081 1576 2176 1629 νῦν
2203 1575 2506 1647 χαρίζομαι
2536 1594 2618 1630 σοι
2649 1577 2823 1648 δῶρον
2848 1593 2862 1608 ο
2903 1577 2998 1630 καὶ
3027 1577 3240 1642 δέομαι,
3277 1575 3426 1638 δέξαι
3455 1573 3549 1625 τοῦ

1981 1667 2168 1721 δούλου
2222 1685 2318 1719 σου
2365 1668 2465 1736 τὴν
2498 1667 2681 1736 δέησιν
2722 1669 2816 1720 καὶ
2843 1666 3241 1737 παρακάλεσιν.
3281 1685 3300 1716 ι
3348 1665 3552 1716 Ἥλπιο

1982 1762 2074 1826 ξεν
2123 1761 2216 1814 οὖν
2271 1754 2425 1824 οὗτος
2477 1762 2546 1815 δι’
2595 1763 2775 1815 αὐτῶν
2829 1751 3144 1830 ἐλευθερίαν
3187 1760 3348 1829 τύχαι
3391 1757 3552 1826 292

1987 1854 2125 1922 μετὰ
2157 1855 2251 1906 τοῦ
2279 1855 2430 1907 οἴκου
2461 1853 2660 1906 αὐτοῦ’
2692 1854 3057 1920 ἀπελογίσατο
3087 1854 3142 1905 δὲ
3185 1851 3334 1918 αὐτῷ
3383 1852 3411 1902 6
3452 1866 3555 1915 μηο

1981 1943 2081 2012 ρᾶς
2111 1944 2204 1996 καὶ
2249 1939 2404 1998 εἶπεν
2431 1959 2445 1974 ·
2482 1960 2503 1994 ι
2536 1939 2606 1994 Ὢ
2634 1943 2889 2011 ἡμικύων
2922 1942 3014 1995 καὶ
3044 1941 3380 2008 άπάνθρωπε
3411 1941 3556 2006 ἀμη-

1980 2035 2294 2104 κανοῤῥάφε
2337 2034 2430 2086 καὶ
2480 2033 2814 2104 πολύτροπε,
2844 2033 3098 2086 τοσοῦτον
3133 2031 3363 2084 πλοῦτον
3407 2026 3555 2097 εῖχες

1981 2125 2075 2177 καὶ
2096 2125 2196 2177 οὐκ
2225 2123 2530 2196 ἐϐοήθησας
2568 2124 2646 2194 τῷ
2681 2125 2895 2194 βασιλεῖ
2936 2124 3013 2191 τῷ
3053 2123 3289 2193 αὐθέντῃ
3333 2137 3425 2173 σου
3462 2120 3556 2172 καὶ

1979 2219 2045 2286 τῇ
2086 2218 2235 2270 πόλει
2281 2219 2347 2286 τῇ
2399 2217 2621 2285 πατρίδι
2673 2233 2806 2282 σούς
2853 2216 2972 2270 Νῦν
3007 2216 3064 2268 δὲ
3114 2216 3254 2284 μετὰ
3296 2215 3554 2266 τοιούτων

1983 2309 2260 2379 πονηριῶν
2321 2311 2420 2362 καὶ
2478 2311 2832 2378 πανουργιῶν
2889 2310 2956 2372 ἃς
3015 2307 3167 2371 οῖδας
3230 2310 3405 2362 ποιεῖν
3457 2305 3556 2358 καὶ

1980 2402 2244 2470 πράττειν
2267 2403 2332 2453 ἐκ
2360 2402 2641 2468 νεότητος,
2676 2401 2842 2472 βούλῃ
2873 2402 3232 2454 ὐποσκελίσαι
3264 2399 3431 2466 κάμὲ,
3459 2399 3555 2450 καὶ

1981 2495 2160 2562 φύγῃς
2192 2493 2287 2544 τοῦ
2336 2493 2644 2563 πρέποντός
2680 2510 2762 2546 σοι
2793 2510 2808 2558 ;
2845 2493 2982 2546 Εἰπέ
3025 2510 3136 2561 μοι,
3166 2487 3211 2545 ὦ
3245 2491 3438 2559 ἀσεϐῆ,
3470 2490 3555 2549 τίς

1978 2585 2006 2636 ό
2037 2583 2274 2652 χαρίσας
2315 2601 2408 2653 μοι
2449 2585 2539 2638 τὸν
2591 2579 2831 2638 πλοῦτον
2853 2586 2947 2638 τδν
2998 2584 3088 2638 σὸν
3134 2583 3231 2636 καὶ
3259 2582 3360 2652 τὴν
3401 2581 3557 2633 πόλιν

1978 2677 2185 2748 ταύτην
2217 2678 2298 2738 είς
2329 2676 2518 2748 χεῖράς
2570 2694 2712 2746 μους
2750 2696 2771 2729 ι
2818 2678 2982 2744 Λέγει
3013 2675 3164 2745 αὐτῷ
3192 2677 3220 2728 6
3258 2675 3512 2741 Νοταρᾶς
3539 2691 3552 2706 ο

1983 2787 2003 2820 ι
2051 2767 2112 2823 '0
2145 2767 2300 2830 Θεός.
2341 2786 2362 2820 ι
2411 2769 2470 2821 '0
2500 2768 2558 2822 δέ
2596 2767 2847 2839 ’Δμηρᾶς
2872 2766 3028 2822 εἶπεν
3058 2766 3208 2836 αὐτῷ
3232 2781 3248 2797 σ
3284 2784 3304 2817 ι
3339 2766 3493 2818 Ἐπεὶ
3528 2766 3556 2815 6

1977 2861 2109 2923 Θεὸς
2154 2859 2331 2913 ταῦτά
2381 2877 2474 2928 μοι
2520 2861 2815 2930 ἐχαρίσατο
2850 2863 2942 2914 καὶ
2975 2862 3036 2913 σὲ
3067 2861 3162 2914 καὶ
3201 2862 3411 2921 πάντας
3443 2857 3555 2910 ὑπὸ

1975 2953 2074 3008 τὰς
2107 2953 2299 3023 χεῖράς
2336 2969 2438 3022 μου
2470 2953 2691 3017 δούλους
2712 2955 2900 3018 έδωσε,
2926 2955 2978 3007 τί
3007 2954 3071 3007 σὺ
3102 2953 3303 3020 λέγεις,
3322 2949 3551 3019 πονηρὲ,

1977 3047 2072 3098 καὶ
2099 3046 2394 3115 φλυαρεῖς;
2422 3047 2548 3109 Πῶς
2574 3047 2676 3100 οὐκ
2715 3045 2964 3109 ἔστειλάς
2997 3062 3089 3114 μοι
3120 3045 3261 3096 αὐτὰ
3289 3044 3422 3112 πρὶν
3456 3042 3556 3110 τὴν

1981 3137 2160 3205 μάχην
2183 3138 2393 3208 κινήσω
2420 3136 2544 3190 καθ’
2576 3137 2732 3206 ὑμῶν
2755 3137 2790 3206 ἢ
2818 3138 2950 3206 πρὶν
2985 3137 3084 3205 τὴν
3139 3137 3292 3188 πόλιν
3320 3135 3552 3201 νικήσω,

300 3222 551 3291 ἀοιδίμου
599 3225 656 3277 ἐν
702 3225 985 3294 βασιλεῦσι
1012 3231 1106 3281 καὶ
1140 3231 1509 3298 γαληνοτάτου
1541 3234 1633 3285 καὶ
1663 3231 1875 3303 μάρτυ-
1899 3241 1945 3303 C
1977 3229 2064 3281 ἵνα
2092 3229 2296 3296 ὀφείλω
2331 3247 2416 3283 σοι
2455 3230 2556 3300 τὴν
2584 3230 2747 3299 χάριν
2776 3230 2868 3282 καὶ
2897 3231 2996 3298 τὴν
3033 3227 3367 3296 ἁνταμοιόὴν
3393 3244 3408 3294 ;
3441 3225 3554 3278 Νῦν

302 3347 438 3386 nere
499 3335 910 3404 redundabant;
963 3341 1144 3396 nullus
1176 3342 1327 3396 locus
1374 3352 1512 3404 erat.
1571 3359 1730 3413 quem
1768 3359 1875 3398 non

301 3431 686 3478 scrutarentur
716 3437 769 3480 et
796 3429 1124 3497 expilarent.
1155 3431 1374 3487 Christe
1431 3435 1568 3500 Rex,
1633 3436 1702 3490 ab
1760 3435 1874 3504 illa,

303 3530 473 3580 quam
508 3524 618 3570 tum
659 3521 864 3588 experti
927 3537 1141 3590 sumus,
1199 3525 1418 3579 miseria
1455 3536 1509 3580 et
1565 3527 1880 3582 calamitate

302 3620 526 3679 munem
562 3609 751 3664 Urbem
781 3619 836 3664 et
888 3621 1112 3677 terram,
1161 3630 1324 3682 quam
1371 3614 1672 3670 Christiani
1725 3618 1876 3671 habi-

303 3707 443 3754 tant.
487 3707 690 3755 tueare.
753 3701 942 3759 Nullos
989 3704 1194 3772 hortos,
1254 3707 1397 3762 nulla
1440 3708 1715 3762 domicilia
1772 3723 1876 3762 non

305 3792 699 3858 perquirebant
731 3793 904 3862 impii,
937 3803 998 3849 ut
1053 3797 1336 3864 pecuniam
1396 3798 1634 3853 abditam
1670 3800 1878 3867 reperi-

306 3891 475 3932 rent:
557 3897 621 3936 ac
684 3885 939 3941 maximis
967 3885 1243 3943 ﬁinventis
1297 3889 1620 3952 thesauris,
1650 3890 1878 3943 vetustis

304 3977 364 4023 et
430 3971 610 4038 novis,
681 3985 848 4042 atque
914 3975 1039 4029 aliis
1117 3978 1279 4031 rebus
1340 3978 1594 4046 pretiosis
1669 3979 1876 4046 impleti

304 4071 458 4116 sunt.

377 4154 432 4208 9.
462 4156 629 4223 Capta
687 4160 850 4226 igitur
877 4161 1032 4225 urbe,
1085 4163 1340 4229 Ameras,
1383 4179 1504 4218 eam
1569 4167 1875 4235 ingressus,

300 4246 712 4302 studiosissime
747 4249 814 4304 de
865 4251 1196 4318 imperatore
1251 4257 1552 4323 quaerebat,
1585 4274 1686 4312 nec
1714 4261 1877 4327 quid-

219 4352 226 4356 ·
297 4351 465 4400 quam
493 4339 770 4406 antiquius
791 4340 1042 4408 habebat,
1069 4359 1232 4413 quam
1261 4353 1318 4399 ut
1343 4359 1712 4414 cognosceret,
1733 4352 1879 4405 vive-

298 4436 455 4489 retne
481 4441 547 4480 an
567 4427 865 4485 interiisset
883 4433 1196 4500 imperator.
1221 4437 1399 4505 Atque
1415 4455 1538 4492 eum
1561 4440 1649 4494 alii
1676 4442 1878 4511 fugisse

298 4516 576 4583 dicebant,
596 4519 683 4572 alii
713 4521 763 4574 in
786 4522 916 4576 urbe
937 4525 1174 4588 latitare,
1200 4527 1291 4580 alii
1316 4529 1502 4596 praelio
1524 4533 1870 4587 occubuisse.
1907 4564 1950 4617 υ

299 4611 492 4678 Itaque
536 4620 595 4664 ut
633 4608 745 4666 rem
782 4625 931 4667 certo
967 4628 1342 4684 cognosceret,
1386 4621 1552 4684 misit.
1599 4624 1689 4678 ubi
1717 4626 1874 4679 Chri-

296 4704 605 4756 stianorum
660 4711 714 4758 et
761 4705 1052 4774 impiorum
1091 4712 1354 4764 cadavera
1394 4715 1689 4768 acervatim
1725 4715 1875 4784 jace-

302 4799 456 4846 bant.
491 4794 790 4849 Ablnerunt
827 4797 1132 4853 occisorum
1164 4801 1337 4868 capita
1371 4802 1624 4870 plurima,
1660 4807 1704 4859 si
1736 4805 1875 4861 forte

302 4884 657 4950 imperatoris
713 4898 1095 4954 agnoscerent.
1165 4889 1280 4944 Non
1343 4903 1591 4960 poterant
1653 4904 1870 4960 autem,

298 4974 399 5029 sed
442 4976 723 5029 inventum
763 4977 1108 5046 imperatoris
1140 4981 1375 5035 cadaver
1409 4998 1475 5036 ex
1509 4985 1874 5053 imperatoriis

298 5067 486 5119 ocreis
519 5075 573 5120 et
603 5069 988 5122 calceamentis
1018 5081 1374 5137 agnoverunt,
1398 5074 1450 5126 in
1479 5075 1676 5142 quibus
1701 5092 1877 5131 aureae

307 5157 508 5225 aquila:
536 5157 764 5226 depicta:
793 5170 998 5225 essent,
1035 5171 1092 5215 ut
1122 5178 1240 5217 mos
1276 5176 1394 5218 erat
1433 5166 1871 5235 imperatoribus.

308 5248 486 5318 Hujus
513 5251 586 5305 rei
617 5251 815 5306 certior
846 5253 1022 5307 factus
1052 5256 1299 5320 Ameras,
1335 5273 1678 5327 summopere
1723 5262 1873 5328 gavi-

303 5353 403 5392 sus
431 5346 484 5392 et
511 5339 842 5418 exhilaratus
899 5350 1002 5405 est,
1034 5355 1087 5398 et
1143 5346 1235 5412 qui
1307 5346 1537 5401 aderant
1581 5348 1874 5409 Christiani

295 5428 456 5496 jussu
489 5429 608 5493 ejus
626 5431 1035 5497 imperatorium
1053 5434 1282 5488 cadaver
1305 5437 1506 5490 honore
1537 5439 1874 5507 imperatori-

298 5518 409 5572 bus
440 5517 682 5586 legitimo
704 5521 1090 5586 sepeliveruut.
1131 5522 1220 5577 Va:
1257 5524 1387 5576 mihi
1417 5541 1652 5592 quoque,
1705 5541 1868 5594 quem

295 5619 413 5672 quo
432 5615 675 5676 tempore
701 5610 938 5665 servavit
962 5612 1144 5664 divina
1193 5613 1527 5679 providentia
1559 5615 1570 5666 !
1612 5613 1754 5668 Vixit
1787 5630 1876 5669 ve-

299 5697 579 5752 nerandus
635 5700 725 5754 bie
775 5710 827 5755 et
904 5701 1308 5771 placidissimus
1366 5705 1687 5773 imperator,
1743 5707 1869 5760 dum

298 5801 512 5858 martyr
536 5789 694 5856 obiit,
742 5806 916 5848 annos
950 5794 1315 5865 quadraginta
1383 5811 1600 5858 novem,
1661 5814 1872 5854 menses

300 5887 416 5933 tres
445 5887 500 5934 et
522 5882 636 5938 dies
676 5881 891 5954 viginti.

2052 3340 2278 3396 Ameras
2308 3356 2506 3411 magna
2536 3315 2980 3398 victoria‘elatns
3030 3352 3085 3396 et
3119 3343 3266 3396 inani
3319 3339 3554 3395 tumefa~

1979 3440 2099 3486 ctus
2126 3433 2315 3502 gloria,
2375 3434 2652 3488 crudelem
2710 3449 2771 3487 se
2828 3444 2882 3488 et
2933 3434 3222 3488 immanem
3281 3433 3550 3503 praestitit.

1977 3523 2223 3579 Accessit
2249 3525 2314 3578 ad
2345 3541 2469 3579 eum
2502 3524 2679 3581 Lucas
2709 3525 2965 3590 NOIaras,
3018 3540 3246 3593 magnus
3307 3525 3440 3589 dux,
3478 3535 3550 3582 et.

1979 3613 2292 3668 adoratione
2322 3613 2483 3678 facta,
2515 3615 2790 3683 ingentem
2831 3617 3174 3678 thesaurum,
3235 3629 3395 3680 quem
3432 3615 3553 3667 abs-

1979 3704 2259 3757 conditum
2315 3706 2567 3771 habebat,
2622 3720 2865 3774 gemmas
2923 3721 3086 3773 porro
3133 3713 3183 3758 et
3231 3706 3553 3771 margaritas

1979 3795 2251 3864 aliamque
2289 3810 2475 3863 gazam
2521 3796 2742 3865 regibus
2797 3797 3016 3864 dignam
3073 3797 3122 3849 ei
3185 3796 3551 3858 monstravit;

1979 3900 2211 3956 quorum
2267 3895 2489 3955 aspectu
2529 3889 2757 3942 Ameras
2817 3904 2940 3943 cum
2982 3889 3235 3942 universo
3291 3889 3550 3942 comitatu

1979 3975 2284 4045 obstupuit.
2326 3976 2464 4030 Tum
2515 3976 2796 4034 Notaras:
2839 3998 2857 4028 ι
2919 3978 3041 4032 Haec
3091 3980 3296 4040 omnia,
3351 3979 3547 4044 ἰιιιιιὶι,

1980 4071 2190 4122 servavi
2234 4069 2501 4135 maiestati
2569 4079 2675 4122 tua:
2731 4079 2785 4123 et
2843 4084 2988 4123 nunc
3037 4069 3131 4122 tibi
3185 4083 3280 4137 pro
3331 4083 3553 4121 munere

1979 4160 2156 4222 trado,
2189 4173 2252 4212 ac
2283 4174 2436 4227 rogo,
2471 4167 2528 4212 ut
2558 4158 2702 4213 servi
2735 4161 2811 4213 lui
2871 4175 3061 4229 preces
3093 4171 3149 4214 et
3196 4172 3319 4214 vota
3353 4176 3420 4213 ne
3466 4176 3553 4214 as-

1982 4263 2230 4317 pernere.
2283 4267 2302 4298 ι
2337 4248 2601 4316 Sperabat
2629 4261 2836 4314 autem,
2869 4249 2949 4304 sic
2999 4265 3056 4304 se
3095 4264 3220 4303 cum
3255 4250 3418 4303 domo
3449 4264 3545 4302 sua

1980 4341 2282 4394 libertatem
2315 4351 2736 4395 consecuturum
2771 4356 2916 4395 esse.
2967 4342 3034 4394 At
3066 4339 3342 4410 respondit
3390 4341 3553 4394 Ame-

1978 4447 2108 4486 ras:
2159 4451 2176 4482 ι
2217 4431 2326 4486 Heu
2383 4441 2434 4486 te
2486 4433 2844 4495 setnicanem,
2903 4435 3175 4488 hominem
3237 4434 3549 4498 immanem,

1979 4533 2336 4577 veteratorem
2372 4535 2423 4578 et
2463 4525 2888 4586 fraudulentum,
2915 4527 3006 4593 qni
3057 4535 3234 4580 tantas
3257 4540 3385 4591 ones
3428 4541 3553 4593 pos-

1981 4616 2207 4679 sederis,
2236 4631 2341 4669 nec
2393 4619 2736 4671 succurreris
2791 4619 3015 4670 domino
3052 4629 3169 4682 tuo,
3208 4619 3550 4686 imperatori,

1980 4721 2079 4760 nec
2107 4707 2233 4760 huic
2261 4706 2404 4766 urbi.
2441 4709 2628 4775 patriae
2656 4710 2814 4760 -ιιιιεῑ
2873 4723 3019 4760 nunc
3083 4724 3213 4760 vero
3246 4723 3368 4760 eum
3433 4708 3552 4760 istis

1981 4779 2238 4865 nequitiis
2265 4807 2318 4850 et
2348 4797 2652 4860 fraudibus,
2687 4799 2894 4867 quibus
2931 4798 3146 4852 deditus
3177 4797 3327 4850 fuisti
3359 4813 3386 4849 a
3422 4813 3554 4864 pue-

1979 4885 2238 4946 ritia,-me
2289 4901 2504 4953 quoque
2530 4886 2879 4952 supplantare
2927 4896 2980 4938 et
3033 4899 3246 4950 pinnam
3313 4884 3551 4952 effugere

1977 4976 2202 5031 studes?
2228 4975 2322 5030 Dic
2353 4977 2505 5039 mihi,
2536 4979 2782 5039 sceleste,
2809 4977 2930 5044 quis
2975 4989 3081 5039 est,
3113 4978 3204 5045 qui
3263 4978 3315 5028 in
3354 4992 3548 5046 manus

1978 5085 2128 5122 meas
2165 5070 2636 5124 tradiditdivitias
2672 5079 2790 5123 tuas
2819 5079 2872 5122 et
2907 5070 3048 5122 hanc
3076 5070 3310 5121 urbem?
3349 5087 3364 5116 ι
3409 5066 3546 5120 ltus-

1976 5161 2168 5229 pondit
2202 5161 2470 5216 Notaras:
2513 5181 2531 5211 ι
2561 5162 2756 5216 Deus.)
2794 5161 2930 5213 Tum
2962 5161 3188 5213 Ameras
3224 5176 3238 5212 :
3283 5179 3300 5209 ι
3337 5159 3542 5225 Quodsi

1979 5253 2116 5305 Dens
2147 5255 2259 5306 haec
2283 5253 2413 5304 mihi
2440 5253 2678 5316 donavit,
2708 5261 2870 5321 atque
2897 5261 2946 5305 te
3000 5263 3052 5305 et
3087 5252 3322 5320 reliquos
3352 5254 3401 5304 in
3435 5269 3549 5303 ma-

1977 5360 2080 5398 nus
2113 5359 2262 5397 meas
2286 5343 2513 5406 dedidit,
2547 5345 2676 5413 quid
2708 5353 2784 5408 ιιι,
2811 5359 3065 5412 nequam,
3099 5345 3180 5399 ais
3201 5357 3251 5398 et
3285 5345 3550 5415 nugaris?

1978 5450 2076 5489 cur
2110 5434 2239 5488 mihi
2266 5435 2379 5489 haec
2409 5449 2516 5488 non
2552 5447 2678 5490 ante
2702 5435 2922 5499 misisti,
2947 5451 3108 5504 quam
3135 5437 3333 5490 bellum
3356 5447 3545 5492 contra

1976 5544 2072 5582 vos
2095 5543 2491 5582 commoverem
2519 5538 2613 5582 aut
2635 5531 2820 5582 urbem
2845 5543 3118 5595 caperem,
3143 5539 3200 5583 ut
3223 5531 3314 5583 tibi
3340 5532 3546 5597 gratias

1977 5628 2031 5671 ct
2063 5620 2555 5674 remunerationem
2595 5622 2894 5675 deberem?
2926 5621 3081 5674 Nune
3132 5623 3277 5674 enim
3342 5636 3451 5672 non
3489 5631 3544 5672 tu

1979 5713 2092 5764 ltzec
2116 5712 2245 5764 mihi
2283 5713 2516 5783 largiris,
2541 5715 2632 5767 sed
2665 5713 2834 5767 Deus.
2879 5733 2896 5764 ›
2940 5715 3013 5766 Ita
3042 5714 3227 5767 statim
3267 5712 3546 5765 mandavit

1978 5800 2279 5865 lictoribus,
2313 5813 2370 5855 ιιι
2396 5817 2519 5855 eum
2557 5803 2607 5854 in
2636 5818 2904 5856 carcerem
2954 5803 3292 5871 conjicerent
3325 5811 3378 5855 et
3424 5801 3548 5854 dilic

1976 5905 2162 5961 genter
2186 5895 2540 5949 custodirent.
2573 5894 2834 5949 Postridie
2865 5911 2988 5948 cum
3022 5909 3220 5950 rursus
3266 5910 3450 5949 coram
3485 5907 3547 5946 se
