3976 6556
297 424 409 486 889

1348 433 1791 494 CHRONICON
1835 436 2098 499 MAJUS.
2128 463 2196 473 --
2236 437 2380 503 LIB.
2422 441 2542 500 III.

3423 443 3529 508 890

291 538 394 636 τὸν
418 537 643 636 κόσμον.
679 538 943 636 Ἔννατον
969 537 1052 594 ὅτι
1081 541 1244 613 ἒν·τῷ
1286 547 1569 616 κεφαλαίῳ
1598 549 1676 620 τῷ
1702 552 1858 619 λεγοο
1890 569 1936 626 Α
1967 570 2068 607 σαν
2106 553 2330 623 ποιῆσαι
2360 553 2542 620 τοῦτο,
2576 553 2757 617 καθὼς
2787 553 2885 608 καὶ
2919 554 3119 618 πάντες
3147 555 3196 608 oi
3225 555 3407 607 λοιποὶ
3433 557 3549 636 ἇγ-θ

296 632 450 700 μένῳ
493 631 802 701 Μπακαρᾶ,
841 633 980 704 ὅπερ
1017 635 1381 704 ἑρμηνεύεται
1409 642 1675 710 Δάμαλις,
1711 643 1860 711 λέγει

291 721 376 784 ὡς
417 723 468 774 oi
514 723 758 776 Ἰουδαῖοι
792 726 887 778 καὶ
915 728 962 778 oi
997 729 1316 797 Χριστιανοὶ
1363 732 1602 802 σωθῆναι
1630 735 1863 804 μέλλου-

294 829 389 865 σιν
414 831 429 845 ·
468 817 525 865 ἐν
574 814 633 866 δὲ
680 815 759 884 τῷ
806 819 1091 890 κεφαλαίῳ
1124 821 1202 889 τῷ
1248 823 1470 893 Ἀμρὰμ
1501 825 1660 889 αὖθίς
1697 845 1865 896 φησιν

292 904 382 956 ὅτι
415 904 593 968 οὐδεὶς
643 906 869 962 δύναται
915 911 1152 978 σωθῆναι
1209 914 1335 967 ἄνευ
1369 917 1479 968 τῶν
1517 919 1576 969 ὲν
1608 921 1685 991 τῷ
1715 922 1865 991 νόμῳ

293 994 412 1047 τῶν
455 996 842 1066 Ἰσμαηλιτῶν.
890 1003 1122 1055 Δέκατον
1153 1007 1234 1057 ὅτι
1270 1009 1375 1076 πρὸ
1407 1009 1574 1062 αὐτοῦ
1607 1013 1666 1062 οὐ
1697 1011 1863 1065 δύνα-

290 1089 390 1140 ταί
418 1104 501 1152 τις
525 1089 791 1143 εἰσελθεῖν
815 1094 895 1154 εἰς
923 1096 1016 1146 τὸν
1049 1099 1381 1166 παράδεισον
1402 1117 1416 1131 ·
1457 1104 1551 1154 καὶ
1582 1102 1737 1165 αῦθίς
1761 1121 1868 1172 φη-

297 1197 388 1232 σιν
419 1182 502 1234 ὅτι
534 1182 738 1246 ἔδειξεν
771 1185 922 1252 αύτῷ
953 1189 980 1238 6
1009 1187 1137 1250 Θεὸς
1165 1193 1434 1256 γυναῖκάς
1460 1211 1518 1246 τε
1547 1198 1638 1247 καὶ
1667 1197 1865 1264 ἄνδρας

294 1271 534 1336 πολλοὺς
585 1275 928 1340 εἰσελθόντας
958 1281 1066 1349 πρὸ
1097 1282 1262 1336 αὐτοῦ
1294 1287 1371 1343 είς
1402 1286 1490 1337 τὸν
1511 1289 1864 1357 παράδεισον.

313 1361 636 1416 Ἓνδέκατον
666 1367 750 1418 ὅτι
780 1369 806 1418 6
850 1369 983 1432 Θεὸς
1034 1372 1170 1438 μετὰ
1218 1373 1315 1442 τὴν
1350 1376 1646 1429 ἀνάστασιν
1684 1379 1868 1441 οἴκους

297 1454 654 1522 περικαλλεῖς
683 1457 779 1511 καὶ
811 1459 1012 1529 λουτρᾶ
1046 1463 1136 1515 καὶ
1167 1467 1531 1534 παραδείσους
1559 1469 1654 1522 καὶ
1682 1472 1870 1536 γυναῖ-

297 1561 406 1608 κας
434 1547 636 1608 πολλὰς
668 1549 1014 1619 ὑπισχνεῖται
1044 1555 1228 1608 δοῦναι
1257 1559 1368 1618 τοῖς
1401 1558 1470 1626 τῷ
1504 1559 1595 1611 τοῦ
1618 1561 1866 1628 Μωάμεθ

298 1637 453 1708 νόμῳ
507 1640 921 1696 ἀκολουθοῦσιν.
956 1646 1272 1700 Δωδέκατον
1329 1651 1410 1704 ὅτι
1461 1651 1627 1721 300
1677 1655 1736 1704 ἐν
1789 1652 1868 1723 τῷ

297 1730 582 1800 κεφαλαίῳ
612 1733 690 1803 τῷ
727 1733 832 1787 Σάδ
862 1753 1030 1805 φησιν
1075 1739 1150 1800 ὡς
1183 1739 1232 1792 oi
1266 1743 1365 1809 μὲν
1411 1743 1635 1810 ἄγγελοι
1670 1744 1733 1796 ὲκ
1767 1763 1870 1797 πυ-

301 1820 395 1887 ρὸς
430 1821 974 1893 ὲδημιουργήθησαν,
1005 1829 1054 1878 οἱ
1083 1829 1137 1881 δὲ
1165 1831 1446 1898 ἅνθρωποι
1483 1836 1546 1886 ὲκ
1577 1836 1722 1905 χούς.
1776 1838 1870 1890 Δέ-

1921 686 1923 689 .
1965 646 2112 713 γελοι
2162 647 2582 718 προσεκύνησαν
2614 647 2798 709 αὐτὸν,
2847 647 2942 700 καὶ
2974 647 3059 700 διὰ
3093 646 3254 699 τοῦτο
3283 647 3530 714 ἐγένοντο

1963 739 2238 808 δαίμονες.
2274 740 2531 794 Εἱκοστὸν
2561 741 2642 791 ὅτι
2698 739 2991 793 ἀποδίδωσι
3019 739 3121 807 τὴν
3152 739 3330 789 αίτίαν
3359 737 3429 788 δι’
3460 739 3530 806 ἣν

1965 831 2273 885 κεκώλυται
2301 833 2726 888 αὐτοῖς’ὲσθίειν
2770 833 2839 884 τὰ
2887 831 3010 884 ῦεια
3059 831 3218 900 κρέη.
3270 830 3528 882 Εἱκοστὸν

1966 926 2188 996 πρῶτον
2219 929 2301 980 ὅτι
2331 926 2469 995 πρὸς
2501 925 2579 996 τῷ
2627 926 2773 978 τέλει
2820 925 2913 978 τοῦ
2946 927 3151 994 κόσμου
3184 924 3476 976 ἀποκτενεῖ
3503 923 3531 973 ὁ

1966 1021 2098 1082 Θεὸς
2130 1022 2309 1074 πᾶσαν
2331 1019 2492 1088 φύσιν
2519 1020 2766 1086 ἀγγέλων
2802 1020 2896 1071 καὶ
2926 1018 3251 1086 ἀνθρώπιον.
3275 1014 3531 1069 Εἰκοστὸν

1964 1114 2220 1183 δεύτερον
2249 1115 2334 1167 ὅτι
2366 1112 2744 1181 συνεγράψατο
2787 1112 2966 1181 βιϐλία
2997 1110 3324 1164 δυοκαίδεκα
3357 1108 3533 1177 χιλιά-

1966 1203 2059 1264 δας
2085 1203 2279 1271 λόγους
2310 1202 2504 1271 ἔχοντα
2543 1202 2699 1272 301
2746 1200 3118 1269 θαυμαστοὺς.
3144 1201 3240 1252 καὶ
3269 1199 3377 1252 ἀπὸ
3408 1199 3535 1253 τού-

1966 1307 2076 1344 των
2109 1292 2293 1360 οἱμὲν
2341 1293 2634 1360 τρισχίλιοι
2687 1293 2828 1343 εἰσιν
2877 1291 3098 1359 ἀληθεῖς
3147 1291 3196 1342 oi
3251 1290 3307 1344 δὲ
3351 1290 3534 1358 ἕτεροι

1967 1379 2205 1448 ψευδεῖς.
2247 1379 2508 1432 Εἰκοστὸν
2540 1378 2725 1446 τρίτον
2760 1380 2841 1430 ὅτι
2875 1379 2933 1429 ὲν
2981 1377 3056 1446 τῷ
3089 1377 3282 1447 βιϐλίῳ
3307 1378 3387 1447 τῷ
3428 1380 3535 1431 Κε-

1971 1471 2158 1539 ραμάρ
2191 1486 2358 1538 φησιν
2391 1469 2468 1531 ώς
2516 1468 2697 1538 ἔσχισε
2747 1469 2848 1538 τὴν
2886 1469 3118 1537 σελήνην
3153 1469 3235 1529 είς
3269 1467 3362 1520 δύο
3393 1469 3537 1536 τμή-
3596 1461 3608 1528 Ξ

1969 1563 2258 1632 ματα,καὶ
2289 1563 2351 1614 τὸ
2405 1563 2503 1630 μὲν
2548 1564 2722 1630 ἥμισυ
2779 1562 2888 1614 ἀπὸ
2920 1561 3128 1613 τούτων
3176 1561 3426 1629 εἰσῆλθεν
3457 1560 3534 1621 εἰς

1967 1655 2057 1706 τὸν
2085 1653 2293 1722 χιτῶνα
2323 1654 2508 1714 αὑτοῦ,
2541 1655 2601 1706 τὸ
2638 1654 2695 1706 δὲ
2745 1653 2932 1722 ἕτερον
2984 1649 3158 1721 ἥμισυ
3211 1650 3404 1703 ἔπεσεν
3453 1653 3535 1710 είς
3591 1648 3598 1713 ξ

1969 1749 2068 1814 τὴν
2120 1749 2244 1815 γῆν,
2281 1749 2387 1798 ’καὶ
2439 1742 2596 1807 αὖθις
2647 1745 3102 1810 ἀποκατέστησεν
3153 1741 3323 1811 αὐτὴν
3368 1741 3534 1794 σώαν.
3592 1739 3595 1742 ’

1972 1839 2229 1891 Είκοστὸν
2254 1838 2515 1905 τέταρτον
2535 1837 2616 1890 ὅτι
2637 1839 2666 1888 6
2692 1837 2824 1898 Θεὸς
2845 1837 2938 1888 καὶ
2963 1836 3013 1886 οἱ
3040 1833 3260 1901 ἄγγελοι
3285 1831 3537 1900 εὔχονται

297 1929 467 1964 κατον
497 1915 683 1982 τρίτον
711 1917 793 1969 ὅτι
821 1919 877 1969 ὲν
913 1921 991 1988 τῷ
1031 1923 1312 1993 κεφαλαίῳ
1349 1925 1426 1992 τῷ
1461 1926 1698 1995 Νεμελὲ,
1726 1929 1864 1998 ὅπερ
1901 1911 1941 1965 Β
1971 1931 2112 1997 ὑπὲρ
2144 1927 2239 1980 τοῦ
2271 1927 2544 1994 Mattiaco.
2576 1927 2836 1980 Εἰκοστὸν
2862 1928 3118 1994 πέμπτον
3147 1925 3231 1977 δτι
3261 1925 3321 1975 ὲν
3349 1923 3425 1991 τῷ
3449 1938 3539 1975 κε-

295 2004 670 2074 ἑρμηνεύεται
703 2007 868 2075 Μυῖα,
903 2014 1038 2079 φησὶ
1069 2016 1198 2082 περὶ
1246 2015 1340 2068 τοῦ
1391 2018 1737 2087 Σολομῶντος
1771 2021 1864 2072 καὶ

293 2097 408 2148 τῶν
447 2100 621 2165 μυιῶν
653 2100 849 2168 ψεῦδός
881 2120 934 2155 τι
964 2105 1182 2173 εῠηθες,
1213 2108 1352 2176 ὅπερ
1387 2110 1480 2162 καί
1508 2128 1663 2180 φησι.
1697 2113 1869 2164 Δέκα-

295 2203 393 2237 τον
445 2190 708 2259 τέταρτον
758 2194 840 2244 ὅτι
893 2197 952 2246 ὲν
989 2197 1066 2264 τῷ
1117 2200 1404 2269 κεφαλαίῳ
1457 2203 1534 2270 τῷ
1595 2202 1867 2274 Ῥουϐεπᾷ

294 2278 592 2354 φησὶ-περὶ
616 2281 710 2333 τοῦ
737 2283 1086 2354 Σολομῶντος
1117 2291 1210 2341 καὶ
1236 2291 1329 2342 τοῦ
1361 2292 1644 2360 σκώληκος
1669 2295 1866 2363 ὁμοίως

293 2373 376 2438 τῷ
428 2371 682 2440 ἀνωτέρῳ
716 2374 923 2442 ψεύδει.
969 2378 1208 2431 Δέκατον
1260 2382 1512 2449 πέμπτον
1564 2385 1644 2436 ὅτι
1693 2387 1752 2435 ὲν
1790 2385 1868 2454 τῷ

299 2461 495 2532 βιϐλίῳ
524 2465 632 2516 τῶν
661 2465 969 2535 διηγήσεων
1003 2470 1295 2525 ἀποδίδωσι
1350 2478 1449 2542 τὴν
1498 2477 1678 2527 αἰτίαν
1707 2477 1773 2528 δι’
1799 2477 1867 2545 ἢν

298 2553 330 2601 ὁ
356 2549 500 2614 οῐνος
537 2554 848 2608 κεκώλυται
875 2560 1080 2621 αὐτοῖς.
1115 2563 1355 2614 Δέκατον
1391 2563 1551 2617 ἕκτον
1581 2565 1661 2617 ὅτι
1689 2567 1718 2618 6
1747 2581 1868 2618 κτι-

298 2645 430 2704 στὸς
449 2645 675 2714 οὐρανὸς
703 2648 856 2710 οὗτος
885 2650 1110 2717 γέγονεν
1137 2655 1200 2705 ὲκ
1225 2656 1456 2717 καπνοῦ,
1485 2658 1518 2726 ἡ
1548 2657 1602 2708 δὲ
1625 2657 1870 2711 θάλασσα

295 2734 362 2797 ἐξ
392 2735 551 2803 ὅρους
578 2739 725 2800 τινὸς
757 2740 882 2808 Κάφ
915 2743 1343 2811 ὀνομαζομένου.
1371 2746 1609 2799 Δέκατον
1639 2748 1870 2816 ἕϐδομον

295 2830 384 2882 ὅτι
409 2830 500 2881 τὸν
529 2828 680 2898 ⁴ἥλιον
730 2832 826 2884 καὶ
862 2833 961 2901 τὴν
993 2835 1225 2903 σελήνην
1257 2837 1360 2889 ἶσα·
1380 2838 1557 2905 φωτὸς
1589 2839 1683 2892 καὶ
1713 2838 1872 2893 δυνά-

301 2917 453 2984 μεώς
481 2937 615 2988 φησι
665 2922 944 2988 γενέσθαι.
989 2924 1223 2977 Δέκατον
1258 2927 1450 2994 ὄγδοον
1481 2929 1564 2981 ὅτι
1595 2928 1871 2998 προσκλη-

299 3009 489 3072 θέντος
525 3013 716 3064 τούτου
749 3013 900 3081 παρὰ
932 3017 1026 3066 τοῦ
1057 3016 1300 3086 Γαϐριὴλ
1355 3019 1600 3072 ἀνελθεῖν
1647 3023 1729 3082 εἰς
1776 3021 1869 3074 τὸν

297 3101 530 3166 οὐρανὸν
566 3103 655 3154 καὶ
707 3103 803 3156 τοῦ
855 3105 992 3157 Θεοῦ
1029 3107 1214 3171 θέντος
1247 3111 1345 3179 τὴν
1380 3113 1536 3179 χεῖρα
1577 3111 1742 3164 αὐτοῦ
1779 3111 1870 3164 ἐπ’

297 3190 475 3296 αὐτώ,
505 3194 600 3296 καὶ
629 3195 904 3265 τοσαύτης
933 3196 1148 3266 ψύξεως
1179 3201 1440 3270 αἴσθησιν
1485 3201 1672 3254 λαϐεῖν
1704 3202 1871 3256 αὑτὸν
1897 3239 1954 3296 ϐα

299 3285 380 3343 ὡς
430 3285 661 3339 διελθεῖν
719 3287 926 3357 ταύτην
981 3291 1144 3360 μέχρι
1196 3295 1292 3345 καὶ
1338 3297 1591 3348 νωτιαίου
1649 3296 1867 3363 μυελοῦ.

307 3376 570 3429 Ἐννατον
597 3379 825 3432 δέκατον
852 3381 935 3432 ὅτι
968 3383 1024 3434 ἐν
1049 3382 1128 3451 τῷ
1154 3385 1434 3455 κεφαλαίῳ
1464 3387 1540 3455 τῷ
1570 3387 1674 3439 Σάδ
1703 3403 1871 3455 φησιν

299 3469 378 3526 ὡς
434 3467 660 3535 ἄγγελοι
708 3471 858 3531 ὄντες
893 3474 944 3524 οἱ
978 3474 1230 3542 δαίμονες
1287 3479 1381 3529 καὶ
1436 3478 1871 3547 προσταχθέντες

297 3562 459 3627 παρὰ
487 3559 580 3611 τοῦ
610 3561 748 3613 Θεοῦ
781 3569 1157 3631 προσκυνῆσαι
1185 3567 1276 3619 τὸν
1328 3567 1498 3637 ’Δδὰμ
1543 3572 1644 3621 οὐκ
1670 3570 1872 3639 ἠθέληο

309 3731 496 3800 ψιψὶιο
529 3743 735 3797 autem,
763 3735 906 3801 quod
948 3735 1293 3792 Abrahamus
1317 3740 1652 3803 inscribitur,
1682 3758 1871 3809 quent-

299 3841 468 3893 quam
495 3825 690 3879 salvari
744 3843 904 3894 posse
940 3840 1122 3897 negat,
1161 3831 1266 3884 nisi
1322 3832 1416 3900 qui
1459 3831 1866 3888 lsmaelitarum

301 3917 477 3984 legem
512 3927 793 3986 sequatur.
825 3919 907 3972 l0.
943 3924 1084 3974 Aule
1135 3922 1313 3987 ipsum
1368 3925 1646 3977 neminem
1708 3941 1873 3993 posse

304 4012 509 4072 intrare
537 4011 873 4077 paradisum.
904 4013 990 4064 11.
1033 4013 1199 4066 Deum
1231 4015 1422 4069 domos
1443 4016 1868 4084 pulcherrimas,

300 4095 550 4160 lavacra,
585 4099 772 4152 honos
812 4110 866 4152 et
893 4100 1128 4155 feminas
1153 4088 1463 4169 permultas.
1517 4116 1638 4172 post
1686 4119 1874 4159 resur-

303 4185 604 4238 rectionem
639 4188 703 4241 iis
737 4188 989 4242 daturum
1020 4205 1162 4251 esse,
1190 4193 1280 4258 qui
1310 4193 1482 4261 legem
1544 4193 1874 4249 Mohametis

303 4287 628 4346 sequantur.
659 4279 746 4332 12.
781 4280 840 4333 1η
882 4281 1061 4350 capite
1088 4284 1193 4336 Sad
1211 4284 1367 4348 dicit,
1393 4286 1617 4354 angelos
1635 4302 1700 4340 ex
1725 4288 1870 4357 igne,

308 4371 560 4425 homines
582 4389 609 4425 ε
637 4375 859 4438 pulvere
882 4375 1055 4429 factos
1079 4379 1315 4432 esse.l5.
1351 4381 1408 4432 In
1424 4381 1604 4449 capite
1629 4380 1870 4445 Nemele,

304 4461 410 4514 hoc
441 4471 523 4515 est
557 4462 762 4529 Musca,
799 4465 866 4518 de
904 4465 1222 4522 Solomonte
1255 4476 1308 4522 et
1333 4471 1537 4524 muscis
1574 4473 1870 4525 ridiculum

1968 2021 2298 2090 quiuit};ch
2346 2021 2630 2088 Ἐλμαῖδᾶ,
2665 2020 2802 2090 ὅπερ
2846 2017 3217 2089 ἑρμηνεύεται
3253 2013 3537 2085 Τράπεζα,

1971 2114 2046 2183 μὴ
2075 2108 2362 2175 εἶναιτοὺς
2403 2112 2691 2181 Ἐϐραίους
2720 2113 2816 2164 καὶ
2847 2115 2974 2172 τοὺς
2998 2107 3365 2180 Χριστιανοὺς
3385 2104 3544 2166 υἱοὺς

1967 2204 2102 2258 Θεοῦ
2137 2205 2171 2273 ἢ
2205 2204 2392 2271 φίλους
2423 2205 2510 2255 διὰ
2536 2204 2598 2255 τὸ
2623 2203 2983 2257 παιδεύεσθαι
3016 2202 3238 2261 αὐτούς.

2041 2296 2122 2348 Τὰ
2151 2295 2246 2347 τοῦ
2275 2296 2464 2364 τρίτου
2497 2295 2660 2362 λόγου
2697 2294 2974 2360 κεφάλαιά
3001 2295 3112 2345 είσι
3147 2292 3339 2347 ταῦτα.
3385 2290 3543 2362 Πρῶ-

1967 2405 2060 2440 τον
2095 2388 2178 2440 ὅτι
2209 2388 2310 2440 οὐκ
2345 2387 2463 2441 ἐστι
2494 2387 2722 2440 δυνατὸν
2764 2385 2858 2440 τὸν
2888 2386 3022 2438 Θεὸν
3052 2386 3166 2438 υίὸν
3195 2385 3323 2438 ἄνευ
3349 2401 3544 2451 γυναι-

1973 2481 2069 2542 κὸς
2095 2479 2260 2549 ἔχειν.
2308 2479 2580 2547 Δεύτερον
2625 2479 2709 2532 ὅτι
2755 2479 2806 2531 εί
2855 2478 2973 2530 υἱὸν
3002 2472 3150 2545 εἶχεν
3179 2477 3206 2528 6
3239 2477 3393 2540 Θεὸς,
3425 2474 3542 2543 σχί-

1971 2588 2152 2640 σματα
2187 2571 2251 2624 ἂν
2279 2571 2532 2638 ἐγένοντο
2583 2572 2752 2639 μέσον
2782 2569 2985 2622 αὐτῶν.
3035 2567 3233 2635 Τρίτον
3269 2568 3348 2620 ὅτι
3379 2569 3434 2619 ὲν
3462 2565 3540 2636 τῷ

1970 2663 2255 2732 κεφαλαίῳ
2285 2646 2362 2729 τῷ
2403 2663 2650 2728 Ἐλνεσᾶ,
2679 2663 2818 2729 ὅπερ
2858 2658 3222 2730 ἑρμηνεύεται
3250 2659 3542 2724 Γυναῖκες,
3589 2711 3596 2714 .

1969 2753 2128 2820 λόγον
2159 2750 2294 2805 Θεοῦ
2327 2753 2423 2804 καὶ
2456 2751 2636 2820 ψυχὴν
2672 2749 2810 2804 Θεοῦ
2862 2753 2956 2803 καὶ
2988 2747 3159 2818 πνοὴν
3207 2747 3344 2800 Θεοῦ
3390 2747 3542 2813 λέγει

1969 2843 2109 2898 εἶναι
2142 2846 2235 2898 τὸν
2267 2844 2525 2914 Χριστόνς
2559 2845 2835 2913 Τέταρτον
2883 2843 2968 2896 ὅτι
3014 2843 3079 2893 ὲκ
3130 2840 3235 2909 τῆς
3265 2836 3542 2908 παρθένου

1969 2936 2225 3006 ὁμολογεῖ
2272 2934 2640 3003 γεγεννῆσθαι
2706 2935 2798 2986 τὸν
2847 2932 3087 3002 Χριστὸν
3142 2931 3296 2984 ἄνευο
3324 2928 3542 2997 ἀνδρός.

1970 3029 2232 3096 Πέμπτον
2281 3027 2363 3080 δτι
2415 3027 2661 3094 ἀρνεῖται
2692 3025 2753 3077 τὸ
2788 3024 2883 3076 τὸν
2934 3023 3179 3092 Χριστὸν
3233 3017 3374 3073 εἶναι
3415 3019 3546 3071 Υίὸν

1970 3117 2107 3172 Θεοῦ
2134 3119 2231 3171 καὶ
2259 3117 2415 3181 Θεὸν,
2446 3115 2580 3168 ἀλλὰ
2607 3118 2702 3169 καλ¹
2747 3114 2848 3182 τὴν
2878 3113 3071 3167 τούτου
3107 3113 3388 3182 σάρκωσιν
3410 3125 3425 3142 ⁸
3449 3108 3544 3178 ψι-

1970 3208 2061 3261 λὸν
2090 3207 2147 3261 δὲ
2180 3209 2340 3276 μόνον
2370 3206 2661 3276 ἄνθρωπον
2709 3205 2860 3272 λέγει
2918 3201 3109 3256 τοῦτον
3141 3203 3284 3254 κατὰ
3314 3201 3408 3252 τὸν
3435 3200 3545 3252 Νε-

1977 3300 2212 3367 στὸριον,
2236 3297 2394 3364 ἅγιον
2419 3297 2477 3350 δὲ
2506 3296 2604 3350 καὶ
2631 3294 2770 3364 ὑπὲρ
2797 3294 3010 3355 πάντας
3035 3291 3384 3360 ἀνθρώπους.
3409 3288 3548 3340 Ἕκ·

1973 3407 2066 3443 τον
2109 3391 2193 3442 ὄτι
2241 3387 2317 3458 μὴ
2371 3386 2756 3456 ἐσταυρῶσθαι
2785 3384 2877 3437 τὸν
2912 3382 3175 3453 Χριστὸν,
3209 3380 3325 3432 ἀλλ’
3357 3380 3546 3446 ἕτερον

1965 3463 2090 3534 ’ἀντ’
2120 3481 2355 3534 ἐκείνου.
2385 3479 2656 3546 Ἕϐδομον
2685 3478 2766 3530 ὅτι
2793 3477 2821 3528 6
2852 3475 2986 3536 Θεὸς
3013 3474 3106 3526 τὸν
3139 3473 3378 3541 Χριστὸν
3409 3470 3547 3538 πρὸς

1977 3572 2169 3625 ἑαυτὸν
2220 3571 2668 3639 προσεκαλέσατο
2719 3569 2798 3629 είς
2834 3567 2962 3626 τοὺς
3011 3564 3297 3634 οὐρανοὺς,
3331 3561 3460 3629 περὶ
3489 3560 3546 3612 δὲ

1973 3761 2025 3805 et
2052 3750 2358 3815 angelicum
2387 3747 2787 3801 exstincturum
2815 3757 2955 3796 esse.
3010 3741 3103 3794 22.
3181 3739 3541 3791 Mobainetem

1974 3842 2260 3910 scripsisse
2309 3839 2602 3893 duodecies
2641 3836 2786 3889 mille
2841 3835 3014 3887 libros
3061 3829 3540 3900 disputationibus

1974 3932 2322 3986 mirabilibus
2361 3930 2626 3998 plenos.e
2652 3927 2852 3993 quibus
2880 3933 2962 3978 ter
3019 3924 3167 3977 mille
3221 3935 3382 3984 verae,
3421 3920 3549 3971 reli-

1974 4038 2095 4091 quae
2125 4022 2415 4075 mendaces
2437 4019 2565 4071 sint.
2595 4017 2686 4069 2⁸5.
2723 4014 2780 4068 1η
2827 4015 2967 4068 libro
3021 4015 3286 4067 Ceramar
3322 4019 3532 4072 narrat,

1973 4113 2260 4166 discidisse
2294 4109 2557 4163 selunam
2592 4109 2643 4158 in
2673 4105 2786 4158 duo
2818 4113 3124 4171 segmenta,
3155 4114 3388 4171 quorum
3414 4096 3548 4152 aite-

1978 4219 2095 4257 rum
2131 4201 2349 4270 pallium
2379 4214 2537 4253 suum
2587 4196 2906 4264 penetrarit,
2972 4194 3206 4247 alterum
3248 4193 3298 4244 in
3345 4201 3544 4241 terram

1974 4293 2285 4348 deciderit:
2335 4288 2536 4343 deinde
2578 4285 2828 4341 eamdem
2880 4287 2934 4338 iu
2991 4283 3283 4352 pristinum
3337 4289 3543 4334 statum

1974 4383 2300 4439 restituisse.
2336 4381 2428 4434 21.
2462 4379 2630 4434 Deum
2665 4388 2720 4432 et
2765 4378 2990 4446 angelos
3049 4375 3260 4443 precari
3306 4388 3404 4442 pro
3434 4372 3548 4426 Mn-

1978 4479 2214 4531 bamete.
2265 4473 2354 4527 25.
2421 4473 2477 4526 In
2509 4472 2688 4540 capite
2736 4469 3001 4530 Elmaida,
3038 4470 3141 4521 hoc
3187 4475 3271 4520 est
3336 4465 3557 4523 Mensa;

302 4557 578 4622 quoddam
609 4559 954 4612 mendacium
985 4570 1192 4613 narrat.
1223 4563 1306 4614 H.
1333 4561 1389 4614 In
1409 4565 1584 4631 capite
1605 4564 1869 4633 Bbubepa
1898 4565 1952 4625 Ι)
1978 4569 2156 4626 docet,
2176 4563 2433 4617 Hebraeos
2465 4573 2520 4616 et
2543 4561 2890 4614 Christianos
2919 4573 3026 4612 non
3080 4571 3201 4611 esse
3253 4555 3347 4608 Dei
3408 4555 3552 4606 ﬁlios

302 4649 372 4700 de
399 4647 716 4704 Solomonte
739 4661 792 4705 et
818 4651 1087 4704 lumbriCo
1129 4655 1473 4706 mendacium
1496 4656 1662 4723 priori
1689 4657 1868 4709 simile

305 4740 491 4793 tradit.
526 4741 699 4795 15.1ιι
731 4743 871 4795 libro
913 4745 1292 4797 narrationum
1346 4749 1614 4798 rationem
1671 4746 1867 4805 reddit,

305 4845 410 4884 cur
433 4830 556 4883 vino
587 4832 653 4884 iis
695 4833 1073 4886 interdicatur.
1112 4834 1198 4886 16.
1224 4833 1520 4886 Conditum
1546 4835 1648 4887 hoc
1670 4835 1868 4888 caelum

302 4941 335 4976 e
372 4921 546 4988 fumo,
569 4939 719 4977 mare
754 4941 782 4975 ιι
809 4935 1012 4985 monte,
1041 4926 1128 4978 cui
1185 4941 1380 4977 nomen
1425 4925 1601 4994 Capb,
1667 4927 1871 4981 factum

303 5019 545 5072 esse.l7.
573 5017 754 5071 Solem
791 5029 843 5072 et
874 5021 1054 5072 lunam
1092 5020 1335 5086 ejusdem
1359 5020 1580 5074 luminis
1605 5031 1657 5073 et
1681 5031 1875 5088 poti-n-

303 5109 398 5162 tiae
425 5124 546 5163 esse
580 5109 931 5164 atIirmatJS.
976 5111 1337 5166 Mobametem
1373 5128 1400 5164 a
1465 5113 1723 5168 Gabriele
1787 5128 1874 5166 ar-

301 5203 567 5254 cessitum
609 5203 658 5255 in
689 5205 888 5256 coelum
917 5203 1236 5257 ascendisse
1261 5215 1336 5266 et,
1372 5223 1533 5258 manu
1569 5207 1670 5259 sibi
1701 5222 1730 5260 a
1768 5207 1877 5259 Deo

306 5294 587 5361 imposita.
619 5304 826 5348 tantum
861 5295 1030 5363 frigus
1054 5296 1298 5361 duxisse,
1326 5298 1468 5363 quod
1495 5297 1559 5349 ad
1585 5298 1873 5351 melullam

306 5385 458 5440 dorsi
491 5397 846 5454 penetrasset.
880 5389 968 5440 19.
1004 5389 1059 5441 lu
1088 5391 1264 5454 capite
1306 5387 1412 5440 Sad
1449 5391 1627 5451 docet,
1681 5392 1879 5442 daemo-

310 5491 410 5530 nes
445 5478 574 5531 olim
614 5478 841 5545 angelos
863 5479 1054 5542 fuisse,
1079 5480 1171 5533 sed
1198 5480 1382 5548 jussos
1407 5496 1435 5532 a
1479 5479 1588 5533 Deo
1609 5480 1876 5534 Adanium

309 5571 565 5633 adorare,
601 5571 843 5624 noluisse
874 5571 926 5624 id
984 5571 1187 5635 facere,
1247 5571 1391 5625 sicut
1449 5572 1642 5638 reliqui
1700 5571 1874 5640 angeli

307 5680 520 5725 omnes,
554 5679 619 5717 ac
651 5673 934 5732 propterea
962 5663 1244 5718 daemones
1277 5661 1449 5716 factos
1474 5678 1617 5716 esse.
1651 5662 1743 5716 20.
1774 5663 1879 5716 lia-

311 5757 519 5808 Iionem
544 5755 798 5822 explicat,
818 5771 989 5823 quare
1016 5771 1178 5809 carne
1199 5754 1352 5809 suiua
1393 5755 1535 5806 vesci
1561 5770 1666 5806 non
1697 5755 1875 5807 liccat.

311 5844 404 5908 21.
441 5845 550 5900 Sub
581 5846 736 5903 linem
778 5846 966 5900 mundi
1001 5845 1168 5902 Deum
1199 5860 1542 5912 onmegenus
1577 5846 1872 5898 humanum

1975 4667 2068 4711 aut
2091 4656 2321 4716 amicos,
2353 4653 2480 4721 quia
2516 4653 2845 4712 educentur.

2070 4745 2215 4801 Libri
2248 4743 2390 4798 tertii
2418 4742 2592 4811 capita
2623 4742 2733 4794 [nec
2766 4749 2916 4794 sunt.
2960 4739 3009 4790 l.
3044 4735 3212 4790 Deum
3246 4734 3415 4787 lilium
3453 4735 3551 4786 ba-
3590 4773 3609 4840 ,

1978 4843 2103 4895 bere
2134 4856 2237 4894 non
2285 4855 2444 4908 posse
2477 4838 2597 4890 sine
2631 4836 2876 4889 femiua.‘
2905 4834 2958 4885 2.
2996 4832 3053 4884 Si
3078 4831 3248 4884 filium
3287 4828 3428 4878 Deus
3454 4829 3551 4879 ba-

1980 4933 2151 4987 beret.
2206 4929 2429 4981 dissidia
2465 4926 2607 4978 inter
2635 4939 2730 4976 eos
2771 4922 2907 4974 fore.
2940 4921 2993 4973 ’5.
3023 4919 3080 4972 1η
3113 4916 3291 4984 capite
3331 4917 3549 4972 Elnesa,

1984 5024 2086 5076 hoc
2148 5031 2229 5074 est
2295 5018 2570 5075 Mulieres,
2633 5013 2857 5067 verbum
2897 5011 2986 5063 Dei
3020 5018 3075 5062 et
3107 5008 3346 5060 animam
3378 5004 3467 5056 Dei
3499 5015 3551 5057 et

1982 5098 2234 5182 spiiitutn
2294 5111 2380 5162 Dei
2432 5107 2707 5161 (Jbristtﬂii
2751 5121 2870 5158 esse
2939 5103 3090 5156 dicit.
3150 5101 3202 5153 4.
3269 5100 3306 5150 1ίί
3340 5097 3551 5164 virgine

1983 5205 2102 5258 sine
2131 5203 2248 5256 viro
2299 5201 2577 5255 Christum
2640 5205 2826 5251 natum
2863 5211 2984 5258 esse
3014 5193 3308 5248 consentit.
3348 5191 3403 5244 5.
3441 5190 3548 5244 Ne-

1983 5304 2092 5366 gat,
2124 5294 2402 5348 Christum
2436 5307 2557 5345 esse
2580 5299 2673 5344 aut
2709 5287 2803 5341 Dei
2833 5287 3056 5352 Filium,
3094 5294 3189 5340 aut
3223 5285 3420 5346 Deum,
3455 5289 3552 5334 aut

1983 5383 2416 5440 incarnationem
2452 5381 2614 5448 ejus;
2650 5378 2745 5434 sed
2775 5379 2919 5432 nude
2957 5392 3082 5430 eum
3129 5376 3399 5428 hominem
3430 5384 3552 5425 esse

1982 5478 2133 5543 dicit,
2164 5479 2306 5530 sicut
2333 5473 2637 5532 Nestorius.
2667 5479 2723 5524 at
2747 5481 2998 5524 sanctum
3026 5469 3175 5520 illum
3203 5475 3329 5520 ante
3360 5475 3552 5515 omnes

1985 5567 2253 5620 homines.
2289 5565 2342 5619 6.
2376 5564 2490 5616 Non
2525 5561 2803 5635 Christum
2839 5560 2986 5615 cruci
3022 5558 3240 5612 atlixum
3277 5570 3417 5613 esse,
3449 5553 3542 5604 sed

1983 5659 2151 5711 alium
2203 5659 2319 5712 loco
2350 5657 2489 5724 ejus.
2550 5655 2601 5708 7.
2640 5653 2809 5708 Deum
2844 5654 2908 5706 ad
2944 5667 3002 5705 se
3033 5652 3085 5704 in
3127 5649 3293 5702 tmlos
3326 5657 3552 5698 vocasse

1983 5749 2285 5813 Christum,
2314 5749 2405 5819 qui
2441 5759 2619 5801 tamen
2655 5746 2758 5799 sub
2785 5746 2946 5797 linem
2973 5742 3158 5794 mundi
3188 5738 3469 5790 rediturus
3493 5745 3577 5786 et-

1986 5844 2365 5899 anlicbristum
2396 5842 2680 5914 occisum;
2753 5835 2948 5890 deinde
2981 5844 3158 5886 autem
3190 5831 3302 5899 ipse
3336 5841 3552 5897 quoque
