3976 6616
234 443 372 507 893

1242 446 1694 507 CHRONICON
1737 448 2010 512 MAJUS.
2038 477 2101 487 -
2146 455 2297 515 LIB.
2330 455 2451 516 III.

3402 449 3508 513 891

220 557 475 611 *πόλεων
525 556 619 627 ἐτη
678 557 802 626 ρςδ¹
831 559 931 613 καὶ
972 558 1148 628 μῆνας
1181 559 1209 612 ι’
1240 563 1335 615 καὶ
1381 563 1596 634 ἡμέρας
1627 563 1692 615 δ’.
1731 562 1833 616 Καὶ
1865 572 1909 627 Α
1939 568 2094 621 λικοῦ
2150 572 2287 639 μετὰ
2345 571 2530 636 πάσης
2582 570 2679 639 τῆς
2725 567 3033 637 συγκλήτου
3089 564 3447 635 ἐξερχόμενος
3480 566 3510 614 6
3572 572 3575 573 ⁷

236 654 370 708 ὑπὸ
419 652 835 708 Κωνσταντίνου
897 655 1131 710 Φλαϐίου
1167 656 1377 727 ἤρξατο
1423 660 1455 726 ἡ
1501 658 1748 728 βασιλεία
1777 661 1836 711 ἐν

232 744 844 800 Κωνσταντινουπόλει
881 748 978 800 καὶ
1018 749 1112 801 ἐπὶ
1143 749 1561 803 Κωνσταντίνου
1591 750 1688 803 τοῦ
1722 752 1836 805 Πα-

239 834 552 902 λαιολόγου
586 839 761 906 πέρας
807 837 1018 892 ἔλαϐεν.
1085 841 1174 893 Ἐν
1226 840 1350 910 τῇδε
1397 844 1462 909 τῇ
1513 841 1833 911 τριταλαίνῃ

239 928 423 980 πόλει
468 929 853 999 ἐπεκράτησεν
906 933 939 1000 ἡ
991 932 1102 984 τῶν
1142 932 1427 1003 Ῥωμαίων
1463 931 1710 1001 βασιλεία
1739 933 1834 1001 ἔτη

238 1021 450 1090 ,αρμγ’
480 1023 656 1091 μῆνας
689 1029 719 1075 ι’
755 1009 853 1077 καὶ
896 1012 1114 1093 ἡμέρας
1145 1025 1209 1077 δ’.

330 1114 576 1182 Ποιήσας
621 1115 716 1169 οὖν
763 1120 830 1186 τῇ
898 1118 1061 1188 τρίτῃ
1125 1119 1308 1189 ἡμέρᾳ
1351 1119 1453 1188 τῆς
1481 1117 1757 1181 ’ἁλώσεως
1809 1118 1837 1169 6

242 1203 488 1274 ἀμηρᾶς
528 1206 797 1274 θρίαμϐον
833 1208 929 1261 καὶ
977 1209 1154 1279 χαρὰν
1206 1209 1451 1278 μεγάλην
1484 1211 1571 1262 διὰ
1631 1210 1732 1280 τὴν
1761 1209 1840 1262 νί-

160 1294 171 1299 ”
243 1311 373 1364 κην
407 1295 507 1365 τὴν
549 1299 695 1351 κατὰ
729 1300 829 1366 τῆς
864 1300 1095 1366 πόλεως,
1125 1300 1221 1354 καὶ
1260 1301 1530 1365 κελεύσας
1571 1302 1656 1353 ἵνα
1693 1301 1842 1365 ἐξέλ-

249 1386 407 1441 Θωσι
453 1390 658 1452 πάντες
697 1391 748 1443 oi
797 1390 1079 1459 ἄνθρωποι
1125 1393 1313 1461 μικροί
1365 1409 1425 1444 τε
1470 1393 1563 1445 καὶ
1614 1393 1840 1461 μεγάλοι

1940 661 2286 731 πατριάρχης
2338 665 2434 716 καὶ
2481 662 2904 732 εὐφημούμενος
2929 661 2986 711 ἐν
3013 658 3091 727 τῷ
3123 657 3508 726 πατριαρχείῳ

1938 752 2369 822 ἐπανέστρεφενο
2401 756 2497 808 καὶ
2546 757 2578 823 ἠ
2633 751 2939 823 χειροτονία
2983 751 3192 818 ἐγίνετο
3222 747 3370 815 παρὰ
3401 746 3510 797 τῶν

1940 843 2272 912 ἀρχιερέων,
2320 845 2395 907 ῶς
2454 845 2608 909 τάξις
2640 845 2735 896 καὶ
2780 844 2946 912 νόμος
2981 837 3069 911 ἦν.
3102 837 3411 899 Ἐλάμϐανε
3452 835 3509 887 δὲ

1938 934 1966 986 6
2000 935 2215 1004 μέλλων
2240 936 2499 1004 γενέσθαι
2532 937 2874 1005 πατριάρχης
2900 936 2965 986 ἐκ
2995 933 3104 985 τῶν
3121 930 3215 981 τοῦ
3247 926 3512 996 βασιλέως

1939 1027 2142 1097 χειρῶν
2194 1029 2255 1080 τὸ
2296 1029 2604 1081 δεκανίκιον
2627 1028 3086 1095 τοιουτοτρόποις.
3132 1018 3511 1087 Καθεζομὲνου

1940 1120 2036 1171 τοῦ
2076 1119 2347 1186 βασιλέως
2384 1120 2477 1173 ἐπὶ
2523 1121 2616 1173 τοῦ
2659 1118 2943 1190 βασιλικοῦ
2977 1118 3196 1184 δίφρου,
3239 1113 3336 1165 καὶ
3360 1112 3511 1187 πᾷσα

1938 1212 1972 1280 ἡ
2007 1212 2313 1280 σύγκλητος
2351 1213 2630 1275 ἱστάμενοι
2686 1213 2949 1273 ἀσκεπεῖς
3002 1210 3097 1263 καὶ
3147 1206 3321 1275 ὀρθοὶ,
3356 1205 3453 1257 καὶ
3480 1202 3510 1253 6

1945 1302 2117 1371 μέγας
2160 1306 2542 1371 πρωτοπαπᾶς
2577 1303 2671 1356 τοῦ
2698 1303 2965 1356 παλατίου
2997 1299 3169 1352 ἐποίει
3196 1294 3510 1363 εὖλογητδν,

1940 1388 2060 1445 εἷτα
2093 1394 2189 1446 καὶ
2241 1394 2447 1463 μικρὰν
2501 1394 2725 1463 ἐκτενὴν
2747 1432 2761 1454 ,
2790 1383 2891 1445 ⁸καὶ
2919 1393 2947 1444 6
2986 1392 3161 1460 μέγας
3191 1387 3513 1457 δομέστικος
3591 1468 3595 1473 1

247 1479 309 1531 οἱ
344 1479 497 1539 ὄντες
540 1482 913 1550 κεκρυμμένοι
961 1483 1017 1535 ἔν
1072 1501 1180 1536 τισι
1211 1485 1396 1547 τόποις
1432 1487 1659 1551 κρυμοῖς
1713 1486 1813 1553 τῆς

255 1568 482 1630 πόλεως
512 1573 605 1623 καὶ
643 1573 921 1638 ἐλεύθεροι
951 1575 1045 1627 καὶ
1079 1576 1428 1645 ἀνενόχλητοι
1457 1568 1609 1626 ὦσιν·
1641 1575 1844 1644 ὁμοίιος
1942 1580 2093 1647 ἑξῆς.
2115 1574 2247 1632 Εἶτα
2278 1581 2336 1632 τι)
2369 1599 2387 1629 ι
2416 1581 2575 1642 Δόξα,
2596 1598 2612 1628 ι
2644 1582 2671 1631 6
2697 1577 3075 1645 λαμπαδάριος
3101 1576 3162 1626 ἐκ
3190 1572 3286 1625 τοῦ
3321 1570 3516 1638 ἑτέρου

216 1640 367 1726 {aut
396 1662 598 1724 πάντες
626 1664 742 1715 ὅσοι
787 1665 849 1717 ἐκ
889 1664 991 1733 τῆς
1024 1640 1495 1735 πόλεως’-ἔφυγον,
1543 1667 1619 1729 ὡς
1656 1640 1843 1736 προεί-
1941 1640 2125 1736 χοροῦ,
2174 1671 2270 1720 καὶ
2305 1668 2400 1722 νῦν
2434 1669 2515 1721 τό·
2617 1668 2677 1720 '0
2717 1640 2976 1735 βασιλεὺς
3021 1664 3133 1716 τῶν
3179 1660 3448 1731 οὐρανῶν,
3489 1676 3506 1708 ι

256 1769 475 1819 παμεν,
510 1754 598 1807 διὰ
638 1756 727 1807 τὸν
769 1756 933 1824 φόϐον
967 1756 1061 1809 τοῦ
1098 1758 1362 1824 πολέμου,
1407 1758 1634 1822 ἕκαστος
1661 1760 1842 1811 αὐτῶν
1944 1762 2036 1813 καὶ
2095 1762 2166 1812 τὰ
2200 1761 2347 1826 ἑξῆς.
2389 1759 2545 1813 Μετὰ
2592 1760 2650 1813 δέ
2707 1761 2770 1811 τὸ
2810 1756 2965 1819 τέλος
3011 1755 3107 1806 τοῦ
3151 1751 3450 1821 τροπαρῶυ
3485 1751 3516 1800 ὁ

257 1842 575 1914 ἐπιστρέψῃ
604 1846 684 1906 είς
718 1846 808 1897 τὸν
844 1842 996 1898 οἶκον
1029 1846 1221 1912 αὐτοῦ,
1253 1850 1348 1900 καὶ
1380 1848 1571 1916 βιῶναι
1611 1851 1842 1903 ἕκαστον
1946 1851 2202 1922 βασιλεὺς
2242 1853 2526 1913 ἀνίστατο,
2558 1850 2700 1922 ἔχων
2726 1851 2819 1902 ἐπὶ
2849 1850 2948 1917 τὴν
2990 1846 3178 1913 δεξιάν
3206 1845 3268 1897 τὸ
3296 1840 3510 1896 δεκανί-

262 1934 419 1984 κατὰ
459 1934 558 2002 τὴν
587 1935 740 1998 τάξιν
784 1937 875 1988 καὶ
908 1922 1207 2007 θρησκείαν
1254 1939 1439 2001 αὑτοῦ,
1473 1941 1548 2003 ὡς
1580 1942 1673 1994 καὶ
1701 1946 1837 2011 πρό·
1866 1948 1914 2008 Β
1945 1959 2082 2005 κιον,
2116 1943 2144 1993 6
2174 1943 2231 1994 δέ
2262 1942 2576 2010 ὑποψήιριος
2637 1940 2936 2010 ἐρχόμενος
2959 1980 2974 2004 ,
3024 1938 3121 1990 καὶ
3171 1937 3234 1987 ἐκ
3260 1935 3355 1986 τοῦ
3395 1934 3514 1993 ἐνὸς

258 2039 429 2091 τερον
464 2019 549 2093 ἦν.
596 2027 836 2094 Ὀμοίως
883 2029 1219 2098 προσέταξεν
1276 2029 1365 2084 ἵνα
1425 2032 1696 2101 ποιήσωσι
1744 2034 1840 2086 καὶ
1946 2034 2147 2101 μέρους
2201 2033 2366 2087 αὐτοῦ
2420 2035 2449 2087 6
2489 2032 2852 2103 Καισαρείας,
2887 2032 2952 2083 ἐκ
2984 2030 3042 2082 δέ
3068 2028 3163 2081 τοῦ
3193 2028 3453 2096 δευτέρου
3484 2026 3515 2078 6

260 2115 621 2186 ⁶ῒιιαιεριάρχειιν
656 2117 731 2181 ὡς
763 2120 996 2188 σύνηθες
1026 2115 1093 2191 ἦν
1123 2123 1261 2174 κατὰ
1308 2122 1405 2190 τὴν
1432 2124 1586 2187 τάξιν
1634 2125 1835 2178 αὐτῶν·
1951 2126 2285 2196 Ἡρακλείας
2339 2124 2744 2195 μητροπολίτης
2773 2161 2788 2187 ,
2826 2122 2990 2192 306
3034 2121 3130 2173 καὶ
3171 2119 3318 2172 ποιεῖ
3374 2116 3514 2186 πρὸς

258 2199 337 2275 ἦν
386 2208 495 2277 γᾶρ
536 2211 932 2278 προαποθανὼν
988 2215 1015 2266 6
1081 2198 1451 2286 πατριάρχης.
1508 2218 1620 2270 Καὶ⁸
1682 2216 1836 2270 ἐκλέ·

262 2298 541 2362 ξαντεςοί
591 2302 901 2373 ἐντυχόντες
940 2307 1223 2376 ἀρχιερεῖς
1268 2310 1362 2359 καὶ
1396 2310 1444 2360 o!
1481 2308 1653 2376 ὀλίγοι
1693 2311 1835 2363 πάνυ
1943 2307 2084 2359 σιλεϊ
2114 2310 2206 2361 καὶ
2264 2309 2498 2362 ἐνώπιον
2534 2309 2727 2362 τούτου
2783 2309 2930 2361 ποιεῖ
2976 2306 3080 2375 τὴν
3125 2304 3515 2373 προσήκουσαν

1943 1485 2136 1552 ἔψαλλε
2159 1487 2218 1537 τδ
2256 1506 2272 1538 ι
2307 1488 2486 1540 Ὅπου
2513 1488 2621 1555 γὰρ
2646 1484 2907 1557 βασιλέως
2944 1482 3240 1553 παρουσία,
3277 1500 3295 1532 ι
3323 1480 3416 1532 καὶ
3446 1480 3515 1531 τὰ
3591 1488 3598 1532 '.

1943 2222 2152 2281 πάντας
2186 2216 2480 2286 μετανοίας
2528 2218 2701 2285 τρεῖς,
2751 2212 2871 2267 εἶτα
2915 2211 3281 2283 προσέρχεται
3321 2210 3399 2277 τῷ
3421 2209 3517 2277 βα-
3624 2236 3633 2241 -

257 2389 445 2461 ἕτεροι
499 2392 787 2464 ίερωμένοι
848 2398 944 2449 καὶ
999 2397 1182 2450 λαῖκοὶ
1231 2399 1324 2451 τὸν
1374 2398 1533 2469 305
1590 2400 1838 2468 σοφώτα-

257 2497 359 2534 τον
407 2484 512 2553 κὺρ
542 2485 816 2555 Γεώργιον
874 2480 965 2540 τὸν
1019 2488 1314 2559 Σχολάριον
1348 2490 1537 2544 λαῖκδν
1593 2492 1674 2545 ἔτι
1709 2493 1838 2546 ὄντα

258 2573 349 2637 είς
396 2576 742 2648 πατριάρχην
798 2579 1260 2651 ἐχειροτόνησαν,
1311 2581 1371 2635 ὃν
1412 2584 1509 2637 καὶ
1549 2584 1837 2638 Γεννάδιον

258 2665 653 2733 ἐπωνόμασαν.

340 2754 675 2828 Προῦπῆρχε
703 2758 761 2812 δὲ
790 2760 887 2813 καὶΔ
910 2761 1067 2828 τάξις
1098 2763 1192 2817 καὶ
1234 2764 1503 2836 συνήθεια
1531 2768 1648 2828 τοῖς
1681 2764 1834 2836 βασι-

256 2842 421 2898 λεῦσι
481 2846 831 2915 Χριστιανοῖς
869 2851 958 2904 ἵνα
980 2854 1325 2922 δωροποιῶσι
1381 2854 1458 2924 τῷ
1518 2873 1835 2925 χειροτονη-

258 2932 416 2988 οέντι
449 2938 760 3009 πατριάρχῃ
816 2941 1019 2994 νεωστὶ
1071 2942 1381 2995 δεκανίκιον
1430 2944 1669 3013 χρυσοῦν
1698 2943 1837 3011 μετὰ

261 3023 430 3076 λίθων
466 3028 779 3097 πολυτίμων
834 3032 930 3084 καὶ
972 3033 1266 3101 μαργάρων
1322 3034 1833 3103 ἐγκεκοσμημένον,

260 3115 360 3167 καὶ
392 3117 561 3170 ἵππον
589 3120 842 3174 ἐκλεκτὸν
893 3124 955 3174 ἐκ
992 3123 1103 3175 τῶν
1150 3123 1452 3193 βασιλικῶν
1488 3125 1629 3193 μετὰ
1673 3125 1836 3194 ἐφιπ-

257 3207 394 3261 πίου
424 3211 518 3262 καὶ
548 3212 860 3281 ἐφεστρίδος
897 3215 1181 3287 βασιλικῆς
1208 3218 1692 3287 ἐγκεκοσμημένον
1735 3235 1834 3270 πο-

1940 2398 2093 2468 αὑτῷ
2143 2400 2536 2470 προσκύνησιν.
2596 2402 2708 2455 Καὶ
2752 2403 2779 2453 6
2830 2398 3083 2469 βασιλεὺς
3126 2396 3188 2448 τδ
3210 2394 3515 2448 δεκανίκιον

1939 2490 2119 2559 ὀλίγον
2159 2491 2308 2561 ὑψῶν
2340 2493 2547 2561 ἔλεγεν·
2585 2508 2605 2543 ι
2646 2491 2714 2545 Ἥ
2762 2491 2893 2555 άγία
2944 2490 3120 2558 Τριάς
3170 2489 3205 2558 ἡ
3255 2487 3359 2555 τὴν
3389 2485 3514 2554 ἐμοὶ

1944 2580 2225 2650 βασιλείαν
2278 2582 2648 2655 δωρησαμένη
2709 2579 3119 2651 προχειρίζεταί
3172 2596 3233 2631 σε
3264 2572 3362 2639 ἐἰς
3411 2593 3516 2627 πα·-

1942 2673 2221 2744 τριάρχην
2264 2674 2391 2735 νέας
2432 2674 2676 2742 Ῥώμης.
2717 2691 2735 2723 ι
2775 2672 2881 2724 Καὶ
2913 2670 3086 2731 οὕτως
3118 2671 3181 2720 ἐκ
3210 2665 3321 2719 τῶν
3359 2667 3512 2731 βασι-

1940 2763 2114 2817 λικῶν
2162 2767 2364 2835 χειρῶν
2422 2769 2451 2819 6
2501 2765 2854 2835 πατριάρχης
2901 2763 3173 2831 ἐλάμϐανε
3213 2761 3313 2829 τὴν
3360 2757 3511 2820 ἐξου-

1942 2856 2085 2922 σίαν,
2118 2859 2214 2910 καὶ
2240 2859 2341 2924 τὴν
2370 2851 2721 2929 εὐχαριστίαν
2774 2855 2855 2924 τῷ
2900 2854 3111 2926 βασιλεῖ
3146 2852 3339 2905 ἐδίδου.
3377 2848 3514 2903 Εἶτα

1938 2948 1987 2999 oi
2013 2948 2163 3016 χοροὶ
2184 2948 2412 3016 ἔψαλλον
2440 2948 2501 3000 τό
2526 2965 2539 2979 ο
2576 2966 2593 2998 ι
2620 2947 2713 3009 Εἰς
2749 2945 2919 2998 πολλὰ
2949 2945 3069 3013 ἐτη,
3096 2942 3353 3001 δέσποτα,
3396 2957 3415 2991 ι
3447 2941 3511 2992 ἐκ

1938 3034 2148 3105 τρίτου,
2178 3039 2271 3088 καὶ
2300 3037 2587 3099 ἀπόλυσις.
2624 3035 2686 3089 '0
2722 3035 3075 3105 πατριάρχης
3102 3031 3508 3101 κατερχόμενος

1943 3131 2081 3197 μετὰ
2111 3128 2414 3197 λαμπάδων
2445 3130 2537 3181 ἐπὶ⁵
2563 3128 2631 3181 τὰ
2659 3127 2954 3181 διϐάϐουλα
2995 3127 3091 3179 καὶ
3120 3124 3392 3190 εὑρίσκων
3419 3122 3512 3174 τὸν

1940 3218 2113 3273 ἵππον
2162 3219 2566 3291 ἡτοιμασμένον
2609 3218 2895 3272 ἀνέϐαινεν
2946 3219 3031 3271 ἐπ’
3066 3218 3252 3270 αὐτόν.

257 3302 521 3365 λυτελῶς·
561 3274 656 3357 καὶ
705 3274 853 3373 μετὰ*
872 3274 1095 3376 χασδίου
1122 3274 1320 3363 λευκοῦ
1345 3274 1673 3381 καὶ.χέυωῦ
1713 3327 1837 3363 σκε-
1860 3274 1905 3337 C
2010 3274 2195 3373 Οὕτως
2219 3274 2580 3374 δὲθκαὶιαὺτδς
2609 3310 2637 3362 6
2663 3311 2942 3381 ἀλιτήριος
2972 3308 3141 3363 Θέλων
3172 3310 3399 3380 ποιῆσαι
3432 3309 3512 3371 ὡς

258 3391 499 3463 πόμενος
526 3391 593 3465 ἧν
619 3396 647 3447 6
675 3395 862 3459 ἵππος.
895 3399 1003 3451 Καὶ
1034 3402 1098 3452 ἐκ
1127 3400 1221 3453 τοῦ
1250 3401 1513 3455 παλατίου
1540 3402 1634 3457 τοῦ
1668 3403 1829 3474 βασι-

258 3584 399 3629 runt
425 3584 602 3629 autem
633 3576 925 3649 Palzeologi
956 3580 1010 3631 in
1042 3579 1144 3633 hac
1174 3581 1359 3649 regina
1397 3584 1617 3638 urbium
1661 3600 1834 3642 annos

181 3666 187 3669 ⁷
259 3665 389 3732 194,
416 3683 631 3723 menses
672 3669 735 3723 10
757 3680 809 3724 et
841 3671 958 3725 dies
1002 3670 1059 3733 4,
1095 3670 1250 3741 Cpoli
1273 3673 1561 3744 imperium
1593 3692 1830 3744 emptum

256 3770 345 3814 est
373 3760 477 3815 sub
535 3759 721 3817 Flavio
748 3763 1135 3831 Constantino,
1188 3766 1403 3820 ﬁnitum
1427 3769 1529 3823 sub
1561 3769 1834 3824 Constan-

257 3852 378 3905 tino
402 3851 725 3923 Palzeologo.
748 3854 931 3925 Viguit
963 3858 1130 3926 igitur
1158 3858 1209 3911 in
1238 3859 1551 3915 miserrima
1578 3861 1679 3939 hac
1700 3864 1833 3916 urbe

259 3959 436 3998 annos
465 3945 604 4000 1115
625 3986 641 4010 ,
671 3962 887 4002 menses
922 3949 1009 4011 10,
1036 3951 1150 4004 dies
1181 3950 1234 4004 4.

331 4036 560 4091 Ameras
580 4038 667 4092 die
684 4039 844 4092 tertio
868 4050 988 4109 post
1010 4048 1225 4108 captam
1252 4042 1447 4098 urbem
1489 4043 1829 4115 triumphum

257 4136 312 4179 et
344 4128 601 4190 gaudium
653 4130 847 4198 ingens
904 4142 1127 4200 pr0pter
1176 4142 1508 4202 reportatam
1541 4136 1828 4191 victoriam

258 4216 509 4285 agitavit,
537 4220 779 4284 edit-ens,
813 4231 870 4275 ut
892 4236 1102 4288 Omnes,
1133 4224 1310 4289 magni
1343 4235 1400 4278 et
1433 4227 1607 4291 parvi,
1631 4227 1722 4295 qui
1751 4227 1829 4282 Iav

262 4308 452 4362 tebant
489 4310 541 4362 in
579 4310 709 4363 locis
760 4311 910 4364 urbis
940 4312 1305 4375 absconditis,
1370 4316 1657 4382 prodirent
1693 4332 1829 4373 neve

260 4414 594 4467 aquoquam
647 4411 1021 4467 vexarentur;
1088 4405 1216 4456 item
1263 4404 1298 4457 ii
1335 4401 1676 4474 qui'timore
1703 4408 1828 4463 belli

260 4491 502 4559 impulsi,
554 4502 612 4547 ut
640 4502 765 4548 ante
806 4496 1379 4558 commemoravimus.
1444 4514 1511 4552 ex
1547 4502 1682 4553 urbe
1709 4517 1831 4569 pro-

1939 3403 2197 3473 βασιλεὺς
2241 3404 2341 3473 τῆς
2382 3402 2610 3468 πόλεως,
2663 3402 2847 3465 καθὼς
2894 3402 3112 3455 ἐποίουν
3147 3402 3240 3453 καὶ
3278 3403 3325 3455 οἱ
3371 3402 3509 3471 Χρι-

1936 3583 2430 3659 acclamationibus
2460 3583 2728 3659 epalatio
2769 3582 3124 3649 imperatorio
3181 3582 3231 3633 in
3276 3583 3509 3651 patriar-

1936 3674 2093 3729 chale
2144 3653 2376 3737 redibat,
2427 3653 2589 3740 atque
2632 3673 2845 3725 crealio
2875 3688 2967 3739 per
2998 3672 3286 3740 episcopos
3323 3672 3504 3733 ﬁebat,

1937 3775 1997 3819 ut
2026 3766 2143 3834 lege
2172 3774 2225 3817 et
2255 3778 2405 3817 more
2450 3763 2723 3817 sancitum
2771 3771 2909 3815 erat.
2956 3762 3271 3830 Accipiebat
3322 3770 3504 3815 autem

1937 3857 2150 3910 futurus
2181 3854 2492 3922 patriarcha
2537 3868 2567 3906 e
2609 3854 2862 3907 manibus
2910 3852 3257 3920 imperatoris
3308 3852 3501 3921 petlum

1936 3950 2027 4001 tali
2045 3948 2227 4001 modo.
2258 3947 2489 4000 Sedente
2508 3945 2839 4013 imperatore
2862 3943 2912 3996 in
2934 3944 3062 3998 sella
3083 3942 3429 4011 imperatoria
3451 3953 3507 3998 et

1934 4041 2076 4094 omni
2099 4054 2384 4108 procerum
2411 4038 2604 4093 ordine
2625 4041 3013 4094 circumstante
3033 4038 3192 4090 nudis
3210 4036 3503 4105 capitibus,

1935 4140 2509 4200 magnusprotopapas
2559 4130 2744 4200 palatii
2799 4128 3267 4191 benedictionem,
3308 4127 3505 4181 deinde

1935 4239 2154 4292 parvam
2178 4237 2397 4292 precum
2423 4223 2616 4278 seriem
2648 4221 3056 4292 pronuntiabat,
3085 4230 3249 4289 atque
3272 4236 3503 4287 magnus

1933 4315 2263 4369 domesticus
2297 4316 2566 4369 canebat:
2604 4333 2623 4367 ι
2659 4315 2759 4370 Ubi
2783 4316 2926 4367 enim
2953 4313 3095 4380 regis
3136 4313 3448 4381 przesentia.
3479 4328 3497 4362 ι

1934 4416 1987 4459 et
2019 4421 2139 4475 quae
2170 4417 2510 4475 sequuntur;
2539 4417 2649 4460 tum
2677 4425 2689 4461 :
2734 4423 2752 4457 ι
2783 4406 2967 4461 Gloria
3001 4426 3019 4456 ι
3049 4403 3412 4470 lampadarius
3438 4418 3502 4454 ex

1934 4496 2104 4549 altero
2133 4498 2323 4560 choro,
2348 4510 2400 4552 et
2437 4519 2455 4550 ι
2497 4515 2587 4552 rex
2616 4499 2901 4558 caelorum.
2937 4516 2955 4548 ι
2992 4508 3096 4551 etc.
3126 4494 3308 4548 Finito
3340 4504 3502 4547 cantu

261 4586 537 4652 fugerant,
557 4600 709 4639 suam
733 4586 966 4654 quisque
983 4586 1201 4639 domum
1234 4588 1477 4643 redirent
1503 4599 1555 4643 et
1588 4593 1831 4647 viverent
1864 4603 1906 4655 ι)
1938 4585 2165 4651 alterno,
2204 4587 2498 4656 imperator
2529 4591 2799 4656 surgebat.
2863 4588 3053 4641 dextra
3105 4602 3265 4640 manu
3308 4586 3501 4656 pedum

260 4677 559 4731 secundum
594 4692 802 4734 morem
833 4689 886 4732 et
916 4678 1237 4747 religionem
1263 4695 1439 4744 suam,
1478 4683 1622 4736 sicut
1644 4696 1824 4739 antea.

259 4767 409 4820 Idem
469 4769 776 4836 imperavit,
834 4780 890 4822 ut
948 4772 1315 4837 patriarcham
1378 4788 1478 4842 pro
1545 4791 1696 4829 more
1726 4791 1828 4829 suo

260 4866 541 4922 crearent;
601 4869 753 4914 vetus
813 4861 960 4913 enim
1006 4872 1257 4915 mortuus
1309 4873 1427 4916 erat
1508 4865 1694 4934 Itaque
1736 4867 1829 4935 qui

260 4948 405 5002 forte
453 4951 677 5003 aderant
726 4952 963 5020 episcopi
1021 4963 1076 5007 et
1133 4957 1386 5022 perpauci
1435 4957 1525 5010 alii
1554 4958 1746 5011 clerici
1777 4971 1833 5014 et

257 5040 384 5093 laici
436 5041 899 5109 sapientissimum
952 5045 1234 5099 dominum
1274 5045 1567 5115 Georgium
1603 5047 1831 5103 Schola-

259 5132 426 5195 rium,
456 5135 736 5188 etiamtum
791 5135 1012 5199 laicum,
1045 5137 1326 5204 elegerunt
1364 5147 1419 5190 et
1463 5130 1839 5207 patriarcham'

260 5235 537 5287 crearunt,
574 5236 783 5281 mutato
811 5229 1033 5283 nomine
1073 5228 1411 5284 Gennadium
1470 5233 1827 5302 appellatum.

333 5315 461 5371 Erat
490 5330 671 5372 autem
702 5336 902 5375 munus
938 5331 992 5375 et
1036 5337 1154 5376 mos
1191 5322 1627 5376 Christianorum
1656 5326 1829 5393 impe-

257 5416 527 5472 ratorum,
560 5419 619 5462 ut
665 5426 854 5465 recens
884 5419 1067 5465 creato
1122 5414 1444 5481 patriarchm
1483 5415 1676 5483 pedum
1736 5433 1831 5467 an-

260 5515 433 5565 reum,
467 5501 697 5568 gemmis
720 5512 774 5555 et
815 5503 1123 5571 margarbis
1156 5502 1498 5566 decoratum,
1531 5518 1694 5572 atque
1719 5506 1827 5559 ele—

258 5599 403 5644 ctum
476 5593 543 5644 de
607 5592 751 5659 regio
809 5593 1021 5646 stabulo
1085 5609 1311 5661 equum,
1366 5594 1516 5647 stella
1560 5604 1610 5647 rt
1658 5606 1828 5648 strato

258 5691 574 5749 sumptuose
601 5693 876 5747 ornatum,
900 5694 953 5738 et
986 5686 1162 5739 serico
1198 5686 1387 5738 villoso
1422 5686 1528 5738 albi
1548 5687 1745 5738 coloris
1771 5695 1825 5739 et

262 5774 362 5826 ﬁlis
394 5775 575 5828 aureis
612 5776 900 5830 intertexto
936 5789 1154 5841 tectum,
1198 5776 1483 5830 donarent.
1530 5777 1661 5830 Ilnic
1684 5793 1823 5847 equo

263 5866 498 5920 insidens
545 5867 851 5935 patriarcha
886 5884 1007 5923 cum
1049 5870 1301 5925 universo
1327 5880 1511 5925 venatu
1543 5883 1589 5922 et
1628 5870 1820 5924 faustis

1936 4687 2147 4739 tenens,
2186 4690 2346 4746 atque
2370 4680 2716 4745 candidatus,
2751 4680 2910 4746 cujus
2950 4680 3179 4732 alterum
3212 4679 3359 4730 latus
3394 4694 3507 4730 me-

1933 4769 2183 4836 tropolita
2209 4771 2594 4835 (laesarecnsis,
2619 4771 2848 4826 alterum
2875 4771 3249 4825 Heracleensis
3273 4770 3503 4836 tegeba',

1933 4872 2166 4928 corpore
2229 4862 2295 4915 ad
2327 4878 2516 4918 omnes
2563 4874 2643 4917 ler
2672 4865 2959 4928 inclinato,
3010 4863 3077 4916 ad
3109 4864 3493 4931 imperatorem

1932 4955 2221 5008 accedebat
2237 4964 2289 5009 et
2311 4954 2541 5009 solemni
2563 4971 2687 5008 eum
2714 4955 3136 5024 prosequebatur
3158 4953 3499 5006 adoratione.

1933 5044 2070 5099 Tum
2128 5045 2197 5107 is,
2248 5047 2385 5115 pedo
2413 5046 2632 5114 paulum
2664 5047 2901 5109 sublato.
2936 5046 3154 5099 dicebat
3190 5060 3205 5097 :
3249 5062 3267 5096 ι
3299 5042 3500 5098 Sancta

1932 5133 2194 5199 Trinitas,
2220 5152 2340 5206 qua:
2372 5129 2667 5205 imperium
2703 5136 3031 5199 mihidedit,
3061 5135 3127 5189 ad
3164 5135 3503 5203 patriarchae

1934 5238 2045 5282 tum
2074 5244 2225 5281 nova)
2247 5229 2430 5281 Romae
2450 5239 2500 5282 te
2522 5227 2753 5281 evehit.»
2779 5228 2853 5282 Ita
2880 5242 2909 5280 e
2936 5227 3189 5281 manibus
3211 5228 3503 5295 imperato-

1931 5319 2007 5371 ris
2034 5326 2299 5386 poteslate
2318 5317 2667 5385 patriarchali
2704 5327 2949 5384 accepta,
2978 5316 3285 5384 patriarcha
3323 5315 3495 5367 eidem

1931 5410 2139 5477 gratias
2171 5411 2388 5479 agebat.
2443 5408 2650 5462 Deinde
2698 5408 2886 5462 chori:
2950 5406 3039 5461 ιΙιι
3084 5407 3290 5460 multos
3328 5422 3501 5459 annos

1934 5502 2255 5565 Dominusn
2294 5506 2587 5567 canebant,
2612 5512 2776 5572 atque
2804 5503 2964 5556 (iebat
2994 5501 3269 5557 dimissio.
3299 5499 3503 5555 Dehinc

1931 5593 2242 5662 putriarcha
2277 5608 2403 5646 cum
2427 5594 2774 5662 lampadibus
2803 5593 2869 5646 ad
2908 5593 3161 5646 dibabula
3196 5593 3503 5645 descende-

1934 5683 2022 5737 bat
2049 5696 2402 5753 paratumque.
2434 5685 2504 5738 ibi
2536 5686 2814 5741 inveniens
2842 5699 3041 5755 equum
3071 5684 3495 5739 conscendebat.

2000 5776 2278 5853 Seelestus
2328 5777 2431 5832 iste
2476 5776 2639 5846 igitur
2681 5788 2743 5832 ut
2784 5778 3086 5845 imperator
3132 5774 3283 5828 urbis
3349 5774 3493 5827 idem

1929 5868 2109 5925 facere
2143 5871 2390 5939 cupiens,
2423 5872 2568 5940 quod
2600 5856 2844 5928 fecerant
2869 5869 3168 5925 Christiani
3200 5868 3491 5935 impsrato-
