3976 6604
244 445 371 511 893

1241 448 1692 510 CHRONICON
1736 450 2009 515 MAJUS.
2038 479 2101 489 -
2145 456 2297 517 LIB.
2330 457 2450 517 ΙΙΙ.

3401 451 3507 515 894

228 561 474 614 πόλεων
523 558 618 629 ἐτη
677 560 801 629 ρςδθ
830 562 930 616 καὶ
972 561 1147 631 μῆνας
1180 561 1209 615 ι’
1240 566 1334 617 καὶ
1380 565 1595 637 ἡμέρας
1627 565 1691 618 δ’.
1729 564 1833 619 Καὶ
1865 574 1909 629 Α
1939 570 2094 623 λικοῦ
2150 574 2286 642 μετὰ
2345 573 2529 638 πάσης
2580 573 2678 641 τῆς
2724 569 3033 640 συγκλήτου
3089 567 3447 637 ἐξερχόμενος
3479 568 3509 615 6
3571 574 3574 578 ’

246 658 370 711 ὑπὸ
418 656 835 711 Κωνσταντίνυυ
896 657 1130 712 Φλαϐίου
1166 658 1376 729 ἤρξατο
1422 663 1454 729 ἠ
1500 660 1747 730 βασιλεία
1776 664 1836 713 ἐν

242 748 843 803 Κωνσταντινουπόλει
881 751 977 803 καὶ
1017 751 1112 804 ἐπὶ
1142 752 1561 806 Κωνσταντίνου
1590 752 1687 805 τοῦ
1721 754 1835 807 Πα-

248 837 551 906 λαιολόγου
585 842 760 910 πέρας
806 841 1018 895 ἐλαϐεν.
1085 844 1173 895 Ἐν
1225 843 1350 912 τῇδε
1396 846 1461 913 τῇ
1513 844 1833 914 τριταλαίνῃ

248 931 421 984 πόλει
467 933 852 1002 ἐπεκράτησεν
906 936 938 1003 ἡ
990 935 1102 987 τῶν
1141 934 1427 1007 Ῥωμαίων
1463 934 1709 1005 βασιλεία
1739 936 1834 1004 ἐτη

246 1024 449 1094 ⁴αρμγ¹
479 1025 655 1095 μῆνας
688 1032 718 1078 ι’
755 1013 852 1080 καὶ
896 1028 1113 1097 ἠμέρας
1144 1028 1208 1080 δ’.

332 1117 575 1185 Ποιήσας
620 1119 715 1172 οὖν
762 1122 829 1189 τῇ
898 1122 1061 1191 τρίτῃ
1124 1120 1307 1192 ἡμέρᾳ
1350 1122 1453 1191 τῆς
1481 1120 1756 1183 ’ἁλώσεως
1809 1121 1836 1172 6

249 1206 486 1277 ἀμηρᾶς
526 1209 797 1278 Θρίαμϐον
832 1212 928 1264 καὶ
977 1212 1153 1281 χαρὰν
1206 1212 1450 1281 μεγάλην
1483 1214 1571 1265 διὰ
1630 1212 1732 1282 τὴν
1761 1212 1840 1265 νί-

172 1298 181 1303 ”
249 1315 372 1367 κην
406 1298 506 1368 τὴν
549 1303 694 1354 κατά
728 1303 828 1370 τῆς
863 1303 1095 1368 πόλεως,
1125 1303 1220 1357 καὶ
1259 1304 1529 1367 κελεύσας
1571 1304 1656 1356 ἵνα
1692 1303 1842 1368 ἐξέλ-

255 1390 406 1444 θωσι
452 1393 658 1455 πάντες
697 1394 747 1446 οί
796 1393 1080 1462 ἄνθρωποι
1125 1396 1313 1465 μικροί
1364 1411 1425 1446 τε
1470 1396 1563 1448 καὶ
1614 1396 1840 1463 μεγάλοι

253 1482 311 1534 οἱ
344 1482 497 1544 ὄντες
540 1485 913 1553 κεκρυμμένοι
960 1486 1017 1538 ἐν
1071 1504 1180 1539 τισι
1210 1488 1397 1549 τόποις
1432 1489 1659 1553 κρυνροΐς
1712 1488 1813 1556 τῆς

258 1572 481 1633 πόλεως
511 1576 606 1626 καὶ
642 1576 921 1641 ἐλεύθεροι
951 1578 1045 1629 καὶ
1078 1578 1428 1648 ἀνενόχλητοι
1457 1571 1609 1629 ὧσιψ
1641 1578 1843 1647 ὁμοίως

221 1644 365 1729 (καὶ
396 1666 597 1727 πάντες
625 1667 742 1719 ὅσοι
786 1668 849 1720 ἐκ
888 1668 991 1736 τῆς
1024 1644 1495 1737 πόλεως-ἐφυγον,
1544 1669 1619 1732 ὡς
1656 1644 1843 1738 προεί-

260 1772 474 1823 παμεν,
509 1757 598 1810 διὰ
637 1759 727 1809 τὸν
768 1759 932 1827 φόϐον
967 1759 1061 1812 τοῦ
1098 1754 1362 1827 πολέμου,
1406 1761 1635 1824 ἕκαστος
1661 1763 1842 1814 αὐτῶν

1939 663 2286 734 πατριάρχης
2338 667 2433 717 καὶ
2480 664 2904 735 εὐφημούμενος
2928 663 2985 713 ἐν
3013 659 3090 729 τῷ
3123 659 3508 737 πατριαρχείφ

1938 754 2369 825 ἐπανέστρεψαν·
2401 758 2497 810 καὶ
2545 758 2578 825 ἡ
2632 753 2939 825 χειροτονία
2983 753 3192 820 ἐγίνετο
3222 749 3370 817 παρά
3401 748 3509 800 τῶν

1940 846 2272 915 ἀρχιερέων,
2320 847 2394 909 ὡς
2453 847 2607 911 τάξις
2639 847 2734 898 καὶ
2779 846 2945 914 νόμος
2980 839 3069 913 ἦν.
3102 839 3411 901 Ἐλάμϐανε
3451 837 3509 889 δέ

1938 937 1966 988 6
2000 938 2214 1007 μέλλων
2240 938 2498 1006 γενέσθαι
2532 939 2874 1007 πατριάρχης
2899 939 2965 988 ἐκ
2994 932 3214 987 τῶντοῦ
3246 928 3513 998 βασιλέως

1940 1030 2142 1099 χειρῶν
2194 1031 2255 1083 τδ
2296 1031 2603 1084 δεκανίκιον
2626 1030 3086 1097 τοιουτοτρόπως.
3132 1020 3510 1089 Καθεζομένου

1939 1122 2036 1173 τοῦ
2076 1122 2346 1189 βασιλέως
2384 1123 2477 1176 ἐπὶ
2522 1123 2616 1175 τοῦ
2658 1122 2942 1192 βασιλικοῦ
2977 1120 3195 1187 δίφρου,
3239 1116 3335 1167 καὶ
3360 1114 3511 1189 πᾷσα

1939 1214 1972 1282 ἡ
2007 1214 2313 1283 σύγκλητος
2351 1216 2630 1278 ίστάμενοι
2686 1216 2949 1276 ἀσκεπεῖς
3003 1212 3097 1265 καὶ
3146 1209 3320 1277 ὀρθοὶ,
3355 1207 3452 1259 καὶ
3480 1203 3510 1255 ὁ

1944 1304 2117 1374 μέγας
2160 1309 2543 1374 πρωτοπαπᾶς
2577 1305 2671 1359 τοῦ
2698 1306 2966 1358 παλατίου
2997 1301 3169 1355 ἐποίει
3195 1296 3509 1365 εὑλογητδν,

1940 1391 2060 1448 εἶτα
2094 1397 2189 1449 καὶ
2242 1397 2447 1467 μικρὰν
2501 1397 2762 1466 ὲκτενὴν,
2790 1386 2894 1448 ’καὶ
2918 1396 2947 1447 6
2986 1394 3161 1462 μέγας
3190 1390 3512 1459 δομέστικος
3590 1456 3596 1475 ί

1943 1488 2136 1555 ἔψαλλε
2159 1489 2218 1540 τὸ
2256 1509 2272 1541 ι
2308 1491 2486 1543 Ὅπου
2513 1490 2621 1558 γὰρ
2647 1488 2908 1560 βασιλέως
2944 1485 3239 1555 παρουσία,
3277 1502 3295 1533 ι
3323 1482 3415 1534 καὶ
3445 1482 3514 1532 τά
3590 1489 3597 1533 ἱ

1943 1583 2094 1649 ἑξῆς.
2114 1577 2248 1634 Εἶτα
2278 1584 2337 1635 τδ
2370 1601 2387 1632 ι
2416 1583 2575 1644 Δόξα,
2596 1601 2613 1631 ι
2645 1584 2672 1633 6
2697 1580 3075 1647 λαμπαδάριος
3100 1578 3162 1627 ἐκ
3190 1574 3285 1626 τοῦ
3320 1572 3514 1639 ἐτέρου

1941 1670 2125 1739 χοροῦ,
2174 1673 2270 1723 καὶ
2305 1670 2401 1724 νῦν
2435 1672 2515 1723 τό·
2550 1690 2568 1721 ι
2617 1670 2677 1722 Ὀ
2717 1668 2971 1738 βασιλεὺς
3021 1665 3133 1718 τῶν
3179 1662 3447 1732 οὐρανῶν,
3487 1678 3506 1710 ι

1944 1764 2036 1815 καὶ
2095 1764 2165 1815 τὰ
2200 1764 2348 1829 ἑξῆς.
2390 1761 2546 1815 Μετά
2592 1762 2650 1814 δέ
2706 1762 2770 1813 τὸ
2810 1758 2964 1820 τέλος
3011 1756 3106 1808 τοῦ
3151 1752 3449 1823 τροπαρὶου
3484 1752 3515 1801 6

260 1845 574 1917 ἐπιστρέψῃ
604 1850 684 1909 είς
718 1849 808 1900 τὸν
844 1845 996 1901 οἷκον
1029 1849 1220 1915 αὑτοῦ,
1252 1853 1348 1903 καὶ
1379 1850 1571 1919 βιῶναι
1611 1853 1842 1905 ἕκαστον
1946 1853 2202 1924 βασιλεὺς
2242 1855 2526 1915 ἀνίστατο,
2559 1852 2701 1923 ἔχων
2726 1852 2819 1902 ἐπὶ
2849 1851 2948 1918 τὴν
2994 1847 3178 1913 δεξιὰν
3206 1846 3267 1898 τὸ
3295 1842 3510 1897 δεκανί-

265 1938 419 1987 κατά
459 1937 557 2005 τὴν
587 1938 739 2002 τάξιν
783 1940 875 1991 καὶ
907 1925 1207 2010 θρησκείαν
1253 1942 1439 2004 αὑτοῦ.
1473 1944 1549 2006 ὡς
1581 1945 1674 1997 καὶ
1701 1948 1837 2013 πρό-
1866 1951 1915 2010 Β
1945 1962 2082 2008 κιον,
2117 1945 2144 1995 6
2173 1944 2230 1997 δὲ
2262 1943 2575 2012 ὑποψὴφιος
2637 1941 2935 2011 ἐρχόμενος
2959 1981 2974 2005 ,
3024 1939 3121 1991 καὶ⁵
3170 1937 3234 1988 ὲκ
3259 1936 3354 1987 τοῦ
3394 1935 3514 1994 ἐνὸς

261 2043 429 2095 τερον
464 2023 548 2097 ἦν.
597 2030 836 2098 Ὁμοίως
883 2032 1218 2101 προσέταξεν
1276 2033 1365 2087 ἵνα
1426 2034 1697 2105 ποιήσωσι
1744 2037 1841 2089 καὶ
1946 2037 2147 2103 μέρους
2201 2034 2366 2089 αὐτοῦ
2421 2036 2449 2089 6
2488 2034 2852 2105 Καισαρείας,
2887 2032 2952 2084 ἐκ
2984 2031 3042 2083 δέ
3068 2029 3163 2082 τοῦ
3193 2028 3453 2096 δευτέρου
3484 2026 3514 2079 6

262 2119 621 2190 πατριάρχην
655 2120 730 2184 ὡς
763 2122 996 2191 σύνηθες
1026 2119 1094 2194 ἦν
1123 2126 1261 2177 κατά
1307 2124 1405 2193 τὴν
1432 2126 1586 2190 τάξιν
1633 2127 1835 2181 αὐτῶν·

260 2202 338 2278 ἦν
387 2212 494 2281 γάρ
536 2215 932 2282 προαποθανὼν
987 2218 1015 2269 6
1081 2219 1451 2288 πατριάρχης.
1510 2220 1620 2273 Καὶ
1683 2219 1837 2273 ἐκλέ-

264 2302 467 2366 ξαντες.
491 2306 541 2356 οἱ
590 2306 900 2376 ἐντυχόντες
940 2310 1222 2379 ἀρχιερεῖς
1268 2313 1362 2362 καὶ
1396 2312 1444 2363 οἱ
1481 2311 1653 2378 ὀλίγοι
1694 2313 1836 2365 πάνυ

259 2392 445 2465 ἕτεροι
499 2396 787 2467 ίερωμένοι
848 2401 944 2452 καὶ
999 2400 1181 2453 λαῖκοὶ
1232 2402 1323 2454 τὸν
1374 2401 1533 2472 305
1591 2403 1838 2470 σοφώτα-

258 2501 360 2538 τον
408 2487 512 2556 κῖδρ
542 2488 816 2558 Γεώργιον
873 2484 964 2543 τὸν
1019 2492 1314 2562 Σχολάριον
1348 2493 1537 2546 λαῖκὸν
1593 2494 1674 2548 ἔτι
1709 2495 1838 2548 ὄντα

259 2577 349 2639 είς
396 2579 742 2651 πατριάρχην
798 2582 1260 2653 ἐχειροτόνησαν,
1311 2583 1371 2637 ὃν
1412 2586 1509 2639 καὶ
1549 2587 1838 2640 Γεννάδιον

259 2668 653 2736 ἐπωνόμασαν.

340 2758 675 2831 Προῦπῆρχε
703 2760 761 2814 δὲ
789 2763 882 2816 καὶ⁸
910 2764 1068 2830 τάξις
1098 2766 1192 2818 καὶ
1234 2767 1503 2839 συνήθεια
1532 2770 1649 2830 τοῖς
1682 2767 1835 2839 βασι-

257 2845 421 2901 λεῦσι
480 2849 831 2918 Χριστιανοῖς
869 2853 958 2907 ἵνα
980 2856 1326 2925 δωροποιῶσι
1382 2858 1459 2926 τῷ
1519 2875 1835 2928 χειροτονηο

259 2936 416 2991 θέντι
450 2941 760 3012 πατριάρχῃ
816 2944 1019 2996 νεωστὶ
1071 2945 1381 2998 δεκανίκιον
1431 2947 1669 3016 χρυσοῦν
1699 2946 1838 3014 μετά

262 3026 431 3080 λίθων
467 3031 779 3100 πολυτίμων
835 3034 930 3086 καὶ
972 3035 1266 3104 μαργάρων
1324 3037 1833 3106 ἐγκεκοσμημένον,

260 3118 361 3170 καὶ
392 3120 561 3172 ἵππον
589 3123 843 3176 ἐκλεκτὸν
893 3126 955 3176 ἐκ
992 3126 1103 3177 τῶν
1151 3125 1452 3195 βασιλικῶν
1489 3127 1630 3196 μετά
1673 3128 1837 3196 ἐφιπ-

257 3210 396 3264 πίου
425 3215 517 3265 καὶ
548 3215 861 3284 ἐφεστρίδος
897 3217 1181 3289 βασιλικῆς
1208 3220 1693 3289 ἐγκεκοσμημένον
1736 3237 1834 3273 πο-

1950 2127 2285 2198 Ἦρακλείας
2339 2126 2743 2196 μητροπολίτης
2773 2163 2789 2189 ,
2826 2123 2990 2193 306
3034 2121 3129 2201 καί
3172 2120 3318 2172 ποιεῖ
3374 2118 3513 2187 πρὸς

1943 2224 2153 2282 πάντας
2186 2219 2480 2288 μετανοίας
2528 2220 2702 2286 τρεῖς,
2751 2214 2870 2269 εἶτα
2916 2213 3282 2284 προσέρχεται
3322 2210 3517 2279 τῷβα-

1943 2309 2084 2361 σιλεῐ
2114 2312 2206 2363 καὶ
2265 2311 2498 2365 ἐνώπιον
2534 2310 2727 2363 τούτου
2783 2312 2930 2362 ποιεῖ
2976 2308 3080 2377 τὴν
3125 2306 3515 2374 προσήκουσαν

1941 2400 2093 2469 αὐτῷ
2142 2402 2536 2472 προσκύνησιν.
2596 2404 2708 2456 Καὶ
2752 2404 2778 2454 6
2830 2399 3082 2470 βασιλεὺς
3127 2398 3188 2450 τὸ
3211 2396 3515 2450 δεκανίκιον

1939 2492 2119 2561 ὀλίγον
2159 2494 2309 2562 ὑψῶν
2341 2494 2547 2563 ἐλεγενο
2585 2510 2605 2545 ι
2647 2493 2714 2547 Ἦ
2762 2492 2893 2556 ἁγία
2944 2492 3121 2559 Τριὰς
3171 2490 3205 2559 ἡ
3255 2488 3358 2557 τὴν
3389 2487 3515 2556 ἐμοὶ

1944 2583 2225 2652 βασιλείαν
2279 2584 2648 2657 δωρησαμένη
2709 2580 3119 2653 προχειρίζεταί
3172 2597 3232 2633 σε
3265 2574 3362 2641 ἐίς
3411 2594 3517 2629 πα-

1942 2675 2220 2747 τριάρχην
2264 2677 2391 2738 νέας
2432 2675 2676 2744 Ῥώμης.
2717 2693 2734 2725 ι
2775 2674 2881 2726 Καὶ
2913 2672 3086 2732 οὕτως
3118 2672 3181 2722 ἐκ
3211 2667 3321 2721 τῶν
3359 2669 3513 2733 βασι-

1940 2766 2114 2820 λικῶν
2162 2770 2365 2837 χειρῶν
2423 2771 2451 2821 6
2501 2767 2854 2837 πατριάρχης
2901 2764 3173 2833 ἐλάμϐανε
3213 2762 3314 2831 τὴν
3360 2758 3511 2822 ἐξουο

1942 2858 2086 2925 σίαν,
2118 2862 2214 2913 καὶ
2240 2861 2341 2927 τὴν
2371 2853 2721 2931 εὐχαριστίαν
2775 2857 2855 2925 τῷ
2900 2856 3111 2927 βασιλεί
3146 2854 3340 2906 ἐδίδου.
3377 2849 3514 2904 Εἶτα

1938 2950 1987 3001 oi
2014 2950 2164 3018 χοροὶ
2185 2950 2412 3019 ἔψαλλον
2440 2950 2501 3002 τό
2526 2966 2539 2981 ο
2576 2968 2593 3000 ι
2620 2949 2713 3010 Et;
2749 2947 2919 3000 πολλά
2949 2946 3070 3014 ἐτη,
3097 2943 3353 3002 δέσποτα,
3396 2959 3416 2992 ι
3448 2942 3511 2994 ἐκ

1939 3037 2149 3107 τρίτου,
2179 3041 2272 3090 καὶ
2300 3038 2587 3101 ἀπόλυσις.
2624 3037 2686 3092 '0
2723 3037 3075 3107 πατριάρχης
3103 3033 3509 3102 κατερχόμενος

1944 3134 2082 3199 μετά
2111 3131 2413 3200 λαμπάδων
2445 3132 2538 3183 ἐπὶ
2563 3130 2631 3183 τά
2659 3129 2955 3183 διϐάϐουλα
2995 3128 3091 3181 καὶ
3120 3125 3393 3190 εὑρίσκων
3420 3123 3513 3175 τὸν

1940 3220 2114 3275 ἵππον
2162 3221 2566 3293 ἡτοιμασμένον
2609 3220 2895 3274 ἀνέϐαινεν
2946 3221 3032 3272 ἐπ’
3066 3219 3252 3272 αὐτόν.

256 3306 521 3368 λυτελῶς’
561 3276 656 3360 καὶ
705 3276 854 3377 μετὰ.
873 3276 1095 3379 χασδίου
1123 3276 1321 3365 λευκοῦ
1347 3276 1674 3383 καὶ.χέυωῦ
1714 3329 1837 3366 σκε-
1861 3276 1906 3339 C
2011 3276 2196 3376 Οὕτως
2219 3313 2275 3367 δέ
2288 3276 2581 3376 ,καὶ1αὑτδς
2609 3313 2637 3364 6
2663 3313 2942 3383 ἀλιτήριος
2972 3311 3141 3366 θέλων
3172 3312 3399 3381 ποιῆσαι
3433 3311 3513 3373 ὡς

257 3395 500 3466 πόμενος
527 3393 593 3468 ἦν
621 3399 648 3449 6
675 3397 862 3462 ἵππος.
895 3402 1004 3454 Καὶ
1035 3405 1099 3455 ἐκ
1128 3403 1222 3456 τοῦ
1251 3404 1514 3458 παλατίου
1542 3404 1635 3459 τοῦ
1669 3405 1830 3476 βασι-

257 3587 400 3632 runt
426 3587 603 3633 autem
633 3579 925 3651 Palacologi
957 3582 1010 3635 in
1043 3582 1144 3637 hac
1174 3584 1360 3652 regina
1397 3587 1618 3640 urbium
1662 3603 1835 3645 annos

257 3669 388 3735 194,
417 3686 630 3727 menses
656 3672 736 3729 .lO
758 3683 809 3728 et
842 3674 959 3728 dies
1002 3674 1060 3737 εί,
1096 3674 1250 3744 Cpoli
1274 3676 1562 3747 imperium
1594 3695 1831 3747 coeptum

256 3774 344 3818 est
373 3764 479 3819 sub
535 3763 720 3820 Flavio
748 3766 1136 3834 Constantino,
1189 3769 1404 3823 ﬁnitum
1428 3772 1530 3826 sub
1562 3772 1835 3827 Constan-

255 3856 378 3908 tino
402 3854 725 3927 Palaeologo.
748 3857 933 3929 Viguit
963 3860 1131 3929 igitur
1159 3862 1211 3914 in
1238 3862 1552 3918 miserrima
1579 3865 1681 3943 hac
1701 3866 1834 3920 urbe

256 3962 437 4001 annos
466 3948 604 4003 M43
625 3988 641 4014 ,
671 3966 889 4005 menses
922 3953 1010 4013 l0,
1037 3953 1152 4007 dies
1183 3953 1235 4007 4.

330 4039 561 4094 Ameras
581 4041 668 4095 die
684 4042 846 4095 tertio
869 4052 989 4112 post
1010 4052 1227 4111 captam
1254 4045 1449 4101 urbem
1490 4047 1830 4118 triumphum

255 4140 310 4182 et
344 4130 602 4194 gaudium
654 4133 848 4201 ingens
905 4146 1129 4203 propter
1178 4145 1509 4205 reportatam
1542 4139 1829 4193 victoriam

256 4219 510 4288 agitavit,
538 4223 779 4287 edit-ens,
814 4233 871 4278 ut
893 4239 1103 4290 amnes,
1134 4227 1312 4291 magni
1345 4237 1401 4280 et
1435 4230 1609 4294 parvi,
1632 4230 1723 4297 qui
1752 4230 1830 4284 lav

260 4311 453 4365 tebant
490 4312 542 4365 in
579 4314 710 4367 locis
761 4314 910 4367 urbis
941 4314 1307 4377 absconditis,
1371 4318 1658 4385 prodirent
1692 4335 1830 4376 neve

257 4418 595 4470 aquoquam
648 4414 1037 4475 vexarentur;
1089 4407 1217 4459 item
1264 4407 1300 4460 ii
1336 4404 1676 4477 qui‘timore
1704 4410 1830 4465 belli

256 4494 503 4562 impulsi,
555 4506 613 4550 ut
640 4506 766 4551 ante
807 4499 1393 4565 commemoravimus,
1445 4517 1512 4555 cx
1549 4505 1683 4556 urbe
1711 4519 1833 4571 pro-

1940 3404 2198 3475 βασιλεὺς
2242 3407 2341 3474 τῆς
2382 3405 2610 3471 πόλεως,
2663 3403 2846 3467 καθὼς
2893 3404 3112 3457 ἐποίουν
3147 3404 3240 3455 καὶ
3278 3405 3325 3457 οί
3371 3404 3510 3472 Χρι-

1936 3584 2430 3661 acclamationibus
2461 3585 2728 3661 epalatio
2769 3584 3124 3651 imperatorio
3181 3584 3232 3635 in
3276 3584 3510 3653 patriar-

1937 3677 2094 3731 cbale
2145 3655 2377 3739 redibat,
2427 3655 2590 3743 alq'ue
2632 3675 2845 3728 crealio
2875 3689 2968 3742 per
2999 3674 3286 3742 episcopos
3324 3674 3504 3735 ﬂebat,

1938 3778 1997 3822 ut
2027 3768 2144 3836 lege
2173 3776 2225 3820 ct
2255 3781 2405 3820 more
2450 3766 2724 3819 sancitum
2772 3773 2909 3817 erat.
2956 3764 3271 3832 Accipiebat
3322 3773 3505 3817 autem

1938 3860 2151 3913 futurus
2183 3857 2492 3924 patriarcha
2538 3871 2567 3909 e
2610 3856 2862 3909 manibus
2910 3853 3258 3923 imperatoris
3309 3854 3502 3923 pedum

1937 3952 2029 4003 tali
2046 3950 2228 4003 modo.
2259 3949 2490 4002 Sedente
2508 3948 2839 4016 imperatore
2862 3945 2913 3998 in
2934 3946 3063 4000 sella
3083 3945 3430 4013 imperatoria
3452 3955 3508 4000 et

1935 4043 2077 4097 omni
2098 4056 2385 4111 procerum
2411 4040 2605 4095 ordine
2626 4043 3014 4097 circumstante
3034 4040 3192 4092 nudis
3211 4038 3504 4107 capitibus,

1936 4149 2163 4202 magnus
2183 4141 2510 4202 protopapas
2560 4133 2744 4202 palatii
2798 4130 3268 4194 benedictionem,
3308 4129 3506 4183 deinde

1935 4242 2156 4295 parvam
2179 4240 2399 4294 precum
2424 4226 2617 4280 seriem
2649 4224 3057 4294 pronuntiabat,
3086 4232 3250 4291 atque
3273 4238 3503 4290 magnus

1935 4318 2264 4372 domesticus
2298 4317 2566 4371 canebat:
2605 4335 2624 4369 ι
2659 4318 2760 4372 Ubi
2783 4318 2926 4369 enim
2954 4316 3095 4383 regis
3137 4315 3449 4383 prazsentia.
3480 4331 3498 4364 ι

1935 4419 1988 4463 et
2020 4425 2141 4478 ulla:
2171 4419 2511 4477 sequuntur;
2540 4419 2650 4461 tum
2678 4427 2691 4463 :
2736 4426 2753 4459 ι
2784 4408 2968 4463 Gloria
3002 4428 3019 4458 ι
3050 4405 3412 4473 lampadarius
3439 4420 3502 4457 ex

1935 4499 2105 4552 altero
2134 4502 2324 4563 choro,
2349 4513 2401 4555 et
2438 4522 2456 4552 ι
2498 4517 2589 4554 rex
2617 4501 2901 4561 caelorum,
2938 4518 2956 4551 ι
2993 4511 3097 4553 etc.
3128 4496 3309 4551 Finito
3341 4506 3503 4550 cantu

258 4589 711 4655 fugerant,suam
735 4590 966 4657 quisque
984 4590 1202 4644 domum
1235 4591 1478 4646 redirent
1504 4601 1557 4647 et
1589 4595 1833 4650 viverent
1866 4605 1908 4658 ι)
1939 4587 2166 4653 allt'rno,
2204 4589 2499 4659 imperator
2530 4594 2801 4658 surgebat.
2864 4590 3055 4643 dextra
3106 4605 3267 4643 manu
3309 4589 3501 4659 pedum

256 4680 560 4734 secundum
596 4696 804 4737 morem
834 4693 886 4735 et
916 4681 1238 4750 religionem
1265 4699 1441 4747 suam,
1478 4686 1623 4739 sicut
1645 4698 1826 4741 antea.

256 4770 411 4823 Idem
472 4772 779 4839 imperavit,
835 4783 891 4825 ut
949 4775 1316 4840 patriarcbatn
1380 4791 1479 4844 pro
1546 4794 1697 4832 more
1728 4794 1830 4831 suo

256 4870 543 4926 crearent;
602 4872 755 4917 vetns
814 4864 961 4917 enim
1006 4876 1258 4917 mortuus
1311 4877 1429 4919 crat
1508 4867 1695 4936 Itaque
1737 4869 1831 4937 qui

256 4951 406 5005 forte
455 4953 679 5006 adorant
727 4954 965 5023 episcopi
1022 4967 1076 5010 et
1133 4959 1388 5025 perpauci
1436 4959 1526 5012 alii
1555 4960 1747 5013 clerici
1778 4972 1834 5016 et

253 5043 384 5097 laici
438 5044 901 5112 sapientissimum
953 5048 1234 5102 dominum
1275 5047 1568 5117 Georgium
1603 5048 1833 5104 Schola—

255 5134 428 5198 riutn,
457 5137 739 5190 etiamtum
792 5138 1013 5201 laicum,
1046 5140 1327 5206 elegerunt
1365 5149 1420 5192 et
1464 5133 1841 5209 patriarcham'

256 5238 538 5290 crearunt,
575 5239 785 5284 mutato
813 5232 1034 5286 nomine
1074 5231 1413 5287 Gennadium
1470 5235 1828 5304 appellatum.

332 5318 463 5374 Erat
492 5333 673 5375 autem
704 5338 904 5377 munus
940 5334 993 5377 ct
1037 5340 1154 5379 mos
1191 5325 1628 5379 Christianorum
1657 5328 1831 5395 impc-

253 5418 528 5475 ratorum,
561 5422 621 5464 ut
668 5428 856 5468 recens
885 5423 1068 5468 creato
1123 5418 1445 5483 patriarchae
1484 5418 1677 5486 pedum
1737 5436 1832 5469 an-

256 5518 435 5567 reum,
469 5503 699 5571 gemmis
722 5514 776 5558 et
817 5505 1123 5574 margarids
1156 5505 1500 5568 decoratum,
1532 5520 1695 5574 atque
1720 5510 1829 5561 cle—

253 5602 404 5648 ctum
478 5596 545 5648 de
608 5595 753 5662 regio
812 5596 1021 5649 stabulo
1085 5612 1312 5663 equum,
1367 5597 1518 5650 stella
1561 5607 1612 5650 rt
1660 5609 1829 5651 strato

252 5694 575 5752 sumptuose
603 5696 878 5750 ornatum,
902 5696 954 5741 et
987 5689 1163 5742 serico
1198 5688 1389 5741 villoso
1423 5690 1529 5741 albi
1550 5691 1746 5741 coloris
1772 5697 1828 5742 ct

259 5777 363 5829 illis
394 5778 577 5832 aureis
614 5779 902 5833 intertexto
937 5791 1155 5844 lectum,
1198 5779 1485 5833 donarent.
1531 5780 1663 5833 llnic
1686 5796 1825 5850 equo

258 5870 500 5923 insidens
546 5870 853 5939 patriarcha
887 5887 1009 5927 cum
1050 5873 1303 5928 universo
1328 5883 1512 5928 venatu
1544 5886 1590 5926 et
1630 5873 1822 5928 faustis

1938 4689 2148 4742 tenens,
2187 4692 2347 4749 atque
2371 4682 2717 4747 candidatus,
2752 4682 2911 4748 cujus
2952 4682 3181 4735 alterum
3213 4682 3359 4733 latus
3395 4696 3509 4733 rne-

1935 4772 2184 4839 tropolita
2210 4772 2595 4838 (la'sarccnsis,
2620 4774 2851 4828 alterum
2877 4773 3251 4827 Heracleensis
3274 4772 3503 4838 te-geba',

1935 4876 2166 4931 corpore
2230 4865 2295 4917 ad
2328 4881 2517 4920 omnes
2564 4877 2645 4920 ter
2674 4867 2961 4930 inclinato,
3011 4865 3078 4917 ad
3110 4866 3495 4934 imperatorem

1933 4957 2222 5011 accedebat
2238 4967 2291 5011 ct
2312 4957 2542 5011 solemni
2564 4973 2687 5011 eum
2715 4958 3138 5026 prosequebatur
3160 4955 3499 5009 adoratione.

1934 5047 2072 5101 Tum
2130 5048 2199 5109 is,
2249 5050 2386 5117 pedo
2414 5049 2633 5116 paulum
2665 5048 2903 5111 sublato,
2937 5048 3156 5102 dicebat
3191 5062 3206 5099 :
3251 5064 3269 5098 r
3300 5044 3501 5100 Sancta

1934 5135 2195 5200 Trinitas,
2221 5154 2341 5208 qua:
2374 5132 2669 5207 imperium
2705 5138 3032 5202 mibidedit,
3062 5137 3127 5190 ad
3165 5136 3504 5205 patriarcha-

1936 5241 2047 5285 tum
2075 5247 2226 5285 nov:c
2248 5232 2431 5284 Romae
2452 5242 2501 5285 te
2523 5230 2755 5284 evehit.)
2781 5231 2855 5284 ita
2882 5244 2910 5283 e
2937 5229 3190 5283 manibus
3212 5229 3504 5297 imperato-

1933 5322 2008 5374 ris
2036 5328 2301 5389 potestate
2319 5320 2668 5387 patriarcbali
2705 5329 2950 5386 accepta,
2980 5319 3286 5387 patriarcha
3325 5317 3497 5369 cidem

1933 5413 2141 5481 gratias
2173 5414 2389 5481 agebat.
2444 5411 2652 5465 Deinde
2700 5411 2888 5465 chori:
2951 5409 3040 5463 «In
3084 5409 3291 5462 multos
3330 5424 3502 5462 annos

1935 5504 2257 5567 Dominus,»
2295 5509 2588 5569 canebant,
2614 5514 2778 5575 atque
2806 5505 2965 5558 [iebat
2996 5503 3271 5558 dimissio.
3301 5501 3505 5556 Dehinc

1933 5596 2245 5665 patriarcha
2279 5610 2404 5648 cum
2428 5597 2775 5665 lampadibus
2805 5595 2871 5649 ad
2909 5596 3162 5649 dibabula
3197 5594 3504 5647 descende-

1936 5686 2024 5739 bat
2051 5698 2404 5755 paratumque
2435 5689 2505 5742 ibi
2537 5689 2815 5743 inveniens
2843 5702 3042 5757 equum
3072 5685 3497 5741 conscendebat.

2002 5778 2280 5855 Scelestus
2330 5780 2433 5834 istc
2477 5780 2641 5849 igitur
2683 5790 2745 5835 ut
2786 5781 3087 5848 imperator
3133 5776 3284 5831 urbis
3351 5776 3494 5829 idem

1930 5872 2110 5928 facere
2145 5874 2392 5943 cupiens,
2425 5875 2568 5943 quod
2602 5872 2846 5930 fecerant
2871 5872 3169 5927 Christiani
3201 5871 3493 5938 itnpzrato-
