3976 6584
276 407 388 474 877

1328 406 1769 468 CHRONICON
1811 407 1953 468 MAJ
1964 407 2081 471 US.
2118 432 2187 443 -
2224 406 2374 469 LIB.
2419 409 2533 469 ΙΙΙο

3422 408 3529 471 878

278 526 486 593 ἔξωθεν
515 522 725 591 τείχους
755 521 959 575 ἔσωθεν
986 519 1075 575 διὰ
1103 520 1202 590 τῆς
1231 520 1407 592 πύλης
1436 521 1651 576 ἔϐαινον
1678 538 1854 577 κατα-
1883 525 1928 579 Α
1956 519 2156 590 τιώτην
2185 520 2452 589 γενναίως
2477 521 2593 584 τοῖς
2617 518 2899 588 πολεμίοις
2933 519 3096 590 287
3122 518 3525 588 ὲσυμπλέκετο·

276 617 568 680 πατῶντες
619 608 699 678 εἷς
749 614 840 668 τὸν
885 614 1092 684 ἕτερον.
1126 613 1315 667 Ταῦτα
1357 614 1414 667 δὲ
1460 614 1635 676 οὕτως
1665 614 1855 684 ἔχοντα

277 708 381 762 καὶ
415 709 568 775 φωνή
611 722 694 767 τις
728 705 928 776 ὲρῤἐθη
957 705 1161 759 ἔσωθεν
1183 707 1280 760 καὶ
1308 706 1508 772 ἔξωθεν
1537 707 1633 760 καὶ
1665 707 1731 760 ὲκ
1760 706 1854 760 τοῦ

279 796 487 865 μέρους
529 793 627 847 τοῦ
677 794 931 863 λιμένος’
971 812 992 847 t
1037 795 1209 851 Ἑάλω
1250 796 1314 849 τὸ
1357 795 1636 865 φρούριον,
1669 797 1762 849 καὶ
1789 797 1857 849 τὰ

283 888 597 958 στρατήγια
643 889 739 942 καὶ
779 888 846 941 τὰ
879 890 1090 957 σημαῖα
1120 887 1330 941 ἄνωθεν
1375 889 1434 940 ὲν
1460 889 1575 951 τοϊς
1623 887 1859 958 πύργοις

283 983 547 1051 ἔστησαν.
586 997 606 1031 ι
642 980 754 1033 Καὶ
793 978 826 1047 ἠ
876 978 1030 1049 φωνὴ
1058 979 1187 1041 τοὺς
1225 978 1536 1047 ἡμετέρους
1562 978 1854 1047 ἐτρέψατο,

276 1074 412 1135 τοὺς
439 1072 501 1126 δὲ
545 1071 843 1141 πολεμίους
881 1070 1253 1140 ἀνεθάρῤυνεο
1302 1071 1469 1141 286
1517 1071 1614 1123 καὶ
1659 1070 1861 1123 ἀλαλά-

279 1166 479 1230 ξαντες
506 1163 689 1230 φωνὰς
722 1162 924 1226 πολλὰς
957 1164 1050 1215 καὶ
1091 1161 1395 1231 προθύμως
1427 1163 1557 1217 ἄνευ
1590 1161 1760 1229 φόϐου
1805 1162 1858 1214 οι

278 1258 489 1318 πάντες
518 1257 609 1309 ἐπὶ
633 1255 701 1308 τὰ
731 1256 887 1324 τείχη
917 1254 1222 1307 ἀνέϐαινον.

375 1345 463 1407 Ὠς
488 1345 582 1398 οὖν
630 1340 771 1401 εἶδεν
800 1347 828 1398 6
856 1346 1148 1415 δυστυχὴς,
1187 1347 1215 1397 ό
1253 1345 1509 1415 βασιλεὺς
1537 1345 1631 1400 καὶ
1660 1345 1861 1400 αὐθέν-

278 1453 390 1506 της
420 1453 548 1505 μου,
578 1435 904 1505 δακρυχέων
937 1435 1278 1503 ὲπαρακάλει
1304 1436 1395 1488 τὸν
1425 1436 1578 1499 Θεὸν,
1609 1437 1703 1490 καὶ
1733 1438 1861 1499 τοὺς

284 1527 636 1597 στρατιώτας
696 1527 783 1579 ἵνα
835 1526 1329 1594 μεγαλοψυχήσωσι
1371 1529 1719 1598 προέτρεπε·
1769 1530 1862 1582 καὶ

281 1619 388 1672 οὐκ
412 1613 480 1686 ἦν
508 1608 938 1685 συνδρομῆς’καὶ
966 1617 1217 1687 βοηθείας
1247 1618 1401 1681 ἐλπὶς
1432 1619 1681 1687 οὐδεμία.
1720 1621 1777 1673 Ὀ
1805 1621 1863 1672 δὲ

281 1704 384 1755 τὸν
414 1704 580 1757 ἵππον
612 1705 879 1772 κεντήσας
912 1704 1138 1773 δραμὼν
1177 1705 1416 1773 ἔφθασεν
1446 1706 1576 1758 ἔνθα
1630 1708 1689 1757 τὸ
1725 1709 1864 1777 πλῆ-

286 1797 385 1861 θος
421 1799 530 1851 τῶν
581 1798 795 1851 ἀσεϐῶν
846 1799 1070 1867 ἤρχετο,
1102 1798 1195 1850 καὶ
1226 1800 1418 1868 ὥσπερ
1447 1801 1476 1850 6
1504 1801 1746 1868 Σαμψὼν
1772 1803 1865 1854 ἐπὶ

285 1890 420 1952 τοὺς
478 1890 814 1957 ἀλλοφύλους
870 1890 1069 1954 ἐποίει,
1112 1892 1208 1944 καὶ
1260 1892 1390 1953 τοὺς
1429 1893 1647 1955 ἀσεϐεῖς
1694 1895 1750 1946 ὲν
1794 1899 1859 1965 τῇ

287 1982 489 2054 πρώτῃ
520 1981 804 2050 συμπλοκῇ
840 1984 901 2033 ὲκ
934 1981 1040 2032 τῶν
1086 1982 1283 2049 τείχων
1314 1983 1750 2052 ἅπεκρήμνισεν,
1790 1986 1865 2050 ὡς

291 2074 428 2125 ἰδεῖν
470 2072 657 2142 θαῦμα
705 2072 853 2136 ξένον
885 2067 1016 2132 τοὺς
1062 2073 1390 2140 ἐντυχόντας
1425 2078 1513 2125 καὶ
1546 2076 1863 2143 βλέποντας.

287 2164 637 2234 Βρυχόμενος
663 2164 736 2225 ὡς
765 2163 903 2215 λέων
945 2163 1043 2214 καὶ
1072 2163 1168 2229 τὴν
1203 2166 1481 2233 ῥομφαίαν
1511 2167 1866 2234 ὲσπασμένην

288 2259 437 2328 ἔχων
469 2263 525 2311 ὲν
549 2260 614 2327 τῇ
639 2257 788 2326 δεξιᾷ
821 2255 1049 2317 πολλοὺς
1077 2256 1186 2308 τῶν
1221 2256 1499 2325 πολεμίων
1531 2259 1813 2325 ἀπέσφαξε
1850 2276 1862 2288 ·

294 2351 393 2401 καὶ
423 2348 482 2399 τὸ
508 2342 645 2415 αἷμα
682 2347 994 2414 ποταμηδόν
1030 2347 1092 2398 ἐκ
1122 2347 1232 2399 τῶν
1268 2348 1445 2400 ποδῶν
1476 2350 1572 2400 καὶ
1606 2350 1714 2401 τῶν
1758 2369 1871 2419 χει--

299 2439 413 2508 ρῶν
444 2437 609 2491 αὐτοῦ
638 2439 815 2508 ἔῤῥεε.
841 2439 950 2490 Καὶ
979 2438 1007 2489 6
1039 2437 1379 2508 προρῤηθεὶς
1408 2440 1506 2492 Δὸν
1523 2442 1869 2510 Φραγκίσκος

291 2530 325 2582 6
372 2528 593 2591 Τολὲδος
641 2529 777 2597 ὑπὲρ
824 2528 913 2581 τὸν
979 2528 1231 2596 Ἀχιλλέα
1291 2529 1591 2599 ἐποίησεν·
1645 2533 1704 2583 ὲν
1755 2533 1869 2591 τοῖς

293 2617 494 2682 δεξιοῖς
522 2617 618 2670 τοῦ
652 2618 919 2686 βασιλέως
957 2618 1138 2687 ἔτυχε,
1172 2617 1265 2670 καὶ
1300 2616 1375 2679 ὥς
1428 2635 1512 2674 τις
1539 2619 1696 2681 ἀετὸς
1732 2620 1872 2689 μετᾶ

292 2706 509 2776 ὀνύχων
540 2708 636 2761 καὶ
684 2709 953 2775 στόματος
1004 2709 1131 2769 τοὺς
1178 2707 1866 2770 ἐναντίουςικατέκοπτεν.

309 2798 546 2867 Ὁμοίως
587 2796 682 2850 καὶ
728 2796 984 2863 Θεόφιλος
1015 2796 1043 2847 6
1073 2794 1466 2863 Παλαιολόγος,
1494 2795 1570 2858 ὡς
1620 2791 1730 2848 εἶδε
1780 2797 1871 2849 τὸν

298 2888 534 2959 βασιλέα
584 2887 896 2958 μαχόμενον
946 2888 1040 2940 καὶ
1084 2887 1183 2956 τὴν
1214 2888 1369 2940 πόλιν
1427 2887 1869 2950 κινδυνεύουσαν,

303 2980 709 3051 μεγαλοφώνως
737 2979 877 3049 μετὰ
907 2977 1192 3047 κλαυθμοῦ
1225 2977 1436 3046 κράξας
1467 2974 1591 3028 εἷπε
1613 2993 1628 3009 ·
1669 2996 1687 3028 ι
1721 2978 1874 3030 Θέλω

301 3077 485 3128 θανεῖν
536 3072 738 3143 μᾶλλον
791 3073 823 3143 ἦ
880 3072 1001 3142 ζῇν,
1039 3090 1056 3122 ι
1103 3071 1200 3124 καὶ
1251 3070 1529 3140 συρρήξας
1576 3070 1777 3123 ἑαυτὸν,
1815 3072 1874 3123 ἐν

1959 615 2052 663 καὶ
2098 613 2147 663 οί
2198 612 2516 681 ἐντυχόντες
2568 613 2663 665 καὶ
2698 612 2989 681 βλέποντες
3034 611 3347 680 ἐθαύμαζον
3399 617 3531 682 περὶ

1957 704 2059 769 τῆς
2091 703 2275 772 ἰσχύος
2306 704 2403 756 καὶ
2452 704 2836 773 γενναιότητος
2862 702 2973 756 τῶν
2999 701 3240 771 ἀρίστων
3292 703 3530 773 ἀνδρῶν.

1961 794 2073 846 Καὶ
2105 795 2183 857 δὶς
2211 797 2307 847 καὶ
2334 796 2454 864 τρὶς
2481 796 2579 865 τῆς
2614 796 2852 864 ἐμϐολῆς
2878 796 2972 848 καὶ
3006 795 3327 866 συρῤήξεώς
3352 813 3412 848 τε
3440 798 3534 850 καὶ

1962 886 2282 957 συμπλοκῆς
2327 888 2627 957 γενομένης
2677 887 2931 956 μεγάλως
2959 886 3086 950 τοὺς
3136 886 3357 949 ἀσεϐεῖς
3386 888 3539 957 ὲτρέ-

1959 978 2131 1047 ψαντο
2179 980 2275 1031 καὶ
2321 979 2527 1046 πλῆθος
2574 980 2909 1032 ἀπέκτειναν
2945 981 3039 1032 καὶ
3073 978 3298 1048 ἑτέρους
3336 979 3399 1030 ἐκ
3428 979 3539 1032 τῶν

1960 1071 2160 1140 τειχῶν
2220 1071 2660 1142 ἀπεκρὴμνιζον,
2691 1072 2787 1123 καὶ
2838 1071 3236 1139 ἀγωνιζόμενοι
3291 1069 3540 1141 σφοδρῶς

1962 1164 2055 1214 καὶ
2088 1163 2528 1235 συμπλεκόμενοι
2565 1163 3009 1234 ἀπεκτάνθησαν,
3039 1163 3138 1217 καὶ
3172 1163 3341 1214 πολὺν
3378 1165 3541 1229 φόνον

1904 1284 1923 1291 -
1962 1253 2042 1313 εἰς
2072 1252 2200 1313 τοὺς
2229 1251 2525 1321 πολεμίους
2549 1252 2656 1321 πρὸ
2684 1252 2775 1305 τοῦ
2806 1253 3103 1305 ἀποθανεῖν
3146 1253 3425 1320 ἐποίησαν,
3451 1251 3545 1303 οὓς

1961 1356 2092 1402 τως.
2121 1341 2228 1411 Καὶ.
2253 1341 2435 1411 ἕτεροί
2463 1358 2606 1404 τινες
2638 1340 2972 1411 στρατιῶται
2996 1341 3097 1393 οὐκ
3126 1341 3343 1407 ἀγενεῖς
3374 1342 3543 1410 μαχό-

1966 1445 2120 1499 μενοι
2150 1409 2227 1482 ἐν’
2260 1409 2361 1499 τῷ.
2387 1431 2538 1499 τόπῳ
2570 1409 2766 1499 ἐκείνῳ
2796 1432 2891 1483 καὶ
2924 1432 3078 1482 αὐτοὶ
3114 1409 3545 1498 ἀπεκτάνθησαν

1966 1495 2194 1588 πλησίον
2243 1495 2344 1589 τῆς
2371 1495 2547 1592 πύλη-ς
2589 1522 2683 1575 τοῦ
2714 1495 2873 1589 αγίου
2916 1522 3224 1590 Ῥωμανοῦ.
3261 1524 3398 1575 ὅπου
3425 1495 3545 1591 ⁷τὴν

1967 1612 2207 1665 ὲλέϐολιν
2266 1616 2484 1683 ἐκείνην
2538 1614 2955 1667 κατεσκεύασαν
3010 1616 3107 1665 καὶ
3156 1616 3257 1682 τὴν
3304 1614 3547 1681 μεγάλην

1967 1704 2208 1757 ἑλέϐολιν
2250 1705 2509 1776 ἔστησαν,
2544 1709 2639 1758 καὶ
2686 1709 2754 1760 τὰ
2794 1707 2950 1777 τείχη
2989 1707 3091 1775 τῆς
3135 1707 3344 1767 πόλεως
3375 1705 3548 1773 χαλὰ-

1971 1813 2162 1858 σαντες
2193 1799 2401 1850 ἐκεῖθεν
2432 1801 2487 1851 ἐν
2517 1803 2581 1870 τῇ
2615 1799 2769 1851 πόλει
2807 1798 3029 1869 πρῶτον
3072 1799 3349 1865 εἰσῆλθον.
3403 1795 3548 1863 Ἐγὼ

1972 1886 2029 1938 δὲ
2054 1889 2119 1956 τῇ
2147 1886 2266 1957 ὥρᾳ
2296 1889 2478 1957 ἐκείνῃ
2506 1889 2602 1958 οὐχ
2631 1890 2863 1960 εύρὲθην
2897 1890 3126 1958 πλησίον
3158 1890 3252 1941 τοῦ
3284 1889 3550 1947 αὐθεντός

1978 1996 2078 2048 μου
2104 1978 2197 2032 τοῦ
2239 1980 2526 2049 βασιλέως
2556 1982 2690 2033 ἀλλὰ
2738 1984 3035 2051 προστάξει
3072 1982 3282 2033 ἐκείνου
3318 1984 3399 2042 εἰς
3429 1979 3549 2031 ὲπί-

1976 2076 2171 2141 σκεψιν
2195 2071 2355 2140 δῆθεν
2390 2074 2445 2123 ἐν
2478 2073 2625 2141 ἄλλῳ
2656 2074 2813 2141 μέρει
2841 2073 2938 2140 τῆς
2970 2073 3182 2133 πόλεως
3213 2074 3382 2142 ήμην.

2045 2168 2117 2230 η’.
2146 2162 2465 2216 ’Ἐλθόντων
2496 2163 2551 2215 δὲ
2590 2166 2700 2215 τῶν
2731 2163 2995 2232 Τούρκων
3049 2166 3141 2215 καὶ
3172 2163 3300 2223 τοὺς
3343 2163 3403 2214 ὲν
3441 2164 3554 2214 τοῖς

1976 2254 2178 2306 ἔσωθεν
2222 2253 2430 2322 τείχεσι
2480 2254 2847 2322 Χριστιανοὺς
2880 2254 3020 2323 μετὰ
3066 2254 3430 2305 ὲλεϐολίσκων
3459 2253 3559 2305 καὶ

1980 2343 2153 2412 βελῶν
2226 2345 2321 2397 καὶ
2390 2344 2560 2409 τόξων
2618 2346 2714 2397 καὶ¹
2786 2345 3005 2414 πετρῶν
3058 2345 3559 2411 ἐναποληφθέντας

1978 2434 2224 2499 ἐδίωξαν,
2255 2435 2347 2487 καὶ
2403 2437 2697 2503 ἐγκρατεῖς
2747 2436 2966 2489 πάντων
2996 2437 3271 2503 ἐγένοντο,
3323 2438 3454 2490 ἄνευ
3502 2438 3561 2491 δὲ

1975 2526 2083 2576 τῶν
2121 2524 2349 2593 πύργων
2380 2524 2490 2575 τῶν
2532 2524 2844 2593 λεγομένων
2869 2524 3157 2577 Βασιλείου
3204 2526 3436 2587 Λέοντος
3463 2528 3560 2578 καὶ

1990 2615 2252 2678 Ἀλεξίου,
2281 2617 2338 2668 ἐν
2366 2610 2447 2676 οἷς
2480 2617 2816 2686 ἑστήκεισαν
2842 2618 2888 2669 οί
2923 2617 3119 2669 ναῦται
3153 2619 3348 2670 ἐκεῖνοι
3399 2619 3448 2669 οἱ
3497 2618 3561 2669 ἐκ

1978 2709 2076 2774 τῆς
2109 2706 2332 2774 Κρήτης
2356 2721 2371 2735 °
2422 2706 2575 2758 αὐτοὶ
2607 2706 2717 2775 γὰρ
2742 2706 3027 2773 ργενναίως
3075 2706 3344 2776 ἐμάχοντο
3386 2707 3560 2780 μέχρι

1980 2799 2195 2865 καὶτῆς
2222 2798 2389 2868 ’ἐκτης
2416 2799 2512 2851 καὶ
2541 2798 2778 2868 ἑϐδόμης
2807 2797 2957 2867 ὥρας
2991 2798 3085 2850 καὶ
3124 2799 3355 2860 πολλοὺς
3387 2798 3565 2868 Τούρ-

1981 2906 2112 2951 κους
2151 2889 2522 2954 ἐθανάτωσαν,
2555 2892 2650 2942 καὶ
2701 2891 2957 2943 τοσοῦτον
3012 2890 3217 2959 πλῆθος
3267 2890 3563 2959 βλέποντες

1982 2982 2079 3034 καὶ
2107 2982 2204 3051 τὴν
2225 2983 2380 3036 πόλιν
2410 2981 2821 3050 δεδουλωμένην
2849 2981 3017 3051 288
3049 2983 3255 3047 πᾶσαν,
3284 2983 3439 3036 αύτοὶ
3464 2979 3565 3035 οὒκ

1983 3069 2177 3139 ῆθελον
2227 3071 2581 3141 δουλωθῆναι,
2614 3071 2751 3124 ἀλλὰ
2789 3071 2992 3138 μᾶλλον
3048 3072 3236 3139 ἔλεγον
3263 3072 3565 3127 ἀποθανεῖν

306 3165 458 3235 μέσῳ
487 3166 624 3234 μετά
654 3166 903 3233 κραυγῆς
925 3162 1052 3225 τοὺς
1075 3162 1234 3221 ὅσους
1258 3151 1386 3229 εὗρε
1417 3160 1625 3222 πάντας
1656 3161 1839 3213 διεσκέ
1908 3187 1951 3244 c
1984 3163 2235 3229 κρεῖττον
2272 3163 2303 3232 ἥ
2334 3164 2456 3232 ζῇν.
2490 3163 2734 3232 Ἰόὖρκος
2766 3164 2825 3216 δέ
2867 3180 2953 3226 τις
3001 3164 3082 3234 τῷ
3106 3166 3326 3236 Ἀμηρᾳ
3355 3166 3566 3233 ἀναφοο

300 3259 436 3312 δασε
485 3257 579 3310 καὶ
621 3255 969 3322 διεσκόρπισε
1014 3254 1111 3307 καὶ
1159 3254 1522 3307 ἐθανάτωσεν.
1562 3252 1730 3305 Ἀλλὰ
1779 3255 1876 3305 καὶ

317 3348 570 3416 Ἰωάννης
595 3350 622 3400 6
645 3346 934 3415 Δαλμάτης
963 3346 1080 3396 ἐκεῖ
1105 3344 1295 3414 παρὼν
1330 3345 1473 3413 ὑπὲρ
1503 3345 1684 3398 πάντα
1714 3360 1882 3414 στρα-

314 3525 550 3581 invicem
578 3540 639 3580 se
666 3522 1093 3578 conculcahaut.
1130 3521 1255 3576 llaec
1285 3523 1411 3581 dum
1436 3531 1693 3592 aguntur,
1737 3524 1887 3582 intus

312 3628 370 3676 et
402 3627 561 3672 extra
602 3627 657 3671 et
686 3617 750 3671 ad
782 3624 1002 3686 portmn
1034 3615 1307 3668 clamatur
1339 3631 1354 3667 :
1396 3633 1415 3668 ι
1446 3615 1617 3683 Capta
1645 3624 1730 3671 est
1760 3632 1883 3682 arx,

304 3710 471 3781 signa
510 3720 562 3764 et
589 3709 786 3764 vexilla
833 3708 1069 3763 sublime
1102 3708 1154 3759 in
1202 3706 1451 3761 turribus
1495 3708 1662 3762 elata.
1690 3726 1710 3759 ι
1753 3709 1888 3773 Quas

314 3818 421 3857 vox
447 3809 664 3858 nostros
695 3800 922 3870 fugavit.
962 3800 1147 3853 hostes
1172 3803 1371 3862 erexit,
1408 3799 1506 3867 qui
1537 3814 1736 3868 magno
1770 3800 1886 3854 cla-

315 3910 470 3951 more
499 3905 555 3949 et
590 3894 822 3964 impetu,
869 3892 1021 3947 nullo
1065 3892 1285 3956 timore,
1330 3891 1384 3946 in
1423 3906 1642 3946 murum
1690 3905 1883 3947 ascen-

311 3986 467 4040 dunL

385 4073 513 4129 Haec
540 4089 666 4128 cum
688 4073 837 4128 videt
856 4073 1023 4128 miser
1055 4072 1374 4142 imperator,
1406 4072 1673 4129 dominus
1703 4088 1884 4138 meus,

312 4180 440 4221 cum
475 4163 725 4233 lacrymis
751 4161 922 4218 Deum
960 4172 1236 4231 precatur,
1269 4174 1324 4218 et
1347 4164 1577 4229 milites,
1614 4173 1673 4218 ut
1721 4180 1887 4234 gene-

317 4271 441 4312 rose
469 4263 730 4324 pugnent,
761 4254 1019 4323 impellit:
1045 4261 1102 4307 at
1131 4253 1278 4308 nulla
1303 4254 1419 4321 jam
1451 4255 1573 4323 opis
1598 4261 1653 4308 et
1694 4255 1883 4308 auxilii

315 4363 443 4416 spes
481 4355 619 4401 erat.
647 4346 830 4411 Itaque
860 4346 977 4414 ipse
1002 4360 1147 4414 equo
1181 4346 1455 4400 concitato
1500 4332 1744 4407 advolat,
1776 4361 1884 4414 qua

317 4440 562 4495 irruebat
595 4439 835 4495 hostium
872 4437 1058 4499 turba,
1091 4445 1145 4490 et
1166 4437 1625 4505 quemadmodum
1656 4435 1889 4505 Sampso

1989 3254 2088 3324 ρὰν
2117 3256 2351 3323 ποιήσας
2398 3255 2530 3323 περὶ
2558 3257 2658 3323 τῆς
2692 3254 2899 3306 τούτων
2933 3255 3182 3324 ἀνδρίας,
3218 3257 3567 3325 προσέταξεν

1989 3346 2074 3399 ἵνα
2105 3346 2407 3399 κατέλθωσι
2445 3345 2585 3414 μετὰ
2615 3343 2947 3414 συμϐάσεως
2976 3349 3073 3400 καὶ
3108 3340 3243 3400 ὦσιν
3280 3346 3564 3420 ἐλεύθεροι

1989 3526 2216 3592 reliquis
2234 3526 2500 3580 militibus
2545 3539 2814 3594 generose
2846 3524 3111 3581 adversus
3147 3526 3334 3581 hostes
3383 3530 3572 3581 decer-

1990 3618 2158 3671 tavit:
2196 3624 2275 3679 ut,
2320 3617 2413 3684 qui
2464 3618 2690 3670 aderant
2730 3626 2785 3668 et
2809 3616 3089 3679 videbant,
3137 3616 3566 3672 fortissimorum

1989 3709 2231 3761 virorum
2268 3707 2524 3761 virtutem
2560 3716 2613 3760 et
2635 3707 2925 3760 audaciam
2978 3708 3336 3762 mirarentur.
3382 3707 3570 3780 Itaque

1990 3800 2075 3853 his
2104 3810 2156 3854 et
2182 3810 2263 3853 ter
2296 3799 2656 3867 impressione
2691 3810 2746 3853 et
2781 3814 2963 3869 pugna
3000 3799 3166 3862 facta,
3228 3802 3428 3870 impios
3476 3817 3574 3856 ve-

1991 3890 2272 3943 hementer
2322 3888 2602 3957 fugarunt,
2652 3890 2856 3944 multos
2904 3890 3251 3953 occiderunt,
3313 3892 3453 3946 alios
3505 3895 3572 3947 de

1991 3982 2162 4035 muris
2187 3981 2531 4050 depulerunt,
2565 3989 2728 4049 atque
2773 3981 3156 4036 occubuerunt
3187 3984 3409 4037 tandem
3442 3998 3574 4038 con-

1993 4081 2197 4128 stanter
2223 4082 2277 4127 et
2302 4080 2528 4128 strenue
2585 4080 2897 4142 pugnantes
2927 4082 2979 4125 et
3013 4088 3209 4141 magna
3260 4076 3413 4143 prius
3467 4076 3573 4129 bod

1997 4166 2163 4219 stium
2202 4174 2385 4234 strage
2408 4165 2555 4219 data.
2585 4165 2715 4219 Item
2758 4165 2851 4223 alii
2904 4165 3049 4218 haud
3094 4166 3337 4220 imbelles
3371 4168 3573 4222 milites

1993 4259 2182 4312 eodem
2211 4257 2335 4312 loco
2362 4259 2688 4314 dimicantes
2742 4260 3097 4324 ceciderunt,
3152 4274 3325 4328 prope
3356 4269 3572 4329 portam

1993 4350 2164 4404 sancti
2201 4348 2458 4413 Romani,
2511 4351 2602 4404 ubi
2657 4351 2957 4419 helepolim
2990 4351 3138 4404 illam
3176 4350 3372 4405 Turcm
3424 4349 3572 4404 feceo

1994 4448 2117 4493 rant
2180 4448 2236 4494 et
2290 4456 2546 4507 magnam
2608 4440 2897 4509 helepolim
2960 4441 3406 4495 constituerant:
3462 4456 3574 4509 qua

312 4535 504 4589 hostes
532 4530 847 4602 prostravit,
884 4530 956 4584 ita
986 4528 1186 4597 impios
1223 4529 1397 4596 primo
1428 4529 1634 4596 impetu
1663 4540 1695 4583 e
1755 4542 1891 4583 mm-
1925 4553 1967 4607 ο
1992 4532 2227 4598 primum
2267 4532 2449 4586 diruto
2483 4547 2661 4595 muro,
2696 4533 2750 4585 in
2798 4532 2990 4586 urbem
3047 4537 3429 4601 penetrarunt.
3465 4530 3576 4600 Ego

318 4627 478 4681 nibus
503 4626 776 4687 deturbat,
801 4630 860 4675 ttt
889 4621 983 4689 qui
1009 4621 1239 4674 aderant
1270 4627 1322 4672 et
1364 4619 1645 4682 videbant,
1683 4620 1885 4673 mirum

316 4726 603 4771 cernerent
626 4712 1020 4782 spectaeulum.
1060 4709 1280 4764 Leonis
1314 4709 1488 4762 instar
1538 4708 1804 4772 fremens,
1836 4719 1893 4764 et

321 4812 510 4861 dextra
564 4803 805 4873 gladium
863 4802 1112 4856 strictum
1170 4809 1386 4861 tenens,
1443 4800 1645 4854 multos
1703 4802 1891 4854 hostes

323 4897 638 4959 trucidavit,
679 4910 743 4950 ac
768 4893 996 4962 sanguis
1031 4892 1084 4944 in
1126 4891 1348 4945 modum
1390 4889 1637 4944 llurninis
1675 4906 1706 4942 e
1747 4892 1894 4957 ροιιί-

322 4992 426 5041 hus
457 4999 509 5041 et
539 4985 795 5039 manibus
817 4982 936 5051 ejus
966 4980 1291 5050 proﬂuebat.
1346 4980 1612 5033 Dominus
1667 4977 1896 5032 Franci-

323 5092 450 5133 scus
477 5085 689 5139 autem,
720 5073 976 5135 Toledus,
1008 5085 1170 5139 quem
1193 5085 1358 5138 supra
1379 5069 1678 5134 nominavi,
1712 5069 1890 5138 ipsum

321 5168 605 5238 superavit
630 5166 925 5235 Achillem,
956 5163 1022 5217 ad
1067 5163 1313 5215 dextram
1350 5160 1698 5229 imperatoris
1734 5159 1894 5212 dimi-

320 5273 457 5313 cans
482 5266 536 5310 et
566 5257 760 5324 aquilae
800 5254 972 5306 instar
1003 5250 1280 5319 unguibus
1311 5258 1365 5304 et
1398 5264 1495 5303 ore
1547 5249 1731 5303 hostes
1757 5261 1895 5302 con-

322 5351 532 5404 cidens.
564 5346 830 5402 Similiter
857 5343 1197 5410 Theophilus
1231 5341 1587 5408 Palzeologus,
1619 5351 1678 5393 ut
1727 5340 1901 5409 impe-

326 5448 565 5495 ratorem
594 5439 966 5492 decertantem
996 5443 1051 5488 et
1079 5435 1266 5487 urbem
1299 5434 1702 5501 periclitantem
1737 5431 1897 5495 vidit,

326 5546 520 5600 magna
552 5544 685 5584 voce
716 5538 774 5583 et
823 5520 1135 5596 laeryman‘s
1171 5524 1469 5579 clamavit:
1504 5541 1524 5575 ι
1567 5523 1698 5578 Mori
1732 5539 1897 5592 quam

323 5607 511 5675 vivere
545 5619 709 5681 malo,
753 5635 772 5668 ι
813 5626 867 5670 et
893 5617 1095 5684 impetu
1141 5615 1285 5669 facto
1344 5614 1398 5666 in
1435 5614 1640 5667 medios
1693 5614 1900 5677 hostes,

329 5716 596 5779 quotquot
648 5708 877 5770 invenit,
932 5705 1167 5777 disjecit,
1201 5704 1511 5773 dissipavit,
1563 5704 1784 5758 occidit.
1834 5706 1905 5759 At

330 5802 474 5858 enim
504 5798 744 5855 Joannes
787 5797 1033 5853 Dalmata
1068 5808 1313 5868 quoque,
1365 5794 1438 5850 ibi
1472 5809 1735 5864 praesens,
1790 5809 1901 5865 prae

1993 4619 2087 4672 illo
2117 4629 2363 4688 tempore
2388 4636 2496 4674 non
2529 4622 2789 4676 versabar
2824 4621 2970 4676 circa
3034 4622 3443 4687 imperatorem,
3475 4621 3575 4674 do-

1996 4709 2206 4763 minum
2237 4725 2442 4776 meum,
2471 4712 2565 4766 sed
2585 4712 2745 4781 jussu
2776 4711 2897 4779 ejus
2927 4713 2991 4766 ad
3026 4713 3361 4766 lustrandam
3411 4713 3574 4768 aliam

1996 4809 2204 4868 partem
2248 4800 2398 4854 urbis
2430 4801 2819 4859 discesseram.

2066 4890 2119 4944 8.
2151 4889 2341 4943 Turcte
2368 4893 2558 4943 urbem
2596 4888 2829 4958 ingressi
2863 4887 3213 4943 Christianos
3248 4888 3387 4941 intra
3435 4888 3578 4942 inte-

1998 4983 2200 5034 riorem
2243 4996 2459 5060 murum
2494 4981 2737 5050 reliquos
2770 4978 3138 5042 heleboliscis,
3172 4979 3579 5049 jaculis,sagit—

2000 5072 2088 5135 tis,
2121 5073 2270 5126 saxis
2301 5072 2591 5139 persecuti,
2627 5081 2681 5123 et
2717 5071 2936 5124 cunctis
2986 5069 3141 5137 potiti
3174 5079 3325 5132 sunt,
3384 5082 3580 5137 praeter

1999 5178 2093 5216 eos
2124 5163 2216 5230 qui
2243 5164 2297 5215 in
2333 5162 2577 5216 turribus
2609 5160 2796 5216 Basilii
2827 5160 3028 5215 Leonis
3053 5169 3105 5214 et
3153 5160 3329 5214 Alexii
3354 5177 3476 5230 quae
3499 5163 3584 5216 di-

2000 5254 2272 5306 cebantur
2325 5254 2841 5314 constituti‘eraut,
2891 5259 3088 5307 nautas
3145 5254 3455 5307 Cretenses.
3513 5253 3580 5309 lli

2001 5346 2146 5399 enim
2186 5344 2255 5398 ad
2290 5352 2498 5399 sextam
2527 5354 2581 5398 et
2616 5345 2904 5413 septimam
2946 5344 3134 5396 horam
3191 5355 3421 5400 strenue
3476 5361 3582 5417 pu-

2002 5432 2240 5500 gnabant
2270 5441 2323 5487 et
2350 5433 2550 5488 multos
2595 5432 2806 5487 Turcas
2867 5433 3289 5497 interticiebant,
3344 5450 3579 5503 cumque
3633 5467 3648 5480 ς

2003 5528 2205 5575 tantam
2263 5522 2501 5577 hostium
2570 5524 2978 5589 multitudinem
3043 5530 3098 5577 et
3144 5534 3316 5578 totam
3379 5526 3575 5580 urbem

2003 5612 2287 5667 subactam
2316 5614 2592 5680 viderent,
2651 5616 2954 5670 noluerunt
3002 5624 3183 5669 tamen
3219 5615 3322 5684 ipsi
3376 5616 3584 5684 subigi,

2004 5703 2098 5759 sed
2132 5714 2361 5758 mortem
2390 5705 2499 5759 vita
2532 5722 2656 5762 esse
2680 5707 3144 5776 praestabiliorem
3166 5706 3478 5761 ducebant.
3509 5705 3583 5759 De

2005 5811 2239 5864 quorum
2271 5797 2473 5854 virtute
2506 5814 2632 5877 cum
2665 5798 2843 5855 Turca
2879 5799 3082 5857 aliuuis
3112 5799 3323 5855 Amerze
3376 5811 3585 5852 renuu-
