3976 6586
506 385 613 450 8“’9
1739 381 2064 445 GEORGII

2108 385 2537 450 PHRANTZAZ
2842 330 2852 344 ’
2903 347 2914 355 ’
2977 351 2988 354 ’
3629 393 3712 462 330

501 499 659 554 αὐτοί
688 514 746 552 τε
775 498 872 552 καὶ
897 497 930 567 ἡ
960 497 1089 562 ναῦς
1114 497 1294 551 αὐτῶν
1320 496 1418 550 καὶ
1447 499 1597 550 πᾶσα
1625 498 1657 568 ἡ
1690 497 1970 567 ἀποσκευὴ
2001 497 2068 567 ἢν
2097 508 2141 560 Α
2171 505 2616 576 τιμαλφῆδοχεϊα
2647 502 2836 558 τούτου
2865 504 3211 574 ἁρπάζοντες
3237 505 3308 558 τά
3337 505 3436 574 μὲν
3450 505 3709 579 saepem,

501 590 668 664 εἶχον.
701 593 809 646 Καὶ
865 591 1042 654 οὕτως
1091 591 1403 659 γενομένων
1460 589 1626 644 πάλιν
1680 588 1837 659 μόλις
1871 591 1935 641 ὲκ
1979 589 2074 642 τοῦ

501 685 715 756 πύργου
742 685 970 747 τούτους
1016 684 1240 735 ἔπεισαν
1280 681 1558 736 ἀπελθεῖν.
1590 683 1700 735 Kal.
1727 682 1823 735 δύο
1855 682 1954 751 μὲν
1981 683 2078 734 αὺ-

497 779 752 847 τάδελφοι
793 777 1008 840 Ἰταλοὶ,
1037 774 1250 838 Παῦλος
1305 775 1403 827 καὶ
1443 773 1689 844 Τρωΐλος
1715 774 1982 843 τοῦνομα,
2015 775 2076 826 ὲν

497 869 578 940 τῷ
625 868 1039 938 διατεταγμένῳ
1085 867 1272 930 αὐτοῖς
1320 867 1474 935 τόπῳ
1530 867 1670 936 μετά
1714 866 1812 919 καὶ
1865 866 2075 934 ἑτέρων

499 960 714 1014 πολλῶν
767 957 1034 1026 γενναίως
1098 959 1371 1026 ἐμάχοντο
1437 957 1530 1010 καὶ
1589 957 1718 1020 τοὺς
1775 955 2074 1023 πολεμίους

497 1053 686 1115 κακῶς
733 1052 1070 1120 ἀπεδίωχνον
1097 1050 1193 1104 καὶ
1237 1051 1338 1104 οὐκ
1382 1051 1584 1120 ἀγεννῆ
1619 1049 1945 1117 συμπλοκὴν
1974 1049 2072 1100 καὶ

497 1145 757 1218 σύρραξιν
807 1144 1051 1209 ἐποίουν,
1079 1144 1173 1196 καὶ
1217 1144 1376 1212 φόνος
1430 1138 1498 1214 ἦν
1542 1141 1882 1212 ἁναμεταξῦ,
1926 1139 2072 1206 λέγω

491 1238 604 1290 τῶν
630 1235 724 1289 δύο
750 1235 933 1305 μερῶν
959 1233 1070 1286 τῶν
1096 1238 1426 1302 μαχομένων
1451 1233 1544 1284 καὶ
1571 1229 2068 1301 ὑπερμαχοῦντων.

491 1328 764 1398 Στραφεὶς
805 1327 860 1380 δὲ
915 1327 943 1377 ό
982 1325 1195 1389 Παῦλος
1247 1328 1342 1378 καὶ
1391 1326 1532 1392 ὁρῶν
1587 1325 1714 1386 τοὺς
1778 1322 2069 1390 πολεμίους

489 1421 696 1474 ἔσωθεν
729 1421 826 1489 τῆς
870 1419 1084 1480 πόλεως
1125 1417 1275 1484 λέγει
1321 1417 1398 1484 τῷ
1447 1416 1662 1484 ἀδελφῷ
1703 1415 1868 1468 αὑτοῦ
1895 1431 1908 1445 ο
1945 1432 1962 1464 ι
2005 1414 2068 1465 Ὢ

490 1513 704 1582 φρίξον,
731 1511 884 1581 illis!
921 1511 966 1564 ὣ
999 1511 1280 1576 στέναξον,
1313 1511 1426 1579 γῆε
1463 1510 1605 1563 ἑάλω
1635 1512 1668 1579 ἡ
1705 1509 1885 1572 πόλις,
1917 1507 2067 1576 ἡμᾶς

484 1607 543 1664 δὲ
574 1604 671 1657 τοῦ
731 1603 992 1671 πολεμεῖν
1039 1603 1320 1670 παρῆλθεν
1352 1604 1383 1670 ἡ
1421 1601 1563 1670 ὥρα.
1600 1601 1742 1654 Ἀλλ’
1777 1601 1917 1669 ὑπὲρ
1964 1599 2066 1666 τῆς

481 1698 766 1766 σωτηρίας
795 1696 972 1764 ἡμῶν,
1004 1695 1054 1746 εί
1081 1694 1329 1756 δυνατὸν,
1358 1694 1764 1762 φροντίσωμεν.
1807 1712 1826 1743 ι

560 1788 672 1839 Καὶ
728 1784 900 1844 οὕτως
957 1785 1249 1851 ἐγκρατεῖς
1304 1781 1356 1833 οἱ
1413 1781 1665 1848 πολέμιοι
1725 1781 1912 1848 πάσης
1964 1779 2066 1847 τῆς

488 1881 698 1939 πόλεως
748 1874 1038 1942 γεγονότες
1077 1874 1264 1942 ἡμέρᾳ.
1309 1873 1493 1943 τρίτῃ,
1521 1872 1641 1941 ὥρα
1687 1867 1756 1942 ἦν
1785 1871 1889 1939 τῆς
1930 1870 2068 1940 ἡμέ-

489 1987 590 2042 ρας
627 1970 672 2039 β’
711 1969 800 2021 καὶ
846 1968 1042 2037 ἥμισυ,
1080 1965 1174 2017 τοῦ
1223 1963 1406 2030 ,ςξλεξαθ
1461 1963 1637 2027 έτους,
1673 1965 1740 2033 τῇ
1774 1962 1860 2015 κθ⁹
1895 1963 2067 2032 μηνὸς

484 2065 690 2118 Μαΐου.
724 2059 837 2113 Καὶ
888 2059 997 2111 τῶν
1049 2057 1149 2126 μὲν
1195 2056 1657 2125 προσπιπτόντων
1711 2051 1780 2125 ἦν
1838 2055 2064 2126 ἁρπαγὴ

484 2158 578 2209 καὶ
622 2149 1005 2221 αἰχμαλωσία,
1058 2148 1170 2199 τῶν
1218 2145 1275 2199 δὲ
1336 2145 1919 2216 καταλαμϐανομένων
1948 2147 2066 2198 ,καὶ

481 2241 892 2309 ἀνθισταμένων
947 2237 1131 2305 σφαγή
1161 2249 1176 2266 ⁶
1227 2236 1321 2288 καὶ
1368 2236 1622 2304 οὐδαμῶς
1666 2237 1701 2306 ἡ
1752 2237 1822 2306 γῆ
1863 2236 1919 2289 ἐν
1951 2253 2064 2288 τισι

481 2335 668 2396 τόποις
725 2325 812 2383 ὲκ’
851 2329 961 2382 τῶν
1005 2327 1219 2399 νεκρῶν
1282 2327 1758 2396 διεφαίνετο.Καὶ
1812 2323 1881 2396 ἦν
1933 2327 2064 2380 ίδεῖν

480 2427 667 2495 θέαμα
694 2422 844 2487 ξένον
875 2421 970 2474 καὶ
1006 2419 1243 2489 θρήνους
1277 2417 1506 2479 πολλοὺς
1533 2419 1628 2470 καὶ
1658 2419 1936 2481 ποικίλους
1967 2417 2063 2471 καὶ

483 2515 832 2586 ἀμετρήτως
887 2510 1393 2579 ἀνδραποδισμοὺς.
1432 2509 1599 2579 289
1654 2509 1766 2562 τῶν
1819 2508 2062 2575 εὐγενῶν

483 2609 769 2680 ἀρχουσῶν
801 2605 896 2660 καὶ
925 2602 1215 2672 παρθένων
1261 2604 1359 2654 καὶ
1401 2601 1807 2671 ἀφιερωμένων
1833 2599 1910 2669 τῷ
1941 2598 2061 2667 Θεῷ

480 2699 798 2770 συρομένων
827 2696 933 2749 ὑπὸ
977 2695 1088 2747 τῶν
1121 2693 1383 2762 Τούρκων
1413 2692 1502 2745 διά
1551 2691 1662 2744 τῶν
1702 2691 1934 2761 ὲθειρῶν
1967 2691 2060 2742 καὶ

481 2790 670 2860 κομῶν
697 2787 791 2840 καὶ
830 2784 1129 2851 πλοκάμων
1172 2781 1274 2848 τῆς
1302 2781 1548 2848 κεφαλῆς
1581 2779 1784 2846 ἔξωθεν
1811 2781 1922 2832 τῶν
1961 2782 2056 2832 ικ-

477 2877 723 2949 κλησιῶν
783 2876 921 2944 μετά
977 2872 1234 2941 ὀδυρμῶν
1288 2869 1556 2938 ἀνηλεῶς,
1610 2869 1712 2938 τὴν
1775 2867 1905 2939 βοὴν
1963 2868 2060 2920 καὶ

477 2967 762 3038 κλαυθμὸν
792 2966 903 3018 τῶν
933 2965 1142 3017 παίδων
1162 3004 1177 3028 ,
1206 2962 1334 3024 τοὺς
1379 2962 1560 3030 ίεροὺς
1613 2961 1710 3014 καὶ
1743 2961 1932 3027 ἁγίους
1977 2959 2059 3011 ol-

481 3079 612 3126 κους
643 3057 1129 3130 λεηλατισμένους,
1159 3054 1221 3107 τὸ
1261 3054 1536 3123 φρικῶδες
1579 3053 1674 3106 καὶ
1718 3051 2058 3120 ἀκονόμενον

2182 596 2250 648 τὰ
2277 596 2332 648 δὲ
2366 597 2482 650 σῶα
2510 595 3052 659 ὲνεκολπίζοντο,καὶ
3083 597 3216 660 τοὺς
3247 599 3712 669 ὲγκεκοσμημένους

2179 687 2422 756 κόσμους
2481 687 2687 757 ὁμοίως
2739 686 2988 753 ἐποίουν,
3052 688 3150 739 καὶ
3207 687 3309 750 τὰς
3355 687 3510 754 ἁγίας
3538 690 3714 754 εἰκόνας

2179 779 2318 848 μετά
2345 777 2548 847 χρυσοῦ
2574 779 2668 832 καὶ
2696 779 2944 847 ἀργύρου
2977 781 3072 832 καὶ
3100 778 3278 830 λίθων
3308 777 3604 849 πολυτίμων
3631 798 3710 835 κα-

2175 871 2469 932 τεπάτουν,
2510 873 2601 923 καὶ
2655 871 2781 932 τοὺς
2825 871 3066 938 κόσμους
3110 870 3377 938 αἴροντες
3428 870 3599 933 κλίνας
3642 876 3714 925 καὶ

2174 961 2455 1032 τραπέζας
2490 962 2730 1022 ἐποίουν,
2762 962 2858 1014 καὶ
2896 963 3037 1029 μετά
3073 961 3187 1013 τῶν
3220 958 3512 1029 ίερατικῶν
3550 963 3715 1015 στολῶν

2175 1056 2279 1106 καὶ
2305 1053 2621 1122 ἐνδυμάτων
2654 1053 2765 1105 τῶν
2797 1053 2870 1104 ὲκρ
2903 1051 3150 1120 σηρικῶν
3189 1051 3288 1103 καὶ
3332 1053 3716 1118 χρυσοῦφάντων

2173 1148 2344 1200 ὄντων
2374 1146 2504 1208 τοὺς
2530 1147 2738 1206 ἵππους
2787 1145 3115 1207 ἐσκέπαζον,
3140 1145 3240 1197 καὶ
3285 1144 3433 1197 ἄλλοι
3461 1143 3542 1196 ἐπ’
3566 1145 3715 1208 αὐτοῖς

2173 1236 2387 1306 ἤσθιον,
2420 1237 2516 1288 καὶ
2562 1237 2688 1297 τοὺς
2721 1235 3056 1305 πολυτίμους
3089 1234 3426 1304 μαργάρους
3460 1234 3558 1288 τῶν
3580 1235 3712 1301 ἀγίωι

2173 1328 2479 1398 κειμηλίων
2524 1326 2917 1396 ἀναρπάστους
2967 1326 3213 1392 ἐποίουν,
3251 1326 3320 1378 τὰ
3366 1324 3494 1392 ἅγια
3529 1324 3716 1394 λείψανα

2170 1418 2644 1481 καταπατοῦντες.
2676 1419 2782 1471 Καὶ
2811 1418 2976 1488 ἔτερα
3009 1418 3498 1486 ἀνοσιουργήματα
3525 1417 3713 1470 πλείστα

2169 1510 2391 1563 ἐποίουν
2423 1510 2550 1575 ἄξια
2589 1509 2790 1580 θρήνου
2827 1511 2875 1562 oi
2907 1510 2998 1562 τοῦ
3032 1511 3396 1580 ἀντιχρίστου
3433 1510 3708 1580 πρόδρομοι.

2171 1605 2235 1656 ’Ὦ
2272 1603 2384 1656 τῶν
2423 1602 2605 1670 σοφῶν
2659 1619 2754 1656 σου
2806 1603 3118 1671 χριμάτων,
3155 1603 3370 1672 Χριστὲ
3407 1601 3630 1671 βασιλεῦ,
3656 1603 3712 1662 ὡς

2168 1678 2549 1764 ἀνερμήνευτα
2599 1697 2692 1746 καὶ
2751 1694 3145 1762 ἀνεξιχνίαστά
3177 1695 3334 1746 alat!
3375 1693 3482 1746 Kal
3526 1688 3587 1763 ἦν
3613 1693 3713 1744 Ιδετν

2169 1789 2260 1839 τδν
2308 1785 2696 1854 παμμέγιστον
2751 1788 2960 1840 ἐκεῖνον
3004 1788 3134 1839 ναὸν
3185 1787 3287 1839 καὶ
3340 1785 3601 1838 θειότατον
3639 1785 3714 1850 τῆς

2170 1875 2264 1929 τοῦ
2324 1876 2462 1928 Θεοῦ
2525 1875 2735 1944 σοφίας,
2771 1875 2862 1928 τὸν
2913 1877 3145 1946 οὐρανὸν
3205 1877 3304 1930 τὸν
3357 1876 3606 1944 ἐπίγειον,
3642 1875 3712 1928 τὸν

2171 1966 2360 2034 θρόνον
2409 1965 2508 2034 τῆς
2542 1964 2700 2033 δόξης
2739 1966 2833 2018 τοῦ
2865 1966 3028 2029 Θεοῦ,
3057 1967 3122 2019 τὸ
3175 1967 3520 2036 Χερουόικὸν
3563 1967 3709 2034 δχημα

2168 2059 2260 2110 καὶ
2305 2059 2598 2127 στερέωμα
2641 2056 2920 2126 δεύτερον,
2951 2057 3050 2127 τὴν
3094 2043 3236 2110 Θεοῦ
3283 2058 3485 2126 χειρῶν
3511 2057 3706 2122 ποίησιν,

2167 2147 2229 2199 τὸ
2257 2146 2432 2216 θέαμα
2476 2147 2572 2198 καὶ
2599 2145 2763 2216 ἔργον
2795 2147 2966 2212 ἀξιον,
2997 2149 3059 2200 τὸ
3099 2148 3292 2218 πάσης
3323 2148 3424 2216 τῆς
3453 2147 3547 2215 γῆς
3572 2146 3709 2214 ἀγαλ-

2168 2238 2359 2306 λίαμα,
2403 2238 2497 2291 τὸν
2539 2237 2740 2308 ὡραῖον
2775 2239 2938 2308 29o
2973 2239 3070 2291 καὶ
3103 2238 3333 2307 ὡραίων
3384 2237 3706 2308 ὡραιότερον⁶

2167 2322 2227 2383 οὗ
2258 2327 2464 2382 ἔσωθεν
2494 2327 2605 2382 τῶν
2651 2329 2866 2383 ἀδύτων
2921 2331 3016 2384 καὶ
3046 2331 3268 2384 ἀνωθεν
3299 2330 3412 2384 τῶν
3456 2329 3705 2394 θυσιαστη-

2167 2421 2300 2492 ρίων
2354 2421 2452 2476 καὶ
2506 2422 2798 2490 τραπεζῶν
2852 2423 3043 2494 ἤσθιον
3096 2424 3194 2476 καὶ
3247 2424 3457 2484 ἔπινον.
3508 2420 3592 2474 καὶ
3631 2417 3707 2479 τὰς

2165 2514 2417 2583 ἀσελγεῖς
2447 2514 2674 2584 γνώμας
2707 2516 2802 2568 καὶ
2833 2515 3043 2585 ὀρέξεις
3073 2516 3264 2569 αὐτῶν
3305 2515 3443 2584 μετά
3470 2510 3702 2580 γυναικῶν

2164 2606 2260 2658 καὶ
2306 2605 2596 2674 παρθένων
2641 2606 2742 2667 καὶ
2791 2605 2999 2658 παίδων
3059 2606 3352 2660 ὲπάνωθεν
3403 2605 3600 2656 ἐποίουν
3634 2599 3704 2652 καὶ

2163 2697 2457 2765 ἔπραττον.
2489 2695 2588 2758 Τίς
2622 2695 2698 2764 μὴ
2731 2695 2984 2767 θρηνήσῃ
3035 2713 3113 2758 σε,
3142 2698 3273 2766 ἅγιε
3308 2698 3400 2750 ναέ
3425 2713 3439 2760 ;
3469 2697 3555 2748 καὶ
3595 2711 3700 2746 παν-

2161 2788 2329 2860 ταχοῦ
2362 2790 2472 2842 πᾶν
2525 2787 2696 2840 κακὸν
2719 2781 2810 2857 ἦν,
2843 2788 2940 2838 καὶ
2989 2789 3140 2840 πᾶσα
3186 2787 3406 2857 κεφαλὴ
3452 2788 3605 2856 ηλγει.
3633 2782 3702 2835 ἐν

2162 2881 2331 2942 οἴκοις
2363 2877 2555 2949 θρῆνοι
2589 2876 2688 2930 καλ⁸
2730 2874 3024 2945 κλαυθμοὶ,
3056 2877 3114 2928 ἐν
3141 2876 3385 2943 τριόδοις
3412 2873 3629 2942 ὀδυρμοῖ,
3656 2871 3699 2920 iv

2162 2976 2311 3037 ναοῖς
2340 2973 2666 3043 ὀλοφυρμοὶ,
2701 2971 2920 3041 ἀνδρῶν
2949 2969 3238 3040 ῗοίμωγαὶ,
3271 2966 3535 3036 γυναικῶν
3555 2961 3698 3014 ὀλολυ-

2161 3064 2257 3133 γα)⁸
2313 3064 2580 3133 ὲλκυσμοὶ
2635 3061 3075 3132 ἀνδραποδισμοί
3132 3056 3477 3126 διασπασμοί
3523 3069 3572 3106 τε
3625 3051 3694 3101 καὶ

478 3155 566 3216 τίς
604 3152 964 3219 διηγήσεταις
997 3143 1109 3198 Ἦν
1157 3147 1288 3214 δρᾷν
1328 3144 1390 3196 τδ
1435 3145 1580 3196 θεῖον
1607 3138 1744 3212 αἷμα
1769 3143 1863 3196 καὶ
1895 3141 2058 3207 σῶμα
2083 3162 2128 3224 ρ
2164 3153 2411 3223 βιασμοί.
2437 3154 2501 3207 Oi
2539 3153 2734 3221 σεμνοὶ
2785 3151 2865 3222 τῷ
2916 3151 3065 3217 γένει
3113 3150 3336 3219 ἀτίμως
3381 3140 3692 3214 περιῆσαν.οῑ

480 3242 721 3315 Χριστοῦ
751 3239 894 3295 κατὰ
925 3237 1032 3306 γῆς
1057 3237 1319 3308 χεόμενον
1358 3236 1454 3288 καὶ
1479 3235 1830 3304 ῥιπτόμενον,
1863 3234 1959 3286 καὶ
1989 3232 2058 3284 τά

482 3425 695 3486 tiasset,
725 3420 896 3476 edixit
925 3420 992 3480 is,
1023 3425 1085 3472 ut
1109 3431 1177 3471 ex
1219 3422 1382 3484 pacto
1411 3409 1806 3468 descenderent
1839 3422 1892 3466 et
1932 3427 2056 3465 cum

483 3515 610 3572 navi
643 3523 697 3569 et
730 3511 879 3566 omni
917 3506 1256 3578 supellectile
1304 3519 1403 3560 sua
1435 3504 1592 3560 liberi
1637 3512 1837 3560 essent.
1876 3503 1946 3558 At
1978 3504 2059 3557 sic

489 3619 707 3675 quoque
738 3617 877 3672 aegre
908 3602 973 3655 iis
1006 3605 1419 3668 persuaserunt,
1458 3605 1516 3650 ut
1542 3593 1909 3650 discederent.
1941 3592 2058 3646 Duo

487 3699 686 3750 fratres
715 3693 861 3758 Itali,
885 3691 1090 3745 Paulus
1119 3696 1171 3742 et
1197 3685 1418 3742 'l‘r'oilus
1451 3684 1792 3748 nominibus,
1845 3684 1902 3737 in
1937 3683 2058 3736 loco

481 3787 583 3840 sibi
621 3782 921 3839 commisso
947 3795 1073 3834 cum
1100 3778 1222 3833 aliis
1246 3777 1432 3832 multis
1479 3791 1741 3848 generose
1775 3774 2061 3828 decertan-

480 3890 588 3946 tes,
619 3879 803 3932 hostes
839 3873 1043 3928 acriter
1093 3871 1431 3942 repellebant
1458 3878 1514 3924 et
1551 3869 1694 3922 haud
1750 3867 1854 3921 levi
1891 3865 2060 3919 dimi-

481 3973 685 4026 cshant
751 3966 970 4038 prmlio,
1011 3973 1065 4018 et
1112 3974 1496 4032 utrorumque,
1551 3971 1664 4016 tum
1697 3957 2056 4029 pugnantium

482 4073 596 4118 tum
652 4059 1075 4122 defensantium,
1129 4055 1306 4110 caedes
1358 4053 1681 4110 edebantur.
1738 4049 2057 4118 Respiciens

481 4166 660 4209 autem
695 4152 896 4205 Paulus
933 4150 1227 4216 hostesque
1257 4147 1402 4200 intra
1449 4145 1641 4199 urbem
1679 4141 2056 4209 conspicatus,

483 4248 549 4299 ad
584 4247 813 4297 fratrem
845 4253 1184 4295 conversus:
1226 4255 1244 4288 ι
1277 4236 1320 4290 Ο
1349 4235 1455 4297 sol,
1492 4235 1772 4296 horresce,
1801 4231 1998 4299 inquit,
2024 4245 2059 4282 ο

480 4335 661 4392 tellus,
693 4329 1036 4400 ingemiscat
1099 4337 1258 4395 capta
1317 4326 1456 4380 urbs
1515 4334 1619 4393 est,
1671 4331 1724 4376 et
1776 4319 2053 4391 pugnandi

479 4437 693 4492 tempus
721 4423 832 4491 jam
869 4419 1148 4488 praeteriit.
1182 4419 1433 4470 Attamen
1460 4417 1525 4468 de
1555 4415 1730 4468 salute
1759 4423 1972 4475 nostra,
2007 4410 2051 4464 si

478 4532 582 4585 qua
611 4529 734 4582 spes
753 4521 856 4573 est,
884 4508 1208 4578 cogitemus.
1243 4527 1262 4558 ι

551 4604 624 4656 Ita
656 4605 839 4657 hostes
870 4610 978 4654 tota
1016 4602 1152 4654 urbe
1195 4599 1352 4668 potiti
1411 4606 1538 4653 sunt
1564 4598 1651 4652 die
1704 4597 1885 4661 tertio,
1918 4597 2050 4649 hora

483 4699 722 4753 secunda
755 4705 808 4748 et
838 4693 1081 4754 dimidia,
1109 4706 1253 4745 anno
1282 4689 1442 4752 696i,
1476 4688 1681 4744 mensis
1701 4687 1821 4743 Maii
1847 4688 1931 4741 die
1955 4687 2048 4740 29.

478 4792 581 4856 Qui
613 4791 904 4847 iri-nerant,
941 4784 1225 4850 rapiebant
1252 4791 1309 4836 et
1345 4782 1596 4852 captivus
1631 4780 1924 4841 faciebant,
1955 4775 2051 4846 qui

478 4882 838 4951 capiebantur
890 4886 943 4930 et
999 4875 1349 4936 resistebant,
1421 4873 1826 4935 mactabantur,
1886 4880 2049 4937 atque

478 4971 755 5026 nonnullis
794 4971 843 5020 in
878 4967 1014 5021 locis
1050 4981 1160 5033 prae
1190 4966 1518 5018 cadaverum
1555 4963 1912 5032 multitudine
1941 4977 2047 5013 non

475 5061 768 5131 apparebat
799 5067 961 5112 terra.
990 5055 1230 5110 Vidisses
1278 5070 1475 5108 novum
1529 5053 1927 5121 spectaculum,
1978 5051 2052 5102 la-

481 5164 662 5206 menta
703 5152 871 5203 tnulta
896 5159 947 5202 et
982 5150 1151 5207 varia,
1203 5147 1419 5214 rapinas
1451 5146 1790 5204 innumeras,
1850 5141 2049 5210 quibus

479 5243 743 5297 mulieres
793 5239 1091 5309 primaritv,
1156 5238 1392 5306 virgines
1427 5246 1481 5290 et
1536 5237 1644 5290 Deo
1685 5244 2044 5295 consecratae,

477 5333 690 5402 capillis
723 5341 777 5383 et
806 5329 1052 5382 crinibus
1086 5342 1114 5380 τι
1137 5327 1334 5381 Turcis
1375 5328 1635 5381 atrociter
1686 5338 1886 5393 magno
1921 5321 2047 5391 eju-

421 5449 429 5455 ·
481 5428 589 5478 Iatu
618 5437 682 5476 ex
715 5421 962 5474 ccclesiis
989 5420 1381 5474 avellebantur.
1442 5417 1720 5472 Clamores
1753 5425 1807 5470 et
1865 5414 2047 5484 plora-

478 5527 568 5571 tus
595 5527 912 5584 pnerorntn,
944 5519 1258 5563 sanctarum
1311 5509 1508 5563 aedium
1568 5507 1848 5576 sacrilegia
1899 5514 1951 5556 et
2001 5503 2049 5557 si

479 5605 610 5676 quid
637 5603 779 5658 aliud
810 5601 1164 5662 horrendum,
1197 5601 1319 5668 quis
1350 5601 1462 5653 hazc
1493 5600 1756 5654 enarret?
1783 5598 1911 5652 Erat
1962 5600 2047 5647 vi-

479 5700 609 5750 «lere
668 5694 869 5749 Christi
931 5692 1176 5746 divinum
1241 5694 1558 5760 sanguinem
1617 5702 1669 5744 et
1733 5707 1933 5760 corpus
1992 5694 2043 5746 in

482 5799 680 5841 terram
711 5784 912 5840 effundi
946 5795 999 5836 et
1031 5783 1244 5852 projici,
1281 5798 1435 5837 sacra
1468 5799 1591 5836 vasa
1627 5782 1793 5852 diripi
1845 5792 1897 5836 et
1927 5797 2046 5850 par-

2164 3241 2412 3296 πλούσιοι
2470 3241 2700 3295 ἀνόσιοι.
2752 3241 2820 3293 Αἱ
2879 3239 3173 3304 πλατεῖαι,
3241 3240 3301 3292 αἱ
3360 3235 3540 3307 γωνίαι
3586 3228 3692 3284 κατὰ

2163 3423 2258 3474 tim
2294 3419 2535 3489 dili‘ringi
2583 3419 2780 3488 partim
2837 3419 3043 3489 integra
3097 3421 3150 3473 in
3225 3421 3406 3475 sinum
3455 3410 3686 3470 abscondi.

2164 3509 2400 3564 Perinde
2443 3509 2512 3564 de
2573 3517 2766 3564 ornatu
2826 3509 3120 3574 faciebant,
3181 3519 3403 3566 sanctas
3453 3504 3688 3572 imagines.

2163 3616 2324 3664 auro,
2358 3609 2587 3669 argento
2640 3612 2694 3655 et
2727 3600 2925 3669 lapillis
2967 3602 3228 3671 pretiosis
3261 3603 3549 3655 decoratas.
3596 3604 3694 3646 col-

2163 3692 2474 3756 culcabant,
2507 3701 2561 3746 et
2585 3701 2909 3748 ornamenta
2963 3692 3266 3760 spoliantes
3301 3695 3352 3745 in
3410 3686 3612 3744 lectulos
3651 3685 3693 3732 et

2161 3797 2384 3838 mensas
2411 3783 2764 3846 adhibebant,
2803 3782 3246 3839 sacerdotalibus
3281 3781 3435 3838 stolis
3468 3788 3514 3833 et
3549 3770 3690 3826 'resti-

2161 3873 2382 3940 mentis,
2411 3882 2526 3929 tum
2559 3874 2752 3930 sericis
2789 3881 2903 3928 tum
2936 3888 3072 3928 auro
3101 3873 3352 3940 intextis,
3403 3881 3558 3940 equos
3577 3871 3688 3918 sm"

2159 3964 2362 4021 nebant
2391 3977 2488 4020 aut
2520 3980 2619 4035 pro
2653 3967 2868 4036 mappis
2908 3966 3229 4032 utebantur,
3276 3963 3532 4036 pretiosas
3553 3966 3687 4012 sacra

2160 4071 2307 4130 gaza:
2333 4058 2660 4126 margaritas
2692 4057 3028 4128 spoliabant,
3086 4058 3266 4114 sacris
3304 4054 3533 4126 reliquiis
3564 4042 3680 4100 humi

2161 4149 2422 4219 protritis.
2453 4148 2569 4203 Alia
2606 4149 2874 4217 permulta
2907 4149 3352 4204 exsecratissima
3379 4155 3430 4201 et
3474 4133 3682 4207 lacrymis

2159 4237 2538 4307 prosequenda
2593 4237 2837 4291 facinora
2875 4251 3250 4307 pmcursores
3301 4237 3375 4292 illi
3407 4221 3677 4288 Antichristi

2161 4330 2465 4398 patrabant.
2504 4328 2550 4386 Ο
2587 4330 2998 4399 sapientissima
3049 4337 3146 4385 tua
3201 4330 3450 4393 consilia,
3499 4317 3676 4378 Christe

2158 4421 2295 4485 Rex,
2322 4435 2484 4490 quam
2515 4431 2642 4476 sunt
2673 4420 2997 4478 abscondita
3038 4431 3095 4477 et
3149 4417 3516 4479 inscrutabilia
3541 4412 3561 4464 l
3583 4411 3673 4462 eral

2092 4517 2135 4571 Ι)
2162 4526 2322 4581 porro
2358 4511 2540 4567 videre
2569 4510 2866 4567 maximum
2898 4512 3028 4569 illud
3063 4524 3116 4570 et
3163 4510 3544 4571 divinissimum
3571 4513 3674 4559 tem-

2159 4604 2304 4671 plum
2348 4601 2644 4672 Sapientiae
2675 4604 2793 4669 Dei,
2826 4606 3027 4660 coelum
3054 4614 3332 4671 terrestre,
3394 4601 3560 4657 sellam
3585 4592 3674 4662 glo-

2155 4694 2250 4748 ria:
2305 4693 2418 4758 Dei,
2449 4693 2814 4749 Cherubicunt
2859 4696 3169 4750 vehiculum
3225 4709 3277 4752 et
3329 4694 3671 4750 firmamentum

2154 4783 2406 4847 alterum,
2449 4800 2584 4854 opus
2619 4801 2882 4839 manuum
2915 4786 3034 4849 Dei,
3067 4788 3433 4856 spectaculum
3455 4776 3669 4837 eximium

2153 4886 2208 4929 et
2241 4877 2405 4932 totius
2430 4878 2580 4932 orbis
2611 4887 2883 4932 terrarum
2923 4880 3132 4945 lumen,
3170 4879 3424 4950 templum
3453 4869 3567 4928 illud
3591 4865 3671 4918 ele

2154 4984 2289 5038 gans
2321 4980 2375 5020 et
2403 4968 2744 5038 elegantibus
2770 4971 3098 5040 elegantius,
3135 4973 3276 5026 intra
3311 4970 3456 5040 cujus
3479 4964 3612 5029 ali“
3627 4961 3666 5001 ⁸³

2155 5076 2317 5129 supra
2359 5061 2552 5114 altaria
2608 5076 2671 5116 ac
2709 5077 2928 5117 mensas
2985 5063 3212 5120 ederent
3281 5079 3342 5119 ac
3374 5052 3666 5115 biberent.“

2155 5152 2390 5206 incestas
2423 5153 2752 5221 cupiditates
2786 5165 2838 5208 et
2866 5153 3118 5210 libidines
3145 5171 3271 5212 suas
3300 5168 3418 5212 cum
3470 5135 3674 5201 feminis,

2154 5239 2459 5308 virginibus
2483 5249 2537 5294 et
2559 5241 2741 5309 pueris
2771 5252 3113 5296 exercerent.
3145 5242 3279 5309 Quis
3307 5253 3354 5298 te
3381 5251 3475 5295 non
3502 5230 3660 5298 1118⁸⁸⁸*

2155 5330 2412 5396 templum
2446 5332 2854 5387 sanctissimum
2887 5336 2901 5385 !
2942 5335 3144 5405 ubique
3185 5335 3457 5390 calamitas
3505 5317 3660 5378 eratet

2151 5419 2373 5473 dolebat
2407 5435 2568 5476 omne
2609 5432 2792 5490 caput.
2829 5424 2886 5477 In
2917 5426 3173 5480 domibus
3195 5426 3421 5480 lamenta
3451 5413 3657 5471 etllews.

2150 5513 2205 5565 in
2237 5512 2415 5568 triviis
2445 5515 2718 5583 planctus,
2752 5515 2806 5569 in
2841 5519 3058 5586 templis
3119 5519 3319 5585 luctus,
3351 5518 3560 5570 virorum
3583 5511 3654 5567 ge-

2151 5607 2340 5670 mitus,
2375 5607 2668 5662 mulierum
2697 5609 2959 5674 ululatus,
2996 5611 3218 5679 rapinae,
3242 5609 3565 5682 captivitates.
3591 5588 3654 5641 iﬂ'

2151 5697 2491 5750 sultationes.
2517 5696 2726 5752 Genere
2761 5699 2972 5755 nobiles
3001 5699 3295 5768 contempti
3328 5682 3650 5752 eranllt'l'l‘”

2150 5787 2324 5856 impii.
2356 5786 2550 5843 Platea:
2583 5798 2636 5844 et
2664 5791 2846 5860 anguli
2886 5792 3092 5862 ubique
3126 5793 3276 5845 omni
3327 5787 3554 5844 malorum
3578 5777 3650 5834 σε·

3863 2977 3865 3046 l
