3976 6576
287 449 393 516 881

1341 465 1439 523 Cll
1455 463 1792 523 RONICON
1842 464 2105 526 MAJUS.
2143 490 2213 502 --
2246 465 2389 526 LIB.
2421 467 2536 527 III.

3417 468 3522 526 882

281 566 466 622 πάντα
500 567 662 620 τόπον
699 569 976 639 πανταχοῦ
1025 571 1216 625 πασῶν
1271 573 1480 626 κακιῶν
1508 569 1576 642 ἦν
1604 572 1819 642 ἔμπλεα
1842 590 1858 604 ·
1890 585 1934 640 Α
1968 555 2059 642 ρος
2101 573 2292 626 τούτου
2340 573 2522 642 χρόνοι
2573 572 2986 642 τεσσαράκοντα
3029 571 3186 624 ἐννέα
3220 570 3315 622 καὶ
3361 571 3526 639 μῆνες

277 657 461 721 οὐδεὶς
513 657 679 722 τόπος
730 660 1159 733 ἀνεξερεύνητος
1202 663 1234 733 ἢ
1274 665 1472 728 ἄσυλος
1524 664 1762 733 ἔμεινεν.
1788 661 1858 717 Ὦ

275 751 489 820 Χριστέ
515 751 762 820 βασιλεῦ,
791 755 890 820 τῆς
933 754 1055 808 τότε
1101 755 1334 824 θλίψεως
1367 759 1461 810 καὶ
1495 757 1860 826 στενοχωρίας

279 843 467 895 πᾶσαν
494 844 649 897 πόλιν
680 845 774 897 καὶ
809 846 1017 915 χώραν,
1055 849 1121 916 ἢν
1154 847 1396 901 οἰκοῦσιν
1429 848 1480 901 oi
1512 849 1856 916 Χριστιανοὶ,

274 932 672 1002 ἐλευθέρωσον.
710 937 821 997 Καὶ
867 938 1044 990 πάντα
1098 940 1276 1007 κῆπον
1319 941 1416 994 καὶ
1454 935 1608 993 οἷκον
1644 940 1693 992 οἱ
1723 939 1857 992 ἀσε-

278 1022 400 1085 ϐεῖς
457 1025 561 1078 οὐκ
615 1027 806 1079 εῐασαν
850 1028 1192 1097 άνὼρυκτον,
1229 1031 1316 1083 ἵνα
1366 1031 1437 1084 τά
1490 1031 1858 1100 κεκρυμμένα

275 1114 543 1184 χρήματα
591 1114 799 1185 εὕρωσι
825 1133 840 1149 ο
881 1120 974 1171 καὶ
1027 1120 1302 1173 πλείστων
1349 1121 1450 1190 μὲν
1483 1121 1620 1174 νέων
1655 1121 1861 1189 θησαυ-

277 1206 395 1274 ρῶν
413 1207 505 1260 καὶ
529 1207 773 1262 παλαιῶν
800 1211 892 1263 καὶ
918 1211 1121 1281 ἐτέρων
1151 1212 1467 1282 πολυτίμων
1490 1214 1856 1282 πραγμάτων,

275 1297 562 1368 εὑρόντες,
596 1301 908 1372 ἐνεπλήσθη
919 1319 1040 1356 σαν.

353 1395 426 1460 η’.
471 1391 559 1450 Ὦς
590 1392 683 1445 οὖν
713 1395 746 1460 ἡ
779 1395 933 1458 πόλις
961 1397 1124 1459 ἑάλω,
1172 1400 1200 1451 6
1247 1401 1476 1468 άμηρᾶς
1503 1399 1650 1454 ἔνδον
1684 1401 1858 1453 εἰσελ-

281 1481 402 1534 θὼν
449 1483 617 1546 εὐθὺς
665 1486 814 1556 πάσῃ
864 1489 1066 1558 σπουδῇ
1099 1489 1328 1559 ζήτησιν
1365 1492 1539 1544 ἐποίει
1591 1493 1717 1559 περὶ
1763 1493 1858 1545 τοῦ

282 1573 574 1642 βασιλέως,
603 1578 663 1637 ὃς
697 1582 838 1634 κατὰ
890 1583 1016 1635 νοῦν
1048 1584 1210 1636 ἄλλον
1240 1585 1340 1638 οὐκ
1394 1583 1670 1651 ἐλογίζετο
1703 1587 1750 1636 εί
1782 1586 1856 1653 μὴ

286 1666 453 1732 μόνον
510 1669 704 1736 μαθεῖν
757 1673 805 1724 εί
857 1674 922 1742 ζῇ
979 1674 1012 1742 ἢ
1065 1673 1329 1740 τέθνηκεν
1373 1677 1399 1726 6
1444 1674 1719 1743 βασιλεύς.
1750 1678 1858 1727 Καὶ

281 1754 434 1818 τινὲς
484 1757 585 1825 μὲν
634 1760 886 1823 ἐλθόντες
928 1763 1118 1830 ἔλεγον
1148 1765 1230 1818 ὅτι
1278 1765 1504 1832 ἔφυγεν.
1536 1767 1687 1819 ἄλλοι
1717 1767 1771 1820 δὲ
1801 1768 1860 1818 ἐν

278 1848 350 1916 τῇ
377 1848 532 1901 πόλει
561 1849 750 1916 ἔλεγον
775 1849 912 1908 εῐναι
949 1858 1358 1926 κεκρυμμένον,
1389 1856 1542 1910 ἄλλοι
1565 1858 1622 1911 δὲ
1657 1858 1856 1911 τεθνάο

277 1955 374 1990 ναι
433 1941 762 2009 μαχόμενον.
816 1946 927 1999 Καὶ
995 1948 1168 2001 θέλων
1239 1949 1578 2008 πιστωθῆναι
1636 1951 1855 2018 άληθῶς

277 2029 522 2084 εστειλεν
547 2033 676 2087 ἔνθα
701 2035 858 2106 291
891 2038 954 2108 δὴ
997 2041 1068 2093 τὰ
1098 2042 1369 2109 πτώματα
1398 2044 1508 2094 τῶν
1541 2043 1858 2112 ἀναιρεθέν-

277 2136 391 2170 των
434 2121 611 2176 ἔκειτο
655 2128 958 2194 σωροειδῶς
1011 2130 1357 2200 Χριστιανῶν
1396 2150 1453 2186 τε
1500 2136 1594 2187 καὶ
1619 2134 1854 2190 ἀσεϐῶν.

281 2209 396 2260 Καὶ
424 2211 688 2277 πλείστας
731 2219 975 2286 κεφαλάς
1013 2221 1124 2274 τῶν
1167 2223 1568 2293 ἀναιρεθέντων
1596 2225 1854 2287 ἔπλυναν,

276 2299 498 2383 εἰτύχῃ
555 2303 649 2354 καὶ
704 2303 805 2373 τὴν
861 2307 1146 2378 βασιλικὴν
1207 2313 1543 2381 γνωρίσωσι.
1604 2313 1712 2367 Καὶ
1758 2314 1858 2366 οὐκ

277 2387 622 2459 ἐδυνήθησαν
651 2398 918 2464 γνωρίσαι
941 2399 1113 2468 αὐτὴν
1139 2402 1187 2454 εί
1220 2403 1293 2472 μὴ
1323 2403 1386 2455 τὸ
1409 2404 1625 2466 τεθνεὸς
1655 2405 1858 2472 πτῶμα

275 2480 377 2534 τοῦ
411 2481 676 2549 βασιλέως
731 2489 1006 2556 εὑρόντες,
1043 2491 1072 2544 δ
1121 2495 1427 2563 ἐγνώρισαν
1459 2496 1526 2548 ἐκ
1566 2497 1674 2548 τῶν
1703 2495 1856 2565 βασι·

276 2571 454 2625 λικῶν
506 2578 921 2646 περικνημίδων
967 2581 1000 2650 ἢ
1038 2582 1132 2634 καὶ
1195 2572 1450 2648 πεδίλων,
1485 2585 1632 2639 ἔνθα·
1662 2588 1859 2655 χρυσοῖ

277 2663 436 2718 ἀετοὶ
455 2661 600 2734 ἦσαν
626 2674 1032 2741 γεγραμμένοι,
1059 2677 1133 2738 ὡς
1159 2676 1281 2734 ἔθος
1306 2677 1522 2746 ὑπῆρχε
1558 2681 1670 2740 τοῖς
1703 2678 1858 2746 βασι-

272 2753 454 2809 λεῦσι.
487 2757 597 2810 Καὶ
628 2759 816 2826 μαθὼν
839 2763 866 2814 6
903 2763 1126 2832 ἁμηρᾶς
1164 2767 1477 2834 περιχαρὴς
1509 2768 1601 2818 καὶ
1629 2768 1858 2836 εὐφραιο

276 2847 508 2914 νόμενος
543 2848 757 2920 ὑπῆρχε
783 2866 797 2880 ⁶
837 2855 934 2906 καὶ
963 2854 1262 2923 προστάξει
1311 2857 1474 2910 αὑτοῦ
1511 2859 1562 2911 οί
1599 2858 1854 2928 εὑρεθένο

273 2955 373 3000 τες
408 2941 729 3009 Χριστιανοὶ
773 2945 984 3011 ἔθαψαν
1042 2947 1106 2998 τὸ
1149 2947 1427 3017 βασιλικὸν
1478 2951 1677 3018 πτῶμα
1718 2949 1883 3019 μετὰ.

279 3033 580 3099 βασιλικῆς
625 3037 812 3105 τιμῆς.
846 3038 983 3090 Οὐαὶ
1025 3040 1146 3093 οὐαὶ
1181 3041 1349 3107 κάμοὶ
1383 3041 1482 3109 τῆς
1512 3043 1768 3110 προνοίας
1799 3041 1855 3093 ἐν

276 3124 389 3176 τίνι
425 3127 602 3196 καιρῷ
634 3143 701 3196 με
729 3129 1134 3199 φυλαττούσηςῑ
1165 3125 1283 3185 Ἦν
1301 3131 1358 3184 δέ
1387 3133 1586 3202 πᾶσαὴ
1618 3132 1730 3202 ζωὴ
1761 3131 1855 3184 τοῦ

1962 665 2111 731 τρεῖς
2147 665 2242 714 καὶ
2274 663 2484 732 ἡμέραι
2515 661 2710 715 εἴκοσι.

2042 753 2103 803 '0
2131 752 2188 804 δέ
2226 753 2455 821 άμηρᾶς
2500 755 2567 821 τῇ
2609 753 2734 826 νίκῃ
2777 755 2841 823 τῇ
2881 752 3095 822 μεγάλῃ
3144 740 3405 819 ἐπαρθεὶς
3437 752 3524 803 καὶ

1964 842 2221 912 πλείστης
2252 843 2558 908 κενοδοξίας
2585 845 2851 912 πλησθεὶς
2883 843 3032 913 ὠμὸς
3078 845 3172 896 καὶ
3211 843 3404 911 άνελεή
3415 857 3558 908 μων·

1962 935 2158 1002 ἐφάνη.
2195 934 2513 1003 Προσελθὼν
2561 935 2618 987 δὲ
2663 934 2814 1002 αὑτῷ
2863 937 2892 988 6
2946 935 3118 1003 μέγας
3168 933 3296 998 δοὺξ
3341 934 3367 986 6
3424 934 3530 998 κὺρ

1962 1027 2180 1086 Λουκᾶς
2215 1027 2244 1080 6
2278 1027 2529 1094 Νοταρᾶς
2561 1028 2972 1096 προσεκύνησεν
3000 1029 3188 1090 αὐτὸν,
3220 1027 3315 1078 καὶ
3348 1025 3530 1089 δείξας

1963 1118 2112 1186 αύτῷ
2161 1119 2438 1187 θησαυρδν
2495 1121 2663 1172 πολὺν
2709 1119 2769 1172 ὃν
2821 1116 2934 1189 εἶχε
3000 1120 3402 1188 κεκρυμμένον,
3439 1121 3530 1170 καὶ

1961 1208 2143 1270 λίθους
2173 1209 2265 1260 καὶ
2296 1209 2619 1278 μαργάρους
2649 1210 2744 1263 καὶ
2781 1211 2946 1281 ἕτερα
2977 1211 3194 1279 λάφυρα
3225 1211 3350 1274 ἄξια
3377 1209 3530 1277 βασιο

1961 1297 2164 1360 λεῦσιν,
2204 1295 2240 1350 ἃ.
2271 1295 2395 1356 ίδὼν
2432 1297 2460 1349 6
2487 1297 2738 1368 Ἀμηρᾶς
2769 1300 2865 1350 καὶ
2901 1304 3052 1351 πᾶσα
3082 1302 3114 1367 ἠ
3148 1297 3311 1366 βουλὴ
3360 1295 3527 1349 αὑτοῦ

1960 1387 2296 1456 ἐθαύμασαν.
2331 1387 2389 1440 '0
2418 1388 2474 1440 δέ
2502 1388 2751 1453 Νοταρᾶς
2780 1383 2902 1441 εἷπε
2931 1388 3007 1455 τῷ
3029 1388 3220 1456 ἀμηρᾷ
3247 1403 3261 1417 ο
3293 1403 3312 1437 t
3344 1385 3529 1437 Ταῦτα

1963 1478 2139 1531 πάντα
2172 1477 2472 1544 ἐφύλαττον
2518 1479 2608 1532 διὰ
2657 1473 2757 1547 τὴν
2799 1477 3080 1546 βασιλείαν
3134 1493 3250 1538 σου,
3290 1476 3381 1527 καὶ
3417 1475 3527 1526 ἰδοὺ
3590 1468 3593 1471 ’

1960 1571 2028 1623 τά
2059 1570 2155 1623 νῦν
2182 1569 2484 1640 χαρίζομαι
2514 1587 2597 1623 σοι
2627 1570 2801 1640 δῶρον
2826 1585 2840 1600 ο
2881 1570 2978 1622 καὶ
3005 1569 3220 1634 δέομαι,
3256 1567 3404 1630 δέξαι
3433 1564 3527 1616 τοῦ

1960 1661 2147 1714 δούλου
2201 1678 2296 1712 σου
2344 1661 2444 1730 τὴν
2476 1660 2660 1729 δέησιν
2701 1661 2794 1713 καὶ
2821 1659 3220 1729 παρακάλεσιν.
3260 1676 3279 1708 ι
3327 1657 3531 1708 Ἥλπιο

1961 1756 2054 1819 ξεν
2101 1755 2195 1806 οὖν
2249 1747 2403 1817 οὗτος
2456 1755 2525 1808 δι’
2574 1755 2754 1808 αὐτῶν
2807 1745 3124 1822 ἐλευθερίαν
3167 1752 3328 1821 τύχαι
3370 1748 3530 1817 292

1966 1847 2104 1915 μετὰ
2136 1847 2230 1899 τοῦ
2258 1849 2408 1900 οῐκου
2439 1845 2639 1898 αὐτοῦ’
2671 1846 3036 1913 ἁπελογίσατο
3066 1847 3120 1897 δὲ
3165 1843 3314 1910 αὐτῷ
3361 1844 3390 1893 6
3431 1857 3534 1907 μηο

1960 1937 2060 2006 Ρᾶς
2091 1937 2182 1989 καὶ
2229 1932 2383 1990 εἶπεν
2409 1952 2424 1966 ⁹
2461 1953 2482 1988 t
2515 1932 2585 1988 Ὦ
2613 1936 2868 2003 ήμικύων
2902 1935 2993 1988 καὶ
3023 1934 3359 2000 ἁπάνθρωπε
3391 1933 3534 1998 ἁμη-

1960 2028 2273 2097 χανορράφε
2315 2027 2409 2078 καὶ
2459 2026 2793 2096 πολύτροπε,
2823 2026 3077 2078 τοσοῦτον
3113 2023 3343 2076 πλοῦτον
3387 2018 3534 2089 εἶχες

1960 2119 2054 2171 καὶ
2075 2117 2176 2170 οὐκ
2203 2117 2509 2188 ἐϐοήθησας
2547 2116 2625 2187 τῷ
2660 2116 2874 2186 βασιλεῖ
2916 2116 2992 2183 τῷ
3033 2115 3268 2185 αὐθέντῃ
3313 2129 3404 2165 σου
3441 2111 3535 2164 καὶ

1959 2212 2024 2280 τῇ
2066 2211 2215 2262 πόλει
2260 2212 2326 2279 τῇ
2378 2209 2600 2278 πατρίδι
2652 2226 2786 2274 σούς
2833 2208 2952 2262 Νῦν
2987 2208 3044 2260 δέ
3094 2208 3234 2275 μετὰ
3276 2207 3534 2258 τοιούτων

1963 2302 2238 2372 πονηριῶν
2300 2303 2399 2354 καὶ
2457 2303 2812 2371 πανουργιῶν
2869 2303 2936 2364 ἃς
2995 2299 3147 2363 οἶδας
3210 2301 3384 2353 ποιεῖν
3436 2297 3536 2349 καὶ

1960 2395 2223 2463 πράττειν
2247 2395 2312 2446 ἐκ
2340 2395 2621 2460 νεότητος,
2656 2393 2822 2464 βούλῃ
2852 2394 3212 2446 ὑποσκελίσαι
3243 2391 3411 2458 κάμὲ,
3439 2390 3534 2440 καὶ

1961 2488 2140 2555 φύγῃς
2171 2485 2267 2537 τοῦ
2316 2486 2624 2555 πρέποντάς
2659 2502 2743 2538 σοι
2773 2502 2788 2550 ;
2825 2485 2962 2538 Εἰπέ
3004 2502 3116 2553 μοι,
3146 2479 3190 2536 ὦ
3225 2483 3418 2550 ἀσεϐῆ,
3450 2481 3534 2540 τίς

1958 2579 1985 2629 6
2017 2575 2253 2645 χαρίσας
2295 2593 2389 2646 μοι
2428 2578 2519 2630 τὸν
2571 2577 2800 2631 πλοῦτον
2833 2578 2927 2629 τὸν
2978 2575 3068 2629 σὺν
3113 2574 3211 2627 καὶ
3239 2573 3340 2643 τὴν
3380 2573 3536 2624 πόλιν

1958 2671 2165 2741 ταύτην
2196 2671 2278 2732 είς
2308 2669 2498 2740 χεῖράς
2550 2687 2692 2738 μους
2731 2689 2751 2721 ι
2798 2670 2962 2735 Λέγει
2993 2667 3144 2736 αὐτῷ
3172 2668 3200 2719 6
3238 2665 3492 2732 Νοταρᾶς
3519 2682 3532 2697 ο

1963 2780 1983 2814 ι
2031 2760 2092 2816 Ὅ
2125 2761 2280 2824 Θεός.
2322 2779 2342 2812 ι
2392 2762 2451 2814 '0
2481 2761 2538 2814 δέ
2577 2761 2827 2832 ’Δμηρᾶς
2853 2757 3008 2813 εἶπεν
3039 2758 3189 2827 αὐτῷ
3212 2773 3228 2788 ⁶
3264 2775 3284 2809 ι
3319 2757 3472 2810 Ἐπεὶ
3507 2757 3535 2806 6

1957 2854 2089 2916 Θεὸς
2135 2852 2311 2906 ταῦτά
2361 2869 2454 2921 μοι
2500 2853 2796 2922 ἐχαρίσατο
2831 2855 2922 2906 καὶ
2955 2854 3016 2906 σέ
3047 2853 3142 2906 καὶ
3181 2853 3391 2912 πάντας
3423 2848 3534 2902 ύπῆ

1955 2945 2055 3000 τὰς
2087 2946 2279 3015 χεῖράς
2317 2962 2419 3014 μου
2450 2945 2672 3010 δούλους
2693 2947 2880 3009 ἐδωσε,
2906 2946 2958 2999 τί
2987 2945 3051 2998 σὺ
3082 2945 3284 3012 λέγεις,
3303 2941 3530 3010 πονηρὲ,

1957 3039 2053 3091 καὶ
2079 3039 2374 3107 φλυαρεῖς;
2403 3039 2528 3102 Πῶς
2555 3039 2656 3092 οὐκ
2695 3038 2944 3101 ἐστειλάς
2978 3054 3069 3105 μοι
3101 3036 3242 3088 αὐτὰ
3270 3035 3402 3103 πρὶν
3436 3033 3536 3100 τὴν

1961 3129 2142 3198 μάχην
2163 3131 2374 3200 κινήσω
2401 3129 2524 3182 καθ’
2557 3129 2713 3198 ὑμῶν
2736 3129 2770 3197 ἢ
2799 3130 2931 3198 πρὶν
2965 3129 3064 3196 τὴν
3120 3127 3273 3179 πόλιν
3301 3125 3532 3192 νικήσω,

281 3217 532 3286 ἀοιδίμου
581 3221 638 3272 ἐν
683 3220 966 3289 βασιλεῦσι
993 3225 1088 3275 καὶ
1121 3225 1490 3292 γαληνοτάτου
1523 3227 1613 3278 καὶ
1645 3225 1856 3296 μάρτυς
1880 3235 1926 3297 ο
1958 3221 2046 3274 ἵνα
2073 3221 2277 3288 ὀφείλω
2311 3239 2396 3275 σοι
2436 3222 2536 3292 τὴν
2565 3223 2727 3292 χάριν
2757 3221 2848 3274 καὶ
2877 3222 2976 3290 τὴν
3013 3218 3388 3287 ἁνταμοιόήν;
3421 3216 3534 3270 Νῦν

283 3342 419 3382 nere
480 3329 892 3398 redundabant;
945 3335 1125 3390 nullus
1157 3337 1308 3390 locus
1356 3346 1493 3398 erat,
1553 3352 1711 3406 quem
1748 3352 1856 3391 nou

283 3425 668 3473 scrutarentur
697 3431 750 3475 et
777 3424 1106 3491 expilarent.
1137 3425 1354 3481 Christe
1412 3427 1549 3493 Rex,
1615 3429 1683 3482 ab
1741 3428 1855 3496 illa,

284 3525 454 3576 quam
489 3520 600 3565 tum
641 3515 846 3582 experti
909 3531 1122 3583 sumus,
1180 3519 1398 3572 miseria
1436 3529 1490 3574 et
1547 3520 1860 3575 calamitate

284 3615 508 3672 omnem
543 3603 733 3659 urbem
763 3614 817 3658 et
870 3615 1094 3670 terram,
1143 3624 1306 3676 quam
1353 3608 1654 3664 Christiani
1706 3611 1857 3664 habi-

285 3702 425 3748 tant.
468 3701 672 3750 tueare.
735 3696 924 3753 Nullos
971 3699 1175 3765 hortos,
1235 3701 1379 3755 nulla
1422 3701 1697 3756 domicilia
1753 3716 1856 3755 non

285 3787 680 3852 perquirebant
713 3788 886 3856 impii,
919 3798 980 3843 ut
1035 3791 1318 3858 pecuniam
1377 3791 1616 3846 abditam
1651 3793 1860 3860 reperi-

287 3886 457 3926 rent:
538 3891 604 3931 ac
667 3879 920 3935 maximis
950 3879 1225 3936 (inventis
1280 3882 1602 3945 thesauris,
1632 3883 1860 3937 vetustis

286 3973 344 4018 et
412 3966 592 4032 novis,
664 3980 829 4037 atque
896 3969 1022 4023 aliis
1099 3972 1262 4024 rebus
1322 3971 1576 4039 pretiosis
1652 3971 1858 4040 impleti

285 4066 439 4110 sunt.

359 4149 414 4202 9.
444 4150 610 4218 Capta
668 4153 832 4219 igitur
859 4154 1014 4218 urbe,
1068 4156 1322 4222 Ameras,
1365 4172 1486 4212 eam
1552 4160 1857 4228 ingreSsus,

281 4241 694 4296 studiosissime
729 4243 797 4297 de
847 4245 1178 4312 imperatore
1233 4251 1535 4316 quaerebat,
1569 4267 1668 4305 nec
1696 4253 1860 4320 quid-

197 4348 205 4353 -
278 4346 446 4394 quam
475 4334 753 4400 antiquius
774 4334 1025 4401 habebat,
1052 4352 1215 4406 quam
1245 4347 1301 4392 ut
1325 4352 1694 4407 cognosceret,
1716 4345 1861 4398 vive-

280 4431 437 4484 retne
463 4435 528 4475 au
550 4421 848 4479 interiisset
867 4426 1179 4494 imperator.
1205 4429 1381 4498 Atque
1398 4447 1522 4484 eum
1543 4433 1631 4486 alii
1659 4435 1860 4503 fugisse

279 4511 558 4577 dicebant,
578 4513 666 4566 alii
695 4515 747 4567 in
769 4515 900 4569 urbe
921 4518 1157 4581 latitare,
1183 4519 1274 4572 alii
1299 4522 1484 4588 praelio
1507 4525 1852 4580 occubuisse.
1889 4557 1932 4610 υ

281 4605 474 4672 Itaque
518 4615 578 4659 ut
616 4600 728 4660 rem
765 4619 914 4661 certo
950 4620 1325 4678 cognosceret,
1368 4614 1535 4676 misit,
1582 4616 1672 4670 ubi
1700 4618 1857 4671 Chri-

278 4699 588 4750 stianorum
643 4705 698 4752 et
745 4699 1036 4768 impiorum
1075 4705 1337 4756 cadavera
1377 4707 1672 4760 acervatim
1709 4706 1858 4776 jaco-

284 4794 439 4842 bant.
474 4789 773 4842 Abluerunt
810 4791 1116 4846 occisorum
1147 4793 1320 4860 capita
1355 4794 1608 4862 plurima,
1644 4798 1686 4850 si
1718 4797 1858 4852 forte

284 4879 640 4945 imperatoris
697 4891 1078 4948 agnoscerent.
1148 4881 1264 4936 Non
1326 4894 1574 4952 poterant
1637 4896 1854 4950 autem,

280 4969 381 5023 sed
425 4971 707 5023 inventum
747 4970 1091 5038 imperatoris
1124 4973 1358 5027 cadaver
1393 4990 1458 5028 ex
1493 4976 1857 5044 imperatoriis

281 5061 468 5113 ocreis
502 5069 554 5114 et
586 5061 972 5115 calceamentis
1002 5073 1358 5130 agnoverunt,
1382 5065 1434 5117 in
1463 5066 1659 5134 quibus
1685 5083 1859 5122 aureae

289 5151 490 5220 aquilae
519 5151 748 5219 depicta
777 5162 982 5217 essent,
1018 5163 1075 5207 ut
1106 5170 1224 5208 tuos
1260 5167 1378 5210 erat
1417 5158 1854 5227 imperatoribus.

291 5242 468 5312 Hujus
496 5244 570 5298 rei
601 5245 800 5298 certior
830 5245 1006 5299 factus
1036 5248 1283 5312 Ameras,
1319 5265 1662 5318 summopere
1707 5253 1857 5318 gavi-

285 5347 386 5386 sus
413 5340 466 5386 et
494 5333 827 5412 exhilaratus
884 5343 986 5396 est,
1019 5347 1071 5390 et
1127 5338 1219 5404 qui
1292 5338 1521 5393 aderant
1566 5339 1857 5400 Christiani

277 5423 439 5490 jussu
472 5423 592 5487 ejus
613 5424 1019 5490 imperatorium
1038 5427 1267 5480 cadaver
1289 5429 1490 5482 honore
1520 5430 1858 5498 imperatori-

281 5512 391 5566 bus
423 5511 667 5579 legitimo
688 5513 1074 5578 sepeliveruut.
1116 5514 1205 5568 Va:
1242 5515 1371 5568 mihi
1401 5531 1636 5584 quoque,
1690 5532 1852 5583 quem

277 5613 396 5666 quo
415 5609 660 5670 tempore
686 5603 923 5656 servavit
947 5603 1129 5655 divina
1177 5604 1512 5670 providentia
1544 5605 1555 5656 ἱ
1595 5603 1739 5658 Vixit
1771 5620 1860 5659 ve-

281 5691 564 5744 nerandus
620 5693 710 5746 hic
760 5702 812 5747 et
889 5692 1293 5762 placidissimus
1352 5695 1671 5764 imperator,
1727 5697 1853 5750 dum

281 5795 496 5852 martyr
521 5782 679 5849 obiit,
727 5798 901 5839 annos
935 5784 1300 5854 quadraginta
1369 5801 1584 5848 novem,
1645 5804 1856 5844 menses

283 5881 398 5927 tres
429 5880 484 5927 et
505 5875 621 5929 dies
663 5873 876 5945 viginti.

2033 3333 2258 3389 Ameras
2289 3349 2486 3404 magna
2517 3308 2961 3390 victoria‘elatus
3011 3343 3066 3388 et
3100 3335 3246 3387 inani
3299 3330 3534 3387 tumefa'

1961 3433 2080 3479 ctus
2107 3425 2296 3495 gloria,
2356 3426 2632 3480 crudelem
2691 3441 2751 3479 se
2809 3435 2863 3480 et
2914 3425 3203 3479 immanem
3261 3424 3531 3494 praestitit.

1959 3516 2204 3572 Accessit
2230 3518 2295 3570 ad
2327 3533 2450 3571 eum
2484 3515 2660 3573 Lucas
2690 3516 2946 3582 Nmaras,
2999 3532 3227 3585 magnus
3289 3516 3422 3580 dux,
3459 3526 3532 3573 et.

1961 3605 2272 3660 adoratione
2303 3605 2464 3669 facta,
2497 3607 2771 3676 ingentem
2812 3609 3154 3670 thesaurum,
3215 3621 3376 3671 quem
3413 3607 3534 3658 abs-

1960 3697 2240 3750 conditum
2296 3698 2548 3763 habebat,
2603 3712 2846 3766 gemmas
2904 3713 3066 3765 porro
3114 3706 3164 3750 et
3213 3697 3534 3763 margaritas

1961 3788 2233 3856 aliamque
2271 3803 2456 3856 gazam
2502 3788 2723 3858 regibus
2777 3789 2997 3857 dignata
3054 3789 3103 3841 ei
3165 3788 3532 3849 monstravit;

1960 3893 2193 3949 quorum
2249 3887 2471 3947 aspectu
2511 3881 2739 3934 Ameras
2799 3896 2922 3935 cum
2963 3881 3216 3934 universo
3273 3881 3532 3934 comitatu

1961 3968 2265 4038 obstupuit.
2308 3969 2446 4023 Tum
2498 3969 2778 4026 Notaras:
2821 3990 2839 4020 ι
2900 3969 3024 4024 Ηαξε
3072 3971 3277 4033 omnia,
3331 3970 3528 4035 intuit.

1962 4064 2172 4115 servavi
2216 4061 2483 4127 majestati
2551 4072 2656 4114 tua:
2713 4071 2767 4116 et
2827 4076 2970 4114 nunc
3018 4061 3112 4114 tibi
3167 4075 3261 4128 pro
3312 4075 3534 4113 munere

1962 4153 2138 4214 trado,
2172 4165 2234 4204 ac
2265 4166 2417 4219 rogo,
2453 4159 2510 4204 ut
2539 4151 2684 4205 servi
2717 4153 2792 4204 lui
2854 4167 3043 4221 preces
3075 4162 3131 4206 et
3177 4163 3300 4205 vota
3335 4168 3401 4204 ne
3447 4167 3548 4205 as-~

1964 4255 2212 4310 pernere.
2265 4259 2285 4290 ι
2319 4240 2584 4308 Sperabat
2611 4252 2818 4305 autem,
2851 4241 2931 4296 sic
2981 4256 3039 4295 se
3077 4255 3202 4294 eum
3236 4242 3400 4294 domo
3431 4255 3527 4293 sua

1963 4333 2264 4387 libertatem
2297 4343 2719 4387 consecuturum
2753 4347 2897 4387 esse.
2950 4333 3016 4386 At
3047 4330 3324 4402 respondit
3371 4332 3535 4386 Ame-

1961 4439 2090 4478 ras:
2141 4443 2158 4474 ι
2199 4423 2308 4477 Heu
2366 4433 2416 4478 te
2468 4425 2826 4486 semieanem,
2886 4426 3157 4479 hominem
3218 4425 3530 4488 immanem,

1961 4524 2319 4569 veteratorem
2354 4526 2405 4570 et
2445 4517 2870 4577 fraudulentum,
2897 4517 2988 4584 qui
3039 4526 3216 4571 tantas
3239 4532 3367 4582 Opes
3411 4532 3534 4585 pos-

1964 4608 2189 4671 sederis,
2218 4622 2323 4660 inec
2375 4610 2717 4663 succurreris
2773 4610 2997 4662 domino
3034 4620 3150 4673 tuo,
3192 4610 3530 4678 imperatori,

1962 4712 2062 4751 nec
2090 4699 2215 4752 huic
2243 4697 2387 4757 urbi,
2423 4701 2611 4765 patriae
2639 4702 2797 4753 'tuze!
2855 4715 3002 4752 nunc
3065 4715 3195 4752 vero
3228 4715 3350 4752 cum
3415 4700 3533 4751 istis

1963 4773 2222 4856 nequitiis
2247 4798 2300 4841 et
2331 4787 2635 4851 fraudibus,
2670 4791 2876 4858 quibus
2914 4791 3130 4843 deditus
3160 4788 3310 4841 fuisti
3341 4805 3368 4840 a
3404 4804 3536 4856 puc-

1962 4876 2108 4936 ritia,
2139 4893 2221 4929 me
2273 4891 2488 4944 quoque
2513 4877 2862 4943 supplantare
2909 4887 2964 4929 et
3016 4891 3229 4942 pmnam
3296 4875 3532 4944 eiiugere

1961 4967 2186 5021 studes?
2212 4967 2305 5021 Dic
2337 4969 2488 5029 mihi,
2519 4970 2765 5030 sceleste,
2792 4969 2913 5036 quis
2959 4979 3064 5030 est,
3096 4969 3186 5036 qui
3246 4969 3298 5019 in
3337 4983 3530 5036 manus

1961 5075 2111 5113 ineas
2148 5060 2619 5114 tradiditdivitias
2655 5070 2774 5114 tuas
2803 5071 2855 5113 et
2891 5061 3032 5113 banc
3059 5061 3293 5112 urbem?
3331 5079 3347 5107 ι
3391 5057 3529 5111 itus-

1959 5151 2151 5219 poudit
2185 5152 2454 5206 Notaras:
2496 5171 2514 5201 ι
2545 5152 2740 5206 Deus.»
2777 5151 2914 5204 Tum
2945 5151 3171 5203 Ameras
3207 5166 3222 5202 :
3266 5170 3284 5200 ι
3319 5150 3525 5215 Quodsi

1962 5243 2100 5296 Dens
2131 5245 2242 5296 tunc
2265 5243 2396 5294 mihi
2423 5243 2661 5305 donavit,
2692 5250 2854 5311 atque
2880 5252 2930 5295 te
2983 5253 3035 5296 et
3070 5243 3305 5310 reliquos
3335 5244 3384 5294 in
3417 5259 3531 5293 ma-

1961 5351 2064 5388 nus
2097 5349 2246 5387 meas
2270 5333 2496 5395 dedidit,
2531 5334 2660 5403 quid
2692 5343 2768 5397 tu,
2795 5349 3049 5403 nequam,
3083 5335 3163 5389 ais
3185 5347 3234 5388 et
3267 5334 3532 5404 nugaris?

1962 5441 2061 5479 cur
2094 5425 2224 5478 mihi
2251 5425 2362 5480 haec
2394 5440 2500 5478 non
2536 5435 2662 5480 aute
2687 5425 2905 5488 misisti,
2931 5441 3092 5494 quam
3119 5427 3316 5480 bellum
3339 5438 3527 5481 contra

1961 5535 2057 5572 vos
2079 5532 2475 5572 eommoverem
2503 5528 2597 5572 aut
2619 5520 2804 5570 urbem
2829 5534 3101 5584 caperem,
3126 5528 3183 5572 ut
3206 5520 3297 5571 tibi
3323 5521 3528 5585 gratias

1961 5619 2016 5661 et
2047 5611 2538 5664 remunerationem
2579 5611 2878 5664 deberem?
2909 5609 3064 5662 Nunc
3115 5611 3260 5662 enim
3326 5625 3434 5660 non
3471 5619 3526 5660 tu

1963 5703 2076 5755 lucc
2101 5703 2229 5754 mihi
2267 5703 2500 5773 largiris,
2525 5703 2616 5756 sed
2651 5701 2818 5754 Deus.
2863 5721 2879 5752 ι
2923 5703 2997 5754 Ita
3026 5701 3210 5754 statim
3251 5700 3528 5753 mandavit

1962 5791 2264 5855 lictoribus,
2299 5803 2354 5844 ttt
2381 5807 2504 5846 eum
2541 5792 2591 5844 in
2620 5806 2888 5844 carcerem
2938 5791 3276 5858 conjicerent
3308 5798 3360 5842 et
3407 5788 3532 5841 dili-

1961 5895 2148 5952 genter
2171 5886 2525 5940 custodirent.
2557 5883 2817 5938 Postridie
2849 5899 2972 5936 cum
3008 5897 3203 5936 rursus
3249 5897 3433 5936 euram
3469 5895 3530 5933 se
