  <div class='ocr_page' id='page_1' title='image "/cluster/home/n/w/nwhite01/storage/ocr_20150623/156/hvd.32044019208438/634.png"; bbox 0 0 3962 6554; ppageno 0'>
   <div class='ocr_carea' id='block_1_1' title="bbox 291 426 405 490">
    <p class='ocr_par' dir='ltr' id='par_1_1' title="bbox 291 426 405 490">
     <span class='ocr_line' id='line_1_1' title="bbox 291 426 405 490; baseline -0.018 0"><span class='ocrx_word' id='word_1_1' title='bbox 291 426 405 490; x_wconf 70' lang='grc'>889</span> 
     </span>
    </p>
   </div>
   <div class='ocr_carea' id='block_1_2' title="bbox 1343 434 2536 503">
    <p class='ocr_par' dir='ltr' id='par_1_2' title="bbox 1343 434 2536 503">
     <span class='ocr_line' id='line_1_2' title="bbox 1343 434 2536 503; baseline 0.005 -10"><span class='ocrx_word' id='word_1_2' title='bbox 1343 434 1785 496; x_wconf 82' lang='lat' dir='ltr'><strong>CHRONICON</strong></span> <span class='ocrx_word' id='word_1_3' title='bbox 1829 438 2092 501; x_wconf 83' lang='lat' dir='ltr'><strong>MAJUS.</strong></span> <span class='ocrx_word' id='word_1_4' title='bbox 2122 463 2189 474; x_wconf 83' lang='grc'>-·</span> <span class='ocrx_word' id='word_1_5' title='bbox 2231 438 2374 503; x_wconf 84' lang='lat' dir='ltr'><strong>LIB.</strong></span> <span class='ocrx_word' id='word_1_6' title='bbox 2416 440 2536 500; x_wconf 84' lang='grc' dir='ltr'>ΙΙΙ.</span> 
     </span>
    </p>
   </div>
   <div class='ocr_carea' id='block_1_3' title="bbox 3416 442 3522 507">
    <p class='ocr_par' dir='ltr' id='par_1_3' title="bbox 3416 442 3522 507">
     <span class='ocr_line' id='line_1_3' title="bbox 3416 442 3522 507; baseline -0.028 0"><span class='ocrx_word' id='word_1_7' title='bbox 3416 442 3522 507; x_wconf 70' lang='lat'>890</span> 
     </span>
    </p>
   </div>
   <div class='ocr_carea' id='block_1_4' title="bbox 284 540 3544 634">
    <p class='ocr_par' dir='ltr' id='par_1_4' title="bbox 284 540 3544 634">
     <span class='ocr_line' id='line_1_4' title="bbox 284 540 3544 634; baseline -0.001 -24"><span class='ocrx_word' id='word_1_8' title='bbox 284 541 390 598; x_wconf 77' lang='grc' dir='ltr'>τδν</span> <span class='ocrx_word' id='word_1_9' title='bbox 414 541 638 609; x_wconf 50' lang='grc' dir='ltr'>κόσμον.</span> <span class='ocrx_word' id='word_1_10' title='bbox 673 541 938 596; x_wconf 80' lang='grc' dir='ltr'>Ἕννατον</span> <span class='ocrx_word' id='word_1_11' title='bbox 965 540 1047 597; x_wconf 79' lang='grc' dir='ltr'><strong>δτι</strong></span> <span class='ocrx_word' id='word_1_12' title='bbox 1077 543 1136 596; x_wconf 73' lang='grc' dir='ltr'>ἓν</span> <span class='ocrx_word' id='word_1_13' title='bbox 1161 545 1238 615; x_wconf 70' lang='grc' dir='ltr'>τῷ</span> <span class='ocrx_word' id='word_1_14' title='bbox 1281 548 1564 617; x_wconf 81' lang='grc' dir='ltr'>κεφαλαίῳ</span> <span class='ocrx_word' id='word_1_15' title='bbox 1592 550 1671 621; x_wconf 83' lang='grc' dir='ltr'>τῷ</span> <span class='ocrx_word' id='word_1_16' title='bbox 1697 553 1852 620; x_wconf 75' lang='grc' dir='ltr'>λεγοο</span> <span class='ocrx_word' id='word_1_17' title='bbox 1885 571 1930 628; x_wconf 68' lang='grc' dir='ltr'>Α</span> <span class='ocrx_word' id='word_1_18' title='bbox 1962 572 2063 608; x_wconf 88' lang='grc' dir='ltr'>σαν</span> <span class='ocrx_word' id='word_1_19' title='bbox 2101 554 2325 624; x_wconf 80' lang='grc' dir='ltr'>ποιῆσαι</span> <span class='ocrx_word' id='word_1_20' title='bbox 2355 554 2537 621; x_wconf 85' lang='grc' dir='ltr'>τοῦτο,</span> <span class='ocrx_word' id='word_1_21' title='bbox 2570 553 2752 618; x_wconf 86' lang='grc' dir='ltr'>καθὼς</span> <span class='ocrx_word' id='word_1_22' title='bbox 2781 553 2880 608; x_wconf 74' lang='grc' dir='ltr'>καὶ</span> <span class='ocrx_word' id='word_1_23' title='bbox 2913 553 3114 618; x_wconf 82' lang='grc' dir='ltr'>πάντες</span> <span class='ocrx_word' id='word_1_24' title='bbox 3142 555 3190 607; x_wconf 91' lang='grc' dir='ltr'>οί</span> <span class='ocrx_word' id='word_1_25' title='bbox 3219 555 3401 606; x_wconf 73' lang='grc' dir='ltr'>λοιποὶ</span> <span class='ocrx_word' id='word_1_26' title='bbox 3426 555 3544 634; x_wconf 47' lang='grc' dir='ltr'>ἄγη</span> 
     </span>
    </p>
   </div>
   <div class='ocr_carea' id='block_1_5' title="bbox 287 635 1854 712">
    <p class='ocr_par' dir='ltr' id='par_1_5' title="bbox 287 635 1854 712">
     <span class='ocr_line' id='line_1_5' title="bbox 287 635 1854 712; baseline 0.008 -27"><span class='ocrx_word' id='word_1_27' title='bbox 287 635 446 703; x_wconf 74' lang='grc' dir='ltr'>μένῳ</span> <span class='ocrx_word' id='word_1_28' title='bbox 487 635 797 704; x_wconf 76' lang='grc' dir='ltr'>Μπακαρᾶ,</span> <span class='ocrx_word' id='word_1_29' title='bbox 836 635 975 707; x_wconf 79' lang='grc' dir='ltr'>ὅπερ</span> <span class='ocrx_word' id='word_1_30' title='bbox 1012 638 1376 707; x_wconf 75' lang='grc' dir='ltr'>ἑρμηνεύεται</span> <span class='ocrx_word' id='word_1_31' title='bbox 1403 644 1670 712; x_wconf 83' lang='grc' dir='ltr'>Δάμαλις,</span> <span class='ocrx_word' id='word_1_32' title='bbox 1706 645 1854 712; x_wconf 86' lang='grc' dir='ltr'>λέγει</span> 
     </span>
    </p>
   </div>
   <div class='ocr_carea' id='block_1_6' title="bbox 282 725 1858 805">
    <p class='ocr_par' dir='ltr' id='par_1_6' title="bbox 282 725 1858 805">
     <span class='ocr_line' id='line_1_6' title="bbox 282 725 1858 805; baseline 0.009 -28"><span class='ocrx_word' id='word_1_33' title='bbox 282 725 372 788; x_wconf 82' lang='grc' dir='ltr'>ὡς</span> <span class='ocrx_word' id='word_1_34' title='bbox 413 726 463 777; x_wconf 79' lang='lat' dir='ltr'>oi</span> <span class='ocrx_word' id='word_1_35' title='bbox 509 725 753 779; x_wconf 84' lang='grc' dir='ltr'>Ἰουδαῖοι</span> <span class='ocrx_word' id='word_1_36' title='bbox 787 729 881 780; x_wconf 77' lang='grc' dir='ltr'>καὶ</span> <span class='ocrx_word' id='word_1_37' title='bbox 910 731 957 781; x_wconf 84' lang='grc' dir='ltr'>οἱ</span> <span class='ocrx_word' id='word_1_38' title='bbox 991 731 1311 800; x_wconf 78' lang='grc' dir='ltr'>Χριστιανοὶ</span> <span class='ocrx_word' id='word_1_39' title='bbox 1358 734 1596 804; x_wconf 82' lang='grc' dir='ltr'>σωθῆναι</span> <span class='ocrx_word' id='word_1_40' title='bbox 1625 737 1858 805; x_wconf 75' lang='grc' dir='ltr'>μέλλου-</span> 
     </span>
    </p>
   </div>
   <div class='ocr_carea' id='block_1_7' title="bbox 285 817 1860 898">
    <p class='ocr_par' dir='ltr' id='par_1_7' title="bbox 285 817 1860 898">
     <span class='ocr_line' id='line_1_7' title="bbox 285 817 1860 898; baseline 0.01 -30"><span class='ocrx_word' id='word_1_41' title='bbox 285 833 384 869; x_wconf 85' lang='grc' dir='ltr'>σιν</span> <span class='ocrx_word' id='word_1_42' title='bbox 410 834 424 848; x_wconf 77' lang='grc' dir='ltr'>ο</span> <span class='ocrx_word' id='word_1_43' title='bbox 463 821 520 868; x_wconf 84' lang='grc' dir='ltr'>ἐν</span> <span class='ocrx_word' id='word_1_44' title='bbox 569 817 628 869; x_wconf 74' lang='grc' dir='ltr'>δὲ</span> <span class='ocrx_word' id='word_1_45' title='bbox 675 818 754 887; x_wconf 78' lang='grc' dir='ltr'>τῷ</span> <span class='ocrx_word' id='word_1_46' title='bbox 801 821 1086 891; x_wconf 77' lang='grc' dir='ltr'>κεφαλαίῳ</span> <span class='ocrx_word' id='word_1_47' title='bbox 1119 823 1197 892; x_wconf 82' lang='grc' dir='ltr'>τῷ</span> <span class='ocrx_word' id='word_1_48' title='bbox 1243 825 1465 895; x_wconf 78' lang='grc' dir='ltr'>’Λμρὰμ</span> <span class='ocrx_word' id='word_1_49' title='bbox 1497 827 1655 890; x_wconf 80' lang='grc' dir='ltr'>αὖθίς</span> <span class='ocrx_word' id='word_1_50' title='bbox 1692 847 1860 898; x_wconf 83' lang='grc' dir='ltr'>φησιν</span> 
     </span>
    </p>
   </div>
   <div class='ocr_carea' id='block_1_8' title="bbox 283 907 1860 992">
    <p class='ocr_par' dir='ltr' id='par_1_8' title="bbox 283 907 1860 992">
     <span class='ocr_line' id='line_1_8' title="bbox 283 907 1860 992; baseline 0.01 -34"><span class='ocrx_word' id='word_1_51' title='bbox 283 907 379 959; x_wconf 81' lang='grc' dir='ltr'>ὅτι</span> <span class='ocrx_word' id='word_1_52' title='bbox 411 907 588 970; x_wconf 75' lang='grc' dir='ltr'>οὐδεὶς</span> <span class='ocrx_word' id='word_1_53' title='bbox 639 909 864 964; x_wconf 82' lang='grc' dir='ltr'>δύναται</span> <span class='ocrx_word' id='word_1_54' title='bbox 911 914 1148 980; x_wconf 84' lang='grc' dir='ltr'>σωθῆναι</span> <span class='ocrx_word' id='word_1_55' title='bbox 1204 917 1330 969; x_wconf 77' lang='grc' dir='ltr'>ἄνευ</span> <span class='ocrx_word' id='word_1_56' title='bbox 1364 919 1474 970; x_wconf 79' lang='grc' dir='ltr'>τῶν</span> <span class='ocrx_word' id='word_1_57' title='bbox 1512 921 1571 971; x_wconf 76' lang='grc' dir='ltr'>ἐν</span> <span class='ocrx_word' id='word_1_58' title='bbox 1603 923 1680 992; x_wconf 78' lang='grc' dir='ltr'>τῷ</span> <span class='ocrx_word' id='word_1_59' title='bbox 1711 924 1860 992; x_wconf 73' lang='grc' dir='ltr'>νόμῳ</span> 
     </span>
    </p>
   </div>
   <div class='ocr_carea' id='block_1_9' title="bbox 284 997 1858 1079">
    <p class='ocr_par' dir='ltr' id='par_1_9' title="bbox 284 997 1858 1079">
     <span class='ocr_line' id='line_1_9' title="bbox 284 997 1858 1079; baseline 0.012 -31"><span class='ocrx_word' id='word_1_60' title='bbox 284 997 408 1050; x_wconf 84' lang='grc' dir='ltr'>τῶν</span> <span class='ocrx_word' id='word_1_61' title='bbox 451 999 838 1069; x_wconf 81' lang='grc' dir='ltr'>Ἰσμαηλιτῶν.</span> <span class='ocrx_word' id='word_1_62' title='bbox 885 1005 1118 1058; x_wconf 84' lang='grc' dir='ltr'>Δέκατον</span> <span class='ocrx_word' id='word_1_63' title='bbox 1149 1009 1229 1059; x_wconf 80' lang='grc' dir='ltr'>ὅτι</span> <span class='ocrx_word' id='word_1_64' title='bbox 1265 1011 1370 1079; x_wconf 79' lang='grc' dir='ltr'>πρὸ</span> <span class='ocrx_word' id='word_1_65' title='bbox 1402 1011 1570 1065; x_wconf 78' lang='grc' dir='ltr'>αὑτοῦ</span> <span class='ocrx_word' id='word_1_66' title='bbox 1603 1015 1662 1064; x_wconf 81' lang='grc' dir='ltr'>οὐ</span> <span class='ocrx_word' id='word_1_67' title='bbox 1693 1013 1858 1066; x_wconf 84' lang='grc' dir='ltr'>δύνα-</span> 
     </span>
    </p>
   </div>
   <div class='ocr_carea' id='block_1_10' title="bbox 281 1092 1863 1174">
    <p class='ocr_par' dir='ltr' id='par_1_10' title="bbox 281 1092 1863 1174">
     <span class='ocr_line' id='line_1_10' title="bbox 281 1092 1863 1174; baseline 0.01 -32"><span class='ocrx_word' id='word_1_68' title='bbox 281 1093 386 1144; x_wconf 79' lang='grc' dir='ltr'>ταί</span> <span class='ocrx_word' id='word_1_69' title='bbox 414 1108 496 1154; x_wconf 85' lang='grc' dir='ltr'>τις</span> <span class='ocrx_word' id='word_1_70' title='bbox 521 1092 787 1146; x_wconf 73' lang='grc' dir='ltr'>εἰσελθεῖν</span> <span class='ocrx_word' id='word_1_71' title='bbox 811 1097 891 1157; x_wconf 84' lang='grc' dir='ltr'>είς</span> <span class='ocrx_word' id='word_1_72' title='bbox 919 1098 1012 1148; x_wconf 83' lang='grc' dir='ltr'>τὸν</span> <span class='ocrx_word' id='word_1_73' title='bbox 1045 1101 1376 1168; x_wconf 73' lang='grc' dir='ltr'>παράδεισον</span> <span class='ocrx_word' id='word_1_74' title='bbox 1397 1119 1412 1133; x_wconf 74' lang='grc' dir='ltr'>ο</span> <span class='ocrx_word' id='word_1_75' title='bbox 1452 1106 1547 1156; x_wconf 79' lang='grc' dir='ltr'>καὶ</span> <span class='ocrx_word' id='word_1_76' title='bbox 1577 1104 1731 1166; x_wconf 78' lang='grc' dir='ltr'>αὖθίς</span> <span class='ocrx_word' id='word_1_77' title='bbox 1757 1122 1863 1174; x_wconf 82' lang='grc' dir='ltr'>φη-</span> 
     </span>
    </p>
   </div>
   <div class='ocr_carea' id='block_1_11' title="bbox 287 1185 1860 1266">
    <p class='ocr_par' dir='ltr' id='par_1_11' title="bbox 287 1185 1860 1266">
     <span class='ocr_line' id='line_1_11' title="bbox 287 1185 1860 1266; baseline 0.009 -31"><span class='ocrx_word' id='word_1_78' title='bbox 287 1200 385 1236; x_wconf 87' lang='grc' dir='ltr'>σιν</span> <span class='ocrx_word' id='word_1_79' title='bbox 415 1185 498 1236; x_wconf 83' lang='grc' dir='ltr'>ὅτι</span> <span class='ocrx_word' id='word_1_80' title='bbox 529 1185 734 1250; x_wconf 76' lang='grc' dir='ltr'>ἔδειξεν</span> <span class='ocrx_word' id='word_1_81' title='bbox 767 1188 918 1255; x_wconf 87' lang='grc' dir='ltr'>αύτῷ</span> <span class='ocrx_word' id='word_1_82' title='bbox 950 1192 976 1241; x_wconf 94' lang='lat'>6</span> <span class='ocrx_word' id='word_1_83' title='bbox 1004 1189 1132 1253; x_wconf 86' lang='grc' dir='ltr'>Θεὸς</span> <span class='ocrx_word' id='word_1_84' title='bbox 1161 1195 1430 1259; x_wconf 83' lang='grc' dir='ltr'>γυναῖκάς</span> <span class='ocrx_word' id='word_1_85' title='bbox 1455 1213 1513 1248; x_wconf 88' lang='grc' dir='ltr'>τε</span> <span class='ocrx_word' id='word_1_86' title='bbox 1543 1199 1634 1249; x_wconf 74' lang='grc' dir='ltr'>καὶ</span> <span class='ocrx_word' id='word_1_87' title='bbox 1663 1198 1860 1266; x_wconf 79' lang='grc' dir='ltr'>ἄνδρας</span> 
     </span>
    </p>
   </div>
   <div class='ocr_carea' id='block_1_12' title="bbox 284 1274 1859 1358">
    <p class='ocr_par' dir='ltr' id='par_1_12' title="bbox 284 1274 1859 1358">
     <span class='ocr_line' id='line_1_12' title="bbox 284 1274 1859 1358; baseline 0.012 -34"><span class='ocrx_word' id='word_1_88' title='bbox 284 1274 530 1338; x_wconf 77' lang='grc' dir='ltr'>πολλοὺς</span> <span class='ocrx_word' id='word_1_89' title='bbox 581 1279 924 1343; x_wconf 73' lang='grc' dir='ltr'>εἰσελθόντας</span> <span class='ocrx_word' id='word_1_90' title='bbox 955 1283 1062 1352; x_wconf 87' lang='grc' dir='ltr'>πρὸ</span> <span class='ocrx_word' id='word_1_91' title='bbox 1093 1285 1258 1338; x_wconf 68' lang='grc' dir='ltr'>αὐτοῦ</span> <span class='ocrx_word' id='word_1_92' title='bbox 1290 1290 1367 1344; x_wconf 82' lang='grc' dir='ltr'>είς</span> <span class='ocrx_word' id='word_1_93' title='bbox 1397 1287 1486 1340; x_wconf 79' lang='grc' dir='ltr'>τὸν</span> <span class='ocrx_word' id='word_1_94' title='bbox 1507 1290 1859 1358; x_wconf 80' lang='grc' dir='ltr'>παράδεισον.</span> 
     </span>
    </p>
   </div>
   <div class='ocr_carea' id='block_1_13' title="bbox 303 1365 1864 1444">
    <p class='ocr_par' dir='ltr' id='par_1_13' title="bbox 303 1365 1864 1444">
     <span class='ocr_line' id='line_1_13' title="bbox 303 1365 1864 1444; baseline 0.01 -27"><span class='ocrx_word' id='word_1_95' title='bbox 303 1365 631 1419; x_wconf 82' lang='grc' dir='ltr'>Ἐνδέκατον</span> <span class='ocrx_word' id='word_1_96' title='bbox 661 1370 746 1421; x_wconf 80' lang='grc' dir='ltr'>ὅτι</span> <span class='ocrx_word' id='word_1_97' title='bbox 776 1372 803 1421; x_wconf 87' lang='lat'>6</span> <span class='ocrx_word' id='word_1_98' title='bbox 846 1371 978 1435; x_wconf 80' lang='grc' dir='ltr'>Θεὸς</span> <span class='ocrx_word' id='word_1_99' title='bbox 1030 1375 1166 1441; x_wconf 88' lang='grc' dir='ltr'>μετὰ</span> <span class='ocrx_word' id='word_1_100' title='bbox 1213 1375 1310 1444; x_wconf 82' lang='grc' dir='ltr'>τὴν</span> <span class='ocrx_word' id='word_1_101' title='bbox 1346 1378 1642 1430; x_wconf 72' lang='grc' dir='ltr'>ἀνάστασιν</span> <span class='ocrx_word' id='word_1_102' title='bbox 1680 1381 1864 1442; x_wconf 82' lang='grc' dir='ltr'>οῖκους</span> 
     </span>
    </p>
   </div>
   <div class='ocr_carea' id='block_1_14' title="bbox 285 1457 1866 1538">
    <p class='ocr_par' dir='ltr' id='par_1_14' title="bbox 285 1457 1866 1538">
     <span class='ocr_line' id='line_1_14' title="bbox 285 1457 1866 1538; baseline 0.011 -32"><span class='ocrx_word' id='word_1_103' title='bbox 285 1457 650 1526; x_wconf 83' lang='grc' dir='ltr'>περικαλλεῖς</span> <span class='ocrx_word' id='word_1_104' title='bbox 678 1460 775 1513; x_wconf 73' lang='grc' dir='ltr'>καὶ</span> <span class='ocrx_word' id='word_1_105' title='bbox 807 1461 1008 1531; x_wconf 70' lang='grc' dir='ltr'>λουτρὰ</span> <span class='ocrx_word' id='word_1_106' title='bbox 1043 1466 1132 1517; x_wconf 65' lang='grc' dir='ltr'>καὶ</span> <span class='ocrx_word' id='word_1_107' title='bbox 1163 1469 1526 1537; x_wconf 77' lang='grc' dir='ltr'>παραδείσους</span> <span class='ocrx_word' id='word_1_108' title='bbox 1555 1471 1650 1523; x_wconf 64' lang='grc' dir='ltr'>καὶ</span> <span class='ocrx_word' id='word_1_109' title='bbox 1679 1473 1866 1538; x_wconf 86' lang='grc' dir='ltr'>γυναῖ-</span> 
     </span>
    </p>
   </div>
   <div class='ocr_carea' id='block_1_15' title="bbox 285 1550 1862 1630">
    <p class='ocr_par' dir='ltr' id='par_1_15' title="bbox 285 1550 1862 1630">
     <span class='ocr_line' id='line_1_15' title="bbox 285 1550 1862 1630; baseline 0.011 -32"><span class='ocrx_word' id='word_1_110' title='bbox 285 1565 403 1610; x_wconf 79' lang='grc' dir='ltr'>κας</span> <span class='ocrx_word' id='word_1_111' title='bbox 431 1550 632 1612; x_wconf 82' lang='grc' dir='ltr'>πολλὰς</span> <span class='ocrx_word' id='word_1_112' title='bbox 664 1552 1011 1621; x_wconf 80' lang='grc' dir='ltr'>ὑπισχνεῖται</span> <span class='ocrx_word' id='word_1_113' title='bbox 1040 1557 1223 1610; x_wconf 84' lang='grc' dir='ltr'>δοῦναι</span> <span class='ocrx_word' id='word_1_114' title='bbox 1253 1561 1364 1620; x_wconf 87' lang='grc' dir='ltr'>τοῖς</span> <span class='ocrx_word' id='word_1_115' title='bbox 1396 1560 1467 1628; x_wconf 84' lang='grc' dir='ltr'>τῷ</span> <span class='ocrx_word' id='word_1_116' title='bbox 1500 1561 1591 1613; x_wconf 80' lang='grc' dir='ltr'>τοῦ</span> <span class='ocrx_word' id='word_1_117' title='bbox 1614 1561 1862 1630; x_wconf 73' lang='grc' dir='ltr'>Μωάμεθ</span> 
     </span>
    </p>
   </div>
   <div class='ocr_carea' id='block_1_16' title="bbox 287 1640 1864 1724">
    <p class='ocr_par' dir='ltr' id='par_1_16' title="bbox 287 1640 1864 1724">
     <span class='ocr_line' id='line_1_16' title="bbox 287 1640 1864 1724; baseline 0.01 -33"><span class='ocrx_word' id='word_1_118' title='bbox 287 1640 450 1711; x_wconf 83' lang='grc' dir='ltr'>νόμῳ</span> <span class='ocrx_word' id='word_1_119' title='bbox 503 1643 917 1698; x_wconf 80' lang='grc' dir='ltr'>ἀκολουθοῦσιν.</span> <span class='ocrx_word' id='word_1_120' title='bbox 953 1649 1269 1702; x_wconf 83' lang='grc' dir='ltr'>Δωδέκατον</span> <span class='ocrx_word' id='word_1_121' title='bbox 1325 1652 1407 1705; x_wconf 77' lang='grc' dir='ltr'>ὅτι</span> <span class='ocrx_word' id='word_1_122' title='bbox 1673 1657 1732 1705; x_wconf 77' lang='grc' dir='ltr'>ἐν</span> <span class='ocrx_word' id='word_1_123' title='bbox 1785 1653 1864 1724; x_wconf 87' lang='grc' dir='ltr'>τῷ</span> 
     </span>
    </p>
   </div>
   <div class='ocr_carea' id='block_1_17' title="bbox 1959 645 3523 719">
    <p class='ocr_par' dir='ltr' id='par_1_17' title="bbox 1959 645 3523 719">
     <span class='ocr_line' id='line_1_17' title="bbox 1959 645 3523 719; baseline 0.001 -21"><span class='ocrx_word' id='word_1_124' title='bbox 1959 647 2106 714; x_wconf 83' lang='grc' dir='ltr'>γελοι</span> <span class='ocrx_word' id='word_1_125' title='bbox 2157 647 2578 719; x_wconf 82' lang='grc' dir='ltr'>προσεκύνησαν</span> <span class='ocrx_word' id='word_1_126' title='bbox 2609 647 2794 709; x_wconf 77' lang='grc' dir='ltr'>αὐτὸν,</span> <span class='ocrx_word' id='word_1_127' title='bbox 2842 647 2937 699; x_wconf 69' lang='grc' dir='ltr'>καὶ</span> <span class='ocrx_word' id='word_1_128' title='bbox 2969 647 3054 699; x_wconf 76' lang='grc' dir='ltr'>διὰ</span> <span class='ocrx_word' id='word_1_129' title='bbox 3087 645 3248 699; x_wconf 83' lang='grc' dir='ltr'>τοῦτο</span> <span class='ocrx_word' id='word_1_130' title='bbox 3277 645 3523 713; x_wconf 76' lang='grc' dir='ltr'>ἐγένοντο</span> 
     </span>
    </p>
   </div>
   <div class='ocr_carea' id='block_1_18' title="bbox 1958 736 3524 810">
    <p class='ocr_par' dir='ltr' id='par_1_18' title="bbox 1958 736 3524 810">
     <span class='ocr_line' id='line_1_18' title="bbox 1958 736 3524 810; baseline -0.004 -18"><span class='ocrx_word' id='word_1_131' title='bbox 1958 740 2233 810; x_wconf 78' lang='grc' dir='ltr'>δαίμονες.</span> <span class='ocrx_word' id='word_1_132' title='bbox 2268 741 2526 795; x_wconf 81' lang='grc' dir='ltr'>Εἰκοστὸν</span> <span class='ocrx_word' id='word_1_133' title='bbox 2555 741 2637 791; x_wconf 86' lang='grc' dir='ltr'>ὅτι</span> <span class='ocrx_word' id='word_1_134' title='bbox 2693 739 2985 793; x_wconf 83' lang='grc' dir='ltr'>ἀποδίδωσι</span> <span class='ocrx_word' id='word_1_135' title='bbox 3014 739 3116 807; x_wconf 81' lang='grc' dir='ltr'>τὴν</span> <span class='ocrx_word' id='word_1_136' title='bbox 3147 738 3324 788; x_wconf 67' lang='grc' dir='ltr'>αἰτίαν</span> <span class='ocrx_word' id='word_1_137' title='bbox 3353 736 3423 787; x_wconf 87' lang='grc' dir='ltr'>δι’</span> <span class='ocrx_word' id='word_1_138' title='bbox 3455 737 3524 805; x_wconf 74' lang='grc' dir='ltr'>ἢν</span> 
     </span>
    </p>
   </div>
   <div class='ocr_carea' id='block_1_19' title="bbox 1959 829 3523 899">
    <p class='ocr_par' dir='ltr' id='par_1_19' title="bbox 1959 829 3523 899">
     <span class='ocr_line' id='line_1_19' title="bbox 1959 829 3523 899; baseline -0.003 -14"><span class='ocrx_word' id='word_1_139' title='bbox 1959 832 2268 886; x_wconf 79' lang='grc' dir='ltr'>κεκώλυται</span> <span class='ocrx_word' id='word_1_140' title='bbox 2295 833 2721 888; x_wconf 73' lang='grc' dir='ltr'>αὐτοῖς’ὲσθίειν</span> <span class='ocrx_word' id='word_1_141' title='bbox 2765 832 2834 884; x_wconf 82' lang='grc' dir='ltr'>τὰ</span> <span class='ocrx_word' id='word_1_142' title='bbox 2881 831 3004 884; x_wconf 76' lang='grc' dir='ltr'>ὕεια</span> <span class='ocrx_word' id='word_1_143' title='bbox 3054 831 3213 899; x_wconf 86' lang='grc' dir='ltr'>κρέη.</span> <span class='ocrx_word' id='word_1_144' title='bbox 3264 829 3523 881; x_wconf 80' lang='grc' dir='ltr'>Εἰκοστὸν</span> 
     </span>
    </p>
   </div>
   <div class='ocr_carea' id='block_1_20' title="bbox 1961 923 3526 997">
    <p class='ocr_par' dir='ltr' id='par_1_20' title="bbox 1961 923 3526 997">
     <span class='ocr_line' id='line_1_20' title="bbox 1961 923 3526 997; baseline -0.004 -19"><span class='ocrx_word' id='word_1_145' title='bbox 1961 927 2183 997; x_wconf 81' lang='grc' dir='ltr'>πρῶτον</span> <span class='ocrx_word' id='word_1_146' title='bbox 2214 930 2296 980; x_wconf 80' lang='grc' dir='ltr'>ὅτι</span> <span class='ocrx_word' id='word_1_147' title='bbox 2326 926 2465 996; x_wconf 82' lang='grc' dir='ltr'>πρὸς</span> <span class='ocrx_word' id='word_1_148' title='bbox 2497 926 2575 996; x_wconf 83' lang='grc' dir='ltr'>τῷ</span> <span class='ocrx_word' id='word_1_149' title='bbox 2622 925 2768 978; x_wconf 81' lang='grc' dir='ltr'>τέλει</span> <span class='ocrx_word' id='word_1_150' title='bbox 2815 925 2908 977; x_wconf 85' lang='grc' dir='ltr'>τοῦ</span> <span class='ocrx_word' id='word_1_151' title='bbox 2940 925 3146 992; x_wconf 75' lang='grc' dir='ltr'>κόσμου</span> <span class='ocrx_word' id='word_1_152' title='bbox 3179 923 3470 975; x_wconf 82' lang='grc' dir='ltr'>ἀποκτενεῖ</span> <span class='ocrx_word' id='word_1_153' title='bbox 3497 923 3526 972; x_wconf 88' lang='lat'>6</span> 
     </span>
    </p>
   </div>
   <div class='ocr_carea' id='block_1_21' title="bbox 1961 1013 3526 1088">
    <p class='ocr_par' dir='ltr' id='par_1_21' title="bbox 1961 1013 3526 1088">
     <span class='ocr_line' id='line_1_21' title="bbox 1961 1013 3526 1088; baseline -0.005 -16"><span class='ocrx_word' id='word_1_154' title='bbox 1961 1021 2094 1084; x_wconf 89' lang='grc' dir='ltr'>Θεὸς</span> <span class='ocrx_word' id='word_1_155' title='bbox 2125 1023 2305 1074; x_wconf 82' lang='grc' dir='ltr'>πᾶσαν</span> <span class='ocrx_word' id='word_1_156' title='bbox 2327 1020 2487 1088; x_wconf 85' lang='grc' dir='ltr'>φύσιν</span> <span class='ocrx_word' id='word_1_157' title='bbox 2515 1019 2762 1086; x_wconf 81' lang='grc' dir='ltr'>ἀγγέλων</span> <span class='ocrx_word' id='word_1_158' title='bbox 2797 1019 2891 1071; x_wconf 73' lang='grc' dir='ltr'>καὶ</span> <span class='ocrx_word' id='word_1_159' title='bbox 2921 1017 3246 1084; x_wconf 81' lang='grc' dir='ltr'>ἀνθρώπων.</span> <span class='ocrx_word' id='word_1_160' title='bbox 3269 1013 3526 1068; x_wconf 78' lang='grc' dir='ltr'>Εἰκοστὸν</span> 
     </span>
    </p>
   </div>
   <div class='ocr_carea' id='block_1_22' title="bbox 1959 1107 3527 1184">
    <p class='ocr_par' dir='ltr' id='par_1_22' title="bbox 1959 1107 3527 1184">
     <span class='ocr_line' id='line_1_22' title="bbox 1959 1107 3527 1184; baseline -0.004 -18"><span class='ocrx_word' id='word_1_161' title='bbox 1959 1115 2215 1184; x_wconf 85' lang='grc' dir='ltr'>δεύτερον</span> <span class='ocrx_word' id='word_1_162' title='bbox 2244 1115 2330 1167; x_wconf 89' lang='grc' dir='ltr'>ὄτι</span> <span class='ocrx_word' id='word_1_163' title='bbox 2361 1112 2740 1181; x_wconf 71' lang='grc' dir='ltr'>συνεγράψατο</span> <span class='ocrx_word' id='word_1_164' title='bbox 2782 1111 2961 1181; x_wconf 83' lang='grc' dir='ltr'>βιϐλία</span> <span class='ocrx_word' id='word_1_165' title='bbox 2993 1109 3319 1163; x_wconf 85' lang='grc' dir='ltr'>δυοκαίδεκα</span> <span class='ocrx_word' id='word_1_166' title='bbox 3351 1107 3527 1176; x_wconf 78' lang='grc' dir='ltr'>χιλιά-</span> 
     </span>
    </p>
   </div>
   <div class='ocr_carea' id='block_1_23' title="bbox 1961 1189 3530 1272">
    <p class='ocr_par' dir='ltr' id='par_1_23' title="bbox 1961 1189 3530 1272">
     <span class='ocr_line' id='line_1_23' title="bbox 1961 1189 3530 1272; baseline -0.005 -15"><span class='ocrx_word' id='word_1_167' title='bbox 1961 1204 2054 1265; x_wconf 88' lang='grc' dir='ltr'>δας</span> <span class='ocrx_word' id='word_1_168' title='bbox 2080 1189 2273 1272; x_wconf 81' lang='grc' dir='ltr'>λόγους</span> <span class='ocrx_word' id='word_1_169' title='bbox 2305 1202 2500 1270; x_wconf 73' lang='grc' dir='ltr'>ἔχοντα</span> <span class='ocrx_word' id='word_1_170' title='bbox 2538 1202 2695 1272; x_wconf 79' lang='lat'>301</span> <span class='ocrx_word' id='word_1_171' title='bbox 2741 1200 3113 1269; x_wconf 65' lang='grc' dir='ltr'>θαυμαστοὺς.</span> <span class='ocrx_word' id='word_1_172' title='bbox 3139 1201 3235 1251; x_wconf 71' lang='grc' dir='ltr'>καὶ</span> <span class='ocrx_word' id='word_1_173' title='bbox 3264 1198 3372 1251; x_wconf 80' lang='grc' dir='ltr'>ἀπὸ</span> <span class='ocrx_word' id='word_1_174' title='bbox 3402 1197 3530 1250; x_wconf 82' lang='grc' dir='ltr'>τού·</span> 
     </span>
    </p>
   </div>
   <div class='ocr_carea' id='block_1_24' title="bbox 1961 1288 3528 1361">
    <p class='ocr_par' dir='ltr' id='par_1_24' title="bbox 1961 1288 3528 1361">
     <span class='ocr_line' id='line_1_24' title="bbox 1961 1288 3528 1361; baseline -0.003 -18"><span class='ocrx_word' id='word_1_175' title='bbox 1961 1308 2072 1345; x_wconf 87' lang='grc' dir='ltr'>των</span> <span class='ocrx_word' id='word_1_176' title='bbox 2104 1293 2288 1361; x_wconf 76' lang='grc' dir='ltr'>οἱμὲν</span> <span class='ocrx_word' id='word_1_177' title='bbox 2337 1293 2629 1361; x_wconf 81' lang='grc' dir='ltr'>τρισχίλιοί</span> <span class='ocrx_word' id='word_1_178' title='bbox 2682 1292 2824 1343; x_wconf 77' lang='grc' dir='ltr'>εἰσιν</span> <span class='ocrx_word' id='word_1_179' title='bbox 2873 1290 3093 1358; x_wconf 79' lang='grc' dir='ltr'>ἀληθεῖς</span> <span class='ocrx_word' id='word_1_180' title='bbox 3142 1291 3192 1342; x_wconf 80' lang='lat' dir='ltr'>oi</span> <span class='ocrx_word' id='word_1_181' title='bbox 3246 1289 3302 1342; x_wconf 81' lang='grc' dir='ltr'>δὲ</span> <span class='ocrx_word' id='word_1_182' title='bbox 3347 1288 3528 1357; x_wconf 69' lang='grc' dir='ltr'>ἕτεροι</span> 
     </span>
    </p>
   </div>
   <div class='ocr_carea' id='block_1_25' title="bbox 1962 1365 3609 1450">
    <p class='ocr_par' dir='ltr' id='par_1_25' title="bbox 1962 1365 3609 1450">
     <span class='ocr_line' id='line_1_25' title="bbox 1962 1365 3609 1450; baseline -0.005 -16"><span class='ocrx_word' id='word_1_183' title='bbox 1962 1381 2201 1450; x_wconf 80' lang='grc' dir='ltr'>ψευδεῖς.</span> <span class='ocrx_word' id='word_1_184' title='bbox 2242 1380 2503 1432; x_wconf 72' lang='grc' dir='ltr'>Εἰκοστὸν</span> <span class='ocrx_word' id='word_1_185' title='bbox 2535 1378 2720 1446; x_wconf 84' lang='grc' dir='ltr'>τρίτον</span> <span class='ocrx_word' id='word_1_186' title='bbox 2755 1379 2836 1429; x_wconf 76' lang='grc' dir='ltr'>ὅτι</span> <span class='ocrx_word' id='word_1_187' title='bbox 2871 1379 2929 1428; x_wconf 83' lang='grc' dir='ltr'>ὲν</span> <span class='ocrx_word' id='word_1_188' title='bbox 2975 1377 3052 1444; x_wconf 82' lang='grc' dir='ltr'>τῷ</span> <span class='ocrx_word' id='word_1_189' title='bbox 3085 1376 3277 1446; x_wconf 86' lang='grc' dir='ltr'>βιϐλίῳ</span> <span class='ocrx_word' id='word_1_190' title='bbox 3303 1376 3382 1445; x_wconf 81' lang='grc' dir='ltr'>τῷ</span> <span class='ocrx_word' id='word_1_191' title='bbox 3423 1379 3530 1428; x_wconf 78' lang='grc' dir='ltr'>Κε-</span> 
     </span>
    </p>
   </div>
   <div class='ocr_carea' id='block_1_26' title="bbox 1967 1461 3604 1540">
    <p class='ocr_par' dir='ltr' id='par_1_26' title="bbox 1967 1461 3604 1540">
     <span class='ocr_line' id='line_1_26' title="bbox 1967 1461 3604 1540; baseline -0.004 -16"><span class='ocrx_word' id='word_1_192' title='bbox 1967 1471 2154 1540; x_wconf 80' lang='grc' dir='ltr'>ραμάρ</span> <span class='ocrx_word' id='word_1_193' title='bbox 2186 1487 2355 1539; x_wconf 80' lang='grc' dir='ltr'>φησιν</span> <span class='ocrx_word' id='word_1_194' title='bbox 2387 1469 2463 1532; x_wconf 81' lang='grc' dir='ltr'>ὡς</span> <span class='ocrx_word' id='word_1_195' title='bbox 2511 1468 2693 1538; x_wconf 76' lang='grc' dir='ltr'>ἔσχισε</span> <span class='ocrx_word' id='word_1_196' title='bbox 2743 1468 2843 1537; x_wconf 83' lang='grc' dir='ltr'>τὴν</span> <span class='ocrx_word' id='word_1_197' title='bbox 2881 1468 3114 1536; x_wconf 77' lang='grc' dir='ltr'>σελήνην</span> <span class='ocrx_word' id='word_1_198' title='bbox 3148 1467 3230 1528; x_wconf 86' lang='grc' dir='ltr'>είς</span> <span class='ocrx_word' id='word_1_199' title='bbox 3264 1465 3356 1519; x_wconf 90' lang='grc' dir='ltr'>δύο</span> <span class='ocrx_word' id='word_1_200' title='bbox 3389 1467 3533 1534; x_wconf 81' lang='grc' dir='ltr'>τμή-</span> <span class='ocrx_word' id='word_1_201' title='bbox 3591 1461 3604 1518; x_wconf 79' lang='lat' dir='ltr'>i</span> 
     </span>
    </p>
   </div>
   <div class='ocr_carea' id='block_1_27' title="bbox 1967 1539 3599 1634">
    <p class='ocr_par' dir='ltr' id='par_1_27' title="bbox 1967 1539 3599 1634">
     <span class='ocr_line' id='line_1_27' title="bbox 1967 1539 3599 1634; baseline -0.004 -19"><span class='ocrx_word' id='word_1_202' title='bbox 1967 1539 2132 1633; x_wconf 84' lang='grc' dir='ltr'>ματα.</span> <span class='ocrx_word' id='word_1_203' title='bbox 2159 1563 2347 1616; x_wconf 76' lang='grc' dir='ltr'>καὶτὸ</span> <span class='ocrx_word' id='word_1_204' title='bbox 2401 1563 2498 1631; x_wconf 82' lang='grc' dir='ltr'>μὲν</span> <span class='ocrx_word' id='word_1_205' title='bbox 2543 1564 2716 1630; x_wconf 71' lang='grc' dir='ltr'>ἣμισυ</span> <span class='ocrx_word' id='word_1_206' title='bbox 2775 1561 2883 1613; x_wconf 80' lang='grc' dir='ltr'>ἀπὸ</span> <span class='ocrx_word' id='word_1_207' title='bbox 2915 1560 3123 1612; x_wconf 87' lang='grc' dir='ltr'>τούτων</span> <span class='ocrx_word' id='word_1_208' title='bbox 3171 1559 3422 1627; x_wconf 79' lang='grc' dir='ltr'>είσῆλθεν</span> <span class='ocrx_word' id='word_1_209' title='bbox 3452 1559 3529 1619; x_wconf 82' lang='grc' dir='ltr'>εἰς</span> 
     </span>
    </p>
   </div>
   <div class='ocr_carea' id='block_1_28' title="bbox 1963 1646 3594 1724">
    <p class='ocr_par' dir='ltr' id='par_1_28' title="bbox 1963 1646 3594 1724">
     <span class='ocr_line' id='line_1_28' title="bbox 1963 1646 3594 1724; baseline -0.005 -17"><span class='ocrx_word' id='word_1_210' title='bbox 1963 1655 2053 1707; x_wconf 85' lang='grc' dir='ltr'>τὸν</span> <span class='ocrx_word' id='word_1_211' title='bbox 2081 1653 2289 1724; x_wconf 82' lang='grc' dir='ltr'>χιτῶνα</span> <span class='ocrx_word' id='word_1_212' title='bbox 2319 1654 2504 1713; x_wconf 80' lang='grc' dir='ltr'>αὐτοῦ,</span> <span class='ocrx_word' id='word_1_213' title='bbox 2537 1654 2596 1705; x_wconf 88' lang='grc' dir='ltr'>τὸ</span> <span class='ocrx_word' id='word_1_214' title='bbox 2634 1653 2690 1706; x_wconf 78' lang='grc' dir='ltr'>δὲ</span> <span class='ocrx_word' id='word_1_215' title='bbox 2741 1652 2928 1721; x_wconf 75' lang='grc' dir='ltr'>ἕτερον</span> <span class='ocrx_word' id='word_1_216' title='bbox 2979 1652 3154 1720; x_wconf 72' lang='grc' dir='ltr'>ἣμισυ</span> <span class='ocrx_word' id='word_1_217' title='bbox 3207 1649 3400 1702; x_wconf 77' lang='grc' dir='ltr'>ἔπεσεν</span> <span class='ocrx_word' id='word_1_218' title='bbox 3449 1651 3530 1708; x_wconf 82' lang='grc' dir='ltr'>είς</span> <span class='ocrx_word' id='word_1_219' title='bbox 3588 1646 3594 1712; x_wconf 67' lang='grc' dir='ltr'><em>ξ</em></span> 
     </span>
    </p>
   </div>
   <div class='ocr_carea' id='block_1_29' title="bbox 285 1733 3530 1816">
    <p class='ocr_par' dir='ltr' id='par_1_29' title="bbox 285 1733 3530 1816">
     <span class='ocr_line' id='line_1_29' title="bbox 285 1733 3530 1816; baseline 0.002 -29"><span class='ocrx_word' id='word_1_220' title='bbox 285 1733 578 1802; x_wconf 72' lang='grc' dir='ltr'>κεφαλαίῳ</span> <span class='ocrx_word' id='word_1_221' title='bbox 608 1735 686 1806; x_wconf 78' lang='grc' dir='ltr'>τῷ</span> <span class='ocrx_word' id='word_1_222' title='bbox 723 1736 828 1789; x_wconf 80' lang='grc' dir='ltr'>Σάδ</span> <span class='ocrx_word' id='word_1_223' title='bbox 858 1755 1026 1807; x_wconf 63' lang='grc' dir='ltr'>φησιν</span> <span class='ocrx_word' id='word_1_224' title='bbox 1071 1741 1146 1802; x_wconf 81' lang='grc' dir='ltr'>ὡς</span> <span class='ocrx_word' id='word_1_225' title='bbox 1179 1742 1228 1794; x_wconf 85' lang='grc' dir='ltr'>οἱ</span> <span class='ocrx_word' id='word_1_226' title='bbox 1263 1744 1361 1810; x_wconf 79' lang='grc' dir='ltr'>μὲν</span> <span class='ocrx_word' id='word_1_227' title='bbox 1407 1746 1631 1812; x_wconf 78' lang='grc' dir='ltr'>ἄγγελοι</span> <span class='ocrx_word' id='word_1_228' title='bbox 1665 1745 1729 1798; x_wconf 85' lang='grc' dir='ltr'>ὲκ</span> <span class='ocrx_word' id='word_1_229' title='bbox 1763 1764 1866 1798; x_wconf 87' lang='grc' dir='ltr'>πυ·</span> <span class='ocrx_word' id='word_1_230' title='bbox 1964 1749 2064 1814; x_wconf 72' lang='grc' dir='ltr'>τὴν</span> <span class='ocrx_word' id='word_1_231' title='bbox 2116 1750 2240 1816; x_wconf 78' lang='grc' dir='ltr'>γῆν,</span> <span class='ocrx_word' id='word_1_232' title='bbox 2277 1749 2383 1798; x_wconf 71' lang='grc' dir='ltr'>’καὶ</span> <span class='ocrx_word' id='word_1_233' title='bbox 2434 1742 2591 1808; x_wconf 76' lang='grc' dir='ltr'>αὖθις</span> <span class='ocrx_word' id='word_1_234' title='bbox 2642 1744 3098 1809; x_wconf 75' lang='grc' dir='ltr'>ἀποκατέστησεν</span> <span class='ocrx_word' id='word_1_235' title='bbox 3148 1740 3319 1810; x_wconf 73' lang='grc' dir='ltr'>αὐτὴν</span> <span class='ocrx_word' id='word_1_236' title='bbox 3364 1740 3530 1792; x_wconf 81' lang='grc' dir='ltr'>σὼαν.</span> 
     </span>
    </p>
   </div>
   <div class='ocr_carea' id='block_1_30' title="bbox 294 1823 3534 1906">
    <p class='ocr_par' dir='ltr' id='par_1_30' title="bbox 294 1823 3534 1906">
     <span class='ocr_line' id='line_1_30' title="bbox 294 1823 3534 1906; baseline 0.003 -32"><span class='ocrx_word' id='word_1_237' title='bbox 294 1823 392 1890; x_wconf 74' lang='grc' dir='ltr'>ρὸς</span> <span class='ocrx_word' id='word_1_238' title='bbox 427 1824 970 1895; x_wconf 75' lang='grc' dir='ltr'>ἐδημιουργήθησαν,</span> <span class='ocrx_word' id='word_1_239' title='bbox 1002 1831 1051 1881; x_wconf 76' lang='lat' dir='ltr'>oi</span> <span class='ocrx_word' id='word_1_240' title='bbox 1079 1832 1134 1883; x_wconf 71' lang='grc' dir='ltr'>δὲ</span> <span class='ocrx_word' id='word_1_241' title='bbox 1161 1833 1442 1900; x_wconf 77' lang='grc' dir='ltr'>ἄνθρωποι</span> <span class='ocrx_word' id='word_1_242' title='bbox 1479 1837 1543 1887; x_wconf 82' lang='grc' dir='ltr'>ὲκ</span> <span class='ocrx_word' id='word_1_243' title='bbox 1574 1837 1718 1906; x_wconf 83' lang='grc' dir='ltr'>χοός.</span> <span class='ocrx_word' id='word_1_244' title='bbox 1772 1840 1866 1891; x_wconf 80' lang='grc' dir='ltr'>Δέ-</span> <span class='ocrx_word' id='word_1_245' title='bbox 1969 1839 2225 1891; x_wconf 77' lang='grc' dir='ltr'>Εἰκοστὸν</span> <span class='ocrx_word' id='word_1_246' title='bbox 2250 1838 2511 1906; x_wconf 83' lang='grc' dir='ltr'>τέταρτον</span> <span class='ocrx_word' id='word_1_247' title='bbox 2531 1837 2612 1889; x_wconf 84' lang='grc' dir='ltr'>ὅτι</span> <span class='ocrx_word' id='word_1_248' title='bbox 2633 1839 2662 1888; x_wconf 85' lang='lat'>6</span> <span class='ocrx_word' id='word_1_249' title='bbox 2688 1837 2820 1898; x_wconf 76' lang='grc' dir='ltr'>Θεὸς</span> <span class='ocrx_word' id='word_1_250' title='bbox 2842 1835 2935 1887; x_wconf 70' lang='grc' dir='ltr'>καὶ</span> <span class='ocrx_word' id='word_1_251' title='bbox 2960 1836 3010 1886; x_wconf 81' lang='lat' dir='ltr'>oi</span> <span class='ocrx_word' id='word_1_252' title='bbox 3037 1833 3256 1900; x_wconf 78' lang='grc' dir='ltr'>ἄγγελοι</span> <span class='ocrx_word' id='word_1_253' title='bbox 3281 1830 3534 1900; x_wconf 74' lang='grc' dir='ltr'>εὔχονται</span> 
     </span>
    </p>
   </div>
   <div class='ocr_carea' id='block_1_31' title="bbox 291 1912 3535 1999">
    <p class='ocr_par' dir='ltr' id='par_1_31' title="bbox 291 1912 3535 1999">
     <span class='ocr_line' id='line_1_31' title="bbox 291 1912 3535 1999; baseline -0.004 -13"><span class='ocrx_word' id='word_1_254' title='bbox 291 1932 464 1968; x_wconf 76' lang='grc' dir='ltr'><strong>κατον</strong></span> <span class='ocrx_word' id='word_1_255' title='bbox 494 1918 680 1985; x_wconf 80' lang='grc' dir='ltr'>τρίτον</span> <span class='ocrx_word' id='word_1_256' title='bbox 707 1920 789 1972; x_wconf 75' lang='grc' dir='ltr'>δτι</span> <span class='ocrx_word' id='word_1_257' title='bbox 818 1921 874 1972; x_wconf 75' lang='grc' dir='ltr'>ἒν</span> <span class='ocrx_word' id='word_1_258' title='bbox 909 1923 987 1990; x_wconf 83' lang='grc' dir='ltr'>τῷ</span> <span class='ocrx_word' id='word_1_259' title='bbox 1027 1925 1308 1995; x_wconf 73' lang='grc' dir='ltr'>κεφαλαίῳ</span> <span class='ocrx_word' id='word_1_260' title='bbox 1345 1927 1422 1994; x_wconf 80' lang='grc' dir='ltr'>τῷ</span> <span class='ocrx_word' id='word_1_261' title='bbox 1457 1927 1694 1996; x_wconf 79' lang='grc' dir='ltr'>Νεμελὲ,</span> <span class='ocrx_word' id='word_1_262' title='bbox 1721 1931 1860 1999; x_wconf 83' lang='grc' dir='ltr'>ὅπερ</span> <span class='ocrx_word' id='word_1_263' title='bbox 1897 1912 1936 1966; x_wconf 72' lang='grc' dir='ltr'>Β</span> <span class='ocrx_word' id='word_1_264' title='bbox 1967 1931 2108 1998; x_wconf 78' lang='grc' dir='ltr'>ὑπὲρ</span> <span class='ocrx_word' id='word_1_265' title='bbox 2140 1928 2235 1980; x_wconf 88' lang='grc' dir='ltr'>τοῦ</span> <span class='ocrx_word' id='word_1_266' title='bbox 2267 1928 2540 1995; x_wconf 71' lang='grc' dir='ltr'>Μωάμεθ.</span> <span class='ocrx_word' id='word_1_267' title='bbox 2572 1927 2833 1980; x_wconf 76' lang='grc' dir='ltr'>Εἰκοστὸν</span> <span class='ocrx_word' id='word_1_268' title='bbox 2859 1928 3113 1994; x_wconf 84' lang='grc' dir='ltr'>πέμπτον</span> <span class='ocrx_word' id='word_1_269' title='bbox 3144 1924 3228 1976; x_wconf 83' lang='grc' dir='ltr'>ὅτι</span> <span class='ocrx_word' id='word_1_270' title='bbox 3258 1924 3317 1974; x_wconf 70' lang='grc' dir='ltr'>ἐν</span> <span class='ocrx_word' id='word_1_271' title='bbox 3345 1922 3422 1990; x_wconf 84' lang='grc' dir='ltr'>τῷ</span> <span class='ocrx_word' id='word_1_272' title='bbox 3445 1937 3535 1974; x_wconf 80' lang='grc' dir='ltr'>κε-</span> 
     </span>
    </p>
   </div>
   <div class='ocr_carea' id='block_1_32' title="bbox 290 2008 3533 2091">
    <p class='ocr_par' dir='ltr' id='par_1_32' title="bbox 290 2008 3533 2091">
     <span class='ocr_line' id='line_1_32' title="bbox 290 2008 3533 2091; baseline 0.002 -33"><span class='ocrx_word' id='word_1_273' title='bbox 290 2008 666 2077; x_wconf 74' lang='grc' dir='ltr'>ἑρμηνεύεται</span> <span class='ocrx_word' id='word_1_274' title='bbox 699 2010 864 2078; x_wconf 70' lang='grc' dir='ltr'>Μυῖα,</span> <span class='ocrx_word' id='word_1_275' title='bbox 900 2016 1034 2082; x_wconf 69' lang='grc' dir='ltr'>φησὶ</span> <span class='ocrx_word' id='word_1_276' title='bbox 1066 2017 1194 2085; x_wconf 85' lang='grc' dir='ltr'>περὶ</span> <span class='ocrx_word' id='word_1_277' title='bbox 1243 2017 1337 2070; x_wconf 80' lang='grc' dir='ltr'>τοῦ</span> <span class='ocrx_word' id='word_1_278' title='bbox 1387 2019 1733 2088; x_wconf 77' lang='grc' dir='ltr'>Σολομῶντος</span> <span class='ocrx_word' id='word_1_279' title='bbox 1767 2022 1860 2073; x_wconf 78' lang='grc' dir='ltr'>καὶ</span> <span class='ocrx_word' id='word_1_280' title='bbox 1964 2021 2294 2091; x_wconf 29' lang='grc' dir='ltr'>φαλαίῳιτῷ</span> <span class='ocrx_word' id='word_1_281' title='bbox 2343 2021 2626 2088; x_wconf 76' lang='grc' dir='ltr'>Ἑλμαῖδᾶ,</span> <span class='ocrx_word' id='word_1_282' title='bbox 2661 2021 2798 2090; x_wconf 82' lang='grc' dir='ltr'>ὅπερ</span> <span class='ocrx_word' id='word_1_283' title='bbox 2842 2017 3213 2088; x_wconf 82' lang='grc' dir='ltr'>ἑρμηνεύεται</span> <span class='ocrx_word' id='word_1_284' title='bbox 3249 2012 3533 2084; x_wconf 76' lang='grc' dir='ltr'>Τράπεζα,</span> 
     </span>
    </p>
   </div>
   <div class='ocr_carea' id='block_1_33' title="bbox 287 2101 1866 2181">
    <p class='ocr_par' dir='ltr' id='par_1_33' title="bbox 287 2101 1866 2181">
     <span class='ocr_line' id='line_1_33' title="bbox 287 2101 1866 2181; baseline 0.008 -30"><span class='ocrx_word' id='word_1_285' title='bbox 287 2101 405 2151; x_wconf 68' lang='grc' dir='ltr'>τῶν</span> <span class='ocrx_word' id='word_1_286' title='bbox 445 2103 618 2168; x_wconf 81' lang='grc' dir='ltr'>μυιῶν</span> <span class='ocrx_word' id='word_1_287' title='bbox 649 2103 846 2171; x_wconf 74' lang='grc' dir='ltr'>ψεῦδός</span> <span class='ocrx_word' id='word_1_288' title='bbox 877 2123 931 2157; x_wconf 91' lang='grc' dir='ltr'>τι</span> <span class='ocrx_word' id='word_1_289' title='bbox 961 2107 1178 2175; x_wconf 73' lang='grc' dir='ltr'>εὔηθες,</span> <span class='ocrx_word' id='word_1_290' title='bbox 1209 2110 1348 2177; x_wconf 80' lang='grc' dir='ltr'>ὅπερ</span> <span class='ocrx_word' id='word_1_291' title='bbox 1384 2111 1476 2164; x_wconf 86' lang='grc' dir='ltr'>καί</span> <span class='ocrx_word' id='word_1_292' title='bbox 1505 2129 1660 2181; x_wconf 81' lang='grc' dir='ltr'>φησι.</span> <span class='ocrx_word' id='word_1_293' title='bbox 1694 2114 1866 2165; x_wconf 81' lang='grc' dir='ltr'>Δέκα-</span> 
     </span>
    </p>
   </div>
   <div class='ocr_carea' id='block_1_34' title="bbox 289 2192 1864 2275">
    <p class='ocr_par' dir='ltr' id='par_1_34' title="bbox 289 2192 1864 2275">
     <span class='ocr_line' id='line_1_34' title="bbox 289 2192 1864 2275; baseline 0.011 -36"><span class='ocrx_word' id='word_1_294' title='bbox 289 2206 390 2240; x_wconf 86' lang='grc' dir='ltr'>τον</span> <span class='ocrx_word' id='word_1_295' title='bbox 443 2192 705 2261; x_wconf 82' lang='grc' dir='ltr'>τέταρτον</span> <span class='ocrx_word' id='word_1_296' title='bbox 755 2197 838 2247; x_wconf 84' lang='grc' dir='ltr'>ὅτι</span> <span class='ocrx_word' id='word_1_297' title='bbox 891 2200 949 2249; x_wconf 74' lang='grc' dir='ltr'>ἐν</span> <span class='ocrx_word' id='word_1_298' title='bbox 986 2199 1064 2266; x_wconf 80' lang='grc' dir='ltr'>τῷ</span> <span class='ocrx_word' id='word_1_299' title='bbox 1115 2202 1401 2270; x_wconf 73' lang='grc' dir='ltr'>κεφαλαίῳ</span> <span class='ocrx_word' id='word_1_300' title='bbox 1453 2204 1530 2272; x_wconf 84' lang='grc' dir='ltr'>τῷ</span> <span class='ocrx_word' id='word_1_301' title='bbox 1591 2204 1864 2275; x_wconf 80' lang='grc' dir='ltr'>Ῥουϐεπᾷ</span> 
     </span>
    </p>
   </div>
   <div class='ocr_carea' id='block_1_35' title="bbox 289 2281 1862 2365">
    <p class='ocr_par' dir='ltr' id='par_1_35' title="bbox 289 2281 1862 2365">
     <span class='ocr_line' id='line_1_35' title="bbox 289 2281 1862 2365; baseline 0.011 -33"><span class='ocrx_word' id='word_1_302' title='bbox 289 2281 434 2351; x_wconf 80' lang='grc' dir='ltr'>φησὶ</span> <span class='ocrx_word' id='word_1_303' title='bbox 457 2284 588 2358; x_wconf 75' lang='grc' dir='ltr'>περὶ</span> <span class='ocrx_word' id='word_1_304' title='bbox 613 2284 706 2336; x_wconf 89' lang='grc' dir='ltr'>τοῦ</span> <span class='ocrx_word' id='word_1_305' title='bbox 734 2285 1083 2356; x_wconf 81' lang='grc' dir='ltr'>Σολομῶντος</span> <span class='ocrx_word' id='word_1_306' title='bbox 1113 2293 1206 2343; x_wconf 80' lang='grc' dir='ltr'>καὶ</span> <span class='ocrx_word' id='word_1_307' title='bbox 1233 2293 1326 2344; x_wconf 88' lang='grc' dir='ltr'>τοῦ</span> <span class='ocrx_word' id='word_1_308' title='bbox 1357 2294 1640 2362; x_wconf 80' lang='grc' dir='ltr'>σκώληκος</span> <span class='ocrx_word' id='word_1_309' title='bbox 1665 2297 1862 2365; x_wconf 71' lang='grc' dir='ltr'>ὁμοίως</span> 
     </span>
    </p>
   </div>
   <div class='ocr_carea' id='block_1_36' title="bbox 289 2374 1865 2455">
    <p class='ocr_par' dir='ltr' id='par_1_36' title="bbox 289 2374 1865 2455">
     <span class='ocr_line' id='line_1_36' title="bbox 289 2374 1865 2455; baseline 0.008 -31"><span class='ocrx_word' id='word_1_310' title='bbox 289 2377 374 2440; x_wconf 84' lang='grc' dir='ltr'>τῷ</span> <span class='ocrx_word' id='word_1_311' title='bbox 425 2374 679 2443; x_wconf 80' lang='grc' dir='ltr'>ἀνωτέρῳ</span> <span class='ocrx_word' id='word_1_312' title='bbox 713 2376 921 2444; x_wconf 70' lang='grc' dir='ltr'>ψεύδει.</span> <span class='ocrx_word' id='word_1_313' title='bbox 966 2381 1204 2434; x_wconf 82' lang='grc' dir='ltr'>Δέκατον</span> <span class='ocrx_word' id='word_1_314' title='bbox 1257 2384 1509 2451; x_wconf 84' lang='grc' dir='ltr'>πέμπτον</span> <span class='ocrx_word' id='word_1_315' title='bbox 1561 2387 1640 2437; x_wconf 86' lang='grc' dir='ltr'>ὅτι</span> <span class='ocrx_word' id='word_1_316' title='bbox 1690 2388 1748 2437; x_wconf 77' lang='grc' dir='ltr'>ἐν</span> <span class='ocrx_word' id='word_1_317' title='bbox 1787 2387 1865 2455; x_wconf 84' lang='grc' dir='ltr'>τῷ</span> 
     </span>
    </p>
   </div>
   <div class='ocr_carea' id='block_1_37' title="bbox 295 2463 1864 2546">
    <p class='ocr_par' dir='ltr' id='par_1_37' title="bbox 295 2463 1864 2546">
     <span class='ocr_line' id='line_1_37' title="bbox 295 2463 1864 2546; baseline 0.007 -29"><span class='ocrx_word' id='word_1_318' title='bbox 295 2463 492 2535; x_wconf 85' lang='grc' dir='ltr'>βιϐλίῳ</span> <span class='ocrx_word' id='word_1_319' title='bbox 521 2467 629 2519; x_wconf 85' lang='grc' dir='ltr'>τῶν</span> <span class='ocrx_word' id='word_1_320' title='bbox 658 2468 967 2538; x_wconf 73' lang='grc' dir='ltr'>διηγήσεων</span> <span class='ocrx_word' id='word_1_321' title='bbox 1001 2473 1293 2526; x_wconf 69' lang='grc' dir='ltr'>ἀποδίδωσι</span> <span class='ocrx_word' id='word_1_322' title='bbox 1347 2479 1446 2544; x_wconf 74' lang='grc' dir='ltr'>τὴν</span> <span class='ocrx_word' id='word_1_323' title='bbox 1494 2479 1676 2529; x_wconf 81' lang='grc' dir='ltr'>αἰτίαν</span> <span class='ocrx_word' id='word_1_324' title='bbox 1703 2477 1770 2530; x_wconf 85' lang='grc' dir='ltr'>δι’</span> <span class='ocrx_word' id='word_1_325' title='bbox 1797 2478 1864 2546; x_wconf 73' lang='grc' dir='ltr'>ἢν</span> 
     </span>
    </p>
   </div>
   <div class='ocr_carea' id='block_1_38' title="bbox 294 2552 1865 2622">
    <p class='ocr_par' dir='ltr' id='par_1_38' title="bbox 294 2552 1865 2622">
     <span class='ocr_line' id='line_1_38' title="bbox 294 2552 1865 2622; baseline 0.01 -18"><span class='ocrx_word' id='word_1_326' title='bbox 294 2557 325 2604; x_wconf 79' lang='grc' dir='ltr'>ὁ</span> <span class='ocrx_word' id='word_1_327' title='bbox 354 2552 497 2616; x_wconf 81' lang='grc' dir='ltr'>οῐνος</span> <span class='ocrx_word' id='word_1_328' title='bbox 534 2556 846 2611; x_wconf 75' lang='grc' dir='ltr'>κεκώλυται</span> <span class='ocrx_word' id='word_1_329' title='bbox 873 2562 1077 2622; x_wconf 77' lang='grc' dir='ltr'>αὐτοῖς.</span> <span class='ocrx_word' id='word_1_330' title='bbox 1113 2565 1352 2616; x_wconf 82' lang='grc' dir='ltr'>Δέκατον</span> <span class='ocrx_word' id='word_1_331' title='bbox 1388 2565 1548 2618; x_wconf 75' lang='grc' dir='ltr'>ἕκτον</span> <span class='ocrx_word' id='word_1_332' title='bbox 1578 2566 1658 2618; x_wconf 79' lang='grc' dir='ltr'>ὅτι</span> <span class='ocrx_word' id='word_1_333' title='bbox 1687 2569 1714 2619; x_wconf 92' lang='lat'>6</span> <span class='ocrx_word' id='word_1_334' title='bbox 1745 2582 1865 2619; x_wconf 86' lang='grc' dir='ltr'>κτι-</span> 
     </span>
    </p>
   </div>
   <div class='ocr_carea' id='block_1_39' title="bbox 294 2648 1868 2727">
    <p class='ocr_par' dir='ltr' id='par_1_39' title="bbox 294 2648 1868 2727">
     <span class='ocr_line' id='line_1_39' title="bbox 294 2648 1868 2727; baseline 0.01 -31"><span class='ocrx_word' id='word_1_335' title='bbox 294 2648 427 2707; x_wconf 83' lang='grc' dir='ltr'>στὸς</span> <span class='ocrx_word' id='word_1_336' title='bbox 447 2649 672 2717; x_wconf 83' lang='grc' dir='ltr'>οὐρανὸς</span> <span class='ocrx_word' id='word_1_337' title='bbox 699 2650 854 2713; x_wconf 77' lang='grc' dir='ltr'>οὗτος</span> <span class='ocrx_word' id='word_1_338' title='bbox 883 2653 1108 2719; x_wconf 75' lang='grc' dir='ltr'>γέγονεν</span> <span class='ocrx_word' id='word_1_339' title='bbox 1135 2657 1198 2707; x_wconf 82' lang='grc' dir='ltr'>ἐκ</span> <span class='ocrx_word' id='word_1_340' title='bbox 1223 2658 1453 2719; x_wconf 80' lang='grc' dir='ltr'>καπνοῦ,</span> <span class='ocrx_word' id='word_1_341' title='bbox 1482 2660 1515 2727; x_wconf 73' lang='grc' dir='ltr'>ἡ</span> <span class='ocrx_word' id='word_1_342' title='bbox 1545 2658 1599 2710; x_wconf 84' lang='grc' dir='ltr'>δὲ</span> <span class='ocrx_word' id='word_1_343' title='bbox 1621 2658 1868 2712; x_wconf 74' lang='grc' dir='ltr'>θάλασσα.</span> 
     </span>
    </p>
   </div>
   <div class='ocr_carea' id='block_1_40' title="bbox 291 2737 1868 2817">
    <p class='ocr_par' dir='ltr' id='par_1_40' title="bbox 291 2737 1868 2817">
     <span class='ocr_line' id='line_1_40' title="bbox 291 2737 1868 2817; baseline 0.007 -28"><span class='ocrx_word' id='word_1_344' title='bbox 291 2737 361 2800; x_wconf 79' lang='grc' dir='ltr'>ἐξ</span> <span class='ocrx_word' id='word_1_345' title='bbox 390 2739 548 2805; x_wconf 72' lang='grc' dir='ltr'>ὅρους</span> <span class='ocrx_word' id='word_1_346' title='bbox 575 2741 722 2803; x_wconf 80' lang='grc' dir='ltr'>τινὸς</span> <span class='ocrx_word' id='word_1_347' title='bbox 755 2742 879 2810; x_wconf 82' lang='grc' dir='ltr'>Κὰφ</span> <span class='ocrx_word' id='word_1_348' title='bbox 913 2745 1340 2812; x_wconf 74' lang='grc' dir='ltr'>ὀνομαζομένου.</span> <span class='ocrx_word' id='word_1_349' title='bbox 1369 2748 1606 2801; x_wconf 84' lang='grc' dir='ltr'>Δέκατον</span> <span class='ocrx_word' id='word_1_350' title='bbox 1636 2749 1868 2817; x_wconf 74' lang='grc' dir='ltr'>ἕϐδομον</span> 
     </span>
    </p>
   </div>
   <div class='ocr_carea' id='block_1_41' title="bbox 291 2831 1870 2907">
    <p class='ocr_par' dir='ltr' id='par_1_41' title="bbox 291 2831 1870 2907">
     <span class='ocr_line' id='line_1_41' title="bbox 291 2831 1870 2907; baseline 0.008 -25"><span class='ocrx_word' id='word_1_351' title='bbox 291 2834 382 2884; x_wconf 78' lang='grc' dir='ltr'>ὅτι</span> <span class='ocrx_word' id='word_1_352' title='bbox 407 2833 498 2882; x_wconf 88' lang='grc' dir='ltr'>τὸν</span> <span class='ocrx_word' id='word_1_353' title='bbox 527 2831 678 2901; x_wconf 75' lang='grc' dir='ltr'>ἥλιον</span> <span class='ocrx_word' id='word_1_354' title='bbox 729 2834 824 2886; x_wconf 75' lang='grc' dir='ltr'>καὶ</span> <span class='ocrx_word' id='word_1_355' title='bbox 858 2835 960 2903; x_wconf 80' lang='grc' dir='ltr'>τὴν</span> <span class='ocrx_word' id='word_1_356' title='bbox 991 2837 1223 2905; x_wconf 83' lang='grc' dir='ltr'>σελήνην</span> <span class='ocrx_word' id='word_1_357' title='bbox 1255 2839 1357 2890; x_wconf 66' lang='lat' dir='ltr'><strong>ica‘</strong></span> <span class='ocrx_word' id='word_1_358' title='bbox 1377 2839 1554 2907; x_wconf 82' lang='grc' dir='ltr'>φωτὸς</span> <span class='ocrx_word' id='word_1_359' title='bbox 1587 2841 1680 2892; x_wconf 79' lang='grc' dir='ltr'>καὶ</span> <span class='ocrx_word' id='word_1_360' title='bbox 1710 2839 1870 2894; x_wconf 80' lang='grc' dir='ltr'>δυνά-</span> 
     </span>
    </p>
   </div>
   <div class='ocr_carea' id='block_1_42' title="bbox 297 2920 1869 2998">
    <p class='ocr_par' dir='ltr' id='par_1_42' title="bbox 297 2920 1869 2998">
     <span class='ocr_line' id='line_1_42' title="bbox 297 2920 1869 2998; baseline 0.006 -26"><span class='ocrx_word' id='word_1_361' title='bbox 297 2920 451 2987; x_wconf 82' lang='grc' dir='ltr'>μεώς</span> <span class='ocrx_word' id='word_1_362' title='bbox 479 2939 613 2991; x_wconf 77' lang='grc' dir='ltr'>φησι</span> <span class='ocrx_word' id='word_1_363' title='bbox 663 2925 942 2990; x_wconf 84' lang='grc' dir='ltr'>γενέσθαι.</span> <span class='ocrx_word' id='word_1_364' title='bbox 987 2926 1221 2978; x_wconf 82' lang='grc' dir='ltr'>Δέκατον</span> <span class='ocrx_word' id='word_1_365' title='bbox 1257 2928 1448 2995; x_wconf 77' lang='grc' dir='ltr'>ὃγδοον</span> <span class='ocrx_word' id='word_1_366' title='bbox 1479 2930 1561 2982; x_wconf 82' lang='grc' dir='ltr'>ὅτι</span> <span class='ocrx_word' id='word_1_367' title='bbox 1593 2929 1869 2998; x_wconf 85' lang='grc' dir='ltr'>προσκλη-</span> 
     </span>
    </p>
   </div>
   <div class='ocr_carea' id='block_1_43' title="bbox 295 3012 1868 3087">
    <p class='ocr_par' dir='ltr' id='par_1_43' title="bbox 295 3012 1868 3087">
     <span class='ocr_line' id='line_1_43' title="bbox 295 3012 1868 3087; baseline 0.007 -23"><span class='ocrx_word' id='word_1_368' title='bbox 295 3012 487 3075; x_wconf 84' lang='grc' dir='ltr'>Οέντος</span> <span class='ocrx_word' id='word_1_369' title='bbox 523 3015 714 3067; x_wconf 87' lang='grc' dir='ltr'>τούτου</span> <span class='ocrx_word' id='word_1_370' title='bbox 747 3016 898 3083; x_wconf 73' lang='grc' dir='ltr'>παρὰ</span> <span class='ocrx_word' id='word_1_371' title='bbox 930 3020 1024 3069; x_wconf 83' lang='grc' dir='ltr'>τοῦ</span> <span class='ocrx_word' id='word_1_372' title='bbox 1056 3018 1299 3087; x_wconf 79' lang='grc' dir='ltr'>Γαϐριὴλ</span> <span class='ocrx_word' id='word_1_373' title='bbox 1354 3020 1598 3073; x_wconf 79' lang='grc' dir='ltr'>ἀνελθεῖν</span> <span class='ocrx_word' id='word_1_374' title='bbox 1645 3024 1726 3083; x_wconf 85' lang='grc' dir='ltr'>εἰς</span> <span class='ocrx_word' id='word_1_375' title='bbox 1774 3022 1868 3075; x_wconf 81' lang='grc' dir='ltr'>τὸν</span> 
     </span>
    </p>
   </div>
   <div class='ocr_carea' id='block_1_44' title="bbox 294 3104 1868 3180">
    <p class='ocr_par' dir='ltr' id='par_1_44' title="bbox 294 3104 1868 3180">
     <span class='ocr_line' id='line_1_44' title="bbox 294 3104 1868 3180; baseline 0.006 -24"><span class='ocrx_word' id='word_1_376' title='bbox 294 3104 529 3170; x_wconf 72' lang='grc' dir='ltr'>οὐρανὸν</span> <span class='ocrx_word' id='word_1_377' title='bbox 565 3106 654 3157; x_wconf 79' lang='grc' dir='ltr'>καὶ</span> <span class='ocrx_word' id='word_1_378' title='bbox 705 3106 800 3159; x_wconf 88' lang='grc' dir='ltr'>τοῦ</span> <span class='ocrx_word' id='word_1_379' title='bbox 853 3108 990 3160; x_wconf 86' lang='grc' dir='ltr'>Θεοῦ</span> <span class='ocrx_word' id='word_1_380' title='bbox 1025 3109 1212 3172; x_wconf 73' lang='grc' dir='ltr'>θέντος</span> <span class='ocrx_word' id='word_1_381' title='bbox 1245 3113 1343 3180; x_wconf 79' lang='grc' dir='ltr'>τὴν</span> <span class='ocrx_word' id='word_1_382' title='bbox 1378 3114 1535 3180; x_wconf 84' lang='grc' dir='ltr'>χεῖρα</span> <span class='ocrx_word' id='word_1_383' title='bbox 1575 3111 1741 3164; x_wconf 72' lang='grc' dir='ltr'>αὑτοῦ</span> <span class='ocrx_word' id='word_1_384' title='bbox 1777 3111 1868 3165; x_wconf 77' lang='grc' dir='ltr'>ἐπ’</span> 
     </span>
    </p>
   </div>
   <div class='ocr_carea' id='block_1_45' title="bbox 293 3194 1952 3296">
    <p class='ocr_par' dir='ltr' id='par_1_45' title="bbox 293 3194 1952 3296">
     <span class='ocr_line' id='line_1_45' title="bbox 293 3194 1952 3296; baseline 0.007 -51"><span class='ocrx_word' id='word_1_385' title='bbox 293 3194 473 3296; x_wconf 44' lang='lat' dir='ltr'><strong>esse,</strong></span> <span class='ocrx_word' id='word_1_386' title='bbox 504 3196 598 3248; x_wconf 78' lang='grc' dir='ltr'>καὶ</span> <span class='ocrx_word' id='word_1_387' title='bbox 627 3197 902 3267; x_wconf 82' lang='grc' dir='ltr'>τοσαύτης</span> <span class='ocrx_word' id='word_1_388' title='bbox 931 3198 1147 3268; x_wconf 82' lang='grc' dir='ltr'>ψύξεως</span> <span class='ocrx_word' id='word_1_389' title='bbox 1187 3202 1438 3271; x_wconf 73' lang='grc' dir='ltr'>αἴσθησιν</span> <span class='ocrx_word' id='word_1_390' title='bbox 1483 3202 1670 3255; x_wconf 85' lang='grc' dir='ltr'>λαϐεῖν</span> <span class='ocrx_word' id='word_1_391' title='bbox 1703 3202 1868 3256; x_wconf 82' lang='grc' dir='ltr'>αὑτὸν</span> <span class='ocrx_word' id='word_1_392' title='bbox 1895 3240 1952 3296; x_wconf 75' lang='lat' dir='ltr'><strong>c-</strong></span> 
     </span>
    </p>
   </div>
   <div class='ocr_carea' id='block_1_46' title="bbox 295 3288 1866 3364">
    <p class='ocr_par' dir='ltr' id='par_1_46' title="bbox 295 3288 1866 3364">
     <span class='ocr_line' id='line_1_46' title="bbox 295 3288 1866 3364; baseline 0.008 -26"><span class='ocrx_word' id='word_1_393' title='bbox 295 3289 378 3347; x_wconf 79' lang='grc' dir='ltr'>ὠς</span> <span class='ocrx_word' id='word_1_394' title='bbox 429 3288 659 3341; x_wconf 75' lang='grc' dir='ltr'>διελθεῖν</span> <span class='ocrx_word' id='word_1_395' title='bbox 717 3290 925 3359; x_wconf 78' lang='grc' dir='ltr'>ταύτην</span> <span class='ocrx_word' id='word_1_396' title='bbox 981 3294 1142 3362; x_wconf 81' lang='grc' dir='ltr'>μέχρι</span> <span class='ocrx_word' id='word_1_397' title='bbox 1194 3296 1290 3347; x_wconf 74' lang='grc' dir='ltr'>καὶ</span> <span class='ocrx_word' id='word_1_398' title='bbox 1336 3297 1590 3349; x_wconf 78' lang='grc' dir='ltr'>νωτιαίου</span> <span class='ocrx_word' id='word_1_399' title='bbox 1647 3297 1866 3364; x_wconf 82' lang='grc' dir='ltr'>μυελοῦ.</span> 
     </span>
    </p>
   </div>
   <div class='ocr_carea' id='block_1_47' title="bbox 304 3380 1869 3456">
    <p class='ocr_par' dir='ltr' id='par_1_47' title="bbox 304 3380 1869 3456">
     <span class='ocr_line' id='line_1_47' title="bbox 304 3380 1869 3456; baseline 0.006 -25"><span class='ocrx_word' id='word_1_400' title='bbox 304 3380 569 3432; x_wconf 81' lang='grc' dir='ltr'>Ἐννατον</span> <span class='ocrx_word' id='word_1_401' title='bbox 596 3382 823 3434; x_wconf 84' lang='grc' dir='ltr'>δέκατον</span> <span class='ocrx_word' id='word_1_402' title='bbox 851 3383 934 3434; x_wconf 83' lang='grc' dir='ltr'>ὅτι</span> <span class='ocrx_word' id='word_1_403' title='bbox 967 3386 1023 3436; x_wconf 81' lang='grc' dir='ltr'>ἐν</span> <span class='ocrx_word' id='word_1_404' title='bbox 1049 3383 1126 3453; x_wconf 85' lang='grc' dir='ltr'>τῷ</span> <span class='ocrx_word' id='word_1_405' title='bbox 1153 3386 1432 3456; x_wconf 85' lang='grc' dir='ltr'>κεφαλαίῳ</span> <span class='ocrx_word' id='word_1_406' title='bbox 1462 3388 1539 3456; x_wconf 82' lang='grc' dir='ltr'>τῷ</span> <span class='ocrx_word' id='word_1_407' title='bbox 1568 3389 1673 3440; x_wconf 70' lang='grc' dir='ltr'>Σάδ</span> <span class='ocrx_word' id='word_1_408' title='bbox 1702 3405 1869 3456; x_wconf 79' lang='grc' dir='ltr'>φησιν</span> 
     </span>
    </p>
   </div>
   <div class='ocr_carea' id='block_1_48' title="bbox 295 3471 1869 3548">
    <p class='ocr_par' dir='ltr' id='par_1_48' title="bbox 295 3471 1869 3548">
     <span class='ocr_line' id='line_1_48' title="bbox 295 3471 1869 3548; baseline 0.006 -28"><span class='ocrx_word' id='word_1_409' title='bbox 295 3473 376 3530; x_wconf 77' lang='grc' dir='ltr'>ὡς</span> <span class='ocrx_word' id='word_1_410' title='bbox 433 3471 658 3538; x_wconf 80' lang='grc' dir='ltr'>ἄγγελοι</span> <span class='ocrx_word' id='word_1_411' title='bbox 707 3475 857 3533; x_wconf 73' lang='grc' dir='ltr'>ὄντες</span> <span class='ocrx_word' id='word_1_412' title='bbox 892 3476 942 3527; x_wconf 80' lang='grc' dir='ltr'>οῖ</span> <span class='ocrx_word' id='word_1_413' title='bbox 977 3477 1228 3544; x_wconf 80' lang='grc' dir='ltr'>δαίμονες</span> <span class='ocrx_word' id='word_1_414' title='bbox 1285 3481 1380 3530; x_wconf 65' lang='grc' dir='ltr'>καὶ</span> <span class='ocrx_word' id='word_1_415' title='bbox 1434 3478 1869 3548; x_wconf 79' lang='grc' dir='ltr'>προσταχθέντες</span> 
     </span>
    </p>
   </div>
   <div class='ocr_carea' id='block_1_49' title="bbox 293 3562 1870 3639">
    <p class='ocr_par' dir='ltr' id='par_1_49' title="bbox 293 3562 1870 3639">
     <span class='ocr_line' id='line_1_49' title="bbox 293 3562 1870 3639; baseline 0.004 -27"><span class='ocrx_word' id='word_1_416' title='bbox 293 3565 458 3630; x_wconf 71' lang='grc' dir='ltr'>παρὰ</span> <span class='ocrx_word' id='word_1_417' title='bbox 486 3562 579 3614; x_wconf 84' lang='grc' dir='ltr'>τοῦ</span> <span class='ocrx_word' id='word_1_418' title='bbox 608 3564 747 3615; x_wconf 87' lang='grc' dir='ltr'>Θεοῦ</span> <span class='ocrx_word' id='word_1_419' title='bbox 780 3571 1156 3634; x_wconf 80' lang='grc' dir='ltr'>προσκυνῆσαι</span> <span class='ocrx_word' id='word_1_420' title='bbox 1183 3569 1274 3620; x_wconf 77' lang='grc' dir='ltr'>τὸν</span> <span class='ocrx_word' id='word_1_421' title='bbox 1326 3569 1496 3638; x_wconf 77' lang='grc' dir='ltr'>’Δδὰμ</span> <span class='ocrx_word' id='word_1_422' title='bbox 1542 3573 1644 3622; x_wconf 72' lang='grc' dir='ltr'>οὐκ</span> <span class='ocrx_word' id='word_1_423' title='bbox 1669 3571 1870 3639; x_wconf 79' lang='grc' dir='ltr'>ἠθέλη-</span> 
     </span>
    </p>
   </div>
   <div class='ocr_carea' id='block_1_50' title="bbox 307 3734 1870 3809">
    <p class='ocr_par' dir='ltr' id='par_1_50' title="bbox 307 3734 1870 3809">
     <span class='ocr_line' id='line_1_50' title="bbox 307 3734 1870 3809; baseline 0.007 -25"><span class='ocrx_word' id='word_1_424' title='bbox 307 3734 495 3803; x_wconf 62' lang='lat' dir='ltr'><strong>rapite</strong></span> <span class='ocrx_word' id='word_1_425' title='bbox 529 3745 734 3800; x_wconf 85' lang='lat' dir='ltr'><strong>autem,</strong></span> <span class='ocrx_word' id='word_1_426' title='bbox 759 3738 906 3803; x_wconf 86' lang='lat' dir='ltr'><strong>quod</strong></span> <span class='ocrx_word' id='word_1_427' title='bbox 948 3737 1292 3793; x_wconf 85' lang='lat' dir='ltr'><strong>Abrahamus</strong></span> <span class='ocrx_word' id='word_1_428' title='bbox 1315 3741 1651 3804; x_wconf 68' lang='lat' dir='ltr'>inscribitur,</span> <span class='ocrx_word' id='word_1_429' title='bbox 1681 3758 1870 3809; x_wconf 86' lang='lat' dir='ltr'><strong>quem-</strong></span> 
     </span>
    </p>
   </div>
   <div class='ocr_carea' id='block_1_51' title="bbox 297 3828 1865 3901">
    <p class='ocr_par' dir='ltr' id='par_1_51' title="bbox 297 3828 1865 3901">
     <span class='ocr_line' id='line_1_51' title="bbox 297 3828 1865 3901; baseline 0.005 -21"><span class='ocrx_word' id='word_1_430' title='bbox 297 3844 466 3896; x_wconf 84' lang='lat' dir='ltr'><strong>quam</strong></span> <span class='ocrx_word' id='word_1_431' title='bbox 495 3828 690 3882; x_wconf 86' lang='lat' dir='ltr'><strong>salvari</strong></span> <span class='ocrx_word' id='word_1_432' title='bbox 743 3845 904 3897; x_wconf 82' lang='lat' dir='ltr'>posse</span> <span class='ocrx_word' id='word_1_433' title='bbox 939 3842 1121 3898; x_wconf 81' lang='lat' dir='ltr'><strong>negat,</strong></span> <span class='ocrx_word' id='word_1_434' title='bbox 1159 3833 1264 3886; x_wconf 87' lang='lat' dir='ltr'><strong>nisi</strong></span> <span class='ocrx_word' id='word_1_435' title='bbox 1321 3832 1415 3901; x_wconf 91' lang='lat' dir='ltr'>qui</span> <span class='ocrx_word' id='word_1_436' title='bbox 1458 3831 1865 3888; x_wconf 86' lang='lat' dir='ltr'><strong>lsmaelitarum</strong></span> 
     </span>
    </p>
   </div>
   <div class='ocr_carea' id='block_1_52' title="bbox 300 3921 1872 3994">
    <p class='ocr_par' dir='ltr' id='par_1_52' title="bbox 300 3921 1872 3994">
     <span class='ocr_line' id='line_1_52' title="bbox 300 3921 1872 3994; baseline 0.004 -21"><span class='ocrx_word' id='word_1_437' title='bbox 300 3921 476 3988; x_wconf 77' lang='lat' dir='ltr'><strong>legem</strong></span> <span class='ocrx_word' id='word_1_438' title='bbox 511 3930 792 3989; x_wconf 76' lang='lat' dir='ltr'>sequatur.</span> <span class='ocrx_word' id='word_1_439' title='bbox 824 3922 906 3974; x_wconf 86' lang='lat' dir='ltr'>IO.</span> <span class='ocrx_word' id='word_1_440' title='bbox 943 3925 1084 3976; x_wconf 76' lang='lat' dir='ltr'><strong>Ante</strong></span> <span class='ocrx_word' id='word_1_441' title='bbox 1134 3923 1312 3989; x_wconf 89' lang='lat' dir='ltr'><strong>ipsum</strong></span> <span class='ocrx_word' id='word_1_442' title='bbox 1368 3925 1645 3977; x_wconf 89' lang='lat' dir='ltr'><strong>neminem</strong></span> <span class='ocrx_word' id='word_1_443' title='bbox 1710 3941 1872 3994; x_wconf 80' lang='lat' dir='ltr'>posse</span> 
     </span>
    </p>
   </div>
   <div class='ocr_carea' id='block_1_53' title="bbox 303 4013 1868 4084">
    <p class='ocr_par' dir='ltr' id='par_1_53' title="bbox 303 4013 1868 4084">
     <span class='ocr_line' id='line_1_53' title="bbox 303 4013 1868 4084; baseline 0.004 -20"><span class='ocrx_word' id='word_1_444' title='bbox 303 4015 509 4075; x_wconf 83' lang='lat' dir='ltr'><strong>intrare</strong></span> <span class='ocrx_word' id='word_1_445' title='bbox 536 4013 872 4080; x_wconf 76' lang='lat' dir='ltr'><strong>paradisum.</strong></span> <span class='ocrx_word' id='word_1_446' title='bbox 904 4015 988 4066; x_wconf 83' lang='grc'>11.</span> <span class='ocrx_word' id='word_1_447' title='bbox 1032 4015 1199 4067; x_wconf 84' lang='lat' dir='ltr'><strong>Deum</strong></span> <span class='ocrx_word' id='word_1_448' title='bbox 1230 4016 1422 4070; x_wconf 87' lang='lat' dir='ltr'><strong>domos</strong></span> <span class='ocrx_word' id='word_1_449' title='bbox 1442 4017 1868 4084; x_wconf 88' lang='lat' dir='ltr'><strong>pulcherrimas,</strong></span> 
     </span>
    </p>
   </div>
   <div class='ocr_carea' id='block_1_54' title="bbox 301 4089 1874 4173">
    <p class='ocr_par' dir='ltr' id='par_1_54' title="bbox 301 4089 1874 4173">
     <span class='ocr_line' id='line_1_54' title="bbox 301 4089 1874 4173; baseline 0.003 -21"><span class='ocrx_word' id='word_1_450' title='bbox 301 4099 549 4163; x_wconf 72' lang='lat' dir='ltr'><strong>lavacra,</strong></span> <span class='ocrx_word' id='word_1_451' title='bbox 584 4101 771 4155; x_wconf 86' lang='lat' dir='ltr'><strong>bortos</strong></span> <span class='ocrx_word' id='word_1_452' title='bbox 811 4112 865 4154; x_wconf 91' lang='lat' dir='ltr'>et</span> <span class='ocrx_word' id='word_1_453' title='bbox 892 4103 1126 4156; x_wconf 77' lang='lat' dir='ltr'><strong>feminas</strong></span> <span class='ocrx_word' id='word_1_454' title='bbox 1153 4089 1462 4170; x_wconf 81' lang='lat' dir='ltr'><strong>permultas</strong></span> <span class='ocrx_word' id='word_1_455' title='bbox 1516 4117 1638 4173; x_wconf 85' lang='lat' dir='ltr'><strong>post</strong></span> <span class='ocrx_word' id='word_1_456' title='bbox 1685 4120 1874 4159; x_wconf 90' lang='lat' dir='ltr'><strong>resur-</strong></span> 
     </span>
    </p>
   </div>
   <div class='ocr_carea' id='block_1_55' title="bbox 303 4189 1873 4262">
    <p class='ocr_par' dir='ltr' id='par_1_55' title="bbox 303 4189 1873 4262">
     <span class='ocr_line' id='line_1_55' title="bbox 303 4189 1873 4262; baseline 0.005 -22"><span class='ocrx_word' id='word_1_457' title='bbox 303 4189 604 4241; x_wconf 71' lang='lat' dir='ltr'>rectionem</span> <span class='ocrx_word' id='word_1_458' title='bbox 639 4191 702 4243; x_wconf 86' lang='lat' dir='ltr'>iis</span> <span class='ocrx_word' id='word_1_459' title='bbox 737 4190 989 4244; x_wconf 88' lang='lat' dir='ltr'><strong>daturum</strong></span> <span class='ocrx_word' id='word_1_460' title='bbox 1019 4206 1162 4252; x_wconf 83' lang='lat' dir='ltr'><strong>esse.</strong></span> <span class='ocrx_word' id='word_1_461' title='bbox 1190 4194 1281 4260; x_wconf 84' lang='lat' dir='ltr'>qui</span> <span class='ocrx_word' id='word_1_462' title='bbox 1309 4193 1482 4262; x_wconf 82' lang='lat' dir='ltr'><strong>legem</strong></span> <span class='ocrx_word' id='word_1_463' title='bbox 1545 4194 1873 4249; x_wconf 72' lang='lat' dir='ltr'><strong>lilohametis</strong></span> 
     </span>
    </p>
   </div>
   <div class='ocr_carea' id='block_1_56' title="bbox 304 4282 1869 4357">
    <p class='ocr_par' dir='ltr' id='par_1_56' title="bbox 304 4282 1869 4357">
     <span class='ocr_line' id='line_1_56' title="bbox 304 4282 1869 4357; baseline 0.004 -24"><span class='ocrx_word' id='word_1_464' title='bbox 304 4289 628 4350; x_wconf 75' lang='lat' dir='ltr'><strong>sequantur.</strong></span> <span class='ocrx_word' id='word_1_465' title='bbox 659 4282 745 4335; x_wconf 91' lang='grc'>12.</span> <span class='ocrx_word' id='word_1_466' title='bbox 782 4282 840 4336; x_wconf 91' lang='lat' dir='ltr'>ln</span> <span class='ocrx_word' id='word_1_467' title='bbox 881 4283 1060 4352; x_wconf 82' lang='lat' dir='ltr'><strong>capite</strong></span> <span class='ocrx_word' id='word_1_468' title='bbox 1088 4285 1192 4337; x_wconf 79' lang='lat' dir='ltr'><strong>Sad</strong></span> <span class='ocrx_word' id='word_1_469' title='bbox 1211 4286 1366 4350; x_wconf 88' lang='lat' dir='ltr'><strong>dicit,</strong></span> <span class='ocrx_word' id='word_1_470' title='bbox 1393 4287 1617 4355; x_wconf 77' lang='lat' dir='ltr'><strong>angelos</strong></span> <span class='ocrx_word' id='word_1_471' title='bbox 1636 4302 1700 4340; x_wconf 79' lang='lat' dir='ltr'><strong>ex</strong></span> <span class='ocrx_word' id='word_1_472' title='bbox 1725 4288 1869 4357; x_wconf 78' lang='lat' dir='ltr'><strong>igne,</strong></span> 
     </span>
    </p>
   </div>
   <div class='ocr_carea' id='block_1_57' title="bbox 308 4375 1870 4450">
    <p class='ocr_par' dir='ltr' id='par_1_57' title="bbox 308 4375 1870 4450">
     <span class='ocr_line' id='line_1_57' title="bbox 308 4375 1870 4450; baseline 0.007 -24"><span class='ocrx_word' id='word_1_473' title='bbox 308 4375 560 4428; x_wconf 83' lang='lat' dir='ltr'><strong>homines</strong></span> <span class='ocrx_word' id='word_1_474' title='bbox 582 4392 609 4427; x_wconf 87' lang='lat' dir='ltr'>e</span> <span class='ocrx_word' id='word_1_475' title='bbox 637 4377 859 4441; x_wconf 82' lang='lat' dir='ltr'><strong>pulvere</strong></span> <span class='ocrx_word' id='word_1_476' title='bbox 882 4377 1055 4431; x_wconf 80' lang='lat' dir='ltr'><strong>factos</strong></span> <span class='ocrx_word' id='word_1_477' title='bbox 1079 4380 1316 4434; x_wconf 77' lang='lat' dir='ltr'><strong>esse.l3.</strong></span> <span class='ocrx_word' id='word_1_478' title='bbox 1351 4381 1408 4434; x_wconf 91' lang='lat' dir='ltr'>lu</span> <span class='ocrx_word' id='word_1_479' title='bbox 1424 4382 1604 4450; x_wconf 83' lang='lat' dir='ltr'><strong>capite</strong></span> <span class='ocrx_word' id='word_1_480' title='bbox 1629 4379 1870 4444; x_wconf 74' lang='lat' dir='ltr'><strong>Nemele,</strong></span> 
     </span>
    </p>
   </div>
   <div class='ocr_carea' id='block_1_58' title="bbox 305 4464 1870 4532">
    <p class='ocr_par' dir='ltr' id='par_1_58' title="bbox 305 4464 1870 4532">
     <span class='ocr_line' id='line_1_58' title="bbox 305 4464 1870 4532; baseline 0.006 -17"><span class='ocrx_word' id='word_1_481' title='bbox 305 4465 411 4517; x_wconf 90' lang='lat' dir='ltr'>hoc</span> <span class='ocrx_word' id='word_1_482' title='bbox 442 4473 523 4518; x_wconf 84' lang='lat' dir='ltr'>est</span> <span class='ocrx_word' id='word_1_483' title='bbox 557 4464 762 4532; x_wconf 82' lang='lat' dir='ltr'><strong>Musca,</strong></span> <span class='ocrx_word' id='word_1_484' title='bbox 799 4467 866 4520; x_wconf 90' lang='lat' dir='ltr'>de</span> <span class='ocrx_word' id='word_1_485' title='bbox 904 4467 1223 4524; x_wconf 86' lang='lat' dir='ltr'><strong>Solomonte</strong></span> <span class='ocrx_word' id='word_1_486' title='bbox 1255 4477 1309 4524; x_wconf 82' lang='lat' dir='ltr'>et</span> <span class='ocrx_word' id='word_1_487' title='bbox 1333 4473 1537 4525; x_wconf 83' lang='lat' dir='ltr'><strong>muscis</strong></span> <span class='ocrx_word' id='word_1_488' title='bbox 1573 4473 1870 4525; x_wconf 85' lang='lat' dir='ltr'><strong>ridiculum</strong></span> 
     </span>
    </p>
   </div>
   <div class='ocr_carea' id='block_1_59' title="bbox 1968 2103 3540 2184">
    <p class='ocr_par' dir='ltr' id='par_1_59' title="bbox 1968 2103 3540 2184">
     <span class='ocr_line' id='line_1_59' title="bbox 1968 2103 3540 2184; baseline -0.006 -18"><span class='ocrx_word' id='word_1_489' title='bbox 1968 2115 2042 2184; x_wconf 81' lang='grc' dir='ltr'>μὴ</span> <span class='ocrx_word' id='word_1_490' title='bbox 2072 2109 2359 2176; x_wconf 76' lang='grc' dir='ltr'>εἶναιτοὺς</span> <span class='ocrx_word' id='word_1_491' title='bbox 2399 2113 2687 2181; x_wconf 82' lang='grc' dir='ltr'>Ἐϐραίους</span> <span class='ocrx_word' id='word_1_492' title='bbox 2717 2113 2812 2165; x_wconf 72' lang='grc' dir='ltr'>καὶ</span> <span class='ocrx_word' id='word_1_493' title='bbox 2844 2115 2970 2172; x_wconf 77' lang='grc' dir='ltr'>τοὺς</span> <span class='ocrx_word' id='word_1_494' title='bbox 2994 2106 3361 2179; x_wconf 81' lang='grc' dir='ltr'>Χριστιανοὺς</span> <span class='ocrx_word' id='word_1_495' title='bbox 3387 2103 3540 2165; x_wconf 77' lang='grc' dir='ltr'>υἱοὺς</span> 
     </span>
    </p>
   </div>
   <div class='ocr_carea' id='block_1_60' title="bbox 1964 2201 3235 2274">
    <p class='ocr_par' dir='ltr' id='par_1_60' title="bbox 1964 2201 3235 2274">
     <span class='ocr_line' id='line_1_60' title="bbox 1964 2201 3235 2274; baseline -0.006 -16"><span class='ocrx_word' id='word_1_496' title='bbox 1964 2205 2099 2258; x_wconf 84' lang='grc' dir='ltr'>Θεοῦ</span> <span class='ocrx_word' id='word_1_497' title='bbox 2135 2205 2168 2274; x_wconf 79' lang='grc' dir='ltr'>ἢ</span> <span class='ocrx_word' id='word_1_498' title='bbox 2201 2205 2390 2272; x_wconf 82' lang='grc' dir='ltr'>φίλους</span> <span class='ocrx_word' id='word_1_499' title='bbox 2420 2205 2506 2256; x_wconf 85' lang='grc' dir='ltr'>διὰ</span> <span class='ocrx_word' id='word_1_500' title='bbox 2533 2205 2594 2256; x_wconf 85' lang='grc' dir='ltr'>τὸ</span> <span class='ocrx_word' id='word_1_501' title='bbox 2620 2202 2980 2258; x_wconf 85' lang='grc' dir='ltr'>παιδεύεσθαι</span> <span class='ocrx_word' id='word_1_502' title='bbox 3013 2201 3235 2261; x_wconf 79' lang='grc' dir='ltr'>αὐτούς.</span> 
     </span>
    </p>
   </div>
   <div class='ocr_carea' id='block_1_61' title="bbox 2037 2289 3541 2365">
    <p class='ocr_par' dir='ltr' id='par_1_61' title="bbox 2037 2289 3541 2365">
     <span class='ocr_line' id='line_1_61' title="bbox 2037 2289 3541 2365; baseline -0.005 -15"><span class='ocrx_word' id='word_1_503' title='bbox 2037 2297 2118 2350; x_wconf 83' lang='grc' dir='ltr'>Τὰ</span> <span class='ocrx_word' id='word_1_504' title='bbox 2149 2295 2243 2348; x_wconf 89' lang='grc' dir='ltr'>τοῦ</span> <span class='ocrx_word' id='word_1_505' title='bbox 2272 2296 2461 2365; x_wconf 89' lang='grc' dir='ltr'>τρίτου</span> <span class='ocrx_word' id='word_1_506' title='bbox 2494 2295 2656 2362; x_wconf 82' lang='grc' dir='ltr'>λόγου</span> <span class='ocrx_word' id='word_1_507' title='bbox 2695 2294 2971 2360; x_wconf 83' lang='grc' dir='ltr'>κεφάλαιά</span> <span class='ocrx_word' id='word_1_508' title='bbox 2998 2295 3109 2345; x_wconf 88' lang='grc' dir='ltr'>είσι</span> <span class='ocrx_word' id='word_1_509' title='bbox 3143 2292 3335 2345; x_wconf 82' lang='grc' dir='ltr'>ταῦτα.</span> <span class='ocrx_word' id='word_1_510' title='bbox 3382 2289 3541 2360; x_wconf 77' lang='grc' dir='ltr'>Πρῶ-</span> 
     </span>
    </p>
   </div>
   <div class='ocr_carea' id='block_1_62' title="bbox 1964 2385 3542 2449">
    <p class='ocr_par' dir='ltr' id='par_1_62' title="bbox 1964 2385 3542 2449">
     <span class='ocr_line' id='line_1_62' title="bbox 1964 2385 3542 2449; baseline -0.004 -7"><span class='ocrx_word' id='word_1_511' title='bbox 1964 2406 2057 2442; x_wconf 89' lang='grc' dir='ltr'>τον</span> <span class='ocrx_word' id='word_1_512' title='bbox 2093 2390 2175 2441; x_wconf 86' lang='grc' dir='ltr'>ὅτι</span> <span class='ocrx_word' id='word_1_513' title='bbox 2205 2389 2307 2441; x_wconf 83' lang='grc' dir='ltr'>οὐκ</span> <span class='ocrx_word' id='word_1_514' title='bbox 2343 2387 2460 2442; x_wconf 79' lang='grc' dir='ltr'>ἔστι</span> <span class='ocrx_word' id='word_1_515' title='bbox 2491 2387 2718 2440; x_wconf 84' lang='grc' dir='ltr'>δυνατὸν</span> <span class='ocrx_word' id='word_1_516' title='bbox 2761 2385 2854 2439; x_wconf 84' lang='grc' dir='ltr'>τὸν</span> <span class='ocrx_word' id='word_1_517' title='bbox 2885 2385 3018 2438; x_wconf 87' lang='grc' dir='ltr'>Θεὸν</span> <span class='ocrx_word' id='word_1_518' title='bbox 3048 2385 3162 2437; x_wconf 87' lang='grc' dir='ltr'>υίὸν</span> <span class='ocrx_word' id='word_1_519' title='bbox 3191 2385 3320 2436; x_wconf 79' lang='grc' dir='ltr'>ἄνευ</span> <span class='ocrx_word' id='word_1_520' title='bbox 3346 2400 3542 2449; x_wconf 85' lang='grc' dir='ltr'>γυναι-</span> 
     </span>
    </p>
   </div>
   <div class='ocr_carea' id='block_1_63' title="bbox 1971 2471 3539 2550">
    <p class='ocr_par' dir='ltr' id='par_1_63' title="bbox 1971 2471 3539 2550">
     <span class='ocr_line' id='line_1_63' title="bbox 1971 2471 3539 2550; baseline -0.004 -18"><span class='ocrx_word' id='word_1_521' title='bbox 1971 2482 2066 2544; x_wconf 76' lang='grc' dir='ltr'>κὸς</span> <span class='ocrx_word' id='word_1_522' title='bbox 2092 2480 2258 2550; x_wconf 78' lang='grc' dir='ltr'>ἔχειν.</span> <span class='ocrx_word' id='word_1_523' title='bbox 2305 2480 2577 2547; x_wconf 88' lang='grc' dir='ltr'>Δεύτερον</span> <span class='ocrx_word' id='word_1_524' title='bbox 2621 2479 2706 2532; x_wconf 84' lang='grc' dir='ltr'>ὅτι</span> <span class='ocrx_word' id='word_1_525' title='bbox 2753 2479 2802 2530; x_wconf 79' lang='grc' dir='ltr'>εί</span> <span class='ocrx_word' id='word_1_526' title='bbox 2853 2477 2970 2530; x_wconf 82' lang='grc' dir='ltr'>υίὸν</span> <span class='ocrx_word' id='word_1_527' title='bbox 2999 2471 3146 2544; x_wconf 75' lang='grc' dir='ltr'>εἶχεν</span> <span class='ocrx_word' id='word_1_528' title='bbox 3176 2476 3203 2527; x_wconf 90' lang='lat'>6</span> <span class='ocrx_word' id='word_1_529' title='bbox 3236 2476 3390 2539; x_wconf 79' lang='grc' dir='ltr'>Θεὸς,</span> <span class='ocrx_word' id='word_1_530' title='bbox 3423 2473 3539 2542; x_wconf 83' lang='grc' dir='ltr'>σχί-</span> 
     </span>
    </p>
   </div>
   <div class='ocr_carea' id='block_1_64' title="bbox 1969 2563 3537 2640">
    <p class='ocr_par' dir='ltr' id='par_1_64' title="bbox 1969 2563 3537 2640">
     <span class='ocr_line' id='line_1_64' title="bbox 1969 2563 3537 2640; baseline -0.006 -16"><span class='ocrx_word' id='word_1_531' title='bbox 1969 2589 2149 2640; x_wconf 88' lang='grc' dir='ltr'>σματα</span> <span class='ocrx_word' id='word_1_532' title='bbox 2184 2572 2248 2624; x_wconf 75' lang='grc' dir='ltr'>ἂν</span> <span class='ocrx_word' id='word_1_533' title='bbox 2276 2572 2530 2638; x_wconf 75' lang='grc' dir='ltr'>ἐγένοντο</span> <span class='ocrx_word' id='word_1_534' title='bbox 2579 2572 2750 2638; x_wconf 85' lang='grc' dir='ltr'>μέσον</span> <span class='ocrx_word' id='word_1_535' title='bbox 2778 2568 2981 2621; x_wconf 80' lang='grc' dir='ltr'>αὐτῶν.</span> <span class='ocrx_word' id='word_1_536' title='bbox 3031 2567 3230 2634; x_wconf 85' lang='grc' dir='ltr'>Τρίτον</span> <span class='ocrx_word' id='word_1_537' title='bbox 3266 2567 3346 2618; x_wconf 84' lang='grc' dir='ltr'>ὅτι</span> <span class='ocrx_word' id='word_1_538' title='bbox 3375 2567 3432 2617; x_wconf 74' lang='grc' dir='ltr'>ἑν</span> <span class='ocrx_word' id='word_1_539' title='bbox 3459 2563 3537 2633; x_wconf 79' lang='grc' dir='ltr'>τῷ</span> 
     </span>
    </p>
   </div>
   <div class='ocr_carea' id='block_1_65' title="bbox 1968 2657 3594 2732">
    <p class='ocr_par' dir='ltr' id='par_1_65' title="bbox 1968 2657 3594 2732">
     <span class='ocr_line' id='line_1_65' title="bbox 1968 2657 3594 2732; baseline -0.007 -15"><span class='ocrx_word' id='word_1_540' title='bbox 1968 2664 2252 2732; x_wconf 80' lang='grc' dir='ltr'>κεφαλαίῳ</span> <span class='ocrx_word' id='word_1_541' title='bbox 2282 2663 2359 2730; x_wconf 83' lang='grc' dir='ltr'>τῷ</span> <span class='ocrx_word' id='word_1_542' title='bbox 2400 2663 2648 2728; x_wconf 77' lang='grc' dir='ltr'>Ἐλνεσᾶ,</span> <span class='ocrx_word' id='word_1_543' title='bbox 2676 2663 2815 2728; x_wconf 83' lang='grc' dir='ltr'>ὅπερ</span> <span class='ocrx_word' id='word_1_544' title='bbox 2855 2657 3219 2729; x_wconf 80' lang='grc' dir='ltr'>ἑρμηνεύεται</span> <span class='ocrx_word' id='word_1_545' title='bbox 3247 2657 3538 2722; x_wconf 80' lang='grc' dir='ltr'>Γυναῖκες,</span> <span class='ocrx_word' id='word_1_546' title='bbox 3585 2707 3594 2714; x_wconf 64' lang='grc'>,</span> 
     </span>
    </p>
   </div>
   <div class='ocr_carea' id='block_1_66' title="bbox 1967 2745 3540 2820">
    <p class='ocr_par' dir='ltr' id='par_1_66' title="bbox 1967 2745 3540 2820">
     <span class='ocr_line' id='line_1_66' title="bbox 1967 2745 3540 2820; baseline -0.006 -14"><span class='ocrx_word' id='word_1_547' title='bbox 1967 2755 2126 2820; x_wconf 84' lang='grc' dir='ltr'>λόγον</span> <span class='ocrx_word' id='word_1_548' title='bbox 2156 2750 2291 2806; x_wconf 81' lang='grc' dir='ltr'>Θεοῦ</span> <span class='ocrx_word' id='word_1_549' title='bbox 2325 2753 2420 2804; x_wconf 68' lang='grc' dir='ltr'>καὶ</span> <span class='ocrx_word' id='word_1_550' title='bbox 2453 2751 2634 2819; x_wconf 77' lang='grc' dir='ltr'>ψυχὴν</span> <span class='ocrx_word' id='word_1_551' title='bbox 2669 2748 2807 2803; x_wconf 82' lang='grc' dir='ltr'>Θεοῦ</span> <span class='ocrx_word' id='word_1_552' title='bbox 2859 2752 2954 2802; x_wconf 77' lang='grc' dir='ltr'>καὶ</span> <span class='ocrx_word' id='word_1_553' title='bbox 2985 2747 3156 2817; x_wconf 76' lang='grc' dir='ltr'>πνοὴν</span> <span class='ocrx_word' id='word_1_554' title='bbox 3204 2745 3340 2799; x_wconf 86' lang='grc' dir='ltr'>Θεοῦ</span> <span class='ocrx_word' id='word_1_555' title='bbox 3388 2745 3540 2812; x_wconf 80' lang='grc' dir='ltr'>λέγει</span> 
     </span>
    </p>
   </div>
   <div class='ocr_carea' id='block_1_67' title="bbox 1966 2835 3539 2915">
    <p class='ocr_par' dir='ltr' id='par_1_67' title="bbox 1966 2835 3539 2915">
     <span class='ocr_line' id='line_1_67' title="bbox 1966 2835 3539 2915; baseline -0.009 -15"><span class='ocrx_word' id='word_1_556' title='bbox 1966 2844 2106 2900; x_wconf 68' lang='grc' dir='ltr'>εἶναι</span> <span class='ocrx_word' id='word_1_557' title='bbox 2139 2847 2232 2899; x_wconf 88' lang='grc' dir='ltr'>τὸν</span> <span class='ocrx_word' id='word_1_558' title='bbox 2265 2843 2522 2915; x_wconf 75' lang='grc' dir='ltr'>Χριστόνς</span> <span class='ocrx_word' id='word_1_559' title='bbox 2556 2844 2832 2912; x_wconf 80' lang='grc' dir='ltr'>Τέταρτον</span> <span class='ocrx_word' id='word_1_560' title='bbox 2881 2843 2965 2894; x_wconf 85' lang='grc' dir='ltr'>ὅτι</span> <span class='ocrx_word' id='word_1_561' title='bbox 3011 2842 3076 2892; x_wconf 84' lang='grc' dir='ltr'>ὲκ</span> <span class='ocrx_word' id='word_1_562' title='bbox 3127 2839 3232 2907; x_wconf 82' lang='grc' dir='ltr'>τῆς</span> <span class='ocrx_word' id='word_1_563' title='bbox 3262 2835 3539 2907; x_wconf 79' lang='grc' dir='ltr'>παρθένου</span> 
     </span>
    </p>
   </div>
   <div class='ocr_carea' id='block_1_68' title="bbox 1967 2926 3540 3007">
    <p class='ocr_par' dir='ltr' id='par_1_68' title="bbox 1967 2926 3540 3007">
     <span class='ocr_line' id='line_1_68' title="bbox 1967 2926 3540 3007; baseline -0.007 -18"><span class='ocrx_word' id='word_1_564' title='bbox 1967 2937 2222 3007; x_wconf 78' lang='grc' dir='ltr'>ὁμολογεῖ</span> <span class='ocrx_word' id='word_1_565' title='bbox 2269 2933 2638 3003; x_wconf 76' lang='grc' dir='ltr'>γεγεννῆσθαι</span> <span class='ocrx_word' id='word_1_566' title='bbox 2703 2933 2795 2985; x_wconf 89' lang='grc' dir='ltr'>τὸν</span> <span class='ocrx_word' id='word_1_567' title='bbox 2845 2931 3084 3001; x_wconf 82' lang='grc' dir='ltr'>Χριστὸν</span> <span class='ocrx_word' id='word_1_568' title='bbox 3139 2926 3540 2995; x_wconf 67' lang='grc' dir='ltr'>ἄνευ-ἀνδρός.</span> 
     </span>
    </p>
   </div>
   <div class='ocr_carea' id='block_1_69' title="bbox 1968 3015 3543 3097">
    <p class='ocr_par' dir='ltr' id='par_1_69' title="bbox 1968 3015 3543 3097">
     <span class='ocr_line' id='line_1_69' title="bbox 1968 3015 3543 3097; baseline -0.008 -16"><span class='ocrx_word' id='word_1_569' title='bbox 1968 3029 2229 3097; x_wconf 74' lang='grc' dir='ltr'>Πέμπτον</span> <span class='ocrx_word' id='word_1_570' title='bbox 2278 3027 2360 3080; x_wconf 82' lang='grc' dir='ltr'>ὅτι</span> <span class='ocrx_word' id='word_1_571' title='bbox 2413 3026 2658 3094; x_wconf 81' lang='grc' dir='ltr'>ἀρνεῖται</span> <span class='ocrx_word' id='word_1_572' title='bbox 2690 3025 2751 3076; x_wconf 85' lang='grc' dir='ltr'>τὸ</span> <span class='ocrx_word' id='word_1_573' title='bbox 2786 3023 2881 3075; x_wconf 89' lang='grc' dir='ltr'>τὸν</span> <span class='ocrx_word' id='word_1_574' title='bbox 2931 3021 3178 3091; x_wconf 85' lang='grc' dir='ltr'>Χριστὸν</span> <span class='ocrx_word' id='word_1_575' title='bbox 3231 3015 3372 3071; x_wconf 74' lang='grc' dir='ltr'>εῖναι</span> <span class='ocrx_word' id='word_1_576' title='bbox 3412 3016 3543 3069; x_wconf 85' lang='grc' dir='ltr'>Υίὸν</span> 
     </span>
    </p>
   </div>
   <div class='ocr_carea' id='block_1_70' title="bbox 1968 3105 3542 3182">
    <p class='ocr_par' dir='ltr' id='par_1_70' title="bbox 1968 3105 3542 3182">
     <span class='ocr_line' id='line_1_70' title="bbox 1968 3105 3542 3182; baseline -0.008 -10"><span class='ocrx_word' id='word_1_577' title='bbox 1968 3117 2104 3172; x_wconf 86' lang='grc' dir='ltr'>Θεοῦ</span> <span class='ocrx_word' id='word_1_578' title='bbox 2132 3119 2229 3171; x_wconf 71' lang='grc' dir='ltr'>καὶ</span> <span class='ocrx_word' id='word_1_579' title='bbox 2257 3116 2413 3180; x_wconf 85' lang='grc' dir='ltr'>Θεὸν,</span> <span class='ocrx_word' id='word_1_580' title='bbox 2444 3115 2578 3168; x_wconf 74' lang='grc' dir='ltr'>ἀλλὰ</span> <span class='ocrx_word' id='word_1_581' title='bbox 2605 3117 2700 3168; x_wconf 66' lang='grc' dir='ltr'>καὶ</span> <span class='ocrx_word' id='word_1_582' title='bbox 2745 3113 2846 3182; x_wconf 83' lang='grc' dir='ltr'>τὴν</span> <span class='ocrx_word' id='word_1_583' title='bbox 2875 3113 3069 3166; x_wconf 83' lang='grc' dir='ltr'>τούτου</span> <span class='ocrx_word' id='word_1_584' title='bbox 3105 3112 3386 3180; x_wconf 81' lang='grc' dir='ltr'>σάρκωσιν</span> <span class='ocrx_word' id='word_1_585' title='bbox 3408 3122 3423 3139; x_wconf 78' lang='grc' dir='ltr'><strong><em>ο</em></strong></span> <span class='ocrx_word' id='word_1_586' title='bbox 3447 3105 3542 3176; x_wconf 84' lang='grc' dir='ltr'>ψι-</span> 
     </span>
    </p>
   </div>
   <div class='ocr_carea' id='block_1_71' title="bbox 1968 3197 3542 3276">
    <p class='ocr_par' dir='ltr' id='par_1_71' title="bbox 1968 3197 3542 3276">
     <span class='ocr_line' id='line_1_71' title="bbox 1968 3197 3542 3276; baseline -0.008 -15"><span class='ocrx_word' id='word_1_587' title='bbox 1968 3209 2060 3261; x_wconf 84' lang='grc' dir='ltr'>λὸν</span> <span class='ocrx_word' id='word_1_588' title='bbox 2088 3207 2144 3261; x_wconf 82' lang='grc' dir='ltr'>δὲ</span> <span class='ocrx_word' id='word_1_589' title='bbox 2177 3209 2338 3276; x_wconf 82' lang='grc' dir='ltr'>μόνον</span> <span class='ocrx_word' id='word_1_590' title='bbox 2368 3206 2659 3275; x_wconf 72' lang='grc' dir='ltr'>ἄνθρωπον</span> <span class='ocrx_word' id='word_1_591' title='bbox 2707 3204 2858 3270; x_wconf 84' lang='grc' dir='ltr'>λέγει</span> <span class='ocrx_word' id='word_1_592' title='bbox 2916 3200 3107 3254; x_wconf 87' lang='grc' dir='ltr'>τοῦτον</span> <span class='ocrx_word' id='word_1_593' title='bbox 3139 3201 3282 3252; x_wconf 81' lang='grc' dir='ltr'>κατὰ</span> <span class='ocrx_word' id='word_1_594' title='bbox 3313 3199 3406 3250; x_wconf 87' lang='grc' dir='ltr'>τὸν</span> <span class='ocrx_word' id='word_1_595' title='bbox 3433 3197 3542 3249; x_wconf 86' lang='grc' dir='ltr'>Νε-</span> 
     </span>
    </p>
   </div>
   <div class='ocr_carea' id='block_1_72' title="bbox 1975 3285 3546 3366">
    <p class='ocr_par' dir='ltr' id='par_1_72' title="bbox 1975 3285 3546 3366">
     <span class='ocr_line' id='line_1_72' title="bbox 1975 3285 3546 3366; baseline -0.009 -15"><span class='ocrx_word' id='word_1_596' title='bbox 1975 3300 2210 3366; x_wconf 85' lang='grc' dir='ltr'>στὸριον,</span> <span class='ocrx_word' id='word_1_597' title='bbox 2233 3296 2391 3364; x_wconf 72' lang='grc' dir='ltr'>ἅγιον</span> <span class='ocrx_word' id='word_1_598' title='bbox 2417 3297 2474 3350; x_wconf 80' lang='grc' dir='ltr'>δὲ</span> <span class='ocrx_word' id='word_1_599' title='bbox 2505 3295 2602 3349; x_wconf 65' lang='grc' dir='ltr'>καὶ</span> <span class='ocrx_word' id='word_1_600' title='bbox 2628 3293 2769 3362; x_wconf 82' lang='grc' dir='ltr'>ὑπὲρ</span> <span class='ocrx_word' id='word_1_601' title='bbox 2795 3293 3008 3353; x_wconf 86' lang='grc' dir='ltr'>πάντας</span> <span class='ocrx_word' id='word_1_602' title='bbox 3033 3288 3382 3358; x_wconf 74' lang='grc' dir='ltr'>ἀνθρώπους.</span> <span class='ocrx_word' id='word_1_603' title='bbox 3409 3285 3546 3338; x_wconf 77' lang='grc' dir='ltr'>Ἐκ-</span> 
     </span>
    </p>
   </div>
   <div class='ocr_carea' id='block_1_73' title="bbox 1972 3377 3545 3458">
    <p class='ocr_par' dir='ltr' id='par_1_73' title="bbox 1972 3377 3545 3458">
     <span class='ocr_line' id='line_1_73' title="bbox 1972 3377 3545 3458; baseline -0.01 -15"><span class='ocrx_word' id='word_1_604' title='bbox 1972 3406 2064 3443; x_wconf 86' lang='grc' dir='ltr'>τον</span> <span class='ocrx_word' id='word_1_605' title='bbox 2107 3391 2191 3442; x_wconf 84' lang='grc' dir='ltr'>ὅτι</span> <span class='ocrx_word' id='word_1_606' title='bbox 2239 3387 2315 3458; x_wconf 80' lang='grc' dir='ltr'>μὴ</span> <span class='ocrx_word' id='word_1_607' title='bbox 2369 3385 2754 3456; x_wconf 78' lang='grc' dir='ltr'>ἐσταυρῶσθαι</span> <span class='ocrx_word' id='word_1_608' title='bbox 2783 3382 2875 3436; x_wconf 87' lang='grc' dir='ltr'>τὸν</span> <span class='ocrx_word' id='word_1_609' title='bbox 2911 3379 3174 3451; x_wconf 86' lang='grc' dir='ltr'>Χριστὸν,</span> <span class='ocrx_word' id='word_1_610' title='bbox 3207 3377 3324 3430; x_wconf 80' lang='grc' dir='ltr'>ἀλλ’</span> <span class='ocrx_word' id='word_1_611' title='bbox 3356 3377 3545 3443; x_wconf 78' lang='grc' dir='ltr'>ἕτερον</span> 
     </span>
    </p>
   </div>
   <div class='ocr_carea' id='block_1_74' title="bbox 1963 3463 3546 3545">
    <p class='ocr_par' dir='ltr' id='par_1_74' title="bbox 1963 3463 3546 3545">
     <span class='ocr_line' id='line_1_74' title="bbox 1963 3463 3546 3545; baseline -0.011 -11"><span class='ocrx_word' id='word_1_612' title='bbox 1963 3463 2088 3534; x_wconf 55' lang='grc' dir='ltr'>’ἀντ’</span> <span class='ocrx_word' id='word_1_613' title='bbox 2119 3480 2353 3533; x_wconf 73' lang='grc' dir='ltr'>ἐκείνου.</span> <span class='ocrx_word' id='word_1_614' title='bbox 2383 3477 2654 3545; x_wconf 84' lang='grc' dir='ltr'>Ἕϐδομον</span> <span class='ocrx_word' id='word_1_615' title='bbox 2683 3477 2764 3528; x_wconf 82' lang='grc' dir='ltr'>ὅτι</span> <span class='ocrx_word' id='word_1_616' title='bbox 2791 3475 2820 3527; x_wconf 91' lang='lat'>6</span> <span class='ocrx_word' id='word_1_617' title='bbox 2851 3473 2984 3534; x_wconf 88' lang='grc' dir='ltr'>Θεὸς</span> <span class='ocrx_word' id='word_1_618' title='bbox 3011 3471 3105 3524; x_wconf 89' lang='grc' dir='ltr'>τὸν</span> <span class='ocrx_word' id='word_1_619' title='bbox 3138 3470 3376 3538; x_wconf 87' lang='grc' dir='ltr'>Χριστὸν</span> <span class='ocrx_word' id='word_1_620' title='bbox 3408 3467 3546 3535; x_wconf 84' lang='grc' dir='ltr'>πρὸς</span> 
     </span>
    </p>
   </div>
   <div class='ocr_carea' id='block_1_75' title="bbox 1974 3557 3545 3638">
    <p class='ocr_par' dir='ltr' id='par_1_75' title="bbox 1974 3557 3545 3638">
     <span class='ocr_line' id='line_1_75' title="bbox 1974 3557 3545 3638; baseline -0.01 -14"><span class='ocrx_word' id='word_1_621' title='bbox 1974 3571 2168 3624; x_wconf 78' lang='grc' dir='ltr'>ἑαυτὸν</span> <span class='ocrx_word' id='word_1_622' title='bbox 2219 3569 2667 3638; x_wconf 69' lang='grc' dir='ltr'>προσεκαλέσατο</span> <span class='ocrx_word' id='word_1_623' title='bbox 2717 3568 2797 3627; x_wconf 80' lang='grc' dir='ltr'>εἰς</span> <span class='ocrx_word' id='word_1_624' title='bbox 2833 3565 2961 3624; x_wconf 83' lang='grc' dir='ltr'>τοὺς</span> <span class='ocrx_word' id='word_1_625' title='bbox 3010 3562 3295 3632; x_wconf 78' lang='grc' dir='ltr'>οὐρανοὺς,</span> <span class='ocrx_word' id='word_1_626' title='bbox 3329 3557 3458 3626; x_wconf 83' lang='grc' dir='ltr'>περὶ</span> <span class='ocrx_word' id='word_1_627' title='bbox 3489 3557 3545 3609; x_wconf 72' lang='grc' dir='ltr'>δὲ</span> 
     </span>
    </p>
   </div>
   <div class='ocr_carea' id='block_1_76' title="bbox 1972 3735 3540 3815">
    <p class='ocr_par' dir='ltr' id='par_1_76' title="bbox 1972 3735 3540 3815">
     <span class='ocr_line' id='line_1_76' title="bbox 1972 3735 3540 3815; baseline -0.013 -11"><span class='ocrx_word' id='word_1_628' title='bbox 1972 3761 2024 3804; x_wconf 91' lang='lat' dir='ltr'>et</span> <span class='ocrx_word' id='word_1_629' title='bbox 2051 3749 2356 3815; x_wconf 78' lang='lat' dir='ltr'><strong>angelicum</strong></span> <span class='ocrx_word' id='word_1_630' title='bbox 2386 3746 2786 3800; x_wconf 80' lang='lat' dir='ltr'><strong>exstincturum</strong></span> <span class='ocrx_word' id='word_1_631' title='bbox 2814 3755 2954 3794; x_wconf 89' lang='lat' dir='ltr'><strong>esse.</strong></span> <span class='ocrx_word' id='word_1_632' title='bbox 3009 3737 3102 3791; x_wconf 87' lang='grc'>22.</span> <span class='ocrx_word' id='word_1_633' title='bbox 3179 3735 3540 3788; x_wconf 81' lang='lat' dir='ltr'><strong>Mobametem</strong></span> 
     </span>
    </p>
   </div>
   <div class='ocr_carea' id='block_1_77' title="bbox 1972 3825 3540 3910">
    <p class='ocr_par' dir='ltr' id='par_1_77' title="bbox 1972 3825 3540 3910">
     <span class='ocr_line' id='line_1_77' title="bbox 1972 3825 3540 3910; baseline -0.011 -15"><span class='ocrx_word' id='word_1_634' title='bbox 1972 3842 2260 3910; x_wconf 80' lang='lat' dir='ltr'><strong>scripsisse</strong></span> <span class='ocrx_word' id='word_1_635' title='bbox 2309 3837 2600 3892; x_wconf 78' lang='lat' dir='ltr'><strong>duodecies</strong></span> <span class='ocrx_word' id='word_1_636' title='bbox 2641 3835 2785 3887; x_wconf 89' lang='lat' dir='ltr'><strong>mille</strong></span> <span class='ocrx_word' id='word_1_637' title='bbox 2839 3833 3013 3885; x_wconf 86' lang='lat' dir='ltr'><strong>libros</strong></span> <span class='ocrx_word' id='word_1_638' title='bbox 3059 3825 3540 3897; x_wconf 79' lang='lat' dir='ltr'><strong>disputationibus</strong></span> 
     </span>
    </p>
   </div>
   <div class='ocr_carea' id='block_1_78' title="bbox 1973 3915 3548 3996">
    <p class='ocr_par' dir='ltr' id='par_1_78' title="bbox 1973 3915 3548 3996">
     <span class='ocr_line' id='line_1_78' title="bbox 1973 3915 3548 3996; baseline -0.013 -10"><span class='ocrx_word' id='word_1_639' title='bbox 1973 3931 2322 3986; x_wconf 81' lang='lat' dir='ltr'><strong>mirabilibus</strong></span> <span class='ocrx_word' id='word_1_640' title='bbox 2360 3929 2625 3996; x_wconf 81' lang='lat' dir='ltr'><strong>plenos,e</strong></span> <span class='ocrx_word' id='word_1_641' title='bbox 2651 3925 2851 3991; x_wconf 83' lang='lat' dir='ltr'><strong>quibus</strong></span> <span class='ocrx_word' id='word_1_642' title='bbox 2879 3931 2961 3976; x_wconf 87' lang='lat' dir='ltr'>ter</span> <span class='ocrx_word' id='word_1_643' title='bbox 3017 3921 3166 3974; x_wconf 87' lang='lat' dir='ltr'><strong>mille</strong></span> <span class='ocrx_word' id='word_1_644' title='bbox 3220 3932 3382 3980; x_wconf 71' lang='lat' dir='ltr'><strong>verte,</strong></span> <span class='ocrx_word' id='word_1_645' title='bbox 3420 3915 3548 3967; x_wconf 89' lang='lat' dir='ltr'><strong>reli-</strong></span> 
     </span>
    </p>
   </div>
   <div class='ocr_carea' id='block_1_79' title="bbox 1973 4011 3532 4090">
    <p class='ocr_par' dir='ltr' id='par_1_79' title="bbox 1973 4011 3532 4090">
     <span class='ocr_line' id='line_1_79' title="bbox 1973 4011 3532 4090; baseline -0.012 -16"><span class='ocrx_word' id='word_1_646' title='bbox 1973 4037 2094 4090; x_wconf 49' lang='lat' dir='ltr'><strong>qua)</strong></span> <span class='ocrx_word' id='word_1_647' title='bbox 2125 4021 2414 4074; x_wconf 78' lang='lat' dir='ltr'><strong>mendaces</strong></span> <span class='ocrx_word' id='word_1_648' title='bbox 2435 4017 2565 4070; x_wconf 88' lang='lat' dir='ltr'><strong>sint.</strong></span> <span class='ocrx_word' id='word_1_649' title='bbox 2594 4015 2685 4068; x_wconf 78' lang='grc'>25.</span> <span class='ocrx_word' id='word_1_650' title='bbox 2723 4012 2780 4065; x_wconf 88' lang='lat' dir='ltr'>lu</span> <span class='ocrx_word' id='word_1_651' title='bbox 2826 4013 2966 4066; x_wconf 88' lang='lat' dir='ltr'><strong>libro</strong></span> <span class='ocrx_word' id='word_1_652' title='bbox 3019 4011 3284 4064; x_wconf 76' lang='lat' dir='ltr'><strong>Ceramar</strong></span> <span class='ocrx_word' id='word_1_653' title='bbox 3321 4015 3532 4067; x_wconf 87' lang='lat' dir='ltr'><strong>narrat,</strong></span> 
     </span>
    </p>
   </div>
   <div class='ocr_carea' id='block_1_80' title="bbox 1971 4093 3548 4168">
    <p class='ocr_par' dir='ltr' id='par_1_80' title="bbox 1971 4093 3548 4168">
     <span class='ocr_line' id='line_1_80' title="bbox 1971 4093 3548 4168; baseline -0.012 -2"><span class='ocrx_word' id='word_1_654' title='bbox 1971 4111 2260 4166; x_wconf 83' lang='lat' dir='ltr'><strong>discidisse</strong></span> <span class='ocrx_word' id='word_1_655' title='bbox 2293 4123 2352 4162; x_wconf 89' lang='lat' dir='ltr'>se</span> <span class='ocrx_word' id='word_1_656' title='bbox 2372 4107 2557 4160; x_wconf 88' lang='lat' dir='ltr'><strong>lunam</strong></span> <span class='ocrx_word' id='word_1_657' title='bbox 2592 4107 2643 4156; x_wconf 91' lang='lat' dir='ltr'>in</span> <span class='ocrx_word' id='word_1_658' title='bbox 2673 4103 2786 4156; x_wconf 88' lang='lat' dir='ltr'>duo</span> <span class='ocrx_word' id='word_1_659' title='bbox 2817 4109 3122 4168; x_wconf 77' lang='lat' dir='ltr'><strong>segmenta,</strong></span> <span class='ocrx_word' id='word_1_660' title='bbox 3154 4111 3387 4168; x_wconf 86' lang='lat' dir='ltr'><strong>quorum</strong></span> <span class='ocrx_word' id='word_1_661' title='bbox 3413 4093 3548 4148; x_wconf 84' lang='lat' dir='ltr'><strong>aite-</strong></span> 
     </span>
    </p>
   </div>
   <div class='ocr_carea' id='block_1_81' title="bbox 1976 4189 3544 4269">
    <p class='ocr_par' dir='ltr' id='par_1_81' title="bbox 1976 4189 3544 4269">
     <span class='ocr_line' id='line_1_81' title="bbox 1976 4189 3544 4269; baseline -0.013 -13"><span class='ocrx_word' id='word_1_662' title='bbox 1976 4219 2094 4256; x_wconf 87' lang='lat' dir='ltr'>rum</span> <span class='ocrx_word' id='word_1_663' title='bbox 2131 4200 2349 4269; x_wconf 85' lang='lat' dir='ltr'><strong>pallium</strong></span> <span class='ocrx_word' id='word_1_664' title='bbox 2378 4212 2537 4251; x_wconf 86' lang='lat' dir='ltr'><strong>suum</strong></span> <span class='ocrx_word' id='word_1_665' title='bbox 2587 4194 2905 4262; x_wconf 87' lang='lat' dir='ltr'><strong>penetrarit,</strong></span> <span class='ocrx_word' id='word_1_666' title='bbox 2971 4191 3206 4244; x_wconf 89' lang='lat' dir='ltr'><strong>alterum</strong></span> <span class='ocrx_word' id='word_1_667' title='bbox 3247 4189 3298 4241; x_wconf 93' lang='lat' dir='ltr'>in</span> <span class='ocrx_word' id='word_1_668' title='bbox 3345 4199 3544 4238; x_wconf 84' lang='lat' dir='ltr'><strong>terram</strong></span> 
     </span>
    </p>
   </div>
   <div class='ocr_carea' id='block_1_82' title="bbox 1973 4279 3542 4350">
    <p class='ocr_par' dir='ltr' id='par_1_82' title="bbox 1973 4279 3542 4350">
     <span class='ocr_line' id='line_1_82' title="bbox 1973 4279 3542 4350; baseline -0.013 -4"><span class='ocrx_word' id='word_1_669' title='bbox 1973 4291 2284 4346; x_wconf 85' lang='lat' dir='ltr'><strong>deciderit:</strong></span> <span class='ocrx_word' id='word_1_670' title='bbox 2335 4286 2536 4341; x_wconf 87' lang='lat' dir='ltr'><strong>deinde</strong></span> <span class='ocrx_word' id='word_1_671' title='bbox 2579 4284 2828 4338; x_wconf 82' lang='lat' dir='ltr'><strong>eamdem</strong></span> <span class='ocrx_word' id='word_1_672' title='bbox 2880 4285 2934 4334; x_wconf 90' lang='lat' dir='ltr'>iu</span> <span class='ocrx_word' id='word_1_673' title='bbox 2991 4279 3283 4350; x_wconf 87' lang='lat' dir='ltr'><strong>pristinum</strong></span> <span class='ocrx_word' id='word_1_674' title='bbox 3336 4287 3542 4330; x_wconf 83' lang='lat' dir='ltr'><strong>statum</strong></span> 
     </span>
    </p>
   </div>
   <div class='ocr_carea' id='block_1_83' title="bbox 1973 4369 3548 4444">
    <p class='ocr_par' dir='ltr' id='par_1_83' title="bbox 1973 4369 3548 4444">
     <span class='ocr_line' id='line_1_83' title="bbox 1973 4369 3548 4444; baseline -0.013 -6"><span class='ocrx_word' id='word_1_675' title='bbox 1973 4382 2300 4438; x_wconf 80' lang='lat' dir='ltr'><strong>restituisse.</strong></span> <span class='ocrx_word' id='word_1_676' title='bbox 2335 4380 2428 4432; x_wconf 70' lang='grc'>21.</span> <span class='ocrx_word' id='word_1_677' title='bbox 2462 4377 2630 4432; x_wconf 89' lang='lat' dir='ltr'><strong>Deum</strong></span> <span class='ocrx_word' id='word_1_678' title='bbox 2665 4386 2720 4430; x_wconf 84' lang='lat' dir='ltr'>et</span> <span class='ocrx_word' id='word_1_679' title='bbox 2765 4375 2990 4444; x_wconf 75' lang='lat' dir='ltr'><strong>angelos</strong></span> <span class='ocrx_word' id='word_1_680' title='bbox 3049 4373 3260 4440; x_wconf 85' lang='lat' dir='ltr'><strong>precari</strong></span> <span class='ocrx_word' id='word_1_681' title='bbox 3306 4385 3404 4438; x_wconf 88' lang='lat' dir='ltr'>pro</span> <span class='ocrx_word' id='word_1_682' title='bbox 3433 4369 3548 4423; x_wconf 80' lang='lat' dir='ltr'>Mn-</span> 
     </span>
    </p>
   </div>
   <div class='ocr_carea' id='block_1_84' title="bbox 1977 4461 3556 4538">
    <p class='ocr_par' dir='ltr' id='par_1_84' title="bbox 1977 4461 3556 4538">
     <span class='ocr_line' id='line_1_84' title="bbox 1977 4461 3556 4538; baseline -0.012 -9"><span class='ocrx_word' id='word_1_683' title='bbox 1977 4478 2214 4530; x_wconf 80' lang='lat' dir='ltr'><strong>hamete.</strong></span> <span class='ocrx_word' id='word_1_684' title='bbox 2265 4473 2354 4526; x_wconf 88' lang='grc'>25.</span> <span class='ocrx_word' id='word_1_685' title='bbox 2421 4471 2477 4524; x_wconf 94' lang='lat' dir='ltr'><strong>In</strong></span> <span class='ocrx_word' id='word_1_686' title='bbox 2509 4469 2689 4538; x_wconf 83' lang='lat' dir='ltr'><strong>capite</strong></span> <span class='ocrx_word' id='word_1_687' title='bbox 2736 4467 3002 4528; x_wconf 84' lang='lat' dir='ltr'><strong>Elmaida,</strong></span> <span class='ocrx_word' id='word_1_688' title='bbox 3038 4467 3142 4518; x_wconf 88' lang='lat' dir='ltr'>hoc</span> <span class='ocrx_word' id='word_1_689' title='bbox 3186 4472 3271 4517; x_wconf 86' lang='lat' dir='ltr'>est</span> <span class='ocrx_word' id='word_1_690' title='bbox 3337 4461 3556 4520; x_wconf 70' lang='lat' dir='ltr'><strong>Mensa,</strong></span> 
     </span>
    </p>
   </div>
   <div class='ocr_carea' id='block_1_85' title="bbox 303 4551 3552 4633">
    <p class='ocr_par' dir='ltr' id='par_1_85' title="bbox 303 4551 3552 4633">
     <span class='ocr_line' id='line_1_85' title="bbox 303 4551 3552 4633; baseline -0.002 -23"><span class='ocrx_word' id='word_1_691' title='bbox 303 4559 578 4626; x_wconf 75' lang='lat' dir='ltr'><strong>quoddam</strong></span> <span class='ocrx_word' id='word_1_692' title='bbox 609 4561 954 4614; x_wconf 85' lang='lat' dir='ltr'><strong>mendacium</strong></span> <span class='ocrx_word' id='word_1_693' title='bbox 985 4571 1193 4615; x_wconf 81' lang='lat' dir='ltr'><strong>narrat.</strong></span> <span class='ocrx_word' id='word_1_694' title='bbox 1225 4564 1308 4616; x_wconf 66' lang='grc'>14.</span> <span class='ocrx_word' id='word_1_695' title='bbox 1335 4563 1389 4616; x_wconf 90' lang='lat' dir='ltr'><strong>In</strong></span> <span class='ocrx_word' id='word_1_696' title='bbox 1409 4565 1584 4632; x_wconf 79' lang='lat' dir='ltr'><strong>capite</strong></span> <span class='ocrx_word' id='word_1_697' title='bbox 1605 4565 1869 4633; x_wconf 76' lang='lat' dir='ltr'><strong>lthnbepa</strong></span> <span class='ocrx_word' id='word_1_698' title='bbox 1899 4565 1952 4626; x_wconf 88' lang='lat' dir='ltr'><strong>D</strong></span> <span class='ocrx_word' id='word_1_699' title='bbox 1978 4568 2158 4626; x_wconf 90' lang='lat' dir='ltr'><strong>docet,</strong></span> <span class='ocrx_word' id='word_1_700' title='bbox 2176 4562 2433 4616; x_wconf 70' lang='lat' dir='ltr'><strong>llebrazos</strong></span> <span class='ocrx_word' id='word_1_701' title='bbox 2465 4571 2520 4615; x_wconf 87' lang='lat' dir='ltr'>et</span> <span class='ocrx_word' id='word_1_702' title='bbox 2544 4559 2890 4612; x_wconf 83' lang='lat' dir='ltr'><strong>Christianos</strong></span> <span class='ocrx_word' id='word_1_703' title='bbox 2919 4571 3028 4609; x_wconf 90' lang='lat' dir='ltr'>non</span> <span class='ocrx_word' id='word_1_704' title='bbox 3081 4569 3201 4608; x_wconf 85' lang='lat' dir='ltr'><strong>esse</strong></span> <span class='ocrx_word' id='word_1_705' title='bbox 3254 4551 3347 4605; x_wconf 86' lang='lat' dir='ltr'><strong>Dei</strong></span> <span class='ocrx_word' id='word_1_706' title='bbox 3409 4551 3552 4603; x_wconf 80' lang='lat' dir='ltr'><strong>ﬁlios</strong></span> 
     </span>
    </p>
   </div>
   <div class='ocr_carea' id='block_1_86' title="bbox 304 4651 1868 4724">
    <p class='ocr_par' dir='ltr' id='par_1_86' title="bbox 304 4651 1868 4724">
     <span class='ocr_line' id='line_1_86' title="bbox 304 4651 1868 4724; baseline 0.004 -23"><span class='ocrx_word' id='word_1_707' title='bbox 304 4652 373 4703; x_wconf 86' lang='lat' dir='ltr'>de</span> <span class='ocrx_word' id='word_1_708' title='bbox 399 4651 717 4706; x_wconf 76' lang='lat' dir='ltr'><strong>Sotomoute</strong></span> <span class='ocrx_word' id='word_1_709' title='bbox 739 4664 792 4708; x_wconf 87' lang='lat' dir='ltr'>et</span> <span class='ocrx_word' id='word_1_710' title='bbox 819 4654 1088 4706; x_wconf 87' lang='lat' dir='ltr'><strong>lumbrico</strong></span> <span class='ocrx_word' id='word_1_711' title='bbox 1129 4656 1474 4708; x_wconf 85' lang='lat' dir='ltr'><strong>mendacium</strong></span> <span class='ocrx_word' id='word_1_712' title='bbox 1496 4657 1663 4724; x_wconf 89' lang='lat' dir='ltr'><strong>priori</strong></span> <span class='ocrx_word' id='word_1_713' title='bbox 1689 4657 1868 4710; x_wconf 86' lang='lat' dir='ltr'><strong>simile</strong></span> 
     </span>
    </p>
   </div>
   <div class='ocr_carea' id='block_1_87' title="bbox 307 4743 1868 4806">
    <p class='ocr_par' dir='ltr' id='par_1_87' title="bbox 307 4743 1868 4806">
     <span class='ocr_line' id='line_1_87' title="bbox 307 4743 1868 4806; baseline 0.003 -10"><span class='ocrx_word' id='word_1_714' title='bbox 307 4743 492 4796; x_wconf 88' lang='lat' dir='ltr'><strong>tradit.</strong></span> <span class='ocrx_word' id='word_1_715' title='bbox 525 4744 700 4798; x_wconf 65' lang='lat'>15.11:</span> <span class='ocrx_word' id='word_1_716' title='bbox 732 4745 872 4797; x_wconf 86' lang='lat' dir='ltr'><strong>libro</strong></span> <span class='ocrx_word' id='word_1_717' title='bbox 914 4747 1293 4798; x_wconf 80' lang='lat' dir='ltr'><strong>narrationum</strong></span> <span class='ocrx_word' id='word_1_718' title='bbox 1347 4749 1615 4798; x_wconf 86' lang='lat' dir='ltr'><strong>rationem</strong></span> <span class='ocrx_word' id='word_1_719' title='bbox 1670 4747 1868 4806; x_wconf 86' lang='lat' dir='ltr'><strong>reddit.</strong></span> 
     </span>
    </p>
   </div>
   <div class='ocr_carea' id='block_1_88' title="bbox 307 4834 1869 4889">
    <p class='ocr_par' dir='ltr' id='par_1_88' title="bbox 307 4834 1869 4889">
     <span class='ocr_line' id='line_1_88' title="bbox 307 4834 1869 4889; baseline 0 -2"><span class='ocrx_word' id='word_1_720' title='bbox 307 4849 411 4887; x_wconf 89' lang='lat' dir='ltr'>cur</span> <span class='ocrx_word' id='word_1_721' title='bbox 433 4834 556 4886; x_wconf 83' lang='lat' dir='ltr'><strong>vino</strong></span> <span class='ocrx_word' id='word_1_722' title='bbox 587 4835 654 4888; x_wconf 89' lang='lat' dir='ltr'>iis</span> <span class='ocrx_word' id='word_1_723' title='bbox 697 4836 1074 4888; x_wconf 72' lang='lat' dir='ltr'><strong>inter-dicatur.</strong></span> <span class='ocrx_word' id='word_1_724' title='bbox 1114 4836 1198 4888; x_wconf 82' lang='grc'>16.</span> <span class='ocrx_word' id='word_1_725' title='bbox 1225 4834 1521 4887; x_wconf 82' lang='lat' dir='ltr'><strong>Conditum</strong></span> <span class='ocrx_word' id='word_1_726' title='bbox 1548 4835 1648 4888; x_wconf 88' lang='lat' dir='ltr'>hoc</span> <span class='ocrx_word' id='word_1_727' title='bbox 1671 4836 1869 4889; x_wconf 73' lang='lat' dir='ltr'><strong>uelum</strong></span> 
     </span>
    </p>
   </div>
   <div class='ocr_carea' id='block_1_89' title="bbox 304 4925 1872 4995">
    <p class='ocr_par' dir='ltr' id='par_1_89' title="bbox 304 4925 1872 4995">
     <span class='ocr_line' id='line_1_89' title="bbox 304 4925 1872 4995; baseline 0.001 -15"><span class='ocrx_word' id='word_1_728' title='bbox 304 4943 337 4980; x_wconf 88' lang='lat' dir='ltr'>e</span> <span class='ocrx_word' id='word_1_729' title='bbox 374 4925 546 4992; x_wconf 78' lang='lat' dir='ltr'><strong>fumo,</strong></span> <span class='ocrx_word' id='word_1_730' title='bbox 570 4942 720 4980; x_wconf 87' lang='lat' dir='ltr'><strong>mare</strong></span> <span class='ocrx_word' id='word_1_731' title='bbox 755 4943 784 4977; x_wconf 63' lang='grc' dir='ltr'>(ι</span> <span class='ocrx_word' id='word_1_732' title='bbox 810 4937 1013 4987; x_wconf 88' lang='lat' dir='ltr'><strong>monte,</strong></span> <span class='ocrx_word' id='word_1_733' title='bbox 1041 4928 1129 4980; x_wconf 82' lang='lat' dir='ltr'>cui</span> <span class='ocrx_word' id='word_1_734' title='bbox 1186 4943 1382 4979; x_wconf 85' lang='lat' dir='ltr'><strong>nomen</strong></span> <span class='ocrx_word' id='word_1_735' title='bbox 1427 4927 1602 4995; x_wconf 86' lang='lat' dir='ltr'><strong>Capb,</strong></span> <span class='ocrx_word' id='word_1_736' title='bbox 1668 4927 1872 4981; x_wconf 79' lang='lat' dir='ltr'><strong>factum</strong></span> 
     </span>
    </p>
   </div>
   <div class='ocr_carea' id='block_1_90' title="bbox 306 5021 1876 5088">
    <p class='ocr_par' dir='ltr' id='par_1_90' title="bbox 306 5021 1876 5088">
     <span class='ocr_line' id='line_1_90' title="bbox 306 5021 1876 5088; baseline 0 -14"><span class='ocrx_word' id='word_1_737' title='bbox 306 5021 547 5074; x_wconf 82' lang='lat' dir='ltr'><strong>esse.l7.</strong></span> <span class='ocrx_word' id='word_1_738' title='bbox 573 5021 755 5074; x_wconf 80' lang='lat' dir='ltr'><strong>Solem</strong></span> <span class='ocrx_word' id='word_1_739' title='bbox 792 5033 844 5074; x_wconf 89' lang='lat' dir='ltr'>ct</span> <span class='ocrx_word' id='word_1_740' title='bbox 875 5023 1055 5074; x_wconf 85' lang='lat' dir='ltr'><strong>lunam</strong></span> <span class='ocrx_word' id='word_1_741' title='bbox 1093 5022 1336 5088; x_wconf 85' lang='lat' dir='ltr'><strong>ejusdem</strong></span> <span class='ocrx_word' id='word_1_742' title='bbox 1360 5021 1582 5075; x_wconf 77' lang='grc' dir='ltr'>Ιιιιιιίηἰε</span> <span class='ocrx_word' id='word_1_743' title='bbox 1606 5031 1659 5074; x_wconf 88' lang='lat' dir='ltr'>et</span> <span class='ocrx_word' id='word_1_744' title='bbox 1683 5032 1876 5088; x_wconf 67' lang='lat' dir='ltr'><strong>poti-n-</strong></span> 
     </span>
    </p>
   </div>
   <div class='ocr_carea' id='block_1_91' title="bbox 305 5112 1876 5168">
    <p class='ocr_par' dir='ltr' id='par_1_91' title="bbox 305 5112 1876 5168">
     <span class='ocr_line' id='line_1_91' title="bbox 305 5112 1876 5168; baseline 0.001 -4"><span class='ocrx_word' id='word_1_745' title='bbox 305 5113 400 5165; x_wconf 72' lang='lat' dir='ltr'><strong>tize</strong></span> <span class='ocrx_word' id='word_1_746' title='bbox 426 5127 547 5166; x_wconf 87' lang='lat' dir='ltr'><strong>esse</strong></span> <span class='ocrx_word' id='word_1_747' title='bbox 581 5112 932 5166; x_wconf 73' lang='lat' dir='ltr'><strong>aiIirmatJS.</strong></span> <span class='ocrx_word' id='word_1_748' title='bbox 978 5113 1338 5168; x_wconf 75' lang='lat' dir='ltr'><strong>Illobametem</strong></span> <span class='ocrx_word' id='word_1_749' title='bbox 1374 5129 1402 5167; x_wconf 87' lang='lat' dir='ltr'>a</span> <span class='ocrx_word' id='word_1_750' title='bbox 1467 5115 1724 5168; x_wconf 84' lang='lat' dir='ltr'><strong>Gabriele</strong></span> <span class='ocrx_word' id='word_1_751' title='bbox 1789 5130 1876 5166; x_wconf 87' lang='lat' dir='ltr'><strong>ar-</strong></span> 
     </span>
    </p>
   </div>
   <div class='ocr_carea' id='block_1_92' title="bbox 305 5205 1879 5278">
    <p class='ocr_par' dir='ltr' id='par_1_92' title="bbox 305 5205 1879 5278">
     <span class='ocr_line' id='line_1_92' title="bbox 305 5205 1879 5278; baseline 0 -21"><span class='ocrx_word' id='word_1_752' title='bbox 305 5206 568 5258; x_wconf 84' lang='lat' dir='ltr'><strong>cessitum</strong></span> <span class='ocrx_word' id='word_1_753' title='bbox 611 5207 660 5257; x_wconf 91' lang='lat' dir='ltr'>in</span> <span class='ocrx_word' id='word_1_754' title='bbox 691 5208 889 5278; x_wconf 70' lang='lat' dir='ltr'><strong>etelum</strong></span> <span class='ocrx_word' id='word_1_755' title='bbox 919 5205 1238 5259; x_wconf 88' lang='lat' dir='ltr'><strong>ascendisse</strong></span> <span class='ocrx_word' id='word_1_756' title='bbox 1263 5217 1338 5269; x_wconf 90' lang='lat' dir='ltr'>et,</span> <span class='ocrx_word' id='word_1_757' title='bbox 1374 5224 1534 5259; x_wconf 75' lang='lat' dir='ltr'><strong>manu</strong></span> <span class='ocrx_word' id='word_1_758' title='bbox 1571 5208 1672 5260; x_wconf 87' lang='lat' dir='ltr'><strong>sibi</strong></span> <span class='ocrx_word' id='word_1_759' title='bbox 1703 5223 1731 5260; x_wconf 88' lang='lat' dir='ltr'>a</span> <span class='ocrx_word' id='word_1_760' title='bbox 1769 5208 1879 5259; x_wconf 79' lang='lat' dir='ltr'><strong>Deo</strong></span> 
     </span>
    </p>
   </div>
   <div class='ocr_carea' id='block_1_93' title="bbox 308 5298 1876 5366">
    <p class='ocr_par' dir='ltr' id='par_1_93' title="bbox 308 5298 1876 5366">
     <span class='ocr_line' id='line_1_93' title="bbox 308 5298 1876 5366; baseline -0.001 -16"><span class='ocrx_word' id='word_1_761' title='bbox 308 5298 589 5365; x_wconf 87' lang='lat' dir='ltr'><strong>imposita.</strong></span> <span class='ocrx_word' id='word_1_762' title='bbox 620 5307 828 5350; x_wconf 89' lang='lat' dir='ltr'><strong>tantum</strong></span> <span class='ocrx_word' id='word_1_763' title='bbox 863 5299 1032 5366; x_wconf 75' lang='lat' dir='ltr'><strong>frigus</strong></span> <span class='ocrx_word' id='word_1_764' title='bbox 1056 5298 1300 5362; x_wconf 77' lang='lat' dir='ltr'><strong>duxisse,</strong></span> <span class='ocrx_word' id='word_1_765' title='bbox 1328 5300 1470 5365; x_wconf 82' lang='lat' dir='ltr'><strong>quod</strong></span> <span class='ocrx_word' id='word_1_766' title='bbox 1497 5298 1561 5350; x_wconf 87' lang='lat' dir='ltr'>ad</span> <span class='ocrx_word' id='word_1_767' title='bbox 1587 5298 1876 5351; x_wconf 73' lang='lat' dir='ltr'><strong>melullam</strong></span> 
     </span>
    </p>
   </div>
   <div class='ocr_carea' id='block_1_94' title="bbox 310 5389 1881 5458">
    <p class='ocr_par' dir='ltr' id='par_1_94' title="bbox 310 5389 1881 5458">
     <span class='ocr_line' id='line_1_94' title="bbox 310 5389 1881 5458; baseline -0.002 -17"><span class='ocrx_word' id='word_1_768' title='bbox 310 5389 460 5443; x_wconf 90' lang='lat' dir='ltr'><strong>dorsi</strong></span> <span class='ocrx_word' id='word_1_769' title='bbox 493 5400 848 5457; x_wconf 82' lang='lat' dir='ltr'><strong>penetrasset.</strong></span> <span class='ocrx_word' id='word_1_770' title='bbox 883 5392 970 5443; x_wconf 82' lang='lat' dir='ltr'><strong>l9.</strong></span> <span class='ocrx_word' id='word_1_771' title='bbox 1007 5392 1062 5444; x_wconf 94' lang='lat' dir='ltr'><strong>In</strong></span> <span class='ocrx_word' id='word_1_772' title='bbox 1090 5395 1267 5458; x_wconf 87' lang='lat' dir='ltr'><strong>capite</strong></span> <span class='ocrx_word' id='word_1_773' title='bbox 1308 5390 1415 5442; x_wconf 88' lang='lat' dir='ltr'><strong>Sad</strong></span> <span class='ocrx_word' id='word_1_774' title='bbox 1451 5393 1630 5452; x_wconf 88' lang='lat' dir='ltr'><strong>docet,</strong></span> <span class='ocrx_word' id='word_1_775' title='bbox 1683 5393 1881 5442; x_wconf 69' lang='lat' dir='ltr'><strong>dminu-</strong></span> 
     </span>
    </p>
   </div>
   <div class='ocr_carea' id='block_1_95' title="bbox 313 5480 1877 5550">
    <p class='ocr_par' dir='ltr' id='par_1_95' title="bbox 313 5480 1877 5550">
     <span class='ocr_line' id='line_1_95' title="bbox 313 5480 1877 5550; baseline -0.001 -16"><span class='ocrx_word' id='word_1_776' title='bbox 313 5495 413 5534; x_wconf 85' lang='lat' dir='ltr'>nes</span> <span class='ocrx_word' id='word_1_777' title='bbox 447 5482 576 5534; x_wconf 89' lang='lat' dir='ltr'><strong>olim</strong></span> <span class='ocrx_word' id='word_1_778' title='bbox 616 5481 842 5549; x_wconf 74' lang='lat' dir='ltr'><strong>angelus</strong></span> <span class='ocrx_word' id='word_1_779' title='bbox 865 5481 1057 5546; x_wconf 76' lang='lat' dir='ltr'><strong>fuisse,</strong></span> <span class='ocrx_word' id='word_1_780' title='bbox 1081 5482 1174 5535; x_wconf 88' lang='lat' dir='ltr'>sed</span> <span class='ocrx_word' id='word_1_781' title='bbox 1200 5482 1384 5550; x_wconf 82' lang='lat' dir='ltr'><strong>jussos</strong></span> <span class='ocrx_word' id='word_1_782' title='bbox 1410 5498 1438 5534; x_wconf 88' lang='lat' dir='ltr'>a</span> <span class='ocrx_word' id='word_1_783' title='bbox 1482 5480 1877 5534; x_wconf 83' lang='lat' dir='ltr'><strong>DeoAdamum</strong></span> 
     </span>
    </p>
   </div>
   <div class='ocr_carea' id='block_1_96' title="bbox 313 5572 1878 5641">
    <p class='ocr_par' dir='ltr' id='par_1_96' title="bbox 313 5572 1878 5641">
     <span class='ocr_line' id='line_1_96' title="bbox 313 5572 1878 5641; baseline -0.003 -13"><span class='ocrx_word' id='word_1_784' title='bbox 313 5574 568 5637; x_wconf 87' lang='lat' dir='ltr'><strong>adorare,</strong></span> <span class='ocrx_word' id='word_1_785' title='bbox 604 5574 846 5628; x_wconf 89' lang='lat' dir='ltr'><strong>noluisse</strong></span> <span class='ocrx_word' id='word_1_786' title='bbox 876 5575 928 5628; x_wconf 89' lang='lat' dir='ltr'>id</span> <span class='ocrx_word' id='word_1_787' title='bbox 986 5574 1189 5637; x_wconf 79' lang='lat' dir='ltr'><strong>facere,</strong></span> <span class='ocrx_word' id='word_1_788' title='bbox 1250 5573 1394 5627; x_wconf 86' lang='lat' dir='ltr'><strong>sicut</strong></span> <span class='ocrx_word' id='word_1_789' title='bbox 1451 5573 1644 5638; x_wconf 83' lang='lat' dir='ltr'><strong>reliqui</strong></span> <span class='ocrx_word' id='word_1_790' title='bbox 1702 5572 1878 5641; x_wconf 78' lang='lat' dir='ltr'><strong>angeli</strong></span> 
     </span>
    </p>
   </div>
   <div class='ocr_carea' id='block_1_97' title="bbox 312 5663 1882 5735">
    <p class='ocr_par' dir='ltr' id='par_1_97' title="bbox 312 5663 1882 5735">
     <span class='ocr_line' id='line_1_97' title="bbox 312 5663 1882 5735; baseline -0.002 -16"><span class='ocrx_word' id='word_1_791' title='bbox 312 5683 524 5729; x_wconf 81' lang='lat' dir='ltr'><strong>omnes,</strong></span> <span class='ocrx_word' id='word_1_792' title='bbox 557 5682 621 5720; x_wconf 88' lang='lat' dir='ltr'>ac</span> <span class='ocrx_word' id='word_1_793' title='bbox 653 5676 936 5735; x_wconf 83' lang='lat' dir='ltr'><strong>propterea</strong></span> <span class='ocrx_word' id='word_1_794' title='bbox 965 5666 1246 5721; x_wconf 67' lang='lat' dir='ltr'><strong>daemones</strong></span> <span class='ocrx_word' id='word_1_795' title='bbox 1281 5663 1451 5717; x_wconf 81' lang='lat' dir='ltr'><strong>factos</strong></span> <span class='ocrx_word' id='word_1_796' title='bbox 1477 5679 1620 5717; x_wconf 79' lang='lat' dir='ltr'><strong>csse.</strong></span> <span class='ocrx_word' id='word_1_797' title='bbox 1653 5663 1745 5716; x_wconf 70' lang='lat' dir='ltr'><strong>2t).</strong></span> <span class='ocrx_word' id='word_1_798' title='bbox 1776 5663 1882 5716; x_wconf 67' lang='lat' dir='ltr'><strong>lia-</strong></span> 
     </span>
    </p>
   </div>
   <div class='ocr_carea' id='block_1_98' title="bbox 315 5756 1877 5827">
    <p class='ocr_par' dir='ltr' id='par_1_98' title="bbox 315 5756 1877 5827">
     <span class='ocr_line' id='line_1_98' title="bbox 315 5756 1877 5827; baseline -0.002 -17"><span class='ocrx_word' id='word_1_799' title='bbox 315 5760 522 5811; x_wconf 83' lang='lat' dir='ltr'><strong>tionem</strong></span> <span class='ocrx_word' id='word_1_800' title='bbox 548 5759 801 5827; x_wconf 74' lang='lat' dir='ltr'><strong>explicat.</strong></span> <span class='ocrx_word' id='word_1_801' title='bbox 821 5774 992 5827; x_wconf 86' lang='lat' dir='ltr'><strong>quare</strong></span> <span class='ocrx_word' id='word_1_802' title='bbox 1019 5773 1181 5812; x_wconf 87' lang='lat' dir='ltr'><strong>carne</strong></span> <span class='ocrx_word' id='word_1_803' title='bbox 1202 5756 1356 5811; x_wconf 84' lang='lat' dir='ltr'><strong>suina</strong></span> <span class='ocrx_word' id='word_1_804' title='bbox 1395 5756 1537 5808; x_wconf 77' lang='lat' dir='ltr'><strong>vesci</strong></span> <span class='ocrx_word' id='word_1_805' title='bbox 1564 5771 1668 5807; x_wconf 85' lang='lat' dir='ltr'>non</span> <span class='ocrx_word' id='word_1_806' title='bbox 1700 5756 1877 5808; x_wconf 68' lang='lat' dir='ltr'><strong>lit-cat.</strong></span> 
     </span>
    </p>
   </div>
   <div class='ocr_carea' id='block_1_99' title="bbox 315 5847 1876 5914">
    <p class='ocr_par' dir='ltr' id='par_1_99' title="bbox 315 5847 1876 5914">
     <span class='ocr_line' id='line_1_99' title="bbox 315 5847 1876 5914; baseline -0.003 -11"><span class='ocrx_word' id='word_1_807' title='bbox 315 5848 407 5912; x_wconf 72' lang='grc'>21.</span> <span class='ocrx_word' id='word_1_808' title='bbox 445 5849 554 5905; x_wconf 80' lang='lat' dir='ltr'><strong>Sub</strong></span> <span class='ocrx_word' id='word_1_809' title='bbox 585 5851 740 5906; x_wconf 68' lang='lat' dir='ltr'><strong>tinem</strong></span> <span class='ocrx_word' id='word_1_810' title='bbox 781 5850 968 5905; x_wconf 81' lang='lat' dir='ltr'><strong>mundi</strong></span> <span class='ocrx_word' id='word_1_811' title='bbox 1004 5848 1171 5905; x_wconf 81' lang='lat' dir='ltr'><strong>Deum</strong></span> <span class='ocrx_word' id='word_1_812' title='bbox 1202 5859 1545 5914; x_wconf 67' lang='lat' dir='ltr'><strong>omne‘gcnus</strong></span> <span class='ocrx_word' id='word_1_813' title='bbox 1579 5847 1876 5898; x_wconf 74' lang='lat' dir='ltr'><strong>humanum</strong></span> 
     </span>
    </p>
   </div>
   <div class='ocr_carea' id='block_1_100' title="bbox 1975 4652 2846 4721">
    <p class='ocr_par' dir='ltr' id='par_1_100' title="bbox 1975 4652 2846 4721">
     <span class='ocr_line' id='line_1_100' title="bbox 1975 4652 2846 4721; baseline -0.01 -10"><span class='ocrx_word' id='word_1_814' title='bbox 1975 4667 2069 4711; x_wconf 86' lang='lat' dir='ltr'>aut</span> <span class='ocrx_word' id='word_1_815' title='bbox 2093 4655 2321 4717; x_wconf 84' lang='lat' dir='ltr'><strong>amicos,</strong></span> <span class='ocrx_word' id='word_1_816' title='bbox 2353 4653 2479 4721; x_wconf 88' lang='lat' dir='ltr'><strong>quia</strong></span> <span class='ocrx_word' id='word_1_817' title='bbox 2516 4652 2846 4710; x_wconf 79' lang='lat' dir='ltr'><strong>educentur.</strong></span> 
     </span>
    </p>
   </div>
   <div class='ocr_carea' id='block_1_101' title="bbox 2071 4729 3610 4832">
    <p class='ocr_par' dir='ltr' id='par_1_101' title="bbox 2071 4729 3610 4832">
     <span class='ocr_line' id='line_1_101' title="bbox 2071 4729 3610 4832; baseline -0.016 -31"><span class='ocrx_word' id='word_1_818' title='bbox 2071 4746 2216 4801; x_wconf 86' lang='lat' dir='ltr'><strong>Libri</strong></span> <span class='ocrx_word' id='word_1_819' title='bbox 2249 4744 2390 4798; x_wconf 90' lang='lat' dir='ltr'><strong>tertii</strong></span> <span class='ocrx_word' id='word_1_820' title='bbox 2418 4741 2593 4810; x_wconf 87' lang='lat' dir='ltr'><strong>capita</strong></span> <span class='ocrx_word' id='word_1_821' title='bbox 2623 4740 2734 4792; x_wconf 76' lang='lat' dir='ltr'><strong>[nec</strong></span> <span class='ocrx_word' id='word_1_822' title='bbox 2767 4746 2917 4791; x_wconf 90' lang='lat' dir='ltr'><strong>sunt.</strong></span> <span class='ocrx_word' id='word_1_823' title='bbox 2960 4735 3010 4787; x_wconf 87' lang='grc'>1.</span> <span class='ocrx_word' id='word_1_824' title='bbox 3045 4732 3212 4787; x_wconf 89' lang='lat' dir='ltr'><strong>Deum</strong></span> <span class='ocrx_word' id='word_1_825' title='bbox 3247 4729 3415 4782; x_wconf 82' lang='lat' dir='ltr'><strong>lilium</strong></span> <span class='ocrx_word' id='word_1_826' title='bbox 3453 4729 3552 4780; x_wconf 82' lang='lat' dir='ltr'><strong>ha—</strong></span> <span class='ocrx_word' id='word_1_827' title='bbox 3591 4768 3610 4832; x_wconf 50' lang='grc' dir='ltr'><em>Ι</em></span> 
     </span>
    </p>
   </div>
   <div class='ocr_carea' id='block_1_102' title="bbox 1979 4822 3551 4908">
    <p class='ocr_par' dir='ltr' id='par_1_102' title="bbox 1979 4822 3551 4908">
     <span class='ocr_line' id='line_1_102' title="bbox 1979 4822 3551 4908; baseline -0.015 -13"><span class='ocrx_word' id='word_1_828' title='bbox 1979 4843 2103 4895; x_wconf 81' lang='lat' dir='ltr'><strong>bere</strong></span> <span class='ocrx_word' id='word_1_829' title='bbox 2135 4855 2238 4894; x_wconf 92' lang='lat' dir='ltr'>non</span> <span class='ocrx_word' id='word_1_830' title='bbox 2286 4855 2445 4908; x_wconf 80' lang='lat' dir='ltr'><strong>posse</strong></span> <span class='ocrx_word' id='word_1_831' title='bbox 2477 4838 2598 4889; x_wconf 85' lang='lat' dir='ltr'><strong>sine</strong></span> <span class='ocrx_word' id='word_1_832' title='bbox 2632 4834 2876 4887; x_wconf 59' lang='lat' dir='ltr'><strong>femina:</strong></span> <span class='ocrx_word' id='word_1_833' title='bbox 2906 4831 2960 4881; x_wconf 90' lang='grc'>2.</span> <span class='ocrx_word' id='word_1_834' title='bbox 2998 4828 3054 4880; x_wconf 87' lang='lat' dir='ltr'><strong>Si</strong></span> <span class='ocrx_word' id='word_1_835' title='bbox 3080 4828 3248 4879; x_wconf 83' lang='lat' dir='ltr'><strong>lilium</strong></span> <span class='ocrx_word' id='word_1_836' title='bbox 3287 4823 3429 4873; x_wconf 74' lang='lat' dir='ltr'><strong>Deus</strong></span> <span class='ocrx_word' id='word_1_837' title='bbox 3454 4822 3551 4873; x_wconf 74' lang='lat' dir='ltr'><strong>ha-</strong></span> 
     </span>
    </p>
   </div>
   <div class='ocr_carea' id='block_1_103' title="bbox 1975 4912 3550 4988">
    <p class='ocr_par' dir='ltr' id='par_1_103' title="bbox 1975 4912 3550 4988">
     <span class='ocr_line' id='line_1_103' title="bbox 1975 4912 3550 4988; baseline -0.015 -4"><span class='ocrx_word' id='word_1_838' title='bbox 1975 4933 2152 4988; x_wconf 85' lang='lat' dir='ltr'><strong>beret.</strong></span> <span class='ocrx_word' id='word_1_839' title='bbox 2208 4928 2429 4980; x_wconf 79' lang='lat' dir='ltr'><strong>dissidia</strong></span> <span class='ocrx_word' id='word_1_840' title='bbox 2465 4925 2607 4977; x_wconf 71' lang='lat' dir='ltr'><strong>inter</strong></span> <span class='ocrx_word' id='word_1_841' title='bbox 2635 4937 2732 4974; x_wconf 90' lang='lat' dir='ltr'>eos</span> <span class='ocrx_word' id='word_1_842' title='bbox 2772 4919 2908 4972; x_wconf 82' lang='lat' dir='ltr'><strong>fore.</strong></span> <span class='ocrx_word' id='word_1_843' title='bbox 2941 4918 2994 4969; x_wconf 79' lang='grc'>5.</span> <span class='ocrx_word' id='word_1_844' title='bbox 3025 4915 3082 4968; x_wconf 85' lang='grc' dir='ltr'>1η</span> <span class='ocrx_word' id='word_1_845' title='bbox 3114 4912 3292 4979; x_wconf 83' lang='lat' dir='ltr'><strong>capite</strong></span> <span class='ocrx_word' id='word_1_846' title='bbox 3331 4912 3550 4968; x_wconf 81' lang='lat' dir='ltr'><strong>Elnesa,</strong></span> 
     </span>
    </p>
   </div>
   <div class='ocr_carea' id='block_1_104' title="bbox 1985 4999 3551 5076">
    <p class='ocr_par' dir='ltr' id='par_1_104' title="bbox 1985 4999 3551 5076">
     <span class='ocr_line' id='line_1_104' title="bbox 1985 4999 3551 5076; baseline -0.016 -1"><span class='ocrx_word' id='word_1_847' title='bbox 1985 5025 2087 5076; x_wconf 87' lang='lat' dir='ltr'>hoc</span> <span class='ocrx_word' id='word_1_848' title='bbox 2149 5029 2230 5074; x_wconf 82' lang='lat' dir='ltr'>est</span> <span class='ocrx_word' id='word_1_849' title='bbox 2296 5017 2570 5073; x_wconf 77' lang='lat' dir='ltr'><strong>Mulieres,</strong></span> <span class='ocrx_word' id='word_1_850' title='bbox 2633 5011 2858 5064; x_wconf 84' lang='lat' dir='ltr'><strong>verbum</strong></span> <span class='ocrx_word' id='word_1_851' title='bbox 2898 5007 2987 5060; x_wconf 88' lang='lat' dir='ltr'><strong>Dei</strong></span> <span class='ocrx_word' id='word_1_852' title='bbox 3022 5014 3077 5059; x_wconf 87' lang='lat' dir='ltr'>ct</span> <span class='ocrx_word' id='word_1_853' title='bbox 3109 5003 3347 5056; x_wconf 84' lang='lat' dir='ltr'><strong>animam</strong></span> <span class='ocrx_word' id='word_1_854' title='bbox 3379 4999 3468 5051; x_wconf 68' lang='lat' dir='ltr'><strong>llei</strong></span> <span class='ocrx_word' id='word_1_855' title='bbox 3499 5009 3551 5052; x_wconf 86' lang='lat' dir='ltr'>et</span> 
     </span>
    </p>
   </div>
   <div class='ocr_carea' id='block_1_105' title="bbox 1984 5092 3552 5182">
    <p class='ocr_par' dir='ltr' id='par_1_105' title="bbox 1984 5092 3552 5182">
     <span class='ocr_line' id='line_1_105' title="bbox 1984 5092 3552 5182; baseline -0.015 -16"><span class='ocrx_word' id='word_1_856' title='bbox 1984 5099 2237 5182; x_wconf 68' lang='lat' dir='ltr'><strong>spiritum</strong></span> <span class='ocrx_word' id='word_1_857' title='bbox 2295 5110 2382 5160; x_wconf 79' lang='lat' dir='ltr'><strong>Dei</strong></span> <span class='ocrx_word' id='word_1_858' title='bbox 2432 5106 2707 5159; x_wconf 69' lang='lat' dir='ltr'><strong>Christiﬂn</strong></span> <span class='ocrx_word' id='word_1_859' title='bbox 2752 5118 2871 5155; x_wconf 78' lang='lat' dir='ltr'><strong>esse</strong></span> <span class='ocrx_word' id='word_1_860' title='bbox 2941 5099 3092 5152; x_wconf 88' lang='lat' dir='ltr'><strong>dicit.</strong></span> <span class='ocrx_word' id='word_1_861' title='bbox 3151 5096 3204 5148; x_wconf 78' lang='grc'>4.</span> <span class='ocrx_word' id='word_1_862' title='bbox 3271 5095 3308 5146; x_wconf 61' lang='lat' dir='ltr'>li</span> <span class='ocrx_word' id='word_1_863' title='bbox 3342 5092 3552 5159; x_wconf 63' lang='lat' dir='ltr'><strong>virgine</strong></span> 
     </span>
    </p>
   </div>
   <div class='ocr_carea' id='block_1_106' title="bbox 1984 5185 3549 5258">
    <p class='ocr_par' dir='ltr' id='par_1_106' title="bbox 1984 5185 3549 5258">
     <span class='ocr_line' id='line_1_106' title="bbox 1984 5185 3549 5258; baseline -0.013 0"><span class='ocrx_word' id='word_1_864' title='bbox 1984 5205 2104 5258; x_wconf 87' lang='lat' dir='ltr'><strong>sine</strong></span> <span class='ocrx_word' id='word_1_865' title='bbox 2134 5203 2249 5255; x_wconf 81' lang='lat' dir='ltr'><strong>viro</strong></span> <span class='ocrx_word' id='word_1_866' title='bbox 2300 5199 2578 5254; x_wconf 87' lang='lat' dir='ltr'><strong>Christum</strong></span> <span class='ocrx_word' id='word_1_867' title='bbox 2641 5203 2827 5248; x_wconf 85' lang='lat' dir='ltr'><strong>natum</strong></span> <span class='ocrx_word' id='word_1_868' title='bbox 2865 5207 2986 5254; x_wconf 81' lang='lat' dir='ltr'><strong>esse.</strong></span> <span class='ocrx_word' id='word_1_869' title='bbox 3015 5189 3309 5244; x_wconf 84' lang='lat' dir='ltr'><strong>consentit.</strong></span> <span class='ocrx_word' id='word_1_870' title='bbox 3350 5186 3404 5240; x_wconf 84' lang='lat'><strong>5.</strong></span> <span class='ocrx_word' id='word_1_871' title='bbox 3442 5185 3549 5239; x_wconf 83' lang='lat' dir='ltr'><strong>Ne-</strong></span> 
     </span>
    </p>
   </div>
   <div class='ocr_carea' id='block_1_107' title="bbox 1985 5280 3553 5365">
    <p class='ocr_par' dir='ltr' id='par_1_107' title="bbox 1985 5280 3553 5365">
     <span class='ocr_line' id='line_1_107' title="bbox 1985 5280 3553 5365; baseline -0.013 -16"><span class='ocrx_word' id='word_1_872' title='bbox 1985 5304 2095 5365; x_wconf 81' lang='lat' dir='ltr'><strong>gat,</strong></span> <span class='ocrx_word' id='word_1_873' title='bbox 2127 5294 2403 5346; x_wconf 84' lang='lat' dir='ltr'><strong>Christum</strong></span> <span class='ocrx_word' id='word_1_874' title='bbox 2437 5305 2559 5343; x_wconf 87' lang='lat' dir='ltr'><strong>esse</strong></span> <span class='ocrx_word' id='word_1_875' title='bbox 2581 5297 2675 5342; x_wconf 88' lang='lat' dir='ltr'>aut</span> <span class='ocrx_word' id='word_1_876' title='bbox 2711 5284 2804 5339; x_wconf 79' lang='lat' dir='ltr'>Dei</span> <span class='ocrx_word' id='word_1_877' title='bbox 2835 5283 3058 5348; x_wconf 85' lang='lat' dir='ltr'><strong>Filium,</strong></span> <span class='ocrx_word' id='word_1_878' title='bbox 3096 5290 3190 5336; x_wconf 87' lang='lat' dir='ltr'>aut</span> <span class='ocrx_word' id='word_1_879' title='bbox 3226 5280 3421 5341; x_wconf 86' lang='lat' dir='ltr'><strong>Deum,</strong></span> <span class='ocrx_word' id='word_1_880' title='bbox 3457 5284 3553 5329; x_wconf 86' lang='lat' dir='ltr'>aut</span> 
     </span>
    </p>
   </div>
   <div class='ocr_carea' id='block_1_108' title="bbox 1985 5371 3553 5447">
    <p class='ocr_par' dir='ltr' id='par_1_108' title="bbox 1985 5371 3553 5447">
     <span class='ocr_line' id='line_1_108' title="bbox 1985 5371 3553 5447; baseline -0.014 -7"><span class='ocrx_word' id='word_1_881' title='bbox 1985 5382 2418 5440; x_wconf 88' lang='lat' dir='ltr'><strong>incarnationem</strong></span> <span class='ocrx_word' id='word_1_882' title='bbox 2454 5379 2616 5447; x_wconf 86' lang='lat' dir='ltr'><strong>ejus;</strong></span> <span class='ocrx_word' id='word_1_883' title='bbox 2651 5375 2746 5432; x_wconf 83' lang='lat' dir='ltr'>sed</span> <span class='ocrx_word' id='word_1_884' title='bbox 2776 5375 2921 5428; x_wconf 86' lang='lat' dir='ltr'><strong>unde</strong></span> <span class='ocrx_word' id='word_1_885' title='bbox 2959 5389 3085 5427; x_wconf 88' lang='lat' dir='ltr'>eum</span> <span class='ocrx_word' id='word_1_886' title='bbox 3130 5371 3400 5424; x_wconf 88' lang='lat' dir='ltr'><strong>hominem</strong></span> <span class='ocrx_word' id='word_1_887' title='bbox 3432 5379 3553 5420; x_wconf 86' lang='lat' dir='ltr'><strong>esse</strong></span> 
     </span>
    </p>
   </div>
   <div class='ocr_carea' id='block_1_109' title="bbox 1984 5465 3553 5542">
    <p class='ocr_par' dir='ltr' id='par_1_109' title="bbox 1984 5465 3553 5542">
     <span class='ocr_line' id='line_1_109' title="bbox 1984 5465 3553 5542; baseline -0.013 -12"><span class='ocrx_word' id='word_1_888' title='bbox 1984 5477 2136 5542; x_wconf 89' lang='lat' dir='ltr'><strong>dicit,</strong></span> <span class='ocrx_word' id='word_1_889' title='bbox 2166 5478 2308 5529; x_wconf 91' lang='lat' dir='ltr'><strong>sicut</strong></span> <span class='ocrx_word' id='word_1_890' title='bbox 2335 5471 2639 5530; x_wconf 74' lang='lat' dir='ltr'><strong>Nestor-ins.</strong></span> <span class='ocrx_word' id='word_1_891' title='bbox 2669 5475 2724 5522; x_wconf 88' lang='lat' dir='ltr'>at</span> <span class='ocrx_word' id='word_1_892' title='bbox 2749 5478 3000 5521; x_wconf 80' lang='lat' dir='ltr'><strong>sanctum</strong></span> <span class='ocrx_word' id='word_1_893' title='bbox 3028 5465 3177 5516; x_wconf 86' lang='lat' dir='ltr'><strong>illum</strong></span> <span class='ocrx_word' id='word_1_894' title='bbox 3205 5471 3331 5516; x_wconf 84' lang='lat' dir='ltr'><strong>ante</strong></span> <span class='ocrx_word' id='word_1_895' title='bbox 3361 5471 3553 5511; x_wconf 89' lang='lat' dir='ltr'><strong>omnes</strong></span> 
     </span>
    </p>
   </div>
   <div class='ocr_carea' id='block_1_110' title="bbox 1987 5549 3544 5632">
    <p class='ocr_par' dir='ltr' id='par_1_110' title="bbox 1987 5549 3544 5632">
     <span class='ocr_line' id='line_1_110' title="bbox 1987 5549 3544 5632; baseline -0.013 -13"><span class='ocrx_word' id='word_1_896' title='bbox 1987 5566 2255 5619; x_wconf 76' lang='lat' dir='ltr'><strong>homines.</strong></span> <span class='ocrx_word' id='word_1_897' title='bbox 2291 5564 2344 5617; x_wconf 88' lang='lat'><em>6.</em></span> <span class='ocrx_word' id='word_1_898' title='bbox 2378 5562 2493 5614; x_wconf 72' lang='lat' dir='ltr'>Non</span> <span class='ocrx_word' id='word_1_899' title='bbox 2527 5559 2805 5632; x_wconf 67' lang='lat' dir='ltr'><strong>Christum</strong></span> <span class='ocrx_word' id='word_1_900' title='bbox 2840 5557 2988 5612; x_wconf 86' lang='lat' dir='ltr'><strong>cruci</strong></span> <span class='ocrx_word' id='word_1_901' title='bbox 3024 5555 3242 5607; x_wconf 75' lang='lat' dir='ltr'><strong>allixum</strong></span> <span class='ocrx_word' id='word_1_902' title='bbox 3278 5565 3419 5608; x_wconf 86' lang='lat' dir='ltr'><strong>esse,</strong></span> <span class='ocrx_word' id='word_1_903' title='bbox 3450 5549 3544 5599; x_wconf 86' lang='lat' dir='ltr'>sed</span> 
     </span>
    </p>
   </div>
   <div class='ocr_carea' id='block_1_111' title="bbox 1986 5645 3554 5721">
    <p class='ocr_par' dir='ltr' id='par_1_111' title="bbox 1986 5645 3554 5721">
     <span class='ocr_line' id='line_1_111' title="bbox 1986 5645 3554 5721; baseline -0.013 -11"><span class='ocrx_word' id='word_1_904' title='bbox 1986 5658 2153 5710; x_wconf 88' lang='lat' dir='ltr'><strong>alium</strong></span> <span class='ocrx_word' id='word_1_905' title='bbox 2205 5657 2322 5710; x_wconf 88' lang='lat' dir='ltr'><strong>loco</strong></span> <span class='ocrx_word' id='word_1_906' title='bbox 2353 5654 2492 5721; x_wconf 86' lang='lat' dir='ltr'><strong>ejus.</strong></span> <span class='ocrx_word' id='word_1_907' title='bbox 2553 5652 2604 5706; x_wconf 88' lang='lat'><strong>7.</strong></span> <span class='ocrx_word' id='word_1_908' title='bbox 2642 5651 2810 5706; x_wconf 88' lang='lat' dir='ltr'><strong>Deum</strong></span> <span class='ocrx_word' id='word_1_909' title='bbox 2846 5650 2910 5702; x_wconf 89' lang='lat' dir='ltr'>ad</span> <span class='ocrx_word' id='word_1_910' title='bbox 2945 5663 3004 5701; x_wconf 86' lang='lat' dir='ltr'>se</span> <span class='ocrx_word' id='word_1_911' title='bbox 3036 5648 3087 5700; x_wconf 92' lang='lat' dir='ltr'>in</span> <span class='ocrx_word' id='word_1_912' title='bbox 3128 5645 3296 5698; x_wconf 68' lang='lat' dir='ltr'><strong>rmlos</strong></span> <span class='ocrx_word' id='word_1_913' title='bbox 3327 5652 3554 5692; x_wconf 80' lang='lat' dir='ltr'><strong>voeasse</strong></span> 
     </span>
    </p>
   </div>
   <div class='ocr_carea' id='block_1_112' title="bbox 1985 5733 3579 5816">
    <p class='ocr_par' dir='ltr' id='par_1_112' title="bbox 1985 5733 3579 5816">
     <span class='ocr_line' id='line_1_112' title="bbox 1985 5733 3579 5816; baseline -0.014 -14"><span class='ocrx_word' id='word_1_914' title='bbox 1985 5747 2287 5810; x_wconf 88' lang='lat' dir='ltr'><strong>Christum,</strong></span> <span class='ocrx_word' id='word_1_915' title='bbox 2317 5747 2408 5816; x_wconf 90' lang='lat' dir='ltr'>qui</span> <span class='ocrx_word' id='word_1_916' title='bbox 2443 5756 2622 5798; x_wconf 88' lang='lat' dir='ltr'><strong>tamen</strong></span> <span class='ocrx_word' id='word_1_917' title='bbox 2657 5743 2760 5797; x_wconf 91' lang='lat' dir='ltr'>sub</span> <span class='ocrx_word' id='word_1_918' title='bbox 2787 5743 2948 5794; x_wconf 83' lang='lat' dir='ltr'><strong>linem</strong></span> <span class='ocrx_word' id='word_1_919' title='bbox 2975 5737 3160 5790; x_wconf 88' lang='lat' dir='ltr'><strong>mundi</strong></span> <span class='ocrx_word' id='word_1_920' title='bbox 3190 5733 3472 5786; x_wconf 85' lang='lat' dir='ltr'><strong>rediturus</strong></span> <span class='ocrx_word' id='word_1_921' title='bbox 3497 5739 3579 5780; x_wconf 79' lang='lat' dir='ltr'><strong>ct-</strong></span> 
     </span>
    </p>
   </div>
   <div class='ocr_carea' id='block_1_113' title="bbox 1989 5827 3554 5914">
    <p class='ocr_par' dir='ltr' id='par_1_113' title="bbox 1989 5827 3554 5914">
     <span class='ocr_line' id='line_1_113' title="bbox 1989 5827 3554 5914; baseline -0.018 -17"><span class='ocrx_word' id='word_1_922' title='bbox 1989 5843 2368 5898; x_wconf 83' lang='lat' dir='ltr'><strong>anlichristum</strong></span> <span class='ocrx_word' id='word_1_923' title='bbox 2397 5838 2682 5914; x_wconf 48' lang='lat' dir='ltr'><strong>occisurus</strong></span> <span class='ocrx_word' id='word_1_924' title='bbox 2756 5832 2951 5888; x_wconf 77' lang='lat' dir='ltr'><strong>deinde</strong></span> <span class='ocrx_word' id='word_1_925' title='bbox 2983 5839 3161 5882; x_wconf 70' lang='lat' dir='ltr'><strong>autem</strong></span> <span class='ocrx_word' id='word_1_926' title='bbox 3193 5827 3304 5894; x_wconf 75' lang='lat' dir='ltr'><strong>ipse</strong></span> <span class='ocrx_word' id='word_1_927' title='bbox 3338 5835 3554 5891; x_wconf 77' lang='lat' dir='ltr'><strong>qucque</strong></span> 
     </span>
    </p>
   </div>
  </div>
