3962 6602
239 459 361 525 893

1231 463 1683 524 CHRONICON
1726 464 2000 528 MAJUS.
2028 493 2090 503 -
2136 470 2287 530 LIB.
2320 470 2440 531 ΠΙ.

3391 464 3497 527 895

226 574 465 628 πόλεων
514 573 609 644 ἐτη
668 574 791 644 ρςδ⁹
820 576 920 630 καὶ
962 575 1137 645 μῆνας
1170 575 1199 629 ι’
1230 580 1325 631 καὶ
1370 580 1585 651 ἡμέρας
1616 579 1681 632 δ’.
1719 577 1822 633 Καὶ
1855 587 1899 643 Α
1929 583 2084 637 λικοῦ
2140 587 2276 656 μετὰ
2335 587 2519 651 πάσης
2570 586 2668 655 τῆς
2714 583 3023 653 συγκλήτου
3079 578 3438 650 ἐξερχόμενος
3469 580 3500 628 ὅ

239 672 359 725 ὑπὸ
409 669 825 726 Κωνσταντίνου
887 671 1120 726 Φλαϐίου
1157 673 1367 744 ἤρξατο
1413 676 1444 742 ἠ
1490 674 1737 744 βασιλεία
1766 677 1826 727 ἑν

238 761 833 817 Κωνσταντινουπόλει
870 765 968 817 καὶ⁹
1007 765 1102 818 ἐπὶ
1132 766 1550 820 Κωνσταντίνου
1581 766 1678 819 τοῦ
1712 768 1826 821 Πα-

241 851 542 920 λαιολόγου
575 857 750 924 πέρας
797 855 1009 909 ἐλαϐεν.
1075 858 1163 910 Ἐν
1215 857 1340 927 τῇδε
1387 861 1452 926 τῇ
1503 858 1823 928 τριταλαίνῃ

243 945 412 998 πόλει
458 947 843 1017 ἐπεκράτησεν
896 951 928 1018 ἡ
980 949 1092 1002 τῶν
1132 949 1417 1021 Ῥωμαίων
1453 948 1700 1018 βασιλεία
1729 949 1825 1018 ἐτη

240 1038 439 1108 ⁴αρμγ’
470 1040 646 1109 μῆνας
679 1046 709 1092 ι’
746 1027 843 1094 καὶ
886 1042 1104 1111 ἡμέρας
1135 1042 1199 1094 δ’.

323 1132 566 1199 Ποιήσας
610 1133 706 1186 οῦν
753 1137 820 1203 τῇ
889 1136 1051 1205 τρίτῃ
1115 1135 1297 1206 ἡμέρᾳ
1341 1136 1443 1205 τῆς
1471 1134 1747 1197 ’ἁλώσεως
1799 1134 1827 1185 6

242 1221 478 1292 ἀμηρᾶς
518 1223 787 1292 Θρίαμϐον
822 1225 919 1278 καὶ
968 1226 1143 1295 χαρὰν
1197 1225 1441 1295 μεγάλην
1474 1227 1562 1279 διὰ
1620 1226 1722 1296 τὴν
1751 1226 1830 1278 νί-

172 1306 189 1317 ”
242 1329 363 1381 σιην
397 1312 497 1382 τὴν
540 1316 685 1368 κατᾶ
719 1317 819 1384 τῆς
854 1317 1086 1383 πόλεως,
1115 1317 1211 1371 καὶ
1250 1318 1520 1381 κελεύσας
1561 1318 1646 1370 ἵνα
1683 1317 1832 1381 ἐξέλ-

247 1404 397 1459 θωσι
443 1407 649 1469 πάντες
688 1408 738 1459 οί
787 1407 1070 1476 ἄνθρωποι
1116 1410 1304 1479 μικροί
1354 1425 1414 1460 τε
1460 1410 1553 1461 καὶ
1604 1409 1831 1477 μεγάλοι

244 1496 302 1548 οἱ
335 1496 488 1558 ὄντες
530 1499 903 1567 κεκρυμμένοι
951 1500 1008 1552 ἐν
1062 1517 1170 1552 τισι
1202 1502 1387 1563 τόποις
1423 1503 1649 1567 κρυφοῖς
1702 1502 1803 1569 τῆς

251 1586 472 1648 πόλεως
502 1590 596 1640 καὶ
633 1590 912 1656 ἐλεύθεροι
942 1591 1036 1643 καὶ
1069 1592 1419 1662 ἀνενόχλητοι
1448 1585 1599 1642 ὦσιν·
1632 1591 1834 1660 ὁμοίιος

215 1658 356 1745 lata!
388 1680 588 1742 πάντες
615 1681 733 1733 ὅσοι
777 1682 840 1734 ἐκ
879 1682 981 1750 τῆς
1015 1658 1486 1751 πόλεως-ἔφυγον,
1535 1683 1610 1745 ὡς
1647 1658 1834 1752 προεί-

251 1786 465 1837 παμεν,
500 1771 589 1825 διὰ
628 1773 718 1824 τὸν
760 1774 923 1841 φόϐον
958 1772 1052 1825 τοῦ
1089 1775 1353 1840 πολέμου,
1397 1775 1625 1838 ἕκαστος
1652 1776 1833 1827 αὐτῶν

252 1859 566 1931 ἐπιστρέψῃ
594 1864 675 1922 είς
708 1863 799 1914 τον
835 1859 987 1915 οἶκον
1020 1863 1212 1928 αὐτοῦ,
1243 1866 1339 1917 καὶ
1371 1864 1562 1933 βιῶναι
1602 1867 1833 1919 ἕκαστον

1929 677 2276 747 πατριάρχης
2328 680 2423 731 καὶ
2470 677 2893 747 εὐφημούμενος
2918 676 2975 726 ἐν
3003 672 3081 742 τῷ
3113 672 3498 741 πατριαρχείῳ

1928 769 2359 839 ἐπανέστρεψαν·
2391 771 2487 824 καὶ
2536 772 2569 839 ἡ
2623 767 2929 838 χειροτονία
2973 766 3182 833 ἐγίνετο
3212 761 3360 830 παρὰ
3391 760 3500 811 τῶν

1930 860 2263 928 ἀρχιερέων.
2310 860 2384 923 ὡς
2444 860 2598 925 τάξις
2629 860 2724 911 καὶ
2770 859 2936 927 νόμος
2970 852 3059 926 ἦν.
3093 852 3401 914 Ἒλάμὸανε
3441 850 3499 901 δέ

1928 950 1957 1001 6
1990 951 2205 1020 μέλλων
2231 952 2489 1019 γενέσθαι
2522 940 2864 1020 πατριάρχης
2890 951 2955 1001 ἐκ
2985 948 3094 1000 τῶν
3111 945 3205 996 τοῦ
3236 940 3503 1010 βασιλέως

1930 1042 2132 1112 χειρῶν
2184 1045 2246 1096 τὸ
2286 1045 2594 1097 δεκανίκιον
2617 1043 3076 1110 τοιουτοτρόπως.
3123 1033 3500 1101 Καθεζομένου

1930 1135 2027 1187 τοῦ
2067 1135 2337 1203 βασιλέως
2374 1136 2468 1189 ἐπὶ
2513 1136 2607 1189 τοῦ
2650 1134 2932 1205 βασιλικοῦ
2968 1133 3186 1200 δίφρου,
3230 1129 3326 1180 καὶ
3351 1126 3501 1201 πᾷσα

1929 1227 1962 1295 ή
1998 1227 2303 1295 σύγκλητος
2341 1229 2621 1290 ίστάμενοι
2677 1229 2939 1288 ἁσκεπεῖς
2994 1225 3088 1278 καὶ
3137 1221 3311 1290 ὀρθοὶ,
3347 1219 3443 1272 καὶ
3470 1216 3501 1267 6

1935 1317 2108 1387 μέγας
2150 1322 2534 1387 πρωτοπαπᾱς
2568 1318 2662 1371 τοῦ
2689 1318 2956 1371 παλατίου
2988 1314 3158 1367 ἐποίει
3186 1309 3500 1377 εὐλογητδν,

1931 1404 2050 1461 εἶτα
2084 1410 2180 1462 καὶ
2232 1409 2438 1479 μικρὰν
2492 1409 2716 1479 ἐκτενὴν
2738 1447 2752 1469 ,
2782 1398 2886 1460 λκαι
2909 1408 2938 1459 6
2977 1406 3153 1475 μέγας
3181 1402 3503 1472 δομέστικος
3581 1470 3587 1487 Σ

1934 1501 2126 1568 ἔψαλλε
2149 1502 2209 1553 τὸ
2247 1522 2263 1553 ι
2299 1504 2477 1556 ’Ὅπου
2504 1503 2612 1570 γὰρ
2638 1500 2898 1572 βασιλέως
2934 1497 3230 1567 παρουσία,
3268 1514 3285 1546 ι
3312 1495 3406 1547 καὶ
3435 1494 3504 1544 τά
3582 1502 3588 1545 '.

1933 1596 2085 1663 ἑξῆς.
2104 1590 2238 1647 Εἶτα
2269 1597 2327 1647 τί)
2360 1614 2377 1645 ι
2406 1595 2565 1657 Δόξα,
2586 1614 2604 1644 ι
2636 1596 2662 1646 6
2687 1592 3066 1660 λαμπαδάριος
3091 1590 3152 1639 ἐκ
3180 1586 3276 1638 τοῦ
3311 1585 3506 1652 ἑτέρου

1932 1684 2116 1752 χοροῦ,
2165 1686 2261 1736 καὶ
2296 1683 2392 1738 νῦν
2426 1684 2506 1736 τόο
2541 1702 2559 1734 ι
2608 1683 2668 1735 Ὀ
2708 1681 2962 1750 βασιλεὺς
3012 1678 3124 1730 τῶν
3169 1674 3438 1744 οὐρανῶν,
3479 1690 3496 1723 ι

1935 1778 2027 1829 καὶ
2086 1777 2157 1829 τὰ
2191 1776 2339 1842 ἐξῆς.
2382 1774 2536 1829 Μετὰ
2584 1775 2641 1827 δὲ
2698 1775 2760 1825 τὸ
2801 1770 2955 1833 τέλος
3002 1769 3097 1821 τοῦ
3141 1765 3440 1835 eget-rapior)
3475 1764 3506 1814 6

1937 1867 2193 1938 βασιλεὺς
2234 1869 2517 1928 ἀνίστατο,
2550 1865 2691 1936 ἔχων
2717 1864 2811 1915 ἐπὶ
2840 1864 2938 1931 τὴν
2984 1860 3169 1926 δεξιὰν
3197 1858 3258 1910 1:6
3286 1854 3501 1909 δεκανία-

257 1952 410 2001 κατὰ
450 1952 549 2019 τὴν
578 1953 731 2016 τάξιν
775 1954 866 2006 καὶ
898 1939 1198 2025 θρησκείαν
1245 1956 1430 2018 αὐτοῦ,
1464 1957 1540 2020 ὼς
1571 1959 1665 2011 καὶ
1692 1962 1829 2027 πρόο
1858 1964 1906 2024 Β
1937 1975 2074 2021 κιον,
2108 1958 2135 2008 6
2165 1958 2222 2010 δὲ
2254 1956 2566 2025 ὐποψήφιος
2628 1955 2927 2025 ἐρχόμενος
2950 1994 2965 2018 ,
3016 1952 3112 2004 καὶ
3162 1951 3225 2001 ἐκ
3250 1949 3346 1999 τοῦ
3385 1947 3504 2007 ἐνὸς

253 2057 419 2109 τερον
455 2036 539 2111 ἦν.
587 2044 828 2111 Ὀμοίως
874 2046 1209 2114 προσέταξεν
1267 2046 1356 2101 ἵνα
1417 2049 1688 2118 ποιήσωσι
1735 2050 1831 2102 καὶ

254 2133 612 2204 πατριάρχην
647 2135 722 2198 ὡς
754 2137 987 2205 σύνηθες
1017 2132 1085 2208 ἦν
1115 2140 1253 2191 κατὰ
1299 2139 1397 2207 τὴν
1424 2140 1577 2204 τάξιν
1624 2141 1826 2194 αὐτῶν·

252 2216 328 2292 ἦν
378 2226 486 2294 γάρ
527 2229 923 2296 προαποθανὼν
979 2232 1006 2283 6
1072 2214 1443 2302 πατριάρχης.
1501 2234 1611 2286 Καὶ
1674 2232 1828 2286 ἐκλέ-

255 2316 533 2380 ξαντεςοί
581 2320 892 2390 ἐντυχόντες
932 2323 1214 2393 ἀρχιερεῖς
1259 2326 1353 2375 καὶ
1388 2327 1435 2377 οἱ
1473 2324 1644 2392 ὀλίγοι
1684 2326 1827 2378 πάνυ

250 2406 436 2478 ἕτεροι
491 2410 779 2481 ίερωμένοι
840 2415 935 2466 καὶ
991 2414 1173 2467 λαϊκοὶ
1223 2416 1315 2468 τὸν
1365 2415 1524 2485 305
1582 2416 1829 2484 σοφώτα-

250 2515 350 2551 τον
398 2501 504 2570 κύρ
534 2502 807 2571 Γεώργιον
865 2498 956 2557 τὸν
1011 2505 1305 2575 Σχολάριον
1339 2507 1528 2560 λαῖκὸν
1584 2507 1665 2561 ἔτι
1700 2508 1829 2561 ὄντα

251 2591 339 2654 είς
387 2593 734 2665 πατριάρχην
789 2596 1252 2667 ἐχειροτόνησαν,
1302 2597 1363 2651 ὃν
1403 2600 1500 2652 καὶ
1540 2600 1829 2654 Γεννάδιον

250 2682 645 2749 ἐπωνόμασαν.

331 2771 667 2845 Προῦπῆρχε
695 2774 752 2828 δὲ
781 2776 875 2829 καὶ
902 2778 1060 2844 τάξις
1090 2780 1184 2832 καὶ
1226 2781 1495 2853 συνήθεια
1523 2784 1640 2843 τοῖς
1673 2780 1826 2852 βασι-

248 2859 413 2915 λεῦσι
472 2863 823 2932 Χριστιανοῖς
861 2867 950 2921 τνα
973 2870 1317 2938 δωροποιῶσι
1373 2871 1450 2939 τῷ
1510 2889 1827 2942 χειροτονη-

250 2949 408 3004 θέντι
441 2954 752 3026 πατριάρχῃ
807 2957 1011 3010 νεωστὶ
1063 2959 1373 3012 δεκανίκιον
1422 2960 1661 3029 χρυσοῦν
1690 2959 1830 3027 μετὰ

252 3039 422 3093 λίθων
458 3044 771 3113 πολυτίμων
827 3047 923 3100 καὶ
964 3048 1259 3117 μαργάρων
1315 3050 1825 3120 ἐγκεκοσμημένον,

250 3131 351 3183 καὶ
384 3133 553 3186 ἵππον
581 3136 835 3189 ἐκλεκτὸν
885 3139 948 3190 ἐκ
985 3139 1095 3191 τῶν
1144 3139 1444 3209 βασιλικῶν
1480 3141 1621 3209 μετὰ
1664 3141 1829 3210 ἐφιπ-

247 3223 386 3278 πίου
416 3227 509 3279 καὶ
540 3228 853 3297 ἐφεστρίδος
889 3230 1173 3302 βασιλικῆς
1201 3234 1684 3303 ἐγκεκοσμημένον
1727 3251 1826 3286 πο-

247 3318 513 3381 λυτελῶς·
553 3321 649 3373 καὶ⁵
697 3322 835 3389 μετὰ
866 3323 1087 3392 χασδίου
1116 3326 1313 3379 λευκοῦ
1338 3327 1433 3378 καὶ
1460 3327 1666 3396 χρυσοῦ
1706 3342 1828 3379 σκε-

247 3408 492 3480 πόμενος
518 3406 585 3481 ἦν
613 3413 640 3463 6
668 3411 854 3475 ἵππος.
888 3415 996 3466 Καὶ
1027 3418 1091 3468 ἐκ
1121 3416 1215 3469 τοῦ
1244 3417 1506 3471 παλατίου
1534 3417 1627 3471 τοῦ
1661 3418 1821 3489 βασι-

247 3600 391 3645 τιιηι-
418 3601 595 3646 autem
625 3592 918 3665 Palaeologi
950 3596 1003 3647 iu
1035 3594 1137 3649 hac
1168 3597 1353 3665 regina
1390 3599 1610 3652 urbium
1654 3616 1827 3657 annos

166 3682 171 3686 ’
248 3682 380 3748 194,
408 3699 624 3739 menses
648 3685 728 3741 _l0
750 3696 803 3741 et
834 3687 951 3741 dies
995 3687 1053 3749 4,
1089 3687 1243 3757 Cpoli
1267 3689 1554 3760 imperium
1586 3708 1823 3759 ereptum

246 3787 336 3831 est
366 3777 471 3831 sub
528 3776 714 3832 Flavio
741 3779 1129 3846 Constantino,
1182 3782 1396 3835 ﬁnitum
1420 3785 1523 3838 sub
1555 3784 1827 3839 Constan-

246 3869 371 3921 tino
395 3867 719 3940 Palaeologo.
742 3870 925 3941 Viguit
957 3873 1124 3941 igitur
1151 3874 1203 3927 in
1231 3875 1545 3929 miserrima
1571 3877 1673 3955 hac
1694 3879 1826 3932 urbe

248 3975 429 4014 annos
457 3961 597 4015 1145
618 4001 634 4027 ,
664 3978 881 4018 menses
915 3965 1003 4026 10,
1030 3966 1144 4019 dies
1175 3966 1228 4019 4.

323 4052 553 4106 Ameras
574 4054 660 4108 die
677 4054 839 4108 tertio
862 4064 982 4124 post
1003 4064 1219 4124 captam
1247 4057 1442 4113 urbem
1482 4058 1822 4129 triumphum

244 4153 302 4195 et
336 4144 595 4207 gaudium
647 4146 841 4214 ingens
898 4158 1122 4215 pr0pter
1171 4158 1502 4217 reportatam
1536 4150 1822 4205 victoriam

246 4232 501 4301 agitavit,
531 4236 773 4300 edit-ens,
807 4246 864 4290 ut
886 4252 1097 4301 omnes,
1128 4239 1305 4303 magni
1337 4250 1394 4292 et
1428 4242 1601 4307 parvi,
1625 4242 1716 4309 qui
1745 4242 1823 4296 lav

250 4324 445 4378 tebant
482 4326 534 4378 in
572 4327 703 4379 locis
754 4327 904 4379 urbis
934 4326 1299 4389 absconditis,
1364 4331 1651 4397 prodirent
1686 4347 1823 4387 neve

247 4430 282 4468 a
309 4431 588 4483 quoquam
640 4426 1033 4486 vexarentur;
1083 4419 1210 4471 item
1256 4419 1294 4471 ii
1329 4416 1670 4489 qui’timore
1696 4422 1822 4476 belli

246 4508 495 4575 impulsi,
548 4518 606 4563 ut
633 4518 759 4564 ante
800 4511 1385 4577 commemoravimus,
1438 4529 1505 4566 ex
1542 4516 1676 4567 urbe
1704 4530 1825 4583 pro-

1937 2050 2138 2117 μέρους
2192 2047 2357 2102 αὐτοῦ
2411 2050 2440 2102 6
2480 2047 2843 2118 Καισαρείας,
2878 2046 2943 2097 ἐκ
2976 2043 3032 2097 δέ
3059 2041 3154 2095 τοῦ
3184 2041 3443 2109 δευτέρου
3475 2039 3505 2091 6

1942 2141 2276 2212 Ἡρακλείας
2330 2139 2735 2209 μητροπολίτης
2764 2176 2780 2201 ,
2817 2136 2981 2206 306
3025 2134 3121 2186 καὶ
3163 2133 3309 2185 ποιεῖ
3365 2130 3505 2199 πρὸς

1934 2238 2144 2296 πάντας
2177 2231 2471 2301 μετανοίας
2520 2233 2693 2300 τρεῖς,
2742 2227 2862 2282 εἶτα
2907 2225 3272 2297 προσέρχεται
3312 2223 3390 2291 τῷ
3413 2222 3508 2291 βα-

1935 2323 2075 2374 σιλεῖ
2106 2325 2197 2376 καὶ
2256 2324 2489 2377 ἐνώπιον
2526 2323 2718 2376 τούτου
2775 2324 2921 2375 ποιεῖ
2968 2320 3072 2389 τὴν
3116 2319 3506 2388 προσήκουσαν

1932 2413 2084 2483 αὐτῷ
2134 2415 2527 2485 προσκύνησιν.
2588 2417 2699 2469 Καὶ
2743 2417 2770 2467 6
2822 2413 3074 2483 βασιλεὺς
3118 2411 3179 2463 τὸ
3201 2408 3507 2462 δεκανίκιον

1931 2505 2111 2575 ὀλίγον
2150 2506 2300 2576 ὑψῶν
2332 2507 2538 2576 ἔλεγεν·
2576 2523 2596 2557 ι
2638 2505 2706 2559 Ἥ
2753 2505 2884 2569 ἁγία
2935 2504 3112 2572 Τριὰς
3161 2503 3196 2572 ὴ
3246 2500 3350 2570 τὴν
3380 2499 3506 2568 ἐμοὶ

1936 2596 2216 2665 βασιλείαν
2270 2597 2640 2670 δωρησαμένη
2700 2592 3110 2665 προχειρίζεταί
3164 2610 3223 2645 σε
3256 2586 3353 2654 ἐίς
3402 2607 3508 2641 πα-

1933 2689 2212 2760 τριάρχην
2255 2689 2382 2751 νέας
2424 2688 2667 2757 Ῥώμης.
2708 2706 2726 2738 ι
2766 2686 2873 2738 Καὶ
2905 2684 3172 2745 οὕτωςέκ
3202 2679 3312 2733 τῶν
3349 2681 3504 2745 βασιο

1931 2779 2106 2833 λικῶν
2154 2782 2357 2851 χειρῶν
2414 2784 2442 2834 6
2493 2780 2846 2850 πατριάρχης
2892 2776 3165 2845 ἐλάμϐανε
3205 2775 3305 2843 τὴν
3351 2771 3502 2834 ἐξουο

1934 2871 2077 2937 σίαν,
2110 2874 2206 2926 καὶ
2232 2874 2333 2939 τὴν
2362 2866 2713 2943 εὐχαριστίαν
2766 2869 2846 2938 τῷ
2892 2868 3103 2939 βασιλεῖ
3138 2866 3331 2918 ἐδίδου.
3367 2862 3505 2917 Εῐτα

1930 2963 1978 3014 οί
2006 2964 2155 3031 χοροὶ
2176 2962 2403 3031 ἔψαλλον
2432 2963 2492 3014 τό
2518 2979 2530 2994 ·
2568 2981 2585 3013 ι
2611 2962 2704 3023 Et;
2740 2959 2911 3013 πολλὰ
2940 2959 3061 3027 ἐτη,
3088 2956 3345 3015 δέσποτα,
3387 2971 3407 3005 ι
3438 2954 3502 3006 ἐκ

1931 3050 2140 3120 τρίτου,
2170 3054 2263 3103 καὶ
2292 3051 2579 3114 ἀπόλυσις.
2616 3050 2678 3104 '0
2714 3050 3067 3119 πατριάρχης
3094 3045 3500 3115 κατερχόμενος

1936 3146 2074 3212 μετὰ
2103 3143 2405 3212 λαμπάδων
2436 3145 2529 3195 ἐπὶ
2554 3143 2622 3196 τὰ
2651 3142 2946 3195 διϐἀϐουλα
2986 3140 3083 3193 καὶ
3112 3137 3384 3203 εὑρίσκων
3411 3135 3503 3188 τὸν

1932 3233 2105 3288 ἵππον
2153 3233 2558 3305 ἡτοιμασμένον
2601 3232 2887 3286 ἀνέϐαινεν
2937 3234 3024 3285 ἐπ’
3057 3231 3244 3284 αὐτόν.

2002 3325 2187 3389 Οὕτως
2210 3326 2266 3380 δέ
2293 3327 2387 3380 καὶ
2415 3326 2572 3388 αὐτὸς
2601 3325 2629 3376 6
2656 3325 2934 3395 ἀλιτήριος
2963 3322 3132 3378 Θέλων
3164 3324 3391 3393 ποιῆσαι
3424 3323 3504 3385 ὡς

1932 3417 2189 3488 βασιλεὺς
2233 3419 2333 3487 τῆς
2373 3417 2602 3482 πόλεως,
2655 3416 2838 3479 καθὼς
2885 3416 3103 3469 ἐποίουν
3138 3416 3232 3467 καὶ
3270 3417 3316 3469 οἱ
3362 3416 3501 3484 Χρι-

1929 3597 2422 3673 acclamationibus
2452 3597 2720 3673 e‘palatio
2761 3596 3117 3663 imperatorio
3172 3596 3223 3647 in
3269 3596 3501 3665 patriar-

1929 3690 2086 3744 chale
2137 3667 2368 3752 redibat,
2419 3667 2581 3755 atq'ue
2624 3687 2837 3739 crealio
2866 3701 2959 3753 per
2990 3686 3278 3754 episcopos
3316 3685 3496 3747 ﬂebat,

1930 3790 1989 3834 ut
2019 3781 2135 3848 lege
2164 3790 2217 3833 ct
2248 3793 2397 3832 more
2442 3778 2716 3831 sancitum
2764 3785 2901 3829 erat.
2949 3775 3263 3844 Accipiebat
3314 3783 3497 3828 autem

1931 3872 2143 3925 futurus
2174 3869 2484 3936 patriarcha
2530 3883 2559 3921 e
2601 3868 2854 3921 manibus
2902 3865 3250 3933 imperatoris
3300 3865 3493 3933 pedum

1929 3965 2021 4015 tali
2038 3962 2220 4015 modo.
2251 3961 2482 4014 Sedente
2500 3959 2830 4027 imperatore
2854 3957 2904 4009 in
2926 3957 3055 4011 sella
3075 3956 3422 4025 imperatoria
3443 3966 3500 4011 et

1927 4055 2069 4108 onmi
2092 4068 2376 4123 procerum
2404 4051 2597 4106 ordine
2618 4055 3005 4107 circumstante
3025 4051 3185 4103 nudis
3203 4050 3495 4117 capitibus,

1928 4160 2155 4214 magnus
2175 4154 2502 4213 protopapas
2552 4144 2737 4213 palatii
2791 4141 3260 4205 benedictionem,
3301 4140 3497 4194 deinde

1928 4254 2147 4306 parvam
2171 4251 2391 4305 precum
2417 4237 2609 4291 seriem
2642 4236 3049 4305 pronuntiabat,
3078 4243 3242 4302 atque
3266 4249 3495 4300 magnus

1927 4329 2256 4383 domesticus
2291 4329 2558 4382 canebat:
2598 4347 2616 4380 ι
2652 4329 2752 4383 Ubi
2775 4330 2919 4380 enim
2946 4327 3087 4394 regis
3129 4327 3441 4395 prtesentia.
3472 4341 3490 4374 ι

1927 4430 1981 4474 et
2012 4436 2133 4489 quae
2164 4430 2503 4488 sequuntur;
2532 4431 2642 4473 tum
2670 4439 2683 4474 :
2728 4437 2745 4470 ι
2776 4419 2960 4473 Gloria
2994 4439 3012 4470 ›
3042 4416 3404 4484 lampadarius
3432 4431 3494 4468 ex

1928 4510 2097 4563 altero
2127 4512 2316 4575 choro,
2341 4524 2393 4566 et
2431 4532 2448 4564 ι
2490 4528 2581 4565 rex
2609 4513 2894 4572 caelorum,
2930 4529 2948 4562 ι
2985 4522 3089 4564 etc.
3120 4508 3301 4562 Finito
3333 4518 3495 4561 cantu

249 4602 531 4668 fugerant,
551 4615 703 4655 suam
727 4601 960 4669 quisque
978 4602 1196 4654 domum
1228 4603 1471 4657 redirent
1498 4613 1549 4657 et
1582 4607 1825 4661 viverent
1858 4616 1900 4669 ο
1932 4598 2158 4663 alterno,
2197 4600 2492 4669 imperator
2522 4605 2793 4669 surgebat.
2856 4601 3047 4654 dextra
3098 4615 3259 4653 manu
3302 4600 3493 4669 pedum

247 4692 553 4747 secundum
589 4708 796 4749 morem
827 4704 880 4747 et
910 4693 1231 4761 religionem
1258 4710 1433 4759 suam,
1472 4697 1617 4751 sicut
1639 4710 1818 4753 antea.

247 4783 403 4836 Idem
463 4785 771 4852 imperavit,
828 4786 885 4837 nt
942 4786 1310 4852 patriarcham
1373 4802 1473 4855 pro
1540 4805 1690 4843 more
1721 4805 1822 4843 suo

247 4882 535 4938 crearent;
595 4884 748 4928 vetns
807 4876 955 4928 enim
1000 4887 1252 4929 mortuus
1305 4887 1423 4930 erat
1502 4878 1688 4947 Itaque
1730 4880 1823 4948 qui

247 4963 398 5018 forte
447 4966 672 5019 aderant
720 4967 958 5034 episcopi
1016 4977 1071 5021 et
1127 4970 1381 5037 perpauci
1430 4970 1520 5024 alii
1548 4972 1740 5024 clerici
1771 4984 1826 5027 et

245 5056 377 5109 laici
431 5056 894 5124 sapientissimum
947 5059 1228 5113 dominum
1268 5059 1562 5129 Georgium
1597 5060 1825 5115 Schola-

246 5148 420 5210 rium,
450 5150 732 5203 etiamtum
786 5149 1007 5212 laicum,
1040 5151 1321 5217 elegerunt
1360 5160 1415 5204 et
1458 5142 1833 5220 patriarcham’

247 5250 531 5303 crearunt,
569 5250 778 5295 mutato
806 5243 1028 5298 nomine
1068 5242 1407 5297 Gennadium
1464 5246 1821 5315 appellatum.

324 5331 456 5387 Erat
485 5345 667 5387 autem
698 5350 897 5388 munus
934 5345 987 5388 et
1031 5350 1148 5389 mos
1185 5336 1622 5389 Christianorum
1651 5339 1824 5406 impe—

243 5432 522 5487 ratorum,
555 5434 613 5476 nt
661 5440 849 5479 recens
879 5433 1062 5479 creato
1117 5428 1439 5493 patriarchm
1478 5428 1671 5496 pedum
1731 5445 1825 5478 au-

246 5530 428 5579 reum,
462 5515 693 5583 gemmis
715 5525 770 5568 et
811 5516 1117 5584 margarids
1151 5516 1493 5579 decoratum,
1526 5530 1689 5584 atque
1713 5518 1823 5571 cle-

243 5615 397 5660 ctum
471 5607 537 5659 de
601 5606 747 5673 regio
806 5606 1016 5659 stabulo
1080 5622 1306 5673 equum,
1361 5607 1512 5659 stella
1555 5618 1606 5659 et
1654 5618 1823 5660 strato

243 5705 569 5764 sumptuose
596 5707 872 5760 ornatum,
895 5706 948 5751 et
981 5698 1158 5751 serico
1193 5698 1383 5751 villoso
1417 5699 1523 5751 albi
1544 5700 1739 5750 coloris
1767 5706 1821 5751 et

248 5789 356 5840 ﬁlis
388 5789 570 5842 aureis
608 5790 896 5843 intertexto
931 5801 1150 5853 tectum,
1194 5788 1479 5843 donarent.
1525 5788 1657 5842 llnic
1679 5805 1819 5858 equo

248 5882 493 5935 insidens
540 5881 847 5950 patriarcha
882 5897 1003 5936 cmn
1044 5882 1297 5937 universo
1323 5892 1506 5936 sicnatu
1538 5895 1584 5934 cI
1624 5882 1816 5936 faustis

1930 4700 2141 4752 tenens,
2179 4703 2339 4758 atque
2364 4693 2709 4758 candidatus,
2744 4693 2904 4759 cujus
2944 4694 3173 4745 alterum
3205 4692 3352 4743 latus
3388 4707 3501 4743 me—

1928 4782 2177 4849 tropolita
2203 4784 2588 4848 Ctrsarecusis,
2613 4784 2843 4839 alterum
2868 4784 3242 4838 Heracleensis
3266 4782 3496 4849 tegebat,

1927 4886 2159 4941 corpore
2222 4875 2289 4927 ad
2320 4891 2510 4930 omnes
2557 4887 2637 4930 ter
2666 4877 2953 4941 inclinato,
3004 4875 3071 4927 ad
3103 4876 3487 4944 imperatorem

1926 4967 2215 5021 accedebat
2231 4977 2283 5021 et
2305 4967 2535 5022 solemni
2557 4983 2681 5020 eum
2708 4968 3131 5036 prosequebatur
3152 4965 3492 5018 adoratione.

1927 5057 2065 5111 Tum
2122 5058 2191 5119 is,
2242 5060 2379 5127 pedo
2408 5059 2626 5126 paulum
2658 5058 2895 5121 sublato,
2929 5057 3148 5111 dicebat
3184 5072 3198 5109 :
3243 5074 3261 5107 ι
3293 5053 3493 5110 Sancta

1926 5145 2189 5211 Trinitas,
2214 5164 2334 5218 qua:
2366 5142 2662 5219 imperium
2698 5148 3025 5211 mihidedit,
3055 5147 3120 5200 ad
3158 5147 3497 5215 patriarcha-

1929 5251 2040 5295 tum
2068 5257 2219 5294 nova:
2241 5242 2424 5294 Romae
2445 5251 2494 5294 te
2516 5239 2747 5293 evehit.»
2774 5240 2847 5294 lta
2875 5254 2903 5293 e
2930 5239 3183 5293 manibus
3204 5239 3498 5306 imperato-

1926 5332 2002 5383 ris
2028 5339 2294 5398 pntestate
2312 5329 2661 5397 patriarchali
2698 5338 2943 5395 accepta,
2972 5328 3278 5396 patriarcha
3317 5326 3489 5379 cidem

1925 5423 2135 5491 gratias
2166 5423 2383 5491 agebat.
2438 5420 2645 5474 Deinde
2693 5420 2881 5473 chori:
2944 5418 3033 5472 «In
3077 5418 3283 5471 multos
3322 5433 3494 5470 annos

1928 5514 2251 5576 Dominus,»
2289 5517 2582 5578 canebant,
2607 5523 2771 5584 atque
2798 5514 2958 5567 [iebat
2989 5512 3263 5567 dimissio.
3292 5510 3497 5565 Dehinc

1926 5606 2237 5674 patriarcha
2272 5619 2397 5657 cum
2422 5605 2768 5673 lampadibus
2797 5604 2863 5657 ad
2902 5604 3154 5657 dihabula
3190 5603 3496 5655 descende-

1929 5695 2017 5749 bat
2044 5707 2397 5765 paratumque.
2429 5697 2499 5749 ibi
2530 5697 2808 5751 inveniens
2836 5710 3035 5765 equum
3064 5693 3489 5749 conscrndebat.

1996 5787 2273 5865 Seelestns
2323 5789 2426 5843 iste
2471 5787 2634 5857 igitur
2675 5798 2738 5842 ut
2778 5788 3080 5855 imperator
3125 5784 3277 5838 urbis
3343 5784 3487 5837 idem

1924 5880 2104 5937 facere
2138 5883 2386 5952 cupiens,
2418 5883 2562 5952 quod
2596 5866 2839 5938 fecerant
2863 5879 3161 5935 Christiani
3194 5878 3485 5946 impzrato-
