3962 6548
169 397 306 459 897

1233 398 1670 459 CHRONICON
1711 400 1980 464 MAIUS.
2021 427 2086 439 --
2126 402 2277 468 LIB.
2315 403 2405 468 IV.

3353 410 3462 476 898

361 554 3430 590 *Μὴ-Ἥ,

1492 712 1937 800 ΒΙΒΛΙΟΝ
2017 711 2101 799 Δ⁹

783 897 1154 968 Ἀρχόμενον
1189 901 1342 969 μετὰ
1391 898 1508 968 τὴν
1560 899 1796 956 ἅλωσιν
1825 899 1936 969 τῆς
1967 899 2437 968 βασιλευούσης
2467 899 2587 954 τῶν
2636 901 2891 966 πόλεων,

413 989 700 1061 περιέχον
722 992 830 1057 τὰς
851 991 920 1044 ἐν
942 991 1018 1059 τῇ
1048 992 1504 1058 Πελοποννήσῳ
1545 994 1921 1063 συγ-κλύσεις
1965 997 2065 1050 καί
2110 993 2418 1062 πολέμους
2437 993 2785 1062 ἀναμεταξὺ
2820 993 2940 1046 τῶν
2971 992 3255 1062 ἀδελφῶν

945 1083 1044 1138 καὶ
1085 1082 1423 1150 δεσποτῶν,
1463 1084 1562 1139 καί
1605 1083 1734 1151 πῶς
1771 1087 1804 1140 ό
1833 1085 2068 1156 ἀμηρᾶς
2118 1084 2432 1151 ὑποτάξας
2475 1084 2699 1151 αὐτοὺς

555 1179 821 1248 ὑπέταξε
845 1180 944 1236 καί
967 1181 1151 1250 τήνδε
1175 1182 1291 1251 τὴν
1335 1180 1558 1250 νῆσον,
1596 1182 1851 1250 καὶπερὶ
1883 1175 1971 1236 ὧν
1999 1184 2226 1238 ἔπαθεν
2263 1185 2297 1236 ὁ
2335 1183 2740 1252 συγγραφεὺς,
2764 1184 2864 1238 καὶ
2914 1184 3114 1252 ἄλλας

1017 1276 1188 1346 τινὰς
1222 1279 1567 1346 ὑποθέσεις,
1603 1280 1686 1347 ὡς
1719 1281 1868 1335 κατὰ
1893 1279 2218 1350 κεφάλαιον
2247 1278 2637 1350 εὑρήσονται.

263 1611 434 1684 309
462 1617 530 1666 α’.
570 1610 828 1674 Ἀλωθεὶς
849 1609 944 1664 οὖν
974 1608 1130 1678 κάγὼ
1162 1609 1262 1665 καλ⁹
1287 1611 1467 1666 πάντα
1495 1612 1564 1667 τὰ
1586 1614 1781 1683 δυσχε-
1811 1617 1854 1676 Α
1888 1629 1976 1676 τες
2005 1613 2331 1683 ἐλέγχουσιν
2377 1615 2530 1683 ἡμᾶς
2571 1615 2620 1668 οἱ
2649 1615 2901 1682 Λατῖνοι,
2951 1619 3048 1673 καὶ
3094 1617 3348 1686 λέγουσιν
3379 1619 3465 1672 ὅτι

185 1706 268 1775 ρῆ
320 1706 416 1756 καὶ
441 1704 586 1756 κακὰ
619 1703 721 1771 τῆς
769 1702 1151 1773 αἰχμαλωσίας
1173 1702 1498 1770 ὕπενεγκὼν
1529 1705 1558 1756 6
1588 1704 1774 1768 ἄθλιος

179 1795 352 1857 τέλος
391 1792 770 1862 ἐξηγοράσοην
821 1795 886 1862 τῇ
923 1791 1114 1864 πρώτῃ
1144 1792 1238 1846 τοῦ
1269 1794 1650 1863 Σεπτεμδρίου
1677 1794 1773 1848 τοῦ

185 1884 384 1954 ⁸ς,-ξ>ῖτ,β⁰
412 1883 565 1941 ἔτους
595 1882 691 1934 καὶ
723 1881 987 1934 ἀπέσωσα
1048 1883 1128 1944 είς
1151 1881 1248 1951 τὴν
1276 1883 1682 1954 Πελοπόννησον
1715 1885 1775 1938 ὲν

183 1977 260 2044 τῇ
295 1973 547 2042 Σπάρτῃ.
604 1971 716 2040 Τῆς
763 1971 822 2024 δὲ
857 1972 1123 2039 γυναικός
1170 1990 1274 2041 μου
1302 1975 1394 2027 καὶ
1425 1975 1536 2028 τῶν
1564 1976 1774 2030 τέκνων

190 2084 302 2136 μου
339 2065 658 2120 άλωθὲντων
700 2063 804 2116 ὑπό
838 2079 1001 2115 τινων
1053 2064 1330 2132 γερόντων
1381 2054 1642 2139 Τούρκων
1674 2083 1775 2121 κα-

185 2155 496 2226 λογνώμων
526 2156 720 2222 ὄντων,
748 2154 847 2208 καὶ
878 2154 1013 2226 παρ’
1041 2155 1224 2209 αὐτῶν
1253 2158 1421 2211 πάλιν
1449 2158 1774 2228 πραθέντων

186 2248 273 2318 τῷ
325 2248 528 2318 πρώτῳ
579 2245 872 2317 ἱπποκόμῳ
920 2245 1018 2298 τοῦ
1077 2247 1298 2317 ἁμηρᾶ,
1342 2246 1402 2311 δς
1431 2247 1654 2316 λέγεται
1701 2250 1768 2319 τῇ

189 2337 426 2393 ἐκείνων
449 2337 713 2404 διαλέκτῳ
743 2337 1117 2407 μεραχοὺρης,
1145 2336 1206 2402 δς
1236 2339 1330 2392 καὶ
1360 2338 1530 2402 ἄλλας
1569 2338 1773 2402 πολλὰς

188 2430 304 2484 τῶν
338 2427 706 2499 ἀρχοντιτσῶν
734 2428 977 2499 ἠγόρασε
1032 2430 1128 2482 καὶ
1159 2428 1359 2482 πολλοῦ
1403 2430 1601 2500 ἐράνου
1646 2429 1775 2483 ἑπέ-

189 2540 323 2591 τυχε
350 2522 416 2575 δι’
447 2521 653 2586 αὐτῶν,
706 2521 800 2574 τοῦ
833 2521 890 2573 δὲ
922 2520 1156 2586 κάλλους
1186 2522 1281 2576 καί⁸
1313 2521 1494 2576 ἄλλων
1515 2523 1773 2596 χρηστῶν

187 2615 356 2685 310
387 2612 535 2682 ἠθῶν
569 2612 679 2664 τῶν
706 2612 917 2664 τέκνων
946 2629 1050 2681 μου
1090 2612 1165 2681 μὴ
1207 2613 1530 2683 δυναμένων
1559 2614 1772 2684 κρυδῆ-

190 2723 306 2768 ναι,
355 2700 546 2774 μαθὼν
577 2705 709 2772 περὶ
759 2701 969 2756 τούτων
1021 2702 1051 2754 6
1091 2705 1318 2774 ἀμηρᾶς
1364 2705 1570 2775 ἐπῇρεν
1603 2703 1768 2769 αὐτὰ,

186 2799 318 2860 δοὺς
346 2796 422 2864 τῷ
456 2798 740 2866 εἰρημένῳ
775 2795 943 2848 αὑτοῦ
973 2797 1464 2866 πρωτοῖπποκόμῳ
1503 2797 1769 2868 χρήματα

188 2888 389 2942 πολλά.
423 2887 790 2956 Ἐναπέμεινε
829 2885 885 2938 δὲ
917 2886 950 2954 ἡ
979 2885 1144 2939 ἀθλία
1193 2887 1372 2940 αὐτῶν
1411 2890 1596 2959 μήτηρ
1629 2889 1766 2958 μόνη

1881 1703 1968 1757 διὰ
1995 1705 2095 1769 τὰς
2140 1706 2420 1776 ἁμαρτίας
2457 1705 2616 1776 ἡμῶν
2651 1708 2747 1762 καὶ
2791 1708 2881 1763 διὰ
2909 1709 2969 1762 τὺ
3014 1712 3088 1780 μὴ
3122 1712 3297 1782 ὀρθῶς
3332 1727 3466 1779 φρο-

1884 1798 1992 1850 νεῖν
2047 1798 2198 1868 qua;
2246 1797 2615 1867 ἀπωλέσαμεν
2666 1799 2765 1869 τὴν
2817 1800 3119 1870 βασιλείαν.
3161 1803 3354 1873 Ἡμεῖς
3406 1803 3462 1856 δὲ

1880 1889 2118 1957 λέγομεν
2180 1889 2265 1941 ὅτι
2331 1888 2657 1959 ἁμαρτωλοὶ
2723 1891 3084 1963 ὐπάρχομεν,
3142 1894 3238 1946 καὶ
3289 1895 3464 1958 οὒδεες

1883 1981 2272 2052 ἀναμάρτητος
2320 1984 2368 2035 εί
2405 1983 2481 2054 μὴ
2515 1979 2598 2045 εἷς
2627 1985 2656 2037 6
2689 1984 2844 2048 Θεόςο
2887 1988 3019 2057 περὶ
3064 1987 3121 2040 δὲ
3159 1988 3253 2040 τοῦ
3285 1987 3465 2056 ὀρθῶς

1882 2077 2104 2144 φρονεῖν
2129 2073 2455 2142 γινώσκετε,
2493 2075 2735 2143 πατέρες
2764 2077 2862 2130 καὶ
2901 2078 3147 2145 ἀδελφοὶ,
3175 2079 3258 2131 ὅτι
3301 2081 3464 2147 ἡμεῖς

1883 2166 2238 2233 καινοτομίαν
2284 2167 2545 2235 οὐδεμίαν
2573 2168 2917 2238 ἐποιήσαμεν
2945 2171 3026 2231 είς
3061 2173 3130 2224 τὰ
3155 2171 3248 2223 τοῦ
3287 2169 3465 2235 Εὐαγ-

1881 2256 2068 2326 γελίου
2100 2257 2262 2328 ῥητὰ,
2297 2258 2346 2310 εί
2383 2257 2459 2326 μὴ
2506 2259 2842 2326 πιστεύομεν
2897 2260 2993 2314 καὶ
3041 2261 3340 2329 δοξάζομεν
3388 2263 3460 2313 τὰ

1880 2349 1981 2403 ὅσα
2029 2348 2080 2401 οἱ
2119 2347 2390 2401 αὐτόπται
2423 2348 2519 2402 τοῦ
2547 2350 2710 2416 λόγου
2741 2351 2839 2404 καὶ
2865 2351 3137 2421 ὑπηρέται
3167 2354 3316 2421 ἡμᾶς
3351 2353 3462 2404 ξεί.

1879 2441 2064 2507 δαξαν,
2100 2441 2196 2494 καὶ
2248 2440 2277 2493 δ
2318 2441 2376 2493 ai
2403 2440 2559 2509 ἅγιαι
2613 2443 2710 2494 καὶ
2748 2443 3132 2512 οίκουμενικαὶ
3165 2444 3305 2496 ἑπτὰ
3331 2443 3461 2494 σύν-

1880 2535 1993 2588 οδοι
2029 2534 2130 2587 καὶ
2175 2532 2231 2584 αί
2263 2531 2407 2586 κατὰ
2443 2532 2638 2601 καιρὸν
2667 2532 2897 2585 τοπικαὶ
2933 2534 3068 2602 ἡμῖν
3094 2533 3266 2595 ὅντως
3291 2533 3464 2600 παρέ-

1879 2625 2081 2689 δωσαν,
2115 2623 2334 2694 ἀληθῶς
2353 2625 2446 2678 καὶ
2478 2624 2716 2694 βεϐαίως
2743 2625 3078 2689 κρατοῦμεν,
3112 2625 3187 2688 ὡς
3221 2624 3461 2689 ἐδίδαξεν

1878 2718 1908 2770 6
1955 2715 2262 2784 ἁγιώτατος
2295 2713 2618 2784 Σίλϐεστρος
2649 2715 2706 2766 ὲν
2736 2717 2804 2785 τῇ
2829 2714 3022 2785 πρώτῃ
3055 2715 3280 2785 συνόδῳ,
3313 2717 3409 2768 καὶ
3431 2718 3461 2768 6

1881 2807 2188 2874 ἁγιώτατος
2221 2807 2412 2868 nunc;
2464 2807 2722 2873 Δάμασος
2761 2807 2818 2856 ἒν
2847 2809 2913 2874 τῇ
2945 2806 3180 2876 δευτέρᾳ
3231 2806 3456 2872 συνόδῳ,

1878 2899 1974 2950 καὶ
2009 2897 2038 2948 6
2090 2895 2402 2963 ἁγιώτατος
2440 2896 2632 2958 πάντας
2687 2897 3042 2958 Καιλεστίνος
3091 2899 3149 2950 ὲν
3197 2900 3262 2968 τῇ
3295 2899 3460 2971 τρίτῃ

190 2981 335 3051 μετὰ
393 2983 524 3052 μιᾶς
580 2982 674 3034 καὶ
716 2980 888 3051 μόνης
938 2981 1350 3053 ἀνατραφείσης
1405 2985 1566 3055 αὐτῇ,
1615 2986 1674 3038 ai
1714 2983 1773 3038 δὲ
1805 2980 1848 3034 Β
1877 2986 2105 3053 συνόδῳ,
2165 2987 2262 3039 καὶ
2312 2989 2340 3040 6
2375 2987 2681 3054 ἁγιώτατος
2736 2989 2928 3050 πάπας
2977 2989 3136 3042 Λέων
3159 2990 3218 3042 ὲν
3270 2993 3336 3059 τῇ
3366 3007 3460 3043 τεο

186 3073 350 3127 ἄλλαι
393 3071 848 3142 διεμερίσθησαν.

257 3167 371 3220 Καί
403 3167 873 3239 καταφρονοῦντες
901 3173 1216 3244 μέμφονται
1251 3172 1349 3226 καὶ
1390 3169 1768 3242 κατηγοροῦν-

1877 3077 2046 3148 τάρτῃ
2067 3079 2296 3145 συνόδῳ,
2323 3078 2416 3130 καὶ
2440 3081 2467 3131 6
2499 3078 2803 3147 ἁγιώτατος
2829 3080 3016 3142 πάπας
3043 3079 3284 3147 Βιγί).ιος
3307 3081 3366 3134 ὲν
3388 3084 3456 3151 τῇ

1875 3173 2110 3242 πέμπτῃ
2144 3169 2374 3241 συνόδῳ,
2425 3175 2520 3224 καὶ
2558 3173 2585 3224 6
2630 3169 2937 3239 ἀγιὼτατος
2975 3171 3162 3236 πάπας
3209 3172 3457 3242 Ἀγάθων

1483 3553 1845 3643 LIBER
1921 3556 2049 3644 IV

590 3762 716 3837 Qui
757 3781 795 3820 a
822 3769 1005 3840 capta
1042 3761 1263 3840 regina
1285 3757 1538 3820 urbium
1574 3758 1826 3835 incipit,
1865 3755 2088 3817 turbas
2132 3775 2206 3816 ac
2237 3772 2486 3834 pugnas
2519 3756 2586 3814 in
2623 3753 3053 3832 Peloponneso

384 3864 552 3924 inter
586 3863 824 3939 fratres
863 3873 918 3923 et
978 3863 1270 3940 despotas
1302 3862 1604 3921 excitatus
1632 3860 1984 3932 continens,
2039 3866 2222 3936 atque
2252 3874 2554 3915 murram
2604 3857 2907 3933 quomodo
2969 3859 3133 3934 ipsos
3193 3864 3251 3914 et

783 3961 1055 4022 insulam
1082 3962 1339 4022 Ameras
1364 3961 1486 4020 sibi
1508 3959 1867 4038 subjecerit,
1903 3969 1957 4017 et
2003 3975 2135 4034 qua.
2169 3958 2467 4032 scriptori
2507 3955 2856 4018 acciderint

1058 4070 1112 4119 ct
1143 4079 1244 4122 res
1275 4061 1433 4121 alios
1463 4063 1788 4139 quasdam,
1818 4056 2131 4136 capitibus
2169 4056 2568 4116 distributas.

251 4421 305 4475 ί.
334 4417 447 4489 Ego
488 4417 602 4486 ipse
640 4417 695 4472 in
732 4424 1059 4487 potestatem
1093 4417 1328 4471 hostium
1365 4417 1509 4484 veni,
1547 4427 1602 4470 et
1635 4431 1754 4470 om-
1779 4430 1822 4488 ο
1857 4427 2021 4488 atque
2065 4417 2429 4486 exprobrant,
2459 4423 2686 4483 propter
2726 4419 2946 4481 peccata
2983 4422 3171 4466 nostra
3225 4423 3279 4466 et
3319 4411 3441 4467 ﬁdei

178 4525 280 4566 nes
309 4507 648 4563 calamitates
671 4516 724 4562 et
757 4508 900 4561 mala
931 4508 1209 4562 servitutis
1233 4517 1511 4576 expertus,
1543 4518 1758 4577 postre-

177 4617 330 4657 mum
380 4603 559 4668 primo
611 4601 951 4668 Septembris
987 4600 1118 4655 anni
1164 4601 1304 4655 6962
1335 4601 1586 4655 venditus
1615 4613 1668 4655 et
1703 4602 1755 4655 in

178 4694 618 4760 Peloponnesum
651 4692 906 4758 Spartam
930 4704 1118 4757 sospes
1136 4692 1431 4760 perductus
1451 4707 1594 4744 sum.
1626 4691 1755 4745 Item

179 4797 320 4838 uxor
366 4798 482 4836 mea
530 4794 582 4837 et
609 4783 764 4837 liberi
809 4782 954 4851 capti
987 4791 1116 4836 sunt
1144 4797 1172 4835 a
1206 4781 1399 4837 Turcis
1429 4783 1754 4852 quibusdam

178 4873 604 4938 senibus,bonis
630 4874 853 4935 viris,et
879 4873 1080 4926 venditi
1103 4875 1365 4943 primario
1390 4889 1589 4928 atnerte
1621 4890 1758 4943 prte-

180 4955 320 5023 iectu
345 4967 566 5035 stabuli,
596 4981 757 5036 quem
793 4967 871 5021 illi
899 4983 997 5026 sua
1025 4967 1211 5038 lingua
1244 4972 1621 5024 merachurem
1653 4985 1751 5038 ap-

179 5061 403 5130 pellant,
432 5061 527 5130 qui
567 5069 823 5130 praterea
858 5060 999 5115 alias
1027 5061 1230 5115 multas
1279 5061 1509 5116 feminas
1543 5062 1754 5116 nobiles

178 5163 453 5207 "mercatus
479 5161 585 5216 est,
622 5161 674 5205 et
704 5151 771 5204 iis
804 5151 1163 5206 diveudendis
1188 5168 1445 5220 magnum
1481 5162 1749 5222 quantum

180 5243 326 5296 fecit.
373 5241 508 5296 Cum
541 5251 723 5296 autem
759 5241 934 5295 forma
975 5251 1027 5296 et
1061 5244 1348 5312 compositi
1387 5260 1571 5299 mores
1618 5245 1753 5298 libe-

178 5351 364 5390 rorum
402 5351 650 5390 meorum
686 5334 872 5408 latere.
907 5350 1014 5388 non
1070 5348 1312 5404 possent,
1349 5337 1536 5393 audito
1563 5339 1630 5392 de
1662 5339 1749 5401 iis,

175 5427 424 5488 Ameras,
444 5426 632 5495 grandi
655 5427 885 5493 pecunia
912 5435 1216 5487 numerata,
1239 5427 1407 5489 abeo,
1429 5444 1590 5498 quem
1615 5427 1750 5489 dixi,

175 5531 393 5572 summo
417 5515 669 5583 praefecu)
699 5505 896 5568 st’abuli
929 5529 1024 5567 eos
1059 5515 1288 5580 accepit.
1327 5513 1613 5567 Remansit
1648 5513 1750 5567 mi-

1862 4509 2274 4578 perversitatem
2301 4523 2399 4561 nos
2424 4507 2674 4560 amisisse
2698 4505 3012 4574 imperium.
3031 4504 3138 4558 Nos
3161 4519 3292 4559 vero
3313 4519 3442 4558 con—

1860 4602 2146 4663 sentimus,
2176 4601 2454 4670 improbos
2483 4613 2584 4652 nos
2612 4613 2733 4652 esse
2767 4614 2782 4650 :
2810 4608 2866 4650 at
2899 4611 3060 4651 nemo
3091 4597 3299 4664 probus
3329 4607 3435 4654 est.

1858 4701 2053 4761 praeter
2078 4692 2254 4745 solum
2283 4691 2472 4745 Deum.
2504 4691 2576 4742 De
2604 4687 2731 4742 ﬁdei
2755 4697 2934 4740 autem
2961 4687 3190 4740 veritate
3223 4686 3436 4745 scitote»,

1857 4793 2038 4854 patres
2069 4797 2134 4837 ac
2172 4782 2395 4845 fratres,
2422 4779 2558 4833 nihil
2599 4794 2700 4832 nos
2738 4779 3031 4832 innovasse
3065 4779 3118 4829 in
3149 4778 3436 4829 sententiis

1857 4873 2159 4943 Evangelii,
2186 4873 2280 4927 sed
2299 4873 2520 4926 credere
2538 4879 2592 4923 et
2616 4870 2882 4939 proﬁteri.
2909 4883 3253 4936 quaecunque
3276 4867 3434 4921 Verbi

1856 4973 2022 5019 testes
2051 4965 2249 5018 oculati
2280 4973 2334 5018 et
2362 4961 2597 5016 ministri
2627 4976 2727 5013 nos
2747 4959 3075 5022 docuerunt,
3097 4967 3287 5024 etquze
3303 4973 3435 5010 sau-

1855 5068 1955 5112 cue
1985 5067 2037 5109 et
2066 5054 2418 5110 meumenicte
2444 5061 2652 5118 septem
2702 5049 2897 5118 synodi
2930 5057 2984 5102 et
3009 5049 3054 5103 si
3083 5063 3205 5117 qua:
3243 5050 3434 5117 topica:

1855 5162 1994 5216 opus
2022 5156 2197 5208 erant,
2224 5158 2414 5197 revera
2443 5142 2604 5197 nobis
2623 5139 2994 5200 tradiderunt,
3017 5153 3148 5193 vere
3176 5146 3234 5194 et
3268 5139 3430 5194 ﬁrme

1855 5249 2125 5300 tenemus,
2159 5233 2624 5301 quemadmodum
2659 5234 2712 5286 in
2743 5233 2915 5301 prima
2944 5232 3156 5302 synodo
3186 5232 3427 5287 sanctis-

1854 5331 2027 5383 simus
2060 5326 2322 5382 SilveSter
2359 5325 2566 5388 docuit,
2629 5325 2683 5379 in
2747 5325 2990 5379 secunda
3043 5322 3432 5378 sanctissimus

1856 5421 2122 5474 Damasus
2158 5434 2320 5487 papa,
2372 5418 2422 5469 in
2459 5416 2618 5470 tertia
2679 5415 3068 5492 sanctissimus
3105 5415 3430 5470 Caelestinus

1852 5528 2009 5582 papa,
2039 5512 2091 5564 in
2125 5522 2314 5581 quqta
2343 5509 2728 5563 sanctissimus
2783 5508 2894 5561 Leo
2924 5523 3087 5576 papa,
3133 5508 3186 5560 in
3238 5507 3426 5575 quinta

175 5623 294 5662 sera
329 5621 514 5662 eorum
545 5615 719 5658 mater
752 5605 866 5658 sola
892 5619 1014 5658 cum
1045 5619 1152 5656 una
1185 5613 1238 5657 et
1259 5605 1371 5657 sola
1408 5621 1433 5656 a
1461 5621 1520 5659 se
1545 5605 1746 5658 nutrita
1851 5603 2234 5659 sanctissimus
2269 5599 2495 5669 Vigilius
2536 5615 2696 5669 papa,
2738 5601 2789 5654 in
2849 5612 2999 5654 sexta
3035 5599 3426 5654 sanctissimus

173 5698 523 5761 muliercula,
556 5697 780 5765 reliquae
810 5696 1068 5764 dispersa:
1099 5705 1248 5750 sunt.

1850 5695 2061 5764 Agatho
2121 5707 2278 5760 papa,
2340 5694 2393 5745 in
2447 5692 2679 5759 septima
2712 5694 3096 5748 sanctissimus
3151 5691 3425 5743 Adrianus

241 5786 666 5842 Contemnentes
691 5794 745 5841 et
797 5785 1202 5842 calumniantes
1234 5801 1332 5843 nos
1373 5785 1552 5842 Latini
1585 5789 1742 5842 aiunt
1773 5773 1819 5833 ο
1849 5801 2011 5858 papa.
2047 5787 2213 5868 Scitis
2243 5786 2386 5839 enim
2419 5800 2630 5849 omnes,
2661 5799 2754 5840 eos
2798 5787 3145 5839 anathemata
3192 5792 3246 5833 et
3269 5793 3423 5834 exsc-

2134 5952 2218 6024 Ο
