3962 6562
262 397 377 462 ’901
1301 406 1741 465 (INRONlCON
1785 408 1826 465 Μ

1949 408 2051 473 US.
2084 435 2149 446 -
2179 412 2327 474 LIB.
2370 414 2466 474 IV.
3406 413 3513 477 902

287 514 591 585 Ἐκκλησία
631 516 729 586 τῆς
771 519 1177 587 Ἀλεξανδρείγς
1237 522 1335 572 καὶ
1378 521 1711 590 Ἀντιοχεῗας
1758 520 1851 570 καὶ
1882 524 1924 578 Α
1957 522 2191 592 δέχεται,
2228 546 2245 577 ι
2309 530 2403 579 καὶ
2442 527 2507 580 τὰ
2571 528 2717 597 ἑξῆς.
2752 504 2780 579 ἰ
2838 526 3036 589 Πιστὸς
3086 528 3230 596 γὰρ,
3273 527 3459 594 φησὶν,
3495 528 3517 578 3

287 608 759 678 Ἱεροσολύμων,ή
806 609 1074 679 Θηϐατςὴ
1111 611 1299 680 πιστὴ.
1338 614 1371 678 ἡ
1401 611 1579 674 Λιϐύη
1617 612 1650 677 ἡ
1698 610 1845 671 ὁσία,
1950 612 2104 678 Θεὸς,
2140 616 2198 678 ὃς
2229 619 2327 671 οὐκ
2372 621 2570 689 ἀφήσει
2625 621 2768 688 ὑμᾶς
2823 621 2903 680 εἰς
2954 620 3107 679 τέλος
3144 620 3516 689 πειρασθῆναι

273 700 310 765 ἡ
342 700 470 762 τοὺς
496 700 727 761 πολίτας
773 701 1019 769 θρέψασα
1063 702 1159 768 τῆς
1212 700 1483 770 βασιλείας
1523 704 1633 753 τῶν
1683 702 1849 771 οῦρα-
1951 703 2091 775 ὑπὲρ
2137 706 2165 758 ὃ
2194 696 2445 763 δύνασθε.
2484 729 2502 762 ι
2549 712 2661 764 Καὶ
2691 714 2719 765 6
2753 712 2918 764 Δαϐίδ
2946 728 2962 743 ·
2995 729 3015 763 t
3059 711 3341 763 Παιδεύων
3366 710 3521 763 ὲπαί-
3617 742 3627 752 ο

276 786 412 849 νῶν,
443 788 627 851 καθὼς
674 792 840 859 φησὶν
883 793 910 842 6
961 790 1106 843 Gaio:
1132 791 1381 859 Κοσμᾶς,
1415 792 1473 842 ἐν
1500 790 1639 858 ποίῳ
1668 789 1848 872 καιρῷ
1950 796 2108 849 δευσέ
2160 815 2227 867 με
2270 801 2299 850 6
2352 801 2552 871 Κύριος
2579 841 2594 865 ,
2626 801 2705 870 τῷ
2750 802 2811 856 δὲ
2857 802 3073 871 θανάτῳ
3121 802 3182 854 οῦ
3230 802 3517 871 παρέδωκε

273 878 661 946 ἐδουλώθησαν
688 881 791 933 ὑπὸ
811 880 906 934 τοῦ
939 882 1131 950 ἀμηρᾶ
1153 882 1369 950 Οὒμὰρ,
1396 882 1544 943 ὅστις
1573 880 1641 952 ἦν
1671 884 1699 935 6
1733 883 1850 951 τρί-
1952 903 2042 957 με.
2075 907 2094 940 ι

272 984 371 1029 τος
395 971 532 1036 μετὰ
558 971 652 1022 τὸν
677 973 1125 1041 τρισκατάρατον
1157 972 1427 1041 Μωάμεθ,
1467 976 1561 1028 καὶ
1586 974 1848 1044 ᾐχμαλωο
1977 1030 1985 1037 ,
2020 979 2129 1033 Καὶ
2157 980 2315 1033 τοῦτο
2340 980 2592 1035 ἄκουσον.
2635 984 2848 1052 Ὠσπερ
2876 985 3055 1036 τοίνυν
3098 985 3131 1051 ἠ
3161 981 3272 1034 τῶν
3321 982 3520 1033 ’Λσσυ-

271 1059 543 1127 τίσθησαν
575 1077 589 1121 ;
627 1063 739 1114 Καὶ
788 1064 951 1116 τοῦτο
994 1063 1229 1131 φανερόν
1289 1066 1438 1117 ἐστιν
1484 1064 1559 1126 ὡς
1602 1064 1845 1133 ἐγεγόνει
1946 1072 2083 1140 ρίων
2114 1072 2365 1141 βασιλεία
2392 1074 2663 1145 κατελύθη
2706 1074 2812 1128 ὑπὸ
2843 1077 2952 1128 τῶν
2986 1073 3369 1134 Βαϐυλωνίων,
3406 1072 3519 1141 ἡδὲ

270 1150 374 1202 ἐπὶ
409 1152 511 1219 τῆς
541 1151 828 1219 βασιλείας
874 1156 1294 1209 Κωνσταντίνου
1339 1156 1433 1208 τοῦ
1477 1157 1842 1225 Πωγωνάτου,
1946 1163 2058 1217 τῶν
2089 1164 2454 1218 Βαϐυλωνίων
2507 1166 2612 1219 ὑπὸ
2646 1167 2755 1219 τῶν
2794 1167 3042 1237 Περσῶν,
3074 1169 3105 1233 ἡ
3148 1166 3201 1219 δὲ
3237 1166 3346 1219 τῶν
3381 1167 3521 1233 Hep-

269 1242 484 1311 κόσμου
535 1245 646 1297 ἔτει
681 1246 875 1318 ,ςρλδᾌ
909 1248 1043 1316 πρὶν
1075 1250 1175 1317 τὴν
1208 1249 1374 1316 ἁγίαν
1406 1249 1501 1302 καὶ⁵
1530 1250 1845 1320 οίκουμενι-
1950 1254 2058 1306 σῶν
2093 1256 2197 1329 ὑπδ
2230 1256 2341 1308 τῶν
2372 1258 2722 1325 Μακεδόνων,
2757 1258 2790 1327 ἡ
2822 1257 2879 1310 δὲ
2904 1257 3234 1312 Μακεδόνων
3272 1257 3380 1309 ὑπὸ
3409 1256 3520 1309 τῶν

270 1333 381 1402 κὴν
417 1333 588 1403 ἐκτην
621 1336 840 1389 σύνοδον
876 1338 1333 1409 συναθροισθῆναι
1360 1381 1375 1405 ,
1406 1340 1541 1393 ὅπου
1576 1339 1698 1394 οὔτε
1732 1340 1847 1411 σχί-
1961 1346 2272 1415 Ῥωμαίων,
2313 1347 2485 1410 οὕτως
2526 1350 2618 1401 καὶ
2664 1351 2697 1419 ἡ
2745 1348 2856 1402 τῶν
2900 1349 3192 1418 Ῥωμαίων
3245 1348 3518 1417 κατελύθη

273 1442 463 1493 σματα
516 1429 575 1478 ἐν
606 1431 727 1490 ταῖς
770 1430 1088 1498 ἐκκλησίαις
1116 1431 1365 1500 ὑπῆρχον
1402 1430 1525 1484 οὔτε
1567 1432 1843 1503 διαφοραί.
1947 1436 2053 1490 ὑπὸ
2097 1437 2208 1489 τῶν
2247 1438 2640 1506 Ὀτμανλίδων.
2674 1437 2748 1491 Τὸ
2791 1439 2848 1491 δὲ
2876 1439 3031 1501 τέλος
3073 1438 3282 1507 ταύτης
3314 1437 3436 1507 ἥξει
3463 1439 3523 1491 ἐν

270 1518 431 1570 Μετὰ
476 1517 533 1570 δέ
567 1534 693 1572 τινα
726 1520 919 1589 καιρὸν
971 1521 1023 1574 oi
1074 1520 1313 1590 βασιλεῖς
1351 1524 1489 1592 μετὰ
1527 1525 1697 1579 κόπου
1744 1524 1846 1578 οὐκ
1945 1528 2025 1598 τῷ
2070 1530 2403 1599 προσήκοντι
2452 1532 2545 1583 καὶ
2580 1532 2873 1601 ὡρισμένῳ
2903 1531 3101 1601 καιρῷ,
3152 1532 3249 1585 καὶ
3285 1529 3522 1585 καταλυ-

269 1606 456 1672 ὀλίγου
490 1607 591 1677 τὴν
625 1609 788 1675 ἁγίαν
824 1610 981 1663 πόλιν
1020 1612 1082 1663 ἐκ
1132 1611 1243 1663 τῶν
1271 1614 1469 1681 χειρῶν
1498 1614 1605 1667 τῶν
1632 1614 1844 1669 ἀσεϐῶν
1947 1621 2192 1691 θήσεται,
2226 1622 2410 1686 καθὼς
2458 1623 2624 1692 φησὶν
2654 1626 2682 1677 6
2734 1623 3022 1686 θεσπέσιος
3068 1621 3297 1685 Ἡσαΐας
3337 1623 3394 1674 ἐν
3444 1619 3521 1689 τῷ

270 1698 661 1768 ἠλευθέρωσαν
726 1702 821 1755 καὶ
908 1702 1013 1755 ὑπὸ
1069 1704 1170 1772 τὴν
1226 1704 1474 1769 ἐξουσίαν
1548 1705 1845 1775 Ῥωμαίοις
1944 1710 2042 1783 τῆς
2073 1713 2385 1784 Ἰδουμαίας
2437 1716 2716 1785 ὁράματι·
2767 1734 2785 1767 ι
2824 1711 2958 1768 Εῐπέ
2999 1732 3090 1782 μοι
3123 1716 3364 1784 Κύριος·
3426 1714 3521 1782 ἔτη

276 1790 569 1907 ἱποίησρν·
602 1792 892 1897 καὶςπάλιν
933 1794 994 1846 ἐκ
1024 1794 1287 1864 δευτέρου
1323 1796 1413 1848 ἐπὶ
1438 1795 1540 1866 τῆς
1564 1798 1844 1867 βασιλείας
1877 1848 1918 1907 Β
1948 1804 2196 1858 ἐνιαυτοῦ
2232 1806 2307 1868 ὡς
2338 1807 2589 1869 ἐνιαυτὸς
2626 1806 2921 1876 μισθωτοῦ,
2957 1806 3119 1877 315
3148 1806 3253 1865 καὶ
3281 1803 3522 1873 ἐκλείψει

272 1882 563 1935 Βασιλείου
643 1884 740 1936 τοῦ
812 1888 1333 1955 πορφυρογεννήτου
1405 1890 1498 1941 τοῦ
1545 1889 1841 1959 λεγομένου
1877 1882 1918 1907 υ
1948 1897 1982 1967 ή
2016 1896 2141 1961 δόξα
2168 1897 2385 1967 Κηδάρ,
2418 1897 2601 1951 καὶτὸ
2630 1899 2985 1968 κατάλειμμα
3019 1900 3130 1952 τῶν
3173 1898 3524 1965 τοξευμάτων

270 1974 750 2045 Βουλγαροκτόνου
801 1979 829 2029 ὁ
877 1979 977 2046 τῆς
1010 1978 1287 2042 Αἰγύπτου
1337 1980 1562 2049 ἀμηρᾶς
1608 1981 1845 2047 Ἀξίξιος
1947 1991 2079 2042 υίῶν
2105 1989 2290 2061 Κηδὰρ
2317 1989 2426 2042 τῶν
2458 1990 2697 2060 ἰσχυρῶν
2723 1991 2877 2044 ἔσται
2911 1991 3114 2058 ὀλίγον,
3146 1990 3283 2043 διότι
3317 1987 3523 2058 Κύριος

268 2068 376 2133 τὴν
399 2066 563 2133 ἁγίαν
594 2068 753 2120 πόλιν
785 2067 948 2121 πάλιν
972 2068 1134 2121 ἔλαϐε
1169 2069 1415 2140 πολέμῳ,
1433 2072 1531 2124 καὶ
1558 2073 1650 2126 τδν
1670 2074 1846 2142 τάφον
1947 2083 2210 2153 ἐλάλησεν
2233 2085 2261 2136 ὁ
2289 2083 2422 2144 Θεὸς
2456 2082 2700 2153 Ἰσραήλ,
2740 2101 2759 2135 ι
2797 2083 2954 2138 οὕτω
2986 2084 3041 2136 δὲ
3092 2084 3185 2136 καὶ
3211 2085 3239 2135 ὁ
3273 2083 3525 2149 σοφώτα.

272 2160 371 2213 τοῦ
414 2162 670 2232 Σωτῆρος
730 2165 887 2233 ἡμῶν
952 2164 1127 2234 Ἰησοῦ
1178 2164 1419 2235 Χριστοῦ
1472 2169 1846 2239 ἐγηγερμένον
1946 2190 2039 2237 τος
2083 2173 2355 2243 Στέφανος
2382 2178 2409 2228 6
2436 2173 2848 2243 Ἀλεξανδρεὺς,
2894 2174 3283 2227 ἐπακολουθῶν
3321 2174 3400 2244 τῷ
3425 2173 3523 2227 τοῦ

274 2252 584 2315 πολυτελῶς
622 2254 767 2307 θετον
797 2255 925 2327 ναδν
951 2258 1390 2327 κατεστρέψατο,
1429 2261 1526 2311 καὶ
1576 2260 1646 2312 τά
1674 2260 1845 2329 σκεύη
1949 2270 2232 2337 προφήτου
2264 2267 2436 2338 ῥητῷ,
2472 2266 2567 2320 ἐπὶ
2599 2267 2753 2330 ἔτους
2790 2266 2987 2338 ⁶ςρλα’,
3030 2268 3411 2337 Σεπτεμϐρίου
3450 2267 3520 2335 γ’,

272 2343 620 2413 ἐλυμήνατο,
664 2346 734 2399 τὰ
773 2348 1113 2417 μοναστήρια
1176 2350 1541 2419 κατηδάφισε,
1584 2352 1681 2406 καὶ
1719 2352 1845 2415 τοὺς
1948 2359 2131 2430 ἡμέρᾳ
2159 2356 2211 2424 ς’
2243 2358 2501 2427 θεμάτιον
2533 2363 2659 2428 περὶ
2694 2360 2793 2427 τῆς
2833 2360 2941 2411 τῶν
2972 2358 3336 2428 Ἰσμαηλιτῶν
3367 2358 3524 2428 βασι-

269 2433 442 2513 314
474 2436 848 2510 ἇσπευμὲνους
887 2439 1207 2512 ἁπανταχοῦ
1244 2441 1469 2513 τῆς-γῆς
1500 2443 1713 2514 ἐκείνης
1747 2462 1847 2515 μο-
1950 2443 2098 2505 λείας
2132 2446 2361 2513 ποιήσας
2406 2447 2501 2498 καὶ
2530 2446 2855 2511 κανονίσας,
2898 2467 2916 2497 ι
2957 2446 3126 2509 Οῦτος
3168 2449 3438 2516 κρατήσει
3468 2448 3526 2498 ἐν

272 2534 499 2603 ναχοὺς,
541 2536 778 2599 Ἰταλοὺς
826 2538 886 2589 τὸ
916 2538 1079 2591 πλέον
1112 2538 1144 2609 ἢ
1180 2536 1488 2607 Ῥωμαίους
1529 2532 1622 2590 καὶ
1650 2536 1709 2601 ἐξ
1738 2534 1847 2592 ἐτέ-
1952 2529 2099 2601 ίσχὺἳ
2134 2532 2233 2601 μὲν
2283 2534 2376 2586 καὶ
2410 2533 2635 2605 εὐτυχίᾳ
2674 2534 2770 2603 ἐτη
2803 2536 3097 2604 τριακόσια
3142 2536 3323 2599 ἐννέα,
3375 2537 3434 2589 ἐν
3468 2536 3527 2590 δε

279 2640 395 2692 ρων
442 2624 650 2693 φυλῶν,
693 2626 960 2694 ἐφόνευσε
1002 2628 1113 2680 καὶ
1134 2626 1493 2695 ἐφυγάδευσε.
1528 2626 1677 2679 Πάνυ
1713 2626 1846 2679 θαυ-
1950 2628 2232 2695 συστροφῇ
2282 2627 2374 2679 καὶ
2411 2626 2795 2696 ἀκαταστασία
2823 2626 2987 2695 ἕτερα
3039 2626 3135 2697 ἔτη
3182 2629 3527 2698 πεντήκοντα

281 2714 492 2783 μαστόν
540 2717 689 2771 ἐστιν
711 2756 727 2780 ,
781 2717 855 2781 ὡς
884 2717 1164 2785 λέγουσιν,
1200 2718 1499 2787 ⁴ίινωμένων
1535 2717 1713 2770 οὐσῶν
1740 2717 1848 2770 τῶν
1949 2716 2028 2780 ἐξ,
2061 2715 2202 2769 ὥστε
2233 2712 2375 2769 εἶναι
2406 2716 2504 2787 τὴν
2528 2717 2888 2787 διακράτησιν
2922 2718 3106 2772 αὐτῶν
3150 2720 3334 2772 πᾶσαν
3362 2720 3526 2773 εὐτυ-

276 2808 592 2877 ἐκκλησιῶν
621 2809 701 2879 τῷ
738 2811 858 2863 τότε
889 2810 1093 2880 καιρῷ,
1125 2810 1245 2873 πῶς
1270 2812 1298 2863 6
1331 2809 1462 2873 Θεὸς
1496 2809 1848 2881 ἐπαρέδωκεν
1949 2805 2154 2876 χοῦσαν
2185 2809 2280 2860 καὶ
2322 2807 2693 2877 δυστυχοῦσαν
2723 2808 2820 2877 ἐτη
2867 2808 2995 2873 τξε’.
3034 2828 3052 2862 t
3085 2810 3247 2875 Τινὲς
3297 2813 3398 2879 μὲν
3442 2811 3528 2864 λο-

276 2898 475 2961 αὺτοὺς
503 2900 582 2961 είς
613 2902 796 2969 χεῖρας
831 2901 1064 2956 ἀσεϐῶν.
1103 2903 1264 2955 Ὥστε
1299 2905 1363 2955 ἐκ
1391 2904 1611 2957 πάντων
1639 2903 1849 2957 τούτων
1952 2896 2058 2962 ξῶς
2097 2898 2191 2951 τὸν
2239 2899 2492 2969 χρησμὸν
2531 2901 2993 2969 διαλαμϐάνοντες
3049 2902 3292 2971 λέγουσι,
3326 2903 3527 2967 limbi;

273 2980 348 3055 ἦν
384 2987 512 3040 ἰδεῖν
536 2989 618 3041 δτι
666 2989 728 3042 οὐ
778 2991 866 3044 διὰ
906 2993 1252 3061 παρανομίαν
1293 2993 1416 3045 τινὰ
1465 2992 1848 3063 παρεδόθημεν
1951 2991 2279 3062 ἐθεμάτισεν
2328 2995 2356 3045 6
2406 2993 2763 3062 ἀστρονόμος,
2810 2993 3185 3063 λαμϐάνοντες
3213 2993 3314 3063 τὴν
3347 2997 3527 3065 ἀρχὴν

273 3080 392 3141 τοῖς
448 3080 661 3149 ἐχθροῖς
706 3081 898 3150 ἡμῶν,
955 3081 1092 3135 ἀλλὰ
1129 3084 1272 3153 πρὸς
1312 3084 1542 3152 μερικὴν
1568 3084 1843 3148 παιδείαν,
1950 3080 2043 3134 τοῦ
2080 3082 2330 3151 χρησμοῦ
2362 3083 2425 3134 ἐκ
2455 3083 2551 3135 τοῦ
2588 3084 2885 3153 εἰρημένου
2936 3082 3087 3146 ἔτους
3113 3100 3127 3114 ο
3172 3084 3267 3137 καὶ
3300 3083 3400 3139 ἐὰν
3432 3086 3527 3138 οὓς

271 3172 353 3234 ὡς
398 3172 492 3224 καὶ
516 3174 565 3224 oi
623 3172 731 3242 πρὸ
768 3173 929 3241 ἡμῶν
972 3172 1156 3241 ἄγων
1205 3190 1224 3224 ι
1261 3173 1377 3226 Καὶ
1418 3175 1598 3227 πάντα
1649 3176 1759 3245 γὰρ
1784 3175 1843 3229 δν
1875 3184 1918 3242 c
1952 3189 2060 3235 τως
2106 3166 2175 3243 ἦν
2204 3172 2281 3233 ὡς
2338 3173 2439 3241 ἐμὲ
2474 3176 2622 3242 παχὺ
2673 3174 2895 3238 λεπτὸν,
2952 3174 3248 3228 ἐλάνθανεν
3292 3176 3524 3230 ἐκεῖνον.

273 3265 473 3335 ἀγαπᾷ
496 3262 701 3335 Κύριος
743 3264 1015 3332 παιδεΰει,
1049 3268 1313 3338 μαστιγεῖ
1336 3266 1391 3320 δὲ
1423 3266 1537 3321 υίὶν
1581 3268 1640 3321 δν
1672 3285 1846 3337 παρα·
1960 3262 2104 3333 Ἐγὼ
2140 3264 2199 3318 δέ
2235 3265 2375 3319 κατὰ
2408 3266 2468 3319 τδ
2502 3248 2694 3321 δοκοῦν
2734 3266 2897 3321 τινῶν
2938 3266 3248 3337 φιλοσόφων
3280 3268 3525 3337 ἀρίστων

272 3456 361 3501 cla
388 3447 572 3517 Libya,
607 3462 729 3517 quae
769 3447 919 3502 cives
942 3446 1160 3517 imperii
1212 3447 1473 3504 caelorum
1504 3449 1749 3517 nutrivit,
1786 3459 1846 3504 ut
1949 3458 2057 3497 non
2091 3444 2367 3508 permittet
2413 3458 2509 3497 vos
2533 3442 2697 3506 ultra,
2730 3459 2894 3513 quam
2959 3445 3237 3499 sustinere
3276 3446 3524 3514 possitis,

270 3539 351 3592 ait
375 3538 593 3593 divinus
614 3538 866 3604 Cosmas,
894 3552 1133 3607 quonam
1173 3542 1415 3606 tempore
1440 3538 1679 3593 subactae
1719 3550 1859 3594 sunt'
1951 3535 2168 3590 tentari.
2210 3554 2228 3586 ι
2286 3534 2417 3589 ltem
2470 3536 2635 3589 David
2669 3553 2683 3589 :
2729 3555 2748 3588 ι
2789 3534 3088 3591 Educando
3132 3537 3387 3592 educavit
3437 3553 3525 3593 me

269 3632 342 3684 ab
371 3628 578 3685 Umaro
606 3643 812 3692 amera,
851 3638 975 3699 post
1016 3628 1381 3683 Dlohametem
1412 3638 1495 3683 ter
1546 3644 1844 3685 exsecran-
1950 3626 2233 3693 Dominus,
2268 3642 2367 3682 nec
2397 3642 2525 3681 vero
2556 3627 2716 3682 morti
2753 3644 2839 3682 me
2872 3629 3120 3683 tradidit.
3151 3646 3169 3679 ι

262 3724 405 3776 dum
440 3720 624 3782 tertio,
661 3729 715 3774 et
749 3720 801 3774 iu
830 3720 1147 3775 servitutem
1182 3721 1457 3775 redacta?
1490 3719 1714 3775 Factum
1741 3722 1846 3778 hoc
2018 3718 2192 3773 Etiam
2229 3702 2330 3774 hoc
2372 3720 2524 3773 audi.
2554 3719 3029 3786 Quemadmodum
3056 3722 3407 3791 Assyriorum
3442 3737 3527 3776 re-

267 3805 361 3868 est
414 3812 703 3867 manifesto
760 3812 1062 3881 imperante
1119 3811 1477 3867 Constantino
1543 3813 1841 3882 Pogonato,
1949 3825 2113 3880 gnum
2145 3827 2173 3864 a
2215 3811 2528 3879 Babyloniis
2575 3827 2826 3865 eversum
2877 3821 2981 3875 est,
3041 3812 3458 3883 Babyloniorum
3492 3830 3522 3869 a

268 3919 418 3958 anno
450 3903 635 3958 mundi
670 3904 833 3966 δίει,
864 3912 1155 3973 antequam
1191 3913 1379 3959 sancta
1412 3916 1463 3958 et
1504 3905 1844 3961 mcumenica
1948 3902 2155 3966 Persis,
2205 3901 2497 3957 Persarum
2535 3918 2563 3957 a
2609 3902 3022 3970 Macedonibus,
3086 3902 3441 3960 Macedonum
3493 3922 3523 3961 a

268 3998 681 4070 sextasynodus
702 3998 1148 4067 haberetur,quo
1170 4008 1410 4067 tempore
1431 4015 1527 4051 nec
1548 3999 1843 4054 schismata
1949 3995 2232 4058 Romanis,
2274 3996 2346 4049 ita
2400 3994 2770 4049 Romanorum
2821 4011 3039 4064 quoque
3106 3997 3395 4065 imperium
3455 3998 3525 4058 ab

268 4105 376 4144 nec
402 4089 627 4145 dissidla
657 4089 712 4144 in
738 4090 985 4145 ecclesiis
1019 4099 1195 4145 erant.
1223 4090 1518 4159 Aliquanto
1546 4098 1665 4158 pest
1690 4107 1842 4161 rcges
1946 4084 2350 4140 Otmanlidibus
2385 4104 2397 4140 :
2431 4094 2595 4155 atque
2636 4087 2832 4140 horum
2886 4088 3009 4141 iinis
3057 4086 3231 4142 aderit
3277 4088 3427 4157 justo
3469 4103 3525 4143 et

268 4181 460 4235 labore
506 4195 612 4234 non
651 4180 757 4234 levi
791 4182 1034 4235 sanciam
1068 4179 1259 4235 urbem
1293 4196 1320 4233 a
1350 4180 1608 4236 manibus
1645 4182 1843 4251 impio-
1946 4179 2245 4234 constituto
2271 4187 2537 4247 tempore,
2562 4187 3010 4247 everteuturque,
3041 4180 3184 4234 sicut
3208 4180 3523 4235 aitdivinus

266 4285 392 4324 rum
414 4270 741 4327 vindicatum
780 4269 1152 4325 Romanorum
1189 4266 1533 4325 tradiderunt
1565 4272 1840 4339 imperio;
1947 4272 2114 4327 lsaias
2143 4271 2196 4325 in
2223 4271 2404 4341 specie
2430 4271 2698 4324 ldumtear.
2733 4290 2751 4322 ι
2790 4271 2932 4326 Dixit
2962 4271 3091 4325 mihi
3122 4272 3416 4327 Dominus:
3439 4272 3524 4326 ln-

265 4365 363 4417 sed
393 4363 696 4433 imperante
738 4362 943 4418 Basilio
981 4363 1465 4434 porphyrogenito,
1516 4365 1611 4433 qui
1650 4364 1844 4435 Bulga-
1945 4372 2027 4418 tra
2072 4379 2296 4425 animm,
2333 4363 2510 4433 qualis
2542 4372 2623 4416 est
2670 4379 2847 4418 annus
2900 4365 3255 4429 mercenarii,
3308 4365 3525 4420 deticiet

212 4442 223 4451 ’
264 4467 531 4510 roctonus
567 4455 904 4520 nominatur,
940 4472 1135 4511 rursus
1170 4455 1391 4527 AEgypti
1432 4473 1649 4512 amcras
1672 4502 1686 4523 ,
1717 4458 1841 4512 Azi-
1875 4508 1916 4527 λ
1947 4454 2117 4523 gloria
2157 4454 2354 4519 Cedar,
2382 4463 2436 4508 et
2484 4455 2725 4523 reliquis;
2757 4456 3069 4525 jaeulorum
3114 4455 3338 4510 fortium
3382 4459 3523 4511 ﬁliu-

266 4547 409 4607 zius,
468 4547 716 4600 eamdem
769 4549 1125 4616 expugnavit,
1181 4549 1493 4616 sepulcrum
1541 4549 1842 4605 Salvatoris
1876 4544 1917 4562 ν
1949 4562 2067 4598 rum
2100 4544 2276 4598 Cedar
2305 4546 2513 4617 exiguae
2540 4555 2722 4609 erunt,
2754 4548 3012 4613 quoniam
3059 4547 3347 4614 Dominus,
3384 4547 3525 4605 Deus

264 4639 440 4693 nostri
461 4638 589 4693 Jesu
625 4639 829 4694 Christi
857 4649 911 4693 et
940 4648 1265 4709 sumptuose
1289 4651 1545 4695 ornatum
1582 4643 1842 4711 templum
1945 4633 2182 4699 lsraelis,
2213 4637 2427 4690 loeutus
2452 4648 2554 4691 est.
2588 4657 2605 4689 ι
2656 4640 2733 4691 Ad
2761 4643 2903 4708 quod
2928 4641 3133 4696 dictum
3166 4643 3443 4712 prophetae
3465 4660 3525 4698 se

262 4730 673 4787 sanctissimum
706 4732 760 4786 in
795 4742 1124 4802 potestatem
1185 4734 1413 4802 redegit,
1448 4734 1826 4802 supellectiletr

1956 4727 2265 4795 ippliquans
2288 4730 2731 4795 sapientissimus
2762 4730 3073 4799 Stephanus
3101 4733 3520 4797 Alexandrinus,

260 4824 477 4895 polluit,
511 4824 834 4879 monasteria
870 4826 1090 4887 evertit.
1118 4824 1298 4879 ubivis
1346 4826 1459 4880 illic
1513 4841 1718 4894 corpus
1749 4842 1843 4881 ex-
1943 4837 2087 4873 anno
2141 4822 2300 4886 6151,
2345 4821 2683 4890 Septembris
2730 4823 2819 4877 die
2858 4825 2915 4883 5,
2952 4824 3312 4879 hebdomadis
3343 4826 3397 4887 6.
3451 4830 3521 4882 de

256 4923 513 4969 ercentes
544 4915 866 4981 monachos,
900 4914 951 4968 in
980 4916 1180 4984 quibus
1212 4917 1473 4971 Italorum
1504 4927 1559 4971 et
1607 4918 1838 4972 aliarum
1940 4912 2340 4966 Ismaeliturum
2380 4929 2544 4982 regno
2575 4914 2677 4968 hoc
2723 4914 2899 4969 thema
2930 4916 3051 4969 fecit
3101 4925 3154 4970 et
3181 4920 3467 4973 constituit
3502 4937 3516 4972 :

258 5004 505 5075 gentium
560 5005 759 5075 major,
793 5020 956 5074 quam
996 5007 1369 5061 Romanorum
1410 5023 1672 5062 numerus
1700 5019 1838 5074 erat,
1948 4999 2028 5055 IIS
2078 5010 2326 5069 potenter
2366 5011 2419 5054 Cl
2455 5018 2715 5072 prospere
2751 5006 3003 5073 regnabit
3040 5021 3211 5060 annos
3246 5018 3521 5064 trecentos

261 5103 362 5148 aut
391 5094 592 5148 occidit
618 5104 714 5149 aut
753 5094 979 5164 iugavit.
1013 5096 1179 5150 Plane
1210 5099 1411 5151 mirum
1441 5108 1621 5151 autem
1647 5106 1842 5161 esttut
1943 5110 2158 5159 novem,
2193 5099 2245 5145 in
2282 5110 2462 5146 rerum
2502 5096 2771 5162 angustiis
2801 5106 2849 5149 et
2876 5099 3286 5164 perturbatione
3322 5102 3518 5157 deinde

261 5187 438 5252 aiunt,
473 5187 839 5251 Christianos.
862 5203 987 5242 cum
1022 5190 1328 5257 conjuncta:
1356 5197 1540 5243 essent
1568 5190 1835 5255 ecclesiae,
1943 5200 2121 5239 annos
2145 5187 2532 5254 quinquaginta
2557 5197 2745 5249 sex,ut
2767 5191 2991 5244 omnino
3015 5207 3201 5245 eorum
3226 5194 3517 5263 imperium

259 5290 293 5328 a
324 5275 433 5329 Deo
460 5288 574 5330 tum
609 5277 661 5331 iu
700 5286 1022 5347 potestatem
1066 5279 1357 5348 impiorum
1406 5281 1637 5335 traditos
1694 5298 1834 5337 esse.
1940 5286 2052 5331 tum
2088 5277 2327 5331 faustum
2379 5286 2491 5331 tum
2540 5279 2843 5355 infaustum
2884 5281 3129 5336 futurum
3175 5284 3244 5339 sit
3274 5301 3367 5354 per
3416 5303 3518 5343 an-

255 5367 414 5420 Adeo
438 5384 503 5422 cx
541 5369 623 5423 his
652 5370 905 5424 erunibus
927 5370 1274 5438 intelligitur,
1309 5388 1414 5425 non
1464 5384 1688 5441 propter
1714 5389 1836 5441 pec-
1940 5385 2037 5424 nos
2063 5366 2191 5423 565.
2227 5386 2245 5419 ι
2277 5366 2536 5423 Nonnulli
2574 5372 2891 5427 vaticinium
2925 5378 3520 5450 perperam-interpre-

257 5469 446 5512 catum
487 5459 706 5529 aliquod
736 5462 985 5517 hostibus
1018 5478 1119 5518 nos
1153 5463 1436 5532 subjectos
1466 5481 1611 5525 esse.
1642 5467 1738 5519 sed
1764 5470 1835 5521 ob
1940 5461 2057 5526 tati,
2084 5470 2459 5514 astronomum
2483 5462 2622 5517 male
2647 5463 3036 5521 ratiocinatum
3071 5483 3191 5523 esse
3225 5468 3515 5532 aﬂirmant,

255 5547 590 5615 singularem
620 5550 1025 5619 educationem,
1058 5555 1524 5623 quemadmodum
1552 5557 1679 5610 olim
1706 5573 1833 5611 san-
1939 5550 2153 5604 initium
2184 5550 2446 5604 duceﬂles
2474 5552 2544 5605 ab
2576 5566 2665 5616 eo.
2696 5568 2859 5622 quem
2900 5554 3037 5619 dixi.
3075 5571 3243 5612 anno-
3275 5556 3431 5621 Ωυοιι
3469 5556 3515 5609 Si

257 5639 331 5692 cti
351 5640 653 5694 docuerunt
678 5660 691 5695 :
723 5661 740 5692 ι
765 5641 1165 5713 Quemcunque
1188 5646 1330 5700 enim
1354 5655 1501 5699 amat
1525 5647 1685 5709 Deus,
1704 5664 1828 5702 eum
1936 5644 2008 5699 ita
2033 5657 2199 5712 esset,
2224 5646 2390 5701 falsus
2413 5646 2502 5700 ille
2540 5647 2699 5700 foret.
2759 5648 2827 5700 At
2855 5650 3106 5718 equidem
3129 5650 3194 5703 de
3218 5667 3278 5703 ea
3303 5665 3361 5704 rc
3385 5664 3520 5718 quo-

258 5730 475 5796 cducat,
508 5743 559 5786 et
597 5735 825 5801 castigat
876 5736 1068 5803 tilium,
1105 5752 1266 5806 quem
1306 5739 1522 5807 recipit,
1554 5758 1571 5789 ι
1610 5749 1662 5793 et
1708 5757 1831 5809 qua:
1934 5738 3518 5811 rumdamdoctissimorumhominumsententiascoguovi

258 5833 586 5884 sequuntur.
624 5845 640 5876 ι
683 5826 880 5882 Fidelis
922 5830 1090 5893 enim,
1127 5830 1220 5896 ait,
1276 5827 1539 5915 Dominus
1588 5843 1691 5896 ρει,
1739 5833 1830 5901 qui
1945 5841 1999 5885 et
2027 5832 2211 5899 didici,
2260 5833 2559 5887 secundum
2598 5849 2736 5903 quas
2771 5833 2993 5904 sapiens
3029 5834 3120 5888 ille
3168 5835 3248 5887 vir
3302 5834 3520 5891 initium
