3962 6562
560 364 666 425 903

1735 355 2053 424 GEORGII
2093 362 2125 422 Ρ

2223 362 2514 424 omne
3104 364 3107 367 ·
3384 363 3426 380 -’
3630 377 3709 442 τοι

553 480 765 550 ἀνδρῶν
810 477 970 543 οίδὼς
1011 481 1107 533 καὶ
1145 479 1492 548 ἀνεγνωκὼς.
1524 480 1639 534 Οὐκ
1670 480 1846 551 ἀρχὴν
1876 480 1977 550 τῆς
2002 481 2113 533 τῶν
2145 490 2183 545 Α
2220 478 2456 530 ποικίλοι
2487 478 2549 529 τὸ
2583 479 2800 549 ίσχυρδν
2833 482 2925 533 καὶ
2957 480 3174 536 εὔτονον
3202 486 3303 552 τῆς
3334 485 3438 537 τῶν
3475 486 3709 557 Ῥωμαίων

469 568 477 575 ’
566 572 932 644 Ἰσμαηλιτῶν
961 573 1262 644 θρησκείας
1299 574 1332 644 ἢ
1370 574 1651 642 βασιλείας
1683 574 1712 626 6
1756 575 1929 642 σοφὸς
1958 567 2115 637 οὗτος

554 669 730 722 ἐποίει
764 668 874 721 ἀπὸ
906 669 1017 721 τῶν
1046 667 1257 736 χρόνων
1305 665 1577 734 Μωάμεθ,
1607 665 1721 718 ἀλλ’
1768 664 1961 734 ὥσπερ
1984 665 2115 734 περὶ

555 759 658 827 τῆς
689 757 1027 828 προφητείας
1053 758 1254 826 Δανιὴλ
1285 757 1380 810 τοῦ
1413 756 1582 810 θείου.
1610 756 1880 825 Τέταρτον
1925 755 2115 823 θηρίον

555 850 816 919 ὀνομάζει
874 849 976 919 τὴν
1019 850 1132 903 τῶν
1166 848 1456 920 Ῥωμαίων
1512 844 1831 918 βασιλείαν·
1876 846 1975 900 καὶ
2014 847 2119 899 οὐκ

556 942 733 1013 ἀρχὴν
760 940 1007 995 ποιοῦσιν
1047 938 1098 994 οἱ
1134 941 1399 1009 ἐξηγηταὶ
1445 942 1556 994 ἀπὸ
1597 941 1812 1012 Ῥώμου
1855 940 1950 994 καὶ
1985 940 2119 995 Ῥω-

558 1034 754 1101 μύλου,
781 1032 907 1087 οὐτε
934 1031 1255 1095 δυναστείας
1292 1032 1603 1101 Ῥωμαίων,
1638 1030 2116 1102 άριστοκρατείας,

555 1122 982 1192 δημοκρατείας,
1011 1121 1383 1190 διδακτορίας,
1414 1121 1649 1182 ὐπατίας
1692 1121 1789 1176 καὶ
1838 1119 2118 1189 βασιλείας

477 1284 484 1291 λ
559 1212 1021 1282 μνημονεύουσιν,
1048 1212 1187 1266 ἀλλὰ
1218 1211 1380 1282 μόνον
1412 1213 1475 1266 ὲκ
1518 1212 1615 1266 τοῦ
1661 1210 1954 1265 Ὀκταϐίου
1982 1210 2122 1264 Kal-

558 1319 725 1370 σαρος
768 1302 857 1355 διὰ
909 1303 1010 1371 τὴν
1048 1303 1397 1356 κατάπαυσιν
1433 1304 1533 1372 τῆς
1581 1302 1902 1372 μοναρχίας,
1934 1300 2119 1363 καθὼς

553 1392 799 1446 κάτωθεν
854 1393 1177 1463 ῥηθήσεται.
1230 1393 1389 1445 Οὕτω
1441 1394 1542 1460 μιν
1581 1394 1678 1446 καὶ
1728 1395 1758 1446 6
1807 1392 2119 1461 σοφώτατος

554 1482 829 1552 Στέφανος
855 1486 919 1537 ὲκ
949 1484 1045 1538 τοῦ
1072 1485 1340 1554 Ὀτμάνου
1370 1482 1536 1556 316
1590 1486 1788 1555 άμηρᾶ
1820 1485 1994 1554 ἀρχὴν
2022 1482 2117 1537 τοῦ

553 1575 804 1630 κανονίου
865 1576 1033 1629 αὐτοῦ
1092 1578 1258 1630 ποιεί.
1291 1577 1415 1629 Ἔτι
1474 1575 1533 1629 δὲ
1586 1576 1681 1630 καὶ
1731 1577 1760 1629 6
1804 1573 2119 1644 σοφώτατος

552 1667 705 1723 Λέων
754 1669 783 1721 6
841 1667 1096 1735 βασιλεὺς
1149 1667 1435 1736 Ῥωμαίων
1492 1667 1755 1736 θεμάτων
1806 1668 1901 1720 καὶ
1957 1666 2121 1730 αὐτὸς

553 1758 1200 1846 ὲποίησεκτρισαρίθμου
1237 1757 1443 1811 κύκλου
1487 1756 1662 1827 εὑρὼν
1691 1758 1969 1829 κρατῆσαι
2005 1756 2117 1828 ἔχει

555 1830 1032 1918 βασιλείίδυνατὴ
1072 1850 1168 1902 καὶ
1200 1849 1403 1917 ισχυρὰ
1433 1850 1469 1919 η
1517 1849 1581 1901 ὲκ
1624 1847 1723 1918 τῆς
1758 1849 1961 1917 Ἅγαρ,
1995 1864 2119 1900 του·
2148 1830 2196 1890 Β

554 1940 737 1995 τέστιν
772 1940 866 2010 ἐτη
915 1939 1225 2009 τριακόσια.
1265 1941 1328 1993 Ἥ
1359 1939 1417 1993 δὲ
1448 1938 1732 2009 συστροφὴ
1781 1938 2123 2009 πεντήκοντα

555 2031 617 2098 ἐξ
656 2032 757 2084 οὐκ
810 2030 1080 2099 ἐμνήσθη.
1123 2027 1258 2084 Εἶτα
1290 2030 1353 2083 τὸ
1398 2027 1589 2095 ξανθὸν
1632 2029 1790 2097 γένος
1814 2025 1930 2099 ἅμα
1985 2027 2125 2097 μετὰ

554 2122 664 2175 τῶν
693 2122 1022 2192 πρακτόρων
1053 2120 1174 2174 ὅλον
1201 2118 1432 2190 Ἰσμαὴλ
1461 2118 1805 2189 τροπώσουσι
1831 2121 1978 2173 ’κατὰ
1997 2118 2123 2181 τούς

556 2214 841 2282 χρησμοὺς
872 2212 983 2265 τῶν
1018 2211 1180 2267 θείων
1209 2211 1439 2282 ἀνδρῶν.
1481 2213 1590 2265 Καὶ
1616 2211 1704 2265 διὰ
1755 2212 1854 2283 μὲν
1891 2208 1985 2265 οὖν
2014 2212 2124 2264 τῶν

556 2304 844 2373 τεσσάρων
879 2306 1097 2374 ἀνέμων
1119 2306 1218 2367 τὰς
1251 2307 1525 2376 τέσσαρας
1567 2305 1813 2374 μεγάλας
1849 2304 2126 2375 βασιλείας

554 2396 585 2447 6
620 2396 876 2463 μέγιστος
920 2396 1162 2451 διδάσκει
1209 2396 1488 2467 Ζαχαρίας
1525 2398 1619 2448 καὶ
1653 2396 1851 2464 Δανιὴλ
1886 2397 1915 2448 6
1960 2395 2122 2460 θεῖος,

554 2487 655 2552 τὴν
684 2485 966 2539 Χαλδαίων
1012 2486 1178 2555 λέγω,
1205 2486 1305 2554 τὴν
1336 2485 1562 2557 Περσῶν
1608 2488 1704 2540 καὶ
1743 2486 1844 2558 τὴν
1867 2485 1978 2540 τῶν
2002 2486 2127 2542 iia-

558 2577 792 2630 κεδόνων
822 2578 918 2633 καὶ
957 2578 1056 2648 τὴν
1099 2578 1209 2631 τῶν
1253 2578 1566 2648 Ῥωμαίων.
1596 2579 1677 2632 Τὰ
1699 2579 1757 2632 δὲ
1789 2579 1884 2633 δύο
1922 2579 2024 2649 δρη
2056 2580 2127 2633 τὰ

558 2668 741 2736 χαλκᾶ
764 2669 835 2721 τὰ
864 2668 959 2722 δύο
992 2668 1234 2737 κλίματα
1268 2666 1366 2737 τῆς
1395 2671 1723 2738 οἰκουμένης
1757 2665 1899 2723 εἶναι
1937 2669 2123 2739 φασίν⁵

558 2756 635 2817 εἰς
663 2756 760 2809 δύο
799 2755 907 2825 γὰρ
940 2755 1221 2825 τέμνεται,
1249 2757 1329 2820 είς
1375 2774 1434 2810 τε
1466 2756 1658 2810 Ἀσίαν
1698 2756 1795 2811 καὶ
1821 2757 2119 2827 Εὐρώπην.

557 2847 670 2899 Kal
698 2848 746 2899 οί
777 2847 876 2916 μὲν
903 2848 1104 2919 πυρραὶ
1129 2848 1285 2902 ἵπποι
1311 2850 1374 2904 τὸ
1399 2849 1685 2919 μιαιφόνον
1711 2849 1819 2902 τῶν
1839 2849 2124 2904 Χαλδαίων

558 2938 947 3007 σημαίνουσιν,
980 2939 1032 2991 οί
1084 2939 1141 2991 δὲ
1173 2939 1403 3007 μέλανες
1443 2939 1534 2992 τὸν
1579 2939 1940 3010 ἐπενεχθέντα
1969 2942 2123 3010 παρά

556 3028 785 3096 Περσῶν
810 3030 907 3082 καὶ
935 3030 1139 3098 Μήδων
1171 3034 1285 3093 τοῖς
1317 3030 1681 3094 Βαϐυλωνίοις
1712 3031 1964 3095 Θάνατον,
1993 3033 2041 3085 οί
2067 3032 2125 3086 δὲ

2217 567 2495 637 βασιλείας
2523 568 2766 638 δηλοῦσι.
2795 573 2871 624 Τὸ
2901 573 2958 626 δὲ
2987 575 3331 646 προσταχθὲν
3364 577 3550 642 αὐτοὺς
3571 598 3713 652 septo.

2214 659 2406 713 δεῦσαι
2454 662 2554 726 τὴν
2595 663 2701 731 γῆν
2758 664 3002 718 διδάσκει
3053 666 3216 721 πάλιν
3266 669 3343 732 ὡς
3373 670 3457 723 διά
3500 673 3585 725 τοῦ
3609 675 3712 728 Θεοῦ

2214 754 2368 805 πᾶσα
2397 751 2646 820 βασιλεία
2688 756 3045 810 συνίσταται·
3076 760 3209 828 φησὶ
3240 760 3351 829 γὰρ
3394 763 3423 814 6
3455 762 3716 828 Εὐσέϐιοςό

2217 841 2509 910 Παμφίλου
2526 860 2542 876 ’
2567 844 2693 900 Ἐπὶ
2722 847 2818 899 τοῦ
2843 847 3154 914 Αὐγούστου
3180 851 3471 907 Ὀκταϐίου
3498 856 3717 925 Καίσαρος

2215 932 2390 1004 ἀρχὴν
2421 935 2456 1003 ἡ
2503 937 2739 1007 τετάρτη
2793 938 3043 1008 βασιλεία
3086 942 3378 1011 λαμϐάνει,
3407 946 3472 1015 ἢν
3512 948 3540 1000 6
3566 950 3725 1021 Δανιὴλ

2216 1022 2481 1093 τέταρτον
2518 1024 2711 1097 θηρίον
2758 1030 2991 1098 φοϐερὸν
3026 1032 3310 1100 ὀνομάζει,
3345 1036 3478 1089 διότι
3508 1039 3596 1104 μὶν
3635 1040 3728 1092 τότε

2218 1115 2436 1183 πρῶτος
2464 1117 2634 1182 αὐτὸς
2661 1119 3007 1192 ἑμονάρχησε
3037 1123 3134 1177 καὶ
3162 1125 3258 1179 τὸν
3283 1127 3485 1194 κόσμον
3508 1129 3616 1181 ὅλον
3640 1147 3730 1197 σχε-

2217 1204 2308 1259 δὸν
2355 1207 2531 1261 εἰπεῖν
2572 1208 2968 1275 καθυπέταξεν.
3016 1207 3188 1277 Οὗτος
3223 1218 3286 1269 ιν
3316 1217 3473 1287 317
3520 1221 3609 1289 μιᾷ
3646 1222 3726 1273 τῶν

2164 1362 2165 1365 η
2219 1296 2445 1368 ἡμερῶν
2485 1300 2739 1353 ἀπελθὼν
2772 1302 2854 1365 είς
2887 1302 3124 1372 Δελφοὺς
3158 1307 3289 1369 τοὺς
3329 1308 3425 1360 νῦν
3445 1309 3729 1378 όνομαζομίσ

2220 1404 2344 1448 νους
2377 1388 2603 1450 Δαύλια,
2652 1388 2909 1460 ἠρώτησε
2938 1392 3000 1446 τὸ
3043 1397 3301 1462 μαντεῖον
3333 1398 3418 1458 τίς
3468 1401 3579 1465 μετ’
3604 1402 3729 1453 αὐτὸν

2222 1476 2537 1550 βασιλεύσῃ.
2590 1482 2700 1535 Τοῦ
2730 1483 2787 1535 δὲ
2837 1484 3036 1538 Πυθίου
3077 1485 3245 1554 μηδὲν
3293 1489 3727 1558 άποκρινομὲνουὸ

2218 1567 2265 1621 δ’
2297 1567 2453 1630 αὖθις
2493 1570 2775 1642 ἠρώτησε,
2814 1572 2910 1627 διὰ
2932 1575 2987 1626 τί
3019 1578 3151 1647 σιγᾷ
3176 1578 3237 1630 τὺ
3261 1581 3546 1647 μαντείον;
3572 1580 3726 1649 Τότεὴ

2222 1659 2398 1714 Πυθία
2443 1660 2547 1733 ἔφη
2594 1701 2610 1717 .
2687 1702 2703 1718 .
2783 1705 2797 1719 .
2876 1703 2894 1718 .
2971 1703 2988 1720 .
3040 1664 3326 1730 Ἐλθόντος
3370 1667 3464 1723 οὖν
3490 1671 3654 1725 τούτου
3688 1676 3729 1724 ἐν

2234 1751 2446 1824 Ῥώμῃ,
2482 1753 2583 1807 καὶ
2614 1756 2674 1808 ἐν
2711 1755 2790 1824 τῷ
2836 1757 3057 1827 μέλλειν
3088 1760 3394 1815 ἀποϐιῶναι
3435 1764 3728 1831 παρεγγύηοε

2222 1843 2349 1906 τούς
2383 1847 2442 1897 ὲν
2473 1846 2618 1899 τέλει
2666 1846 2831 1901 αὐτοῦ
2880 1850 3070 1919 χεῖρας
3102 1853 3376 1921 κροτῆσσι
3424 1855 3514 1908 καὶ
3551 1856 3730 1922 γελάσαι

2225 1937 2301 1999 ὡς
2328 1938 2418 1991 ἐπὶ
2455 1940 2625 2008 μίμου
2656 1942 2936 2012 τελευτῆς.
2964 1946 3139 2000 Τοῦτο
3162 1946 3219 2001 δὲ
3254 1948 3478 2018 ποιῆσαι
3495 1949 3732 2018 διωρίσατο

2225 2029 2558 2084 ἀποσκοπῶν
2614 2031 2696 2095 εις
2731 2030 2827 2088 τὸν
2876 2034 3219 2106 ἀνθρώπινον
3272 2039 3390 2109 βίον
3431 2038 3501 2103 ὡς
3544 2040 3732 2107 γέλωτος

2224 2118 2397 2183 ἄξιον.

2295 2212 2408 2266 Καὶ
2453 2214 2582 2285 περὶ
2615 2215 2717 2284 μὲν
2761 2211 2856 2271 οὗν
2883 2218 2993 2272 τῶν
3033 2223 3459 2293 προειρημένων
3499 2222 3732 2289 βασιλειῶν

2224 2302 2426 2374 Δανιὴλ
2453 2304 2481 2357 ό
2511 2303 2657 2368 θεῖος
2691 2310 2981 2378 προφήτης
3012 2311 3106 2364 καὶ
3148 2311 3177 2363 6
3217 2312 3367 2375 θεῖος
3394 2315 3642 2382 Ζαχαρίας
3664 2315 3730 2365 καὶ

2196 2393 2426 2464 ςιτεροι,
2451 2392 2529 2459 ὡς
2560 2397 2921 2469 προείπομεν,
2945 2402 3046 2471 τήν
3071 2419 3131 2455 τε
3155 2403 3469 2480 ἀνόρθωειν
3488 2407 3644 2465 αὐτῶν
3665 2414 3733 2466 καὶ

2224 2485 2525 2569 κατάλυσιν
2568 2494 2664 2547 καὶ
2710 2490 2782 2549 τὰ
2809 2498 3098 2567 συμϐάντα
3146 2502 3334 2558 πάντα
3359 2505 3449 2560 διὰ
3475 2504 3732 2572 Πνεύματος

2226 2581 2384 2648 ἁγίου
2412 2582 2681 2651 λέγουσιν,
2716 2588 2932 2656 ὁμοίως
2960 2591 3018 2644 δὲ
3063 2593 3158 2647 καὶ
3199 2595 3427 2657 Ἡσαΐας
3454 2597 3542 2649 καὶ
3560 2598 3588 2649 6
3612 2597 3732 2662 σοφὸς

2228 2673 2500 2741 Στέφανος
2554 2677 2650 2730 καί¹
2698 2678 2903 2733 Λέωνδ
2932 2664 3192 2752 βασιλεὺς
3239 2687 3376 2756 περὶ
3423 2688 3517 2753 τῆς
3544 2685 3730 2741 καταλύ-

2227 2781 2366 2828 σεως
2396 2766 2498 2835 τῆς
2525 2766 2832 2836 βασιλείας,
2865 2771 2942 2835 ὡς
2973 2775 3339 2845 προείπομεν.
3389 2776 3448 2832 '0
3468 2777 3523 2831 δὲ
3545 2778 3728 2844 θεόκτης

2225 2854 2431 2924 Μωσῆς
2458 2859 2589 2929 περὶ
2616 2856 2935 2925 ἀναϐάσεως
2970 2868 3064 2917 καὶ
3088 2866 3353 2936 εὐτυχίας
3377 2870 3435 2920 ἐν
3455 2871 3516 2940 τῇ
3562 2867 3724 2939 Γενὲσει

2225 2945 2355 3002 τάδε
2379 2948 2659 3014 διέξεισινο
2679 2967 2700 3002 ι
2724 2952 2782 3006 '0
2804 2956 3147 3026 πατριάρχης
3172 2957 3338 3026 ἡμῶν
3370 2958 3602 3031 ’Δϐραάμ
3617 2955 3729 3016 υιυὺς

2228 3036 2519 3105 ἐγέννησεν
2547 3039 2713 3106 ὀκτὼ,
2760 3043 2977 3112 πρῶτον
3008 3046 3111 3113 μὲν
3139 3046 3379 3118 Ἰσμαὴλ
3421 3048 3509 3100 τὸν
3531 3046 3659 3100 νόθον
3681 3045 3726 3097 ἐκ

555 3119 742 3222 λευκοὶ
769 3120 830 3222 τδ
856 3121 1024 3222 σαφὲς
1049 3122 1156 3222 τῆς
1174 3122 1364 3222 ⁸δόξης
1393 3123 1861 3222 τῶν-Μακεδόνων
1884 3139 1898 3153 ο
1927 3124 1990 3222 οὐ
2016 3125 2125 3196 γὰρ
2154 3161 2202 3222 c
2231 3126 2330 3196 τῆς
2365 3127 2569 3198 Ἅγαρ,
2618 3128 2877 3201 δεύτερον
2907 3133 3093 3188 Ἰσαὰκ
3126 3134 3184 3198 ἐξ
3223 3136 3551 3206 ἑπαγγελίάς
3575 3139 3628 3189 ὲκ
3657 3135 3727 3200 τῆς

557 3209 748 3279 ὥσπερ
773 3211 827 3263 ai
853 3210 1012 3265 ἄλλαι
1044 3211 1318 3282 βασιλεῖαι
1343 3214 1436 3266 καὶ
1465 3213 1626 3282 αὕτη.
1655 3214 1717 3267 Ol
1742 3213 1801 3266 δὲ
1828 3213 1996 3287 eam
2022 3217 2117 3269 καὶ
2160 3209 2202 3222 ’
2232 3219 2493 3286 γυναικὸς
2515 3219 2682 3275 αὐτοῦ
2704 3222 2945 3294 Σάρρας.
2966 3225 3023 3288 ὃς
3046 3226 3139 3279 καὶ
3164 3226 3441 3299 εὐλογήθη
3465 3227 3599 3298 παρὰ
3613 3225 3727 3280 Θεοῦ.

559 3389 970 3461 superstitionis
996 3399 1050 3444 et
1079 3388 1144 3443 irr
1155 3388 1292 3460 perii
1312 3387 1709 3445 lsmaelitarum
1736 3404 1847 3444 non
1877 3403 1907 3443 a
1939 3388 2129 3445 Maha-

558 3483 722 3538 metis
753 3489 911 3538 aetate
943 3481 1117 3546 duxit,
1171 3483 1266 3538 sed
1301 3481 1369 3536 ad
1411 3480 1629 3536 modum
1669 3481 1912 3536 vaticinii
1956 3481 2127 3537 divini

560 3573 800 3628 Dauielis
834 3573 1048 3629 locutus
1077 3581 1181 3628 est.
1214 3570 1267 3627 ls
1305 3583 1555 3643 quartam
1581 3573 1808 3628 bestiam
1852 3572 2128 3627 Romano-

557 3662 677 3717 r‘um
702 3662 995 3733 imperium
1039 3662 1335 3732 appellavit
1366 3679 1380 3716 :
1412 3677 1513 3718 uec
1536 3661 1865 3731 interpretes
1894 3676 1925 3715 a
1953 3661 2127 3717 Remo

557 3766 611 3809 et
660 3753 892 3807 Romulo
922 3753 1138 3808 initium
1179 3753 1422 3823 capiunt,
1455 3763 1548 3807 aut
1578 3751 1950 3807 Romanorum
1975 3753 2128 3822 prin-

558 3848 796 3917 cipatus,
819 3845 1105 3911 nobilium,
1130 3845 1326 3915 plebis,
1345 3844 1696 3910 dictatorum,
1713 3846 2026 3909 consulum,
2041 3859 2128 3899 re-

558 3956 682 4007 gum
708 3938 938 4007 imperia
968 3945 1433 4009 commemorant,
1459 3935 1554 3992 sed
1579 3937 1647 3990 ab
1667 3936 1892 3991 Octavio
1912 3936 2125 3990 demum

557 4027 774 4082 Caesare
807 4034 1029 4096 prOpter
1051 4026 1254 4080 exitum
1286 4025 1636 4087 monarchiai,
1665 4024 2125 4092 quemadmodum

558 4118 699 4173 infra
736 4117 1039 4172 docebitur.
1082 4115 1280 4170 Eodem
1311 4116 1474 4185 igitur
1501 4115 1662 4168 modo
1679 4116 2123 4185 sapientissimus

493 4263 502 4273 ,
558 4211 871 4281 Stephanus
903 4210 969 4263 ab
1007 4206 1237 4261 Otmanc
1281 4222 1466 4262 amera
1516 4207 1744 4261 canonis
1787 4208 1868 4261 sui
1913 4206 2128 4261 initium

556 4293 707 4357 facit.
722 4300 894 4356 Etiam
916 4299 1270 4353 doctissimus
1302 4298 1670 4352 Romanorum
1696 4298 1998 4367 imperator
2022 4297 2132 4355 Leo

557 4394 741 4447 thema
768 4391 922 4452 fecit,
955 4390 1046 4458 qui
1079 4389 1363 4443 ﬂorentem
1391 4395 1444 4441 et
1473 4387 1745 4456 vigentem
1783 4387 1997 4455 Imperii
2035 4387 2133 4441 Sa-

2227 3395 2437 3450 colores
2482 3396 2653 3452 robur
2690 3405 2745 3455 et
2790 3400 3090 3470 petentiam
3141 3402 3365 3468 imperii
3396 3403 3726 3459 Romanorum.

2227 3482 2433 3539 Deinde
2460 3485 2743 3554 mandato,
2773 3498 2834 3542 ut
2873 3497 3074 3544 terram
3129 3492 3360 3557 obeant.
3427 3492 3728 3562 signiﬁcatur.

2228 3591 2327 3647 per
2358 3576 2528 3633 Deum
2567 3595 2728 3635 omne
2750 3590 3004 3640 constare
3037 3596 3297 3651 regnum.
3338 3585 3478 3640 Dicit
3506 3585 3631 3638 enim
3654 3580 3730 3634 Eu-

2229 3668 2416 3724 sebius
2442 3669 2730 3740 Pamphili,
2761 3674 2830 3728 ab
2859 3676 3102 3744 Augusto
3125 3674 3356 3732 Octavio
3384 3676 3583 3732 Caesare
3611 3687 3729 3742 quar-

2231 3760 2345 3807 tum
2408 3770 2633 3825 regnum
2668 3759 2884 3814 initium
2914 3776 3133 3831 capere.
3166 3764 3431 3831 quoniam
3463 3773 3566 3817 tum
3592 3763 3634 3816 is
3656 3760 3731 3828 pti-
3769 3778 3775 3785 '

2229 3857 2356 3900 mus
2403 3848 2557 3901 solus
2591 3848 2895 3916 imperavit,
2923 3858 2978 3904 et
3007 3858 3181 3907 tntum
3220 3867 3375 3921 paene
3416 3854 3585 3909 orbem
3606 3861 3733 3903 terra-

2230 3950 2353 3988 rum
2399 3936 2503 3990 sibi
2556 3936 2810 4005 subjecit.
2845 3937 2896 3994 Is
2927 3941 3200 4007 quondam
3237 3943 3490 4012 Delphos,
3525 3940 3604 4011 qui
3628 3950 3735 3992 nunc

2230 4024 2418 4081 Daulia
2449 4027 2806 4096 appellantur,
2843 4031 3146 4099 profectus.
3176 4034 3463 4088 orarulum
3492 4028 3730 4085 consuluit.

2231 4112 2354 4182 quis
2383 4124 2504 4193 post
2529 4130 2588 4168 sc
2611 4113 2975 4184 imperaturus
3013 4130 3178 4176 esset.
3234 4121 3371 4176 Cum
3420 4122 3540 4175 nihil
3563 4131 3734 4184 κορων-

2231 4201 2387 4256 deret
2415 4201 2630 4274 Pythia,
2655 4204 2853 4260 iterum
2889 4208 3124 4277 rogavit,
3159 4227 3332 4279 quare
3364 4210 3617 4266 oraculum
3637 4202 3733 4258 sile-

2231 4303 2336 4351 ret.
2375 4294 2508 4349 Tum
2541 4294 2730 4367 Pythia
2766 4300 3077 4368 respondit.
3117 4343 3131 4357 .
3166 4338 3185 4354 .
3218 4341 3232 4355 .
3270 4302 3321 4356 is
3355 4301 3564 4353 Boiuam
3595 4305 3733 4349 rever-

2233 4397 2349 4447 sus.
2381 4398 2504 4437 cum
2537 4398 2683 4440 mors
2701 4371 2803 4454 ipsi
2852 4387 3099 4455 instaret,
3128 4390 3417 4458 imperavit
3438 4381 3728 4458 primoribus.

558 4497 887 4538 racenorum
942 4490 1139 4535 statum
1175 4488 1257 4532 ter
1286 4476 1711 4544 computandum
1743 4477 2007 4530 circulum
2043 4485 2123 4530 te—
2150 4481 2204 4541 ι)
2231 4480 2291 4525 ut
2323 4475 2637 4540 plauderent
2664 4486 2721 4531 et
2754 4478 2995 4532 riderent
3024 4482 3155 4533 utin
3191 4481 3300 4544 line
3336 4480 3500 4534 mimi.
3531 4475 3623 4530 lloc
3645 4468 3729 4523 ﬁrri

556 4591 705 4638 nere,
742 4576 843 4627 hoc
873 4580 983 4635 est,
1014 4585 1187 4624 annos
1226 4578 1498 4622 trecentos
1544 4566 1866 4621 duraturum
1892 4567 2122 4622 invenit.

558 4663 861 4720 l’crturbati
884 4659 1105 4730 imperii
1129 4674 1226 4728 per
1259 4672 1432 4712 annos
1450 4657 1848 4726 quinquaginta
1873 4670 1971 4710 scx
2012 4672 2120 4710 non

557 4757 682 4812 fecit
710 4754 1063 4810 mentionem.
1104 4748 1305 4804 Deinde
1332 4748 1468 4803 {lava
1491 4763 1624 4817 gens
1661 4762 1767 4801 una
1801 4761 1923 4801 cum
1951 4746 2126 4800 vindi-

555 4849 708 4903 cibus
733 4863 895 4901 omne
924 4842 1168 4899 lstuaelis
1205 4855 1382 4909 genus
1419 4838 1628 4906 iugabit
1657 4838 1957 4892 secundum
1987 4837 2124 4891 divi-

556 4954 751 4993 norum
790 4937 1073 4990 hominum
1119 4932 1396 4985 vaticinia.
1426 4928 1672 4994 Quatuor
1722 4929 1896 4981 ventis
1941 4936 2121 4981 autem

556 5038 791 5097 quatuor
817 5040 1008 5095 magna
1043 5022 1277 5090 imperia”
1302 5019 1599 5074 Zacharias
1623 5026 1677 5071 ct
1697 5015 1914 5070 divinus
1939 5013 2125 5069 Daniel

557 5118 884 5185 signiﬁcant,
938 5116 1342 5174 Chaldaeorum.
1392 5110 1712 5173 Persarum,
1766 5108 2123 5162 Macedonum

558 5222 613 5263 et
641 5209 1030 5262 Romanorum.
1081 5208 1227 5261 Duos
1269 5218 1449 5258 αξιιθοε
1489 5212 1702 5255 montes
1747 5208 1930 5253 autem
1982 5201 2123 5252 duas

563 5312 720 5354 terra:
774 5302 1025 5368 regiones
1058 5312 1181 5352 esse
1212 5297 1401 5350 dicunt
1432 5308 1447 5357 ;
1494 5294 1549 5346 in
1583 5294 1719 5345 duas
1753 5291 1897 5343 enim
1948 5301 2127 5357 partes

562 5399 704 5445 terra
736 5388 1013 5451 dividitur,
1039 5386 1226 5441 Asiam
1257 5396 1310 5439 et
1339 5382 1633 5450 EurOpam.
1657 5382 1834 5448 Atque
1861 5384 1962 5433 ruh
2000 5380 2125 5448 equi

562 5482 900 5534 atrocitatem
925 5479 1304 5534 Chaldaeorum
1342 5473 1673 5544 signiﬁcant,
1708 5471 1849 5540 nigri
1883 5488 1911 5523 a
1942 5471 2127 5525 Persis

560 5586 615 5624 et
640 5569 807 5623 Medis
840 5567 1144 5637 Babyloniis
1171 5566 1377 5619 illatum
1419 5562 1718 5623 interitum,
1768 5559 1984 5613 candidi
2017 5559 2128 5612 cla-

562 5676 676 5715 ram
711 5658 1064 5714 Macedonum
1098 5656 1363 5728 gloriam;
1403 5668 1576 5723 neque
1611 5654 1758 5705 enim
1793 5650 1985 5703 Iterum
2032 5652 2132 5702 im-

564 5755 773 5824 perium
811 5755 1024 5808 cmtcris
1062 5750 1240 5806 simile
1271 5758 1395 5814 est;
1424 5747 1699 5819 cineracci‘
1724 5758 1850 5799 vero
1871 5750 1925 5797 ct
1961 5744 2129 5797 versi-

2227 4564 2418 4630 voluit,
2449 4566 2706 4633 quoniam
2754 4565 2918 4621 vitam
2974 4584 3088 4623 rem
3130 4585 3250 4624 esse
3283 4572 3397 4625 risu
3434 4569 3626 4637 dignam
3660 4575 3729 4629 P“‘

2228 4654 2402 4706 tabat.

2300 4745 2372 4797 De
2403 4744 2472 4800 iis
2513 4745 2681 4814 igitur
2705 4788 2720 4813 ,
2751 4763 2872 4817 qum
2906 4748 3072 4803 modo
3098 4746 3513 4802 commemoravi
3534 4784 3549 4807 ν
3586 4736 3727 4806 mnis

2227 4832 2435 4896 Daniel,
2475 4837 2687 4891 divinus
2747 4842 3027 4907 propheta,
3057 4840 3275 4892 divinus
3343 4834 3610 4891 Zacharias
3645 4826 3731 4879 alii-

2225 4939 2354 4993 que,
2385 4935 2443 4979 ιιι
2470 4927 2677 4981 dictum
2711 4938 2811 4990 est,
2836 4930 2901 4982 de
2924 4944 3109 4983 eorum
3136 4938 3248 4983 tum
3275 4928 3476 4998 origine
3506 4933 3604 4977 tum
3626 4914 3730 4971 exitu

2227 5024 2279 5068 et
2347 5019 2507 5071 rebus
2538 5019 2727 5087 gestis,
2764 5035 2792 5071 a
2820 5030 3010 5073 sancto
3041 5020 3245 5083 Spiritu
3289 5016 3479 5077 cdocti.
3511 5011 3729 5067 dixerunt

2229 5106 2496 5161 Similiter
2519 5124 2638 5175 quae
2658 5109 2842 5173 Isaias,
2861 5121 2914 5163 et
2945 5110 3381 5178 sapientissimus
3402 5106 3671 5174 Stephanus
3693 5099 3730 5141 el

2227 5198 2335 5252 Leo
2362 5200 2657 5266 imperator
2685 5202 2751 5253 de
2783 5201 2933 5254 exitu
2957 5201 3165 5269 imperii
3193 5202 3495 5260 docuerint,
3520 5181 3731 5257 explicui-

2226 5303 2370 5341 mus.
2423 5286 2528 5351 Qui
2582 5287 2752 5340 Deum
2800 5288 2929 5342 vidit
2987 5289 3162 5344 Moses
3209 5278 3643 5348 de.incrementis
3696 5276 3735 5318 tl

2229 5393 2485 5432 successu
2512 5378 2567 5429 in
2591 5376 2788 5432 Genesi
2810 5378 2924 5434 haec
2955 5371 3187 5450 explicat
3221 5398 3235 5435 :
3269 5398 3288 5430 ι
3312 5377 3638 5432 AbruhamuS.
3663 5375 3732 5429 Ρ³⁸

2231 5470 2467 5521 triarcha
2548 5478 2757 5535 noster,
2819 5470 2958 5526 ﬁlios
3006 5480 3129 5526 octo
3189 5466 3502 5541 procreavit.
3553 5457 3732 5548 Ρτί¹¹¹⁶ξξ¹ξ

2231 5559 2509 5612 lsmaelem
2545 5561 2793 5623 nothum,
2818 5576 2883 5614 ex
2911 5552 3075 5630 Agar,
3112 5561 3302 5614 deinde
3346 5537 3733 5630 proniissutnstbi

2230 5647 2473 5703 lsaarum
2506 5663 2535 5703 e
2557 5649 2720 5703 Sarra
2749 5664 2936 5717 uxore,
2972 5652 3058 5705 cui
3112 5652 3446 5704 benedictum
3475 5649 3546 5694 est
3573 5652 3597 5688 a
3632 5629 3730 5681 De".

2232 5744 2396 5798 Sarra
2430 5755 2665 5810 mortua,
2695 5744 2983 5803 Cheturam
3032 5747 3203 5811 duxit,
3237 5762 3267 5800 e
3301 5728 3399 5811 qua
3422 5738 3544 5794 ﬁlius
3571 5738 3644 5782 se!
3664 5733 3725 5784 ιθ·
