3962 6558
463 351 566 414 907

1677 350 1994 410 GEORGII

2140 350 2478 412 IRANTZiE
3573 355 3656 419 938

459 471 556 526 καὶ
602 468 694 520 τὸν
727 467 936 522 Ἰσαάκ.
992 468 1100 521 Καὶ
1135 469 1190 521 ὲν
1236 467 1411 538 τούτῳ
1463 465 1774 520 πλανῶνται
1823 467 1898 529 ὡς
1941 467 2032 519 καὶ
2070 475 2114 528 Α
2156 470 2378 539 ’Λνέστη
2411 470 2468 522 δὲ
2529 469 2782 540 ’Δὸραὰμ
2831 467 2911 538 τῷ
2941 467 3102 538 πρωῒ,
3141 471 3238 521 καὶ
3285 466 3466 545 ἔλαϐεν
3495 469 3655 536 ἄρτους

461 565 520 618 ἐν
565 565 700 616 πᾶσι
727 561 1134 625 σολανθάνονται,
1173 562 1259 615 διὰ
1301 563 1355 612 τί
1386 561 1545 630 μὲνῲ
1589 560 1719 622 Θεὸς
1770 559 2035 630 εὐλόγησε

460 655 552 710 τὸν
591 656 782 708 Ἰσαὰκ
810 655 906 707 καὶ
945 655 1044 724 τὴν
1089 653 1354 723 διαθήκην
1397 652 1560 705 αὐτοῦ
1604 645 2037 720 ὲνεμπίστευσεν

461 749 632 819 αὐτῷ,
671 749 762 800 τὸν
814 747 872 800 δὲ
909 746 1135 816 Ἱσμαὴλ
1181 748 1278 816 οὐχ
1314 745 1510 810 οὕτως,
1568 745 1686 798 ἀλλ’
1737 745 2037 812 εὐλόγησεν

460 843 623 896 αὐτὸν
649 842 836 904 ἁπλῶς
855 841 934 892 ὅτι
966 859 984 891 ι
1010 842 1120 894 Καὶ
1147 839 1403 909 πληθυνῶ
1425 839 1588 890 αὐτὸν
1619 837 1846 906 σφόδρα.
1878 855 1895 886 ι
1927 837 2037 890 Καὶ

461 936 531 989 τὰ
559 935 732 1002 ἄλογα
764 935 878 998 ζῶα
905 936 932 985 6
965 932 1115 996 Θεὸς,
1140 931 1444 1005 τετράποδα
1474 931 1569 982 καὶ
1591 929 1823 1000 ἑρπετὰ,
1847 927 2038 996 ἰχθύας

462 1045 522 1082 τε
559 1029 656 1081 καὶ
685 1026 932 1089 πετεινὰ,
967 1025 1263 1094 εὐλόγησεν
1298 1026 1470 1076 εἰπών
1496 1040 1511 1053 ο
1550 1041 1568 1074 r
1602 1021 1910 1085 Λύξάνεσθε
1943 1020 2036 1072 καὶ

461 1120 804 1191 πληθύνεσθε
876 1119 971 1170 καὶ
1029 1116 1360 1185 πληρώσατε
1416 1115 1516 1185 τὴν
1568 1115 1690 1183 γῆν.
1743 1133 1759 1164 ι
1817 1114 1922 1165 Τὸν
1979 1114 2035 1165 δὲ

473 1214 647 1283 Ἀδὰμ
694 1214 754 1264 οὐ
787 1210 1050 1271 τοιούτους
1097 1209 1370 1278 ηὐλόγησε
1416 1209 1609 1277 μόνον,
1653 1226 1670 1257 ι
1727 1205 2034 1270 Αὐξάνεσθε

462 1309 557 1360 καὶ⁹
607 1305 952 1375 πληθύνεσθε
997 1304 1090 1356 καὶ
1145 1302 1469 1372 πληρώσατε
1519 1300 1617 1368 τὴν
1669 1301 1794 1368 γῆν,
1839 1318 1856 1348 ι
1898 1297 2036 1351 ἀλλὰ

462 1403 576 1464 καὶ,
608 1418 625 1451 ι
660 1394 1141 1465 Κατακυριεύσατε
1175 1395 1344 1461 αὐτῆς
1372 1409 1389 1425 ο
1418 1413 1434 1443 ι
1468 1395 1564 1446 καὶ
1586 1392 1766 1445 πάντα
1797 1391 1903 1444 ὐπὸ
1935 1392 2036 1454 τὰς

459 1495 647 1564 χεῖρας
687 1489 857 1543 αὐτοῦ
890 1489 1060 1541 ἔδωκε
1101 1490 1165 1540 τὰ
1199 1489 1302 1540 ὅσα
1332 1488 1388 1538 ὲν
1421 1489 1483 1553 τῇ
1512 1487 1580 1555 γῇ
1623 1487 1741 1539 ἐστὶ
1771 1485 2028 1548 κατεξου-

462 1584 672 1646 σιάζειν
703 1581 796 1633 καὶ
825 1580 1131 1643 δεσπόζειν,
1166 1577 1308 1630 ὥστε
1341 1573 1410 1647 ἧν
1441 1577 1572 1629 ἰδεῖν
1604 1578 1687 1628 ὅτι
1718 1575 1814 1628 καὶ
1851 1578 1906 1627 αἱ
1937 1578 2032 1628 εὐ-

459 1674 640 1743 λογίαι
685 1672 783 1725 τοῦ
836 1671 971 1724 Θεοῦ
1017 1669 1265 1738 διάφοροί
1318 1670 1422 1720 εἰσι
1460 1669 1556 1720 καὶ
1601 1668 1724 1736 οὐχὶ
1753 1667 1828 1728 ὡς
1883 1667 2036 1719 αὐτοὶ

461 1767 704 1833 λέγουσι,
735 1764 822 1816 διὰ
845 1765 898 1815 τὶ
933 1762 1032 1831 μὲν
1061 1763 1115 1814 αἱ
1145 1760 1286 1813 θεῖαι
1310 1763 1404 1814 καὶ⁹
1432 1759 1580 1828 ἱεραὶ
1621 1761 1831 1829 Γραφαὶ
1859 1757 2038 1821 καλῶς

463 1856 815 1928 δηλοποιοῦσι
864 1858 976 1916 τοῖς
1026 1853 1086 1907 εὖ
1136 1854 1448 1923 φρονοῦσιν,
1482 1853 1716 1906 ἑκάστου
1775 1852 1890 1904 υἱοῦ
1944 1852 2038 1903 τοῦ

2141 565 2237 617 καὶ
2271 565 2441 618 ἀσκὸν
2475 561 2665 624 ὕδατος
2699 565 2794 615 καὶ
2827 562 2998 615 ἔδωκε
3037 565 3102 632 τῇ
3137 561 3342 632 Ἀγαρ,
3376 562 3468 615 καὶ
3495 565 3656 632 ἐπίθη-

2137 676 2235 712 κεν
2269 659 2360 711 ἐπὶ
2389 659 2480 709 τὸν
2523 651 2674 724 ὦμον
2699 656 2873 723 αὐτῆς
2908 656 2998 708 καὶ
3033 655 3091 708 τὸ
3140 655 3381 720 παιδίον,
3416 657 3503 708 καὶ
3549 658 3658 707 ἀπέι

2142 750 2350 803 στειλεν
2382 749 2576 818 αὐτὴν.
2621 747 2960 800 Ἀπελθοῦσα
2985 747 3040 799 δὲ
3071 747 3348 800 ἐπλανᾶτο
3376 747 3468 816 τὴν
3491 748 3658 817 ἔρημον

2140 843 2283 895 κατὰ
2325 842 2385 892 τὸ
2440 841 2622 908 φρέαρ
2649 838 2743 892 τοῦ
2776 839 2943 908 ὅρκου
2972 856 2987 870 ο
3037 838 3254 902 ἐξέλιπε
3281 837 3337 890 δὲ
3373 837 3429 890 τὸ
3461 837 3586 905 ὕδωρ
3608 841 3658 891 ὲκ

2141 931 2235 985 τοῦ
2275 931 2470 992 ἀσκοῦ,
2505 933 2597 985 καὶ
2627 932 2688 983 ὲκ
2715 932 2816 1000 τῆς
2839 931 3000 1000 δίψης
3029 929 3381 998 ἑλειποθύμει
3407 931 3433 981 6
3453 928 3659 998 Ἰσμαήλ.

2140 1026 2249 1078 Καὶ
2283 1024 2476 1094 ἔρριψε
2503 1025 2563 1076 τὸ
2603 1023 2813 1075 παιδίον
2857 1022 2951 1074 καὶ
2996 1022 3288 1074 ἔκλαυσεν.
3324 1022 3592 1089 Εἰσήκουσε
3617 1022 3662 1072 δὲ

2138 1121 2166 1170 6
2200 1118 2333 1178 Θεὸς
2363 1117 2456 1168 τοῦ
2488 1117 2710 1168 παιδίου
2743 1117 2806 1168 ὲκ
2835 1117 2930 1167 τοῦ
2961 1116 3128 1167 τόπου
3159 1108 3223 1168 οὗ
3252 1109 3320 1184 ἦν
3342 1127 3356 1142 ⁸
3396 1115 3483 1165 καὶ
3506 1113 3665 1166 ἐκάλε-

2141 1227 2233 1263 σεν
2289 1209 2518 1278 ἄγγελος
2557 1209 2692 1262 Θεοῦ
2747 1210 2846 1278 τὴν
2879 1211 3059 1278 Ἀγαρ
3107 1211 3175 1262 ὲκ
3215 1209 3310 1260 τοῦ
3356 1208 3567 1276 οὐρανού
3592 1211 3668 1261 καὶ

2139 1301 2294 1357 εἶπεν
2347 1304 2485 1372 αὐτῇ
2517 1318 2530 1332 ·
2565 1320 2583 1353 ι
2631 1300 2694 1354 Τί
2732 1303 2899 1364 ἐστιν,
2937 1299 3159 1368 Ἀγαρς
3214 1300 3290 1369 μὴ
3333 1299 3490 1367 φοδού
3515 1315 3527 1329 '
3556 1300 3668 1351 ἑπα-

2140 1397 2306 1466 κήκοε
2332 1397 2439 1465 γὰρ
2462 1397 2488 1448 6
2519 1395 2652 1457 Θεὸς
2683 1395 2781 1464 τὴν
2807 1393 2992 1463 φωνὴν
3022 1393 3114 1446 τοῦ
3147 1377 3365 1445 παιδίου
3395 1409 3481 1444 σου
3511 1393 3566 1444 ὲκ
3593 1391 3666 1443 τοῦ

2137 1488 2302 1540 τόπου
2335 1487 2394 1540 οὐ
2431 1489 2601 1540 ἐστίν.
2637 1485 2930 1554 Ἀνάστηθι
2967 1487 3063 1538 καὶ
3113 1485 3248 1537 λάϐε
3277 1485 3337 1537 τὸ
3373 1484 3568 1536 παιδίον
3595 1486 3668 1535 καὶ

2140 1581 2418 1646 κράτησαν
2456 1579 2522 1647 τῇ
2573 1577 2718 1644 χειρί
2754 1593 2847 1627 σου
2901 1575 3037 1628 αὐτό
3061 1589 3075 1606 ο
3118 1577 3199 1637 είς
3226 1576 3336 1644 γὰρ
3368 1575 3509 1635 ἔθνος
3551 1573 3666 1642 μέγα

2142 1671 2355 1738 ποιήσω
2381 1669 2536 1722 αὐτό.
2577 1687 2595 1719 ι
2624 1669 2736 1721 Καὶ
2763 1667 3000 1736 ἀνέῳξεν
3029 1669 3060 1720 6
3087 1666 3224 1726 Θεὸς
3243 1666 3368 1728 τοὺς
3398 1665 3669 1734 ὀφθαλμοὺς

2144 1762 2333 1830 αὐτῆς,
2369 1765 2463 1815 καὶ
2487 1757 2595 1814 εἶδε
2631 1761 2810 1831 φρέαρ
2833 1761 3026 1823 ὓδατος
3052 1759 3282 1826 ζῶντος,
3309 1760 3412 1838 ’καὶ
3438 1757 3666 1826 ἐπορεύθη

2140 1856 2239 1909 καὶ
2278 1856 2526 1926 ἐμπλησε
2572 1855 2664 1908 τὸν
2689 1855 2856 1908 ἀσκὸν
2899 1853 2994 1906 τοῦ
3033 1853 3230 1916 ὕδατος
3262 1853 3358 1906 καὶ
3401 1853 3596 1904 {mittas
3621 1849 3668 1903 τὸ

476 1945 746 2014 Ἀδραάμν
779 1942 965 1995 Ἰσαὰκ
999 1942 1142 2008 λέγω
1179 1942 1273 1994 καὶ
1302 1941 1552 2013 Ὶτμαὴλ.
1601 1941 1718 2002 πῶς
1749 1941 2038 2012 διαφέρου-
2070 1929 2108 1982 Β
2141 1948 2371 2002 παιδίον.
2413 1947 2522 2000 Καὶ
2556 1941 2624 2016 ἦν
2658 1949 2686 2000 6
2715 1946 2847 2008 Θεὸς
2889 1945 3028 2015 μετὰ
3060 1944 3157 1998 τοῦ
3211 1942 3441 2005 παιδίου,
3473 1944 3558 1994 καὶ
3591 1941 3668 2009 ηὐ-

466 2055 551 2091 σιν
596 2041 652 2090 αἱ
705 2037 972 2105 εὐλογίαι,
1005 2037 1071 2088 τὰ
1105 2036 1235 2103 γένη
1271 2036 1365 2088 καὶ
1405 2037 1458 2088 αἱ
1508 2035 1862 2105 κληρονομίαι
1916 2034 2034 2098 ἑνὸς

464 2131 695 2184 ἑκάστου
723 2128 928 2180 αὐτῶν.

547 2223 636 2276 Ἐν
659 2223 715 2275 δὲ
745 2222 824 2290 τῷ
858 2210 1139 2291 κεφαλαίῳ
1163 2220 1237 2291 τῷ
1262 2219 1307 2274 κ’
1343 2222 1434 2274 καὶ
1464 2219 1548 2272 κα’
1583 2219 1708 2272 τάδε
1744 2222 1877 2290 φησὶ
1904 2221 2036 2289 περὶ

465 2315 561 2370 τοῦ
626 2314 897 2384 Ἰσμαήλρ
929 2333 948 2365 ι
993 2309 1128 2365 Eine
1181 2314 1237 2366 δὲ
1298 2314 1378 2382 τῷ
1422 2312 1672 2382 ’Δϐραὰμ
1724 2313 1756 2381 ἡ
1815 2312 2034 2383 Σάρρα·

473 2409 712 2463 Ἔκϐαλε
754 2408 854 2476 τὴν
889 2407 1188 2474 παιδίσκην
1234 2406 1441 2474 ταύτην
1472 2406 1612 2473 μετὰ
1661 2406 1756 2458 τοῦ
1788 2405 1903 2457 υἱού
1940 2405 2036 2456 αὐο

467 2501 690 2570 τῆς·οὐ
746 2500 853 2567 γὰρ
910 2497 1369 2568 κληρονομήσειὸ
1427 2496 1540 2557 υίὸς
1593 2495 1690 2563 τῆς
1743 2493 2037 2563 παιδίσκης

471 2595 607 2664 μετὰ
625 2591 716 2646 τοῦ
748 2591 866 2644 υἱοῦ
901 2608 1004 2660 μου
1033 2590 1239 2643 Ἰσαάκ.
1271 2609 1288 2640 ι
1318 2589 1565 2658 Σκληρὸν
1585 2588 1641 2640 δὲ
1671 2587 1829 2656 321
1865 2587 2036 2654 ἐφάνη

467 2687 527 2740 τὸ
563 2687 715 2755 ῥῆμα
772 2685 981 2753 σφόδρα
1012 2683 1255 2736 ἐναντίον
1305 2681 1561 2749 Ἀϐραάμ
1603 2680 1730 2748 περὶ
1776 2679 1871 2731 τοῦ
1919 2677 2036 2730 υἱοῦ

467 2777 633 2831 αὐτοῦ
667 2775 918 2845 Ἰσμαήλ.
955 2770 1088 2826 Eine
1121 2774 1174 2825 δὲ
1217 2774 1246 2825 6
1279 2773 1410 2834 Θεὸς
1447 2772 1524 2840 τῷ
1561 2770 1851 2840 Ἀδραάμ·
1887 2787 1905 2820 ι
1947 2769 2037 2837 Μὴ

469 2868 707 2939 σκληρὸν
748 2867 890 2920 εστω
951 2867 1198 2919 ἐναντίον
1235 2881 1329 2916 σου
1379 2864 1510 2932 περὶ
1544 2863 1637 2915 τοῦ
1692 2862 1908 2915 παιδίου
1946 2863 2040 2914 καὶ

469 2963 568 3032 τῆς
588 2961 903 3029 παιδίσκης.
942 2959 1127 3013 Πάντα
1160 2960 1256 3012 ὅσα
1285 2960 1350 3011 ἂν
1373 2959 1501 3029 εἴπῃ
1537 2973 1616 3008 σοι
1645 2956 1846 3026 Σάρρα,
1874 2956 2039 3010 ἄκουε

465 3054 565 3123 ’τῆς
602 3054 787 3121 φωνῆς
819 3052 1012 3118 αὐτῆς,
1047 3052 1130 3104 ὅτι
1161 3054 1219 3103 ἐν
1259 3054 1335 3118 τῷ
1364 3049 1550 3104 Ἰσαάκ
1589 3048 1924 3117 κληθήσεταί
1956 3063 2038 3098 σοι

469 3147 714 3212 σπέρμα,
741 3144 836 3197 καὶ
879 3141 970 3194 τὸν
1011 3141 1126 3194 υἱὸν
1167 3139 1223 3192 δὲ
1258 3141 1356 3206 τῆς
1389 3138 1683 3206 παιδίσκης
1729 3138 1929 3206 ταύτης
1960 3137 2040 3196 είς

2137 2040 2326 2110 ξύνοη,
2389 2041 2484 2093 καὶ
2518 2039 2870 2109 ἐκατῴκησεν
2925 2038 2985 2089 ὲν
3016 2040 3082 2107 τῇ
3135 2037 3335 2106 ἐρήμῳ
3368 2038 3430 2104 τῇ
3475 2035 3666 2103 Φαραῇ·

2137 2135 2355 2203 ἐγένετο
2382 2134 2438 2185 δὲ
2470 2134 2693 2201 τοξότης
2727 2132 2974 2193 δυνατός.
3015 2150 3034 2182 ι

2208 2220 2336 2279 Ὧδε
2375 2225 2654 2293 δυνάμεθα
2695 2223 3031 2276 καταλαϐεῖν
3080 2221 3174 2274 τὸν
3208 2221 3459 2290 Ἶσμαήλ.
3507 2217 3668 2278 Καθὼς

2138 2318 2514 2387 ἐπηγγείλατο
2552 2319 2580 2369 6
2634 2315 2764 2378 Θεὸς
2815 2315 2892 2384 τῷ
2935 2313 3214 2383 Ἀϐραὰμ,
3269 2315 3351 2375 είς
3386 2313 3518 2383 μέγα
3546 2311 3668 2371 ἐθνές

2138 2407 2281 2466 εἶναι
2310 2410 2550 2477 ἐποίησε,
2586 2410 2681 2462 καὶ
2709 2407 2870 2477 322
2912 2407 3156 2468 βασιλεῖς
3191 2405 3418 2474 μεγάλοι
3454 2403 3506 2468 ἐξ
3535 2402 3669 2456 αὐτού

2141 2505 2425 2571 γεγόνασι,
2481 2501 2576 2554 καὶ
2611 2502 2708 2565 τὰς
2757 2503 2946 2570 χεῖρας
2979 2499 3149 2553 αὐτοῦ
3192 2500 3288 2552 ἐπὶ
3337 2499 3530 2556 πάντας
3559 2496 3667 2547 θεω-

2143 2593 2344 2664 ροῦμεν
2387 2590 2550 2656 εἶναι,
2590 2591 2683 2644 καὶ
2714 2591 2766 2642 αἱ
2795 2593 2977 2660 χεῖρες
3020 2590 3247 2643 πάντων
3282 2589 3364 2641 ἐπ’
3403 2588 3568 2646 αὐτὸν,
3595 2585 3668 2636 καὶ

2142 2684 2551 2756 ὲνεκατῲκησεν
2584 2685 2676 2736 ἐπὶ
2726 2685 3016 2754 πρόσωπον
3042 2683 3206 2752 ἡμῶν
3251 2683 3483 2741 πάντων,
3527 2681 3606 2732 καὶ
3629 2680 3666 2727 οξ

2133 2779 2207 2830 ’ἐκ
2233 2777 2427 2830 τούτου
2461 2778 2676 2843 τοξόται
2706 2776 2922 2846 ἄριστοί
2946 2777 3055 2828 είσι
3103 2775 3228 2827 λίαν
3258 2773 3402 2827 λίαν.
3437 2773 3567 2838 Πλὴν
3590 2772 3664 2838 τῆς

2141 2870 2405 2940 διαθήκης
2437 2869 2604 2924 αὐτοῦ
2633 2872 2662 2922 6
2689 2869 2821 2932 Θεὸς
2860 2867 3168 2938 ὑστέρησεν
3200 2867 3366 2920 αὐτόν
3394 2882 3409 2896 ο
3441 2864 3566 2918 ὥστε
3591 2879 3666 2914 κσ-

2143 2961 2250 3024 θὼς
2280 2981 2446 3032 φησιν
2481 2965 2514 3033 ἡ
2549 2963 2667 3015 θεία
2692 2961 2904 3032 Γραφὴ,
2937 2964 3032 3014 καὶ
3053 2955 3125 3029 ἦν
3154 2958 3460 3030 ὡρισμένον
3489 2959 3545 3009 ὲκ
3568 2953 3666 3005 πο).-

2143 3055 2238 3109 λοῦ
2275 3055 2482 3109 ἄνωθεν
2511 3057 2581 3108 δι’
2609 3048 2683 3108 ὧν
2709 3055 2994 3124 χριμάτων
3025 3049 3166 3106 οἶδεν
3200 3055 3230 3106 6
3274 3052 3426 3118 Θεὸς,
3455 3048 3663 3106 τοιούτως

2143 3135 2400 3217 γενέσθαι
2430 3165 2444 3180 ο
2479 3145 2547 3218 ἦν
2573 3149 2679 3219 γὰρ
2716 3148 2933 3218 ἀνάγκη
2973 3147 3162 3200 λοιπὸν
3192 3147 3283 3202 ἵνα
3303 3145 3473 3215 πέρας
3497 3141 3664 3195 λάεωσι

466 3235 618 3298 εθνος
657 3237 796 3303 μέγα
825 3234 1037 3302 ποιήσω
1068 3231 1250 3294 αῧτδνν
1291 3233 1372 3284 δτι
1407 3233 1632 3301 σπέρμα
1671 3229 1764 3282 σού
1796 3230 1971 3282 ἐστινο
2006 3247 2024 3280 ³
2060 3254 2103 3313 ο
2143 3241 2210 3294 τὰ
2239 3243 2342 3297 ὅσα
2370 3244 2398 3295 6
2431 3243 2665 3311 θεόπτης
2716 3241 2924 3312 Μωσῆς
2969 3241 3160 3310 ἔφησε,
3218 3243 3310 3293 καὶ
3337 3239 3455 3309 οὐχὶ
3495 3237 3565 3290 ὅτι
3589 3233 3665 3285 οὐκ

469 3416 615 3472 Deus
658 3415 844 3470 lsaaco
903 3414 1177 3470 benedixit
1215 3422 1270 3467 et
1321 3412 1624 3481 pactionem
1657 3426 1814 3466 suam
1871 3411 2038 3476 dedit,

469 3508 680 3564 lsmaeli
716 3523 823 3561 non
880 3507 1029 3570 item,
1057 3503 1150 3560 sed
1185 3503 1502 3572 simpliciter
1535 3502 1808 3557 benedixit
1835 3511 1887 3556 et
1921 3517 2044 3571 pro-

469 3597 637 3672 misit,
702 3613 1031 3667 magnopere
1096 3611 1154 3650 se
1207 3611 1330 3649 eum
1385 3603 1668 3649 aucturum
1723 3609 1867 3649 esse.
1903 3593 2038 3647 Nam

471 3689 643 3743 brutis
701 3690 1094 3750 animantibus,
1126 3687 1570 3756 quadrupedibus
1620 3698 1674 3740 et
1731 3687 2039 3753 reptilibus,

471 3782 710 3852 piscibus
736 3791 790 3836 et
820 3781 1064 3844 alitibus,
1103 3778 1258 3852 Deus
1293 3779 1589 3840 benedixit.
1634 3794 1754 3833 eum
1792 3781 2038 3836 diceret:

475 3849 495 3926 ι
526 3873 812 3943 Augemini
843 3882 895 3926 et
925 3849 1360 3940 multiplicamini
1391 3883 1442 3926 et
1493 3871 1710 3939 implete
1759 3879 1980 3926 terram.
2016 3889 2035 3922 ι

470 3966 681 4022 Adamo
713 3977 891 4022 autem
915 3981 1022 4019 non
1052 3965 1135 4020 sic
1168 3965 1442 4019 benedixit
1467 3966 1641 4019 solum
1672 3983 1687 4018 :
1726 3963 2041 4032 «Augemini

466 4073 516 4118 ct
547 4054 984 4130 multiplicamini
1016 4067 1068 4112 et
1102 4058 1316 4126 implete
1341 4067 1561 4119 terram.
1599 4077 1616 4109 ι
1649 4074 1834 4113 verum
1853 4058 2038 4127 etiam,

471 4171 493 4206 ι
531 4153 743 4207 Domini
779 4150 896 4218 ejus
933 4160 1069 4213 este,
1110 4169 1129 4203 ι
1159 4161 1322 4219 atque
1374 4151 1426 4204 in
1484 4166 1679 4205 manus
1717 4167 1907 4206 eorum
1932 4160 2042 4206 Ira.

465 4246 622 4309 didit,
655 4246 997 4314 quaecunque"
1045 4242 1096 4294 in
1152 4252 1291 4296 terra
1329 4244 1595 4310 possideri
1629 4253 1682 4296 et
1753 4245 1861 4312 regi
1920 4260 2042 4312 pos-

466 4347 615 4402 Sunt,
655 4346 717 4391 ut
776 4336 1124 4403 intelligatur,
1188 4335 1594 4389 benedictiones
1660 4336 1749 4388 1)ςὶ
1797 4337 2040 4391 diversas

465 4445 606 4493 esse,
645 4443 804 4483 secus
833 4438 994 4494 atque
1063 4425 1138 4478 illi
1189 4425 1396 4488 dicunt,
1441 4427 1697 4493 quoniam
1757 4429 1950 4481 divinae
1985 4437 2036 4481 et

467 4533 636 4575 sacrae.
673 4518 889 4571 Littera:
909 4527 1050 4569 recte
1083 4515 1443 4569 sentientibus
1474 4516 1606 4570 satis
1632 4517 2036 4576 demonstrant.

2143 3425 2286 3495 Agar
2334 3423 2571 3488 tradidit,
2607 3425 2832 3478 humero
2887 3425 3006 3492 ejus
3059 3440 3290 3493 puerum
3344 3419 3666 3493 imposuit,ct

2143 3518 2351 3572 dimisit
2381 3532 2517 3571 eam.
2547 3517 2676 3581 Quae
2705 3531 2828 3570 cum
2862 3517 3108 3579 abiissct,
3143 3532 3242 3585 per
3293 3519 3494 3569 deserta
3523 3510 3667 3565 delata

2144 3617 2228 3663 est
2270 3609 2334 3661 ad
2386 3608 2585 3661 fontem
2641 3608 2988 3662 sacramenti.
3026 3607 3318 3661 Deliciebat
3348 3621 3480 3674 aqua
3509 3605 3555 3656 in
3574 3608 3670 3655 utre

2143 3708 2196 3752 et
2229 3713 2339 3768 pra:
2393 3698 2483 3752 siti
2507 3698 2922 3767 elangucseebat
2976 3698 3188 3753 lsmael.
3232 3698 3442 3768 Abiecit
3476 3707 3669 3765 puerum

2147 3793 2340 3845 mulier
2396 3800 2450 3844 et
2509 3789 2859 3860 lacrymabat.
2894 3790 3117 3844 Audivit
3163 3800 3346 3845 autem
3392 3786 3564 3843 esede
3590 3798 3667 3837 sua

2143 3899 2331 3944 vocem
2392 3883 2544 3951 pueri
2582 3883 2742 3946 Deus,
2775 3892 2937 3951 atque
2988 3882 3281 3951 appellavit
3302 3885 3439 3951 Agar
3467 3879 3527 3932 de
3554 3876 3669 3928 caelo

2146 3976 2372 4046 angelus
2427 3974 2539 4036 Dei,
2571 3975 2729 4043 eique
2760 3975 2932 4028 dixit:
2969 3991 2986 4025 ι
3007 3975 3146 4039 Quid
3180 3977 3261 4030 rei
3293 3983 3394 4034 est.
3423 3973 3553 4041 Agar
3575 3971 3664 4020 lue

2144 4070 2375 4133 timeas;
2405 4067 2612 4122 audivit
2639 4068 2782 4121 enim
2813 4067 2952 4122 Deus
2983 4081 3169 4122 vocem
3213 4068 3364 4138 pueri
3385 4065 3460 4122 tui
3487 4079 3544 4117 cx
3571 4062 3666 4114 10εο

2143 4175 2226 4222 eo,
2264 4161 2314 4213 in
2344 4174 2451 4229 quo
2473 4169 2576 4214 est.
2609 4160 2798 4226 Surge,
2833 4159 2959 4213 tolle
3009 4175 3261 4227 puerum,
3289 4172 3509 4226 eumque
3533 4164 3663 4206 manu

2143 4260 2230 4304 tua
2269 4251 2976 4318 comprehende;tnagnam
3027 4253 3169 4304 enim
3204 4261 3412 4321 gentem
3444 4261 3554 4303 eum
3601 4241 3662 4294 fa-

2143 4341 2305 4396 ciam.
2342 4343 2518 4396 »Τυηι
2551 4341 2762 4411 aperuit
2802 4341 2942 4395 Deus
2991 4342 3184 4396 oculos
3229 4342 3368 4412 ejus,
3399 4347 3455 4393 at
3495 4336 3661 4388 videret

2143 4431 2346 4486 fontem
2379 4448 2552 4502 aqttte.
2591 4433 2737 4487 Abiit
2770 4433 2932 4501 igitur
2973 4433 3188 4498 mulier,
3224 4443 3298 4494 et.
3338 4432 3524 4499 repleto
3550 4434 3662 4482 utre.

2145 4534 2332 4594 potum
2364 4525 2589 4593 praebuit
2620 4539 2810 4594 puero.
2846 4525 3049 4578 Deinde
3100 4527 3287 4579 aderat
3329 4523 3463 4578 Deus
3507 4531 3663 4589 puer".

467 4611 523 4664 in
606 4621 833 4677 utroque
897 4608 1006 4660 lilio
1066 4607 1358 4660 Abrahami
1439 4608 1640 4672 Isaaco,
1697 4609 1936 4677 inquam,
1975 4621 2028 4666 et
2065 4611 2224 4684 uni
2279 4614 2620 4670 adolescebat
2664 4625 2716 4669 et
2757 4614 3032 4669 habitabat
3082 4615 3135 4668 in
3189 4615 3404 4670 deserto
3459 4612 3664 4666 Pharax,

469 4700 688 4755 lsutaele
743 4693 1010 4752 diversas
1046 4711 1167 4754 esse
1250 4695 1676 4760 benedictioncs,
1733 4713 1928 4764 genere
1982 4707 2031 4750 et

469 4793 727 4847 luercdia.

534 4883 720 4951 Capite
742 4882 811 4936 20
841 4891 892 4936 et
929 4883 993 4936 ’21
1027 4882 1139 4936 haec
1175 4882 1240 4935 de
1276 4879 1500 4935 lsmaele
1536 4891 1846 4932 narrantur.
1887 4898 1904 4929 ι
1944 4879 2034 4931 Di-

466 4977 542 5030 xit
581 4975 889 5029 Abrahamo
932 4975 1094 5029 Sarra
1129 4990 1142 5028 :
1178 4991 1194 5024 ι
1229 4973 1376 5042 Ejice
1419 4972 1649 5038 puellam
1703 4973 1842 5025 hanc
1909 4987 2031 5026 cum

466 5066 574 5119 tilio
602 5072 741 5136 ejus.
779 5065 959 5136 Neque
996 5066 1136 5119 enim
1187 5065 1357 5119 haeres
1393 5064 1658 5119 erittilius
1695 5064 1885 5132 puellae
1913 5079 2035 5122 cum

468 5159 578 5212 lilio
618 5174 736 5213 meo
771 5157 973 5213 lsaaco.
1003 5176 1020 5207 ι
1074 5156 1374 5210 Admodum
1423 5170 1674 5224 asperum
1728 5157 1777 5211 id
1828 5157 2034 5210 dictum

464 5252 774 5306 Abrahamo
798 5251 1081 5306 videbatur
1106 5251 1157 5304 in
1185 5251 1356 5320 ipsius
1388 5249 1557 5304 tilium
1590 5250 1896 5306 lsmaelem.
1926 5249 2032 5306 Sed

465 5343 607 5398 Deus
640 5343 948 5397 Abrahamo
983 5342 1150 5396 dixit:
1178 5361 1196 5393 ι
1227 5342 1304 5396 Ne
1334 5357 1586 5411 asperum
1638 5342 1735 5396 tibi
1790 5344 2036 5398 videatur

465 5436 522 5490 in
579 5449 809 5506 puerum
876 5442 970 5488 aut
1024 5435 1424 5502 pucllam;imo
1460 5448 1798 5504 quaecunque
1840 5435 2037 5492 dixerit

467 5527 652 5594 Sarra,
688 5525 938 5582 ausculta
999 5527 1113 5580 voci
1156 5527 1294 5593 ejus.
1325 5527 1585 5595 Quoniam
1640 5529 1692 5580 in
1730 5527 1912 5583 lsaaco
1950 5543 2039 5580 vo-

464 5619 680 5674 cabitur
714 5619 810 5674 tibi
845 5633 1055 5682 semen,
1085 5626 1136 5670 et
1167 5618 1332 5674 tilium
1359 5619 1547 5685 puellae
1579 5619 1739 5688 hujus
1784 5634 2035 5689 magnam

463 5717 674 5775 gentem
703 5705 942 5761 facturus
977 5721 1118 5769 sum,
1151 5706 1277 5775 quia
1305 5722 1485 5760 semen
1511 5713 1678 5761 'tuum
1713 5718 1815 5762 est.
1849 5727 1868 5759 ι
1902 5710 2038 5762 Sur-

464 5799 599 5853 rexit
623 5799 783 5868 igitur
812 5813 965 5853 mane
992 5798 1351 5865 Abrahamus,
1373 5813 1562 5868 panem
1593 5809 1645 5854 et
1668 5811 1842 5855 utrem
1872 5818 2028 5872 aqua:

2140 4708 2425 4776 laetusque
2457 4715 2541 4760 est
2576 4707 2892 4776 sagittarius
2919 4707 3179 4760 eximius.
3213 4725 3233 4758 ι

2208 4797 2296 4854 Sic
2354 4811 2649 4865 agnoscere
2707 4813 2994 4865 possumus
3047 4799 3346 4855 lsmaelem.
3377 4798 3518 4852 Sicut
3550 4793 3664 4845 Dens

2136 4887 2449 4939 Abrahamo
2484 4885 2752 4954 promisit,
2786 4886 2858 4939 ita
2899 4901 3150 4956 magnam
3200 4896 3412 4957 gentem
3464 4898 3574 4938 eum
3607 4879 3666 4931 le—

2137 4975 2210 5032 cit
2234 4988 2307 5038 ,et
2333 4989 2487 5043 reges
2547 4974 2724 5042 magni
2768 4989 2831 5027 ex
2863 4989 2928 5028 eo
2954 4975 3299 5039 exstiterunt.
3343 4986 3391 5030 et
3425 4987 3596 5026 manus
3617 4984 3663 5020 e-

2134 5065 2222 5134 jus
2273 5068 2534 5121 adversus
2563 5081 2774 5132 omnes,
2803 5073 2859 5120 et
2918 5069 3165 5124 omnium
3211 5083 3398 5123 manus
3440 5067 3662 5118 adversus

2140 5161 2314 5229 ipsum
2363 5162 2596 5216 intentas
2663 5161 2931 5225 videmus.
2967 5170 3022 5216 et
3055 5161 3384 5217 domicilium
3418 5155 3659 5214 collocati!

2140 5255 2190 5306 in
2233 5264 2524 5322 conspectu
2563 5254 2734 5308 nostri
2783 5255 3050 5317 omnium,
3083 5265 3134 5309 et
3163 5253 3360 5324 posteri
3402 5252 3511 5321 ejus
3529 5244 3660 5310 sagit-

2139 5348 2263 5402 tarii
2302 5346 2461 5416 longe
2517 5345 2705 5414 optimi
2731 5355 2899 5412 sunt;
2939 5347 3186 5416 pactione
3225 5358 3394 5404 autem
3427 5356 3515 5396 sua
3542 5337 3655 5390 Deus

2139 5455 2264 5494 eum
2297 5438 2531 5493 exclusit
2568 5457 2583 5493 :
2613 5445 2698 5502 ut,
2721 5439 3180 5508 quemadmodum
3206 5438 3260 5494 in
3284 5436 3448 5495 sacris
3474 5426 3655 5485 Litteris

2139 5538 2220 5584 est
2262 5537 2316 5583 et
2367 5529 2523 5600 longe
2581 5540 2706 5584 ante
2755 5532 3114 5588 constitutum
3173 5538 3284 5586 erat
3329 5526 3395 5582 ob
3432 5520 3650 5577 rationes.

2140 5636 2276 5690 quas
2311 5619 2454 5676 Deus
2488 5623 2658 5688 novit,
2693 5621 2767 5676 ita
2801 5622 3064 5676 evenerit.
3093 5619 3323 5676 Necesse
3376 5613 3505 5670 enim
3541 5610 3651 5659 erat,

2142 5723 2198 5767 ut
2221 5723 2470 5768 eventum
2533 5713 2811 5778 haberent,
2861 5729 3198 5783 quaecunque
3254 5711 3454 5766 divinus
3507 5698 3649 5753 loses

2140 5805 2368 5859 dixerat.
2407 5803 2627 5859 Minime
2661 5819 2786 5860 vero
2820 5821 2919 5862 nos
2975 5821 3138 5875 prave
3171 5802 3531 5862 sentiebamus.
3561 5787 3649 5874 “9‘
