3962 6580
316 386 426 452 909

1334 348 1776 450 cnnoxtceN
1811 390 2079 452 MAIUS.
2124 412 2191 424 —
2232 387 2379 450 ιλιι.
2422 387 2522 447 tv.

3463 377 3572 444 910

317 498 664 573 ιφρονοῦμεν
686 498 865 570 ὀρθῶς
902 498 1167 571 Ῥωμαῖοί
1195 517 1254 554 τε
1280 502 1375 554 xei.
1398 501 1588 566 Σέρϐοι
1614 505 1705 556 καὶ
1729 503 1892 556 Βούλ-
1924 510 1962 563 Α
1996 501 2211 562 στιανός
2243 517 2329 562 τις
2370 495 2760 570 γραμματικὸς
2815 489 2907 564 ἧν,
2940 490 3368 564 ἀνατεθειμένος
3421 496 3578 569 παρά

318 608 508 663 γαροι.
541 590 725 654 καθὼς
753 591 1005 657 λέγουσιν
1049 593 1099 647 οἱ
1135 594 1571 665 κατηγοροῦντες
1617 597 1766 664 ἡμᾶς
1803 597 1897 650 καὶ

317 684 700 749 ὀναδὶζουσιν.
744 685 868 738 Ἐὰν
896 685 952 738 δὲ
981 686 1146 741 πάλιν
1165 686 1262 741 καὶ
1292 686 1399 740 ὑπὸ
1418 687 1702 780 ἁμαρτιῶν
1735 689 1896 756 ἡμεῖς
1931 710 1948 728 ο

318 778 746 850 ἐπαιδεύθημεν,
779 778 873 833 καὶ
918 780 1079 848 ὑμεῖς
1114 781 1164 832 οἱ
1196 780 1393 834 Ἰταλοὶ
1445 778 1551 850 μὴή
1578 781 1894 851 ἀμερίμνως

325 872 572 942 μείνατε,
602 872 738 926 ἀλλὰ
764 870 860 933 τὰς
885 875 1073 944 χεῖρας
1098 873 1191 925 ἐπὶ
1215 873 1273 926 τὺ
1299 873 1495 943 στῆθος
1522 874 1675 943 ὑμῶν
1700 873 1896 944 βάλετε

323 968 422 1019 καὶ
447 966 592 1020 κατὰ
618 963 747 1019 νοῦν
777 966 1145 1036 ἐνθυμήθητε,
1169 968 1265 1021 καὶ
1287 968 1725 1037 κατηγοροῦντες
1750 970 1897 1037 ἡμᾶς

325 1057 597 1112 παύσατε.
628 1058 794 1113 Αὐτοὶ
827 1057 883 1110 δὲ
910 1058 959 1109 οξ
990 1058 1335 1126 ’ῐσμαηλῖται
1367 1058 1591 1111 ἄπιστοι
1619 1058 1774 1122 ὄντες
1801 1076 1900 1129 χα-

320 1149 487 1203 λεποὶ
516 1151 611 1202 καὶ
646 1149 1036 1219 ἀνελεήμονες,
1066 1150 1361 1216 προστάξει
1392 1152 1449 1204 δὲ
1481 1150 1621 1203 ε)εού
1652 1152 1779 1215 τοὺς
1809 1170 1896 1205 πι-

325 1243 490 1305 στοὺς
533 1243 851 1298 παιδεύουσι
902 1244 996 1295 καὶ
1022 1243 1081 1296 τὸ
1117 1244 1303 1295 πλεῖον
1348 1243 1517 1311 μέρος
1561 1241 1658 1295 τοῦ
1688 1246 1896 1312 κόσμου

324 1336 669 1407 κυριεύουσι.
724 1336 816 1389 Διὸ
843 1336 902 1389 οὐ
936 1336 1018 1389 δεῖ
1047 1336 1557 1406 μεγαλοῤῥημονεῖν
1608 1336 1735 1405 περλ⁵
1768 1335 1897 1387 τού-

325 1443 435 1480 των
486 1428 612 1489 τοὺς
666 1426 928 1489 Ἰταλοὺς,
985 1428 1067 1480 ὅτι
1099 1428 1187 1481 διὰ
1234 1428 1296 1480 τὸ
1336 1427 1513 1499 ὀρθῶς
1541 1430 1760 1496 φρονεῖν
1806 1430 1898 1481 καὶ

324 1519 526 1572 δὶκαιοι
563 1523 658 1572 καὶ
710 1519 1116 1586 anum-.03;
1171 1520 1422 1587 λέγουσιν
1469 1514 1633 1581 εἶναι,
1669 1522 1764 1572 καὶ
1811 1520 1898 1572 διὰ

326 1610 430 1680 τὴν
457 1612 635 1664 αὐτῶν
662 1611 977 1682 ὀρθοδοξίαν
1016 1612 1110 1666 καὶ
1164 1612 1515 1684 δικαιοσύνην
1542 1612 1649 1676 ἕως
1676 1614 1769 1666 τοῦ
1801 1612 1897 1665 νῦν

332 1703 704 1773 βασιλεύουσι.

1999 592 2459 662 τινωνντούρκων
2484 590 2593 645 τῶν
2625 590 2727 659 τῆς
2767 588 2968 658 βουλῆς
2996 590 3172 642 εἷπεῖν
3219 588 3298 661 τῷ
3331 591 3575 666 δεσπότῃ

1999 687 2087 739 ἵνα
2118 685 2329 756 ποιήσῃ
2351 683 2624 752 ἀναὸολὴν
2650 684 2733 746 εις
2758 682 2857 752 τὴν
2882 681 3128 751 ἀγάπην,
3161 685 3241 736 ὅτι
3286 685 3384 738 ἑὰν
3406 685 3579 755 γένη-

1998 796 2090 831 ται
2136 779 2172 848 ἡ
2228 777 2368 847 μετὰ
2402 777 2513 831 τῶν
2548 761 2859 845 Οὑγγᾶῥων
2913 776 3158 847 συνθήκη
3210 777 3310 847 τῆς
3358 781 3582 848 ἀγάπης

1998 872 2120 941 ἦτοι
2148 871 2396 941 εἰρήνης,
2438 870 2598 932 εὐθὺς
2633 871 2661 922 6
2692 869 2936 939 Τοῦρκος
2971 869 3115 923 κατά
3157 870 3254 939 τῆς
3290 872 3586 924 Κωνσταν-

1997 964 2365 1026 τινουπόλεως
2395 964 2832 1033 καθορμήσεται.
2866 963 3129 1025 Κάκεῖνος
3158 963 3259 1019 οὐκ
3290 965 3579 1034 ἐφρόντισε

2001 1058 2130 1126 περὶ
2159 1055 2359 1110 τούτου
2410 1055 2534 1108 οὔτε
2567 1056 2762 1124 ἔμελεν
2796 1055 2863 1108 αὐ
2878 1054 2970 1123 τῷ,
2999 1056 3100 1107 οὐκ
3130 1055 3287 1117 εἰδὼς
3316 1059 3345 1109 6
3396 1057 3581 1118 ἄθλιος

1999 1152 2085 1203 ὅτι
2118 1152 2167 1204 ει
2194 1150 2469 1220 ἀφαιρεθῇ
2498 1151 2529 1219 ἠ
2558 1150 2771 1219 κεφαλὴ
2800 1148 2895 1202 τοῦ
2925 1148 3201 1218 σώματος,
3220 1150 3287 1203 τὰ
3312 1151 3453 1220 μέλη
3477 1153 3588 1205 εἰσὶ

2005 1241 2198 1309 νεκρά.
3328 1278 3333 1281 -

2074 1326 2209 1389 Τότε
2243 1332 2338 1389 οὖν
2376 1336 2470 1389 καὶ
2504 1336 2562 1387 ἐν
2607 1338 2673 1404 τῇ
2715 1335 2932 1405 Ἐνετία
2969 1337 3168 1407 βουλῆς
3220 1337 3469 1406 μεγάλης
3500 1356 3581 1406 γες

2002 1432 2240 1499 νομένης
2273 1430 2402 1497 περὶ
2427 1429 2622 1481 τούτου
2654 1430 2854 1498 ἀνέστη
2900 1432 2929 1482 6
2962 1429 3039 1499 τῷ
3070 1432 3191 1484 τότε
3228 1432 3405 1501 καιρῷ
3434 1434 3584 1497 δούξ,

2002 1521 2245 1590 τοῦνομα
2293 1521 2641 1591 Φραγκίσκος
2690 1521 3020 1586 Φούσκαρις,
3054 1522 3265 1588 λεγωκν
3298 1542 3317 1573 ι
3356 1524 3432 1576 Οὐ
3465 1526 3587 1579 κατ’

2002 1613 2229 1681 ἄγνοιαν
2262 1613 2372 1681 γὰρ
2414 1613 2443 1666 6
2486 1611 2746 1681 βασιλεὺς
2791 1613 3043 1682 Ἰωάννης
3087 1613 3289 1681 ὥριζεν
3335 1617 3505 1684 ἡμᾶς.
3564 1635 3584 1666 ι

2015 1705 2180 1759 Ἀλλά
2220 1705 2311 1758 καὶ
2358 1704 2511 1758 ἄλλοι
2557 1705 2608 1756 οἱ
2638 1706 2846 1768 ιδάντες
2893 1707 2989 1759 καὶ
3030 1708 3397 1777 ὁμιλήσαντες
3427 1709 3593 1781 324.
3654 1711 3675 1731 ’

404 1795 640 1860 Τούτους
676 1797 775 1866 μὲν
802 1797 932 1863 τούς
960 1797 1155 1866 λόγους
1186 1798 1491 1869 εξρήκαμεν
1518 1797 1643 1868 οὐχὶ
1683 1798 1819 1867 πρὸς
1846 1798 1906 1850 τδ
1939 1797 1981 1851 Β
2011 1798 2162 1867 αὐτῷ
2195 1800 2609 1869 φρονιμώτερον
2648 1799 2815 1853 αὐτοῦ
2859 1801 3150 1869 ἄνθρωπον
3178 1804 3236 1856 ἂν
3290 1806 3353 1873 τῇ
3383 1805 3590 1870 Ἰταλία

331 1887 688 1956 κατακρίνειν
728 1888 761 1958 ἢ
814 1892 1148 1958 κατηγορεῖν
1203 1906 1349 1955 τινα,
1396 1888 1469 1959 μὴ
1505 1890 1754 1957 γένοιτοε
1789 1888 1904 1941 ἀλλ⁹

334 1983 425 2035 ἴνα
456 1982 569 2045 τοῖς
596 1982 996 2038 καταλαλοῦσιν
1016 1985 1163 2052 ἡμᾶς
1187 1982 1453 2053 δείξωμεν
1480 1984 1566 2037 ὅτι
1596 1983 1701 2036 οὐκ
1726 1982 1906 2053 ὀρθῶς

333 2076 432 2130 καὶ
454 2075 642 2142 σαφῶς
672 2075 772 2138 τὰς
809 2076 1031 2145 Γραφὰς
1058 2076 1219 2149 323
1244 2077 1443 2131 οἴδασι.
1482 2077 1582 2131 Διὰ
1609 2077 1768 2131 τοῦτο
1807 2075 1908 2146 μὲν

336 2168 486 2235 ἡμᾶς
517 2168 850 2238 μέμφονται,
879 2168 976 2221 καὶ
1010 2168 1165 2236 σοφοί
1195 2169 1307 2220 εἰσι
1359 2168 1560 2229 πάντες
1585 2168 1678 2220 τοῦ
1726 2166 1909 2220 νουθεο

334 2267 472 2326 τεῐν,
506 2260 705 2322 αὐτοὺς
724 2259 783 2312 δὲ
814 2258 1231 2329 ἁμαρτάνοντας
1258 2258 1317 2311 οὐ
1348 2256 1698 2326 γινώσκουσι.

410 2354 479 2424 β’.
519 2352 643 2407 Ἐπὶ
672 2352 772 2421 τὴν
798 2351 1081 2422 ἡμετέραν
1096 2350 1193 2404 οὖν
1210 2350 1467 2420 διήγησιν
1498 2340 1906 2419 ἐπανέλθωμεν.

350 2450 479 2504 Ἐάν
502 2464 587 2510 τις
614 2449 814 2519 αἰτήσῃ
854 2446 906 2500 τι
947 2446 1012 2500 τὸ
1059 2445 1304 2517 πραχθὲν
1330 2445 1486 2515 παρὰ
1511 2445 1606 2498 τοῦ
1643 2445 1910 2516 βασιλέως

341 2540 421 2611 τῷ
455 2539 543 2592 διὰ
570 2540 739 2608 μέσου
759 2536 937 2606 καιρῷ
962 2539 1061 2605 τῆς
1096 2538 1301 2608 μάχης,
1336 2536 1478 2590 εἴπω
1498 2536 1649 2608 αὐτῷ
1678 2552 1692 2568 ο
1744 2537 1834 2590 Ἐν
1866 2531 1911 2606 ᾧ

341 2632 411 2701 δὴ
445 2632 622 2702 χρόνῳ
649 2632 747 2685 καὶ
779 2629 960 2702 καιρῷ
989 2632 1018 2684 6
1051 2629 1305 2699 ’Δμηρᾶς
1336 2630 1787 2701 παρεσκευάζετο
1819 2632 1912 2685 καὶ

342 2726 443 2793 τὴν
480 2724 733 2794 βοήθειαν
763 2723 1033 2793 ἐποίησαν
1063 2725 1114 2777 οἱ
1164 2722 1366 2787 ἔξωθεν
1398 2722 1660 2778 αὐθένται
1687 2723 1739 2776 οἱ
1774 2724 1911 2793 Χρι-

346 2810 578 2871 ότιανοί.
612 2817 724 2870 Καὶ
754 2817 864 2870 τῶν
900 2816 1002 2885 μὲν
1026 2815 1439 2884 περικύκλωθεν
1470 2816 1747 2871 αὐθέντων
1775 2816 1906 2885 Χρι-

347 2910 583 2963 στιανῶν
609 2908 772 2976 δῆλον
804 2910 921 2963 ὶστι
970 2909 1083 2973 τοῖς
1111 2909 1280 2961 πᾶσιν
1324 2909 1500 2968 οὐδὲν,
1532 2908 1668 2962 ἀλλὰ
1712 2907 1914 2978 μᾶλλον

347 3004 446 3055 καὶ
473 3002 608 3073 πρὸς
635 3003 730 3056 τὸν
750 3002 851 3070 τῆς
881 3001 1113 3071 Σερὸίας
1138 3001 1407 3071 αὐθέντην
1441 3000 1712 3069 Γεώργιον
1740 3003 1912 3072 πρέσ-

2014 1892 2116 1946 οὐκ
2141 1887 2303 1956 εἶδον,
2353 1894 2404 1946 εἰ
2438 1892 2512 1963 μὴ
2542 1893 2630 1946 διὰ
2682 1895 2885 1949 κακίαν
2922 1896 3017 1948 καὶ
3055 1896 3255 1965 φθόνον
3279 1914 3293 1930 ·
3336 1899 3436 1953 οὐκ
3480 1896 3591 1953 οἶδε

2014 1982 2126 2051 γὰρ
2170 1985 2198 2036 ὁ
2246 1983 2442 2051 φθόνος
2495 1985 2768 2055 προτιμᾷν
2807 1985 2868 2039 τὸ
2919 1988 3223 2059 συμφέρον.
3257 1986 3367 2043 Ἦν
3417 1991 3475 2042 δὲ
3531 1993 3592 2043 τὸ

2016 2075 2192 2129 αἴτιον
2216 2075 2409 2129 τούτου
2456 2074 2550 2129 τοῦ
2576 2076 2879 2132 ’Δλωῦσίου
2909 2079 3090 2134 Διέδου
3126 2079 3223 2135 τοῦ
3270 2084 3401 2137 ποτὲ
3435 2101 3590 2152 μεσι-

2014 2166 2312 2231 τεύσαντος
2357 2168 2446 2221 ἰνα
2482 2170 2511 2222 6
2558 2170 2869 2238 μακαρίτης
2901 2172 2930 2223 6
2971 2172 3244 2243 αὐθέντης
3278 2192 3381 2244 μου
3426 2179 3456 2229 6
3487 2179 3593 2244 κὺρ

2017 2261 2452 2325 κωνσταντῖνος,
2507 2260 2778 2328 δεσπότης
2817 2262 2894 2316 ὢν
2926 2264 3050 2317 τότε
3101 2265 3180 2335 τῷ
3229 2268 3409 2339 καιρῷ
3442 2270 3500 2321 ἐν
3525 2271 3591 2338 τῇ

2018 2355 2437 2425 Πελοποννήσῳ,
2478 2354 2620 2425 λάϐῃ
2677 2357 2758 2418 εἰς
2793 2358 3028 2424 γυναῖκα
3079 2358 3247 2412 αὐτοῦ
3287 2360 3387 2431 τὴν
3437 2362 3593 2421 τοῦδε

2016 2442 2114 2496 τοῦ
2139 2444 2331 2508 δονκὺς
2361 2443 2639 2513 θυγατέρα
2678 2445 2819 2514 μετὰ
2862 2448 3094 2516 προικὸς
3141 2448 3364 2518 πολλῆς.
3409 2451 3469 2504 '0
3498 2450 3596 2505 οὖν

2018 2535 2290 2606 αὐθέντης
2338 2554 2441 2608 μου
2480 2536 2541 2590 οὐ
2570 2537 2640 2591 δι’
2669 2538 2797 2593 ἄλλο
2830 2541 2879 2592 εἰ
2911 2539 2987 2608 μὴ
3030 2540 3118 2593 ἵνα
3155 2540 3378 2611 γένηται
3428 2545 3596 2598 οἱονεὶ

2019 2630 2114 2683 καὶ
2143 2629 2304 2693 αὐτὸς
2340 2631 2438 2683 καὶ
2462 2632 2492 2684 6
2530 2630 2696 2693 τόπος
2725 2630 2886 2685 αὐτοῦ
2909 2628 3073 2701 ’μετὰ
3097 2637 3196 2703 τῆς
3243 2630 3486 2699 Ἐνετίας
3512 2637 3592 2703 ἒν,

2022 2721 2447 2776 συνεκατέὁαινε
2486 2723 2552 2792 τῇ
2601 2722 2829 2793 τοιαύτῃ
2878 2724 3191 2794 ἀγχιστεία,
3222 2726 3359 2795 ἐμοῦ
3398 2746 3458 2781 τε
3497 2734 3593 2783 καὶ

2020 2814 2196 2868 ἄλλων
2228 2813 2492 2866 πλειόνων
2519 2813 2918 2868 συναινούντων
2948 2815 3108 2871 τοῦτο
3135 2818 3227 2871 καὶ
3261 2819 3597 2888 ἀναγκαζόν-

2021 2924 2130 2961 των
2158 2907 2344 2975 σχεδὸν
2371 2906 2472 2978 ἤδη
2503 2905 2734 2975 ἐγενετο.
2774 2908 2864 2971 Ὠς
2884 2910 2940 2963 δὲ
2963 2912 3186 2979 ἐγένετο
3219 2911 3478 2981 βασιλεὺς
3499 2916 3598 2968 καὶ

2022 2998 2268 3067 ἀπῆλθεν
2319 3002 2403 3062 εις
2432 2999 2533 3071 τὴν
2586 3000 2767 3062 πόλιν,
2819 3000 2978 3055 τοῦτο
3023 3002 3296 3057 ἀνοίκειον
3341 2999 3446 3076 ἦν’
3480 3005 3597 3070 πῶς

345 3093 449 3146 συν
479 3096 509 3147 6
539 3094 753 3164 ἀμερᾶς
787 3091 1127 3152 ἀπέστειλεν.
1178 3092 1265 3144 ἶνα
1313 3091 1616 3164 μεσιτεύσῃ
1647 3094 1778 3160 περὶ
1814 3091 1915 3159 τῆς
1949 3157 1985 3168 _
2023 3096 2131 3163 γὰρ
2163 3092 2419 3146 ἐδύναντο
2447 3090 2496 3145 οξ
2522 3094 2622 3162 τῆς
2651 3093 2862 3155 πόλεως
2898 3094 3165 3164 ἄρχοντες
3196 3098 3291 3150 καὶ
3312 3098 3605 3168 ἀρχόν-τισ-

346 3187 574 3256 εῑρήνης
626 3185 728 3255 τῆς
783 3183 1104 3254 ἀναμεταξὺ
1158 3185 1269 3237 τῶν
1325 3184 1630 3253 Οὐγγάρων
1685 3183 1782 3238 καὶ
1816 3183 1914 3237 τοῦ

242 3348 257 3351 _
348 3278 565 3349 ἀμηρᾶ.
598 3277 754 3332 Μετὰ
799 3276 860 3330 δδ
899 3275 996 3331 τοῦ
1038 3277 1422 3347 ἀπερχομένου
1456 3276 1726 3346 πρέσὸεος
1779 3276 1918 3347 Χρι-

350 3461 523 3525 mani,
550 3459 721 3517 Servii
739 3459 1045 3531 etBnlgari,
1071 3459 1123 3514 id
1146 3460 1314 3529 quod,
1338 3458 1430 3529 qui
1457 3476 1554 3514 nos
1580 3460 1924 3515 calumnian-

351 3567 441 3611 tur
475 3563 529 3611 et
577 3561 857 3617 accusant,
897 3552 1108 3607 dicunt.
1136 3548 1246 3607 Vos
1297 3566 1430 3606 vero
1470 3551 1585 3606 itali
1622 3568 1691 3606 ne
1744 3551 1923 3606 securi

348 3647 547 3717 agatis,
576 3645 692 3710 sed,
722 3644 993 3714 impositis
1044 3643 1250 3714 pectori
1281 3644 1553 3704 manibus.
1592 3643 1923 3697 meditamini

351 3751 478 3792 eum
534 3736 740 3797 animo,
772 3746 826 3791 et
872 3733 1118 3791 desistite
1154 3749 1255 3788 nos
1310 3748 1591 3788 accusare.
1639 3733 1923 3787 lsmaelitze

352 3835 558 3887 autem,
595 3824 843 3879 homines
893 3823 1066 3893 impii,
1097 3822 1219 3877 duri
1249 3831 1304 3877 et
1332 3822 1636 3885 inhumani,
1671 3840 1702 3877 e
1733 3823 1926 3877 volun-

353 3926 466 3973 tate
495 3915 587 3970 Dei
641 3917 759 3985 pios
810 3915 1077 3986 castigant
1106 3926 1159 3970 et
1197 3915 1457 3985 majorem
1520 3924 1723 3984 partem
1780 3916 1929 3969 orbis

355 4019 624 4065 terrarum
675 4015 993 4077 occupatam
1052 4016 1253 4062 tenent.
1284 4005 1461 4072 Quare
1517 4019 1623 4059 non
1669 4004 1829 4059 decet
1861 4005 1927 4059 de

354 4103 447 4158 bis
470 4100 689 4172 gloriari
719 4102 903 4171 Italos,
965 4114 1087 4156 sese
1133 4107 1355 4170 propter
1398 4098 1659 4153 doctrinae
1690 4096 1931 4167 probita-

350 4210 467 4255 tem
521 4197 696 4267 iustos
734 4205 787 4250 et
822 4202 1043 4249 sanctos
1073 4207 1133 4246 se
1167 4189 1438 4262 appellare
1466 4199 1519 4244 et
1570 4198 1792 4259 prepter
1837 4203 1930 4242 or-

358 4289 674 4347 tlmdoxiam
700 4295 754 4342 et
781 4284 1050 4358 justitiam
1088 4283 1156 4339 ad
1212 4283 1358 4337 hunc
1390 4280 1535 4336 diem
1586 4294 1835 4351 regnare.
1922 4329 1931 4335 .

433 4380 558 4436 Haec
603 4377 768 4432 verba
817 4374 1042 4430 minime
1096 4371 1345 4435 fecimus,
1405 4387 1535 4440 quo,
1560 4372 1701 4439 quod
1735 4368 1876 4423 absit
1913 4368 1926 4421 l

348 4484 689 4545 quemquam
744 4471 1062 4522 damnemus
1109 4473 1202 4520 ant
1242 4479 1582 4525 accusemus,
1612 4467 1703 4515 sed
1738 4472 1795 4516 nt
1842 4477 1934 4515 os-

2020 3202 2111 3238 σαι
2143 3185 2339 3253 κυρίαν
2367 3184 2462 3237 καὶ
2487 3183 2778 3238 δέσποιναν
2799 3184 2983 3239 αὐτῶν
3008 3186 3408 3258 καταδεχθῆναι
3446 3189 3597 3243 Ἐνε-

2023 3277 2117 3332 τοῦ
2141 3276 2444 3349 θυγατέρα,
2470 3278 2566 3331 καὶ
2588 3278 2718 3342 τοὺς
2744 3278 3033 3349 γαμϐροὺς
3055 3278 3224 3333 αὐτοῦ
3249 3283 3376 3345 τοὺς
3399 3281 3596 3346 ἄλλους

2020 3456 2375 3512 Christianus
2399 3456 2601 3527 aliquis
2622 3459 2898 3516 litteratus
2923 3470 3063 3523 erat,
3092 3478 3120 3514 a
3150 3463 3350 3518 Turcis
3373 3465 3601 3536 quibus-

2027 3548 2151 3602 dam
2190 3548 2522 3603 consiliariis
2554 3550 2796 3613 additus,
2823 3552 2917 3619 qui
2947 3553 3185 3619 despotae
3212 3555 3490 3620 suaderet,
3542 3567 3602 3612 ut

2029 3642 2325 3696 amicitiam
2349 3643 2646 3698 conciliare
2695 3643 2968 3709 studeret,
3028 3652 3104 3709 ut,
3167 3646 3212 3700 si
3264 3648 3417 3702 ﬁeret
3472 3663 3597 3703 cum

2028 3734 2306 3802 Hungaris
2347 3735 2496 3795 pacis
2515 3745 2570 3789 et
2620 3735 2880 3791 amicitiae
2927 3736 3126 3804 pactio.
3184 3736 3364 3793 Turca
3412 3736 3597 3795 statim

2028 3827 2244 3883 CPolim
2278 3827 2579 3882 invaderet.
2610 3826 2784 3892 Quam
2816 3843 2930 3882 rem
2959 3828 3125 3883 miser
3151 3828 3243 3885 ille
3277 3831 3429 3887 nihili
3455 3833 3603 3888 meti-

2033 3918 2215 3972 mabat
2236 3933 2334 3973 nec
2358 3918 2512 3986 pensi
2543 3918 2802 3982 habebat,
2839 3920 3083 3986 nescius,
3111 3921 3289 3990 capite
3318 3938 3601 3993 acorpore

2032 4004 2238 4066 deciso.
2266 4005 2507 4060 membra
2528 4014 2741 4060 mortua
2766 4021 2908 4063 esse.

2100 4096 2307 4151 Eodem
2340 4105 2590 4166 tempore
2645 4098 2809 4152 etiam
2850 4099 3095 4153 Venetiis
3117 4099 3183 4155 de
3209 4101 3308 4155 hac
3363 4116 3424 4156 re
3486 4119 3602 4156 ma~

2034 4204 2197 4258 gnum
2225 4185 2517 4242 concilium
2550 4188 2792 4243 habitum
2829 4200 2932 4250 est.
2973 4191 3025 4243 in
3054 4206 3184 4260 quo,
3225 4192 3315 4258 qui
3345 4201 3457 4246 tum
3494 4193 3602 4247 dux

2034 4286 2173 4343 erat,
2196 4276 2525 4333 Franciscns
2552 4276 2809 4333 Fuscaris
2843 4282 3085 4335 surrexit
3119 4291 3171 4335 et
3198 4282 3375 4337 dixit:
3403 4301 3420 4335 ‹
3486 4282 3603 4338 Neu

2036 4384 2099 4424 cx
2128 4370 2431 4437 ignorantia
2467 4371 2768 4440 imperator
2813 4371 3057 4429 Joannes
3089 4389 3215 4429 'nos
3260 4374 3543 4445 expetivit.
3584 4395 3601 4427 ι

2041 4461 2333 4516 Enimvero
2370 4462 2536 4516 etiam
2587 4463 2701 4526 alii.
2729 4464 2823 4533 qui
2857 4479 2980 4519 enm
3044 4463 3313 4522 vidissent
3357 4474 3411 4518 et
3478 4482 3604 4521 cum

1570 4523 1576 4525 .
2689 4523 2696 4526 .
2747 4523 2761 4533 .

352 4523 650 4622 :endamus
702 4560 770 4615 iis
803 4558 895 4628 qui
938 4573 1037 4613 nos
1096 4555 1532 4617 calumniantur,
1578 4554 1716 4608 haud
1766 4553 1935 4624 probe
1968 4523 2011 4579 Β
2039 4568 2104 4608 eo
2127 4553 2379 4609 collocuti
2414 4564 2619 4619 essent,
2640 4556 3049 4624 prudentiorem
3072 4557 3347 4613 hominem
3379 4558 3433 4611 in
3459 4557 3607 4611 Italia

356 4677 467 4717 nec
496 4667 643 4713 recte
671 4670 763 4710 eos
786 4650 1103 4721 Scripturas
1125 4648 1448 4716 intelligere.
1470 4644 1611 4701 Hinc
1633 4646 1778 4701 enim
1806 4645 1932 4699 titnt

363 4768 468 4809 nos
495 4751 800 4817 vituperent
847 4752 903 4798 et
930 4758 1121 4797 omnes
1173 4739 1274 4795 sibi
1333 4738 1620 4793 videantur
1654 4737 1720 4790 ad
1753 4753 1936 4806 repre-

368 4838 715 4897 hendendnm
775 4832 912 4888 satis
965 4842 1176 4900 sapere,
1239 4830 1384 4899 ipsos
1454 4842 1511 4881 se
1570 4841 1756 4879 errare
1815 4840 1926 4879 non

365 4934 627 4988 sentiant.

442 5023 497 5077 2.
532 5021 889 5075 Revertamur
917 5016 982 5070 ad
1005 5011 1345 5086 propositum
1379 5018 1650 5065 nostrum.
1686 5008 1743 5065 Si
1770 5023 1932 5078 quae-

370 5130 485 5177 ras,
514 5112 643 5182 quid
669 5111 969 5177 imperator
1025 5114 1298 5173 tempore,
1329 5102 1474 5170 quod
1537 5101 1590 5155 in
1642 5100 1935 5157 obsidione

368 5213 754 5274 consumptum
775 5209 879 5265 est,
903 5197 1094 5268 egerit,
1121 5196 1320 5250 diram.
1349 5194 1470 5261 Quo
1504 5193 1729 5264 quidem
1795 5204 1933 5249 tem-

373 5314 508 5368 pore
540 5270 765 5351 Arueras
795 5292 996 5347 bellum
1017 5289 1244 5361 parabat
1271 5296 1324 5342 et
1356 5286 1422 5340 ad
1452 5287 1734 5341 ferendam
1773 5270 1945 5357 opeml

371 5409 429 5444 se
458 5388 807 5444 instruebant
834 5381 1046 5438 externi
1080 5380 1359 5450 principes
1389 5377 1711 5432 Christiani.
1740 5376 1934 5443 Quan-

370 5496 535 5552 quam
565 5476 1031 5539 Christianorum.
1054 5471 1150 5543 qui
1181 5473 1326 5526 circa
1351 5469 1693 5534 habitabant,
1725 5466 1933 5538 princi-

372 5588 527 5641 pum,
550 5569 755 5623 nullam
779 5580 935 5636 Opem
959 5563 1176 5617 allatam
1209 5576 1352 5624 esse,
1395 5571 1586 5615 notum
1619 5568 1703 5615 est
1758 5560 1940 5613 omni-

374 5666 473 5721 bus
517 5662 689 5733 :qnin
746 5659 855 5713 imo
903 5655 969 5711 ad
1026 5654 1228 5709 Servis:
1274 5652 1574 5721 principem
1636 5651 1934 5721 Georgium

373 5757 600 5809 Ameras
630 5753 865 5820 legatum
901 5747 1073 5811 misit,
1111 5752 1169 5799 ut
1201 5745 1246 5799 is
1280 5744 1347 5797 de
1384 5758 1518 5812 pace
1547 5742 1687 5797 inter
1711 5740 1936 5812 ilnnga-

373 5850 467 5906 r'os
490 5854 546 5903 et
586 5846 843 5902 Ameram
890 5838 1251 5898 concilitanda
1309 5844 1516 5907 ageret.
1572 5834 1708 5890 Cum
1757 5834 1935 5904 legato

2040 4645 2219 4698 visum
2249 4661 2372 4699 esse
2399 4649 2686 4716 negabant.
2716 4649 2778 4702 At
2803 4650 3063 4713 obstabat,
3085 4650 3329 4718 nequitia
3385 4658 3439 4703 et
3472 4650 3611 4713 invi-

2041 4736 2152 4789 dia.
2180 4736 2365 4791 Nescit
2384 4740 2529 4792 enim
2574 4740 2778 4793 invidia
2802 4741 3077 4794 honorare
3103 4740 3415 4794 utilitatem.
3441 4740 3612 4809 Cujus

2043 4830 2120 4882 rei
2156 4843 2323 4882 causa
2357 4838 2476 4882 erat
2506 4828 2758 4899 Aloysius
2784 4828 3003 4891 Diedus,
3054 4830 3148 4897 qui
3185 4830 3313 4883 olim
3378 4844 3609 4883 curave-

2042 4926 2147 4978 rat.
2175 4929 2233 4974 ut
2256 4920 2428 4974 beatae
2460 4920 2737 4975 memoria:
2777 4921 3040 4989 princeps
3075 4934 3251 4984 meus,
3299 4904 3649 4975 Constanti-'

2044 5024 2146 5063 nus
2171 5009 2447 5074 dominus,
2484 5010 2710 5079 despota
2738 5018 2851 5063 tum
2889 5011 2945 5063 in
2999 5007 3392 5079 Peleponneso,
3450 5010 3611 5081 hujus

2043 5100 2201 5155 duris
2250 5100 2418 5153 tiliam
2472 5115 2597 5154 cum
2646 5115 2843 5169 magna
2898 5101 3025 5155 dote
3074 5115 3302 5155 uxorem
3360 5102 3605 5159 duceret.

2046 5191 2308 5260 Princeps
2333 5207 2487 5246 mens
2510 5207 2618 5246 non
2651 5193 2810 5246 aliam
2851 5191 2922 5246 oh
2944 5206 3195 5257 eausam,
3227 5192 3334 5248 nisi
3370 5201 3431 5248 ut
3495 5192 3613 5263 ipse

2045 5293 2099 5339 et
2128 5284 2467 5353 principatus
2497 5299 2623 5338 cum
2662 5282 2882 5338 Venetis
2921 5282 3310 5352 iungerentur,
3341 5300 3461 5341 eam
3494 5285 3613 5340 alli-

2049 5377 2271 5429 nitatem
2307 5372 2551 5439 admisit,
2584 5372 2813 5428 nobiset
2834 5373 2959 5427 aliis
2988 5375 3174 5430 multis
3206 5375 3260 5431 id
3297 5377 3615 5448 approban-

2037 5466 2195 5520 tibus
2224 5473 2279 5518 et
2314 5463 2544 5518 tittieret
2572 5478 2730 5533 paene
2773 5465 3125 5534 cogentibus.
3159 5464 3264 5522 Sed
3327 5477 3613 5537 postquam

2048 5556 2342 5626 imperator
2366 5553 2541 5607 factus
2578 5563 2737 5609 estet
2778 5554 2834 5608 in
2868 5555 3056 5610 urbem
3091 5558 3259 5623 venit,
3317 5559 3617 5611 incommo-

2046 5648 2176 5703 dum
2209 5656 2348 5702 erat.
2377 5646 2663 5713 Quomodo
2697 5648 2843 5704 enim
2870 5650 2988 5705 ﬁeri
3016 5660 3251 5719 poterat,
3282 5658 3343 5705 ut
3376 5649 3617 5707 civitatis

2045 5740 2150 5795 viri
2173 5748 2229 5794 et
2250 5738 2476 5797 femina:
2504 5741 2781 5812 principes
2809 5743 3087 5800 dominam
3123 5752 3176 5797 et
3210 5743 3612 5818 imperatricem

2049 5818 2570 5901 reciperentVeneti
2616 5832 2878 5899 tiliam,et
2902 5833 3086 5905 generi
3131 5847 3196 5889 ac
3231 5831 3325 5891 ﬁ‘iit
3364 5829 3484 5903 ejus
3509 5830 3625 5895 atii-
