3962 6556
584 361 656 423 93
666 361 691 424 ι

1803 353 2130 414 GEORGII

2259 351 2598 413 ΙΒΑΝΤΖΔΕ
3653 351 3732 417 932

579 468 716 520 θωσι
738 460 1150 530 Μουσουλμάνοι
1176 460 1311 530 πρὶς
1346 460 1584 531 πόλεμον
1610 462 1704 516 καὶ
1733 462 1792 515 ἐν
1813 462 1894 531 τῷ
1924 463 2149 531 πολεμῳ
2174 468 2223 529 Α
2252 462 2378 526 τοὺς
2409 464 2564 525 θεοὺς
2587 461 2920 531 ἀπέρχονται
2946 463 3041 516 καὶ
3070 463 3212 532 μετά
3233 463 3342 516 τῶν
3371 463 3500 516 θεῶν
3524 465 3739 535 εὑρίσκον-

579 558 724 628 πέσῃ
753 553 944 618 τιςιέξ
992 553 1196 617 αὐτῶν,
1236 555 1299 608 οὗ
1339 553 1652 623 λογίζονται
1699 556 1929 618 ἐαυτοὺς
1959 556 2144 621 ἀξίους

580 650 843 718 μέμψεως
861 647 937 709 ὼς
961 648 1170 708 αίτίους
1198 646 1293 699 τοῦ
1324 648 1585 716 πολέμου,
1604 647 1720 700 ἀλλ’
1747 648 1842 700 ἐπὶ
1868 648 1929 698 τὸ
1953 648 2148 715 νεκρδν

577 745 736 810 σῶμα
766 740 859 793 τοῦ
901 739 1255 802 πεπτωκότος
1279 743 1585 808 σφάττουσι
1615 739 1852 804 ζῶντας,
1891 742 2048 802 ὅσους
2081 738 2148 792 ἂν

574 834 777 904 δυνηθῇ
813 835 1040 892 ἕκαστος
1061 849 1075 864 ο
1107 832 1200 884 καὶ
1228 833 1352 884 ὅσον
1383 831 1604 894 πλείους
1637 834 1862 902 κτείνει,
1893 831 2148 884 τοσοῦτον

573 926 880 994 λογίζονται
913 923 1183 989 ὠφέλειαν
1227 924 1324 991 τῆς
1372 921 1470 974 τοῦ
1513 921 1811 985 τεθνεῶτος
1856 921 2056 992 ψυχῆς.
2085 922 2147 975 Εἰ

573 1019 618 1070 δ’
642 1021 772 1080 ῐσως
817 1017 916 1068 οὐκ
961 1016 1071 1086 ἔχει
1129 1014 1453 1084 ἀνθρώπους
1502 1016 1582 1078 εἰς
1630 1005 1888 1079 ἐξουσίαν
1924 1013 2092 1066 αὑτοῦ
2120 1015 2148 1066 ὀ

577 1109 900 1178 βουλόμενος
936 1108 1199 1178 βοηθῆσαι
1232 1110 1298 1173 τῇ
1333 1107 1427 1158 τοῦ
1457 1106 1754 1170 τεθνεῶτος
1783 1106 1952 1176 ψυχῇ.
2007 1106 2145 1171 ἐξωο

579 1206 751 1256 νεῖται
775 1203 1151 1271 Χριστιανοὺς,
1189 1201 1348 1270 εἴπερ
1396 1200 1568 1267 εὖροι,
1608 1203 1701 1253 καὶ
1749 1201 1784 1269 ἦ
1833 1201 2019 1252 ἐπάνω
2052 1200 2146 1254 τοῦ

575 1295 772 1363 νεκροῦ
828 1295 1076 1358 σώματος
1131 1294 1358 1360 σφάττει
1412 1293 1608 1354 αὐτοὺς
1648 1293 1679 1361 ἦ
1729 1293 1823 1346 ἐπὶ
1867 1293 1946 1363 τῷ
1991 1293 2148 1360 τάφῳ

577 1388 764 1441 αὐτοῦ.
806 1387 915 1438 Καὶ
963 1388 991 1438 ό
1053 1385 1227 1436 ταῦτα
1285 1383 1591 1453 νομοθετῶν
1646 1384 1762 1446 πῶς
1815 1385 1922 1437 άπὸ
1975 1384 2144 1447 Θεοῦς

579 1483 699 1533 "Et:
738 1480 1022 1548 νομοθετεῖ
1065 1481 1147 1532 ὅτι
1191 1479 1219 1531 ὅ
1256 1479 1380 1540 δοὺς
1424 1481 1488 1548 τῇ
1539 1479 1710 1550 πόρνῃ
1757 1477 2019 1548 μίσθωμα
2051 1479 2148 1530 καὶ

574 1571 864 1640 κοιμηθεὶς
905 1569 1021 1638 μετ’
1055 1571 1226 1638 αὐτῆς
1254 1569 1353 1638 οὐχ
1381 1570 1693 1639 ἁμαρτάνει
1717 1585 1728 1598 ο
1775 1571 1870 1621 καὶ
1897 1570 1926 1620 ὅ
1947 1568 2147 1639 βιασά-

578 1681 735 1733 μενος
767 1662 1034 1731 παρθένον
1066 1659 1398 1730 ἁμαρτάνει,
1423 1661 1450 1711 ὁ
1481 1660 1538 1712 δὲ
1572 1661 1711 1728 μετὰ
1740 1660 1840 1727 τῆς
1869 1658 2147 1728 θελήσεως

576 1759 748 1824 αὐτῆς
801 1755 1086 1824 κοιμηθεὶς
1126 1753 1244 1822 μετ’
1291 1753 1462 1821 αὐτῆς
1510 1753 1609 1820 οὐχ
1659 1751 2010 1820 ἅμαρτάνει.·
2050 1751 2147 1804 καὶ

580 1851 673 1903 ἐὰν
701 1847 1106 1918 αἰχμαλωτίδας
1140 1863 1224 1909 τις
1251 1846 1389 1914 λάὸῃ
1438 1847 1496 1897 ἐν
1531 1844 1773 1913 πολέμῳ,
1811 1843 2026 1909 ἔξεστιν
2059 1845 2147 1896 ἐπ’

578 1941 772 2001 αὑταῖς
835 1938 1057 2006 ποιῆσαι
1105 1936 1132 1987 ὃ
1192 1935 1440 2004 βούλεται
1501 1933 1822 1994 ἀκωλύτως.
1899 1933 1958 1985 Ὀ
2020 1933 2152 2001 γοῦν

585 2033 844 2102 πορνείας
888 2031 982 2083 καὶ
1035 2028 1503 2099 παρθενοφθορίας
1551 2025 1858 2096 νομοθετῶν
1903 2025 2020 2089 πῶς
2046 2025 2153 2079 ἀπὸ

579 2122 717 2176 Θεοῦ
743 2141 756 2186 ς

651 2213 765 2264 Καὶ
796 2211 856 2262 τὸ
885 2211 948 2278 δὴ
995 2209 1272 2279 χείριστον
1311 2207 1392 2260 ὅτι
1424 2209 1547 2269 τοὺς
1583 2208 1727 2262 κατά
1753 2208 1851 2277 τὴν
1879 2208 2153 2278 ἀποδοχὴν

571 2307 671 2362 τοῧ
703 2305 839 2360 Θεοῦ
869 2305 1348 2374 περιπατήσαντας
1371 2304 1426 2357 ἐν
1452 2303 1530 2371 τῷ
1566 2304 1795 2373 παρόντι
1822 2305 1981 2357 αἰῶνι
2003 2303 2152 2375 μετά

576 2404 678 2472 τὴν
726 2401 912 2453 ἐνθάδε
969 2399 1272 2454 ἀποεὶωσιν
1333 2395 1514 2450 αὐτῶν
1563 2397 1765 2466 λουτρά
1826 2398 1922 2449 καὶ
1966 2397 2152 2462 οἴκους

581 2492 934 2562 περικαλλεῖς
989 2491 1084 2543 καὶ
1133 2492 1401 2558 γυναῖκας
1453 2489 1759 2558 παρθένους
1807 2489 1888 2540 ὅτι
1950 2487 2154 2550 πολλὰς

579 2587 922 2654 ὑπισχνεῖται
971 2581 1295 2653 δοθήσεσθαι
1343 2583 1560 2652 ἑκάστῳ
1593 2580 1760 2653 348
1809 2580 1961 2648 παρά
1993 2579 2152 2631 Θεοῦ.

577 2678 688 2730 Καὶ
717 2678 856 2745 ὅπερ
909 2677 955 2728 oi
996 2673 1104 2726 τῶν
1139 2673 1544 2741 εἰδωλολατρῶν
1587 2672 1858 2742 Ἑλλήνων
1892 2671 2156 2741 ὀνομαζό-

581 2785 730 2838 μενοι
755 2767 994 2834 θεολόγοι
1023 2768 1126 2821 οὐκ
1160 2762 1316 2819 εἷπον
1347 2765 1468 2816 οὐδὲ
1503 2765 1764 2832 ἐνόμισαν
1795 2759 1957 2828 εἶναι,
1981 2763 2154 2816 ταῦτα

577 2863 604 2911 ὁ
627 2859 872 2928 Μωάμεθ
900 2859 1414 2928 ἀνακεκαλυμμένῳ
1438 2856 1512 2927 τῷ
1541 2856 1818 2926 προσώπῳ
1845 2856 2151 2924 νομοθετεῖ.

589 2954 820 3006 Ἐκεῖνοι
855 2954 966 3022 γάρ
1005 2951 1179 3014 οὓτως
1208 2951 1480 3017 λέγουσιν,
1521 2953 1602 3004 ὅτι
1646 2950 1698 3002 οί
1729 2950 1828 3020 μὲν
1860 2949 2038 3012 καλῶς
2075 2951 2158 3000 ἐν-

579 3043 708 3097 θάδε
764 3044 1106 3113 βιώσαντες,
1175 3043 1312 3095 ἐπάν
1369 3042 1688 3095 ἀποθάνωσι
1745 3042 1840 3094 καὶ
1897 3040 2154 3110 καθαρῶς

2250 571 2342 617 ται
2375 555 2455 615 εἰς
2501 554 2600 615 τὰς
2643 554 2752 606 τῶν
2786 556 3075 624 μακαρίων
3126 556 3325 625 νήσους
3357 555 3448 610 καὶ
3478 557 3578 626 μετ’
3603 561 3742 615 αὐτῶν

2252 645 2684 714 συναγάλλονται
2717 663 2730 675 ·
2755 646 2860 699 τῶν
2923 648 2978 699 δὲ
3032 648 3217 712 κακῶς
3264 649 3443 702 ἐνθάδε
3493 650 3743 719 βιωσάντων

2250 738 2346 790 καὶ
2392 736 2716 806 ἀκαθάρτων
2757 740 2853 791 καὶ
2907 740 3338 809 μεμολυσμὲνων
3381 742 3679 798 ἀπελθόντων
3703 749 3743 798 αἱ

2248 828 2458 880 τούτων
2487 828 2658 898 ψυχαὶ
2687 831 2764 889 είς
2802 828 3065 896 ζοφώδεις
3093 833 3186 884 καὶ
3215 835 3516 897 σκοτεινοὺς
3538 837 3744 907 ἀπέρχονο

2249 939 2338 974 ται
2378 922 2579 984 τόπους
2621 926 2713 976 καί
2765 925 2844 986 είς
2901 923 2994 975 τὸν
3047 926 3312 999 ποταμὸν·
3346 925 3434 978 τὸν
3478 928 3748 998 Πυριφλεγέ-

2251 1014 2434 1070 θοντα.
2469 1016 2575 1067 Καὶ
2625 1015 2674 1067 οἱ
2719 1015 2823 1084 μὲν
2879 1016 3271 1086 είδωλολάτραι
3322 1017 3564 1089 Ἕλληνες
3606 1022 3746 1089 ἔλεγον

2249 1105 2423 1159 ταῦτα
2444 1121 2459 1134 ’
2491 1108 2518 1160 ὁ
2548 1105 2604 1158 δὲ
2638 1106 2992 1174 Μωάμεθ,δς
3022 1107 3280 1176 ὀνομάζει
3306 1106 3502 1162 ἑαυτὸν
3529 1110 3748 1181 ὀρθόδοξνν

2249 1195 2345 1248 καὶ
2418 1196 2647 1267 πλησίον
2708 1196 2806 1261 τοῦ
2855 1197 2990 1251 Θεοῦ
3051 1199 3477 1269 εὑρισκόμενον,
3525 1203 3650 1271 λέγει
3685 1209 3749 1257 καὶ

2249 1289 2536 1358 νομοθετεί
2593 1289 2822 1342 τοιαῦτα
2881 1291 3215 1362 ἀτοπήματα
3273 1295 3492 1363 αἰσχρά,
3551 1297 3633 1348 καὶ
3677 1297 3748 1348 οὐκ

2249 1381 2364 1452 ἔχει
2408 1383 2716 1452 ἐνθύμησιν
2772 1383 2910 1446 ὅλως
2959 1385 3042 1436 ὅτι
3091 1385 3269 1438 ταῦτα
3323 1389 3492 1440 πάντα
3520 1388 3664 1458 ὀργῆς
3687 1397 3751 1442 καὶ

2249 1475 2602 1548 ἀποστροφῆς
2642 1475 2779 1545 ἔργα
2829 1475 2924 1529 καὶ
2951 1476 3052 1544 τῆς
3081 1477 3361 1554 άμδαρτίας
3401 1480 3750 1548 ἀποτελέσματὰ

2248 1569 2380 1622 εἰσι.
2432 1567 2544 1636 Πρδ
2581 1569 2690 1636 γάρ
2733 1569 2835 1638 τῆς
2883 1569 3254 1639 παραϐάσεως
3300 1573 3393 1624 καὶ
3423 1573 3663 1642 ἁμαρτίας
3683 1574 3749 1625 τοῦ

2263 1660 2434 1728 Ἀδὰμ
2497 1659 2600 1713 ποῦ
2648 1661 2875 1733 λουτρά,
2931 1663 3037 1717 ποῦ
3094 1664 3231 1727 ὅλως
3293 1667 3579 1734 οἰκήματα,
3609 1665 3692 1718 ποῦ
3714 1671 3751 1718 αἱ

2253 1751 2445 1806 πολλαὶ
2477 1755 2770 1820 γυναῖκεςς
2795 1755 2958 1808 Ἀλλά
2993 1755 3131 1825 μετά
3157 1754 3259 1826 τὴν
3298 1757 3561 1826 ἁμαρτίαν
3587 1764 3662 1809 καὶ
3682 1758 3751 1827 τὴν

2257 1845 2501 1915 κατάραν
2531 1847 2806 1918 ἐπανέστη
2834 1848 2892 1900 τὸ
2924 1847 3085 1917 σῶμα
3111 1849 3307 1918 ῶσπερ
3341 1849 3520 1919 θηρίον
3544 1850 3664 1903 κατὰ
3684 1851 3752 1917 τῆς

2253 1937 2430 2006 ψυχῆς
2491 1939 2591 2006 τῆς
2646 1939 2721 2008 μὴ
2771 1939 3006 2011 ἐχούσης
3058 1940 3372 2003 καθολικῶς
3419 1940 3513 2008 τὴν
3553 1941 3632 1994 τοῦ
3654 1941 3752 1994 Θεοῦ

2254 2030 2568 2100 ἐπίσκεψιν.
2605 2032 2826 2101 Ἴσχυσε
2868 2032 2928 2084 τὸ
2989 2032 3172 2101 σῶμα,
3207 2035 3307 2086 καὶ
3367 2035 3646 2087 κατέσπασε
3683 2035 3751 2102 τὴν

2253 2121 2436 2192 ψυχὴν
2472 2123 2580 2177 ἀπὸ
2604 2125 2696 2176 τοῦ
2735 2123 2904 2194 ὕψους
2934 2125 3030 2178 καὶ
3063 2124 3159 2178 τοῦ
3195 2127 3492 2196 μεγαλείου
3521 2128 3663 2196 αὐτῆς
3685 2129 3749 2180 καὶ

2256 2216 2572 2282 κατήγαγεν
2602 2215 2685 2275 εἰς
2712 2215 2810 2275 τὰς
2843 2216 3194 2285 παραλόγως
3241 2217 3340 2269 καὶ
3369 2218 3589 2285 ματαίας
3616 2233 3750 2284 cuipa-

2256 2306 2413 2367 τικάς
2460 2304 2755 2373 ἐπιθυμίας
2781 2308 2877 2361 καὶ
2907 2307 3100 2376 ἡδονάς
3125 2325 3140 2340 ·
3174 2310 3271 2362 καὶ
3319 2308 3502 2378 ῶσπερ
3543 2309 3751 2378 ἀνδράπο-

2255 2393 2366 2460 δον,
2390 2393 2563 2457 οὕτως
2598 2394 2982 2465 κατεδουλώθη
3018 2398 3050 2466 ἡ
3085 2395 3238 2468 ψυχὴ
3266 2399 3347 2460 είς
3377 2399 3473 2456 τὰς
3502 2395 3748 2466 σωματικὰς

2256 2484 2465 2553 ὀρέξεις
2491 2500 2505 2514 ·
2549 2486 2598 2537 εί
2633 2485 2764 2553 γοῦν
2798 2485 2940 2556 μετά
3204 2487 3306 2557 τὴν
3350 2488 3413 2540 ἐκ
3457 2489 3640 2558 νεκρῶν
3662 2489 3749 2539 ἀνέ-

2257 2592 2446 2629 στασιν
2493 2577 2644 2629 οὖδέν
2686 2577 2978 2647 μέλλουσιν
3034 2579 3222 2647 ε’ὑρεῑν
3272 2581 3323 2631 οί
3377 2581 3512 2633 κατὰ
3548 2580 3750 2646 ἀποδοχὴν

2256 2666 2349 2720 τοῦ
2396 2667 2529 2720 Θεοῦ
2580 2669 3035 2736 πολιτευσάμενοι
3080 2670 3366 2740 ἄνθρωποι
3419 2671 3512 2742 τὴν
3546 2671 3751 2738 μακαρίαν

2258 2761 2477 2826 ἐκείνην
2510 2759 2656 2828 ζωὴν
2703 2762 2769 2829 ἢν
2793 2763 2820 2813 ὁ
2847 2762 3154 2832 προπάτωρ
3183 2761 3336 2834 εἶχεν
3367 2765 3529 2832 Ἀδὰμ
3565 2766 3652 2833 πρὸ
3687 2762 3752 2823 τῆς

2272 2851 2646 2921 παραϐάσεως
2695 2853 2788 2904 καὶ
2813 2854 3119 2918 ἀπώλεσεν,
3154 2856 3298 2906 ἀλλὰ
3335 2857 3493 2908 πάλιν
3520 2853 3605 2924 τὴν
3631 2852 3753 2919 αὐτὴν

2260 2943 2408 3012 ζωὴν
2460 2943 2716 3015 μέλλουσι
2773 2944 2957 3014 εὑρεῖν
3011 2945 3075 3016 ὴν
3105 2941 3218 3016 εἶχε
3264 2947 3406 3016 μετά
3433 2947 3521 3017 τὴν
3549 2945 3752 3012 κατάραν,

2258 3037 2380 3089 οὐαὶ
2405 3039 2519 3098 τοῖς
2554 3037 2868 3106 ἀνθρώποις
2913 3039 3167 3101 ἐκείνοις.
3201 3041 3315 3092 Καὶ
3366 3040 3428 3094 τὸ
3461 3039 3518 3108 δὴ
3548 3037 3753 3108 χείριστοί

581 3133 1016 3205 ἀποδημήσωσιν
1081 3135 1136 3186 αἱ
1192 3132 1366 3203 ψυχαὶ
1391 3134 1498 3186 ἀπὸ
1553 3133 1660 3185 τῶν
1717 3132 2015 3202 σωμάτων,
2079 3132 2157 3193 εἰς
2187 3142 2231 3202 ς
2260 3129 2342 3183 ὅτι
2369 3130 2489 3183 οὐδέ
2522 3131 2685 3201 μέχρι
2717 3129 2816 3201 τῆς
2847 3132 3198 3204 ταλαιπώρου
3251 3134 3471 3203 ἐκείνης
3502 3133 3584 3184 καὶ
3604 3129 3754 3197 ἐπαρά-

581 3313 728 3366 enim
770 3312 872 3366 ista
905 3311 1243 3366 immanitate
1268 3320 1320 3366 et
1371 3312 1575 3368 Stevitia
1617 3312 1843 3382 Cogitari
1879 3312 2158 3376 crudelius

585 3416 784 3474 p0test,
816 3421 976 3475 quam
1008 3405 1305 3466 trucidare,
1335 3406 1426 3475 qui
1461 3407 1594 3460 nihil
1645 3407 1982 3476 peccarnnt?
2011 3405 2162 3473 Quo-

585 3499 910 3566 tiescunque
957 3498 1099 3552 enim
1129 3500 1193 3552 ad
1232 3513 1466 3569 pugnam
1487 3499 1792 3568 procedunt
1827 3498 2161 3556 Musulmani

579 3597 634 3642 et
667 3603 856 3643 eorum
893 3589 1014 3658 quis
1080 3589 1270 3657 prmlio
1317 3590 1606 3649 occiditur.
1642 3607 1750 3645 non
1786 3607 1844 3646 se
1895 3593 2163 3647 crimina-

585 3678 732 3732 tione
763 3678 956 3746 dignos
989 3687 1201 3748 putant,
1231 3691 1290 3733 ut
1323 3688 1574 3735 auctores
1602 3681 1752 3747 belli,
1783 3683 1878 3738 sed
1912 3685 1964 3738 in
1991 3685 2168 3740 occisi

582 3771 851 3825 cadavere
881 3771 1034 3825 vivos
1090 3770 1388 3832 trucidant,
1425 3781 1558 3840 quot
1582 3773 1816 3844 quisque
1865 3783 2066 3844 potest,
2099 3790 2162 3830 ac

585 3874 792 3932 quanto
823 3864 947 3931 quis
972 3863 1157 3932 plures
1189 3873 1366 3928 necat,
1405 3873 1556 3918 tanto
1581 3849 2158 3935 majorem-utilitatem

589 3955 709 4008 fore
739 3961 930 4022 putant
967 3953 1032 4006 ad
1065 3952 1297 4005 animam
1330 3955 1519 4008 occisi.
1550 3952 1604 4008 Si
1653 3971 1759 4009 non
1789 3958 2028 4025 possidet
2070 3959 2166 4015 ho-

590 4045 789 4122 mines,
821 4043 912 4111 qui
949 4043 1146 4096 mortui
1196 4042 1391 4098 anima:
1436 4045 1692 4114 opitulari
1739 4045 1941 4112 studet,
2006 4047 2166 4104 Chri—

591 4139 829 4198 stianos,
865 4137 907 4190 si
956 4151 1093 4204 quos
1129 4135 1352 4205 reperit,
1388 4137 1837 4207 coemit,eosquc
1866 4149 1961 4194 aut
1998 4155 2162 4210 supra

589 4230 822 4283 cadaver
851 4228 1044 4288 occisi,
1095 4236 1190 4280 aut
1229 4227 1282 4279 in
1330 4228 1580 4296 Sepulcro
1626 4228 1868 4298 ejusdem
1927 4232 2162 4302 iugulat.

587 4321 743 4374 Talia
780 4319 869 4387 qui
905 4319 1151 4387 praecipit
1184 4319 1460 4386 quomodo
1482 4335 1509 4371 a
1548 4320 1653 4373 Deo
1687 4323 1892 4378 missus
1923 4324 2034 4378 sit?
2064 4326 2166 4378 Dn-

589 4418 674 4463 cet
709 4408 873 4470 idem,
902 4407 992 4475 qui
1020 4408 1141 4459 data
1171 4407 1395 4474 pecunia
1424 4423 1547 4461 cuni
1583 4411 1868 4466 meretrice
1907 4429 2168 4469 concum-

2260 3306 2317 3361 in
2351 3308 2630 3362 beatorum
2683 3309 2874 3364 insulis
2909 3323 3032 3364 cum
3087 3308 3406 3380 iisdemque
3444 3311 3629 3384 laetari:
3659 3322 3754 3362 eon-

2265 3402 2476 3472 tra‘qui
2513 3404 2653 3456 male
2680 3401 2768 3454 hic
2792 3400 3028 3454 vixerint
3051 3411 3103 3456 et
3127 3403 3332 3472 impuri
3358 3412 3516 3473 atque
3554 3398 3752 3470 inquinati

2266 3475 2625 3554 eadesseriut,
2683 3491 2874 3546 horum
2919 3493 3135 3548 animas
3181 3496 3235 3549 in
3295 3497 3410 3550 loca
3454 3496 3694 3550 tenebrosa
3720 3500 3754 3542 et

2261 3583 2498 3638 obscura
2555 3595 2608 3639 et
2656 3580 3190 3660 Pyriphlegetontem
3225 3589 3453 3647 ﬂuvium
3487 3593 3634 3646 abire.
3675 3587 3752 3643 Ha:

2267 3678 2435 3746 igitur
2469 3677 2640 3733 Gratci
2668 3679 2967 3736 idololatra:
2992 3681 3271 3741 dixerunt.
3311 3685 3620 3740 Motiametes
3652 3695 3746 3739 rem.

2269 3770 2362 3839 qui
2397 3787 2456 3824 se
2490 3770 2857 3825 orthodoxum
2883 3787 3003 3828 esse
3029 3784 3084 3826 et
3109 3787 3301 3829 coram
3339 3775 3446 3831 Deo
3470 3775 3658 3831 stetisse
3675 3771 3748 3840 jac-

2270 3875 2365 3927 tat,
2399 3864 2590 3933 probat
2633 3864 2901 3934 docetque
2945 3866 3119 3919 fmdas
3147 3865 3286 3921 istas
3333 3883 3518 3936 nugas,
3563 3879 3646 3920 nec
3683 3861 3754 3914 ullo

2269 3955 2429 4008 modo
2452 3954 2634 4018 sentit,
2664 3970 2826 4023 quam
2857 3970 3047 4010 omnes
3079 3957 3162 4010 hae
3207 3971 3300 4012 res
3341 3957 3614 4012 libidinosa:
3639 3949 3758 4004 etde-

2267 4045 2531 4099 testanth
2559 4046 2666 4100 sint
2698 4054 2751 4099 et
2781 4054 3063 4116 peccatum
3095 4059 3424 4102 consecutae.
3469 4049 3592 4100 Ante
3621 4038 3757 4098 Διίδωὶ

2268 4139 2412 4191 enim
2441 4148 2718 4207 peccatum
2744 4146 2795 4192 et
2819 4138 3074 4192 delictum
3098 4138 3319 4194 ubinam
3348 4141 3558 4202 balnea},
3593 4135 3757 4188 ubinam

2267 4232 2495 4286 omnino
2515 4233 2679 4296 ardes,
2705 4230 2924 4285 ubinam
2953 4232 3136 4285 multa:
3161 4231 3415 4288 feminini
3453 4230 3538 4286 sed
3556 4236 3652 4298 post
3674 4237 3759 4292 βεε-

2270 4335 2450 4378 catum
2469 4333 2520 4377 et
2538 4326 2964 4378 exsecrationem
2983 4338 3182 4393 corpus
3199 4335 3452 4396 tanquam
3475 4322 3621 4379 bestia
3653 4330 3764 4370 men-

2271 4418 2333 4477 ti.
2369 4417 2607 4484 perfecta
2642 4416 2866 4470 notione
2903 4414 2999 4469 Dei
3028 4431 3139 4470 non
3189 4427 3517 4479 sustentatae,
3559 4409 3760 4465 inhiabat.

588 4500 702 4561 bal.
741 4515 864 4552 cum
911 4513 1018 4551 non
1051 4514 1309 4565 peccare;
1358 4499 1448 4568 qui
1489 4517 1581 4570 per
1610 4502 1714 4555 vim
1752 4503 2014 4573 virginem
2047 4517 2164 4560 stu-
2199 4503 2240 4556 D
2271 4507 2564 4574 superabat
2615 4521 2758 4569 eam,
2809 4515 2974 4576 atque
3027 4509 3291 4570 animam,
3345 4524 3408 4562 ex
3453 4505 3695 4561 altitudine
3725 4505 3760 4546 et

589 4599 731 4660 pret,
785 4604 905 4642 eum
962 4604 1209 4658 peccare,
1261 4589 1352 4656 qui
1393 4599 1572 4644 autem
1627 4609 1745 4644 cum
1790 4597 2165 4652 consentiente

588 4688 937 4744 concinnhat,
967 4695 1072 4733 non
1105 4694 1373 4750 peccare;
1435 4698 1572 4751 quas
1601 4683 1726 4752 quis
1767 4685 1904 4740 bello
1935 4690 2161 4756 ceperit,

591 4770 657 4824 iis
687 4771 734 4824 ei
769 4770 844 4823 uti
887 4770 1070 4832 licere,
1134 4771 1596 4838 quemadmodum
1633 4773 1779 4826 velit.
1839 4775 2001 4843 Atqui
2045 4786 2162 4828 stu-

592 4875 688 4927 pra
723 4870 776 4914 et
807 4859 1080 4930 virginum
1119 4860 1435 4915 vitiationes
1472 4862 1563 4930 qui
1593 4863 1809 4929 prohat,
1839 4867 2111 4932 quomodo
2133 4880 2162 4918 a

593 4953 704 5006 Deo
739 4953 940 5006 missus
978 4951 1091 5006 sit?

663 5044 1059 5100 Gravissimum
1087 5055 1266 5098 autem
1292 5053 1398 5106 est,
1424 5044 1568 5112 quod
1601 5046 1693 5113 qui
1736 5045 1800 5099 ad
1833 5047 2161 5102 voluntatem

597 5134 690 5189 Dei
721 5136 771 5187 in
807 5137 905 5188 hac
938 5137 1044 5187 vita
1087 5151 1144 5188 se
1189 5136 1621 5205 composuerint,
1664 5138 1733 5192 iis
1770 5138 2000 5207 singulis
2048 5150 2167 5209 post

595 5238 824 5281 mortem
858 5228 1079 5282 balneas
1112 5235 1166 5282 et
1200 5229 1341 5282 :edes
1379 5229 1776 5297 pulcherrimas
1821 5231 2166 5300 virginesque

596 5320 859 5389 plurimas
893 5337 920 5373 a
957 5322 1062 5375 Deo
1091 5322 1277 5376 datum
1308 5323 1373 5376 iri
1411 5325 1716 5392 pollicetur.
1748 5323 1811 5377 Et
1841 5326 1984 5393 quod
2020 5325 2168 5379 Grae-

596 5429 783 5468 corum
855 5413 1268 5469 idololatraruui
1325 5417 1559 5486 theologi
1618 5433 1723 5471 non
1765 5417 2026 5472 dixerunt
2073 5434 2170 5473 nec

597 5506 969 5569 crediderunt,
998 5509 1047 5560 id
1082 5506 1417 5564 Mohametcs
1449 5510 1684 5564 revelata
1740 5511 1916 5566 fronte
1949 5514 2162 5567 statuit.

600 5595 678 5650 Illi
712 5597 854 5650 enim
901 5597 973 5651 ita
1008 5599 1179 5662 aiunt,
1217 5603 1310 5668 qui
1362 5603 1584 5670 pulchre
1630 5604 1718 5658 hic
1757 5604 2016 5669 vixerint,
2076 5619 2170 5659 eos

603 5699 720 5757 post
746 5697 998 5753 mortem,
1058 5707 1178 5744 eum
1207 5692 1431 5769 auiini‘e
1471 5710 1762 5763 corporum
1794 5697 2026 5751 vinculis
2075 5712 2175 5766 pu-

599 5782 644 5835 ri
671 5783 1025 5848 excesserint,
1061 5781 1127 5835 ad
1159 5783 1288 5839 deos
1314 5785 1548 5856 migrare
1583 5796 1636 5840 et
1671 5802 1794 5841 cum
1827 5788 1931 5843 diis
1961 5789 2168 5843 versari

2271 4597 2674 4662 magniﬁcentia
2707 4597 2998 4664 deiectam,
3029 4598 3082 4651 in
3113 4614 3278 4653 vanas
3309 4610 3362 4654 et
3403 4599 3602 4652 insanas
3631 4588 3760 4644 libidi-

2269 4703 2364 4742 nes
2413 4689 2826 4756 t'olnptatc5que
2882 4693 3128 4759 corporis
3171 4692 3429 4746 adduxit:
3475 4707 3532 4743 ac
3574 4678 3762 4748 mancipii

2270 4777 2443 4832 instar
2500 4780 2682 4832 anima
2722 4780 3116 4850 cupiditatibus
3157 4784 3404 4852 corporis
3444 4779 3669 4835 obstricta
3692 4782 3758 4824 cst-

2269 4867 2496 4936 Quodsi,
2533 4871 2624 4935 qui
2659 4870 2724 4924 ad
2767 4872 3101 4928 voluntatem
3135 4875 3227 4929 Dei
3263 4877 3513 4928 riserunt
3556 4868 3758 4922 homines.

2272 4969 2393 5026 post
2426 4961 2880 5015 resurrectionem
2911 4973 3250 5017 mortuorum
3277 4981 3387 5018 non
3413 4959 3654 5017 inventuri
3686 4952 3758 5005 sint

2273 5050 2487 5103 beatam
2521 5051 2670 5104 illaut
2704 5055 2888 5118 vitam,
2915 5071 3076 5124 quam
3107 5057 3348 5110 Adamns
3374 5068 3519 5126 pater
3550 5059 3655 5106 ante
3670 5057 3757 5116 pec-

2269 5153 2450 5195 catum
2486 5145 2594 5211 egit
2623 5152 2786 5212 atque
2810 5148 3013 5208 amisit,
3049 5147 3144 5200 sed
3166 5148 3404 5201 eamdem
3435 5156 3604 5197 rursus
3623 5137 3758 5189 vitam,

2269 5248 2433 5302 quam
2476 5233 2564 5286 ille
2601 5245 2723 5302 post
2765 5238 3194 5293 exseCrationem
3238 5239 3501 5298 toleravit,
3531 5251 3600 5287 va:
3631 5223 3759 5282 homi-

2272 5323 2432 5375 nibus
2465 5323 2604 5377 illis!
2661 5324 2773 5378 lmo
2827 5341 2975 5392 vero,
3026 5329 3169 5397 quod
3206 5330 3556 5384 miscriimutn
3587 5332 3671 5380 est,
3714 5324 3760 5366 lle

2272 5417 2542 5485 acquievit
2564 5417 2782 5487 quidem
2811 5420 2862 5473 in
2902 5437 3208 5476 :erumnosa
3239 5424 3339 5478 hac
3368 5432 3418 5476 et
3449 5420 3684 5474 exsecrata
3705 5407 3761 5456 τῖ’

2273 5517 2326 5562 ta
2366 5509 2689 5566 Mohametis
2725 5513 2957 5576 insania,
2987 5523 3044 5568 ut
3073 5517 3211 5570 hanc
3243 5517 3444 5571 scilicet
3485 5511 3605 5563 Deus
3637 5500 3757 5571 ί¹¹⁸¹ί⁸

2275 5603 2528 5655 daturum
2559 5618 2618 5657 se
2641 5619 2761 5659 esse
2789 5608 3120 5674 preuiiserit,
3161 5609 3253 5662 sed
3287 5606 3480 5662 invenit
3507 5601 3648 5654 vitam
3677 5605 3758 5644 mr

2273 5694 2338 5748 lis
2361 5695 2516 5764 longe
2546 5697 2896 5765 insigniorem
2923 5710 2975 5753 et
3001 5717 3129 5755 vero
3156 5712 3386 5771 turpem.
3429 5696 3632 5752 Adamus
3654 5684 3758 5736 enim

2271 5797 2395 5856 post
2435 5789 2688 5843 delictum
2727 5802 2779 5845 et
2810 5795 3246 5848 exsecrationem
3273 5803 3324 5848 et
3351 5808 3379 5846 c
3414 5785 3633 5858 paradiso
3656 5771 3759 5831 exsi-
