3962 6612
1456 292 1464 300 ε
1512 292 1549 304 κέ

214 430 328 496 ’θέΠ

1246 417 1699 482 'CHRONICON
1739 416 2009 478 MAJU‘S.
2055 441 2120 452 --
2159 415 2306 477 LIB.
2339 415 2438 476 ιν.

3360 408 3468 471 938

214 554 275 606 εί
311 550 407 620 μὶν
446 546 523 609 ὼς
568 542 748 606 καλῶς
809 540 1008 601 αὐτοὺς
1057 538 1572 609 πολιτευσαμένους.
1604 537 1694 592 διὰ
1742 535 1795 587 τί
1830 540 1870 591 Α
1971 532 2131 603 355
2165 534 2278 603 Οὐχ
2307 531 2383 595 ὡς
2411 529 2802 600 ἐπιλαθόμενος
2852 527 2944 580 τοῦ
2992 528 3260 620 ἡμετέρου
3308 525 3470 596 λόγου

220 643 323 697 οὐκ
356 637 621 708 ἑδὸθησαν
674 634 858 697 αὐτοῖς
912 633 990 686 ἐνὶ
1043 632 1261 700 ἑκάστῳ
1308 630 1502 683 πολλαὶ
1530 628 1794 697 γυναῖκες

224 731 544 803 εὐεργεσίας
575 728 737 799 χάριν
782 726 880 779 καὶ
917 723 1288 793 ἀντιμισθίας,
1316 720 1391 786 ὡς
1419 720 1634 790 λέγετε,
1660 717 1797 772 ἀλλὰ

225 824 432 896 μᾶλλον
481 823 590 884 τοῖς
646 818 863 880 πολλοῖς
913 815 1139 886 ἀνδράσι
1184 817 1323 882 γυνὴ
1377 812 1508 882 μίας
1554 811 1690 901 E10"
1718 809 1796 872 ὡς

214 915 605 985 κατακρίτοις,
631 912 733 965 καὶ
776 910 883 980 μὴν
926 909 984 960 αἱ
1034 907 1285 961 τοιαῦται
1316 902 1634 973 εὐεργεσίαι
1665 903 1800 955 ἀπο-

210 1010 385 1080 δοχῆς
414 1004 580 1077 355
608 1004 703 1057 καὶ
731 1002 946 1072 ἀγαθῆς
982 999 1330 1070 ἀντιμισθίας
1374 994 1586 1066 δόματά
1628 994 1796 1058 είσιν,

220 1102 300 1163 ὼς
328 1102 357 1152 ό
383 1097 631 1168 Μωάμεθ
673 1094 1006 1165 διαγορεύει.
1044 1093 1119 1147 Τὸ
1160 1091 1207 1144 δ’
1238 1089 1374 1145 αὐτὸ
1421 1088 1514 1142 καὶ
1547 1087 1642 1139 ἐπὶ
1684 1085 1798 1138 τῶν

225 1192 442 1245 πολλῶν
476 1176 766 1259 ’γυναικῶν
807 1187 916 1242 τῶν
966 1185 1352 1254 δοθησομένων
1391 1182 1473 1235 ἑνὶ
1518 1181 1674 1251 ἀνδρί
1699 1192 1717 1211 ⁸
1746 1180 1797 1232 εί

228 1281 330 1350 μὲν
374 1280 450 1342 ὡς
484 1272 788 1345 καταδίκης
820 1277 988 1342 ἄξιαι,
1026 1274 1143 1335 πῶς
1185 1274 1417 1327 δίδονται
1453 1271 1591 1343 πρὸς
1625 1271 1799 1332 αὐτᾶς

217 1370 583 1442 εὐεργεσίαις
609 1369 672 1422 Et
700 1369 744 1422 δ’
773 1366 1042 1437 ἀποδοχῆς
1070 1364 1241 1430 ἄξιαι,
1274 1365 1360 1418 διὰ
1392 1366 1445 1416 τί
1478 1364 1709 1418 δίδονται
1742 1363 1798 1417 αί

227 1461 423 1514 πολλαὶ
467 1460 549 1513 ἑνὶ
597 1459 781 1530 ἀνδρίς
816 1460 923 1512 Καὶ
954 1457 1003 1511 τί
1046 1458 1147 1528 τῆς
1190 1456 1449 1525 τοιαύτης
1482 1454 1799 1528 συγχύσεως

220 1550 577 1622 ἀτοπώτιρόν
611 1567 671 1604 τε
701 1550 796 1605 καὶ
821 1549 1186 1621 ἁηδέστερονς
1600 1615 1607 1623 .
1705 1553 1711 1557 “

300 1643 529 1704 Βλὶπεις
553 1642 670 1705 πῶς
697 1644 725 1697 ὁ
751 1650 1137 1713 παρατραπεις
1179 1642 1280 1712 τῆς
1308 1640 1521 1704 εὐθείας
1556 1640 1678 1694 όδοῦ
1718 1642 1799 1703 είς

228 1732 375 1785 πόσα
416 1732 600 1785 ἄτοπα
633 1732 1017 1802 παρεμπίπτει
1044 1733 1140 1786 καὶ
1167 1732 1338 1788 ἄκων.
1380 1730 1522 1785 Ἀλλ’
1552 1733 1654 1785 οὐκ
1681 1731 1798 1795 ἐστι

228 1822 411 1888 τοῦτο,
444 1822 545 1897 οῦκ
587 1821 774 1875 ἐστιν·
820 1824 884 1876 οὐ
937 1823 1045 1893 γάρ
1083 1824 1234 1878 ἔστιν
1278 1823 1311 1894 ἡ
1356 1821 1453 1876 τοῦ
1487 1821 1622 1876 Θεοῦ
1664 1824 1801 1892 πρὸς

1904 623 2121 694 ἔγραψα
2151 626 2280 692 περὶ
2306 623 2399 678 τοῦ
2428 622 2675 690 Μωάμεθ
2709 624 2832 676 ὅσον
2873 621 3089 691 ἔγραψα
3117 638 3130 653 ο
3162 618 3314 673 εἶπον
3361 624 3472 689 γὰρ

1902 716 1988 770 ὅτι
2033 717 2132 769 οὐκ
2181 714 2331 769 ἐστιν
2373 718 2400 769 ό
2432 715 2793 786 προκείμενος
2831 714 3035 776 σκοπὸς
3066 713 3166 781 τῆς
3210 713 3303 765 νῦν
3343 715 3474 781 πρὸς

1906 807 1966 861 σέ
2015 824 2116 877 μου
2152 806 2489 870 ἀπολογίας,
2539 807 2625 859 ἵνα
2674 807 2882 873 ποιήσω
2922 803 3275 874 καταδρομὴν
3335 804 3476 857 κατὰ

1904 900 2013 954 τῶν
2061 899 2504 970 Μουσουλμάνων
2570 902 2661 953 καὶ
2690 899 2867 951 .είπω
2926 897 3072 967 ἆπερ
3119 898 3338 965 λέγουσι
3383 903 3477 950 καὶ

1905 993 2241 1060 πράττουσιν
2266 992 2469 1057 ἄτοπα,
2518 991 2742 1061 ὀλέθριόι
2790 1011 2852 1047 τε
2904 988 2996 1046 καὶ
3046 993 3215 1053 κακὰ,
3243 989 3358 1043 ἀλλ’
3387 990 3477 1042 ἴνα

1903 1085 2062 1149 δείξω
2106 1085 2265 1155 μόνον
2307 1086 2389 1138 ὅτι
2451 1085 2779 1153 παραλόγως
2835 1086 2929 1137 καὶ
2981 1083 3184 1145 ἀδίκως
3237 1099 3478 1150 κατηγο-

1906 1174 2131 1245 ροῦνται
2163 1174 2313 1246 παρὰ
2357 1175 2467 1227 τῶν
2494 1173 2940 1244 Μουσουλμοὶνων
2987 1175 3033 1226 οί
3075 1161 3419 1242 Χριστιανοὶ,
3450 1168 3479 1221 δ

1904 1268 2001 1319 καὶ
2042 1266 2343 1336 πεποίηκα.
2378 1267 2437 1319 El
2484 1265 2543 1320 δὲ
2603 1266 2699 1319 καί
2746 1283 2867 1319 τινα
2923 1266 3153 1333 εἴπομεν
3204 1263 3334 1331 περὶ
3385 1260 3477 1313 τοῦ

1907 1358 2175 1428 Μωάμεθ,
2224 1359 2256 1429 ἠ
2312 1359 2409 1412 τοῦ
2468 1359 2796 1428 πράγματος
2850 1358 3109 1422 ὑπόθεσις
3166 1361 3479 1430 ἠνάγκασεν

1907 1453 2052 1520 ἡμᾶς
2084 1451 2164 1517 είς
2190 1452 2370 1515 τοῦτο,
2393 1453 2518 1505 ἐπεὶ
2542 1450 2702 1522 εἴπερ
2728 1453 2951 1521 εἴχομεν
2983 1452 3124 1504 κατὰ
3158 1451 3359 1504 σκοπὸν
3382 1451 3478 1505 τοῦ

1906 1543 2118 1613 γράψαι
2159 1544 2428 1614 περὶτῶν
2471 1544 2846 1615 ἀτοπημάτων
2891 1544 2988 1616 τῆς
3021 1544 3246 1615 διδαχῆς
3286 1543 3479 1609 αὐτοῦ,

1908 1618 2079 1689 πολλὰ
2107 1635 2329 1705 είχομεν
2350 1639 2543 1690 εἰπεῖν.

1979 1729 2102 1781 Ὅτι
2142 1728 2199 1782 δὲ
2238 1729 2339 1781 οὐκ
2373 1726 2525 1783 εἶπεν
2567 1731 2595 1782 ό
2639 1728 2873 1800 Χριστὸς
2920 1732 3050 1801 περὶ
3088 1730 3185 1785 τοῦ
3233 1730 3479 1802 Μωάμεθ

1914 1819 2073 1887 λόγον
2108 1821 2201 1873 τὸν
2257 1822 2515 1890 τυχόντα,
2560 1822 2679 1875 οὐδὲ
2726 1824 2785 1874 ὲν
2835 1823 2912 1890 τῷ
2941 1824 3259 1894 Εὖαγγελίῳ
3283 1820 3351 1898 ἦν
3393 1840 3486 1893 γε·

224 1915 364 1976 τοὺς
406 1913 597 1982 ἁγίους
652 1914 1047 1986 μισθαποδοσία
1093 1915 1295 1984 τροφαὶ
1339 1915 1435 1968 καὶ
1486 1913 1674 1979 πόσεις
1706 1915 1804 1969 καὶ
1854 1913 1891 1924 ’³
1918 1914 2239 1983 γραμμένον
2276 1913 2336 1967 τδ
2359 1914 2531 1983 όνομα
2573 1915 2764 1981 αὑτοῦ,
2794 1916 3022 1986 εἴπομεν
3052 1919 3109 1970 ὲν
3135 1919 3247 1980 τοῖς
3280 1917 3486 1987 ἔμπρο-

229 2005 437 2077 λοντρὰ
479 2010 575 2063 καὶ
625 2010 908 2075 γυναῖκες,
938 2009 975 2061 ἃ
1019 2007 1142 2060 τινά
1186 2009 1328 2061 είσιν
1384 2006 1664 2077 ἁμαρτίας
1711 2008 1806 2060 καὶ

230 2099 405 2170 όργῆς
456 2099 899 2169 ἀποτελέσματα,
927 2100 1003 2163 ὡς
1056 2101 1298 2170 εἴρηται,
1337 2098 1474 2153 ἀλλὰ
1518 2098 1805 2168 ἁγιωσύνη

234 2190 332 2243 καὶ
377 2189 690 2259 καθαρότης
719 2191 814 2243 καὶ
838 2190 1105 2259 ἀγγελικὴ
1128 2190 1396 2255 πολιτεία,
1428 2190 1575 2262 χαρά
1608 2208 1666 2243 τε
1711 2195 1810 2246 καὶ

230 2281 547 2353 εὐφροσύνη
595 2284 690 2336 καὶ⁸
736 2282 1088 2350 ἀγαλλίασις,
1116 2282 1185 2353 ἢν
1237 2281 1517 2352 ὀφθαλμὸς
1551 2284 1650 2337 οὐκ
1698 2279 1808 2338 εἶδε

229 2375 333 2426 καὶ
360 2369 454 2437 οῦς
482 2374 582 2427 οὐκ
615 2375 817 2445 ἦκουσε
844 2373 942 2427 καὶ
967 2374 1060 2427 ἐπὶ
1109 2373 1341 2444 καρδίαν
1371 2373 1663 2444 ἀνθρώπου
1710 2377 1811 2431 οῦκ

226 2466 405 2536 ἀνέϐη
444 2470 599 2521 ποτέ.

309 2554 464 2620 Εἶδες
490 2556 581 2611 τὸν
625 2558 841 2627 καρπόν
869 2559 972 2627 τῆς
999 2555 1328 2627 νομοθεσίας
1361 2555 1458 2610 τοῦ
1489 2558 1808 2626 νομοθέτου.

231 2648 576 2701 Γινώσκεται
599 2647 708 2701 ἀπὸ
734 2646 829 2702 τοῦ
866 2647 1078 2718 καρποῦ
1106 2647 1214 2701 τῶν
1249 2647 1502 2717 πράξεων
1536 2648 1567 2699 ὁ
1611 2649 1815 2717 τρόπος

226 2737 409 2793 αἰτοῦ
440 2737 473 2811 ἢ
501 2738 599 2803 οῦς
637 2738 747 2791 Καὶ
792 2738 878 2801 τίς
904 2737 1047 2792 οὕτω
1088 2739 1290 2807 τυφλὸς
1330 2743 1428 2792 καὶ
1467 2738 1695 2807 ἀνόητος
1721 2740 1817 2793 καὶ

237 2829 625 2899 ὲσκοτισμὲνος
647 2832 675 2883 ό
704 2831 779 2900 μὴ
803 2830 1007 2892 συνιεὶς
1037 2832 1107 2883 τὰ
1136 2830 1442 2900 λεγόμενας
1478 2830 1539 2883 '0
1557 2830 1615 2885 δὲ
1643 2830 1816 2883 ταῦτα

238 2920 555 2989 νομοθετῶν
585 2921 703 2987 πῶς
738 2922 845 2975 ἀπὸ
868 2921 1038 2985 Θεοῦ;

316 3014 427 3066 Καὶ
457 3013 586 3083 περὶ
621 3012 720 3083 μὲν
757 3011 952 3066 τοῦτον
996 3014 1080 3076 τίς
1120 3012 1278 3084 χρεία
1305 3012 1485 3083 λόγων
1518 3014 1815 3081 πλειόνωνς

241 3105 384 3174 Περὶ
413 3103 471 3156 δὲ
500 3103 593 3158 τοῦ
639 3105 1101 3176 ἐγγεγραμμένου
1143 3104 1409 3175 ὀνόματος
1445 3105 1540 3159 τοῦ
1571 3106 1817 3176 Μωάμεθ

244 3195 308 3247 ὲν
357 3195 472 3255 τοῖς
523 3194 718 3261 δεξιοῖς
779 3197 974 3265 μέρεσι
1017 3192 1113 3248 τοῦ
1171 3194 1366 3264 θρόνου
1416 3195 1511 3247 τοῦ
1553 3193 1690 3261 Θεοῦ
1738 3194 1823 3258 τίς

239 3285 406 3357 χρεία
454 3285 751 3353 ἀπολογίας
794 3286 1008 3363 λόγωνις
1052 3287 1117 3341 Οἱ
1169 3285 1269 3356 μὲν
1323 3285 1582 3356 φρόνιμοι
1635 3287 1824 3357 κρινέ-

243 3395 432 3436 τωσαν
484 3381 791 3450 φρονίμως,
818 3380 871 3433 οί
917 3380 974 3435 δέ
1022 3397 1085 3446 γε
1132 3380 1353 3450 ἀνόητοι
1392 3381 1488 3435 καὶ
1535 3383 1827 3453 μωροὶ-ὦς

236 3467 566 3540 βούλονται.

241 3649 415 3705 minae
454 3651 639 3707 multa:
679 3654 879 3711 dantur
901 3668 999 3725 pro
1022 3655 1245 3723 praemio
1272 3664 1328 3712 et
1359 3658 1824 3724 remuneratione,

244 3749 310 3795 ut
349 3742 554 3809 dicitis,
576 3745 670 3802 sed
703 3748 887 3815 potius
930 3746 1115 3803 multis
1158 3748 1292 3805 viris
1325 3748 1528 3806 femina
1560 3751 1709 3806 una?
1730 3750 1827 3806 Sin

246 3848 385 3889 vero
424 3846 484 3890 ιιι
508 3837 602 3906 qui
644 3839 882 3894 damnati
918 3839 1049 3903 sint,
1093 3842 1182 3896 illa
1234 3842 1453 3912 quidem
1484 3842 1747 3898 beneﬁcia
1773 3852 1828 3899 et

242 3927 443 3994 gratia:
474 3943 699 3984 munera
716 3940 862 3995 sunt,
887 3941 946 3987 ut
998 3931 1332 3995 Moliainetes
1375 3934 1597 4004 quidem
1641 3936 1824 3991 docet.

243 4018 450 4073 Eadem
490 4035 580 4075 res
613 4021 666 4075 in
698 4022 944 4091 pluribus
978 4022 1198 4080 feminis
1235 4025 1329 4079 uni
1365 4027 1562 4082 dandis
1594 4027 1732 4082 viro.
1769 4027 1828 4082 Si

241 4110 396 4163 enim
413 4111 762 4183 poenadignze
796 4124 948 4178 sunt,
986 4130 1157 4185 quare
1204 4116 1462 4172 benelicia
1507 4118 1576 4173 iis
1613 4119 1829 4174 contin-

238 4201 423 4270 gunt?
454 4202 549 4256 Sin
586 4206 1027 4262 remuneratione
1063 4207 1258 4276 dignae,
1301 4224 1473 4276 quare
1511 4209 1693 4264 multa:
1735 4210 1827 4263 uni

242 4291 372 4344 viro
391 4290 628 4347 dantur?
667 4294 783 4349 Tali
825 4297 1045 4365 quidem
1090 4297 1419 4355 confusione
1459 4298 1590 4367 quid
1638 4300 1829 4355 incon-

245 4380 473 4437 cinnius
501 4390 555 4435 et
581 4383 919 4440 fastidiosius
941 4395 1026 4442 est
1050 4388 1075 4441 ?

1910 2004 2038 2056 σθεν
2081 2006 2208 2058 ὅσον
2258 2004 2399 2076 δῆτα
2447 2006 2539 2059 καὶ
2569 2006 2802 2077 εἴπομεν
2830 2027 2842 2040 ο
2884 2013 2910 2063 ό
2958 2010 3015 2063 δὲ
3065 2008 3220 2077 λόγος
3242 2009 3486 2080 δηλώσει

1908 2098 2069 2151 τοῦτο
2106 2098 2199 2150 καὶ
2230 2097 2311 2151 ἔτι
2342 2099 2695 2168 σαφέστερον.
2729 2101 2908 2170 "Amp
2944 2098 3086 2155 εἶδον
3114 2102 3164 2154 oi
3194 2101 3486 2155 ἀπόστολοι

1912 2188 2007 2243 καὶ
2052 2190 2298 2259 μαθηταὶ
2347 2188 2441 2243 τοῦ
2494 2191 2740 2261 Χριστοῦ
2778 2191 2870 2245 καὶ
2913 2191 3056 2262 ἅπερ
3095 2193 3399 2261 ἀκηκόασιν
3425 2192 3487 2259 ἐξ

1911 2278 2078 2331 αὑτοῦ
2109 2277 2205 2332 τοῦ
2259 2278 2531 2347 στόματος
2586 2280 2681 2334 τοῦ
2726 2281 2991 2351 Χριστοῦ,
3017 2281 3193 2335 ταῦτα
3240 2282 3489 2354 ἔγραψαν

1914 2371 2008 2425 καὶ
2048 2369 2320 2435 ἐδίδαξαν.
2362 2370 2455 2435 Ἐξ
2506 2370 2689 2423 αὐτῶν
2742 2372 2876 2439 γοῦν
2926 2374 3034 2425 τῶν
3090 2372 3347 2443 μαθητῶν
3394 2373 3487 2428 τοῦ

1914 2462 2157 2532 Χριστοῦ
2184 2461 2452 2533 τέσσαρες
2485 2462 2903 2530 συνεγράψαντο
2942 2464 3002 2516 τὺ
3029 2464 3387 2532 Εὐαγγέλιον.
3429 2467 3489 2520 Ὀ

1918 2553 2020 2623 μὲν
2046 2547 2127 2617 εἷς
2166 2553 2571 2624 ὀνομαζόμενος
2600 2555 2885 2616 λιατθαῖος
2925 2555 3227 2623 Ἐὁραῖκῶς
3257 2558 3489 2625 ἐξέδωκε

1914 2644 2072 2699 τοῦτο
2121 2646 2204 2710 τίς
2257 2645 2356 2715 τὴν
2416 2646 2786 2716 Παλαιστίνην
2837 2646 2954 2716 ἦτοι
3012 2648 3083 2701 τὰ
3141 2648 3492 2718 Ἰεροσόλυμα

1918 2739 2010 2790 καὶ
2038 2737 2109 2791 τὰ
2136 2739 2282 2808 μέρη
2304 2738 2409 2808 τῆς
2433 2738 2640 2808 Λιδύης
2660 2754 2676 2770 ο
2709 2739 2739 2791 ό
2760 2739 2815 2792 δὲ
2844 2740 3031 2809 ἔτερος
3058 2739 3288 2809 Μάρκος
3322 2742 3492 2795 Λατι-

1918 2829 2081 2890 νικῶς
2112 2829 2192 2892 είς
2220 2828 2318 2900 τὴν
2341 2814 2589 2899 Ἀχαίαν,
2627 2831 2721 2884 καὶ
2753 2830 2909 2901 ἐδόθη
2936 2831 3016 2894 είς
3037 2849 3096 2885 τε
3123 2834 3225 2902 τὴν
3257 2833 3494 2886 Ἰταλίαν

1919 2920 2014 2972 καὶ
2049 2917 2144 2989 τὴν
2196 2919 2444 2989 Ῥώμην,
2489 2921 2625 2975 ἀλλὰ
2667 2922 2734 2991 δὴ
2795 2923 2887 2974 καὶ
2941 2921 3085 2975 κατὰ
3132 2923 3200 2977 τὰ
3258 2923 3494 2993 ἑσπέρια

1922 3011 2136 3065 ἅπαντα
2185 3012 2337 3082 ἔθνη.
2396 3013 2456 3065 '0
2503 3013 2561 3067 δὲ
2624 3014 2815 3084 ἕτερος
2864 3014 3105 3080 Λουκᾶς,
3162 3014 3493 3086 Ἑλληνικῶς

1850 3133 1893 3191 c
1923 3104 1978 3157 δέ
2005 3118 2019 3133 ⁶
2062 3103 2153 3156 καὶ
2188 3104 2344 3172 ἐδόθη
2372 3107 2449 3168 εἰς
2471 3105 2571 3175 τὴν
2615 3105 2780 3176 356
2823 3105 3011 3159 Ἀσίαν
3042 3106 3137 3159 καὶ
3176 3107 3489 3169 Αἰθιοπίαν.

1926 3194 2165 3264 Περσίαν
2193 3211 2252 3248 τε
2287 3194 2384 3250 καὶ
2413 3195 2609 3249 Ἰνδίαν
2654 3197 2749 3250 καὶ
2791 3196 3077 3268 Ἀραϐίαν.
3120 3196 3179 3249 '0
3217 3196 3275 3251 δὲ
3305 3197 3494 3267 ἕτερος

1939 3287 2192 3354 Ἰωάννης
2224 3289 2319 3341 καί¹
2366 3289 2531 3352 αὐτὸς
2574 3287 2924 3360 Ἑλληνικῶς,
2957 3291 3053 3345 καὶ
3107 3288 3263 3360 ἐδόθη
3303 3273 3383 3353 είς
3428 3291 3499 3344 τὰ

1931 3377 2070 3450 μέρη
2097 3380 2197 3449 τῆς
2251 3379 2524 3449 Εὐρώπης
2558 3380 2656 3433 καὶ
2696 3372 2794 3443 τὰς
2830 3382 3030 3451 νήσους
3070 3380 3166 3435 καὶ
3193 3382 3321 3435 ἔνθα
3349 3381 3502 3451 εὑρί-

1930 3485 2147 3524 σκονται
2178 3471 2229 3524 οί
2262 3470 2544 3542 Ἓλληνες.
2570 3471 2683 3527 Καὶ
2716 3471 2892 3536 οὕτως
2924 3471 3141 3544 διεδόθη
3168 3472 3499 3542 τδΕὐαγγέ-

1928 3652 2170 3719 dicanto,
2192 3651 2350 3710 inscii
2368 3661 2424 3709 et
2439 3654 2592 3711 stulti
2615 3664 2793 3710 autem
2814 3655 3269 3725 quemadmodum
3294 3655 3497 3712 volent.

1997 3745 2268 3800 Caeterum
2304 3746 2450 3801 haud
2484 3747 2691 3806 oblitus
2724 3749 2994 3819 propositi
3026 3749 3134 3804 mei
3188 3750 3258 3805 de
3306 3748 3502 3805 licha-

1932 3846 2072 3893 mete
2102 3838 2322 3906 scripsi,
2350 3838 2621 3909 quidquid
2650 3840 2871 3909 scripsi.
2891 3841 3005 3896 Dixi
3041 3843 3209 3908 enim,
3240 3856 3347 3897 non
3381 3857 3503 3898 esse

1935 3928 2100 3998 hujus
2124 3929 2510 3999 disputationis
2541 3930 2854 3995 consilium,
2890 3939 2954 3987 ut
2992 3931 3070 3988 'in
3123 3931 3503 3991 Musnlmauos

1928 4018 2223 4073 inveharet
2249 4019 2381 4088 quid
2408 4020 2611 4090 inepte,
2644 4021 2956 4090 perniciose
2992 4030 3045 4078 et
3113 4024 3257 4079 male
3309 4024 3501 4080 dicant

1931 4120 2181 4176 agantve,
2214 4109 2462 4173 doceam,
2499 4110 2594 4166 sed
2626 4119 2684 4165 ut
2704 4112 3015 4175 ostendam,
3044 4114 3181 4169 male
3207 4122 3267 4169 et
3310 4114 3510 4171 imme-

1933 4201 2037 4253 rito
2057 4199 2400 4256 Christianos
2429 4216 2460 4256 a
2491 4201 2850 4258 Musulmanis
2902 4206 3152 4259 accusari
3187 4224 3202 4260 :
3242 4205 3297 4260 id
3352 4210 3499 4277 quod

1933 4291 2057 4346 feci.
2086 4290 2150 4345 Si
2175 4292 2240 4347 de
2270 4290 2578 4348 Mohamete
2606 4301 2788 4349 autem
2804 4294 3063 4349 nonnulla
3091 4296 3350 4362 diximus,
3375 4309 3504 4352 coe-

1933 4381 2009 4452 git
2040 4397 2160 4447 nos,
2192 4382 2266 4437 ita
2302 4391 2363 4437 ut
2398 4382 2730 4449 faceremus,
2769 4387 2846 4441 rei
2873 4395 3094 4450 natura,
3142 4401 3292 4454 cum,
3346 4388 3395 4444 si
3448 4387 3507 4442 in

326 4469 513 4536 Vides,
545 4473 637 4541 qui
672 4489 704 4529 a
736 4484 883 4529 recta
918 4476 1003 4531 via
1038 4476 1257 4532 deﬂexit
1298 4477 1353 4532 in
1402 4486 1537 4547 quot
1591 4479 1822 4547 ineptias
1855 4473 1902 4530 υ
1933 4471 2116 4527 animo
2150 4472 2366 4537 fuisset,
2401 4475 2468 4530 de
2494 4476 2713 4545 ineptiis
2757 4477 3027 4533 doctrina:
3067 4478 3188 4549 ejus
3244 4480 3508 4543 scribere,

242 4563 418 4617 etiam
447 4562 651 4619 invitus
673 4565 919 4620 incidat?
941 4567 1011 4620 At
1036 4584 1143 4621 non
1160 4578 1244 4623 est
1261 4568 1360 4633 ita,
1390 4583 1494 4623 non
1518 4576 1622 4622 est.
1642 4567 1832 4639 Neque

240 4653 399 4706 enim
434 4663 658 4708 sanctos
683 4652 824 4708 Deus
849 4654 1009 4718 cibis,
1030 4655 1371 4724 potionibus,
1402 4657 1658 4723 lavacris,
1678 4658 1832 4713 femi-

239 4748 338 4802 nis
364 4755 770 4816 remuneratur,
789 4762 910 4814 quae
933 4760 999 4801 ex
1020 4762 1213 4802 errore
1242 4758 1295 4802 et
1316 4748 1396 4801 ira
1427 4756 1543 4803 orta
1566 4757 1717 4814 sunt,
1734 4749 1828 4805 sed

241 4838 567 4902 sanctitate,
590 4839 902 4909 integritate
925 4848 980 4894 et
1001 4840 1112 4894 vita
1133 4840 1402 4910 angelica,
1420 4840 1622 4910 gaudio
1640 4855 1826 4910 porro,

241 4928 532 4983 hilaritate
547 4936 600 4984 et
616 4920 835 4988 laetitia.
854 4929 1068 4998 qualem
1097 4944 1198 4984 nec
1220 4929 1415 4983 oculus
1440 4929 1597 4993 vidit,
1619 4945 1717 4984 nec
1731 4945 1830 4983 au-

242 5017 334 5072 ris
360 5015 587 5084 audivit,
611 5017 880 5089 cujusque
905 5020 961 5074 in
978 5019 1182 5075 nullius
1208 5019 1450 5075 hominis
1464 5034 1561 5075 cor
1580 5030 1833 5091 penetra-

244 5109 330 5164 vit
357 5124 576 5165 sensus.

321 5197 522 5255 Vidisti
549 5200 660 5270 jam
690 5199 923 5257 fructum
950 5201 1087 5269 legis
1113 5199 1439 5273 legislatoris
1498 5202 1679 5256 istius.
1735 5200 1837 5257 Co-

245 5293 612 5361 gnosciturne
633 5309 664 5348 e
688 5293 869 5348 fructu
889 5294 1156 5348 factorum
1184 5308 1304 5350 mos
1329 5295 1472 5365 ejus,
1507 5294 1717 5349 necne?
1741 5301 1836 5348 aut

245 5382 385 5451 quis
409 5383 479 5436 ita
509 5397 689 5439 caecus
710 5391 767 5438 et
793 5383 1084 5452 imperitus
1108 5390 1162 5436 et
1187 5381 1496 5447 hebetatus,
1514 5383 1609 5451 qui
1635 5399 1737 5437 non
1755 5384 1840 5438 in-

248 5471 467 5540 telligat
496 5488 615 5540 qua:
642 5474 1044 5540 disputavimus
1075 5473 1171 5527 ?at
1195 5474 1323 5528 talia
1354 5475 1460 5544 qui.
1480 5475 1661 5529 sancit
1701 5488 1841 5543 quo-

248 5562 425 5617 modo
448 5578 477 5616 a
517 5563 625 5618 Deo
658 5565 854 5619 missos
876 5568 949 5619 sit
975 5566 1002 5618 .’

328 5652 407 5706 Ac
435 5651 502 5707 de
535 5654 636 5710 hac
659 5655 881 5724 quidem
921 5671 982 5711 re
1012 5654 1149 5709 nihil
1150 5655 1360 5729 attinet
1381 5655 1601 5724 longius
1631 5655 1838 5711 dicere.

246 5742 394 5797 Ncct
409 5745 580 5798 atinet
595 5744 663 5800 de
677 5748 896 5801 nomine
913 5745 1235 5800 Mohametis
1248 5746 1301 5799 in
1319 5746 1509 5801 dextra
1528 5755 1678 5815 parte
1693 5747 1847 5801 thro-

246 5833 313 5891 ni
338 5833 434 5917 Dei
450 5836 657 5909 scripto
671 5837 875 5902 dicere;
911 5837 1205 5908 prudentes
1239 5837 1383 5892 enim
1430 5837 1724 5909 prudenter
1751 5837 1844 5907 ju-

652 5927 929 5992 Pa'rnon.
957 5930 1074 5991 Gn.
1116 5923 1297 5988 CLVI

1938 4567 2108 4618 multa
2142 4567 2299 4622 nobis
2323 4568 2552 4623 dicenda
2572 4566 2826 4625 fuissent.

2010 4652 2129 4707 Non
2161 4655 2368 4710 dixisse
2399 4665 2581 4711 autem
2613 4656 2891 4712 Christum
2921 4657 2987 4713 de
3018 4657 3325 4715 Moliamete
3341 4659 3507 4716 verba

1935 4744 2061 4806 ista,
2094 4759 2195 4799 nec
2233 4745 2286 4799 in
2321 4746 2613 4817 Evangelia
2644 4748 2911 4816 scriptum
2939 4763 3065 4803 esse
3124 4764 3327 4804 nomen
3363 4749 3507 4818 ejus,

1935 4834 2003 4889 de
2038 4836 2137 4890 hac
2171 4851 2228 4890 re
2259 4846 2372 4891 tum
2405 4848 2533 4891 ante
2585 4838 2848 4904 diximus,
2874 4854 2997 4909 quae
3024 4839 3285 4903 diximus,
3316 4848 3430 4894 tum
3456 4840 3511 4894 in

1937 4926 2188 4996 sequenti
2239 4928 2610 4997 disputatione
2661 4929 2877 4984 dicetur
2933 4929 3287 4986 luculentius.
3375 4929 3509 4997 Quae

1938 5020 2193 5074 viderunt
2229 5020 2456 5088 apostoli
2478 5030 2532 5075 et
2560 5020 2815 5091 discipuli
2839 5021 3066 5087 Christi,
3101 5032 3304 5092 etquae
3350 5022 3511 5079 audi-

1938 5122 2219 5165 veruntex
2249 5126 2345 5165 ore
2379 5111 2521 5180 ejus,
2561 5112 2764 5167 litteris
2794 5113 3136 5168 mandarunt
3186 5123 3241 5169 et
3302 5112 3510 5168 docue-

1938 5211 2086 5256 runt.
2107 5199 2185 5254 Ex
2209 5201 2342 5270 ipsis
2372 5201 2518 5257 enim
2534 5203 2818 5272 discipulis
2832 5202 3036 5259 Christi
3083 5212 3316 5272 quatuor
3336 5199 3514 5258 Evan-
3546 5250 3556 5259 .

1941 5293 2139 5360 gelium
2173 5292 2620 5362 conscripserunt
2652 5309 2667 5347 :
2696 5293 2843 5355 quod
2877 5308 3044 5352 unus.
3083 5292 3369 5349 Matthzrns
3415 5307 3514 5347 no-

1942 5386 2110 5445 mine,
2142 5381 2404 5436 Hehraice
2452 5382 2504 5435 in
2528 5382 2839 5446 Palmstina,
2886 5383 2969 5437 vel
3004 5382 3400 5452 Hierosolymis
3459 5393 3515 5438 et

1941 5476 2085 5527 circa
2115 5472 2335 5543 Libyam
2348 5473 2545 5539 edidit;
2565 5472 2972 5538 alter,Marcus,
2990 5472 3180 5528 Latine
3196 5475 3250 5527 in
3289 5473 3516 5537 Achaia,

1942 5568 2084 5633 quod
2106 5565 2160 5618 in
2189 5565 2395 5619 Italiam
2419 5574 2473 5619 et
2502 5562 2732 5617 Romam
2766 5573 2821 5618 et
2852 5564 2917 5619 ad
2940 5578 3129 5618 omnes
3146 5562 3518 5619 occidentales

1944 5665 2132 5726 gentes
2161 5656 2422 5726 perlatum
2445 5664 2527 5710 est
2560 5673 2575 5720 ;
2603 5656 2821 5719 tertius,
2860 5654 3060 5718 Lucas,
3114 5653 3322 5711 Graece.
3367 5653 3515 5722 quod

1944 5746 2279 5814 divulgatum
2309 5754 2396 5801 est
2423 5746 2476 5800 in
2510 5745 2662 5808 Asia,
2694 5744 2998 5816 Etliiopia,
3031 5744 3236 5809 Persis,
3268 5741 3418 5797 Indis
3460 5748 3516 5794 ex

1949 5837 2146 5893 Arabia
2184 5855 2200 5904 ;
2232 5848 2480 5909 quartus,
2516 5836 2778 5905 Joannes,
2822 5837 2950 5894 item
3000 5835 3207 5899 Graec,
3253 5829 3403 5903 quod
3456 5828 3518 5888 in

3088 5925 3163 5988 30
