3962 6564
519 425 626 489 939

1723 403 2064 468 'GEORGII
2108 403 2532 468 ΡΗΗΑΝΤΖΕ

3659 399 3752 468 910

519 538 631 588 λιον
666 534 744 595 είς
774 529 864 584 τὸν
908 528 1112 596 κόσμον
1157 525 1374 579 ᾶπαντα
1411 524 1470 576 ού
1502 520 1641 590 μετὰ
1677 519 1798 589 βίας
1823 518 1946 572 οὐδὲ
1978 515 2098 586 μετ’
2126 521 2171 576 Δ
2199 517 2258 570 δὲ
2285 519 2386 586 τήν
2413 518 2725 589 ἀνάγνωσιν
2752 517 2848 572 τοῦ
2877 517 3215 587 Εὑαγγελίου
3247 517 3360 572 τῶν
3392 520 3757 571 πεντακοσίων

519 626 764 693 ἀνάγκης
817 617 940 672 ούδὶ
991 616 1129 687 μετά
1169 615 1358 683 ξίφους
1405 613 1497 666 καὶ
1562 608 1799 680 σπάθης,
1850 607 1968 660 ἀλλ’
2033 608 2090 658 ἐν

518 718 710 787 ἀγάπη
753 714 846 768 καὶ
883 712 1162 779 ἱλαρότητι
1193 708 1290 760 καὶ
1318 707 1375 758 ἐν
1407 703 1737 757 ταπεινώσει
1769 700 2090 767 εὑρίσκοντο

517 808 869 867 διδάσκοντες
903 805 952 856 oi
997 800 1293 855 ἀπόστολοι
1330 797 1421 850 τὸν
1452 795 1612 863 λόγον
1637 791 1736 846 τοῦ
1783 789 1943 844 Θεοῦ.
1978 788 2090 842 Καὶ

519 896 927 965 ἀντέστραπται
966 891 1038 944 τὰ
1079 890 1401 958 πράγματα.
1441 885 1566 938 Τῶν
1617 881 1730 951 γάρ
1773 878 2091 934 ἀποστόλων

517 989 902 1057 τυπτομένων,
927 981 1395 1051 κολαφιζομένων,
1420 976 1872 1046 λοιδορουμένων,
1902 973 2093 1024 διωκο-

523 1081 725 1151 μένων,
757 1077 1120 1132 διδασκόντων
1149 1075 1209 1125 oi:
1245 1071 1542 1123 κατέπιπτε
1583 1068 1644 1119 τὸ
1661 1067 1945 1134 κήρυγμα,
1974 1059 2091 1151 ἀλλ’

518 1150 706 1244 ήμέρα
752 1172 820 1240 τῇ
860 1167 1048 1238 ἡμέρᾳ
1079 1162 1447 1234 ἐμεγαλύνετο
1473 1159 1569 1212 καὶ
1598 1157 1863 1228 ηὐξάνετο
1903 1152 1964 1206 τὸ
1990 1150 2089 1205 τοῦ

518 1265 759 1339 Χριστοῦ
799 1262 1136 1330 εὐαγγέλιον.
1170 1259 1279 1311 Καὶ
1324 1258 1529 1308 ἐκεῖνοι
1560 1255 1608 1307 oi
1657 1251 1829 1306 πολλὰ
1862 1247 2098 1339 σπουδάῖ

519 1337 706 1427 ζοντες
756 1359 851 1410 καλ⁸
905 1354 1080 1407 πολλὰ
1126 1348 1528 1409 κεκοπιακότες
1589 1343 1831 1412 καλύψαι
1886 1341 1948 1395 τὸ
1987 1337 2092 1391 -τοῦ

518 1449 759 1522 Χριστοῦ
809 1445 1119 1518 δνομα,ῐνα
1161 1441 1238 1513 μὴ
1284 1441 1598 1510 ὁμολογήσῃ
1647 1436 1812 1490 αὐτόν
1856 1450 1942 1496 τις
1977 1430 2096 1484 ’τῶν

519 1541 823 1614 ἀνθρώπιον
852 1539 1007 1600 Θεὸν,
1039 1537 1068 1588 6
1098 1535 1155 1588 δὲ
1186 1532 1348 1586 τοῦτο
1384 1530 1673 1600 τολμήσων
1715 1523 1937 1614 θανάτῳῗ
1960 1523 2097 1575 ἀπο-

521 1613 788 1694 θανεῖται,
815 1631 972 1685 αὐτοὶ
994 1628 1193 1680 ἐκεῖνοι
1218 1622 1660 1693 κατανοήσαντες
1685 1617 1782 1688 τὴν
1809 1613 2096 1684 ἀλήθειαν,

520 1723 868 1794 προσέπεσον
917 1718 1012 1770 καὶ
1036 1713 1482 1785 προσεκύνησαν,
1513 1713 1563 1763 οἱ
1592 1709 1694 1780 μὲν
1726 1709 1842 1771 τοῖς
1864 1703 2101 1794 ἀποστόέ

520 1793 657 1882 λοις,
687 1812 736 1866 οἱ
767 1811 824 1863 δὲ
849 1810 962 1869 τοῖς
996 1805 1221 1860 ἐκείνων
1243 1804 1512 1873 διαδόχοις
1543 1802 1640 1854 καὶ
1672 1797 1970 1869 μαθηταῖς,
1999 1793 2095 1847 καὶ

525 1905 861 1961 ἐπίστευσαν
889 1902 972 1954 ὅτι
1010 1898 1175 1960 αὑτός
1200 1897 1350 1948 ἐστιν
1375 1897 1403 1946 ό
1439 1891 1696 1961 ἀληθινὸς
1727 1887 1880 1951 Θεὸς,
1906 1889 1936 1941 ό
1959 1884 2096 1955 Χρι-

524 1998 671 2060 στὸς,
701 1993 865 2057 αὐτός
893 1994 1042 2046 ἐστιν
1085 1991 1112 2042 6
1142 1988 1274 2049 Υἱὸς
1299 1984 1392 2039 τοῦ
1439 1982 1577 2038 Θεοῦ
1609 1979 1704 2034 τοῦ
1737 1979 1961 2044 ζῶντος,
2000 1980 2096 2032 καὶ

522 2086 818 2140 ἐλυποῦντο
844 2085 938 2138 καὶ
966 2081 1183 2134 ικλαιον
1217 2078 1316 2140 τὰς
1347 2072 1731 2144 παρελθούσας
1764 2070 2001 2142 ἡμέρας,
2030 2068 2098 2132 ἀς

521 2178 936 2250 περιεπάτησαν
967 2176 1024 2228 ἐν
1058 2175 1124 2242 τῇ
1167 2169 1360 2239 σκοτίᾳ
1409 2167 1505 2221 καὶ
1543 2168 1612 2236 τῇ
1643 2165 1822 2234 πλάνῃ
1857 2162 1955 2217 τοῦ
1990 2162 2095 2214 Σα-

519 2272 679 2326 τανᾶ.
717 2269 779 2322 '0
822 2267 880 2320 δὲ
925 2263 1241 2332 πανάγαθος
1275 2259 1410 2322 Θεὸς
1449 2259 1547 2312 καὶ
1577 2257 1832 2327 ἐλεήμων
1876 2253 2099 2320 ἐδέξατο

523 2361 700 2415 αὐτῶν
719 2361 820 2429 τὴν
853 2357 1164 2427 μετάνοιαν,
1191 2353 1286 2405 καὶ
1310 2351 1509 2414 αὐτοὺς
1547 2350 1675 2412 τοὺς
1701 2346 2000 2409 διώκοντας
2032 2345 2096 2398 τὸ

521 2452 617 2507 τοῦ
657 2447 896 2520 Χριστοῦ
940 2448 1114 2516 δνομα
1152 2445 1458 2513 κατέστησε
1500 2440 1772 2511 ποιμένας
1798 2438 1961 2509 357
2003 2437 2099 2490 καὶ

521 2542 880 2602 διδασκάλους
922 2539 1017 2592 καὶ
1061 2538 1313 2606 κήρυκας
1342 2534 1438 2588 τοῦ
1467 2533 1808 2601 Εὐαγγελίου
1859 2530 1955 2582 καὶ
1999 2526 2096 2580 τοῦ

522 2635 785 2703 ὀνόματος
824 2628 1011 2684 αὑτοῦ.
1048 2629 1157 2682 Καὶ
1183 2625 1445 2686 λαϐόντες
1465 2623 1516 2676 oi
1538 2621 1745 2683 πάντες
1775 2620 1836 2672 τὸ
1859 2617 2098 2685 εὐαγγέο

519 2727 634 2780 λιον
679 2721 1029 2795 μετέγραψαν
1089 2719 1183 2772 καὶ
1225 2714 1374 2786 εἶχον
1403 2714 1536 2768 αὐτὸ
1583 2710 1668 2774 εἷς
1716 2711 1970 2772 ἕκαστος,
2005 2708 2100 2760 καὶ

520 2819 856 2886 ἀνεγίνωσκε
888 2813 985 2870 καὶ
1014 2810 1284 2882 ἐμάνθανε
1324 2809 1420 2877 και
1447 2806 1764 2861 ἐδιδάσκετο
1805 2802 1900 2856 καὶ
1928 2816 2101 2870 προσ-

520 2913 704 2967 εκύνει
733 2910 804 2963 τὰ
835 2910 895 2961 ἐν
936 2903 1087 2975 αὐτῷ
1115 2903 1506 2972 γεγραμμένα.
1541 2900 1650 2952 Καὶ
1677 2895 1852 2958 οὕτως
1881 2893 2098 2962 διεδόθη

520 3007 601 3068 εις
626 3003 720 3056 τὸν
764 3001 981 3055 ἅπαντα
1029 2998 1237 3065 κόσμον
1299 2995 1363 3046 τὸ
1392 2991 1753 3060 Εὑαγγέλιον,
1803 2988 1898 3041 καὶ
1952 2982 2100 3055 εἶχον

520 3096 654 3149 αὐτὸ
690 3094 890 3155 πάντες
944 3092 994 3143 oi
1054 3084 1440 3148 κατοικοῦντες
1482 3084 1582 3152 τὴν
1628 3081 1754 3151 γῆν.
1805 3080 1937 3131 Ἀπὸ
1965 3075 2098 3145 γοῦν

2193 611 2402 680 χρόνων
2426 612 2510 672 τίς
2536 611 2764 680 ἔμελλεν
2793 612 3094 681 τολμήσειν
3116 610 3370 664 ἐκϐαλεῖν
3391 610 3454 664 τὸ
3481 607 3573 662 τοῦ
3602 609 3760 663 nos.

2199 699 2300 766 μεθ
2332 700 2504 769 ὄνομα
2529 700 2639 754 άπὸ
2665 700 2759 754 τοῦ
2785 701 3128 769 Εὐαγγελίου
3151 695 3168 765 ,
3200 699 3362 770 είπερ
3390 699 3675 769 εὑρίσκετο
3705 699 3762 749 ἐν

2194 793 2345 862 αὐτῷ
2399 793 2818 864 γεγραμμένον;
2855 794 2931 846 Τὸ
2985 794 3085 862 μὲν
3140 793 3223 846 δτι
3270 793 3406 861 μίαν
3451 791 3547 844 καὶ
3601 791 3762 859 μόνην

2195 886 2342 951 λέξιν
2381 888 2410 940 6
2439 885 2717 956 τολμήσας
2751 885 3083 956 προσθήσειν
3111 885 3144 956 ἦ
3177 884 3432 938 ἐκϐαλεῖν
3458 884 3520 937 ού
3547 883 3764 936 δύναται

2197 979 2364 1031 πλέον
2413 980 2624 1042 ὲιεῖνος
2672 977 3036 1048 ὀνομάζεσθαι
3084 974 3558 1046 Χριστιανόςοτό
3606 974 3762 1028 διότι

2198 1075 2358 1145 εἴπερ
2387 1075 2483 1126 καί
2511 1091 2594 1137 τις
2625 1069 3189 1140 κακὸς,ύποθώμεθα,
3222 1069 3449 1134 ἐξέϐαλέ
3475 1083 3600 1120 τινα
3626 1064 3762 1130 λέξιν

2197 1168 2308 1222 ἀπὸ
2337 1165 2433 1220 τοῦ
2465 1165 2822 1233 Εὗαγγελίου,
2856 1165 2885 1217 6
2914 1164 3100 1234 ἕτερος
3121 1163 3269 1224 ἅπας
3300 1163 3510 1230 κόσμος
3541 1159 3764 1212 ἀκολου.

2198 1260 2387 1330 θήσειν
2440 1259 2636 1329 ἔμελλε
2682 1259 2758 1327 τῷ
2807 1256 2902 1310 τοῦ
2958 1258 3078 1321 ἐνὸς
3135 1257 3492 1324 ἀτοπὴματις
3551 1253 3766 1316 Πάντως

2197 1351 2340 1422 οὐχί.
2383 1350 2518 1404 Ἀπὸ
2544 1348 2678 1418 γοῦν
2720 1349 2913 1402 τούτου
2945 1349 3305 1413 ἀναφαίνεται
3347 1348 3428 1400 δτι
3458 1347 3564 1398 οὐκ
3590 1340 3661 1416 ἦν
3684 1361 3767 1411 γε-

2200 1443 2525 1514 γραμμένον
2546 1441 2606 1494 τὸ
2634 1441 2808 1510 δνομα
2837 1441 2933 1494 τοῦ
2958 1439 3210 1508 Μωάμεθ
3241 1441 3298 1491 ἐν
3329 1433 3405 1507 τῷ
3426 1437 3764 1505 Εὑαγγελίῳ.

2203 1538 2273 1589 Ἥ
2301 1536 2376 1596 ὡς
2407 1534 2571 1587 καλὸν
2596 1534 2792 1602 ἔμελλε
2843 1534 3226 1603 μαρτυρήσειν
3247 1534 3274 1586 6
3301 1516 3546 1602 Χριστὸς
3573 1531 3769 1583 ἐκεῖνον

2198 1624 2233 1695 ἢ
2263 1623 2341 1686 ib;
2367 1623 2537 1676 κακόν
2556 1639 2572 1656 ο
2607 1621 2704 1674 καὶ
2747 1623 2797 1673 εί
2827 1623 2926 1690 μὲν
2952 1620 3028 1684 ὡς
3074 1621 3265 1683 καλὸν,
3305 1618 3540 1688 ἔμελλον
3564 1619 3769 1686 ἐκδίκει

2199 1715 2328 1770 σθαι
2358 1715 2557 1778 πάντες
2583 1716 2632 1769 οἱ
2684 1713 2925 1782 βασιλεῖς
2963 1713 3066 1782 τῆς
3115 1715 3243 1783 γῆς,
3274 1712 3480 1775 πάντες
3506 1712 3555 1763 oi
3580 1711 3770 1779 τοπάρ-

2201 1824 2317 1878 χαι,
2357 1805 2558 1868 πάντες
2602 1805 2653 1857 οἱ
2701 1803 3023 1874 Χριστιανοὶ
3065 1803 3160 1855 τὸν
3202 1801 3360 1871 παρὰ
3398 1799 3495 1854 τοῦ
3536 1799 3769 1872 Χριστοῦ

2205 1897 2643 1971 μαρτυρηθέντα,
2681 1896 2770 1949 ἶνα
2823 1894 3038 1950 λάϐωσι
3084 1893 3186 1965 τήν
3232 1894 3339 1946 ἀπὸ
3392 1892 3593 1947 τούτου
3644 1891 3772 1960 ὠφέ-

2199 1993 2350 2046 λειαν
2373 2007 2387 2021 ·
2421 1992 2470 2044 εἰ
2497 1990 2545 2043 δ’
2577 1993 2654 2052 ὡς
2687 1988 2880 2052 κακὸν,
2921 1987 3088 2040 πάλιν
3119 1986 3346 2054 ἔμελλον
3372 1985 3519 2055 ἔχειν
3545 1985 3615 2037 τὰ
3642 1982 3771 2036 ἐκεί-

2201 2102 2294 2138 νου
2323 2082 2488 2154 358
2537 2078 2898 2150 γνωρίσματα
2938 2077 3034 2130 καὶ
3066 2077 3440 2146 φυλάττεσθαι
3486 2075 3548 2141 ἐξ
3591 2072 3768 2136 αὐτοῦ,

2203 2177 2290 2229 ἵνα
2321 2175 2396 2245 μὴ
2425 2174 2662 2244 βλαϐὦσι
2691 2188 2706 2203 ο
2739 2171 2837 2225 καὶ
2865 2169 2976 2223 εἴτε
3006 2169 3082 2233 ὥς
3114 2169 3468 2238 ἐκδεχόμενοι
3489 2167 3586 2220 τὸν
3618 2165 3768 2219 καλὸν

2198 2267 2312 2320 εῐτε
2357 2265 2434 2330 ὡς
2482 2264 2953 2333 ἀποστρεφόμενοι
3001 2263 3095 2315 τὸν
3138 2263 3331 2324 κακὸν,
3357 2260 3513 2312 οὐδὲν
3557 2257 3768 2320 ἔμελλεν

2202 2358 2457 2412 ἐκϐαλεῖν
2505 2355 2651 2417 ἀπας
2673 2357 2702 2408 6
2731 2353 2940 2424 κόσμος
2985 2354 3052 2406 ὲκ
3093 2351 3189 2406 τοῦ
3225 2350 3569 2419 Εὐαγγελίου
3599 2350 3659 2401 τὸ
3682 2348 3764 2400 τοῦ

2202 2448 2446 2518 Μωάμεθ
2495 2447 2690 2517 ὄνομα.
2728 2446 2841 2498 Καὶ
2905 2445 3016 2499 ἀπὸ
3046 2443 3238 2499 τούτου
3289 2441 3652 2510 ἀναφαίνεται
3697 2440 3766 2492 ὅτι

2201 2541 2300 2594 οὐκ
2341 2535 2410 2610 ἦν
2461 2535 2853 2608 γεγραμμένον
2895 2536 2955 2589 έν
3007 2534 3084 2605 τῷ
3114 2533 3442 2604 Εὐαγγελίφ
3485 2531 3551 2585 τὸ
3593 2530 3766 2584 τούτου

2201 2633 2394 2702 ὄνομα.
2423 2632 2546 2684 Ἔτι
2600 2629 2778 2692 οὐδείς
2830 2629 2976 2681 ἐστιν
3005 2627 3032 2680 6
3064 2626 3274 2695 φθονῶν
3305 2625 3485 2695 ἑτέρῳ
3515 2625 3651 2694 πρὶν
3679 2622 3767 2690 τῆς

2202 2725 2509 2794 γεννήσεως
2548 2720 2756 2774 αὐτοῦ’
2805 2720 2890 2782 τίς
2937 2719 3070 2787 γοῦν
3109 2718 3303 2787 ἔμελλε
3352 2717 3656 2786 φθονήσειν
3698 2714 3766 2784 τῷ

2202 2813 2446 2883 Μωᾶμεθ
2477 2814 2582 2883 πρὸ
2610 2811 2711 2881 τῆς
2741 2811 2910 2865 αὐτοῦ
2933 2811 3284 2882 γεννήσεως;
3317 2810 3552 2869 Πάντως
3576 2807 3764 2869 οὔδείς.

2204 2904 2267 2956 Ei
2292 2901 2339 2956 δ’
2369 2903 2499 2964 ἴσως
2530 2901 2828 2972 ἐφθόνησεν
2853 2899 3003 2972 αὐτῷ
3029 2918 3114 2964 τις
3149 2901 3288 2968 μετά
3312 2900 3416 2970 τὴν
3454 2899 3621 2952 αὐτοῦ
3648 2896 3766 2965 γέν-

2202 3011 2380 3065 νησιν,
2415 2996 2532 3059 πῶς
2557 2994 2780 3063 ἔμελλεν
2807 2994 3202 3062 ἀκολουθήσειν
3226 2992 3370 3055 ἀπας
3411 2992 3440 3044 6
3473 2991 3677 3060 κόσμος
3700 2988 3772 3057 τῷ

2207 3087 2346 3160 πρὸς
2392 3088 2453 3140 τὸ
2503 3087 2748 3157 Μωάμεθ
2800 3087 2919 3151 ἑνὸς
2961 3087 3181 3158 φθόνῳ;
3210 3087 3322 3140 Καὶ
3353 3085 3440 3148 τίς
3477 3085 3776 3153 παράφρων

521 3186 620 3241 τοῦ
648 3183 886 3255 Χριστοῦ
940 3181 1046 3242 ἕως
1099 3178 1161 3231 οὗ
1221 3177 1426 3247 ἤρξατο
1475 3176 1750 3228 διδάσκειν
1781 3171 1809 3222 δ
1857 3169 2100 3240 Μωάμεθ
2133 3186 2175 3245 C
2207 3180 2381 3245 οὕτως
2415 3180 2556 3234 ὥστε
2589 3180 2666 3251 μὴ
2693 3178 3014 3248 λογίσασθαι
3041 3179 3199 3232 τοῦτο
3233 3179 3293 3231 τὸ
3318 3178 3587 3232 ἀδύνατον
3618 3193 3634 3243 ;
3667 3176 3775 3229 Καὶ

526 3276 807 3350 παρῆλθον
853 3275 1037 3344 χρόνοι
1070 3275 1331 3327 ἐπέκεινα
1376 3269 1486 3323 τῶν
1513 3263 1928 3320 πεντακοσίωνο
1967 3262 2105 3332 μετά

530 3468 686 3532 parte
725 3458 958 3528 Europae
982 3464 1037 3511 et
1066 3469 1162 3525 per
1192 3452 1403 3508 insulas
1444 3465 1510 3506 ac
1544 3450 1797 3520 regiones
1827 3464 1857 3504 a
1898 3446 2106 3506 Graecis

523 3551 794 3606 habitatas
823 3547 1077 3602 innotuit.
1117 3547 1191 3599 Ita
1219 3543 1570 3613 Evangelium
1595 3551 1880 3612 pertotum
1913 3543 2103 3596 orbem

523 3653 789 3698 terrarum
816 3655 923 3694 non
959 3639 1006 3691 vi
1034 3645 1088 3692 et
1135 3637 1414 3701 violentia,
1463 3649 1564 3689 nec
1613 3649 1745 3689 ense
1793 3645 1848 3688 et
1897 3634 2101 3704 gladio,

524 3733 856 3802 divulgatum
885 3739 989 3791 est,
1015 3729 1109 3784 sed
1138 3728 1222 3796 pie
1243 3737 1301 3782 et
1321 3727 1440 3781 brte
1467 3735 1523 3780 et
1551 3725 1794 3780 modeste
1842 3725 2108 3796 apostolis

524 3826 753 3880 verbum
798 3822 888 3880 Dei
918 3821 1264 3878 docentibus.
1298 3817 1532 3889 Eratque
1550 3832 1736 3872 rerum
1761 3818 1917 3884 quasi
1945 3832 2107 3885 repu-

524 3916 746 3986 gnantia
775 3913 1046 3984 quaedam.
1084 3909 1216 3964 Nam
1249 3925 1372 3964 cum
1405 3908 1638 3980 apostoli
1659 3916 2102 3978 pereuterentur,

523 4006 948 4074 tlageilarentur,
981 4000 1245 4058 conviciis
1274 3997 1642 4056 adicerentur.
1693 3999 2108 4068 exagitarentur

526 4099 666 4154 inter
693 4093 1021 4153 docendum.
1051 4108 1157 4148 non
1189 4105 1450 4160 oppressa
1471 4099 1556 4144 est
1587 4105 1779 4145 eorum
1833 4087 2103 4150 doctrina,

528 4190 624 4244 sed
654 4190 706 4242 in
729 4187 848 4241 dies
876 4199 1012 4238 nova
1039 4184 1374 4238 incrementa
1395 4181 1650 4250 capiebat
1676 4190 1727 4235 et
1755 4181 1932 4234 betius
1955 4177 2109 4230 emo-

527 4277 778 4333 rescebat
829 4272 1182 4343 Evangelium
1239 4272 1468 4326 Christi.
1534 4271 1640 4337 Qui
1686 4271 1830 4324 enim
1875 4271 2104 4323 multum

528 4382 707 4437 opera:
736 4365 1121 4434 impendebant
1157 4363 1502 4432 multumque
1529 4361 1902 4426 enitebantur,
1927 4371 1985 4415 ut
2012 4376 2106 4415 oc-

2209 3272 2318 3326 ἀπὸ
2345 3274 2534 3327 τούτου
2580 3273 2936 3342 ἀναφαίνεται
2969 3271 3050 3324 ὅτι
3089 3271 3188 3324 οὐκ
3225 3263 3294 3340 ἦν
3321 3268 3779 3340 καταγεγραμμέο

2211 3453 2303 3524 ιιιιί
2329 3462 2534 3509 terram
2573 3450 2914 3506 habitabant.
2947 3451 2990 3507 A
3016 3449 3237 3506 Christo
3259 3457 3442 3504 autem
3477 3451 3546 3504 ad
3581 3449 3778 3504 intem-

2212 3558 2334 3610 pus,
2366 3558 2478 3612 quo
2506 3541 2840 3598 Mohametes
2871 3543 3067 3597 docere
3088 3550 3352 3612 coeperat,
3382 3542 3512 3596 anni
3556 3542 3774 3610 amplius

2211 3637 2495 3706 quingenti
2577 3637 2977 3705 praeterierunt.
3031 3634 3151 3690 Jam
3213 3651 3346 3691 vero
3406 3651 3537 3691 cum
3623 3647 3767 3689 annos

2210 3729 2538 3800 quingentos
2564 3728 2767 3782 lectum
2800 3740 2947 3783 esset
3000 3727 3381 3798 Evangelium,
3419 3730 3550 3796 quis
3611 3728 3761 3782 Ilota-

2211 3820 2372 3874 metis
2397 3833 2595 3873 nomen
2628 3820 2753 3875 inde
2775 3819 2978 3889 ejicere
3008 3835 3175 3874 ausus
3232 3821 3323 3886 sit,
3359 3819 3406 3874 si
3454 3821 3680 3889 quidem
3724 3819 3769 3871 in

2204 3925 2278 3968 eo
2307 3911 2572 3980 scriptum
2599 3911 2763 3966 fuerit
2786 3911 2964 3967 ll‘lam
2995 3913 3228 3982 primum
3261 3911 3354 3980 qui
3378 3910 3464 3964 vel
3490 3927 3663 3964 unum
3689 3924 3776 3964 vo-

2211 4001 2465 4057 cabulum
2496 4001 2694 4057 addere
2719 4011 2815 4057 aut
2843 4004 3065 4058 demere
3092 4003 3346 4066 voluerit,
3369 4018 3481 4057 non
3505 4003 3621 4072 jam
3641 4013 3781 4071 pote-

2209 4095 2284 4148 rit
2311 4093 2661 4150 Christian-us
2691 4094 2876 4148 baberi
2904 4113 2918 4158 ;
2949 4094 3145 4149 deinde
3169 4093 3277 4161 l'ac,
3322 4095 3532 4148 malum
3592 4109 3783 4165 quem-

2209 4185 2355 4254 piam
2377 4185 2648 4240 hominem
2672 4185 2996 4239 vocabulum
3019 4186 3238 4256 aliquod
3262 4185 3496 4256 ejeeisse
3521 4201 3586 4241 ex
3609 4186 3781 4239 Esau-

2213 4279 2383 4348 gelio;
2410 4293 2537 4333 num
2558 4278 2798 4346 reliquus
2823 4285 2967 4333 totus
2985 4279 3133 4333 orbis
3149 4287 3419 4332 terrarum
3443 4279 3606 4345 hujus
3623 4280 3784 4333 unius

2215 4366 2457 4421 fraudant
2486 4367 2796 4436 probaverit
2825 4367 2848 4420 ?
2877 4366 3102 4420 Minime
3149 4365 3416 4436 profecto.
3454 4365 3593 4420 Hinc
3624 4367 3787 4436 igitur

528 4459 802 4513 cultarent
848 4471 1049 4511 nomen
1095 4456 1321 4518 Christi,
1349 4471 1415 4508 ne
1447 4455 1570 4524 quis
1599 4469 1724 4509 eum
1764 4453 1930 4520 Deum
1985 4467 2107 4508 esse
2141 4522 2178 4527 λ
2214 4466 2387 4526 patet,
2421 4471 2528 4511 non
2561 4456 2823 4525 scriptum
2864 4456 3025 4511 fuisse
3057 4458 3110 4510 in
3133 4455 3426 4527 Evangelio
3455 4473 3650 4512 nomen
3675 4457 3787 4510 llo-

529 4548 774 4604 crederct
828 4547 994 4617 (quod
1027 4549 1115 4617 qui
1149 4522 1656 4610 conabiturpmorte
1682 4545 1954 4616 periturus
1975 4546 2101 4616 est),
2139 4522 2190 4582 θ
2219 4522 2471 4606 hametis.
2504 4522 2708 4604 Deinde
2735 4561 2828 4604 aut
2856 4549 3063 4604 bonum
3088 4557 3179 4603 aut
3210 4522 3412 4604 malum
3446 4528 3788 4622 eum-aprici—

531 4641 603 4696 illi
631 4641 734 4711 ipsi
758 4640 946 4710 igitur,
976 4639 1191 4709 cognita
1229 4639 1476 4701 veritate,
1501 4638 1796 4694 adorarunt
1825 4649 1880 4693 et
1933 4654 2100 4694 vene-

528 4734 632 4787 rati
654 4742 782 4788 sunt
811 4731 1088 4802 apostolos
1116 4732 1197 4784 vel
1225 4747 1576 4786 successores
1608 4740 1663 4786 et
1687 4732 1982 4801 discipulos
2010 4746 2102 4786 eo-

525 4841 682 4890 rum,
735 4833 900 4893 atque
953 4823 1322 4884 crediderunt.
1381 4839 1505 4877 cum
1573 4839 1762 4877 verum
1821 4826 1987 4876 Deum
2047 4832 2103 4877 et

526 4917 802 4972 Christum
834 4929 890 4970 et
920 4915 1116 4970 Filium
1145 4917 1232 4981 ἰ)οῂ
1261 4915 1366 4968 vivi
1425 4929 1569 4975 esse,
1635 4928 1700 4968 a'e
1751 4914 2006 4983 lugebant
2050 4921 2103 4967 et

529 5008 972 5064 lamentabantur
993 5009 1059 5061 de
1091 5019 1337 5074 tempore
1364 5007 1657 5072 praeterito,
1690 5020 1800 5071 quo
1855 5006 2100 5060 tenebris

528 5109 583 5153 et
619 5101 900 5155 erroribus
927 5099 1139 5154 Satanae
1172 5098 1418 5152 obstricti
1466 5098 1699 5151 fuerant.
1735 5095 1872 5152 Deus
1919 5104 2101 5149 autem

526 5192 764 5260 optimus
789 5198 844 5245 et
861 5191 1177 5244 misericors
1199 5189 1500 5258 accipiebat
1520 5189 1873 5242 mutatiooem
1902 5188 2101 5242 mentis

515 5293 742 5344 eorum,
775 5281 956 5334 ethos
993 5281 1165 5347 ipsos,
1215 5281 1309 5349 qui
1375 5284 1846 5348 persequebantur
1900 5293 2096 5331 nomen

522 5369 752 5430 Christi.
792 5380 1036 5438 pastores
1067 5381 1122 5426 et
1145 5374 1430 5442 magistros
1463 5381 1516 5425 et
1560 5371 1783 5425 nuntios
1842 5371 1992 5425 verbi
2043 5379 2100 5424 et

530 5464 768 5518 nominis
790 5464 876 5518 sui
905 5464 1138 5518 faciebat
1173 5483 1187 5518 :
1219 5465 1312 5534 qui
1343 5480 1534 5520 omnes
1593 5463 1944 5533 Evangelium
1992 5465 2097 5520 sibi

528 5566 913 5626 compararunt
939 5566 991 5611 et
1015 5557 1450 5626 descripserunt,
1483 5571 1546 5608 ac
1575 5556 1806 5623 legebat,
1829 5556 2096 5624 discebat,

527 5643 829 5699 docebatur
863 5654 916 5699 et
945 5644 1208 5699 adorabat
1237 5647 1489 5715 quisque,
1527 5661 1647 5714 qua:
1669 5646 1723 5699 in
1769 5661 1835 5700 co
1891 5649 2096 5715 scripta

527 5744 701 5791 erant.
734 5733 809 5789 Ita
842 5735 1006 5806 igitur
1031 5749 1125 5804 per
1152 5744 1326 5789 totum
1349 5737 1534 5790 orbem
1591 5747 1862 5790 terrarum
1920 5739 2094 5792 Evan-

527 5825 725 5896 gelium
750 5825 1084 5902 divulgatum
1104 5836 1204 5892 est,
1223 5834 1451 5898 eratque
1475 5825 1529 5880 in
1555 5826 1804 5883 manibus
1822 5830 2090 5897 omnium,

2209 4642 2424 4696 laturus
2447 4649 2566 4696 erat
2591 4640 2842 4696 Christus
2876 4660 2889 4694 :
2919 4641 2963 4695 si
2989 4641 3216 4706 bonum,
3240 4655 3438 4696 omnes
3460 4657 3616 4714 reges
3636 4644 3784 4697 orbis

2211 4741 2506 4792 terrarum.
2575 4749 2766 4787 omnes
2818 4732 3115 4802 principes,
3170 4748 3365 4788 omnes
3403 4735 3710 4790 Christiani
3757 4751 3782 4788 ε

2208 4824 2426 4878 Christo
2450 4824 2732 4892 probatum
2752 4825 3064 4892 prophetam
3079 4826 3380 4892 amplexut-i
3399 4837 3581 4892 erant,
3603 4841 3660 4880 ut
3681 4828 3781 4881 fru-

2210 4923 2358 4967 ctum
2382 4929 2447 4967 ex
2473 4930 2538 4967 eo
2567 4913 2911 4983 perciperent
2941 4930 2954 4975 ;
2981 4912 3066 4966 sin
3093 4915 3320 4979 malum,
3339 4919 3618 4971 servaturi
3636 4926 3779 4970 erant

2210 5005 2433 5070 indicia,
2464 5006 2608 5059 unde
2635 5020 2760 5060 eum
2785 5016 3200 5074 cognoscerent,
3221 5010 3530 5073 etcauturi,
3559 5026 3624 5062 nc
3644 5009 3781 5060 labe-

2209 5093 2424 5151 ren’tur.
2460 5095 2790 5165 Neutiquam
2827 5107 3035 5162 autem,
3061 5097 3176 5151 sive
3209 5097 3411 5152 bonum
3463 5102 3781 5168 probarunt,

2209 5190 2323 5244 sive
2347 5196 2671 5256 spreverunt
2701 5188 2926 5250 malum,
2955 5203 3050 5256 per
3078 5196 3254 5241 totum
3291 5189 3480 5243 orbem
3517 5201 3786 5243 terrarum

2209 5297 2408 5337 nomen
2437 5277 2757 5336 Mobametis
2785 5296 2851 5336 ex
2876 5282 3170 5351 Evangelio
3196 5283 3421 5352 ejectUri
3449 5295 3631 5337 erant.
3680 5281 3791 5334 Ma-

2209 5373 2466 5429 nifestum
2499 5375 2663 5443 igitur
2687 5385 2792 5439 est,
2823 5391 3018 5430 nomen
3056 5376 3175 5446 ejus
3213 5392 3321 5428 non
3353 5380 3619 5444 scriptum
3653 5374 3791 5427 tuis-

2209 5483 2270 5521 se
2307 5467 2358 5519 in
2379 5468 2686 5534 Evangelio.
2711 5467 2818 5522 Nec
2836 5485 2963 5522 vero
2981 5471 3272 5538 quisquam
3297 5470 3390 5521 ulli
3417 5470 3623 5522 homini
3648 5485 3796 5521 non-

2209 5558 2335 5611 dum
2365 5566 2489 5611 nato
2513 5559 2736 5612 invidet.
2768 5562 2844 5611 Au
2874 5560 2997 5627 quis
3027 5558 3317 5613 Mobameti
3348 5561 3607 5612 inviderit
3636 5574 3797 5614 ante-

2209 5652 2370 5718 quam
2399 5659 2558 5703 natus
2592 5650 3053 5705 esset?Profecto
3090 5667 3274 5706 nemo.
3322 5652 3380 5706 Si
3428 5653 3552 5721 quis
3606 5665 3793 5705 autem

2201 5741 2316 5809 jam
2351 5750 2477 5795 nato
2501 5740 2798 5796 Mohameti
2835 5743 3114 5803 inviderit,
3153 5758 3280 5795 num
3301 5752 3447 5796 totus
3480 5746 3628 5796 orbis
3683 5753 3792 5796 ter-

2208 5846 2392 5886 rarum
2428 5835 2479 5887 in
2507 5834 2668 5888 unius
2691 5832 2930 5889 hominis
2953 5833 3214 5888 invidiam
3240 5849 3611 5890 concessurus
3631 5832 3792 5888 erat?
