3962 6570
144 443 255 510 945

1151 453 1598 519 CHRONICON
1635 460 1902 528 MAJUS.
1944 493 2015 504 --
2060 467 2208 530 LIB.
2254 467 2352 529 IV.

3286 467 3394 529 946

145 559 244 650 δαὶ
291 538 423 622 ﬁ:-
444 539 750 628 διῖιξόρόῡῖ
780 543 1088 632 ἐναλλαγὰς
1137 567 1233 620 καὶ
1298 569 1566 639 ἰδιότητας
1601 571 1712 624 τῶν
1741 575 1788 635 Α
1817 571 1910 628 οῦν
1930 575 2124 646 ψεῦδος
2145 579 2326 648 πάσης
2353 577 2626 646 ἀγνωσίας
2665 579 3110 650 μεμεστωμένον.
3135 577 3238 632 Τὸν
3265 578 3398 630 Θεὸν

148 648 329 741 ὕμνων
351 651 446 704 τοῦ
464 651 622 717 θεοῧῖ
661 654 733 722 μὴ
769 655 928 722 μόνον
955 657 1064 726 γὰρ
1094 659 1186 712 τοῦ
1211 659 1454 732 Γαϐριὴλ
1484 663 1709 730 μείζονα
1815 667 1998 720 ὅντινα
2045 669 2301 738 ὁμολογεῖ
2336 671 2498 734 αὐτὸς
2545 675 2574 725 6
2604 648 2847 740 Μωάμεθ
2898 648 3130 741 στοιητὴν
3159 667 3391 739 οὐρανοῦ

148 737 285 794 εἶναι
311 741 455 808 λέγει
485 743 696 810 ἑαυτὸν,
730 745 863 799 ἀλλά
895 749 988 800 καὶ
1007 748 1226 801 πάντων
1260 752 1480 804 ἐκείνων
1511 753 1589 815 εἰς
1617 752 1710 816 οὓς

1815 774 1874 810 τε
1903 757 2000 812 καὶ
2031 760 2157 828 γῆς,
2204 761 2523 831 ὲνσὼματον
2551 761 2792 814 δεικνύει
2821 761 2918 816 καὶ⁹
2942 760 3044 814 οὐκ
3082 758 3394 828 ἀσώματονν

146 833 180 883 6
209 833 436 920 Γαϐριὴλ
464 833 564 887 οὐκ
592 830 704 903 εἷχε
755 839 1133 907 παρείσδυσιν,
1179 842 1314 894 ἀλλὰ
1360 844 1617 898 τοσοῦτον
1641 841 1712 914 ἦν
1816 849 1877 904 τὸ
1903 849 2012 922 γὰρ
2035 852 2190 905 Θεῖον
2211 830 2526 923 ἀσώματον,
2547 853 2752 908 ἀποσόν
2782 870 2840 907 τε
2866 853 2960 906 καὶ
2985 852 3061 922 μὴ
3086 851 3208 922 ἔχον
3237 853 3400 920 μέγε-

149 917 390 977 ἀποδέων
436 927 661 979 ἐκείνων
714 928 856 981 ὥστε
887 930 980 982 τὸν
1031 933 1278 1002 Μωάμεθ
1331 933 1494 988 αὐτὸν
1541 937 1713 1006 ἑτέρῳ

147 1016 362 1084 ἀγγέλῳ
391 1017 753 1086 παραδοῦναι,
775 1021 804 1072 ὁ
829 1020 875 1072 δ’
899 1018 964 1074 αὖ
997 1008 1168 1092 ἑτέρῳ
1204 1026 1298 1078 καὶ
1319 1026 1520 1095 ἐφεξῆς
1545 1027 1713 1097 ἄλλῳ,

151 1106 246 1158 καὶ
273 1107 442 1171 οὕτως
477 1109 742 1165 εἰσελθεῖν
769 1113 850 1174 εἰς
885 1113 976 1166 τὸν
1010 1115 1146 1168 Θεὸν
1178 1118 1270 1171 καὶ
1308 1122 1589 1189 συντυχεῖν
1620 1121 1716 1174 ἀλ-

151 1195 350 1266 λήλοις,
379 1199 462 1252 ἔτι
492 1201 569 1270 μὴ
611 1202 770 1270 μόνον
806 1197 1031 1272 μείζονα
1080 1207 1306 1263 πάντων
1338 1211 1565 1266 ἐκείνων
1609 1214 1723 1268 δει-

154 1290 334 1343 κνύειν
366 1291 582 1358 ἑαυτὸν,
633 1293 768 1347 ἀλλά
805 1296 902 1349 καὶ
953 1298 1093 1369 ὑπὲρ
1124 1290 1347 1356 ἐκείνων
1400 1283 1718 1376 εὐχόμενον.

166 1380 271 1434 Ἐῶ
299 1382 476 1450 λέγειν
503 1386 632 1456 περὶ
663 1385 758 1439 τοῦ
788 1388 1030 1457 μεγάλου
1076 1395 1287 1448 ἐκείνου
1339 1397 1432 1450 καὶ
1489 1397 1721 1453 θἐόπτου

152 1475 450 1538 Μωῦσέως,
478 1476 556 1542 δν,
607 1477 682 1539 ὥς
734 1496 918 1549 φησιν,
953 1479 1097 1536 εἶδεν
1138 1487 1194 1540 ἐν
1223 1487 1303 1555 τῷ
1355 1489 1603 1562 τετάρτῳ
1633 1490 1725 1545 οὐ·

159 1568 321 1639 ρανῷ.
348 1570 522 1623 Αὐτὸν
551 1570 608 1623 δὲ
641 1572 1054 1644 ὑπεραναϐἢναι
1085 1577 1180 1629 καὶ
1221 1576 1317 1631 τοῦ
1349 1579 1606 1649 ἑϐδόμου,
1633 1581 1727 1635 καὶ

157 1659 410 1713 ἀπελθεῖν
468 1661 631 1731 μέχρι
685 1665 779 1715 καὶ
827 1664 919 1717 τοῦ
952 1665 1108 1730 Θεοῦ,
1157 1668 1416 1738 ὁμιλῆσαι
1461 1688 1520 1724 τε
1557 1672 1727 1742 αὐτῷ.

156 1751 306 1804 Μετά
334 1751 389 1804 δὲ
410 1752 582 1807 ταῦτα
600 1754 838 1819 ἐξελθεῖν
862 1758 956 1810 καὶ
981 1757 1264 1812 κατελθεῖν
1296 1763 1353 1816 ὲν
1376 1761 1452 1831 τῷ
1482 1764 1730 1833 τετάρτῳ

156 1840 387 1911 οὐρανῷ,
444 1843 519 1905 ὡς
567 1844 808 1916 εἴρηται,
857 1849 951 1901 καὶ
1015 1854 1296 1921 συντυχεῖν
1346 1853 1423 1924 τῷ
1482 1852 1728 1916 Μωῦσεῖ.

160 1932 564 2002 συμϐουλεῦσαί
599 1955 657 1991 τε
689 1938 855 1994 αὺτὸν
889 1941 1067 2013 τούτῳ
1099 1945 1589 2015 ὲπαναστραφέντα
1624 1965 1729 2001 ἰτα⁴
1758 1913 1804 1971 Β

160 2026 457 2095 ρακαλέσαι
507 2029 600 2082 τὸν
647 2029 784 2083 Θεὸν
833 2033 972 2103 ὑπὲρ
1022 2033 1116 2088 τοῦ
1153 2035 1284 2089 λαοῦ
1341 2039 1434 2090 καὶ
1475 2039 1734 2106 γενέσθαι

157 2119 489 2198 κουφοτέραν
535 2122 634 2191 τὴν
669 2123 834 2192 εὐχὴν
889 2125 964 2187 ὡς
997 2126 1278 2191 ἀδυνάτως
1324 2128 1540 2199 ἔχοντος
1597 2132 1734 2202 πρὸς

158 2212 346 2281 αὑτήνο
375 2214 469 2267 καὶ
496 2214 796 2284 δεξαμένου
818 2217 1009 2272 τούτου
1037 2221 1136 2290 τὴν
1162 2220 1357 2292 βουλὴν
1385 2223 1738 2295 ὲπαναστρατ

159 2306 324 2373 φῆναι
366 2306 502 2380 πρὸς
544 2307 637 2358 τὸν
667 2308 800 2360 Θεὸν
829 2312 923 2362 καὶ
971 2309 1205 2381 ζητῆσαι
1249 2316 1309 2366 τὸ
1342 2316 1472 2385 περὶ
1501 2315 1691 2369 τούτου
1717 2357 1731 2382 ,

159 2393 257 2446 καὶ
285 2393 680 2464 προσδεχθῆναι
714 2395 812 2465 τὴν
860 2398 1090 2467 ζήτησιν
1135 2400 1297 2454 αὐτοῦ
1326 2404 1422 2454 καὶ
1478 2403 1734 2470 γενέσθαι

158 2485 528 2556 ἐλαφροτέραν
561 2489 660 2555 τὴν
695 2487 886 2557 εὐχήν.
913 2491 1020 2542 Καὶ
1037 2487 1102 2544 αὖ
1136 2492 1228 2546 τοῦ
1254 2494 1534 2556 Μωῦσέως
1565 2495 1738 2563 ἀναγ-

157 2578 430 2638 κάσαντος
462 2577 628 2630 αὐτὸν
679 2573 838 2641 αὖθις
875 2581 1366 2652 ὲπαναστραφῆναι
1401 2584 1504 2648 ἕως
1539 2587 1738 2638 πεντά-

158 2685 250 2731 κις
274 2669 407 2738 πρὸς
437 2666 600 2739 364
632 2669 723 2721 τὸν
753 2669 910 2734 Θεὸν,
940 2672 1038 2724 καὶ
1081 2672 1245 2726 πάλιν
1272 2673 1526 2741 γενέσθαι
1560 2673 1737 2744 πολλῷ

158 2761 371 2813 ἐλάττω
392 2761 490 2831 τὴν
518 2761 707 2828 εὐχήν.
735 2763 846 2816 Καὶ
876 2761 949 2832 μὴ
990 2762 1332 2834 ἀρκεσθέντα
1360 2763 1454 2817 τὸν
1493 2764 1738 2828 Μωῢσῆν

158 2855 341 2905 εἰπεῖν
394 2853 490 2906 καὶ
522 2852 679 2915 αὖθις
712 2853 800 2908 ἵνα
855 2855 1257 2925 ὲπαναστραφῇ
1295 2856 1434 2925 πρὸς
1482 2856 1571 2908 τὸν
1603 2855 1736 2909 Θεὸν

159 2945 262 2998 καὶ
289 2945 487 3015 αἰτήσῃ
533 2946 1092 3016 συγγνωμονεστέραν
1122 2947 1373 3014 γενέσθαι
1417 2947 1516 3018 τὴν
1545 2948 1734 3018 εὐχήν.

160 3034 238 3088 0-3
272 3037 611 3101 κατένευσεν,
643 3037 780 3090 ἀλλά
816 3038 910 3090 καὶ
964 3037 1249 3091 κατελθεῖν
1281 3039 1360 3102 είς
1382 3038 1442 3092 τὸ
1488 3039 1737 3109 Μπαράκ

161 3127 260 3180 καὶ
282 3127 546 3192 ἐλαύνειν,
576 3129 683 3192 ἕως
715 3129 782 3183 ἂν
812 3128 939 3201 ἔλθῃ
968 3129 1095 3183 ἔνθα
1124 3126 1190 3198 ἦν
1217 3131 1502 3202 πρότερον.
1538 3133 1736 3186 Σκόπει

1821 942 1934 1008 θος,
1969 942 2092 996 οὐδὲ
2125 944 2182 996 ὲν
2213 943 2344 997 εἴδει
2370 945 2772 1016 περιγραπτόν·
2804 944 2865 997 τὸ
2893 944 2949 997 δὲ
2979 942 3150 1005 οὕτως
3182 941 3305 1011 ἕχον
3333 940 3402 994 τὰ

1820 1035 1877 1088 ὲν
1905 1036 1975 1105 τῇ
2007 1034 2114 1104 ίδίᾳ
2166 1035 2336 1089 αὑτοῦ
2371 1036 2532 1104 φύσει
2589 1037 2710 1098 πῶς
2739 1036 2804 1089 ἀν
2836 1036 2902 1088 ὲκ
2947 1034 3163 1104 μερῶν;
3195 1034 3242 1085 εἰ
3293 1033 3400 1099 γάρ

1821 1138 1906 1185 τις
1935 1121 2053 1189 δοίη
2077 1122 2238 1176 τοῦτο
2263 1124 2554 1196 ὑπάρχειν,
2583 1126 2699 1188 πῶς
2726 1125 3054 1195 νοηθήσεται
3073 1121 3400 1191 ἁσὼματον;

1823 1212 1884 1265 τὸ
1911 1211 2020 1283 γὰρ
2046 1213 2116 1265 ἐν.
2142 1215 2388 1285 σχήματι
2435 1215 2495 1270 ὃν
2530 1217 2750 1281 πάντως
2777 1217 2872 1271 καὶ
2901 1218 2959 1270 ἐν
3005 1213 3158 1285 ποσῷ
3201 1214 3297 1268 καὶ
3345 1214 3401 1266 ὲν

1822 1303 1996 1374 τόπῳ,
2031 1305 2123 1358 καὶ
2178 1306 2236 1372 ἐξ
2268 1307 2518 1378 ἀνάγκης.
2566 1308 2961 1378 περιγραπτόν.
2995 1307 3182 1360 Ταῦτα
3213 1305 3269 1358 δὲ
3298 1322 3406 1358 σω-

1829 1396 2060 1469 ματικά.
2108 1398 2218 1450 Καὶ
2245 1398 2315 1452 τὰ
2345 1399 2441 1452 τοῦ
2491 1399 2744 1469 σώματος
2777 1399 2886 1452 ῖδια
2934 1398 3049 1460 πῶς
3081 1397 3146 1451 ἂν
3179 1397 3272 1449 ἐπὶ
3305 1396 3406 1465 τῆς

1830 1489 2112 1560 μακαρίας
2163 1489 2385 1560 ἐκείνης
2425 1489 2847 1561 καὶτάσωμάτου
2878 1489 3092 1558 φύσεως
3123 1486 3216 1540 τοῦ
3269 1484 3404 1538 Θεοῦ

1828 1580 2120 1650 λογίσηταί
2145 1598 2229 1644 τις
2275 1581 2520 1646 διανοίας
2564 1582 2792 1652 μέτοχος
2821 1580 2930 1648 ὢν;
2981 1581 3074 1634 καὶ
3106 1583 3133 1633 ὁ
3166 1579 3263 1649 μὲν
3298 1596 3405 1630 πα-

1828 1673 2100 1744 τριάρχης
2140 1673 2392 1742 ’Δϐραὰμ
2422 1675 2480 1726 ἐν
2525 1676 2590 1744 τῇ
2627 1675 2796 1728 πάλαι
2840 1673 3132 1743 θεοτανείᾳ
3178 1671 3280 1740 γῆν
3311 1669 3409 1724 καὶ

1835 1765 2028 1818 σποδὸν
2051 1765 2244 1818 ἑαυτὸν
2270 1765 2559 1832 ἐλογίσατο
2580 1765 2674 1819 καὶ
2703 1765 2951 1818 ἐκάλεσε·
2983 1763 3077 1818 τοῦ
3123 1763 3180 1816 δὲ
3208 1761 3410 1832 Δανιὴλ

1831 1855 1927 1909 τοῦ
1948 1855 2194 1909 τοιούτου
2219 1857 2316 1908 καὶ
2341 1855 2620 1924 τοσούτου,
2654 1856 2884 1924 ἄγγελον
2909 1855 3131 1920 ἰδόντος,
3159 1854 3407 1923 ἐστράφη

1837 1949 1870 2018 ἡ
1897 1949 2023 2014 δόξα
2048 1947 2215 2002 αὐτοῦ
2247 1951 2328 2012 είς
2346 1949 2670 2020 διαφθορὰν,
2692 1948 2865 2004 ’τοῦτ’
2891 1949 3030 2016 ἐστι,
3056 1948 3204 2016 παρὰ
3236 1947 3408 2018 βραχὺ

1835 2039 2177 2095 ἀπεϐἀλλετο
2200 2043 2298 2114 τὴν
2347 2045 2543 2099 ἑαυτοῦ
2595 2045 2761 2116 ζωήνο
2817 2047 2846 2099 6
2878 2046 2978 2114 μὲν
3033 2044 3412 2113 Δαϐίδ.φησιν

1844 2148 1862 2180 ι
1882 2127 1946 2184 Ὀ
1965 2129 2279 2186 ἐπιϐλέπων
2299 2135 2390 2186 ἐπὶ
2407 2134 2509 2203 τὴν
2527 2133 2630 2204 γῆν
2649 2137 2741 2189 καὶ
2762 2135 2930 2188 ποιῶν
2949 2133 3118 2204 αὐτὴν
3134 2133 3405 2203 τρέμειν.»

1849 2219 1908 2273 '0
1925 2221 1980 2274 δὲ
2001 2223 2271 2292 Μωάμεθ,
2296 2225 2394 2287 τὰς
2425 2227 2726 2293 ἀγγελικάς
2751 2227 2931 2290 πάσας
2951 2224 3296 2295 ὑπεραναϐἀς
3325 2224 3417 2278 δυ-

1837 2314 2056 2384 νάμεις,
2075 2316 2298 2385 ἀμέσως
2323 2317 2400 2388 τῷ
2427 2319 2546 2388 Θεῷ
2568 2319 2956 2389 προσωμίλησε
2978 2318 3138 2389 365
3160 2320 3253 2372 καὶ
3277 2317 3416 2388 ὑπὲρ

1837 2403 2086 2473 ἀγγέλων
2139 2409 2232 2459 καλ⁸
2283 2407 2486 2472 παντὸς
2515 2407 2610 2460 τοῦ
2662 2408 2870 2476 κόσμου
2921 2409 3136 2476 δεήσεις
3187 2405 3417 2469 ἐποίησε

1839 2495 1935 2550 καὶ
1966 2498 2068 2568 τῆς
2095 2498 2263 2568 εὐχῆς
2305 2501 2404 2553 οὐκ
2433 2501 2727 2570 ἀπέτυχεν.
2776 2500 2916 2568 Ἐγὼ
2962 2499 3018 2553 δὲ
3055 2498 3248 2569 ἁπορῶ
3299 2497 3418 2560 πῶς

1837 2588 1938 2640 οὐκ
1966 2588 2072 2658 ἔφη
2102 2589 2381 2658 τολμήσας
2414 2593 2443 2644 6
2489 2590 2728 2660 αὐθάδης
2769 2584 2923 2652 οὗτος
2954 2592 3044 2644 καὶ
3084 2587 3302 2653 ἀλαζὼν
3335 2588 3416 2640 ὅτι

1839 2678 2106 2733 κατέλαϐε
2141 2680 2240 2750 τὴν
2268 2681 2362 2735 τοῦ
2409 2681 2545 2735 Θεοῦ
2596 2682 2760 2751 φύσιν
2791 2680 2983 2754 ὥσπερ
3038 2681 3197 2744 αὐτὸς
3227 2682 3255 2734 6
3283 2679 3418 2742 Θεὸς

1839 2767 1979 2824 οἶδεν
2010 2759 2202 2842 αὖτήν.
2247 2774 2392 2827 Ἀλλ’
2422 2777 2449 2827 6
2498 2774 2771 2828 κατοικῶν
2807 2777 2864 2826 ὲν
2891 2773 3141 2840 οὐρανοῖς
3185 2769 3417 2837 ἐκγελά-

1842 2880 1993 2918 σεται
2025 2865 2189 2918 αὑτὸν
2213 2865 2307 2918 καὶ
2333 2866 2457 2928 τοὺς
2485 2866 2605 2936 μετ’
2631 2864 2822 2932 αὑτοῦ,
2849 2865 2944 2919 καὶ
2963 2866 2992 2919 6
3021 2865 3225 2935 Κύριος
3249 2856 3420 2933 ἐκμυ-

1842 2957 2062 3025 κτηριεῖ
2098 2957 2322 3020 αὐτούς.

1914 3047 2038 3099 Ἔτι
2073 3045 2174 3101 οὐκ
2204 3048 2440 3116 ἠδύνατο
2475 3051 2504 3102 6
2549 3048 2686 3112 Θεὸς
2725 3049 3019 3118 γινώσκειν
3053 3049 3154 3116 τὴν
3181 3047 3416 3113 δύναμιν

1840 3135 1938 3190 τοῦ
1976 3136 2132 3202 λαοῦ,
2164 3137 2280 3192 ἀλλ’
2331 3138 2604 3208 ἐπέθηκεν
2649 3141 2745 3193 ὲπὶ
2793 3141 2884 3194 τὸν
2915 3139 3189 3210 τράχηλον
3235 3137 3417 3190 αὐτῶν

161 3243 270 3311 Qui
314 3242 479 3313 igitur
513 3243 676 3298 unius
697 3243 871 3313 angeli
901 3256 1259 3316 conspectum
1283 3263 1389 3302 non
1419 3247 1563 3310 tulit,
1596 3262 1732 3316 quo-
1762 3255 1804 3311 c
1837 3246 2009 3304 disset
2038 3249 2092 3303 in
2121 3264 2244 3306 eum
2283 3252 2486 3316 locum,
2522 3252 2576 3305 in
2637 3267 2747 3320 quo
2784 3261 2910 3306 ante
2955 3251 3166 3306 fuisset.
3198 3250 3272 3304 Eu
3303 3251 3417 3318 jam

165 3333 334 3390 modo
366 3343 446 3388 tot
477 3335 795 3406 angelorum
829 3337 1176 3405 splendorem
1199 3348 1448 3408 spectare
1474 3340 1732 3408 potuerit,

157 3433 264 3480 aut
301 3426 619 3480 examinare
665 3438 720 3481 et
759 3428 936 3482 metiri
970 3435 1052 3484 tot
1082 3443 1272 3484 eorum
1307 3430 1486 3500 capita
1523 3439 1577 3484 et
1617 3445 1738 3500 quae

158 3520 222 3573 in
274 3517 464 3574 oribus
529 3534 720 3574 eorum
769 3521 987 3576 inerant
1045 3521 1280 3591 linguas,
1319 3531 1376 3577 et
1401 3538 1528 3579 vero
1556 3524 1742 3578 varias

164 3611 575 3666 vicissitudines
607 3613 1079 3683 proprietatesque
1129 3613 1452 3684 hymnorum
1481 3615 1616 3668 Dei?
1648 3614 1744 3666 At-

165 3703 310 3756 euitn
370 3719 475 3758 nou
515 3705 693 3759 solum
737 3705 992 3760 Gabriele
1030 3706 1291 3775 majorem
1324 3722 1383 3762 se
1413 3722 1536 3762 esse
1585 3706 1739 3764 dit-it.

161 3798 260 3852 sed
315 3798 476 3850 etiam
540 3797 798 3852 omnibus
855 3797 983 3860 illis,
1040 3798 1104 3851 ad
1160 3813 1299 3865 quos
1349 3796 1594 3851 Gabrieli
1627 3810 1736 3848 non

155 3888 385 3956 patebat
416 3887 620 3953 aditus,
662 3903 786 3942 cum
821 3889 870 3943 is
900 3897 1054 3943 tanto
1083 3889 1190 3943 illis
1224 3888 1454 3944 inferior
1485 3896 1654 3950 esset,
1685 3893 1745 3940 ut

156 3979 505 4035 Mobametes
556 3980 626 4034 ab
655 3994 721 4034 eo
756 3980 870 4045 alii,
901 3981 1052 4053 etﬁb
1098 3981 1201 4036 hoc
1232 3996 1426 4036 rursus
1461 3980 1647 4045 tertio,
1686 3984 1744 4032 et

157 4073 248 4127 sic
292 4073 552 4141 deinceps
609 4073 836 4141 reliquis
889 4072 1217 4139 traderetur,
1261 4081 1316 4129 et
1355 4073 1431 4127 ita
1475 4072 1542 4126 ad
1573 4072 1741 4124 Deum
1779 4140 1786 4147 _

158 4165 401 4217 intraret
429 4174 483 4218 et
512 4177 634 4216 cum
665 4179 734 4218 eo
757 4163 1196 4232 colloqueretur:
1229 4163 1364 4233 quin
1398 4163 1511 4218 imo
1545 4178 1600 4215 se
1633 4176 1741 4216 non

156 4252 348 4306 soluat
405 4250 663 4320 majorem
691 4267 811 4306 esse
841 4252 1073 4322 angelis,
1104 4252 1198 4307 sed
1227 4253 1394 4305 etiam
1420 4266 1518 4320 pro
1545 4251 1741 4305 iisdem

157 4352 454 4413 precatum
502 4357 623 4397 esse
645 4342 898 4397 aﬂirmat.
951 4341 1160 4398 Omitto
1207 4342 1392 4398 dicere
1421 4342 1488 4396 de
1545 4357 1745 4409 magno

157 4436 281 4496 illo,
315 4434 406 4504 qui
461 4433 631 4488 Deum
685 4434 844 4497 vidit,
883 4432 1088 4504 Moyse,
1148 4448 1313 4504 quem
1350 4449 1410 4489 se
1445 4435 1496 4488 in
1545 4443 1745 4502 quarto

155 4531 309 4585 casio
357 4529 632 4584 invenisse
674 4537 902 4596 narrat;
958 4529 1138 4597 ipsum
1192 4537 1374 4583 autem
1408 4529 1573 4583 etiam
1602 4530 1742 4583 ultra

1846 3340 2186 3396 mendacium
2249 3342 2398 3396 omni
2457 3341 2674 3398 inscitia
2722 3343 3018 3411 repletum.
3076 3343 3244 3408 Quem
3299 3342 3418 3418 ipse

1846 3429 2176 3488 Mobametes
2219 3432 2598 3489 fabricatorem
2645 3435 2773 3487 coeli
2831 3445 2883 3488 et
2913 3444 3070 3489 terra:
3132 3449 3252 3489 esse
3284 3433 3418 3487 dicit

1849 3521 2043 3587 Deum,
2073 3538 2197 3578 eum
2222 3539 2547 3593 corporeum
2573 3541 2693 3580 esse
2725 3526 2821 3591 ait,
2842 3541 2963 3579 non-
2985 3527 3367 3594 incorporeum
3400 3543 3415 3578 :

1849 3629 1971 3668 cum
2002 3623 2183 3668 tamen
2211 3630 2412 3672 numen
2442 3616 2685 3670 divinum
2715 3633 2820 3671 non
2859 3618 3056 3671 habeat
3087 3633 3286 3686 corpus
3316 3631 3422 3670 nec

1851 3704 2303 3774 magnitudinem,
2326 3721 2424 3760 nec
2449 3707 2616 3775 tigura
2638 3707 2874 3762 describi
2898 3708 3087 3777 possit.
3125 3708 3200 3760 Ita
3225 3717 3407 3761 autem

1851 3803 2045 3848 natura
2077 3811 2174 3848 sua
2209 3806 2602 3864 comparatum,
2626 3797 2837 3851 Numen
2866 3780 3141 3866 quomodo
3176 3797 3422 3864 partibus

1851 3887 2100 3942 constet?
2135 3885 2246 3942 Hoc
2269 3887 2414 3940 enim
2447 3888 2541 3956 qui
2572 3896 2800 3950 stat-nat,
2826 3889 3104 3957 quomodo
3133 3887 3273 3941 idem
3301 3904 3423 3942 esse

1851 3979 2231 4048 incorporeum
2257 3979 2435 4033 dicat?
2455 3980 2590 4034 Nam
2613 3981 2965 4050 quidcunque
2987 3981 3214 4051 tiguram
3239 3981 3422 4043 habet,

1854 4068 2284 4138 magnitudinem
2343 4079 2397 4123 et
2453 4071 2717 4123 ambitum
2788 4072 2949 4127 habet
3005 4081 3059 4126 et
3117 4071 3423 4126 necessario

1853 4161 2088 4216 describi
2120 4170 2318 4230 potest.
2361 4160 2486 4215 "me
2521 4172 2705 4216 autem
2734 4178 2998 4232 corporea
3035 4171 3184 4217 sunt.
3203 4161 3420 4230 Corpo-

1853 4255 1930 4308 tris
1977 4253 2340 4323 proprietates
2372 4263 2554 4308 autem
2609 4256 2889 4324 (promedo
2917 4254 3008 4323 qui
3045 4253 3279 4310 rationis
3314 4270 3424 4308 non

1853 4361 2053 4412 expers
2087 4355 2171 4400 est
2202 4345 2255 4399 in
2303 4345 2542 4401 divinam
2582 4347 2730 4401 illam
2767 4357 2820 4401 et
2853 4347 3428 4415 incorpore-autnatu-

1853 4453 1970 4492 ram
2007 4438 2101 4494 Dei
2133 4439 2470 4494 transferat?
2498 4438 3086 4508 Abrahamnsquidem
3116 4438 3429 4506 patriarcha

1856 4529 1908 4583 in
1939 4541 2156 4585 vetusto
2198 4532 2293 4586 ille
2331 4533 2570 4586 adventu
2625 4532 2717 4587 Dei
2766 4541 2965 4586 terram
3021 4541 3076 4585 et
3103 4533 3340 4586 cinerem
3370 4546 3430 4588 se

153 4624 460 4694 septimum
481 4624 802 4681 ascendisse
822 4632 877 4678 et
901 4621 1240 4693 processisse
1271 4638 1445 4690 usque
1471 4622 1536 4675 ad
1567 4624 1733 4677 Deum
1773 4623 1818 4678 Ι)
1850 4621 2192 4675 existimavit
2249 4622 2684 4690 appellavitque,
2722 4631 2774 4675 et
2805 4636 2930 4676 cum
2964 4620 3170 4687 Daniel,
3207 4622 3328 4677 talis
3365 4635 3431 4674 ac

152 4728 406 4784 cumque
438 4729 504 4769 eo
533 4714 866 4768 collocutum
906 4713 1291 4778 esse;'deinde
1320 4712 1523 4766 exiisse
1559 4721 1612 4764 et
1642 4713 1736 4765 de-l

149 4804 448 4861 scendisse
472 4804 536 4859 ad
557 4814 811 4872 quartum
839 4805 1064 4870 cmlum,
1087 4813 1145 4857 nt
1165 4803 1745 4867 commemoravimus,

148 4895 570 4953 etconvenisse
618 4896 692 4950 ibi
762 4895 1023 4966 Moysem,
1073 4895 1167 4964 qui
1229 4897 1334 4949 sibi
1387 4895 1656 4961 suaserit,
1689 4908 1753 4948 ut

148 5001 431 5044 reversus
460 4985 630 5043 Deum
655 5001 822 5056 super
862 4986 1064 5056 populo
1094 4995 1431 5056 precaretur,
1466 4986 1530 5039 ad
1563 4987 1752 5040 levan-

147 5080 293 5133 dum
334 5093 459 5134 eum
510 5080 791 5148 precibus,
821 5079 1023 5148 quippe
1057 5079 1124 5133 ad
1151 5093 1289 5148 quas
1321 5078 1605 5134 faciendas
1637 5093 1748 5134 non

146 5171 376 5226 valeret
423 5157 697 5241 populus;
755 5171 966 5240 itaque,
1008 5171 1244 5241 probato
1276 5185 1343 5225 eo
1375 5170 1632 5235 consilio,
1681 5170 1751 5224 ad

147 5263 339 5318 Deum
362 5263 569 5320 redisse
587 5272 666 5325 et,
698 5263 767 5317 de
798 5277 862 5316 ea
894 5277 952 5316 re
977 5270 1282 5330 precatum,
1304 5262 1416 5316 voti
1437 5271 1749 5329 compotem

144 5353 536 5417 factumesse,
564 5368 866 5423 precesque
897 5353 1220 5406 imminutas
1261 5367 1383 5408 esse
1421 5373 1433 5418 ;
1465 5368 1529 5408 ac
1563 5351 1750 5422 Moyse

141 5445 352 5500 denuo
382 5452 634 5515 cogente,
672 5443 876 5498 redisse
921 5443 987 5496 ad
1027 5441 1200 5495 Deum
1234 5451 1431 5510 quater
1459 5441 1744 5508 deinceps,

138 5550 499 5606 semperque
537 5534 706 5588 multo
740 5533 1017 5596 faciliores
1047 5533 1244 5592 factas,
1282 5547 1407 5588 esse
1436 5546 1651 5602 preces.
1682 5538 1753 5586 At

136 5645 224 5685 ne
262 5628 354 5683 sic
387 5627 611 5697 quidem
661 5627 796 5682 satis
831 5625 1086 5681 habuisse
1119 5624 1357 5695 Moysem
1387 5662 1402 5689 ,
1436 5625 1530 5680 sed
1561 5639 1754 5680 rursus

130 5720 439 5784 suasisse,
462 5729 528 5774 ut
551 5720 620 5775 ad
651 5719 819 5774 Deum
857 5719 1082 5784 rediret,
1122 5718 1188 5773 ad
1213 5717 1592 5773 remissionem
1622 5732 1754 5788 pre-

131 5829 290 5873 cum
320 5813 620 5884 rogandam
647 5813 858 5882 ;ipsum
889 5821 1070 5867 autem
1103 5825 1211 5865 non
1235 5808 1610 5874 consensisse,
1655 5806 1752 5862 sed

134 5907 224 5964 ad
272 5905 454 5964 Barac
507 5905 859 5965 descendisse
887 5914 942 5961 et
969 5912 1220 5973 avectum
1273 5917 1420 5971 esse,
1447 5901 1620 5958 donec
1661 5915 1750 5957 rc-

1856 4720 2040 4767 tantus
2065 4713 2168 4773 vir,
2191 4712 2444 4782 angelum
2473 4711 2703 4775 videret,
2726 4726 2879 4766 mens
2894 4710 3012 4780 ejus
3036 4712 3090 4764 in
3126 4711 3424 4780 perniciem

1850 4818 2006 4858 versa
2035 4812 2141 4870 est,
2168 4803 2271 4857 hoc
2311 4813 2396 4858 est
2444 4818 2550 4856 non
2588 4802 2818 4856 multum
2848 4802 3058 4865 aberat,
3089 4801 3219 4869 quin
3255 4801 3424 4853 vitam

1852 4893 2142 4958 amitteret;
2166 4901 2331 4962 atque
2347 4889 2512 4945 David
2532 4890 2664 4944 dicit
2691 4907 2709 4940 ι
2747 4889 2839 4958 qui
2857 4895 3058 4942 terram
3083 4887 3349 4956 prospicit
3373 4895 3430 4940 et

1854 4983 2183 5040 tremefecit.
2217 5003 2235 5035 ι
2259 4983 2363 5037 Sed
2391 4981 2749 5045 Mohametes,
2776 4995 2969 5034 omnes
2992 4978 3264 5049 angelicas
3284 4977 3428 5032 vires

1854 5091 2144 5146 superans,
2189 5074 2408 5128 nemine
2434 5072 2830 5137 intercedente,
2861 5072 3031 5125 Deum
3071 5069 3348 5133 convenit,
3376 5077 3431 5124 et

1854 5181 2020 5236 super
2051 5165 2257 5235 angelis
2289 5173 2343 5219 et
2370 5164 2634 5218 universo
2676 5161 2883 5217 mundo
2913 5175 3102 5231 preces
3127 5159 3280 5225 fecit,
3324 5175 3427 5213 nec

1853 5273 1962 5314 non
1991 5272 2217 5326 compos
2266 5255 2443 5311 factus
2474 5265 2557 5310 est
2590 5255 2725 5311 voti.
2760 5253 3022 5323 Equidem
3051 5252 3241 5315 miror,
3281 5251 3431 5321 quod

1853 5350 2102 5420 petulans
2133 5349 2237 5404 iste
2266 5347 2467 5403 nebulo
2499 5363 2607 5401 non
2637 5361 2804 5400 ausus
2843 5354 2928 5400 est
2971 5342 3268 5406 aﬂirmare,
3296 5356 3426 5412 per-

1855 5443 2103 5513 spexisse
2135 5458 2194 5497 se
2233 5441 2326 5496 Dei
2356 5449 2631 5506 naturam,
2669 5436 3132 5508 quemadmodum
3163 5449 3280 5488 eam
3315 5434 3431 5500 ipse

1856 5532 2002 5587 Deus
2029 5531 2265 5586 noverit.
2315 5528 2515 5584 Verum
2547 5529 2640 5598 qui
2675 5528 2728 5580 in
2757 5525 2914 5584 cretis
2947 5524 3182 5585 habitat,
3231 5521 3430 5576 irride-

1855 5627 1932 5681 bit
1964 5627 2142 5696 ipsum
2207 5633 2262 5678 et
2309 5621 2549 5676 asseclas
2597 5620 2715 5691 ejus
2744 5657 2762 5684 ,
2809 5619 2991 5689 atque
3032 5615 3272 5672 ludibrio
3326 5627 3422 5668 eos

1855 5719 2076 5774 habebit
2106 5716 2388 5770 Dominus.

1859 5827 1878 5860 ε.
1930 5809 2134 5865 Deinde
2178 5808 2322 5862 Deus
2364 5805 2647 5874 ignorabat
2689 5798 2856 5860 'vires
2903 5801 3106 5874 populi,
3148 5799 3430 5867 legemque

1857 5897 2118 5970 imposuit
2163 5894 2360 5954 cervici
2406 5895 2549 5966 ejus,
2575 5910 2736 5968 quam
2759 5893 2904 5951 ferre
2945 5908 3051 5947 non
3087 5895 3328 5962 possent.
3362 5886 3432 5943 At
