3962 6578
689 404 776 430 tr"
841 406 994 438 τ’*

205 456 343 524 949

1266 463 1708 526 CHRONICON
1749 463 2011 525 MAJUS.
2054 486 2123 499 ν-
2170 463 2318 525 LIB.
2346 464 2444 525 ιν.

3363 469 3494 533 95οπ

207 583 293 634 τὰ
326 581 467 651 ὑπὲρ
492 567 872 651 τδνρύρανδν,
905 580 1066 636 ἀτινα
1097 581 1156 635 ὲν
1185 583 1460 651 ἐλαχίστῳ
1504 581 1683 650 χρόνῳ
1715 580 1802 632 δύ·
1831 591 1875 645 Α
1910 579 2190 650 φωραθείη
2222 579 2520 648 ἀντιλέγων
2549 579 2625 650 τῷ
2655 580 2843 652 κοράν,
2879 581 3102 645 θάνατος
3134 583 3273 638 ἔστω
3313 585 3349 654 ἠ
3384 601 3498 638 τι·ο

206 691 421 726 νανται
451 671 682 726 διελθεῖν
718 673 786 726 τά
817 673 924 725 ὑπὸ
961 673 1054 725 τὸν
1083 672 1334 742 οὐρανὸν.
1369 670 1508 740 ἀιρα
1537 671 1683 738 λέγω
1713 672 1806 724 καὶ

207 764 425 833 αίθιρα
454 765 550 816 καὶ
578 763 649 816 τά
673 763 885 826 τούτοις
923 763 1086 833 ὅμοια
1114 782 1128 828 ;
1161 764 1283 816 ΙἘτι
1313 764 1412 831 μὶν
1437 763 1554 824 πῶς
1593 763 1673 824 είς
1704 760 1805 831 τὴν

209 856 501 910 ἀνάϐασιν
529 856 726 926 ὲδεήθη
750 855 1004 924 ἀγγέλων
1025 855 1357 908 ἀναϐιϐάσαι
1382 854 1547 908 αὐτὸν
1571 855 1654 917 είς
1679 851 1805 917 τοὺς

207 949 516 1016 οὐρανοὺς,
551 950 608 1000 ἐν
634 948 693 1001 δὲ
720 949 783 1016 τῇ
819 946 1126 1000 καταϐάσει
1156 946 1426 1014 οὐδαμῶς,
1473 945 1609 998 ἀλλά
1641 946 1802 1014 μόνον

207 1039 326 1092 τοῦ
373 1037 516 1100 ζώου
567 1036 840 1106 Μπαράκ,
898 1037 985 1090 ἵνα
1037 1040 1132 1089 καὶ
1196 1035 1360 1090 πάλιν
1414 1035 1578 1088 αὐτὸν
1612 1036 1689 1100 εἰς
1742 1036 1804 1090 τὸ

211 1129 417 1182 Μεκκὲ
473 1128 844 1194 Gnathonem;
879 1128 988 1180 Καὶ
1013 1127 1100 1190 τίς
1146 1126 1290 1182 οὓτω
1331 1129 1640 1198 παράφρων
1667 1130 1694 1181 ὁ
1725 1127 1802 1198 μὴ

208 1220 337 1271 τῶν
367 1219 627 1272 τοιούτων
662 1217 1028 1287 κατεγνωκὼς
1056 1237 1071 1283 3

297 1311 398 1364 Διά
450 1327 532 1362 τοι
581 1309 740 1362 τοῦτο
797 1309 1083 1374 παντελῶς
1132 1310 1436 1366 κωλύουσιν
1483 1314 1532 1365 οί
1585 1313 1802 1366 ἐκείνου

209 1401 515 1455 ἀκόλουθοι
549 1401 691 1470 μετά
718 1418 883 1454 τινων
911 1400 1281 1468 διαλέγεσθαι,
1311 1404 1406 1457 τὸν
1439 1402 1662 1471 ἔλεγχον
1687 1402 1800 1455 δει-

213 1493 487 1555 λιῶντεςο
525 1491 648 1545 οὐδὲ
678 1492 788 1561 γὰρ
824 1491 991 1561 368
1036 1491 1366 1560 ἀγνοοῦντός
1415 1494 1522 1546 εισι
1551 1493 1648 1564 τὴν
1699 1493 1803 1546 τοῦ

211 1583 550 1636 διδασκάλου
590 1583 773 1635 αὐτῶν
826 1582 1190 1652 ματαιότητα.
1235 1583 1378 1634 Ἀλλ’
1427 1583 1577 1652 ὅμως
1607 1585 1801 1637 κάκεῖ-

213 1691 309 1726 νοι
343 1673 667 1743 ἀσύμφωνοι
701 1674 843 1742 πρὸς
885 1673 1154 1744 ἀλλήλους
1203 1675 1563 1746 ὑπάρχουσιν.
1603 1679 1668 1731 Oi
1698 1677 1798 1746 μὲν

1912 672 2115 741 μωρία,
2166 671 2300 740 μηδὲ
2352 671 2628 725 πιστεύειν
2670 673 2858 742 ἕτερον
2917 673 3056 745 πλὴν
3102 675 3296 728 αὐτοῦ’
3326 677 3383 729 ἐν
3413 676 3469 729 δὲ

1905 762 1984 833 τῷ
2040 761 2321 832 κεφαλαίῳ
2350 763 2428 833 τῷ
2471 765 2695 834 Ἀμράμ
2747 781 2902 834 φησι,
2937 785 2955 817 ι
3001 766 3093 836 Μὴ
3143 766 3471 836 πιστεύσητε

1906 858 2095 926 ἕτερον
2149 856 2290 925 πλὴν
2350 856 2446 910 τοῦ
2491 857 2758 926 ἑπομένου
2785 859 2864 928 τῷ
2911 859 3166 930 ἡμετέρῳ
3228 860 3400 930 νόμῳ.
3448 878 3467 911 ι

1908 949 2100 1002 Καίτοι
2125 963 2189 1014 γε
2218 949 2279 1001 τὸ
2315 947 2646 1016 Εὑαγγέλιον
2675 951 2950 1020 σωτηρίαν
2983 947 3124 1006 εἷναι
3167 951 3344 1019 λέγων
3377 953 3472 1003 καὶ

1904 1040 2149 1110 ὁδηγίαν,
2199 1041 2292 1093 καὶ
2330 1041 2496 1110 μηδὲν
2541 1035 2682 1096 εἶναι
2711 1044 2824 1106 τοῖς
2852 1044 3192 1112 Σαρακηνοΐς
3226 1045 3301 1112 μὴ
3332 1042 3470 1110 πλη-

1910 1135 2116 1202 ρώσασι
2149 1134 2208 1186 τὸ
2255 1133 2586 1199 Εὐαγγέλιον
2637 1133 2732 1186 καὶ
2785 1132 2877 1186 τὸν
2911 1135 3097 1201 νόμον.
3135 1132 3304 1185 Πάλιν
3357 1133 3415 1186 δι
3443 1133 3474 1183 ὁ

1904 1226 2064 1285 αὐτὸς
2098 1224 2262 1294 369
2289 1223 2480 1292 ὥσπερ
2512 1224 2901 1294 ἐπιλαθόμενος
2927 1225 3035 1278 τῶν
3069 1223 3263 1278 ἑαυτοῦ
3297 1224 3471 1292 λόγων

1906 1317 1966 1368 ἔν
1997 1315 2075 1383 τῷ
2125 1315 2272 1384 αὐτῷ
2309 1315 2595 1384 κεφαλαίῳ
2618 1316 2782 1385 φησὶν
2811 1317 2891 1368 ὅτι
2937 1317 3093 1384 Ἐμοὶ
3135 1317 3234 1385 μὲν
3268 1319 3295 1370 ὁ
3332 1316 3466 1385 ἐμὸς

1905 1407 2066 1474 νόμος
2093 1408 2188 1458 καὶ
2234 1406 2363 1474 ύμῖν
2392 1408 2420 1459 δ
2467 1406 2774 1475 ὑμέτερος⁹
2812 1406 2971 1474 ὑμεῖς
3017 1407 3298 1475 ἐλεύθεροί
3343 1409 3468 1459 ἐστε

1904 1491 1980 1552 ὧν
2011 1499 2121 1566 ἐγὼ
2157 1499 2402 1568 πράττω,
2436 1498 2590 1566 κάγὼ
2622 1492 2697 1551 ὧν
2741 1499 2919 1568 ὑμεῖς.
2953 1498 3126 1552 Τοῦτο
3157 1497 3286 1565 γοῦν
3336 1497 3468 1550 ίδιόν

1903 1590 2021 1642 ἐστι
2053 1590 2146 1642 τοῦ
2177 1589 2710 1659 παρατετραμμένου
2749 1591 2888 1655 νοὸς,
2923 1589 2982 1642 τὸ
3138 1589 3298 1656 μόνον
3329 1587 3467 1657 μετά

1901 1678 1996 1733 τοῦ
2027 1679 2193 1732 καλοῦ
2238 1697 2299 1731 τε
2329 1681 2424 1733 καὶ
2469 1679 2681 1746 ἀγαθοῦ
2720 1680 3053 1749 ἀσύμφωνον
3085 1679 3273 1732 τοῦτον
3320 1678 3468 1748 εὑρί-

211 1765 333 1832 γάρ
362 1763 439 1832 τῷ
471 1765 570 1817 τοῦ
599 1765 831 1817 θανάτου
877 1763 1033 1835 φόϐῳ
1073 1766 1168 1820 καὶ
1209 1767 1435 1830 ἄκοντες
1469 1767 1714 1832 ἕπονται,
1745 1769 1804 1821 ει
1904 1774 2153 1837 σκεσθαι,
2185 1772 2321 1825 ἀλλά
2366 1775 2463 1827 καὶ
2515 1772 2648 1842 πρὸς
2685 1774 2878 1824 ἑαυτὸν
2915 1771 3188 1839 μηδέποτε
3246 1786 3468 1838 συμφω-

211 1857 263 1908 δ⁶
299 1857 431 1918 ἴσως
459 1857 679 1923 ἀφόϐως
713 1859 809 1910 καὶ
846 1859 903 1910 ὲν
926 1858 1146 1928 ἐξουσία
1179 1860 1286 1929 ἰδίᾳ
1333 1861 1604 1928 ἐγένοντο,
1633 1861 1794 1923 εὐθὺς
1901 1867 2034 1929 νεῖν,
2066 1864 2256 1932 ὥσπερ
2287 1866 2382 1918 καὶ
2414 1868 2443 1919 ὁ
2473 1864 2662 1934 παρὼν
2686 1864 2868 1917 οὑτοσὶ
2898 1861 3141 1929 Μωάμεθ
3167 1862 3222 1913 ὲν
3254 1861 3358 1930 ὅλῳ
3388 1859 3465 1928 τῷ

211 1949 543 2017 Χριστιανοὶ
572 1950 826 2016 ἐγένοντο
849 1950 914 2004 ἀν
935 1968 950 1981 ·
980 1953 1028 2003 0i
1050 1951 1108 2002 δὲ
1128 1954 1193 2020 τῇ
1229 1951 1403 2022 πλάνῃ
1430 1953 1800 2024 συναπαχθέν-
1831 1937 1872 1992 Β
1900 1938 2066 2010 αὑτοῦ
2129 1957 2541 2026 συγγράμματι.
2597 1956 2677 2008 Τὰ
2723 1955 2777 2006 δὲ
2798 1956 2936 2025 ἱτῶν
2980 1952 3327 2021 Χριστιανῶν
3366 1953 3465 2021 οὐχ

212 2058 313 2102 τες
331 2041 406 2102 ὠς
436 2039 630 2108 βέϐαια
657 2044 752 2094 καὶ
772 2040 949 2111 ἀληθῆ
973 2043 1067 2095 καὶ
1091 2043 1165 2106 ὡς
1185 2043 1586 2114 ὡμολογημένα
1609 2045 1799 2114 ἔχουσι
1901 2045 2095 2112 οὕτως,
2129 2048 2264 2101 ἀλλά
2296 2049 2446 2100 πᾶσα
2471 2049 2504 2115 ἡ
2537 2046 2656 2098 θεία
2695 2044 2909 2114 Γραφὴ,
2949 2044 2985 2112 ἦ
3012 2059 3071 2099 τε
3107 2043 3311 2096 παλαιά
3343 2043 3378 2111 ἦ
3404 2059 3464 2094 τε

211 2134 289 2184 τὰ
321 2133 414 2185 τοῦ
449 2133 694 2202 Μωάμεθ
749 2133 920 2200 ψεύδη
955 2137 1062 2187 καῖ
1091 2134 1477 2206 τερατεύματα
1498 2151 1515 2168 ο
1547 2138 1596 2188 οί
1645 2136 1702 2188 δὲ
1731 2136 1796 2189 ού
1901 2138 2016 2200 νέα,
2050 2137 2146 2206 μία
2175 2139 2381 2206 ἑκάστη
2412 2136 2551 2206 πρὸς
2574 2135 2776 2204 ἑαυτὴν
2799 2137 2940 2188 κατά
2969 2135 3151 2187 πᾶσαν
3179 2133 3465 2203 ἀκρίϐειαν

217 2225 512 2294 βούλονται
567 2227 871 2294 ἀποστῆναι
912 2229 1014 2296 τῆς
1047 2226 1537 2297 πατροπαραδότου
1586 2225 1795 2293 πλάνης
1901 2233 2206 2298 συμφωνεῖ,
2250 2230 2345 2284 καὶ
2373 2229 2530 2292 αὖθις
2570 2230 2625 2280 αί
2663 2225 2759 2281 δύο
2793 2229 2931 2296 ὁμοῦ
2973 2227 3118 2280 κατά
3166 2226 3344 2278 πάντα
3371 2225 3466 2276 εύ-

214 2318 411 2369 αὑτῶν
434 2320 573 2372 αἰδοῖ
599 2318 712 2371 τῶν
757 2319 981 2386 γονέων,
1032 2318 1150 2372 ἀλλ’
1179 2318 1268 2372 ἐπ’
1306 2319 1532 2381 ἐκείνοις
1580 2319 1793 2372 τιθέασι
1895 2323 2178 2392 ρίσκονται
2225 2319 2295 2374 τά
2333 2319 2473 2374 αὐτὰ
2524 2322 2621 2374 καὶ⁸
2677 2319 2977 2389 φρονοῦσαι
3029 2319 3128 2371 καὶ
3179 2317 3460 2383 λέγουσαι.

212 2412 321 2477 τὴν
357 2412 538 2463 αἰτίαν
566 2410 668 2476 τῆς
716 2410 853 2478 πρὸς
886 2410 1022 2462 Θεὸν
1060 2409 1359 2477 ἀπολογίας
1385 2427 1400 2442 ·
1440 2412 1488 2463 οί
1525 2409 1582 2463 δὲ
1614 2409 1703 2464 διὰ
1729 2409 1792 2462 τὸ
1892 2415 2004 2468 Καὶ
2032 2413 2261 2474 εἰκότως
2285 2427 2299 2443 ·
2333 2415 2361 2466 ό
2395 2411 2505 2481 γὰρ
2529 2411 2692 2472 αὐτὸς
2723 2411 2856 2473 Θεός
2887 2412 3036 2462 ἐστιν
3065 2411 3092 2462 ὁ
3115 2410 3344 2477 ποιητὴς
3369 2410 3463 2460 καὶ

212 2499 410 2552 ἄνετον
458 2500 551 2551 καὶ
607 2498 893 2568 ἐλεύθερον
947 2501 1044 2552 καὶ
1079 2499 1210 2571 περὶ
1255 2501 1353 2560 τὰς
1401 2499 1593 2570 ἡδονὰς
1647 2499 1793 2552 ινδό-
1891 2505 2186 2573 νομοδότης
2213 2503 2313 2572 τῆς
2347 2519 2405 2556 τε
2445 2503 2572 2564 νέας
2601 2503 2696 2555 καὶ
2747 2500 3007 2562 παλαιᾶς.
3050 2497 3193 2566 Ἐγὼ
3233 2497 3288 2550 δὲ
3323 2497 3462 2566 τάχα

213 2609 380 2660 σιμον
411 2593 471 2644 οὐ
498 2591 776 2660 βούλονται
807 2591 1110 2660 ἀποστῆναι
1147 2590 1248 2660 τῆς
1273 2592 1502 2661 πλάνης,
1534 2591 1670 2646 ἀλλά
1690 2591 1789 2661 τὴν

210 2682 558 2753 ἀκαθαρσίαν
596 2684 689 2734 καὶ
725 2682 962 2750 ματαίαν
995 2682 1208 2735 δίαιταν
1247 2683 1662 2752 προαιροῦνται,
1702 2699 1788 2752 γι-

211 2774 520 2836 νώσκοντες
564 2775 662 2844 μὲν
691 2775 772 2827 δτι
823 2773 925 2828 οῦκ
971 2775 1111 2827 είσιν
1153 2774 1262 2826 ἀπὸ
1319 2775 1455 2827 Θεοῦ
1516 2775 1585 2828 τὰ
1635 2775 1787 2843 λεγό-

216 2885 382 2938 μενα,
433 2869 652 2936 λέγουσι
702 2867 747 2921 δ’
775 2868 926 2936 ὅμως
989 2866 1274 2937 ἄντικρυς,
1322 2869 1399 2930 ὡς
1431 2867 1782 2938 προείρηται,

212 2963 304 3014 ὅτι
346 2960 496 3012 Ὀδὺν
523 2959 756 3012 ἐντολῶν
790 2975 888 3011 σου
911 2957 1118 3026 γνῶναι
1153 2959 1214 3010 οὐ
1245 2956 1532 3027 βούλομαι.
1559 2958 1668 3012 Καὶ
1696 2960 1784 3013 διὰ

212 3051 382 3106 τοῦτο
406 3051 525 3104 οὐδὲ
548 3053 974 3123 παραχωροῦσιν
1001 3052 1477 3120 ἀναγινώσκεσθαι
1497 3053 1600 3121 τὴν
1631 3054 1783 3108 θείαν

210 3142 441 3212 Γραφὴν
474 3144 602 3212 παρ’
655 3143 921 3206 ἐκείνοις,
953 3143 1040 3195 ίνα
1081 3142 1253 3213 μὴτὸ
1309 3143 1404 3196 τοῦ
1460 3144 1781 3200 διδασκάλου

1888 2593 1956 2647 ἄν
1985 2595 2203 2664 μετάτε
2245 2593 2474 2647 Ἠσαίου
2502 2593 2598 2647 καὶ
2619 2591 2788 2644 Δαϐὶδ
2807 2590 2915 2644 τῶν
2945 2587 3244 2659 προφητῶν
3264 2585 3416 2640 εἶπον
3441 2601 3456 2616 ·
3529 2603 3540 2610 ί

1895 2704 1921 2737 ι
1958 2685 2074 2738 Ἵνα
2099 2685 2173 2751 τί,
2203 2684 2400 2754 Κύριε,
2431 2683 2550 2746 ὁδὸς
2580 2683 2794 2736 ἀσεϐῶν
2820 2679 3100 2734 εύοδοῦται
3125 2697 3138 2743 ;
3183 2697 3201 2731 ι
3237 2679 3460 2757 Καὶῆδτι

1886 2777 2024 2847 ἐμοῦ
2065 2779 2216 2846 παρά
2249 2778 2444 2848 μικρδν
2477 2776 2849 2842 ὲσαλεύθησαν
2882 2775 2932 2827 οἱ
2979 2774 3164 2835 πόδες,
3191 2771 3323 2842 παρ’
3348 2771 3460 2823 ὀλί-

1884 2887 1980 2937 γον
2020 2870 2246 2941 ἐξεχύθη
2298 2871 2367 2922 τὰ
2404 2868 2718 2939 διαδήματά
2760 2884 2890 2921 σου·
2921 2867 3004 2919 ὃτι
3053 2864 3305 2934 ἐζήλωσα
3357 2863 3456 2916 ἐπὶ

1883 2969 1997 3029 τοῖς
2025 2966 2268 3031 ἀνόμοις,
2304 2963 2530 3032 εἰρήνην
2565 2959 2907 3030 ἁμαρτωλῶν
2944 2957 3168 3026 θεωρῶν
3197 2971 3212 2985 °
3242 2955 3327 3010 ὅτι
3353 2953 3458 3008 οὐκ

1884 3055 2033 3108 ἐστιν
2068 3055 2364 3116 ἀνάνευσις
2397 3054 2457 3105 ὲν
2481 3053 2560 3121 τῷ
2589 3051 2807 3120 θανάτῳ
2839 3048 3021 3105 αὐτῶν
3047 3048 3141 3100 καὶ
3164 3046 3453 3115 στερέωμα

1885 3148 1942 3199 ὲν
1975 3152 2040 3217 τῇ
2079 3148 2307 3217 μάστιγι
2335 3145 2538 3209 αὐτῶν,
2570 3146 2628 3197 ὲν
2662 3143 2854 3204 κόποις
2886 3139 3192 3211 ἀνθρώπων
3215 3137 3317 3192 οῦκ
3346 3136 3456 3188 εισι

212 3235 401 3290 αὐτῶν
427 3235 622 3303 ψεῦδος
665 3237 748 3296 εἰς
782 3235 1005 3304 ἔλεγχον
1044 3236 1195 3308 ἔλθῃ.
1235 3237 1324 3289 Ἐν
1356 3241 1466 3307 γάρ
1513 3238 1591 3307 τῷ
1617 3255 1785 3306 κεφα-
1815 3263 1860 3322 c
1891 3241 1984 3294 καὶ
2025 3241 2168 3309 μετά
2195 3239 2502 3309 ἀνθρώπων
2529 3240 2590 3292 οὐ
2618 3237 3152 3308 μαστιγωθήσονται.
3180 3233 3278 3286 Διά
3305 3229 3459 3285 τοῦτο

213 3328 356 3398 λαίῳ
388 3327 467 3397 τῷ
509 3327 664 3382 Ἰωνᾶ
707 3327 850 3380 οὕτω
897 3328 1087 3401 φησὶν,
1141 3329 1232 3383 ὅτι
1275 3329 1381 3387 κᾶν
1425 3330 1608 3393 ὁποῖός
1651 3347 1783 3386 ποτε

214 3510 560 3574 incorporea,
623 3522 744 3574 qua:
777 3507 996 3577 quidem
1049 3517 1296 3576 tempore
1323 3510 1646 3565 brevissimo
1701 3524 1786 3575 ea,

214 3614 339 3667 qua:
363 3598 500 3652 infra
527 3601 723 3654 coelum
765 3608 914 3662 sunt,
955 3615 1085 3656 aera
1119 3613 1171 3656 et
1204 3603 1406 3657 aethera
1435 3613 1488 3657 et
1522 3602 1608 3657 his
1639 3603 1791 3656 simi-

213 3693 307 3760 lia,
337 3693 572 3747 transire
599 3693 852 3760 possunt?
871 3694 979 3748 Aut
994 3693 1121 3762 quid
1146 3691 1475 3748 Mohametes
1499 3694 1707 3760 angelis
1735 3696 1788 3748 in

209 3797 446 3838 ascensu
469 3787 681 3852 egebat,
713 3794 773 3838 ut
825 3784 883 3837 in
910 3782 1044 3838 ceela
1103 3785 1172 3838 ab
1217 3784 1285 3837 iis
1344 3783 1684 3847 eveheretur,
1731 3783 1784 3836 in

209 3873 476 3927 descensu
511 3889 614 3926 non
640 3875 852 3943 egebat,
891 3874 986 3929 sed
1016 3875 1132 3929 sola
1157 3874 1333 3929 bestia
1352 3873 1525 3927 Barac
1543 3887 1675 3927 usus
1698 3882 1790 3926 est

211 3974 273 4018 ut
310 3962 548 4018 Meccam
587 3965 813 4018 rediret?
841 3964 976 4030 Quis
994 3966 1130 4019 adeo
1158 3965 1360 4021 stultus
1398 3965 1490 4031 sit,
1514 3964 1610 4034 qui
1667 3964 1784 4018 haec

211 4056 565 4125 improbanda
591 4071 712 4110 esse
749 4071 857 4110 non
891 4055 1130 4110 sentiat!

278 4147 484 4200 Carent
507 4147 732 4201 omnino
757 4146 895 4200 Italic
922 4146 993 4200 ob
1026 4159 1245 4201 causam
1274 4143 1426 4199 illius
1454 4147 1698 4210 assecle,
1721 4161 1790 4201 ne

209 4251 332 4292 cum
387 4249 666 4305 quoquam
717 4235 1013 4305 disputent,
1089 4235 1474 4290 refutationem
1530 4245 1782 4291 metuen-

210 4338 316 4382 tes.
365 4324 554 4396 Neque
599 4327 746 4381 enim
811 4327 1063 4396 ignorant
1126 4325 1373 4396 magistri
1427 4328 1513 4382 sui
1567 4327 1779 4384 vanita-

210 4432 340 4476 tem.
399 4418 580 4474 Nihilo
645 4427 822 4473 tamen
885 4420 1068 4473 minus
1099 4418 1202 4488 ipsi
1257 4417 1400 4474 inter
1459 4434 1516 4474 se
1577 4419 1790 4474 dissen-

211 4518 374 4570 nunt.
392 4512 495 4567 Alii
529 4512 674 4568 enim
699 4511 851 4566 inviti
895 4519 1040 4566 metu
1074 4512 1264 4566 mortis
1294 4526 1420 4566 eum
1460 4521 1786 4580 sequuntur,

1892 3336 2198 3406 ἐκράτησεν
2229 3334 2428 3397 αὐτοὺς
2458 3335 2492 3403 ἡ
2521 3333 2898 3404 ὑπερηφάνεια
2929 3331 3009 3392 είς
3038 3329 3190 3391 τέλος
3221 3343 3234 3357 ο
3272 3340 3461 3395 περιες

1891 3535 2020 3574 eum
2043 3529 2216 3572 morte
2242 3517 2582 3571 multandum
2603 3530 2748 3578 esse,
2780 3527 2880 3569 nec
2895 3520 3147 3582 Oportere
3178 3511 3456 3579 cuiquam,

1893 3611 1992 3662 nisi
2016 3609 2139 3671 sibi,
2170 3607 2341 3671 credi;
2376 3607 2514 3660 idem
2549 3607 2603 3658 in
2651 3606 2826 3673 capite
2850 3603 3065 3657 Amram
3101 3599 3230 3654 dicit
3259 3617 3274 3652 :
3311 3594 3458 3649 «Nc-

1893 3699 2026 3752 mini
2053 3697 2278 3759 credite,
2309 3696 2414 3750 nisi
2460 3694 2552 3762 qui
2584 3693 2686 3762 legi
2714 3703 2917 3746 nostrae
2941 3691 3300 3756 obtemperat.
3329 3703 3348 3737 ι
3391 3683 3460 3737 Et

1892 3795 2070 3842 tamen
2097 3786 2443 3854 Evangelium
2464 3783 2694 3839 salutem
2718 3792 2773 3836 et
2793 3782 2930 3834 viam
2953 3780 3206 3846 appellat,
3224 3785 3279 3830 ct
3293 3775 3427 3832 Sara
3444 3802 3458 3812 -

1891 3889 2082 3941 ceuos,
2109 3855 2211 3926 nisi
2235 3872 2336 3940 legi
2363 3883 2416 3925 et
2435 3869 2726 3938 Evangelia
2749 3866 3107 3930 satisfaciant,
3132 3865 3268 3918 nihil
3299 3876 3456 3946 agere

1891 3967 2045 4025 dicit.
2080 3968 2289 4020 ltursns
2314 3965 2466 4032 quasi
2504 3961 2724 4024 oblitus,
2777 3974 2896 4029 quae
2923 3965 3048 4012 ante
3097 3953 3345 4012 dixisset.
3407 3953 3458 4005 in

1889 4057 2077 4112 eodem
2107 4056 2306 4124 capite,
2363 4052 2544 4118 «Mihi,
2574 4052 2772 4121 inquit,
2803 4065 2920 4104 mea
2954 4049 3064 4114 lex,
3101 4047 3255 4102 vobis
3280 4053 3459 4101 vestra

1889 4155 1994 4214 est;
2023 4164 2118 4202 vos
2145 4163 2355 4207 eorum,
2381 4161 2502 4214 qua-
2533 4159 2632 4214 ego
2658 4143 2819 4207 facio,
2853 4150 3104 4210 expertes
3152 4139 3308 4203 cstis‘,
3360 4153 3459 4206 ego

1889 4252 2080 4293 eorum
2139 4251 2261 4306 quae
2321 4250 2417 4289 vos
2472 4233 2704 4288 facitis.»
2743 4231 3011 4284 Nimirum
3058 4229 3263 4281 insana:
3298 4241 3454 4279 men-

1892 4331 1964 4386 tis
2001 4341 2104 4392 est,
2158 4344 2264 4383 non
2297 4327 2476 4382 solum
2505 4342 2626 4382 cum
2662 4327 2824 4380 bonis
2869 4321 3314 4391 sapientibusque
3347 4334 3456 4372 non

1890 4421 2219 4486 consentire,
2274 4421 2367 4474 sed
2421 4419 2584 4474 etiam
2637 4431 2824 4473 secum
2863 4411 3124 4484 pugnare,
3153 4409 3223 4464 ‘ut
3273 4407 3459 4462 Moba-

1892 4522 2061 4569 metes
2118 4513 2208 4566 hic
2274 4510 2327 4564 in
2397 4519 2509 4566 toto
2566 4509 2705 4563 libro
2768 4522 2866 4562 suo
2915 4506 3062 4559 facit.
3155 4501 3309 4556 Haud
3374 4516 3462 4554 ca-

207 4603 394 4672 qui,si
439 4605 636 4658 timore
687 4602 843 4657 vacui
895 4611 950 4657 et
1007 4603 1092 4656 sui
1144 4602 1283 4675 juris
1320 4613 1527 4664 essent,
1582 4603 1764 4656 statim
1800 4615 1844 4669 ι)
1891 4603 2012 4658 dem
2074 4601 2215 4656 ratio
2241 4601 2677 4656 Christianorum
2735 4597 2994 4653 librorum
3056 4603 3160 4657 est,
3217 4592 3312 4648 sed
3341 4606 3462 4645 Olli-

205 4694 502 4748 Christiani
527 4693 740 4755 tierent;
767 4691 882 4754 alii,
913 4705 1102 4746 errore
1125 4690 1397 4758 obstricti,
1453 4701 1511 4746 ut
1547 4700 1694 4745 certa
1720 4702 1775 4745 et

207 4799 332 4839 vera
362 4794 416 4840 et
439 4785 660 4855 probata
716 4793 1042 4839 venerantur
1093 4783 1375 4839 mendacia
1427 4795 1482 4837 et
1532 4782 1773 4851 prodigia

208 4878 546 4943 Nohametis;
580 4876 1052 4945 aliiamajoribus
1106 4876 1210 4932 sibi
1264 4877 1494 4930 traditos
1559 4888 1776 4929 errores

207 4977 425 5037 propter
482 4966 862 5021 verecundiam
929 4978 1216 5037 parentum
1283 4967 1595 5034 relinquere
1667 4980 1774 5018 non

206 5061 424 5121 audent,
458 5058 555 5113 sed
616 5059 716 5112 bos
748 5059 848 5112 sibi
911 5059 976 5112 ad
1043 5058 1207 5111 Deum
1265 5056 1608 5112 excusatioui
1663 5055 1778 5110 [ore

205 5150 506 5214 conﬁdunt;
555 5150 649 5203 alii
701 5149 934 5217 denique
995 5159 1212 5218 propter
1270 5149 1662 5216 indulgentiam
1723 5157 1778 5201 et

209 5244 506 5296 libertatem
537 5249 594 5296 et
631 5241 840 5294 veniam
896 5242 1173 5308 explendae
1228 5239 1472 5294 libidinis
1526 5254 1765 5294 errorem

207 5338 456 5387 deserere
484 5343 761 5396 recusant,
785 5344 950 5400 atque
983 5332 1250 5401 impuram
1282 5344 1335 5386 et
1365 5346 1557 5386 vanam
1610 5331 1774 5384 vitam

208 5425 647 5494 praeoptant,qui
711 5440 831 5493 quae
897 5423 1183 5487 docentur,
1246 5422 1427 5476 divina
1481 5439 1586 5476 non
1655 5437 1777 5475 esse

211 5516 373 5585 probe
401 5515 603 5579 sciunt,
631 5514 749 5578 sed,
779 5522 837 5568 ut
861 5513 995 5578 dixi,
1021 5513 1231 5581 liquido
1258 5514 1602 5580 proﬁtentur,
1628 5515 1771 5566 viam

208 5605 581 5658 mandatorum
619 5605 712 5658 Dei
745 5619 906 5659 nosse
928 5619 988 5659 se
1016 5605 1179 5658 nolle.
1231 5602 1428 5658 Eadem
1491 5604 1558 5657 de
1611 5617 1778 5656 causa

208 5710 305 5748 nec
345 5709 533 5750 sacras
570 5693 805 5751 Litteras
847 5695 950 5761 trgi
1010 5693 1346 5763 permittunt,
1411 5706 1478 5746 ne
1532 5689 1773 5759 magistri

209 5786 290 5842 sui
319 5783 600 5840 mendacia
623 5795 1007 5854 agnoscantur.
1036 5785 1091 5839 In
1119 5785 1292 5853 capite
1326 5783 1460 5839 Jona
1493 5785 1634 5838 enim
1690 5783 1776 5836 di-

218 5875 308 5942 cit,
329 5874 637 5947 quicunque
656 5878 924 5933 Coranum
956 5877 1281 5946 impugnans
1311 5874 1771 5946 deprehendatur,

1882 4695 1968 4748 nis
2027 4707 2182 4748 sacra
2242 4691 2546 4761 Scriptura,
2601 4699 2714 4743 tum
2741 4698 2895 4742 vetus
2957 4695 3068 4740 tum
3119 4698 3282 4748 nova,
3349 4695 3460 4733 non

1885 4784 2062 4838 solum
2095 4798 2192 4852 pro
2226 4798 2285 4838 se
2309 4792 2538 4849 utraque
2570 4777 2980 4834 accuratissime
3006 4790 3192 4830 sucum
3234 4785 3460 4826 concor-

1883 4883 1997 4939 dat,
2024 4874 2116 4929 sed
2133 4875 2296 4927 etiam
2321 4871 2510 4926 ambas
2535 4878 2712 4938 partes
2739 4882 2959 4936 prorsus
2987 4867 3126 4920 inter
3151 4878 3210 4918 se
3231 4877 3460 4918 consen-

1884 4966 2082 5020 tientes
2111 4973 2163 5019 et
2190 4970 2554 5030 congruentes
2583 4958 2764 5014 habet.
2819 4955 3082 5010 Nimirum
3109 4954 3251 5010 idem
3317 4952 3462 5006 Deus

1883 5069 2072 5112 auctor
2107 5066 2160 5111 ct
2187 5054 2464 5122 legislator
2514 5064 2664 5105 novre
2685 5057 2741 5104 et
2791 5047 2991 5102 veteris
3014 5045 3307 5112 Scriptura:
3353 5054 3455 5098 est.

1883 5148 2173 5201 Enimvero
2221 5159 2346 5196 rum
2393 5142 2542 5209 lsaia:
2573 5149 2626 5196 et
2655 5139 2854 5192 Davide
2914 5136 3191 5206 prophetis
3243 5149 3453 5214 rogare,

1890 5259 1908 5292 ι
1933 5239 2129 5304 Quare,
2156 5235 2402 5296 Domine,
2437 5232 2516 5285 via
2552 5229 2838 5299 impiorum
2889 5225 3176 5282 sternitur?
3205 5246 3222 5277 ι
3295 5235 3459 5293 atque

1884 5329 2064 5383 dicere
2088 5325 2320 5394 possim,
2352 5339 2458 5378 non
2497 5322 2750 5388 ;tnultum
2779 5319 3040 5381 abfuisse,
3064 5319 3192 5388 quin
3213 5317 3456 5370 labarent

1884 5418 2046 5486 pedes
2069 5417 2170 5468 mei
2205 5423 2258 5469 et
2289 5413 2502 5466 fallerer
2530 5411 2791 5479 vestigio;
2826 5408 3081 5464 invidisse
3136 5425 3220 5462 me
3253 5407 3455 5476 impiis,

1883 5524 2006 5562 cum
2069 5504 2309 5560 viderem
2357 5502 2696 5571 peccantium
2753 5515 2982 5570 pacem;
3051 5500 3252 5552 nullam
3302 5499 3453 5552 cerni

1884 5597 2336 5668 improbationem
2369 5594 2424 5648 in
2449 5605 2620 5648 morte
2646 5608 2834 5647 eorum
2871 5607 2966 5646 nec
3024 5590 3338 5643 ﬁrmitatem
3395 5588 3453 5642 in

1883 5689 2602 5758 eorumllagellatione,eos
2669 5685 2928 5739 aerumnis
2981 5685 3264 5736 hominum
3326 5696 3437 5734 non

1885 5780 2151 5834 obnoxios
2211 5791 2354 5841 esse,
2428 5792 2528 5830 nec
2581 5790 2704 5830 cum
2787 5773 3097 5827 hominibus
3167 5767 3451 5838 castigari.

1886 5874 2224 5945 Quapropter
2267 5870 2461 5927 invasit
2490 5885 2585 5926 eos
2614 5878 2944 5940 postremum
2981 5860 3240 5933 superbia
3287 5871 3453 5932 atque
