3962 6550
431 1141 441 1174 l

502 421 600 482 εει

1748 430 2072 493 GEORGII
2117 435 2542 500 PHRANTZJ‘:

3639 452 3748 514 9"!

502 531 730 582 Giiloto
762 531 982 585 ἀδικίαν
1015 534 1110 586 καὶ
1141 535 1395 588 ἀσέϐειαν
1424 539 1656 597 ἑαυτῶν.
1697 544 2072 611 Ἐξελεῦσεται
2102 549 2145 602 Α
2179 546 2359 616 μόνων
2382 553 2597 622 ἀφῆκεν
2626 555 2785 618 ἐκτὸς
2810 556 2908 625 τῆς
2951 557 3250 620 κολάσεως.
3281 559 3392 610 Καὶ
3422 560 3646 620 εἰκότως
3672 577 3688 588 ·
3720 565 3750 613 ὁ

498 626 573 686 ὡς
617 627 680 677 ἐκ
714 627 936 689 στέατος
969 629 1001 695 ἡ
1036 628 1217 681 ἀδικία
1248 632 1428 683 αὐτῶν
1451 649 1466 662 ·
1512 635 1800 703 διήλθοσαν
1835 639 1916 701 είς
1958 639 2074 692 διά-
2103 649 2108 653 ⁷

503 717 654 768 Θεσιν
686 717 915 787 καρδίας
941 734 956 748 ⁸
987 720 1344 793 διενοήθησαν
1372 727 1466 778 καὶ
1517 729 1790 798 ὲλάλησαν
1813 733 1872 784 ἐν
1901 749 2069 803 πονη-

505 808 598 877 ρίᾳ
623 823 639 840 ο
667 809 883 862 ἀδικίαν
912 812 997 874 είς
1025 813 1086 864 τὸ
1113 813 1243 881 fido;
1290 816 1577 886 ἐλάλησαν.
1617 822 1845 875 Ἔθεντο
1868 824 1948 886 είς
1974 825 2068 876 οὐ·

506 899 703 966 ρανοὺς
731 901 790 954 τὸ
823 904 999 972 στόμα
1031 905 1194 976 370
1219 909 1421 975 αὐτῶν,
1453 912 1546 964 καὶ
1575 914 1606 980 ή
1639 914 1861 980 γλῶσσα
1889 915 2072 968 αὐτῶν

501 992 718 1058 διῆλθεν
750 995 842 1048 ἐπὶ
867 998 966 1062 τῆς
989 1001 1115 1066 γῆς.
1149 1000 1312 1055 Ἀ).λά
1346 1003 1444 1056 σῦν
1469 1005 1548 1070 τῷ
1582 1007 1878 1078 θεοπάτορι
1904 1009 2070 1062 Δαϐὶδ

501 1083 597 1134 καὶ
625 1084 786 1148 αὐτὸς
815 1090 1160 1160 κεκράξομαι
1189 1095 1272 1146 ὅτι
1300 1095 1396 1147 Διά
1422 1097 1518 1159 τὰς
1545 1097 1860 1168 δολιότητας
1892 1103 2070 1155 αὐτῶν

501 1171 626 1224 ἔθου
664 1177 851 1239 αὐτοῖς
879 1181 1042 1244 κακὰ,
1086 1181 1259 1251 Κύριε
1283 1200 1296 1214 ⁸
1343 1187 1640 1251 κατέϐαλες
1677 1192 1871 1254 αὐτοὺς
1907 1195 1965 1245 ἐν
1992 1194 2069 1263 τῷ

417 1346 426 1350 ⁵
500 1263 831 1333 ἐπαρθῆναι.
887 1271 1010 1332 Πῶς
1039 1273 1287 1339 ἐγένοντο
1319 1279 1414 1340 ἐίς
1461 1280 1743 1348 ἐρήμωσιν
1798 1283 2064 1350 ὲξάπινα;

512 1353 815 1418 Ἐξέλιπον,
871 1361 1156 1416 ἀπώλοντο
1181 1367 1268 1418 διά
1293 1367 1389 1435 τὴν
1427 1371 1656 1441 ἀνομίαν
1687 1373 1890 1437 αὐτῶν,
1935 1375 2068 1428 ὡσεὶ

500 1447 752 1502 ἐνύπνιον
782 1451 1226 1524 ἑξεγειρομένου.
1254 1460 1449 1530 Κύριε,
1477 1465 1533 1517 ὲν
1565 1467 1630 1534 τῇ
1667 1466 1820 1518 πόλει
1849 1484 1943 1520 σου
1966 1469 2066 1538 τὴν

495 1540 679 1592 εἰκόνα
703 1545 890 1598 αὐτῶν
915 1547 1317 1616 ἐξουδενὼσεις.

568 1632 690 1687 Ἔτι
729 1639 789 1690 ὲν
818 1639 895 1708 τῷ
947 1643 1100 1713 αὑτῷ
1133 1645 1416 1715 κεφαλαίῳ
1459 1649 1606 1716 λέγει
1638 1653 1665 1702 ὁ
1693 1652 1942 1720 Μωάμεθ
1982 1655 2063 1706 ὅτι

491 1725 540 1778 oi
569 1727 823 1796 δαίμονες
863 1732 1102 1803 σωθῆναι
1147 1737 1456 1803 μέλλουσιν,
1501 1741 1771 1811 Ὦριγένει
1800 1747 2063 1815 αἱρετικῷ

489 1817 825 1877 ἀκολουθῶν.
877 1825 987 1877 Καὶ
1017 1827 1099 1880 ὅτι
1140 1829 1240 1897 μὲν
1287 1833 1346 1882 ὲν
1389 1832 1565 1902 ἑτέρῳ
1596 1835 1749 1904 τόπῳ
1782 1839 1948 1904 φησὶν
1979 1840 2062 1892 ὅτι

491 1910 679 1965 πολλοὶ
722 1914 832 1967 τῶν
865 1917 1138 1986 δαιμόνων
1189 1924 1522 1988 ἀκούσαντες
1562 1928 1623 1980 τὸ
1670 1929 1764 1981 τοῦ
1818 1932 2060 1999 Μωάμεθ

490 2007 664 2073 κοράν
708 2009 1218 2082 ἀναγινωσκόμενοι)
1270 2015 1540 2085 ἐπῄνεσαν
1602 2022 1696 2072 καὶ
1745 2023 2064 2089 ἐθαύμασαν

490 2100 587 2148 καὶ
617 2101 1009 2168 πιστεύσαντες
1062 2107 1211 2176 αὐτῷ
1265 2109 1591 2179 ἐσώθησανο
1643 2113 1787 2166 ἀλλὰ·
1814 2116 1910 2168 νῦν
1963 2118 2062 2185 οὐχ

490 2189 686 2254 οὕτως,
720 2193 859 2248 ἀλλά
903 2197 1211 2264 καθολικῶς
1257 2202 1407 2271 λέγει
1458 2208 1552 2260 καὶ
1592 2210 1949 2280 ἀποφαίνεται
1983 2217 2061 2268 ὅτι

490 2284 737 2349 σωθῆναι
788 2287 1078 2354 μέλλουσιν
1111 2293 1157 2344 oi
1209 2294 1480 2363 δαίμονες.
1522 2299 1700 2372 Είπερ
1736 2305 1866 2370 γοῦν
1902 2307 2063 2359 δύνα-

475 2391 576 2426 -ται
610 2377 853 2443 σωθῆναι
883 2378 964 2444 εἷς
991 2387 1085 2436 καὶ
1113 2385 1279 2453 μόνος
1316 2389 1381 2441 ὲκ
1415 2388 1509 2441 τοῦ
1544 2393 1826 2460 τάγματος
1858 2397 2062 2464 αὑτῶν,

487 2465 742 2521 δύνανται
781 2471 1022 2541 σωθῆναι
1057 2477 1147 2528 καὶ
1176 2477 1397 2542 πάντες.
1442 2481 1583 2534 Ἀλλ’
1607 2483 1797 2553 ὥσπερ
1829 2491 2059 2542 πάντοτε

487 2561 649 2624 αὐτὸς
693 2563 872 2634 ἑαυτῷ
897 2568 1170 2635 ἀντιλέγει
1208 2573 1302 2624 καὶ
1352 2575 1713 2639 ἐναντιοῦται,
1765 2578 1942 2643 οὕτως
1966 2583 2060 2633 καὶ

486 2655 629 2708 κατὰ
655 2657 714 2709 τὸ
750 2659 927 2728 παρὸν
948 2663 1109 2724 αὐτὸς
1138 2665 1229 2717 καὶ
1255 2665 1304 2716 οἱ
1347 2667 1467 2734 μετ’
1496 2667 1661 2722 αὐτοῦ
1713 2671 1856 2724 κατά
1884 2673 2060 2726 πάντα

486 2747 707 2815 λέγουσι
737 2751 797 2804 τὸ
829 2753 1163 2822 Εὖαγγέλιον
1200 2758 1410 2810 τέλειον
1445 2761 1538 2812 καὶ
1569 2762 1725 2828 ἆγιον
1755 2763 1847 2814 καὶ
1890 2767 2062 2834 σωτή-

487 2860 604 2908 ριον
629 2842 705 2908 ὡς
734 2845 830 2898 τοῦ
863 2849 1100 2918 Χριστοῦ
1133 2850 1344 2918 λόγους,
1372 2851 1466 2905 νῦν
1489 2853 1534 2905 δ’
1573 2853 1648 2914 ὡς
1679 2859 1773 2910 καὶ
1801 2858 2058 2922 πολλάκις

485 2936 708 2990 ἐναντία
753 2941 930 3010 τούτῳ
960 2942 1191 2995 καθόλου
1243 2943 1518 3008 λέγουσιν.
1564 2946 1622 2998 '0
1665 2949 1774 3017 γὰρ
1825 2951 2059 3019 Χριστὸς

484 3029 660 3092 οὕτως
697 3031 890 3102 εἴρηκε
928 3035 1064 3104 πρὸς
1093 3037 1221 3098 τοὺς
1247 3037 1348 3106 τῆς
1388 3039 1614 3108 γεέννης
1646 3043 1832 3105 ἀξίους
1860 3059 1872 3071 ·
1913 3062 1928 3092 ι
1959 3044 2059 3095 Πο-

487 3118 713 3187 ρεύεσθε
741 3123 838 3175 ἀπ’
869 3125 1037 3192 ἐμοῦ,
1066 3127 1115 3177 οί
1151 3130 1555 3198 κατηραμένοι,
1596 3132 1676 3193 είς
1697 3132 1758 3184 τὺ
1779 3133 1890 3200 πῦρ
1921 3136 2054 3185 αἰώ-

2175 648 2284 716 γὰρ
2316 649 2667 717 σεσωσμένος
2693 649 2792 702 σὺν
2821 652 3084 721 μετανοίᾳ
3130 653 3189 703 τε
3223 653 3364 704 κατά
3395 651 3626 720 δύναμιν
3659 656 3750 706 καὶ

2174 740 2338 803 αὐτὸς
2389 741 2689 807 συμϐάλλει
2737 742 2823 795 διὸ
2878 744 3130 810 πράξεως
3175 745 3258 805 είς
3293 744 3395 806 τὴν
3433 745 3529 811 τῆς
3573 761 3748 809 σωτη-

2176 832 2300 898 ρίας
2331 832 2469 884 ὀδόν.
2512 834 2636 884 Ἐπὶ
2691 834 2800 903 γὰρ
2830 834 2925 888 τοῦ
2975 835 3230 900 σώματος
3285 836 3349 887 οὐ
3399 835 3622 888 δύναται
3656 836 3748 888 ἀν-

2174 921 2397 988 θρωπος
2418 925 2643 992 ποιῆσαι
2682 924 2744 977 τὸ
2771 926 2912 978 κατά
2939 925 3196 994 βούλησιν
3224 926 3346 996 ἦτοι
3368 926 3428 977 τὸ
3460 928 3536 994 μὴ
3570 929 3746 994 ἐμπε-

2175 1018 2289 1068 σεῖν
2323 1018 2404 1080 είς
2454 1017 2630 1079 νόσον,
2676 1017 2708 1086 ἦ
2748 1019 3010 1087 ἐμπεσὼν
3037 1020 3138 1071 οὐκ
3185 1019 3302 1086 ἔχει
3357 1020 3444 1071 ἐπ’
3495 1019 3745 1082 ἐξουσίας

2174 1107 2495 1160 ἐπανελθεῖν
2533 1110 2612 1170 είς
2660 1110 2764 1177 τὴν
2804 1109 3082 1178 προτέραν
3110 1110 3326 1174 ὑγίειαν
3349 1123 3364 1138 ⁶
3399 1109 3492 1162 ἐπὶ
3546 1109 3602 1160 δὲ
3649 1110 3746 1176 τῆς

2170 1197 2352 1268 ψυχῆς
2379 1201 2479 1268 οὐχ
2513 1199 2707 1264 οὕτως,
2740 1199 2878 1252 ἀλλά
2910 1203 3020 1263 πᾶς
3049 1219 3134 1264 τις
3166 1203 3461 1271 ἄνθρωπος
3482 1204 3570 1253 ἐπ’
3598 1202 3749 1264 ἐξου-

2174 1291 2297 1352 σίας
2329 1293 2446 1359 ἐχει
2484 1293 2568 1344 ἵνα
2610 1293 2686 1360 μὴ
2719 1294 2968 1365 ἁμάρτῃ,
2998 1294 3141 1362 ὅπερ
3175 1294 3325 1346 ἐστὶν
3360 1293 3617 1346 ἀσθένεια
3645 1293 3746 1361 ψυ-

2171 1383 2304 1450 κῆξ⁹
2356 1383 2624 1453 ἁμαρτὼν
2652 1385 2708 1437 δὲ
2737 1385 2819 1447 εις
2856 1384 2958 1453 τὴν
3004 1383 3169 1436 αὑτοῦ
3218 1383 3444 1452 θέλησίν
3475 1385 3624 1434 ἐστιν
3660 1382 3745 1435 ἵνα

2169 1472 2262 1524 καὶ
2295 1472 2455 1536 αὖθις
2502 1474 2906 1543 ἀνακαλέσηται
2941 1475 3154 1540 £29th,
3192 1477 3290 1527 καὶ
3323 1475 3396 1542 μὴ
3456 1475 3618 1542 μόνον
3665 1475 3744 1533 εις

2167 1562 2268 1631 τὴν
2317 1564 2590 1632 προτέραν
2622 1564 2838 1631 ὑγίειαν
2866 1563 2970 1631 τῆς
3013 1563 3193 1634 ψυχῆς
3238 1562 3562 1640 ἐπανέλθοι,
3609 1561 3743 1614 ἀλλὰ

2167 1653 2262 1705 καὶ
2301 1654 2482 1723 πολλῷ
2522 1654 2600 1724 τῷ
2636 1657 2820 1726 μέτρῳ
2851 1657 3088 1725 ὑπερϐῇ,
3137 1656 3234 1712 καὶ
3266 1656 3299 1724 ἢ
3333 1657 3433 1708 σὺν
3465 1657 3532 1723 τῇ
3572 1671 3740 1722 peta-

2167 1745 2306 1813 νοίᾳ,
2341 1746 2415 1809 ὡς
2443 1747 2681 1816 εἴρηται,
2712 1749 2917 1818 ποιήσῃ
2938 1748 3029 1800 καὶ
3059 1748 3197 1816 ἔργα
3223 1746 3506 1815 ἀξιόχρεα,
3539 1746 3570 1814 ἦ
3599 1745 3740 1797 κατά

2165 1839 2438 1908 δεύτερον,
2469 1839 2546 1901 ὣς
2587 1856 2742 1907 φασι,
2772 1839 2942 1891 πλοῦν
2978 1839 3140 1908 μόνον
3167 1838 3446 1906 μετανοῶν
3479 1836 3740 1904 εὑρίσκῖο

2164 1951 2278 1987 ται.
2318 1936 2428 1987 Kal
2455 1936 2484 1986 ό
2510 1931 2831 2000 πανάγαθος
2860 1932 3014 1996 Θεὸς,
3037 1936 3066 1986 ὁ
3087 1932 3175 1984 διὰ
3200 1934 3300 2001 τὴν
3330 1931 3601 2000 σωτηρίαν
3628 1930 3736 1982 τῶν

2164 2026 2466 2096 ἀνθρώπων
2492 2027 2683 2089 κλίνας
2717 2029 2846 2088 τοὺς
2879 2026 3145 2097 οὐρανοὺς
3178 2025 3274 2078 καὶ
3311 2023 3596 2077 κατελθὼν
3641 2024 3734 2076 καὶ

2165 2116 2405 2184 γεγονὼς
2431 2115 2528 2170 ἀνθ
2539 2131 2744 2186 ρωπος,
2773 2115 2954 2184 ἐκχέει
2975 2115 3036 2167 τὸ
3061 2113 3209 2176 ἔλεος
3239 2113 3428 2174 αὐτοῦ,
3458 2115 3594 2181 ὅπερ
3617 2113 3730 2164 ἐστὶ

2167 2209 2355 2278 μεῖζον
2390 2209 2569 2278 πάσης
2603 2206 2857 2276 πράξεως
2889 2205 3162 2273 ἀγγέλων,
3184 2221 3245 2256 τε
3279 2204 3374 2257 καὶ
3405 2204 3727 2271 ἀνθρώπων,

2164 2302 2258 2355 καὶ
2287 2300 2412 2354 ἀντὶ
2459 2299 2652 2352 πασῶν
2687 2296 2899 2367 ἀρετῶν
2942 2296 3104 2350 τοῦτο
3133 2296 3434 2362 λογίζεται,
3479 2295 3576 2346 καὶ
3602 2296 3729 2363 api;

2163 2391 2356 2443 ἑαυτὸν
2390 2388 2785 2459 προσκαλεῖται
2833 2388 3032 2449 αὐτοὺς
3065 2386 3160 2438 καὶ
3201 2385 3391 2452 φίλους
3441 2383 3609 2437 αὑτοῦ
3636 2401 3726 2434 κα-

2164 2483 2430 2552 θίστησιν.
2475 2481 2592 2533 Ἐπὶ
2623 2480 2681 2532 δὲ
2727 2478 2826 2532 τοῦ
2868 2477 3116 2530 διαϐόλου
3158 2477 3262 2528 ποῦ
3295 2476 3590 2544 μετάνοιας
3632 2475 3728 2528 ποῦ

2165 2575 2540 2636 ταπείνωσις;
2581 2572 2646 2624 Ἦ
2691 2571 2799 2639 γὰρ
2837 2572 3096 2638 μετάνοια
3129 2569 3192 2620 ὲκ
3231 2568 3617 2629 ταπεινώσεως
3653 2569 3732 2634 γί-

2163 2681 2314 2716 νεται
2339 2679 2353 2694 ο
2401 2662 2670 2732 πρότερον
2705 2661 2820 2729 γὰρ
2857 2656 3264 2723 καταγινώσκει
3297 2673 3381 2718 τις
3434 2654 3629 2707 ἑαυτοῦ
3657 2655 3729 2717 ὡς

2162 2755 2349 2815 κακῶς
2373 2753 2706 2822 πράξαντος,
2739 2752 2930 2804 ἔπειτα
2961 2749 3220 2818 μετανοεῖ
3246 2744 3434 2822 ἑφθοῖς
3462 2747 3728 2815 ἥμαρτεν.

2173 2849 2231 2900 Ὀ
2261 2846 2318 2898 δὲ.
2366 2845 2613 2906 διάϐολος
2639 2841 2958 2895 τούναντίον
3008 2841 3231 2908 στέργει
3278 2839 3380 2908 μὲν
3412 2838 3510 2907 τὴν
3555 2840 3734 2906 ἀμαρ-

2160 2939 2279 2990 τίαν
2314 2937 2380 3007 ἢν
2411 2938 2627 3007 ἥμαρτε
2659 2935 2754 2988 καὶ
2801 2933 2860 2986 τὸ
2888 2932 3028 2985 κατὰ
3071 2931 3302 2998 δύναμιν
3360 2931 3615 2999 πρόξενος
3637 2930 3732 2982 καὶ

2163 3032 2429 3099 συνεργὸς
2463 3030 2560 3096 τῆς
2595 3028 2704 3079 τῶν
2736 3025 3041 3093 ἀνθρώπων
3076 3022 3364 3085 ἀπωλείας
3393 3023 3727 3098 εὑρίσκεται.

2162 3123 2257 3186 Τίς
2301 3123 2430 3188 γοῦν
2488 3121 2742 3174 κοινωνία
2785 3119 2902 3188 Θεῷ
2934 3118 3026 3170 καὶ
3071 3116 3345 3184 διαϐόλῳς
3395 3115 3557 3185 372
3595 3117 3731 3184 ’Δρα

483 3228 599 3263 νιον
629 3215 690 3264 τὸ
718 3215 1128 3283 ἡτοιμασμένον
1155 3221 1232 3282 τῷ
1266 3219 1501 3290 διαϐόλῳ
1543 3225 1633 3275 καὶ
1665 3229 1775 3287 τοίς
1804 3226 2055 3292 ἀγγέλοις
2085 3205 2126 3262 c
2165 3218 2411 3286 ματαίως
2453 3215 2720 3281 ἐλάλησεν
2756 3214 2784 3263 δ
2814 3210 3080 3280 Μωάμεθο
3143 3207 3314 3261 εξπὼν
3346 3207 3430 3260 δτι
3479 3207 3740 3262 δύνανται

484 3303 642 3374 371
679 3307 865 3361 αὐτοῦ.
901 3326 920 3359 ι
960 3309 1132 3364 Τοῦτο
1160 3313 1340 3366 τοίνυν
1366 3313 1536 3369 εἰπὼν
1575 3317 1766 3370 οὐδένα
1799 3319 1906 3372 τῶν
1936 3318 2052 3371 δαιο

486 3493 778 3548 cinxerunt
804 3495 1149 3567 seinjustitia
1187 3508 1239 3552 et
1257 3498 1552 3569 impietate.
1612 3502 1899 3561 Emanabit
1941 3517 2061 3563 tan-

482 3604 646 3653 quam
677 3605 740 3643 ex
785 3589 940 3659 adipe
995 3592 1260 3661 injustitia
1289 3611 1475 3649 eorum
1508 3615 1520 3660 ;
1557 3612 1937 3666 processerunt
1990 3605 2055 3658 ad

483 3683 889 3749 enniponcndos
917 3683 1147 3742 animos.
1215 3686 1454 3741 meditati
1514 3699 1566 3742 et
1606 3693 1771 3745 locuti
1828 3705 1957 3748 sunt
2003 3696 2054 3748 in

483 3776 769 3838 pravitate,
801 3775 1139 3844 iniquitatem
1167 3779 1346 3833 verbis
1361 3781 1693 3844 extulerunt;
1721 3785 2059 3840 collocarunt

482 3865 538 3929 in
565 3867 719 3921 cwlis
745 3882 805 3921 os
837 3883 1015 3936 suum,
1053 3878 1104 3922 et
1145 3870 1324 3940 lingua
1351 3888 1540 3927 eorum
1561 3874 1625 3927 ad
1660 3884 1857 3930 terram
1896 3894 2061 3945 pene-

482 3960 666 4012 travit.
733 3960 797 4011 At
849 3958 988 4013 idem
1041 3977 1162 4015 cum
1231 3971 1380 4030 patre
1443 3965 1532 4019 Dei
1601 3966 1799 4022 Davide
1859 3962 2056 4025 dicam:

488 4048 750 4128 «Propter
781 4050 1000 4107 fraudes
1030 4069 1221 4108 eorum
1257 4055 1528 4112 immisisd
1564 4059 1629 4113 iis
1652 4061 1815 4128 mala,
1870 4061 2058 4118 Domi-

484 4131 552 4194 ιιι)
583 4159 596 4193 :
625 4126 868 4209 deiecisti
900 4159 995 4197 eos
1023 4146 1150 4197 dum
1183 4160 1240 4198 se
1267 4145 1520 4200 eli‘erunt.
1549 4147 1724 4214 Quam
1758 4126 2059 4221 praecipites

485 4231 595 4283 dati
630 4241 755 4285 sunt
780 4233 829 4284 in
866 4233 1174 4287 miseriam!
1202 4232 1545 4300 Defecerunt,
1579 4242 1858 4307 perierunt
1915 4243 2060 4310 inju-

485 4325 628 4377 stitia
689 4339 808 4389 sua,
854 4332 1112 4392 tanquam
1147 4327 1420 4380 somnium
1453 4332 2061 4397 expergisceutis.Dele-

483 4413 591 4473 bis,
627 4409 868 4477 Domine,
903 4415 956 4467 in
982 4416 1114 4469 urbe
1147 4426 1234 4467 tua
1263 4416 1550 4484 imaginem
1586 4433 1796 4474 eorum.
1827 4441 1845 4470 ι

560 4505 763 4560 Eodem
791 4505 968 4574 capite
995 4505 1329 4563 Mobametes
1359 4507 1637 4564 daemones
1667 4513 1937 4567 salvatum
1989 4516 2058 4569 iri
2092 4549 2136 4602 υ

487 4598 642 4661 dicit,
685 4597 976 4668 Origenem
1041 4599 1357 4653 htereticum
1398 4611 1644 4656 secutus.
1699 4603 1855 4668 Quod
1909 4607 2056 4660 enim

487 4691 597 4744 alio
633 4690 753 4744 loco
789 4697 996 4754 narrat,
1029 4691 1230 4746 multos
1272 4693 1568 4755 darmones,
1609 4695 1700 4762 qui
1733 4694 2060 4752 Mohametis

488 4782 760 4835 Coi-auem
789 4780 1005 4851 prmlegi
1034 4781 1309 4850 audirent,
1342 4799 1464 4838 eum
1492 4783 1696 4840 librum
1723 4785 1978 4844 laudasse
2007 4799 2062 4844 et

487 4868 790 4928 admiratos
824 4877 965 4936 esse,
1005 4883 1062 4928 et
1097 4873 1204 4928 lide
1241 4875 1288 4928 ei
1320 4875 1570 4931 habenda
1601 4892 1723 4932 esse
1768 4880 2009 4935 salvatos
2043 4897 2056 4932 :

488 4981 636 5020 nunc
658 4966 879 5036 quidem
915 4983 1021 5021 non
1058 4966 1196 5021 idem
1223 4967 1378 5031 dicit,
1407 4968 1501 5023 sed
1537 4971 1591 5024 in
1623 4971 1937 5026 universum
1966 4974 2062 5027 do-

487 5079 500 5106 ι
521 5066 595 5118 ct,
627 5057 906 5112 daemones
931 5057 1113 5111 salvos
1148 5057 1286 5112 fore.
1318 5055 1376 5112 Si
1410 5061 1556 5114 enim
1601 5075 1741 5116 unus
1772 5077 1837 5115 cx
1869 5076 2064 5116 corum

489 5149 685 5203 ordine
719 5150 916 5203 salvari
954 5159 1156 5215 potest,
1197 5165 1392 5204 omnes
1423 5152 1621 5206 salvari
1657 5163 1908 5221 possunt.
1952 5154 2058 5207 Sed

489 5241 636 5294 sicut
687 5241 870 5295 ubivis
927 5255 1115 5293 secum
1172 5249 1378 5311 pugnat
1422 5248 1480 5293 ct
1529 5241 1808 5305 dissentit,
1850 5242 1926 5296 ita
1975 5242 2063 5296 hic

487 5346 731 5400 quoque.
769 5330 902 5384 Nam
932 5347 1053 5385 cum
1088 5332 1203 5400 ipse
1233 5342 1286 5385 et
1313 5333 1535 5387 asseclae
1565 5333 1684 5402 ejus
1705 5333 2060 5402 Evangeliqu

491 5425 718 5478 omnino
748 5423 1074 5492 perfectum,
1102 5434 1353 5478 sanctum
1384 5434 1437 5477 et
1463 5425 1705 5480 salutare
1731 5441 1861 5480 esse
1881 5427 2067 5480 dicant

404 5555 406 5568 ι
490 5524 551 5568 ιιι
580 5513 888 5570 doctrinam
919 5511 1147 5577 Christi,
1181 5529 1348 5579 nunc,
1384 5524 1444 5568 ut
1468 5530 1632 5585 saepe,
1663 5515 1788 5570 huic
1818 5515 2068 5584 generali

493 5607 777 5662 sententiae
823 5607 1099 5659 contraria
1142 5605 1447 5673 proferunt.
1489 5605 1744 5660 Christus
1782 5607 1929 5662 enim
1961 5620 2054 5674 ge-

492 5701 670 5754 Imnua
700 5699 878 5769 dignis
912 5699 986 5750 ita
1019 5696 1230 5750 edixit:
1275 5716 1293 5748 ι
1328 5697 1488 5752 Abite
1525 5697 1675 5762 hinc,
1714 5698 2062 5760 exsecrandi,

488 5795 542 5844 in
593 5795 768 5860 ignem
825 5801 1088 5847 aeternum
1163 5799 1410 5858 paratum
1458 5791 1677 5845 diabolo
1729 5801 1782 5845 ct
1851 5791 2060 5859 angelis

487 5887 621 5958 ejus.
655 5904 674 5940 ι
705 5885 862 5952 Quod
898 5899 1023 5942 cum
1055 5885 1279 5952 diceret,
1328 5882 1537 5938 nullum
1574 5883 1881 5938 dannonum
1923 5898 2050 5938 exe-

2163 3308 2402 3378 σωθῆναι
2431 3306 2480 3359 οἱ
2509 3305 2779 3375 δαίμονες.

2161 3495 2266 3548 mit
2292 3493 2359 3548 de
2393 3504 2576 3562 paena.
2609 3487 3039 3545 Necimmerito.
3075 3483 3208 3539 Nam
3242 3482 3336 3552 qui
3366 3489 3586 3552 promer
3616 3492 3724 3548 ptio

2165 3589 2450 3642 nitentium
2480 3586 2747 3647 salvatur,
2783 3581 2942 3635 factis
2990 3579 3107 3634 suis
3138 3592 3235 3647 pro
3276 3575 3488 3629 viribus
3517 3573 3720 3628 confert

2161 3683 2228 3735 ad
2262 3680 2495 3734 salutem
2529 3674 2915 3732 obtinendam.
2948 3670 3192 3741 Carpore
3217 3668 3364 3725 enim
3394 3668 3565 3720 homo
3598 3667 3720 3718 [ace-

2162 3791 2242 3838 re,
2269 3773 2413 3842 quod
2451 3771 2588 3831 vult,
2635 3783 2742 3822 non
2780 3775 2976 3835 potest,
3006 3763 3154 3818 velut
3184 3777 3214 3817 a
3262 3759 3458 3814 morbo
3503 3758 3614 3812 sibi
3646 3771 3729 3811 ca-

2168 3871 2311 3929 vere,
2346 3873 2462 3926 aut,
2492 3871 2780 3932 postquam
2806 3857 3001 3912 incidit
3033 3857 3087 3910 in
3120 3855 3402 3915 morbum,
3442 3849 3729 3920 pristinam

2163 3957 2529 4013 valetudinem
2567 3953 2631 4008 ad
2673 3951 2965 4005 arbitrium
2995 3960 3325 4015 recuperare
3350 3962 3366 4008 ;
3396 3951 3588 4000 contra
3614 3941 3730 3994 ani-

2164 4065 2255 4105 mo
2293 4045 2440 4102 omni
2471 4042 2678 4098 homini
2709 4040 2837 4094 licet
2871 4054 2936 4093 ac
2974 4050 3298 4092 concessum
3330 4041 3416 4088 est
3449 4040 3728 4102 peccatum

2164 4141 2360 4202 vitare,
2394 4134 2486 4207 qui
2520 4132 2744 4186 morbus
2785 4129 2952 4183 animi
2988 4135 3093 4189 est,
3126 4135 3240 4188 aut,
3269 4127 3312 4180 si
3350 4123 3616 4192 peccavit,
3649 4134 3732 4172 re-

2165 4243 2365 4286 vocare
2401 4242 2458 4282 se
2481 4233 2538 4280 et
2562 4238 2671 4277 non
2694 4221 2872 4276 solum
2897 4232 3226 4287 recuperare
3251 4214 3534 4284 pristinam
3559 4207 3729 4265 animi

2166 4323 2558 4386 valetudinem,
2583 4319 2676 4373 sed
2702 4318 2866 4372 etiam
2892 4316 3051 4383 longe
3076 4313 3368 4366 lirmiorem
3395 4309 3496 4362 sibi
3521 4321 3730 4376 parare,

2168 4429 2329 4484 atque
2359 4419 2454 4466 aut
2485 4425 2606 4465 cum
2642 4407 2992 4478 pmnitentia,
3023 4413 3081 4458 ut
3102 4403 3240 4468 disi,
3269 4417 3435 4471 opera
3469 4401 3724 4455 salutaria

2172 4510 2359 4569 edere,
2407 4511 2501 4557 aut
2537 4504 2708 4557 solam
2748 4500 2913 4562 viam,
2968 4511 3028 4552 ut
3064 4497 3244 4561 aiunt,
3295 4493 3628 4564 pmnitentia:
3655 4500 3731 4545 te—

2164 4617 2315 4657 nere.
2343 4599 2484 4654 Deus
2505 4597 2747 4666 optimus
2773 4595 2941 4656 enim,
2961 4591 3054 4662 qui
3077 4591 3148 4645 ob
3174 4591 3404 4644 salutem
3425 4587 3730 4645 hominum,

2165 4695 2358 4748 relicto
2392 4689 2559 4750 coelo,
2599 4687 2652 4740 in
2707 4695 2910 4740 terram
2959 4680 3248 4737 descendit
3277 4689 3329 4733 et
3360 4677 3526 4732 homo
3558 4676 3730 4729 factus

2163 4795 2267 4849 est,
2303 4781 2744 4839 misericordiam
2778 4792 2960 4841 suam,
2991 4789 3112 4844 quae
3131 4771 3393 4827 omnibus
3417 4767 3728 4839 angelorum

2166 4876 2559 4942 hominumque
2589 4871 2749 4926 factis
2776 4869 2952 4938 major
2971 4873 3121 4922 estet
3143 4880 3240 4935 par
3262 4865 3497 4918 habetur
3522 4861 3730 4916 iunctis

2168 4967 2487 5028 virtutibus,
2516 4963 2771 5026 eﬂ'undit,
2805 4977 2902 5016 eos
2934 4960 3000 5012 ad
3022 4974 3082 5016 se
3103 4958 3300 5041 i‘nvitat
3317 4965 3372 5009 et
3401 4955 3608 5007 amicos
3631 4951 3726 5006 sibi

2166 5060 2318 5114 facit.
2367 5059 2436 5114 At
2472 5058 2695 5112 ubinam
2725 5055 2782 5108 in
2832 5054 3052 5108 diabolo
3103 5047 3468 5119 pmuitentia?
3500 5047 3725 5101 Ubinam

2163 5154 2474 5208 submissus
2541 5149 2808 5204 animus?
2854 5145 3180 5203 Pmnitentia
3224 5143 3367 5195 enim
3417 5139 3583 5194 animi
3627 5152 3727 5189 non

2167 5246 2272 5302 nisi
2325 5245 2584 5300 submissi
2623 5251 2728 5297 est.
2783 5239 2920 5293 Nam
2962 5239 3114 5308 prius
3149 5235 3349 5304 aliquis
3400 5233 3544 5302 quod
3595 5229 3729 5282 male

2166 5336 2378 5398 fecerit,
2413 5350 2469 5389 se
2492 5342 2740 5393 accusat,
2773 5329 2972 5385 deinde
2996 5342 3120 5382 eum
3148 5325 3377 5393 ptenitet
3407 5335 3596 5376 eorum
3617 5331 3731 5385 qua:

2167 5429 2314 5482 lccit.
2350 5426 2456 5480 Sed
2502 5425 2758 5479 diabolus
2806 5431 2958 5476 amat
3011 5421 3192 5488 potius
3233 5424 3539 5486 peccatum,
3589 5411 3728 5479 quod

2165 5519 2461 5580 commisit,
2494 5527 2547 5571 et
2581 5533 2681 5586 pro
2730 5516 2942 5569 viribus
2975 5513 3196 5582 adjuvat
3229 5509 3523 5578 perniciem
3560 5501 3731 5557 homi-

2165 5628 2318 5666 num.
2375 5611 2508 5674 Quae
2553 5609 2724 5676 igitur
2774 5606 2996 5660 diabolo
3053 5619 3177 5659 cum
3223 5602 3330 5656 Deo
3379 5595 3730 5654 communio?

2165 5705 2308 5773 Ergo
2365 5715 2568 5756 temere
2605 5700 2941 5754 Moliamet‘es
2989 5697 3256 5766 loquitur,
3299 5709 3420 5750 Cum
3461 5691 3727 5745 drmOues

2167 5794 2364 5849 sal‘s'ari
2399 5809 2560 5865 posse
2603 5793 2752 5846 dicit.

3469 5963 3500 5970 ο
