3962 6562
287 454 401 525 953

1310 456 1771 527 CHROTNICON
1807 461 2072 527 MAIU‘S.
2119 490 2186 499 —
2230 465 2384 526 LIB.
2417 462 2518 527 Ν.

3444 462 3555 531 πί

364 571 490 625 Ἔτι
521 569 551 624 6
598 568 760 633 αὐτὸς
789 567 1038 639 Μωάμεθ
1072 571 1208 641 φησι
1265 573 1396 642 περὶ
1436 570 1531 626 τοῦ
1583 574 1754 643 κοράν
1790 575 1873 627 ὅτι
1901 581 1950 635 Δ
1976 594 2085 632 των
2105 578 2215 631 τῶν
2239 578 2431 632 κακῶν
2462 559 2693 648 ἔσχατον
2723 575 2820 632 καὶ
2869 579 3108 649 πρῶτον,
3142 575 3225 633 ὅτι
3258 579 3415 649 παρὰ
3438 579 3558 632 δαί-

288 664 469 728 οὐδεὶς
512 668 629 717 ’τῶν
673 662 978 732 ἀνθρώπων
1003 662 1114 717 οὐδ’
1148 663 1315 727 αὐτὸς
1354 665 1384 718 6
1421 664 1669 734 Μωάμεθ
1701 664 1866 733 γινώ-

291 772 416 810 σκει
447 756 550 826 τὴν
578 754 772 809 τούτου
807 756 1096 826 ἐξήγησιν.
1123 756 1293 827 ἀλλ’ἢ
1334 759 1496 827 μόνος
1525 760 1553 813 6
1576 759 1733 821 Θεός.
1756 762 1866 816 Καὶ

288 850 341 901 εί
385 846 547 903 τοῶό
608 848 760 901 ἐστιν
789 848 1039 919 ἀλήθεια,
1093 850 1225 904 ποία
1256 851 1411 904 ἐστὶν
1456 853 1488 922 ἡ
1543 853 1637 906 τοῦ
1695 853 1866 923 κοράν

285 936 570 1006 meum;
598 936 764 1000 Ἴσως
808 938 918 1008 γὰρ
948 935 1121 999 οὕτως
1168 938 1404 1008 ἠδύνατο
1435 940 1740 1010 ὠφελῆσαι,
1788 941 1868 994 εί-

289 1044 403 1100 πσρ
457 1029 762 1098 ὲγίνωσκον
806 1030 876 1083 τά
916 1030 1066 1099 παρὰ
1114 1029 1250 1084 Θεοῦ
1299 1032 1605 1100 λεγόμενα*
1642 1032 1768 1085 ἐπεὶ
1819 1033 1866 1087 α

290 1120 459 1183 αὐτὸς
503 1123 532 1174 6
565 1119 813 1192 Μωάμεθ
871 1122 1192 1192 εὑρίσκεται
1228 1124 1527 1195 μαρτυρῶν
1556 1124 1640 1180 ὅτι
1688 1125 1868 1189 οὐδεὶς

291 1209 406 1265 τῶν
432 1210 743 1281 ἀνθρώπιον
781 1215 1049 1281 γινώσκει
1077 1215 1146 1269 τὰ
1174 1219 1235 1270 ὲν
1262 1217 1342 1287 τῷ
1374 1217 1542 1287 κορὰν
1573 1217 1866 1287 λεγόμενα,

291 1301 379 1364 τίς
423 1304 459 1373 η
489 1302 680 1357 τούτου
716 1304 997 1374 ὡφὲλειας
1046 1307 1277 1371 Πάντως
1327 1306 1577 1376 οὐδεμία.
1628 1307 1739 1360 Καὶ
1785 1307 1869 1371 τίς

297 1395 505 1465 μείζων
557 1395 694 1466 άλλη
741 1397 1019 1463 ἀπόδειξις
1066 1398 1150 1452 ὅτι
1197 1399 1300 1452 οὐκ
1328 1398 1478 1452 ἔστιν
1511 1398 1620 1454 ἀπὸ
1666 1397 1809 1452 Θεοῦ
1843 1400 1871 1452 6

293 1483 452 1557 παρὰ
503 1487 597 1541 τοῦ
626 1487 877 1558 Μωάμεθ
926 1490 1109 1553 δοθεὶς
1148 1491 1350 1559 νόμος;
1405 1491 1481 1545 Ού
1510 1493 1623 1561 γὰρ
1649 1491 1716 1561 δὴ
1765 1508 1872 1561 μα-

293 1580 465 1641 ταίως
500 1580 783 1651 νομοθετεῖ
806 1580 1000 1646 όΘεός.
1039 1581 1172 1636 ’ἰδοῦ
1203 1584 1389 1638 τοίνυν
1414 1584 1729 1653 καταφανές
1755 1585 1872 1637 ἐστι

293 1671 358 1724 τὸ
390 1671 584 1742 κορὰν,
619 1674 702 1727 δτι
732 1672 834 1727 ούκ
863 1673 1013 1729 εστιν
1057 1676 1213 1744 παρὰ
1248 1675 1407 1741 Θεοῦ,
1444 1676 1584 1731 ἀλλά
1610 1678 1704 1731 καὶ
1736 1676 1872 1731 ἀνά-

294 1763 526 1833 πλασμά
552 1766 670 1818 ἑστι
691 1765 934 1830 διανοίας
980 1767 1153 1823 αὑτοῦ
1183 1769 1279 1823 τοῦ
1312 1770 1728 1839 κακοδαίμονος.
1764 1772 1875 1825 Καὶ

292 1857 566 1927 πρόδηλον
586 1858 653 1927 ἐξ
704 1860 872 1914 αὐτοῦ
904 1863 1003 1914 τοῦ
1057 1862 1252 1931 κοράν,
1283 1863 1366 1916 ὅτι
1409 1861 1534 1917 ιῦτε
1567 1866 1635 1934 τῇ
1663 1864 1876 1936 παλαιᾷ

1977 685 2138 738 μονος
2169 670 2390 739 ινξεδόθη
2434 671 2497 724 τὸ
2519 669 2768 725 τοιοῦτον
2807 670 2997 741 κορᾶν,
3045 668 3152 725 κάν
3181 671 3277 727 καθ⁸
3301 670 3394 724 τὸν
3423 670 3557 725 Θεὸν

1970 763 2354 829 διαϐάλλοντες
2385 765 2621 833 λέγωσιν
2650 767 2734 819 ὃτι
2766 765 2875 819 ἀπὸ
2907 765 3044 820 Θεοῦ
3076 764 3256 838 ἐδόθη.

2047 857 2329 926 Θαυμάζω
2362 859 2471 929 γὰρ
2503 859 2678 927 ἔγωγε
2728 860 2821 913 καὶ
2860 859 2980 911 λίαν
3026 859 3404 928 ὲκπλήττομαι
3438 858 3557 921 πῶς

1972 948 2069 1002 τὸν
2119 950 2361 1020 Χριστὸν
2392 951 2625 1019 ἀφέντες
2679 952 2730 1005 οί
2777 951 3007 1013 τάλανες
3050 948 3428 1021 ἠκολούθησαν
3480 949 3560 1019 τῷ

1978 1040 2253 1110 Μωάμεθ.
2280 1042 2454 1108 Αὐτὸς
2479 1042 2576 1095 καὶ
2600 1043 2710 1111 γὰρ
2737 1044 2765 1096 6
2792 1043 2889 1096 τοῦ
2916 1036 3167 1111 Μωάμεθ
3192 1044 3383 1112 νόμος,
3409 1036 3560 1093 τοῦτ’

1979 1129 2096 1183 ἔστι
2132 1129 2194 1183 τὸ
2246 1134 2436 1200 κορᾶν.
2494 1133 2627 1189 αὐτὸ
2656 1132 2814 1186 τοῦτό
2845 1149 3012 1200 φησιν
3060 1133 3143 1186 ὄτι
3192 1132 3263 1185 δι’
3316 1132 3557 1201 ἀγγέλου

1980 1226 2349 1295 εὐηγγελίσθη
2378 1228 2445 1297 τῇ
2481 1228 2650 1297 μητρὶ
2700 1225 2797 1280 τοῦ
2827 1224 3007 1294 Ἰησοῦ
3054 1226 3150 1279 καὶ
3182 1221 3269 1280 διὰ
3305 1224 3562 1293 Πνεύμα-

1979 1332 2073 1380 τος
2102 1318 2270 1386 ἁγίου
2289 1314 2528 1388 ἡγιάσθη
2581 1318 2678 1371 καὶ
2712 1321 2780 1391 τῇ
2826 1320 3059 1387 δυνάμει
3091 1315 3185 1372 τοῦ
3234 1318 3372 1372 Θεοῦ
3406 1336 3564 1371 συνεο-

1980 1411 2185 1479 λήφθη,
2217 1408 2333 1465 ἀλλ’
2361 1412 2424 1464 ού
2474 1411 2691 1479 φύσεως
2735 1412 3009 1484 ἐνεργείᾳ,
3044 1414 3140 1464 καὶ
3172 1414 3233 1465 ἐκ
3279 1411 3562 1483 παρθένου

1983 1501 2298 1573 ἁγιωτάτης
2333 1503 2428 1556 καὶ
2458 1502 2601 1572 ὑπὲρ
2624 1501 2806 1565 πάσας
2835 1503 2935 1566 τὰς
2960 1501 3129 1564 ἄλλας
3166 1504 3430 1569 γυναῖκας
3464 1519 3564 1553 καί

1981 1596 2158 1666 θαρᾶς
2187 1594 2519 1665 γεννηθῆναι
2539 1610 2553 1625 ’
2581 1596 2638 1648 ὲν
2662 1594 2773 1664 γὰρ
2800 1594 2879 1665 τῷ
2910 1594 3193 1665 κεφαλαίῳ
3216 1594 3294 1664 τῷ
3330 1593 3564 1646 Αίνεσάν

1984 1704 2154 1759 φησιν
2181 1704 2196 1719 ·
2273 1705 2297 1740 ο
2328 1683 2399 1740 Ὦ
2443 1688 2651 1759 ἑταῖροι
2696 1689 2796 1757 τῆς
2846 1687 3035 1757 βίϐλου
3098 1686 3266 1757 (τοῦτ’
3310 1684 3458 1738 ἔστιν
3513 1685 3564 1736 oi

1984 1777 2219 1847 πιστοὶ),
2283 1777 2359 1847 μὴ
2394 1777 2589 1846 λέγετε
2646 1778 2778 1847 ’περὶ⁵
2821 1776 2916 1830 τοῦ
2954 1775 3092 1830 Θεοῦ
3133 1775 3273 1842 πλὴν
3308 1773 3408 1843 τῆς
3432 1772 3575 1844 ἀληὲο

1985 1869 2157 1934 θείας,
2188 1871 2275 1923 ὅτι
2311 1869 2341 1923 6
2374 1868 2611 1939 Χριστὸς
2646 1865 2862 1937 Ἰησοῦς
2908 1868 3025 1932 υίός
3068 1868 3184 1919 ἐστι
3211 1866 3312 1936 τῆς
3342 1864 3568 1935 Μαρίας

292 1944 488 2022 Γραφῇ
525 1956 810 2023 συμφωνεί
868 1952 994 2007 οὔτε
1022 1956 1090 2024 τῇ
1122 1956 1221 2026 νέᾳ
1253 1956 1522 2028 Διαθήκῃ,
1573 1956 1754 2015 καίτοι
1798 1974 1866 2026 γε
1903 1956 1945 2014 Β
1979 1961 2076 2016 καὶ
2118 1960 2421 2024 ἀπόστολος
2466 1959 2605 2013 Θεοῦ
2653 1960 2750 2013 καὶ
2782 1958 2954 2028 Λόγος
2993 1957 3153 2021 Θεοῦ,
3192 1953 3251 2010 ὃν
3302 1957 3360 2008 ὲν
3419 1954 3561 2025 αὐτῇ

291 2043 690 2112 ὁμολογοῦντος
715 2044 811 2099 τοῦ
847 2046 1096 2115 Μωάμεθ
1120 2046 1205 2100 δτι
1233 2047 1388 2115 ἆγιαι
1418 2047 1514 2101 καὶ
1547 2048 1715 2102 καλαί
1737 2049 1875 2102 είσιν

296 2136 355 2189 αί
385 2136 628 2207 Γραφαὶ,
664 2139 757 2190 καὶ
787 2138 869 2193 ὅτι
899 2137 1057 2192 οὐδέν
1084 2140 1227 2193 είσιν
1264 2140 1314 2193 οί
1338 2140 1552 2193 ἐκείνου
1584 2138 1875 2193 ἀκόλουθοι

293 2226 347 2278 εί
377 2226 453 2295 μὴ
481 2225 835 2297 πληρώσαιεν
868 2228 961 2283 τόν
986 2246 1046 2282 τε
1090 2231 1259 2300 νόμον
1289 2231 1470 2285 καὶτὸ
1511 2231 1872 2300 Εύαγγέλιον.

298 2317 426 2371 Ἔτι
455 2319 643 2388 σχεδὸν
668 2320 740 2373 δι’
774 2321 898 2376 ὅλου
932 2322 1100 2386 αὐτὸς
1144 2322 1333 2390 ἑαυτῷ
1357 2325 1507 2378 ἔστιν
1545 2324 1873 2392 ἀντιλέγων.

297 2411 425 2464 Ἔτι
455 2411 608 2466 οὐδιν
643 2410 830 2483 θαῦμα
856 2414 1123 2484 εποίησεν
1150 2418 1232 2478 είς
1273 2417 1546 2487 πίστωριν
1572 2415 1687 2469 τῶν
1716 2416 1876 2483 λεγο-

296 2501 501 2571 μένων.
548 2502 669 2558 Ἐτι
719 2505 1137 2574 ὁμολογούμενα
1179 2506 1351 2579 ψεύδη
1409 2508 1678 2579 περιέχει,
1736 2508 1875 2579 ὅπερ

294 2594 418 2649 ἐστὶ
442 2594 538 2649 τοῦ
583 2594 722 2651 Θεοῦ
772 2597 1057 2667 ἀλλότριον
1107 2599 1314 2669 πάντη.
1352 2600 1474 2654 Ἔτι
1532 2582 1711 2672 βίαιόν
1758 2602 1877 2654 ἐστι

293 2686 397 2739 καὶ
424 2686 687 2742 καταλύει
721 2689 786 2741 τὸ
808 2689 1181 2758 αὐτεξούσιον,
1211 2693 1351 2761 ὅπερ
1375 2692 1498 2747 οὐδέ
1531 2709 1666 2747 ποτε
1693 2695 1721 2747 6
1741 2693 1878 2757 Θεὸς

294 2780 618 2851 ἀνέτρεψεν.
658 2782 781 2836 Ἔτι
833 2784 1119 2847 παντελῶς
1167 2787 1318 2838 ἑστιν
1370 2784 1633 2849 ἄτακτον,
1683 2787 1780 2840 καὶ
1814 2786 1879 2839 τὸ

295 2874 539 2927 ἄτακτον
569 2874 789 2945 μακράν
817 2875 932 2928 ἔστι
962 2875 1058 2930 τοῦ
1088 2876 1226 2930 Θεοῦ
1245 2894 1261 2909 ’
1293 2877 1354 2930 ού
1380 2878 1488 2949 γάρ
1514 2880 1662 2931 ἐστιν
1690 2881 1718 2932 6
1745 2878 1879 2943 Θεὸς

293 2964 530 3029 ἀταξίας
582 2965 739 3039 Θεός.
793 2968 914 3021 Ἔτι
972 2969 1211 3037 πονηρὸν
1243 2968 1411 3039 373
1463 2970 1827 3038 ἀναφαίνεται
1859 2987 1876 3004 ⁸

296 3056 401 3111 καὶ
432 3058 552 3121 πῶς
583 3058 692 3112 ἀπὸ
729 3058 826 3113 τοῦ
857 3058 995 3112 Θεοῦ
1042 3059 1142 3113 τοῦ
1173 3060 1357 3129 πάσης
1402 3060 1663 3114 ἐπέκεινα
1712 3060 1880 3114 εὐθύ-

294 3165 465 3217 τητος
502 3150 596 3203 καὶ
626 3150 971 3221 ἁπλότητοςς
1008 3151 1130 3203 Ἔτι
1152 3151 1556 3221 πεπλασμένας
1582 3151 1681 3205 καὶ⁸
1718 3167 1881 3222 τερα-

294 3240 492 3305 τώδεις
525 3241 758 3311 θεωρίας
796 3243 1085 3315 περιέχει·
1117 3244 1212 3297 καὶ
1259 3245 1381 3307 πῶς
1410 3242 1571 3298 τοῦτο
1602 3245 1712 3300 ἀπὸ
1738 3243 1878 3299 Θεοῦ
1907 3294 1950 3318 η

297 3324 408 3389 τοῦ
427 3333 655 3405 ποιητοῦ
692 3332 791 3388 καὶ
820 3333 1050 3407 δοτῆρας
1082 3335 1184 3405 τῆς
1214 3334 1508 3406 ἀληθείας;
1540 3335 1615 3390 Τὸ
1651 3336 1715 3390 δὲ
1742 3337 1882 3391 πάν-

372 3520 520 3576 idem
555 3518 898 3574 Mobametcs
933 3517 1189 3584 aﬂirmat,
1223 3517 1497 3574 Cor-auem
1529 3517 1743 3573 nullum
1778 3520 1880 3573 ho-

294 3611 506 3669 minem
540 3609 897 3679 interpretari
947 3623 1133 3678 posse,
1170 3622 1238 3663 ne
1289 3609 1471 3679 ipsum
1511 3606 1879 3663 Mobametem

295 3703 549 3775 quidem,
585 3703 680 3758 sed
709 3701 887 3757 solum
918 3701 1110 3756 Deum.
1138 3699 1294 3767 Quod
1326 3701 1370 3755 si
1398 3712 1587 3755 verum
1617 3709 1722 3764 est,
1758 3712 1884 3768 quae

297 3798 521 3852 tandem
567 3802 655 3848 est
699 3791 910 3847 utilitas
937 3790 1219 3848 Coranis?
1245 3790 1507 3845 Fortasse
1556 3789 1707 3845 utilis
1759 3802 1883 3845 esse

295 3893 511 3957 posset,
543 3883 589 3938 si
619 3882 992 3953 intelligerent
1020 3882 1276 3938 hor-niues
1310 3896 1342 3938 a
1375 3881 1485 3936 Deo
1518 3880 1757 3945 tradita;
1784 3878 1880 3938 sed

298 3992 430 4033 cum
456 3974 795 4031 Mohametes
825 3976 945 4045 ipse
969 3983 1225 4038 testetnr,
1253 3975 1462 4029 nullum
1488 3974 1767 4029 hominem
1798 3973 1883 4028 1ης-

303 4070 580 4139 t‘elligere,
604 4084 727 4140 quae
753 4071 806 4123 in
833 4068 1048 4123 Corano
1081 4068 1404 4132 doceantur,
1428 4081 1678 4137 quaenam
1709 4067 1882 4136 possit

298 4162 463 4218 istius
513 4162 720 4216 utilitas
744 4159 909 4214 esse?
946 4157 1199 4213 Profecto
1246 4157 1400 4213 nulla
1437 4157 1690 4212 omnino.
1724 4155 1880 4222 Quod

297 4261 487 4307 autem
528 4252 748 4322 gravius
802 4251 1199 4305 documentum
1257 4256 1362 4314 est,
1419 4262 1530 4318 quo
1590 4247 1878 4315 probetur,

295 4340 472 4398 Deum
508 4358 614 4397 non
657 4356 778 4396 esse
811 4342 944 4409 legis
964 4355 993 4392 a
1020 4339 1323 4394 Mohamete
1350 4337 1666 4392 constituta:
1694 4347 1882 4392 aucto-

294 4434 470 4491 rem?
497 4432 685 4503 Neque
710 4434 856 4488 enim
906 4430 1280 4502 nequidquam
1319 4428 1466 4485 Deus
1502 4430 1646 4499 leges
1677 4429 1877 4486 sancit.

296 4526 652 4584 Manifestum
699 4536 786 4583 est
817 4526 1005 4596 igitur,
1035 4524 1313 4580 Coranem
1360 4540 1471 4580 non
1519 4539 1644 4582 esse
1692 4543 1724 4581 a
1765 4525 1878 4579 Deo

1978 2054 2144 2125 ἔθηκε
2186 2053 2275 2107 διὰ
2304 2052 2629 2122 Πνεύματος
2660 2051 2757 2107 τοῦ
2799 2052 2978 2121 ἁγίου.
3020 2070 3039 2104 ι
3075 2048 3209 2105 ’ἰδοῦ
3249 2048 3383 2119 γοῦν
3428 2048 3565 2101 Θεὸν

1978 2147 2256 2215 ὀνομάσας
2306 2146 2402 2200 καὶ
2455 2145 2632 2213 Λόγον
2670 2144 2806 2198 Θεοῦ
2860 2144 2954 2197 καὶ
2985 2142 3211 2212 Πνεῦμα
3260 2142 3418 2209 ἅγιον
3465 2139 3569 2209 τὴν

1979 2239 2429 2311 τρισυπόστατον
2465 2237 2675 2308 Τριάδα
2701 2241 2729 2291 6
2760 2236 2947 2300 ἄθλιος
2975 2236 3075 2289 οῦκ
3100 2235 3281 2307 ἤνοιξε
3311 2235 3437 2296 τοὺς
3467 2235 3569 2301 τῆς

1977 2330 2159 2400 ψυχῆς
2181 2328 2502 2401 ὀφθαλμοὺς
2530 2329 2661 2383 ίδείν
2684 2330 2746 2383 τὸ
2777 2329 2895 2398 φῶς
2931 2327 3032 2399 τῆς
3066 2325 3317 2398 Τριάδος.
3356 2327 3463 2378 Καὶ
3491 2320 3569 2377 ei-

1980 2424 2152 2486 κὸτως
2178 2441 2193 2457 ο
2236 2422 2427 2489 ὥσπερ
2458 2422 2567 2492 γὰρ
2600 2426 2669 2477 τά
2692 2423 2752 2475 ἐν
2777 2424 2842 2493 τῇ
2893 2420 3076 2492 κοιλίᾳ
3102 2420 3202 2488 τῆς
3237 2419 3445 2489 μητρὸς
3477 2412 3568 2469 εὗ-

1982 2514 2281 2585 ρισκόμενα
2310 2512 2475 2587 374
2494 2513 2716 2583 ἒμδρυα
2742 2512 2849 2582 πρὸ
2890 2512 2991 2582 τῆς
3020 2511 3332 2580 γεννήσεως
3380 2507 3566 2561 αὐτῶν

1982 2607 2132 2678 ζωὴν
2164 2607 2265 2677 μὲν
2292 2607 2531 2679 ἔχουσιν,
2558 2605 2819 2676 ἀνωφελῆ
2843 2604 2901 2659 δὲ
2928 2605 3025 2658 καὶ
3051 2596 3304 2672 ἀνόητον,
3338 2603 3432 2654 καὶ
3458 2601 3566 2669 eu-

1983 2701 2084 2774 χὴν
2118 2701 2195 2772 μὴ
2226 2702 2536 2771 δυναμένην
2563 2700 2841 2769 διακρῖναι
2865 2698 2928 2752 τὸ
2961 2700 3213 2768 κρεῖττον
3235 2694 3330 2749 τοῦ
3377 2694 3565 2764 χείρο-

1983 2812 2094 2859 νος,
2127 2795 2161 2865 ἥ
2199 2794 2354 2865 παρὰ
2381 2794 2575 2864 καιρὸν
2604 2792 2935 2862 γεννηθέντα
2954 2789 3054 2844 οῦκ
3082 2793 3221 2843 εἰσιν
3255 2788 3564 2856 ἄνθρωποι,

1983 2887 2105 2942 ἀλλ’
2159 2887 2491 2960 ὲκτρὼματα
2545 2886 2642 2939 καὶ
2698 2884 3065 2953 ἀμϐλῶματα,
3123 2878 3266 2934 οὕτω
3324 2881 3421 2937 καὶ
3455 2879 3563 2937 πᾶς

1985 2975 2191 3047 ἀσεϐὴς
2223 2979 2252 3028 6
2298 2977 2374 3046 μὴ
2413 2975 2807 3045 άναγεννηθεὶς
2855 2972 2924 3026 δι’
2953 2968 3149 3034 ὕδατος
3176 2971 3272 3023 καὶ
3322 2967 3573 3036 πνεύμα--Δ

1983 3084 2096 3133 τος,
2140 3066 2287 3122 τοῦτ’
2321 3068 2437 3121 ἐστι
2467 3066 2554 3121 διὰ
2592 3066 2687 3119 τοῦ
2730 3065 2888 3133 ἁγίου
2924 3063 3326 3135 βαπτίσματος,
3362 3060 3425 3113 ού
3474 3054 3569 3111 66’-

1984 3178 2148 3215 ναται
2183 3161 2314 3214 ἰδεῖν
2346 3160 2407 3213 τὸ
2449 3161 2704 3229 οὐράνιον
2747 3158 2862 3227 φῶς
2897 3157 2993 3211 καὶ
3024 3155 3137 3227 τὴν,
3169 3155 3267 3225 τῆς
3302 3152 3564 3223 ἀληθείας

1985 3249 2308 3319 ἐπίγνωσιν,
2365 3251 2456 3303 καὶ
2504 3249 2593 3302 διὰ
2631 3247 2791 3302 τοῦτο
2847 3246 3027 3318 μύσας
3071 3246 3201 3308 τοὺς
3235 3245 3338 3309 τῆς
3383 3239 3569 3312 ψυχῆς

1987 3339 2155 3395 αὑτοῦ
2187 3339 2501 3411 ὀφθαλμοὺς
2530 3341 2559 3392 6
2600 3337 2834 3409 μάταιος
2877 3334 3152 3398 σκοτεινὸς
3194 3324 3562 3397 ἓναπελείφθη

1972 3521 2284 3593 ,pontincat.
2307 3534 2429 3573 cum
2457 3519 2597 3573 Deus
2622 3518 2695 3572 sit
2717 3515 2895 3573 omnis
2918 3512 3163 3570 veritatis
3188 3520 3400 3565 auctor.
3420 3505 3568 3573 Quos

1985 3626 2106 3666 rum
2141 3611 2403 3665 malorum
2437 3612 2691 3673 omnium
2720 3609 2954 3678 primum
3000 3614 3054 3659 et
3085 3612 3422 3672 postremum
3456 3606 3561 3659 est,

1984 3703 2128 3773 quod
2159 3717 2189 3756 a
2215 3702 2464 3756 daemone
2506 3701 2686 3755 editus
2705 3709 2789 3755 est
2807 3713 2973 3754 coran
3000 3695 3125 3756 iste,
3161 3690 3413 3763 quamvis
3437 3703 3563 3744 eum

1983 3810 2013 3850 a
2047 3795 2159 3849 Deo
2184 3795 2388 3848 editum
2414 3808 2535 3848 esse
2569 3794 2750 3848 dicant
2779 3791 2945 3845 Deum
2985 3789 3411 3845 calumniantes.

2054 3883 2225 3939 Miror
2245 3885 2497 3953 equidem
2518 3893 2577 3939 et
2593 3884 2884 3939 admodum
2909 3892 3125 3951 stupeo,
3150 3878 3319 3950 quod,
3340 3876 3563 3931 Christo

1983 3978 2199 4042 relicto,
2229 3977 2418 4033 miseri
2471 3977 2561 4032 isti
2589 3964 2952 4031 Mohametem
2982 3974 3155 4030 secuti
3188 3974 3321 4029 sint.
3356 3971 3412 4025 lu
3447 3971 3566 4037 ipsa

1982 4070 2128 4124 enim
2151 4068 2474 4126 Mobametis
2496 4068 2636 4140 lege,
2659 4068 2767 4125 hoc
2790 4079 2873 4124 est
2896 4068 3116 4123 Corane
3130 4068 3377 4130 docetur,
3401 4062 3564 4118 Chri-

1983 4167 2130 4214 stum
2176 4176 2270 4230 per
2299 4159 2550 4228 angelum
2593 4159 2746 4212 Matri
2788 4156 2917 4214 Jesn
2959 4154 3410 4226 praenuntiatum,
3460 4165 3563 4221 per

1981 4251 2243 4321 Spiritum
2279 4264 2525 4306 sanctum
2560 4237 2983 4314 sanctificatum,
3012 4247 3065 4300 vi
3089 4247 3298 4307 divina,
3332 4258 3440 4299 non
3466 4258 3565 4298 na-

1984 4343 2166 4405 turali,
2201 4350 2546 4411 conceptum,
2573 4349 2635 4400 et
2661 4354 2691 4395 e
2721 4339 2937 4407 virgine
2962 4335 3312 4392 sanctissima
3352 4344 3404 4389 et
3446 4347 3567 4405 prae

1980 4435 2237 4490 omnibus
2267 4432 2656 4502 ieminis'pura
2689 4438 2875 4486 natum
2915 4443 3057 4484 esse.
3092 4427 3284 4497 Capite
3318 4425 3565 4480 Enesan

1980 4527 2126 4582 enim
2182 4528 2353 4582 dicit:
2395 4545 2414 4579 ι
2443 4526 2591 4581 Socii
2636 4522 2935 4595 Scriptura:
2987 4523 3006 4591 (
3028 4522 3133 4578 hoc
3171 4530 3276 4585 est,
3314 4517 3565 4584 ﬁdeles).

292 4619 679 4689 repetendum,
712 4618 808 4673 sed
840 4617 1024 4687 potius
1072 4631 1212 4687 opus
1246 4615 1531 4686 sapientia:
1567 4616 1743 4686 ipsius
1776 4616 1878 4673 Sa~
1910 4632 1955 4687 ι)
1985 4634 2053 4674 ne
2086 4619 2281 4675 dicatis
2311 4619 2414 4673 nisi
2450 4632 2637 4673 verum
2668 4618 2735 4672 de
2769 4617 2900 4679 Deo,
2947 4613 3135 4670 Jesum
3171 4612 3449 4669 Christum
3472 4609 3564 4664 Fi-

290 4720 438 4769 t'aute
472 4725 637 4775 esse;
669 4718 835 4779 atque
877 4725 944 4764 ex
988 4710 1109 4780 ipso
1150 4722 1355 4765 coraue
1386 4710 1731 4778 perspicuum
1767 4720 1873 4773 est,

287 4817 418 4858 eum
448 4815 549 4858 nec
582 4816 708 4857 cum
750 4811 939 4857 vetere
968 4799 1277 4870 Scriptura,
1315 4814 1419 4855 nec
1440 4814 1564 4855 cum
1597 4799 1752 4856 Novo
1771 4798 1879 4858 Τε-

286 4901 567 4949 stamento
598 4907 925 4960 congruere,
963 4906 1087 4946 cum
1125 4900 1308 4946 tamen
1340 4880 1655 4948 consentiat
1685 4894 1879 4950 Heba-

286 4990 487 5049 metes,
528 4996 624 5037 eas
653 4981 891 5036 Litteras
925 4994 1113 5036 sacras
1161 4989 1217 5035 et
1260 4981 1520 5049 pulchras
1570 4997 1717 5046 esse,
1773 4996 1875 5037 nec

284 5073 588 5145 quidquam
615 5072 1034 5143 agereasseclas
1064 5088 1215 5139 suos,
1241 5073 1347 5129 nisi
1372 5073 1472 5143 legi
1496 5082 1552 5129 et
1575 5073 1875 5144 Evangelia

286 5164 654 5220 satisfaciant.
689 5163 931 5230 Accedit,
964 5170 1026 5217 ut
1056 5177 1195 5233 pene
1234 5164 1412 5220 ubivis
1441 5165 1544 5221 sibi
1571 5173 1876 5235 repugnet;

286 5268 350 5312 ut
394 5259 606 5312 nullum
646 5256 979 5312 miraculum
1014 5258 1251 5313 ediderit
1290 5260 1357 5314 ad
1393 5257 1554 5314 ﬁdem
1591 5258 1753 5314 dictis
1780 5273 1876 5328 pa-

285 5346 517 5401 randam
544 5363 561 5413 ;
588 5356 650 5402 ut
673 5346 810 5402 liber
832 5339 937 5402 iste
957 5347 1246 5403 manifesta
1272 5347 1555 5404 mendacia
1579 5350 1873 5413 contineat,

285 5438 340 5492 id
376 5439 524 5508 quod
566 5454 597 5492 a
630 5438 741 5494 Deo
772 5453 997 5510 prorsus
1052 5440 1293 5495 alienum
1342 5450 1467 5508 est;
1508 5454 1568 5497 ut
1596 5442 1873 5510 violentus

287 5529 363 5586 sit
389 5538 444 5585 et
469 5531 773 5586 libertatem
822 5532 997 5599 tollat,
1028 5548 1192 5602 quam
1227 5532 1373 5590 Dens
1405 5551 1688 5606 nunquam
1718 5550 1875 5591 ever-

289 5624 397 5689 tit;
426 5631 489 5677 ut
538 5623 969 5693 perturbationis
1003 5625 1198 5695 plenus
1219 5625 1309 5690 sit,
1345 5640 1470 5695 quae
1508 5642 1538 5681 a
1575 5626 1684 5682 Deo
1714 5627 1875 5696 longe

284 5717 463 5782 abest,
498 5717 941 5787 quandoquidem
979 5717 1126 5772 Deus
1164 5733 1271 5773 non
1310 5730 1389 5774 est
1439 5720 1871 5790 perturbationis

286 5806 474 5865 Deus:
509 5820 567 5863 ut
606 5824 805 5879 pravus
838 5811 933 5875 sit,
976 5824 1100 5863 cum
1127 5811 1273 5865 Deus
1310 5812 1462 5867 omni
1500 5814 1572 5868 sit
1613 5816 1871 5884 aequitate

291 5909 345 5955 et
377 5900 581 5965 iustitia
616 5901 907 5968 superior;
939 5911 996 5957 ut
1028 5902 1220 5959 itinera
1250 5901 1443 5961 ﬁctilia
1470 5914 1523 5961 et
1556 5906 1870 5972 prodigiosa

1982 4711 2113 4764 lium
2145 4710 2328 4765 Maria:
2358 4718 2417 4765 et‘
2441 4710 2679 4777 legatum
2728 4716 2782 4761 et
2813 4706 3051 4762 Verbum
3086 4704 3182 4760 Dei
3213 4719 3356 4764 esse,
3391 4717 3554 4773 quem

1981 4802 2035 4858 in
2069 4819 2130 4860 ea
2161 4800 2451 4859 collocavit
2482 4815 2578 4869 per
2607 4796 2871 4867 Spiritum
2897 4807 3170 4852 sanctum.
3196 4814 3214 4848 ι
3250 4795 3439 4864 Itaque
3459 4794 3565 4847 mi-

1981 4913 2070 4954 ser
2099 4896 2226 4961 iste,
2278 4908 2403 4948 cum
2438 4893 2610 4947 Deum
2649 4888 2949 4961 appellaret
3000 4896 3054 4943 et
3082 4884 3324 4942 Verbum
3380 4884 3473 4941 Dei
3507 4898 3564 4943 et

1982 4989 2246 5061 Spiritum
2299 4993 2574 5049 sanctum,
2623 4983 2728 5039 hoc
2762 4991 2855 5037 est
2894 4989 3140 5037 sanctam
3212 4978 3561 5045 Trinitatem,

1981 5095 2088 5135 non
2119 5075 2335 5147 aperuit
2365 5082 2546 5128 tamen
2582 5071 2777 5127 oculos
2811 5070 3008 5145 mentis
3044 5070 3110 5123 ad
3143 5068 3442 5125 videndum
3471 5068 3561 5122 lu-

1983 5182 2105 5226 men
2137 5167 2448 5224 Trinitatis.
2473 5163 2742 5219 Nimirum
2775 5164 2926 5220 sicut
2959 5165 3014 5219 in
3039 5172 3228 5218 ventre
3260 5162 3453 5218 matris
3484 5159 3564 5216 fe-

1982 5273 2070 5317 tus
2118 5257 2395 5314 immaturi
2445 5256 2611 5312 vitam
2652 5255 2894 5327 quidem,
2940 5255 3034 5310 sed
3079 5253 3329 5309 inutilem
3381 5264 3435 5308 et
3473 5253 3559 5308 sui

1980 5351 2245 5411 nesciam.
2274 5359 2437 5419 atque
2465 5360 2727 5414 mentem,
2764 5355 2949 5403 ut‘rum
2988 5346 3207 5413 melius,
3249 5353 3431 5400 utrum
3463 5357 3559 5410 pe-

1976 5444 2068 5516 jus
2096 5446 2189 5509 sit,
2223 5458 2329 5498 non
2359 5444 2759 5499 discernentem
2791 5441 3012 5508 habent,
3046 5449 3162 5506 aut,
3191 5447 3320 5494 ante
3342 5450 3559 5507 tempus

1980 5537 2136 5601 editi,
2165 5550 2272 5590 non
2298 5535 2569 5598 homines,
2596 5533 2698 5589 sed
2716 5545 2905 5605 partus
2926 5532 3275 5604 praesposwri
3297 5530 3379 5584 vel
3400 5529 3562 5582 abor-

1979 5640 2068 5684 tus
2100 5637 2254 5692 sunt,
2287 5627 2363 5681 ita
2414 5626 2663 5697 quisquis
2698 5626 2904 5698 impius
2941 5642 3037 5697 per
3065 5638 3265 5695 aquam
3308 5631 3362 5676 et
3389 5619 3557 5688 spiri-

1979 5731 2119 5783 tum,
2164 5720 2266 5772 hoc
2304 5726 2392 5773 est
2430 5731 2680 5775 sanctum
2714 5719 3009 5790 baptisma,
3036 5732 3145 5772 non
3180 5720 3558 5783 regeneratus;

1978 5815 2208 5869 caeleste
2258 5814 2447 5869 lumen
2486 5822 2540 5867 et
2593 5812 2877 5867 veritatem
2929 5809 3174 5879 aspicere
3227 5805 3462 5877 nequit;
3497 5812 3567 5859 et-

1974 5918 2280 5975 proptcrca,
2314 5908 2522 5965 clausis
2546 5905 2724 5963 oculis
2758 5902 2983 5970 mentis,
3018 5901 3217 5959 nebulo
3247 5901 3353 5959 iste
3383 5911 3563 5957 occa»
