3962 6552
742 316 840 340 ’⁷⁸⁸1

381 370 487 437 981

1417 371 1861 435 CIIRONICON
1895 373 2163 433 MAJUS.
2193 397 2263 408 -
2284 372 2427 433 LIB.
2472 371 2566 432 IV.

3530 367 3636 435 962

368 491 492 546 ἀλλ’
521 489 582 544 οὗ
613 489 778 555 καίει,
805 489 880 553 ὡς
904 489 1128 558 λέγουσί
1158 503 1326 553 τινες.
1361 491 1472 543 Καὶ
1505 489 1678 553 οὕτως
1725 489 1937 558 γίνεται
1972 497 2014 550 Α
2047 487 2268 556 ρανοὺς.
2301 487 2588 555 ἀστραπὰς
2642 488 2806 553 ποιεί,
2864 487 3090 559 βροντὰς
3147 488 3480 556 τρανοτάτας
3539 489 3636 542 καὶ

369 586 400 638 6
431 584 717 654 κεραυνὸς,
745 585 919 654 ὅνπερ
956 586 1118 654 ἡμεῖς
1147 585 1382 654 λέγομεν
1413 585 1602 653 ἀρκόν.

403 675 533 752 .ιβ’.
561 676 696 746 Περὶ
716 675 772 728 δὲ
803 675 1027 742 σεισμοῦ
1060 677 1311 740 ἄκουσον,
1345 677 1439 730 καὶ
1461 677 1584 729 ὅσον
1610 676 1751 730 κατὰ
1780 675 1944 731 δύνα-

373 783 472 836 μιν
524 765 748 836 δηλώσω
797 767 948 835 ὑμῖν,
1006 767 1087 821 ὅτι
1139 767 1278 837 μετὰ
1326 767 1572 836 καθαρᾶς
1617 767 1945 831 ἀποδείξεως

369 854 536 908 τοῦτο
575 856 636 908 τὸ
683 855 780 908 τοῦ
814 857 949 909 Θεοῦ
997 856 1139 926 μέγα
1210 857 1508 925 μυστήριον
1554 857 1834 921 ἀποδεῖξαι
1882 857 1942 908 οὐ

370 947 632 1015 δύναμαι,
661 947 742 1001 δτι
775 948 882 1000 τῶν
915 949 1005 1001 τοῦ
1035 947 1170 1001 Θεοῦ
1199 950 1480 1018 χριμάτων
1532 950 1630 1002 καὶ
1691 949 1946 1018 προνοίας

372 1039 540 1093 αὐτοῦ
569 1043 663 1093 καὶ
701 1039 864 1108 βάθος
899 1041 990 1094 καὶ
1022 1040 1153 1110 ὕψος
1175 1041 1272 1108 τῆς
1299 1042 1462 1094 αὐτοῦ
1487 1043 1677 1108 σοφίας
1704 1042 1943 1112 ἐξιχνιάο

373 1148 467 1183 σαι
507 1129 823 1199 ἀνθρωπίνη
849 1132 910 1184 οὐ
937 1132 1159 1185 δύναται
1197 1131 1436 1196 γλῶσσα,
1471 1132 1584 1184 ἀλλ’
1605 1132 1724 1185 οὐδὲ
1749 1129 1948 1197 γνώσει

371 1220 463 1273 tn’
522 1221 664 1274 αὑτὰ
704 1223 895 1286 συνιεῐ,
937 1221 1247 1284 οὐδ’·αὑτδς
1307 1225 1336 1275 6
1381 1223 1679 1291 θαυμάσιος
1739 1222 1950 1285 Παῦλος

377 1309 556 1380 ἰσχύει
582 1311 820 1381 ὲξιχνιᾷν
845 1312 940 1375 τὰς
973 1313 1123 1375 ὁδοὺς
1150 1311 1353 1382 Κυρίου
1386 1328 1401 1343 ’
1435 1314 1548 1366 ἀλλ’
1574 1316 1647 1376 ὡς
1674 1313 1944 1380 comm.

375 1418 507 1470 χνος
534 1401 610 1454 ὢν
637 1403 932 1474 οἰκτίρμων
951 1404 1045 1456 καὶ
1075 1403 1359 1466 πολυέλεος
1383 1406 1477 1456 καὶ
1505 1405 1722 1458 ἃπασαν
1751 1405 1946 1471 σοφίαν

378 1493 476 1544 καὶ
509 1491 720 1544 σύνεσιν
777 1491 1168 1560 φιλανθρώπως
1201 1493 1277 1563 τῷ
1319 1493 1413 1557 τοῦ
1444 1494 1610 1547 αὑτοῦ
1645 1495 1942 1564 ἐχαρίσατο

381 1584 684 1652 πλάσματι,
719 1583 860 1636 οὕτω
891 1583 1145 1653 γνωρίζει
1175 1586 1306 1654 ἡμῖν
1339 1585 1418 1637 ὅτι
1477 1587 1626 1638 πᾶσα
1673 1587 1849 1646 κτίσις
1871 1603 1954 1638 κι-

279 1723 294 1727 -
380 1675 573 1736 νεῖται,
600 1674 676 1738 ὥς
708 1675 1062 1744 προείπομεν,
1088 1675 1193 1727 ὑπὸ
1207 1676 1316 1729 τῶν
1344 1677 1623 1745 τεσσάρων
1648 1677 1951 1746 στοιχείων,

380 1758 458 1818 ὧν
487 1766 555 1818 τὰ
578 1765 676 1834 μὶν
707 1766 800 1818 δύο
830 1765 966 1818 είσὶν
1000 1768 1224 1836 εὐφερῆ,
1250 1769 1325 1825 ὡς
1369 1768 1718 1839 ὲλαφρῶτερα
1762 1786 1957 1835 κουφι·

2058 578 2295 647 φοϐερὰς
2319 577 2460 630 ὥστε
2491 578 2584 631 καὶ
2603 580 2651 631 oi
2673 579 2894 648 οὐρανοὶ
2922 581 3153 632 σείονται
3173 581 3266 632 καὶ
3295 580 3485 647 ἠχοῦσι
3503 597 3517 610 ·
3542 580 3637 633 καὶ

2058 667 2291 736 τῷπυρὶ
2330 668 2642 720 συνενοῦται
2675 671 2767 721 καὶ
2801 670 3096 738 κεραυνοὺς
3131 671 3272 722 ποιεῖ
3319 671 3404 723 διὰ
3439 671 3632 739 πυρός.

2057 759 2165 810 Καὶ
2196 759 2399 820 πάντας
2428 760 2456 810 6
2499 759 2603 828 ἀὴρ
2641 760 2856 830 ἐκθροεῖ
2886 764 2977 812 καὶ
3007 762 3264 830 ταράττει
3299 777 3313 792 ο
3372 763 3471 830 τὴν
3537 763 3637 814 Oi-

2053 851 2259 904 λασσαν
2291 851 2566 918 μετατιθεῖ
2601 853 2694 904 καλ⁸
2723 853 2786 904 ὲκ
2816 851 2977 922 βυθοῦ
3004 854 3316 922 άμετρήτου
3343 854 3638 922 συνταράτ-

2053 959 2158 1003 τει,
2194 943 2288 994 καὶ
2320 941 2497 994 πάντα
2521 944 2774 1012 κυμαίνει
2799 946 2854 996 ὲν
2895 945 3110 1016 ἐξουσίᾳ.
3140 945 3305 1016 πολλῇ
3336 964 3350 977 ο
3401 963 3634 1014 περικυ-

2059 1033 2175 1085 κλοῖ
2227 1035 2328 1100 τὴν
2360 1035 2461 1103 γῆν
2492 1049 2508 1064 ⁸
2547 1037 2678 1088 αὐτὸ
2736 1038 2842 1106 γ¹ιρ
2881 1037 2942 1088 τὺ
2987 1041 3246 1108 στοιχεῖον
3294 1039 3640 1108 ἰσχυρότερον

2058 1124 2276 1185 πάντως
2300 1128 2390 1178 καὶ
2432 1126 2723 1197 πολεμικὸν
2753 1129 3010 1197 ὑπάρχει.
3051 1130 3147 1182 Διὰ
3191 1129 3351 1182 τοῦτο
3391 1134 3486 1184 καὶ
3545 1129 3638 1182 ὑπ’

2059 1215 2227 1269 αὑτοῦ
2257 1218 2285 1269 6
2307 1217 2528 1285 σεισμὶς
2561 1218 2768 1285 γίνεται
2790 1219 2884 1271 καὶ
2914 1222 3060 1272 πᾶσα
3091 1223 3122 1288 ἡ
3156 1221 3331 1281 κτίσις
3365 1225 3598 1275 κινεῖται
3623 1236 3640 1254 ⁶

2061 1307 2094 1377 ἠ
2125 1307 2233 1376 γὰρ
2262 1311 2353 1375 γῆ,
2389 1308 2465 1369 ὡς
2501 1309 2736 1378 εἴρηται,
2769 1310 2830 1362 οῦ
2859 1310 3190 1378 βαστάζεται
3217 1312 3321 1364 ὑπὸ
3347 1313 3580 1376 οὐδενός.

2135 1398 2226 1466 ιγ’.
2269 1399 2330 1452 ὐ
2367 1399 2462 1467 μὲν
2513 1399 2620 1468 ἀὴρ
2673 1402 3075 1470 πρωτόκτιστον
3128 1404 3346 1455 πάντων
3405 1405 3640 1474 ὑπάρχει

2062 1492 2340 1559 στοιχεῖον,
2375 1491 2479 1543 ὑπὸ
2509 1490 2565 1542 δὲ
2597 1491 2688 1543 τοῦ
2726 1493 2884 1561 ἀέρος
2916 1497 2974 1546 τὸ
3002 1493 3145 1562 ὕδωρ
3179 1497 3439 1562 γεννᾶται
3469 1512 3483 1526 °
3541 1499 3642 1550 καὶ

2061 1579 2234 1643 οὕτως
2264 1581 2429 1648 ἀέρος
2463 1583 2823 1651 ὲξερχομένου
2855 1585 2916 1637 ἐκ
2939 1585 3032 1636 τοῦ
3077 1586 3342 1656 στόματός
3390 1604 3484 1641 σου
3543 1591 3642 1643 καὶ

2064 1669 2462 1732 ὑποπίπτοντος
2487 1672 2565 1732 είς
2593 1672 2692 1738 τὴν
2725 1673 2823 1742 σὴν
2853 1673 3045 1727 πολιὰν
3071 1675 3278 1741 γίνεται
3308 1677 3518 1746 δροσῐα,
3559 1679 3639 1742 ὡς

2062 1759 2169 1814 ὑπὸ
2201 1762 2483 1830 τεσσάρων
2514 1762 2793 1831 στοιχείων
2817 1765 2908 1815 καὶ
2956 1765 2982 1816 6
3033 1767 3318 1835 ἄνθρωπος
3363 1786 3641 1839 συνηρμοι

381 1857 583 1925 ζόμενα
606 1857 665 1910 ὲν
702 1855 781 1926 τῷ
813 1859 992 1928 αἰθέρι
1020 1875 1034 1889 ο
1072 1861 1186 1912 ἀλλ’
1219 1859 1341 1911 οὔτε
1367 1859 1574 1913 ἄνωθεν
1602 1861 1945 1914 ἐκλείπουσιν
1987 1855 2026 1910 Β
2060 1851 2257 1918 σμένος
2291 1851 2526 1919 ὑπάρχει
2558 1854 2652 1904 καὶ
2698 1855 2903 1922 πᾶσαή
2934 1856 3127 1918 κτίσις.
3156 1859 3228 1910 T6
3253 1859 3306 1912 δὲ
3330 1859 3472 1929 ὕδωρ
3507 1860 3641 1930 χοῦν

377 1947 505 2001 αὖτε
562 1948 806 2002 κάτωθεν
837 1965 853 1980 ο
906 1949 1020 2001 ἀλλ’
1050 1951 1183 2002 ὅπου
1215 1949 1313 2004 οῦκ
1359 1951 1498 2003 εἰσιν
1528 1951 1645 2004 οὐδὲ
1688 1953 1958 2018 ἵστανται,

379 2041 500 2110 οὐχ,
524 2040 598 2104 ὡς
633 2040 902 2108 λέγουσιν,
935 2043 996 2095 οὐ
1030 2042 1354 2110 φθάνουσιν,
1394 2043 1533 2096 ἀλλὰ
1589 2045 1681 2096 καὶ
1751 2045 1962 2097 ἐκεῖθεν

379 2131 609 2201 δυνάμει
633 2132 811 2185 αὐτῶν
846 2132 1184 2203 ἐνεργοῦσιν.
1249 2135 1337 2187 Ἐν
1361 2135 1424 2188 ὑὶ
1471 2135 1548 2204 τῷ
1591 2136 1810 2205 οὐρανῷ
1861 2136 1960 2189 οὐκ

383 2222 501 2276 ἔστι
527 2225 597 2291 γῆ
635 2239 650 2255 ·
683 2222 800 2275 ἀλλ’
825 2223 853 2275 6
887 2223 1166 2293 κονιορτδς
1199 2225 1369 2295 αὐτῆς
1403 2226 1716 2294 λαυροειδὴς
1749 2225 1960 2292 γίνεται

385 2317 480 2368 σὺν
502 2315 578 2383 τῷ
611 2315 754 2384 ἀέρι,
779 2315 870 2368 καὶ
893 2317 1133 2385 ἐκχεῖται
1184 2317 1708 2386 πεπυρακτωμένκ,
1741 2320 1834 2372 καὶ
1863 2319 1963 2386 ἐμ-

385 2408 557 2476 quin};
592 2406 670 2474 τῷ
697 2407 888 2477 κόσμῳ
927 2406 1004 2476 τῷ
1028 2407 1178 2460 κάτω
1209 2408 1477 2474 φαίνεται.
1535 2409 1624 2461 Ἐν
1655 2409 1709 2461 δὲ
1763 2411 1826 2476 τῇ
1889 2413 1958 2481 γῇ

383 2503 484 2554 οὐκ
509 2501 624 2553 ἔστι
654 2500 760 2571 πῦρ
791 2518 806 2533 ο
839 2501 974 2554 ἀλλὰ
1002 2502 1094 2554 τοῦ
1122 2502 1297 2571 πυρὸς
1327 2503 1381 2554 αἱ
1419 2503 1672 2570 δυνάμεις
1699 2502 1961 2566 πολλάκις

383 2593 476 2645 ἐπὶ
505 2593 607 2661 γῆς
630 2593 962 2660 ἐνεργοῦσιν.
998 2593 1160 2663 382
1193 2593 1377 2656 Οὕτως
1406 2594 1463 2646 δὲ
1512 2596 1566 2647 ὲν
1625 2594 1701 2664 τῷ
1747 2595 1961 2665 οὐρανῷ

383 2679 549 2749 ὕδωρ,
585 2680 719 2734 ἀλλὰ
749 2682 840 2734 καὶ
861 2683 917 2733 αι
955 2683 1173 2750 νεφέλαι
1223 2683 1354 2736 αὐτὸ
1392 2683 1528 2752 πρὸς
1555 2685 1817 2753 οὐρανοὺς
1866 2686 1960 2737 ἀν-

385 2774 596 2842 άγουσι.
625 2775 940 2842 Γέγραπται
971 2775 1078 2844 γάρ
1117 2775 1202 2827 ὅτι
1245 2777 1340 2828 καὶ
1371 2777 1626 2846 ὑπεράνω
1657 2777 1766 2829 τῶν
1800 2777 1962 2846 οὐρα-

385 2863 492 2916 νῶν
523 2863 664 2930 ὕδωρ
693 2863 927 2931 ὑπάρχει
956 2880 970 2894 ο
1031 2863 1158 2917 ἄλλο
1189 2865 1296 2932 γὰρ
1334 2865 1401 2917 τὸ
1449 2867 1820 2935 ὑπερκόσμιον
1866 2869 1960 2921 καὶ

381 2953 511 3008 ἄλλο
539 2955 600 3006 τδ
625 2955 682 3006 ὲν
711 2954 902 3024 κόσμῳ
930 2955 1272 3024 φαινόμενον.
1310 2955 1751 3025 Τοιουτοτρόπως
1785 2958 1813 3009 6
1850 2956 1957 3027 ἀὴρ

385 3039 607 3108 ἰσχυρόν
633 3039 746 3090 ἐστι
780 3044 1064 3108 στοιχεῖον,
1091 3045 1187 3095 καὶ
1212 3041 1422 3096 ἄνωθεν
1453 3045 1548 3096 καὶ
1593 3044 1837 3098 κάτωθεν
1867 3046 1956 3098 ιν-

382 3132 539 3198 εργεῖ
589 3130 846 3195 πολλάκις
886 3134 977 3185 καὶ
1041 3137 1241 3204 σημεῖα
1289 3136 1384 3189 καὶ
1414 3135 1615 3204 τέρατα
1653 3139 1812 3190 ποιεῖ.
1865 3136 1954 3203 Ἐξ

2063 1945 2334 1997 ἀποτελεῖ.
2374 1943 2437 1996 Et
2465 1944 2648 2016 βούλῃ,
2680 1945 2836 1999 τοῦτο
3001 1949 3239 2014 άληθῶς.
3298 1952 3443 2004 Λάϐε
3471 1953 3634 2024 383

2063 2033 2208 2102 ὕδωρ
2241 2035 2346 2087 ἀπὸ
2371 2035 2568 2104 βροχῆς
2595 2038 2832 2106 καθαρὸν
2868 2041 2924 2091 ὲν
2950 2039 3110 2111 ὗελίῳ
3141 2041 3316 2112 ὑδρίᾳ,
3349 2045 3446 2095 καὶ
3497 2046 3636 2113 ἄφες

2063 2125 2194 2178 αὐτὸ
2213 2126 2273 2177 τὸ
2299 2127 2442 2195 ὕδωρ
2467 2127 2573 2190 ἕως
2601 2128 2661 2182 οῦ
2703 2129 2953 2200 ἐκλείπῃ,
3005 2134 3098 2184 καὶ
3137 2134 3315 2202 εὑρετς
3357 2135 3506 2202 γοῦν,
3561 2138 3637 2200 ὡς

2062 2219 2306 2286 σίπομεν.
2355 2218 2414 2272 '0
2441 2221 2498 2273 δὲ
2543 2221 2672 2290 χοῦς
2721 2225 2887 2292 γεννᾷ
2917 2223 3066 2276 λίθον
3119 2225 3212 2279 καὶ
3270 2227 3490 2300 σίδηρον
3543 2233 3639 2284 καὶ

2062 2308 2176 2379 πῦρ
2203 2311 2473 2365 ἀποτελεῖ.
2850 2318 2854 2322 ’

2145 2398 2409 2452 Ἐνταῦθα
2441 2401 2681 2464 εἰπόντες
2712 2402 2810 2471 τὴν
2839 2404 2948 2456 τῶν
2975 2407 3255 2477 στοιχείων
3316 2411 3410 2461 καὶ
3460 2410 3636 2464 ἄλλων

2061 2489 2225 2542 τινῶν
2254 2491 2505 2560 διήγησιν
2535 2493 2592 2545 ἐν
2619 2495 2856 2562 συνόψει,
2885 2497 2952 2549 τά
2986 2497 3079 2550 νῦν
3114 2499 3178 2551 τά
3224 2500 3324 2569 τῆς
3361 2501 3638 2571 ἡμετέρας

2067 2578 2308 2647 ἱστορίας
2341 2577 2499 2642 αὖθις
2529 2582 2818 2650 ἁψώμεθα.

2134 2672 2217 2726 ιδ’.
2267 2673 2356 2742 Τῷ
2386 2673 2533 2743 αὐτῷ
2557 2675 2620 2744 δὴ
2652 2674 2996 2748 φθινοπώρῳ,
3031 2679 3122 2731 τοῦ
3143 2679 3499 2749 ις’ῖὲξβἛτους
3521 2681 3638 2751 '61}-

2061 2761 2259 2825 λονότι,
2316 2763 2516 2828 τελέως
2567 2767 2942 2839 ἐπανέστησαν
2999 2772 3050 2822 oi
3083 2774 3184 2834 τῆς
3228 2774 3637 2844 Πελοποννήσου

2075 2853 2380 2908 Ἀλϐανῖται
2417 2857 2556 2910 κατὰ
2580 2857 2688 2910 τῶν
2719 2859 3000 2913 δεσποτῶν
3029 2863 3120 2914 καὶ
3144 2863 3414 2918 αὑθέντων
3431 2867 3638 2929 αὐτῶν,

2061 2944 2156 2998 καὶ
2205 2946 2294 2998 τὸν
2339 2947 2793 3015 Καντακουςηνδν
2852 2953 3113 3023 Μανουὴλ
3171 2954 3441 3024 δεσπότην
3497 2958 3640 3027 τάχα.

2060 3038 2418 3106 πεποιήκασι,
2451 3039 2580 3108 περὶ
2626 3037 2686 3095 οὗ
2717 3042 2814 3094 οὐκ
2849 3038 2966 3095 οἶδα
3009 3045 3064 3096 τί
3091 3047 3288 3111 εἰπεῖν,
3341 3048 3502 3101 πόθεν
3545 3049 3641 3102 καὶ

2057 3127 2145 3180 διὰ
2175 3129 2226 3180 τί
2255 3128 2426 3193 οὕτως
2456 3134 2830 3203 ἐπεχειρίσθη.
2857 3136 2948 3206 Τῷ
2976 3137 3032 3190 δὲ
3061 3139 3382 3209 Δεκεμϐρίῳ
3414 3142 3505 3194 τοῦ
3544 3143 3642 3194 αὒ-

385 3223 612 3294 ὲσχάτου
649 3227 747 3297 τῆς
780 3230 882 3298 γῆς
917 3200 1362 3300 ἀνάγειννεφέλας
1395 3200 1493 3286 σὺν
1517 3232 1668 3286 ὕδατι
1699 3234 1830 3304 πρὸς
1865 3200 2025 3287 06-16
2058 3221 2152 3274 τοῦ
2179 3222 2332 3287 ἔτους
2367 3200 2613 3290 ὲλθόντός
2648 3200 2813 3281 inﬁt-tt
2839 3200 2933 3281 ἰτθῖ3
2968 3200 3333 3302 Ἀμάρτινυὶθῦ
3355 3200 3459 3287 ’τοῦ
3505 3233 3643 3288 Tou-

386 3401 598 3470 dejieit,
637 3418 739 3459 nec
783 3405 893 3460 urit
942 3417 1146 3474 tamen,
1177 3418 1240 3462 ut.
1298 3409 1546 3464 nonnulli
1601 3411 1811 3466 dicunt.
1869 3411 1960 3467 Sic

388 3497 589 3552 fulmen
625 3500 704 3567 iit,
738 3503 880 3570 quod
915 3503 1074 3573 vulgo
1100 3507 1270 3574 ἀρκόν
1303 3508 1662 3576 appellamus.

459 3588 547 3641 12.
589 3590 662 3644 De
704 3592 942 3648 motibus
972 3605 1132 3648 terra:
1167 3595 1278 3661 jam
1305 3599 1450 3661 audi,
1474 3613 1612 3668 quos
1634 3614 1731 3667 pro
1749 3599 1960 3655 viribus

295 3694 312 3701 '
385 3681 664 3749 explicare
708 3686 969 3748 conabor,
1017 3688 1454 3757 quandoquidem
1493 3690 1729 3759 perfecta
1775 3692 1960 3747 decla-

388 3775 598 3828 ratione
631 3791 886 3844 magnum
921 3779 1021 3831 hoc
1068 3781 1385 3849 mysterium
1429 3782 1518 3833 Dei
1556 3785 1960 3850 explanarene—

385 3880 552 3932 queo.
571 3869 828 3936 quoniam
853 3869 1211 3937 judiciorum,
1234 3874 1586 3941 providentia:
1603 3884 1656 3928 et
1678 3875 1960 3943 sapientiae

387 3957 584 4012 divina:
629 3959 967 4014 altitudinem
1008 3977 1106 4016 nec
1151 3963 1330 4032 lingua
1373 3965 1604 4022 humana
1648 3966 1825 4032 e'oqui
1858 3980 1958 4020 nec

390 4064 542 4104 tuens
561 4052 866 4120 perspicere
887 4062 1060 4121 potest
1077 4053 1212 4108 adeo
1228 4064 1284 4108 ut
1307 4055 1423 4124 ipse
1441 4057 1601 4109 divus
1616 4055 1816 4112 Paulus
1837 4056 1952 4111 vias

385 4141 601 4195 Domini
635 4142 962 4213 investigare
990 4159 1047 4197 se
1077 4160 1186 4197 non
1238 4161 1396 4214 posse
1432 4145 1685 4202 fateatur.
1701 4148 1806 4202 Sed
1833 4163 1958 4203 cum

387 4233 864 4301 probenevolentia
898 4244 950 4288 et
977 4235 1352 4290 misericordia
1373 4253 1470 4291 sua
1495 4253 1714 4291 omnem
1741 4239 1960 4307 sapien-

389 4322 516 4376 tiam
555 4331 608 4377 et
635 4324 999 4392 cognitionem
1028 4325 1262 4395 benigne
1293 4328 1655 4397 impertiverit
1690 4340 1959 4383 creatur-te

382 4429 520 4476 suae,
559 4425 666 4469 tttm
711 4416 902 4470 edocet
947 4431 1067 4480 nos,
1109 4420 1956 4486 totummundum,utdiximus,

389 4513 629 4572 quatuor
643 4507 924 4560 elementis
945 4509 1236 4575 contineri,
1256 4526 1488 4577 quorum
1510 4511 1956 4567 duoleviorasunt
1991 4531 2033 4586 ι)

389 4607 442 4650 et
467 4612 655 4650 versus
689 4597 884 4652 caelum
921 4599 1200 4661 sublimia.
1231 4609 1466 4656 attamen
1506 4619 1606 4656 nec
1635 4620 1795 4672 supra
1858 4620 1958 4659 nec

391 4683 530 4738 infra
551 4687 710 4754 plane
727 4685 1021 4751 deﬁciunt;
1046 4702 1146 4742 nec
1165 4689 1256 4742 ubi
1278 4693 1576 4746 constituta
1598 4709 1704 4746 non
1729 4703 1956 4759 sunt,eo

390 4790 500 4830 non
529 4779 876 4845 perveniunt,
897 4780 988 4832 sed
1018 4780 1090 4833 ibi
1117 4796 1337 4848 quoque
1365 4783 1472 4835 vim
1497 4799 1652 4837 suam
1675 4794 1955 4839 exercent.

385 4868 443 4922 In
473 4869 612 4922 cmlo
644 4884 749 4922 non
780 4877 864 4923 est
919 4878 1063 4923 terra
1097 4887 1112 4927 :
1144 4873 1235 4925 sed
1291 4873 1470 4941 pulvis
1527 4876 1771 4943 speciem
1837 4874 1956 4930 folii

384 4959 554 5014 laurei
586 4976 709 5015 cum
734 4975 861 5015 aere
891 4961 1071 5016 induit
1101 4972 1156 5017 et
1188 4963 1393 5034 ignitus
1449 4964 1756 5020 ell'unditur
1781 4975 1836 5021 et
1889 4983 1956 5022 ex

386 5053 645 5110 inferiore
675 5063 816 5108 terra
853 5057 1214 5124 cormpicitur.
1268 5059 1327 5112 In
1363 5069 1508 5114 terra
1536 5074 1642 5113 non
1673 5067 1759 5112 est
1789 5059 1952 5129 ignis:

386 5146 482 5201 sed
526 5147 606 5200 vis
642 5145 783 5215 ignis
834 5161 982 5216 sepe
1012 5147 1066 5201 in
1102 5159 1244 5203 terra
1305 5149 1492 5205 eﬂicax
1557 5158 1665 5204 est.
1725 5147 1799 5203 Ita
1859 5164 1961 5204 nec

388 5251 526 5305 aqua
554 5236 608 5288 in
645 5235 784 5292 ctelo
811 5246 914 5303 est,
952 5239 1045 5293 sed
1096 5250 1276 5295 tamen
1313 5242 1527 5296 nebulis
1548 5257 1614 5297 eo
1665 5241 1958 5306 attollitur,

389 5327 542 5391 Quod
584 5327 730 5380 enim
757 5328 808 5380 in
845 5329 1019 5382 sacris
1049 5328 1271 5387 Litteris
1299 5341 1402 5397 est,
1435 5333 1603 5386 etiam
1645 5348 1810 5402 supra
1843 5347 1958 5386 cm-

388 5418 437 5472 la
473 5431 669 5485 aquam
724 5432 865 5483 esse,
907 5419 1009 5473 alia
1035 5429 1120 5474 est
1176 5437 1341 5490 supra
1407 5423 1698 5489 mundum,
1759 5423 1865 5476 alia
1905 5423 1956 5475 in

390 5511 594 5564 mundo
628 5525 790 5578 aqua.
825 5511 1089 5566 Similiter
1110 5527 1204 5566 aer
1229 5514 1818 5568 validumelementum
1851 5521 1957 5576 est,

388 5608 440 5654 et
475 5611 585 5653 tum
617 5617 781 5669 supra
823 5611 935 5654 tum
979 5601 1118 5656 infra
1156 5603 1260 5656 vim
1304 5621 1458 5658 suam
1495 5615 1717 5659 exercet
1772 5619 1835 5659 ac
1884 5606 1960 5659 si-

389 5705 494 5758 gna
518 5701 573 5744 et
608 5689 855 5760 prodigia
889 5689 1069 5745 eﬂicit.
1122 5691 1194 5746 Ex
1228 5704 1470 5748 extrema
1527 5707 1668 5747 terra
1731 5695 1958 5748 nebulas

391 5794 513 5834 cum
544 5795 682 5849 aqua
720 5781 772 5834 in
804 5780 1004 5836 caelum
1042 5784 1261 5854 attollit,
1301 5784 1517 5852 fulgura
1546 5787 1748 5840 excitat
1783 5796 1836 5841 et
1873 5797 1958 5840 to-

2062 3403 2244 3457 nitrua
2288 3405 2558 3460 acerrima
2589 3414 2641 3460 et
2698 3409 2986 3474 terribilia,
3036 3411 3107 3465 ita
3169 3422 3227 3466 ut
3283 3415 3445 3468 etiam
3503 3417 3641 3471 cmla

2060 3505 2410 3551 contrcmant
2441 3507 2496 3551 et
2532 3500 2844 3568 personcnl,
2879 3512 3066 3571 atque,
3112 3505 3221 3573 igni
3248 3506 3499 3572 junctus,
3533 3507 3639 3562 ful-

2062 3588 2206 3640 mina
2232 3589 2504 3641 ellicit.lta
2536 3605 2628 3644 aer
2651 3605 2842 3645 omnes
2873 3593 3124 3648 homines
3151 3605 3318 3650 terret
3347 3609 3399 3651 et
3429 3601 3637 3667 turbat,

2071 3693 2223 3731 mare
2251 3679 2358 3732 ciet
2383 3691 2434 3732 et
2461 3696 2524 3733 ex
2554 3681 2841 3736 altitudine
2867 3684 3128 3739 immensa
3147 3691 3414 3754 concitat,
3437 3701 3636 3746 cuncta

2064 3771 2233 3836 agitat
2253 3771 2302 3824 vi
2325 3771 2548 3840 ingenti.
2570 3783 2769 3826 terram
2787 3775 3114 3831 circumdat.
3141 3777 3290 3831 Adeo
3323 3781 3374 3832 id
3397 3781 3642 3835 elemen-

2065 3870 2174 3915 tum
2201 3864 2438 3917 validum
2470 3875 2525 3918 et
2561 3866 2851 3921 vehemens
2877 3871 3084 3943 ωηεν(
3118 3872 3221 3925 hoc
3267 3872 3433 3942 igitur
3458 3885 3638 3930 motus

2063 3963 2220 4008 terra:
2243 3953 2520 4020 oriuntur,
2554 3957 2755 4023 quibus
2793 3962 3043 4036 universa
3075 3971 3265 4016 natura
3303 3965 3637 4020 concutitur.

2063 4041 2233 4096 Terra
2265 4043 2437 4106 enim,
2473 4053 2530 4098 ut
2569 4045 2771 4099 dictum
2804 4056 2908 4110 est,
2950 4061 2979 4100 ιι
3012 4050 3227 4102 nemine
3261 4059 3527 4116 portatur.

2133 4134 2224 4189 i3.
2265 4135 2374 4188 Aer
2406 4137 2616 4204 primus
2655 4153 2720 4192 ex
2779 4140 3066 4195 elementis
3106 4141 3361 4197 conditus
3415 4151 3519 4206 est,
3570 4157 3639 4198 ex

2062 4239 2188 4279 aere
2211 4235 2393 4282 autem
2436 4243 2575 4296 aqua
2607 4242 2758 4284 nata.
2790 4231 2865 4285 Ita
2895 4247 3020 4285 aere
3059 4248 3122 4287 ex
3153 4249 3249 4288 ore
3275 4246 3368 4287 tuo
3398 4246 3638 4290 exeunte

2063 4325 2117 4371 et
2145 4317 2458 4374 adhaerente
2479 4319 2689 4382 barbm.
2714 4340 2802 4378 ros
2843 4325 3114 4386 nascitur,
3149 4326 3408 4394 quoniam
3440 4341 3470 4380 e
3501 4341 3642 4396 qua-

2043 4418 2188 4484 tuor
2221 4412 2504 4468 elementis
2554 4414 2719 4468 etiam
2761 4415 2926 4470 homo
2966 4431 3091 4470 cum
3137 4419 3393 4472 universa
3442 4430 3637 4475 natura

2064 4507 2404 4572 compositus
2433 4515 2538 4560 est.
2572 4509 2724 4576 Aqua
2751 4507 2941 4563 limum
2971 4510 3132 4564 eﬂicit
3159 4527 3173 4564 :
3203 4512 3370 4581 quod,
3403 4513 3450 4566 si
3477 4513 3637 4578 velis,

2061 4599 2134 4650 ita
2164 4599 2467 4666 experiare.
2492 4599 2707 4669 Collige_
2727 4617 2924 4670 aquam
2959 4617 3148 4671 puram
3185 4619 3318 4656 urna
3358 4605 3551 4667 vitrea,
3583 4613 3638 4659 et

2059 4685 2244 4742 emitte
2266 4703 2410 4752 eam,
2429 4689 2604 4742 donec
2624 4691 2858 4749 deﬁciat,
2882 4700 3047 4758 atque
3082 4690 3326 4744 invenies
3349 4693 3558 4756 limum,
3577 4701 3638 4747 ut

2061 4778 2324 4833 diximus.
2355 4777 2748 4835 Limusantetn
2777 4781 3010 4849 lapidem
3035 4780 3204 4848 gignit
3231 4790 3284 4835 et
3315 4781 3516 4835 ferrum
3551 4796 3638 4837 at-

2061 4885 2165 4938 que
2193 4870 2368 4938 ignem
2411 4880 2578 4925 creat.

2136 4963 2192 5016 In
2220 4972 2518 5032 conspectu
2579 4965 2758 5032 posita
2822 4963 3217 5017 elementorum
3283 4972 3338 5018 et
3400 4964 3631 5020 aliarum

2059 5055 2421 5123 quarumda'u
2487 5070 2667 5108 rerum
2704 5064 2922 5120 natura,
2959 5056 3146 5110 redeat
3179 5056 3316 5127 jam,
3350 5063 3492 5112 unde
3552 5058 3635 5113 di-

2061 5161 2246 5215 gressa
2277 5153 2384 5209 est,
2421 5147 2689 5202 narratio.

2131 5237 2220 5294 Η.
2246 5237 2445 5292 Eodem
2479 5250 2768 5303 autumno,
2800 5239 2926 5294 anni
2956 5239 3118 5306 6962,
3173 5241 3443 5300 Albanitre
3481 5241 3636 5299 Pelo-

2061 5330 2310 5399 ponnesii
2343 5331 2612 5386 adversus
2642 5331 2896 5401 despotas
2933 5345 2987 5386 et
3007 5335 3285 5404 principes
3318 5351 3456 5392 suos
3507 5351 3631 5390 ma-

2062 5420 2314 5475 nifestam
2352 5431 2638 5476 moverunt
2666 5423 2989 5478 seditionem
3032 5435 3086 5480 et
3131 5426 3439 5482 Manueletn
3497 5427 3635 5479 Can-

2061 5519 2386 5566 tacuzenum
2418 5514 2698 5581 despotam
2739 5525 3020 5582 crearunt,
3055 5518 3118 5571 de
3151 5534 3260 5587 quo
3288 5533 3396 5571 non
3457 5518 3633 5572 habeo

2061 5603 2264 5667 dicere,
2301 5603 2444 5656 unde
2471 5613 2524 5656 et
2565 5619 2665 5657 cur
2690 5605 2740 5659 id
2777 5609 2972 5675 egerit.
3034 5606 3319 5660 Decembri
3386 5606 3632 5674 ejusdem

2061 5700 2187 5748 anni
2223 5696 2470 5760 Atnares,
2505 5692 2848 5750 Turaeltanis
2889 5698 3055 5759 lilius,
3088 5698 3439 5764 despotarum
3475 5713 3636 5768 mga.

2065 5794 2119 5839 tu
2152 5800 2276 5838 cum
2309 5785 2554 5840 exercitu
2580 5787 2643 5839 ad
2680 5803 2776 5840 cus
2835 5785 3176 5855 adjuvandos
3205 5785 3424 5838 advenit
3462 5802 3477 5840 :
3535 5787 3633 5858 qui
