3962 6562
523 421 629 486 939

1725 397 2066 466 GEORGII
2110 400 2533 465 ΡΗΗΑΝΤΖΕ

3660 397 3753 466 illi)

523 534 634 586 λιον
670 531 747 592 είς
777 522 868 581 τδν
911 525 1115 594 κόσμον
1154 513 1377 576 ἅπαντα
1414 521 1472 572 οὐ
1504 517 1643 586 μετά
1680 516 1800 587 βίας
1826 515 1948 569 οὐδὲ
1980 511 2100 584 μετ’
2128 517 2172 573 Α
2201 514 2259 567 δέ
2287 515 2387 583 τήν
2415 515 2726 586 ἀνάγνωσιν
2754 514 2850 569 τοῦ
2880 514 3216 584 Εὐαγγελίου
3249 513 3360 569 τῶν
3393 517 3758 569 πεντακοσίων

522 623 768 690 ἀνάγκης
821 614 943 669 οὑδέ
994 613 1132 684 μετά
1173 612 1360 680 ξίφους
1408 609 1500 662 καὶ¹
1565 605 1801 677 σπάθης,
1853 604 1971 657 ἀλλ’
2035 604 2092 654 ἐν

522 714 714 784 ἀγάπη
756 711 850 765 καὶ
887 708 1164 776 ἱλαρότητι
1197 703 1293 757 καλ⁵
1320 704 1377 756 ἐν
1409 699 1740 754 ταπεινώσει
1772 697 2092 764 εὑρίσκοντο

521 804 872 863 διδάσκοντες
907 801 956 852 oi
1000 796 1295 852 ἀπόστολοι
1333 793 1424 847 τὸν
1455 791 1615 859 λόγον
1639 788 1738 844 τοῦ
1785 785 1946 841 Θεοῦ.
1981 785 2092 839 Καὶ

523 893 930 962 ἀπέστραπται
969 887 1040 941 τά
1082 887 1404 954 πράγματα.
1442 881 1568 934 Τῶν
1620 878 1732 949 γὰρ
1775 875 2092 931 ἀποστόλων

521 985 906 1053 τυπτομένων,
930 978 1398 1048 κολαφιξομένων,
1423 972 1875 1043 λοιδορουμένων,
1905 969 2095 1021 διωκο-

527 1078 728 1148 μένων,
760 1073 1123 1148 διδασκόντων
1152 1072 1212 1121 οὐ
1248 1067 1544 1120 κατέπιπτε
1586 1065 1646 1116 τὸ
1665 1063 1947 1131 κήρυγμα,
1977 1056 2093 1148 ἀλλ’

522 1146 710 1240 ήμέρα
756 1169 824 1237 τῇ
863 1146 1051 1234 ήμὲρα
1083 1159 1450 1231 ἐμεγαλύνετο
1476 1156 1571 1209 καὶ
1601 1154 1866 1224 ηὐξάνετο
1904 1149 1966 1202 σὺ
1993 1146 2091 1202 τοῦ

521 1261 762 1335 Χριστοῦ
803 1259 1140 1326 εὐαγγέλιον.
1173 1256 1282 1308 Καὶ⁵
1327 1254 1531 1306 ἐκεῖνοι
1563 1252 1611 1305 oi
1660 1248 1831 1303 πολλὰ
1863 1243 2100 1335 σπουδάτ

2195 607 2404 677 χρόνων
2428 609 2511 669 τίς
2537 607 2766 677 ἔμελλεν
2795 609 3095 678 τολμήσειν
3117 607 3370 661 ἐκϐαλεῖν
3393 606 3454 661 τὸ
3482 605 3574 660 τοῦ
3603 607 3761 660 Munit-

2201 695 2301 763 μεθ
2334 697 2505 766 ὄνομα
2531 697 2641 750 ἀπὸ
2667 697 2761 751 τοῦ
2787 697 3130 765 Εὐαγγελίου
3153 689 3173 762 ,’
3202 696 3363 767 εἰπερ
3392 696 3676 766 εὑρίσκετο
3707 696 3763 748 ἐν

2196 790 2346 859 αὐτῷ
2401 790 2820 860 γεγραμμένον;
2858 791 2933 843 T6
2988 791 3086 860 μὲν
3142 790 3225 843 δτι
3271 789 3406 858 μίαν
3452 788 3549 842 καὶ
3603 789 3763 857 μόνην

2197 881 2344 948 λέξιν
2383 885 2411 936 6
2441 882 2719 953 τολμήσας
2753 882 3084 953 προσθήσειν
3113 883 3146 952 ἢ
3179 881 3432 936 ἐκϐαλεῖν
3459 881 3522 934 οὗ
3549 881 3765 934 δύναται

2199 975 2366 1028 πλέον
2415 976 2626 1038 ὲιείνος
2675 974 3039 1045 ὀνομάζεσθαι
3087 971 3558 1044 Χριστιανόςοτό
3607 971 3664 1026 δέ
3689 972 3764 1024 ὃτι

2181 1071 2360 1142 εἴπερ
2389 1071 2485 1123 καί
2514 1087 2596 1134 τις
2627 1066 3191 1138 κακὸς,ὑποθώμεθα,
3225 1065 3450 1132 ἐξέϐαλέ
3477 1081 3602 1118 τινα
3628 1062 3764 1128 λέξιν

2200 1164 2310 1218 ἀπὸ
2339 1161 2435 1216 τοῦ
2467 1161 2824 1230 Εὖαγγελίου,
2859 1162 2887 1214 6
2917 1161 3103 1230 ἔτερος
3123 1159 3271 1221 ἄπας
3303 1159 3511 1228 κόσμος
3542 1157 3764 1210 ἀκολου.

2201 1257 2389 1326 θήσειν
2442 1255 2638 1326 ἔμελλε
2684 1256 2760 1324 τῷ
2809 1253 2904 1307 τοῦ
2959 1255 3080 1318 ἐνὸς
3137 1253 3493 1322 ἀτοπήματις
3552 1251 3768 1313 Πάντως

523 1333 709 1423 ζόντες
760 1356 854 1407 καὶ
909 1350 1082 1404 πολλὰ
1129 1345 1530 1406 κεκοπιακότις
1591 1339 1833 1408 καλύψαι
1888 1338 1950 1391 τδ
1989 1333 2094 1388 ’τοῦ
2200 1347 2342 1419 οὐχί.
2386 1346 2520 1401 Ἀπὸ
2547 1341 2680 1414 γοῦν
2723 1345 2915 1398 τούτου
2947 1345 3308 1410 ἀναφαίνεται
3349 1345 3431 1397 δτι
3460 1344 3565 1396 οὐκ
3592 1337 3662 1414 ἦν
3687 1359 3769 1409 γεο

522 1445 762 1518 Χριστοῦ
813 1445 1006 1515 δνομαι
1032 1441 1122 1496 ἵνα
1163 1438 1240 1510 μὴ
1286 1437 1600 1507 ὁμολογήσῃ
1649 1433 1814 1486 αὐτόν
1858 1447 1944 1492 τις
1979 1427 2099 1480 ’τῶν
2202 1439 2527 1510 γραμμένον
2548 1439 2608 1490 τὸ
2636 1437 2810 1507 ϐνομα
2839 1437 2935 1490 τοῦ
2960 1436 3212 1505 Μωάμεθ
3244 1437 3302 1488 ἐν
3331 1430 3408 1505 τῷ
3429 1434 3767 1518 Εὐαγγελίῳ.

522 1514 826 1610 ii"valui’i‘m'
855 1514 1010 1596 θέδνο
1042 1533 1071 1584 δ
1101 1531 1157 1584 δὲ
1189 1528 1351 1582 τοῦτο
1386 1527 1675 1596 τσλμῆσων
1717 1520 1937 1610 θανάτῳ
1962 1519 2099 1572 ἀπο-
2205 1534 2276 1585 Ἦ
2304 1532 2378 1592 ὡς
2409 1530 2573 1584 καλὸν
2599 1530 2794 1599 ἐμελλε
2845 1531 3229 1600 μαρτυρήσειν
3249 1531 3276 1582 6
3303 1514 3546 1599 Χριστὸς
3575 1528 3772 1581 ἐκεῖνον

525 1609 790 1691 θανεῖται,
819 1627 975 1681 αὐτοὶ
997 1625 1196 1676 ἐκεῖνοι
1221 1619 1662 1689 κατανοήσαντες
1687 1614 1784 1684 τήν
1811 1609 2098 1681 ἀλήθειαν,
2201 1621 2235 1691 ἢ
2265 1620 2344 1683 ὦς
2370 1619 2538 1673 κακόν
2559 1635 2575 1652 ο
2610 1618 2706 1671 καὶ
2749 1619 2799 1670 εί
2829 1619 2928 1687 μὲν
2954 1617 3030 1680 ὡς
3077 1617 3268 1681 καλὸν,
3307 1615 3541 1685 ἔμελλον
3565 1616 3772 1684 ἐκδέχε.

523 1719 871 1790 προσέπεσον
921 1714 1015 1767 καὶ
1039 1710 1484 1781 προσεκύνησαν,
1516 1709 1566 1760 oi
1595 1705 1696 1776 μέν
1729 1706 1845 1768 τοῖς
1866 1699 2103 1755 ἀποστό-
2201 1711 2330 1767 σθαι
2361 1711 2560 1775 πάντες
2585 1712 2634 1765 οι
2687 1709 2927 1779 βασιλεῖς
2966 1709 3068 1778 τῆς
3118 1712 3246 1780 γῆς,
3277 1708 3482 1772 πάντες
3509 1709 3557 1760 οι
3583 1708 3774 1777 τοπάρ,

523 1789 661 1878 λοις,
690 1808 740 1862 οἱ
771 1807 828 1859 δέ
853 1807 966 1866 τοῖς
1000 1802 1225 1856 ἐκείνων
1247 1801 1515 1869 διαδόχοις
1545 1798 1644 1850 καὶ
1676 1794 1972 1865 μαθηταῖς,
2002 1789 2097 1843 καὶ

528 1901 864 1957 ἐπίστευσαν
893 1898 976 1950 δτι
1014 1894 1179 1956 αὑτός
1204 1893 1354 1945 ἐστιν
1379 1892 1406 1942 ό
1443 1887 1700 1958 ἀληθινὸς
1730 1883 1883 1947 Θεὸς,
1909 1884 1938 1937 ό
1962 1880 2099 1951 Χρι-

528 1993 676 2056 στδς,
705 1989 869 2052 αὑτός
897 1989 1046 2042 ἐστιν
1089 1987 1117 2038 6
1146 1984 1278 2046 Υίδς
1302 1979 1396 2035 τοῦ
1443 1978 1580 2034 Θεοῦ
1613 1975 1708 2030 τοῦ
1740 1975 1964 2040 ζῶντος,
2003 1977 2099 2028 καὶ

525 2082 822 2136 ἐλυποῦντο
848 2081 942 2133 καὶ
969 2077 1186 2130 ἔκλαιον
1221 2074 1320 2137 τὰς
1349 2069 1734 2140 παρελθούσας
1767 2066 2003 2138 ἡμέρας,
2033 2064 2100 2128 ἀς

524 2174 940 2246 περιεπάτησαν
971 2172 1029 2223 ἐν
1062 2171 1128 2238 τῇ
1171 2165 1364 2236 σκοτίᾳ
1412 2163 1508 2217 καὶ
1546 2163 1614 2231 τῇ
1646 2161 1825 2230 πλάνῃ
1859 2157 1956 2213 τοῦ
1992 2158 2098 2210 Σα-

523 2267 682 2321 τανᾶ.
721 2265 783 2317 Ὀ
826 2263 884 2316 δὲ
930 2258 1244 2328 πανάγαθος
1278 2255 1412 2317 Θεδς
1452 2255 1549 2307 καὶ
1579 2253 1834 2323 ἐλεήμων
1879 2249 2101 2316 ἐδέξατο

527 2356 704 2411 αὐτῶν
724 2356 824 2424 τήν
857 2353 1168 2423 μετάνοιαν,
1193 2349 1289 2400 καὶ
1313 2346 1512 2410 αὐτοὺς
1550 2345 1678 2408 τοὺς
1703 2342 2003 2404 διώκοντας
2034 2341 2098 2394 τὸ

525 2447 621 2502 τοῦ
661 2443 900 2516 Χριστοῦ
944 2443 1118 2512 ϐνομα
1155 2441 1460 2508 κατέστησε
1503 2436 1774 2507 ποιμένας
1801 2434 1964 2505 357
2005 2433 2102 2486 καὶ

524 2537 883 2597 διδασκάλους
925 2535 1020 2587 καὶ
1065 2534 1316 2601 κήρυκας
1345 2530 1440 2584 τοῦ
1470 2528 1810 2597 Εὐαγγελίου
1861 2527 1957 2578 καὶ
2002 2522 2098 2576 τοῦ

525 2631 789 2698 ὀνόματος
827 2623 1014 2679 αὑτοῦ.
1051 2625 1160 2677 Καὶ
1186 2621 1448 2682 λαϐόντες
1468 2619 1519 2672 ol
1541 2617 1747 2679 πάντες
1778 2616 1838 2668 τὸ
1862 2613 2100 2681 εὐαγγέ-

522 2722 638 2775 λιον
683 2717 1032 2790 μετέγραψαν
1092 2715 1186 2768 καὶ
1228 2709 1376 2782 εἶχον
1405 2710 1538 2763 αὐτὸ
1585 2706 1670 2771 εἷς
1719 2706 1973 2768 ἕκαστος,
2007 2703 2103 2756 καὶ

523 2814 860 2881 ἀνεγίνωσκε
891 2809 988 2865 καὶ
1018 2805 1287 2877 ἐμάνθανε
1327 2805 1422 2873 καὶ
1451 2802 1766 2856 ὲδιδάσκετο
1807 2798 1902 2852 καὶ
1931 2811 2104 2866 προσ-

524 2908 707 2962 εκύνει
736 2905 808 2958 τὰ
839 2905 898 2956 ἐν
940 2899 1090 2970 αὑτῷ
1118 2898 1508 2967 γεγραμμένα.
1543 2896 1653 2948 Καὶ
1680 2891 1855 2953 οὕτως
1883 2888 2100 2958 διεδόθη

523 3001 605 3062 εις
629 2997 723 3052 τὸν
767 2996 984 3050 ἅπαντα
1032 2993 1240 3061 κόσμον
1301 2989 1366 3042 τὸ
1394 2987 1756 3055 Εὖαγγέλιον,
1806 2984 1900 3036 καὶ
1955 2978 2102 3051 εἶχον

523 3091 657 3144 αὐτὸ
693 3089 892 3150 πάντες
947 3087 997 3138 oi
1057 3080 1442 3144 κατοικοῦντες
1485 3079 1585 3147 τὴν
1631 3077 1757 3147 γῆν.
1807 3075 1939 3126 Ἀπὸ
1967 3071 2101 3141 γοῦν

2203 1821 2320 1875 χαι,
2357 1802 2560 1864 ’πάντες
2605 1801 2655 1853 oi
2703 1799 3025 1870 Χριστιανοὶ
3067 1799 3162 1852 τὸν
3205 1797 3362 1868 παρὰ
3401 1797 3496 1852 τοῦ
3537 1797 3772 1870 Χριστοῦ
3857 1870 3859 1872 η

2207 1893 2645 1968 μαρτυρηθέντα,
2683 1892 2771 1945 ῐνα
2826 1891 3041 1946 λάϐωσι
3087 1890 3189 1962 τὴν
3234 1890 3342 1943 ἀπὸ
3395 1889 3596 1944 τούτου
3647 1888 3775 1957 ὠφέ-

2201 1989 2352 2042 λειαν
2376 2004 2389 2018 ·
2424 1988 2472 2040 εί
2500 1986 2547 2040 δ’
2580 1989 2656 2049 ὡς
2690 1984 2882 2048 κακὸν,
2923 1983 3090 2036 πάλιν
3122 1982 3349 2051 ἔμελλον
3375 1982 3522 2052 ἐχειν
3547 1982 3618 2034 τὰ.
3645 1980 3774 2033 ἐκεί-

2203 2098 2296 2134 νου
2325 2077 2490 2150 358
2539 2075 2900 2148 γνωρίσματα
2940 2074 3036 2127 xui.
3069 2073 3441 2143 φυλάττεσθαι
3488 2072 3550 2138 ἐξ
3594 2069 3770 2134 αὐτοῦ,

2206 2172 2292 2225 ἵνα
2324 2172 2398 2242 μὴ
2427 2170 2665 2240 βλαϐὦσι
2694 2184 2708 2199 °
2741 2167 2839 2222 καὶ
2867 2167 2979 2220 εἴτε
3009 2165 3083 2229 ὡς
3116 2165 3470 2235 ἐκδεχόμενοι
3491 2163 3588 2217 τὸν
3621 2162 3771 2217 καλὸν

2195 2263 2314 2317 εἴτε
2359 2262 2436 2326 ὡς
2485 2260 2955 2330 ἀποστρεφόμενοι
3003 2259 3098 2312 τὸν
3141 2259 3333 2321 κακὸν,
3360 2257 3515 2309 οὐδὲν
3559 2254 3771 2317 ἔμελλεν

2205 2354 2460 2408 ἐκϐαλεῖν
2507 2351 2653 2413 ἅπας
2676 2353 2705 2405 6
2733 2349 2943 2420 κόσμος
2988 2350 3054 2402 ἐκ
3095 2347 3192 2402 τοῦ
3228 2346 3571 2416 Εὑαγγελίου
3602 2346 3662 2398 τδ
3685 2345 3768 2396 τοῦ

2205 2444 2449 2513 Μωάμεθ
2497 2443 2693 2514 ὄνομα.
2730 2442 2843 2494 Καὶ
2907 2441 3018 2495 ἀπὸ
3048 2439 3240 2495 τούτου
3293 2439 3656 2507 ἀναφαίνεται
3699 2437 3769 2489 ὅτι

2203 2537 2303 2590 οὐκ
2344 2531 2412 2606 ἦν
2463 2531 2855 2604 γεγραμμένον
2897 2532 2958 2586 ἐν
3009 2530 3087 2602 τῷ
3117 2530 3443 2600 Εὑαγγελίῳ
3487 2528 3552 2582 τὸ
3596 2527 3768 2581 τούτου

2203 2629 2396 2698 ὄνομα.
2425 2628 2549 2680 Ἔτι
2603 2625 2780 2688 οὐδείς
2832 2625 2979 2677 ἐστιν
3007 2624 3034 2676 6
3067 2623 3277 2692 φθονῶν
3308 2622 3487 2692 ἐτέρῳ
3517 2622 3655 2690 πρὶν
3682 2619 3769 2687 τῆς

2204 2721 2511 2790 γεννήσεως
2551 2716 2758 2771 αὐτοῦ’
2807 2716 2892 2778 τίς
2939 2715 3072 2783 γοῦν
3112 2715 3306 2784 ἔμελλε
3354 2713 3658 2784 φθονήσειν
3699 2712 3768 2780 τῷ

2204 2809 2448 2880 Μωᾶμεθ
2479 2809 2584 2879 πρὸ
2612 2807 2713 2877 τῆς
2743 2808 2912 2862 αὑτοῦ
2935 2807 3286 2878 γεννήσεωςς
3320 2807 3554 2866 Πάντως
3578 2803 3767 2866 οὐδείς.

2206 2900 2269 2952 El
2294 2898 2342 2952 δ’
2371 2899 2501 2960 ἴσως
2532 2897 2830 2968 ἐφθόνησεν
2855 2895 3006 2968 αὐτῷ
3031 2915 3116 2961 τις
3151 2897 3290 2965 μετὰ
3314 2897 3417 2966 τήν
3455 2895 3623 2949 αὑτοῦ
3649 2894 3770 2962 τέν-

2203 3007 2383 3061 νησιν,
2417 2992 2534 3055 πῶς
2559 2990 2782 3060 ἔμελλεν
2809 2990 3204 3060 ἀκολουθήσειν
3229 2989 3372 3052 ἄπας
3413 2989 3442 3040 6
3475 2988 3680 3057 κόσμος
3703 2985 3776 3054 τῷ

2210 3083 2348 3156 πρὸς
2394 3084 2456 3136 τδ
2505 3083 2751 3154 Μωάμεθ
2802 3083 2922 3146 ἐνδς
2963 3083 3182 3154 φθόνῳς
3213 3083 3324 3136 Καὶ
3355 3082 3441 3144 τίς
3478 3082 3779 3150 παράφρων

525 3180 624 3236 τοῦ
652 3178 890 3250 Χριστοῦ
943 3177 1049 3238 ἓως
1102 3173 1164 3227 οὗ
1223 3172 1429 3242 ’ἤρξατο
1478 3171 1752 3224 διδάσκειν
1783 3166 1811 3218 δ
1859 3165 2102 3236 Μωάμεθ
2135 3182 2177 3240 C
2209 3176 2383 3241 οὕτως
2417 3176 2558 3230 ὥστε
2591 3175 2668 3247 μὴ
2695 3174 3016 3244 λογίσασθαι
3043 3175 3202 3229 τοῦτο
3235 3175 3295 3228 τὺ
3319 3174 3589 3228 ἀδύνατον
3619 3190 3635 3240 ;
3669 3173 3778 3226 Kal

530 3271 811 3344 παρῆλθον
856 3271 1040 3340 χρόνοι
1073 3271 1334 3322 ἐπέκεινα
1379 3264 1488 3318 τῶν
1516 3259 1930 3316 πεντακοσίων·
1969 3258 2108 3328 μετά

533 3464 690 3527 parte
729 3454 961 3523 Europae
985 3459 1040 3506 et
1069 3465 1166 3520 per
1195 3447 1405 3504 insulas
1447 3461 1512 3502 ae
1546 3446 1799 3516 regiones
1829 3460 1860 3500 a
1901 3443 2108 3504 Graecis

527 3547 797 3601 habitatas
826 3543 1080 3598 innotuit.
1120 3543 1194 3595 Ita
1222 3539 1572 3608 Evangelium
1597 3553 1693 3608 per
1709 3547 1882 3593 totum
1915 3539 2105 3592 orbem

526 3648 792 3693 terrarum
819 3650 925 3689 non
961 3635 1010 3686 vi
1037 3641 1091 3687 et
1137 3633 1416 3697 violentia,
1465 3645 1566 3685 nec
1615 3644 1747 3685 ense
1795 3640 1850 3684 et
1900 3629 2103 3700 gladio,

527 3729 859 3797 divulgatum
887 3735 992 3787 est,
1017 3725 1111 3780 sed
1141 3723 1226 3792 pie
1245 3733 1303 3778 et
1323 3723 1442 3776 la-te
1469 3731 1525 3776 et
1553 3721 1797 3776 modeste
1844 3720 2110 3791 apostolis

527 3821 756 3875 verbum
801 3817 891 3875 Dei
921 3817 1265 3873 docentibus.
1300 3813 1535 3885 Eratque
1553 3828 1738 3868 rerum
1763 3813 1919 3880 quasi
1947 3827 2109 3881 repn-

527 3911 748 3981 gnantia
777 3908 1049 3979 quaedam.
1086 3905 1218 3960 Nam
1252 3921 1374 3960 cum
1407 3905 1640 3975 apostoli
1661 3912 2104 3974 pereuterentur,

527 4001 950 4070 ﬂagellarentur,
983 3996 1247 4054 conviciis
1276 3993 1645 4052 adicerentur.
1695 3994 2110 4063 exagitarentur

529 4095 668 4149 inter
695 4089 1024 4148 docendum.
1053 4104 1160 4144 non
1191 4101 1452 4157 oppressa
1473 4095 1558 4140 est
1589 4101 1782 4141 eorum
1835 4084 2104 4146 doctrina,

530 4186 626 4240 sed
657 4186 709 4237 in
731 4183 850 4236 dies
879 4195 1014 4234 nova
1042 4180 1376 4234 incrementa
1397 4177 1652 4247 capiebat
1677 4186 1728 4230 et
1757 4176 1934 4230 lmtius
1958 4173 2111 4227 emo-

530 4273 781 4329 re‘scebat
832 4268 1185 4339 Evangelium
1241 4268 1470 4322 Christi.
1536 4267 1642 4333 Qui
1689 4268 1831 4320 enim
1876 4267 2106 4319 multum

530 4377 710 4433 operae
738 4360 1123 4430 impendebant
1159 4359 1504 4428 multumque
1531 4357 1904 4421 enitebantur,
1929 4367 1988 4410 ut
2014 4372 2108 4411 oc-

2212 3268 2320 3322 ἀπδ
2348 3270 2537 3322 τούτου
2582 3269 2939 3338 ἀναφαίνεται
2971 3267 3052 3320 δτι
3091 3267 3190 3320 οὒκ
3227 3260 3295 3336 ἦν
3324 3264 3782 3336 καταγεγραμμὲ-

2212 3449 2305 3519 qui
2331 3457 2536 3505 terram
2575 3446 2916 3502 habitabant.
2950 3447 2993 3503 Α
3018 3445 3239 3502 Christo
3261 3454 3443 3500 autem
3479 3448 3547 3501 ad
3581 3445 3781 3501 intem-

2215 3553 2336 3606 pus,
2369 3554 2480 3608 quo
2508 3537 2842 3595 Mohametes
2873 3539 3069 3593 docere
3091 3547 3354 3608 eruperat,
3384 3539 3514 3593 anni
3557 3539 3778 3608 amplius

2213 3633 2497 3702 quingenti
2579 3633 2979 3701 praeterierunt.
3033 3630 3153 3686 Jam
3215 3647 3347 3687 vero
3407 3647 3536 3687 cum
3624 3645 3772 3686 annas

2212 3725 2540 3796 quingentos
2566 3724 2769 3778 lectum
2802 3736 2949 3780 esset
3002 3724 3384 3794 Evangelium,
3420 3727 3550 3793 quis
3611 3726 3766 3780 Ilota-

2213 3817 2374 3870 metis
2399 3829 2597 3869 nomen
2629 3815 2756 3871 inde
2777 3815 2979 3885 ejicere
3010 3831 3177 3871 ausus
3234 3817 3324 3881 sit,
3361 3816 3408 3870 si
3455 3817 3683 3885 quidem
3728 3816 3773 3868 iu

2209 3921 2280 3963 eo
2309 3907 2574 3976 scriptum
2601 3907 2765 3962 fuerit
2788 3907 2966 3963 lNam
2997 3909 3230 3978 primum
3263 3907 3355 3976 qui
3380 3906 3466 3961 vel
3491 3923 3663 3961 unum
3690 3922 3780 3961 νο·

2213 3997 2466 4053 eabulum
2498 3997 2696 4053 addere
2721 4007 2817 4053 aut
2845 3999 3066 4054 demere
3094 3999 3348 4063 voluerit,
3370 4015 3482 4053 non
3507 3999 3622 4070 jam
3643 4010 3785 4066 pole-

2212 4090 2286 4144 rit
2315 4089 2663 4146 Christianus
2694 4090 2878 4144 haberi
2906 4109 2920 4154 ;
2951 4089 3147 4145 deinde
3171 4089 3279 4157 fac,
3323 4092 3533 4144 malum
3593 4105 3788 4162 quem-

2211 4181 2357 4250 piam
2378 4181 2650 4236 hominem
2674 4181 2998 4236 vocabulum
3020 4182 3240 4252 aliquod
3265 4181 3498 4252 ejecisse
3521 4199 3587 4237 ex
3610 4183 3784 4237 Evan-

2215 4275 2385 4344 gelio;
2411 4289 2539 4329 num
2559 4274 2801 4343 reliquus
2826 4281 2969 4328 totus
2987 4275 3135 4329 orbis
3151 4284 3421 4329 terrarum
3444 4275 3607 4342 hujus
3626 4278 3789 4330 unius

2218 4362 2458 4417 fraudem
2489 4363 2798 4432 probaverit
2827 4363 2850 4416 ?
2879 4363 3104 4416 Minime
3152 4361 3418 4432 profecto.
3455 4362 3594 4417 Hinc
3626 4364 3791 4433 igitur

530 4454 804 4510 cultarent
850 4467 1051 4507 nomen
1095 4452 1322 4514 Christi,
1351 4466 1416 4504 ne.
1449 4451 1572 4520 quis
1601 4465 1725 4505 eum
1764 4449 1932 4517 Deum
1987 4463 2110 4504 esse
2142 4517 2182 4524 _
2216 4462 2389 4523 patet,
2422 4467 2530 4507 non
2562 4453 2824 4521 scriptum
2866 4452 3028 4508 fuisse
3059 4454 3111 4507 in
3135 4451 3427 4524 Evangelio
3457 4470 3651 4510 nomen
3677 4455 3790 4508 Slo-

531 4544 776 4600 crederet
830 4543 995 4614 (quod
1029 4545 1117 4613 qui
1151 4517 1658 4606 conabiturpmerte
1684 4542 1956 4612 periturus
1978 4541 2102 4612 est),
2142 4517 2192 4577 θ
2221 4517 2473 4602 hametis.
2506 4517 2710 4600 Deinde
2737 4556 2830 4599 aut
2857 4545 3065 4600 bonum
3089 4553 3182 4600 ant
3213 4517 3414 4601 malum
3448 4525 3792 4619 eum‘appe‘l—

533 4637 605 4692 illi
633 4637 736 4707 ipsi
759 4636 948 4706 igitur,
978 4635 1194 4705 cognita
1231 4636 1477 4698 veritate,
1503 4635 1798 4690 adorarunt
1827 4644 1882 4689 et
1935 4650 2102 4690 vene-

529 4730 634 4784 rati
656 4738 784 4785 sunt
813 4728 1090 4799 apostolos
1117 4728 1199 4782 vel
1227 4742 1578 4783 successores
1611 4737 1665 4781 et
1689 4728 1984 4797 discipulos
2012 4742 2104 4782 eo-

527 4837 684 4886 rum,
737 4830 902 4890 atque
954 4820 1325 4879 crediderunt.
1383 4835 1506 4873 eum
1576 4835 1764 4874 verum
1823 4822 1990 4873 Deum
2049 4828 2105 4873 et

528 4914 804 4968 Christum
836 4925 892 4967 et
923 4912 1118 4966 Filium
1147 4913 1234 4977 [)ej
1263 4912 1369 4964 vivi
1427 4925 1571 4970 esse.
1637 4925 1702 4964 a'c
1755 4910 2008 4979 lugebant
2052 4918 2106 4964 et

531 5005 974 5060 lamentabantur
995 5005 1061 5058 de
1093 5015 1339 5071 tempore
1366 5003 1659 5068 praeterito,
1692 5015 1801 5068 quo
1857 5001 2102 5055 tenebris

530 5105 586 5149 et
621 5097 903 5151 erroribus
928 5095 1141 5150 Satanas
1175 5094 1420 5148 obstricti
1468 5094 1701 5147 fuerant.
1737 5091 1874 5148 Deus
1921 5100 2103 5146 autem

529 5187 766 5256 optimus
791 5194 846 5241 et
865 5187 1179 5240 misericors
1201 5186 1502 5254 accipiebat
1523 5185 1875 5238 mutatiOuem
1904 5183 2102 5237 mentis

517 5288 745 5340 eorum,
777 5277 958 5330 ethos
995 5277 1167 5343 ipsos,
1217 5277 1311 5346 qui
1377 5280 1848 5344 persequebantur
1902 5288 2098 5327 nomen

525 5365 754 5424 Christi.
793 5376 1038 5434 pastores
1069 5377 1123 5422 et
1146 5370 1432 5438 magistros
1465 5377 1517 5421 et
1562 5367 1786 5421 nuntios
1845 5366 1994 5421 verbi
2045 5375 2102 5420 et

532 5459 770 5512 nominis
793 5460 878 5513 sui
908 5460 1140 5514 faciebat
1175 5478 1189 5515 :
1220 5461 1314 5530 qui
1345 5476 1537 5516 omnes
1595 5459 1946 5530 Evangelium
1994 5460 2099 5516 sibi

531 5562 915 5621 compararunt
941 5562 994 5606 et
1017 5553 1451 5621 descripserunt,
1485 5567 1548 5605 ac
1578 5553 1808 5618 legebat,
1830 5553 2098 5619 discebat,

529 5639 832 5694 docebatur
865 5649 919 5694 et
947 5640 1210 5694 adorabat
1239 5643 1490 5711 quisque,
1528 5643 1725 5710 quaeIn
1771 5657 1837 5696 eo
1893 5645 2097 5712 scripta

530 5739 704 5785 erant.
737 5728 811 5784 Ita
844 5731 1008 5801 igitur
1033 5745 1127 5800 per
1153 5740 1328 5785 totum
1351 5733 1535 5785 orbem
1593 5743 1864 5786 terrarum
1921 5735 2096 5788 Evan-

530 5820 728 5892 gelium
753 5821 1086 5896 divulgatum
1105 5831 1206 5887 est,
1225 5830 1452 5894 eratque
1478 5821 1530 5875 in
1558 5822 1806 5879 manibus
1824 5826 2092 5892 omnium,

2212 4637 2426 4692 laturus
2449 4645 2568 4692 erat
2592 4635 2844 4692 Christus
2878 4656 2891 4690 :
2921 4637 2966 4692 si
2991 4637 3218 4702 bonum,
3243 4651 3439 4694 omnes
3461 4655 3618 4711 reges
3638 4641 3789 4694 orbis

2213 4737 2508 4789 terrarum.
2577 4744 2767 4783 omnes
2820 4729 3118 4798 principes,
3172 4745 3367 4786 omnes
3405 4732 3714 4787 Christiani
3760 4748 3786 4786 ι

2210 4821 2428 4874 Christo
2451 4820 2734 4888 probatum
2753 4822 3066 4889 prophetam
3083 4822 3383 4889 amplexuri
3402 4835 3582 4888 erant,
3605 4839 3659 4878 ιιι
3683 4825 3787 4878 fru-

2212 4920 2360 4963 etnm
2384 4925 2450 4963 ex
2475 4926 2539 4963 eo
2569 4910 2914 4978 perciperent
2943 4927 2956 4971 ;
2983 4909 3068 4962 sin
3095 4911 3322 4977 malum,
3341 4917 3620 4968 servaturi
3638 4923 3783 4968 erant

2211 5000 2435 5066 indicia,
2466 5001 2610 5054 unde
2637 5016 2762 5056 eum
2786 5013 3202 5070 cognoscerent.
3223 5007 3532 5070 etcanturi,
3561 5023 3627 5060 ne.
3647 5007 3784 5058 labe-

2211 5089 2426 5147 ren’tnr.
2461 5091 2792 5161 Neutiquam
2829 5104 3038 5158 autem,
3063 5094 3180 5148 sive
3211 5095 3414 5149 bonum
3467 5099 3784 5166 probarunt,

2211 5186 2326 5240 sive
2349 5192 2672 5252 spreverunt
2703 5185 2929 5248 malum,
2958 5200 3052 5253 per
3080 5193 3257 5238 totum
3293 5187 3484 5240 orbem
3521 5199 3788 5240 terrarum

2212 5292 2410 5333 nomen
2439 5273 2759 5332 Moliametis
2786 5293 2854 5333 ex
2878 5279 3172 5348 Evangelia
3199 5280 3422 5348 ejecturi
3452 5293 3633 5334 erant.
3681 5278 3793 5331 Ma-

2211 5369 2468 5424 nifestum
2502 5371 2665 5439 igitur
2689 5382 2794 5434 est,
2825 5387 3021 5426 nomen
3058 5373 3178 5443 ejus
3215 5389 3322 5426 non
3356 5378 3622 5441 scriptum
3654 5372 3793 5426 {uis-

2211 5479 2272 5517 se
2309 5463 2360 5516 in
2381 5463 2689 5530 Evangelia.
2713 5463 2820 5519 Nec
2838 5481 2966 5519 vero
2984 5468 3275 5536 quisquam
3301 5467 3394 5518 ulli
3419 5467 3626 5520 homini
3649 5482 3799 5519 non-

2210 5555 2338 5606 dum
2366 5563 2491 5606 nato
2515 5555 2739 5608 invidet.
2769 5558 2846 5608 An
2877 5558 3000 5622 quis
3029 5555 3320 5610 Muluameti
3350 5558 3610 5610 inviderit
3638 5573 3799 5610 ante

2210 5647 2372 5713 qnam
2400 5655 2560 5699 natus
2594 5647 3056 5702 esset?Profecto
3092 5664 3276 5702 nemo.
3324 5649 3382 5703 Si
3430 5651 3552 5718 quis
3608 5663 3795 5703 autem

2203 5736 2317 5804 jam
2353 5745 2479 5790 nato
2504 5736 2800 5792 MollllmCll
2838 5739 3116 5800 inviderit.
3155 5756 3283 5793 num
3301 5749 3448 5794 totus
3481 5743 3630 5793 orbis
3683 5749 3794 5792 ter-

2208 5841 2394 5882 rarum
2430 5831 2481 5883 in
2508 5830 2670 5884 unius
2693 5829 2932 5887 hominis
2956 5830 3218 5885 invidiam
3243 5847 3611 5888 concessurus
3631 5830 3793 5885 erat?
