3962 6570
473 423 578 486 923

1736 438 2054 498 GEORGII
2097 435 2535 503 ΡΗΒΑΝΤΖιίῐίί

3621 444 3717 505 99$

473 532 803 636 ειαχωρὲζον
837 539 963 599 τοὺς
1007 540 1295 610 Ἐϐραίους
1332 533 1440 598 άπὸ
1489 547 1597 599 τῶν
1628 549 1942 616 Αἰγυπτίων
1973 554 2052 616 είς
2079 581 2123 636 Α
2159 549 2451 618 σουλμάνοι
2475 565 2488 578 ⁸
2513 551 2558 602 οί
2583 550 2692 619 γὰρ
2723 549 2877 604 αὐτοὶ
2910 551 3102 604 ’πάντα
3141 551 3522 622 ἀπερίτμητοι]
3551 557 3718 628 ἀσεϐῆ

474 627 534 676 τὸ
573 627 646 695 μὴ
680 632 1042 699 συνέρχεσθαι
1071 635 1298 699 τούτους
1319 641 1397 700 εἰς
1429 641 1610 708 γάμου
1642 643 1928 697 κοινωνίαν
1951 648 2046 698 καὶ

479 718 700 782 ἕνωσιν,
739 721 799 772 τὸ
836 725 936 788 μὲν
983 725 1070 778 διὰ
1105 727 1202 796 τὴν
1247 730 1426 783 αἰτίαν
1458 734 1525 802 ἢν
1563 733 1869 800 φθάσαντες
1898 739 2048 790 εἷπο-

485 828 606 878 μεν,
633 813 693 864 τὸ
723 813 778 865 δὲ
816 814 901 867 ἶνα
925 818 1018 870 καὶ
1065 821 1123 870 ἐν
1162 819 1239 888 τῷ
1271 823 1447 892 καιρῷ
1484 826 1581 892 τῆς
1605 827 1920 896 ἐλευθερίας
1948 831 2047 882 αὖ·

480 906 590 957 τὼν
616 901 753 958 ὦσιν
789 910 1001 978 ἕτοιμοι
1062 915 1153 964 καὶ
1189 915 1454 984 γνώριμοι
1517 920 1563 970 οἱ
1618 919 1897 988 Ἑϐραῖοι·
1953 923 2049 974 καὶ

483 1000 592 1066 γὰρ
662 1000 823 1068 εἴπερ
878 1004 1108 1072 ἡνοῦντο
1161 1009 1299 1076 μετὰ
1370 1010 1477 1061 τῶν
1535 1012 1876 1080 ἀλλοφύλων,
1933 1017 2050 1078 πῶς

486 1092 676 1161 ἔμελλε
712 1097 1083 1163 φυὶάττεσθαι
1131 1101 1193 1152 τὸ
1235 1101 1331 1154 τοῦ
1376 1101 1635 1174 Ἀδραὰμ
1688 1110 1911 1177 σπέρμα
1957 1109 2050 1161 καὶ

484 1188 683 1252 γένος;
721 1189 818 1240 Διά
872 1207 953 1242 τοι
984 1193 1142 1244 τοῦτο
1199 1195 1255 1245 ὲν
1315 1199 1379 1263 τῇ
1425 1199 1620 1266 ἐρήμῳ
1669 1201 2049 1268 εὑρισκόμενοι

481 1279 542 1329 οὐ
605 1283 1029 1348 περιετέμνοντο
1092 1287 1501 1355 τεσσαράκοντα
1541 1291 1762 1359 χρόνους
1807 1291 2051 1344 διαϐιϐά-

486 1389 697 1435 σαντες,
724 1374 840 1426 ἀλλ’
874 1377 932 1427 ἐν
959 1381 1022 1445 τῇ
1076 1380 1337 1448 Αἰγύπτῳ
1389 1382 1484 1433 καὶ
1515 1384 1652 1448 μετὰ
1677 1385 1777 1452 τὴν
1829 1388 1890 1438 ὲκ
1952 1387 2050 1452 τῆς

485 1462 696 1530 ἐρήμου
731 1463 909 1528 ἔξοδον
942 1467 1124 1520 πάλιν.
1151 1469 1260 1521 Καὶ
1293 1473 1318 1520 ὁ
1350 1471 1449 1538 μὲν
1475 1473 1572 1539 τῆς
1597 1473 1901 1541 περιτομῆς
1924 1490 2052 1528 σκο-

483 1556 591 1616 πὸς
624 1555 737 1622 ἔχει
763 1556 933 1620 οὕτως
965 1558 1149 1622 καθὼς
1179 1564 1269 1614 καὶ
1299 1565 1551 1632 είπομεν.
1597 1565 1652 1618 Ὀ
1681 1566 1724 1618 δ’
1768 1564 1834 1619 αὖ
1866 1568 2052 1639 ἕτερος

484 1647 593 1715 ἔχει
625 1648 822 1712 οὕτως,
859 1652 1006 1716 ὅπως
1060 1655 1498 1724 περιτμηθὲντες
1531 1662 1594 1727 τῇ
1633 1660 1797 1729 σαρκὶ
1827 1661 2054 1714 ἔλθωσιν

481 1739 563 1798 εἰς
597 1742 859 1816 συστολὴν
885 1745 979 1794 καὶ
1004 1747 1385 1812 σωφρονισμὸν
1411 1747 1510 1814 τῆς
1537 1749 1812 1807 πολιτείας
1849 1751 2052 1816 αὐτῶν,

485 1832 580 1883 καὶ
605 1833 706 1884 οὐκ
737 1827 839 1886 ὦσι
883 1835 1071 1902 λάγνοι
1105 1838 1200 1890 καὶ
1240 1840 1520 1908 ἀκρατεῖς,
1553 1844 1648 1894 καὶ
1692 1843 1939 1896 ἐντεῦθεν
1973 1844 2058 1897 λο-

2154 641 2484 708 λογίξονται.
2527 643 2636 695 Καὶ
2699 643 2810 696 ίδοὺ
2862 644 3019 696 αὐτοὶ
3075 644 3293 708 ἑαυτοῖς
3333 646 3592 714 μάχεσθε,
3629 651 3718 700 καὶ

2151 735 2298 802 ἆπερ
2329 732 2642 802 ὀρθοδοξίας
2673 733 2835 804 χάριν
2863 737 3085 805 τιμᾶτε,
3122 735 3298 789 ταῦτα
3362 737 3472 790 ἀπὸ
3523 738 3718 806 μέρους

2153 827 2472 894 ἀτιμάζετε.
2577 809 2592 822 ’

2223 918 2421 969 Καὶοὺ
2469 917 2632 984 μόνον
2664 919 2743 978 εἰς
2798 918 2933 972 αὐτὸ
2992 918 3152 972 τοῦτο
3215 919 3612 987 ἀναφαίνονται
3675 925 3719 971 οἱ

2151 1007 2578 1076 Μουσουλμὰνοι
2607 1010 3125 1079 ἐναντιοφωνοῦντες
3149 1013 3284 1080 πρὸς
3320 1012 3567 1073 ἑαυτοὺς,
3591 1012 3721 1064 ἀλλὰ

2151 1107 2246 1157 καὶ
2272 1105 2328 1157 ὲν
2365 1105 2574 1174 ἑτέροις
2615 1105 2850 1167 πολλοῖς,
2910 1107 3052 1174 ἆπερ
3107 1106 3208 1158 οὒκ
3264 1107 3378 1158 ἐστι
3426 1124 3510 1167 τις
3566 1109 3720 1174 χρεία

2155 1200 2297 1252 κατὰ
2329 1199 2390 1252 τὸ
2423 1201 2597 1268 παρὸν
2621 1200 2807 1263 λέγειν
2860 1199 2992 1267 περὶ
3043 1202 3290 1252 ἐκείνων.
3343 1201 3536 1266 Ὅμως
3599 1202 3721 1268 περὶ

2153 1292 2272 1354 ένδς
2306 1293 2573 1359 εἴπωμεν.
2635 1291 2801 1356 Λέγει
2844 1293 2870 1342 6
2902 1291 3136 1360 Χριστὸς
3191 1292 3249 1342 ἑν
3295 1291 3373 1358 τῷ
3403 1290 3717 1358 Εὑαγγελίῳ

2152 1382 2235 1435 ὅτι
2271 1382 2365 1434 ὲάν
2399 1384 2473 1450 μή
2500 1399 2586 1444 τις
2635 1381 2931 1449 βαπτισθῇ,
2967 1382 3069 1434 οὐκ
3117 1381 3236 1433 ἐστι
3275 1382 3369 1433 τοῦ
3403 1381 3539 1434 Θεοῦ
3605 1383 3719 1434 οὐδὲ

2151 1475 2252 1542 τῆς
2287 1473 2588 1542 σωτηρίας
2614 1475 2641 1526 6
2669 1473 2918 1541 Μωάμεθ
2963 1475 3235 1542 μαρτυρεί
3288 1473 3348 1525 τὸ
3389 1473 3719 1540 Εὖαγγέλιον

2154 1565 2312 1631 ἅγιον
2342 1568 2434 1618 καὶ
2474 1566 2678 1617 τέλειον
2708 1566 2799 1616 καὶ
2834 1563 3015 1626 εὑϐἑς’
3051 1566 3102 1616 οἱ
3157 1565 3581 1633 Μουσουλμάνοι
3604 1566 3720 1627 τοῦς

2155 1657 2662 1729 περιτετμημένους
2741 1657 3047 1724 λογίζονται
3101 1657 3456 1724 ὀρθοᾶόξους,
3508 1659 3633 1720 τοὺς
3667 1659 3720 1710 δὲ

2161 1749 2642 1817 βεϐαπτισμένους
2693 1747 2932 1810 ἀσεϐεῖς.
2987 1750 3048 1802 El
3085 1751 3182 1819 μὲν
3211 1744 3303 1802 οὖν
3338 1750 3597 1818 στέργετε
3635 1753 3720 1802 τδν

2156 1839 2400 1907 Μωάμεθ
2445 1840 2527 1890 ὅτι
2586 1838 2804 1906 άληθῶς
2839 1838 3010 1906 λέγει,
3075 1840 3193 1902 πῶς
3248 1839 3549 1908 ὀνομάζετε
3603 1841 3720 1900 τοὺς

487 1924 755 1988 γίζωνται
803 1928 900 1988 τὰς
937 1931 1198 1996 πορνείας
1245 1932 1425 1984 αὐτῶν
1477 1933 1593 1986 ἀντ’
1644 1934 1879 1998 οὐδενὸς,
1941 1935 2054 1988 ἀλλ’
2088 1937 2128 1990 Β
2160 1926 2632 1996 βεϐαπτισμένους
2666 1928 2907 1991 ἀσεὸεῐς.
2949 1934 3046 1980 καὶ
3100 1929 3200 1981 οὖκ
3253 1929 3600 1980 ἀκολουθεῖτε
3655 1932 3717 1996 τῇ

485 2017 800 2082 ἀνάγωνται
833 2021 972 2071 κατὰ
1004 2021 1202 2090 μικρὸν
1229 2023 1310 2085 είς
1340 2025 1398 2076 τὸ
1421 2024 1574 2089 ἑξῆς,
1608 2027 1688 2088 είς
1718 2027 2054 2097 ὑψηλοτέραν

487 2109 690 2174 γνῶσιν
715 2110 808 2162 καὶ
838 2112 1153 2177 πολιτείαν,
1191 2115 1314 2169 ἐπεὶ
1335 2115 1432 2169 οὐκ
1457 2116 1608 2186 ἐδόθη
1631 2119 1941 2187 ὀρθοδοξίας
1957 2123 2056 2190 χά-

490 2201 576 2268 ριν
607 2200 759 2271 παρὰ
789 2201 923 2254 Θεοῦ
964 2204 998 2273 ὴ
1031 2206 1332 2276 περιτομὴ,
1358 2206 1494 2260 ἀλλὰ
1527 2208 1688 2277 μόνον
1718 2208 1786 2262 δι’
1818 2209 1882 2273 ἃς
1911 2213 2058 2265 elato-

485 2309 587 2360 μεν
615 2293 822 2356 αἰτίας.

558 2385 763 2440 Ὀτιδὲ
792 2389 1041 2452 ἐλθόντος
1097 2391 1195 2444 τοῦ
1249 2392 1491 2463 Χριστοῦ
1529 2395 1772 2464 ῆργησεν
1819 2399 1848 2449 6
1893 2397 2057 2466 νόμος

488 2477 580 2527 καὶ
609 2477 730 2530 οὐδὲ
762 2481 1037 2550 περιτομή
1066 2481 1235 2546 ἔστιν,
1285 2484 1378 2550 ἀφ’
1412 2479 1486 2539 ὧν
1552 2487 1769 2554 μέλλεις
1824 2488 2056 2541 ἀκοῦσαι

489 2569 786 2636 πρόσσχες.
814 2569 884 2621 Τδ
913 2572 1010 2638 μὲν
1231 2573 1512 2646 βάπτισμα
1543 2580 1693 2644 παρὰ
1723 2577 1858 2630 Θεοῦ
1905 2580 2058 2632 δοθὲν

483 2660 799 2734 ὀρθοδοξίᾳς
829 2663 989 2734 χάριν
1027 2667 1215 2736 ἐδόθη,
1246 2671 1340 2720 καὶ
1356 2668 1443 2721 διὰ
1465 2669 1624 2721 τοῦτο
1642 2670 1839 2732 πάντες
1866 2670 2058 2739 ἄνδρες

486 2753 580 2804 καὶ
612 2755 789 2808 πᾶσαι
851 2759 1112 2823 γυναῖκες
1155 2759 1534 2826 βαπτίζονται,
1565 2763 1594 2813 6
1645 2762 1700 2814 δὲ
1740 2763 1814 2831 μὴ
1864 2762 2058 2831 βαπτι-

488 2841 638 2906 σθεὶς
664 2845 767 2897 οὐκ
828 2845 980 2900 ἔστιν
1015 2849 1316 2917 δρθόδοξος’
1349 2853 1383 2921 ἡ
1411 2851 1469 2904 δὲ
1513 2855 1787 2924 περιτομὴ
1839 2855 1936 2922 οὐχ
1964 2853 2057 2906 οὔ-

484 2951 616 2999 τως,
648 2937 784 2992 ἀλλὰ
824 2938 986 3006 μόνον
1032 2941 1082 2993 οί
1135 2941 1334 3008 ἄνδρες
1393 2943 1836 3013 περιτέμνονται,
1895 2946 1949 2998 αἱ
1999 2945 2057 2998 δί

486 3029 748 3093 γυναῖκες
776 3030 917 3098 οὐχί.
948 3029 1134 3084 Ἐοικε
1164 3032 1297 3099 γοῦν
1334 3034 1420 3086 ἵνα
1472 3035 1520 3087 οί
1574 3035 1674 3104 μὲν
1729 3036 1922 3103 ἄνδρες
1981 3037 2058 3100 ὡς

487 3121 955 3188 περιτετμημένοι
982 3115 1114 3176 ὦσιν
1148 3123 1443 3192 ὀρθόδοξοι,
1488 3127 1544 3178 al
1568 3127 1626 3178 δὲ
1675 3131 1935 3194 γυναῖκες
1979 3129 2056 3193 ὼς

485 3209 859 3284 ἀπερίτμητοι
891 3212 1128 3275 ἀσεὸεῖς.
1160 3215 1389 3280 Βλέπεις
1453 3218 1570 3280 πῶς
1631 3219 1791 3281 ἄλλος
1843 3222 1991 3274 ἐστὶν
2025 3225 2053 3276 6

484 3305 584 3376 τῆς
619 3311 925 3378 περιτομῆς
971 3309 1267 3379 λόγοςμεαλ.
1305 3312 1479 3376 ἄλλως
1527 3314 1774 3368 ποιοῦσιν
1803 3315 1853 3368 oi
1899 3317 2048 3370 Μου-

485 3494 641 3544 nens,
683 3497 751 3538 ne
773 3484 1028 3538 connubii
1061 3485 1379 3541 societatem
1438 3487 1663 3553 inirent,
1725 3489 1919 3560 partim
1980 3491 2052 3546 ob

483 3587 630 3639 eam,
665 3590 828 3642 quam
865 3577 1247 3646 exposuimus,
1275 3594 1521 3646 causam,
1561 3584 1756 3649 partim
1813 3591 1875 3636 ut
1934 3593 2047 3636 tum

483 3681 608 3719 cum
652 3667 915 3722 liberandi
973 3669 1176 3738 forent,
1225 3673 1399 3741 parati
1445 3682 1498 3728 et
1542 3674 1784 3743 insignes
1839 3688 2047 3733 essent.

481 3757 617 3814 Nam
652 3760 697 3816 si
725 3761 900 3831 juncti
957 3762 1189 3819 fuissent
1247 3767 1464 3831 alienis,
1517 3768 1792 3844 quomodo
1844 3771 2048 3823 servari

485 3852 1318 3918 potuissentAbrahamisemen
1349 3866 1402 3912 et
1457 3859 1670 3927 genus?
1718 3867 1881 3927 atque
1949 3861 2052 3916 hac

483 3944 548 4000 tle
571 3961 736 4000 causa
761 3947 1181 4003 circumcisione
1221 3965 1318 4016 per
1352 3965 1465 4015 eos,
1523 3967 1662 4017 quos
1724 3951 1776 4004 in
1837 3953 2052 4004 deserta

483 4038 704 4108 regione
729 4042 1082 4104 oberrabant,
1122 4055 1296 4096 annos
1354 4043 1714 4112 quadraginta
1775 4056 1884 4095 non
1934 4051 2053 4094 ute-

483 4129 704 4196 bantur,
730 4131 821 4186 sed
850 4133 1140 4186 utebantur
1195 4149 1257 4187 ca
1308 4134 1360 4186 in
1419 4133 1678 4204 Egypto,
1733 4141 1787 4186 et
1853 4130 2051 4186 deinde

484 4237 698 4286 rursus,
722 4238 845 4278 cum
895 4222 1166 4278 cdeserta
1219 4224 1436 4292 regione
1489 4226 1748 4278 exissent.
1804 4222 2051 4278 Circum-

482 4314 705 4368 cisionis
729 4314 866 4369 alter
899 4314 1022 4369 linis
1056 4315 1223 4384 igitur
1285 4315 1334 4370 is
1391 4326 1498 4380 est,
1559 4331 1720 4384 quem
1778 4316 2043 4369 diximus.

485 4407 636 4460 Alter
667 4417 845 4460 autem
875 4407 948 4459 ita
971 4406 1133 4461 habet
1160 4425 1173 4460 :
1203 4417 1261 4460 ut
1289 4408 1342 4459 in
1375 4422 1541 4460 carne
1596 4407 1913 4460 circumcisi
1980 4408 2048 4462 ad

486 4498 911 4552 moderationem
946 4506 1000 4551 et
1029 4499 1441 4565 temperantiam
1495 4501 1616 4554 vitae
1648 4515 1706 4554 se
1736 4500 2050 4556 conforrna-

2155 2019 2250 2073 τοῦ
2277 2018 2608 2086 Εὑαγγελίου
2644 2019 2982 2088 διδασκαλίᾳ,
3011 2020 3106 2071 καὶ
3151 2019 3436 2086 λογίζεσθε
3470 2021 3595 2077 τοὺς
3627 2021 3719 2087 μὲν

2157 2110 2664 2181 περιτετμημένους
2698 2110 2885 2174 κακῶς
2915 2110 3223 2174 ποιοῦντας,
3255 2112 3380 2173 τοὺς
3421 2110 3482 2162 δὲ
3517 2109 3718 2178 βεϐαπ-

2159 2200 2451 2268 τισμένους
2491 2199 2751 2264 εὐσεϐῶς.
2795 2200 2930 2252 ἀλλὰ
2957 2200 3220 2253 τάναντία
3277 2202 3558 2268 φρονεῖτες
3611 2199 3717 2252 ΟῘΜ

2158 2291 2278 2343 ἔστι
2341 2290 2609 2360 πρόδηλον
2652 2292 2733 2344 ὅτι
2792 2291 2946 2344 αὐτοὶ
3003 2292 3216 2351 ἑαυτοῖς
3489 2290 3714 2358 μάχεσθε

2158 2385 2253 2436 καὶ
2312 2384 2467 2438 αὐτοὶ
2517 2385 2746 2447 ἑαυτοὺς
2775 2385 3150 2453 ἀνατρέπετες
3193 2383 3354 2435 Ἀλλὰ
3403 2383 3583 2435 ταῦτα
3628 2383 3717 2450 ιιὲι

2157 2473 2352 2536 οὕτως.

2245 2568 2411 2620 Ἐπεὶ
2430 2567 2486 2620 δὲ
2510 2568 2538 2618 6
2570 2567 2824 2635 Ἰομαὴλ,
2850 2567 2911 2619 ὃν
2942 2568 3190 2634 λέγουσιν
3233 2569 3283 2619 οἱ
3307 2568 3715 2635 Μουσουλμάνει

2159 2658 2306 2728 ἔχειν
2341 2662 2690 2729 προπάτορα,
2717 2659 2838 2712 οὔτε
2881 2661 3020 2728 μετὰ
3047 2659 3156 2714 τῶν
3204 2659 3478 2729 Ἑὸραίων
3528 2661 3717 2727 mtil-

2160 2751 2255 2803 θεν
2274 2752 2356 2812 είς
2392 2751 2694 2819 Αἴγυπτον,
2729 2753 2811 2803 ὅτι
2839 2751 2896 2804 ιν
2925 2751 3118 2820 ἐκείνῳ
3144 2751 3303 2819 χρεία
3319 2751 3420 2803 οὐκ
3446 2748 3514 2820 ἦν
3538 2751 3716 2818 ὥσπερ

2157 2843 2273 2904 τοῖς
2315 2843 2614 2910 Ἑϐραίοις,
2675 2841 2801 2894 οὔτε
2867 2842 3360 2910 συγκατελογίζετο
3417 2845 3555 2910 μετᾶ
3614 2845 3715 2894 τῶν

2159 2931 2522 3003 κληρονόμων
2551 2933 2646 2986 τοῦ
2700 2933 2971 3005 Ἀδραὰμ,
3007 2935 3144 2987 διότι
3183 2937 3210 2986 6
3240 2935 3374 2998 Θελς
3405 2935 3576 2988 οὕτως
3607 2939 3715 2987 ἑνε-

2159 3025 2379 3078 τείλατο
2409 3025 2487 3095 τῷ
2523 3025 2780 3096 Ἀϐραάμ
2824 3027 2996 3079 είπών
3018 3044 3032 3057 ·
3071 3046 3090 3078 ι
3123 3027 3362 3079 Ἐκὸαλε
3396 3027 3494 3097 τὴν
3543 3028 3715 3080 παιδί-

2160 3135 2298 3186 σκην
2330 3120 2470 3187 μετὰ
2507 3117 2602 3172 τοῦ
2653 3119 2769 3172 υἱοῦ
2811 3121 3018 3188 αὐτῆς·
3047 3121 3108 3173 οὐ
3151 3122 3260 3188 γὰρ
3331 3121 3405 3189 μὴ
3469 3122 3718 3188 κληρονο-

2161 3213 2313 3282 μήσῃ
2363 3215 2391 3265 6
2434 3212 2547 3274 υίὸς
2587 3213 2687 3280 τῆς
2744 3213 3038 3281 παιδίσκης
3111 3215 3251 3283 μετὰ
3299 3212 3397 3266 τοῦ
3458 3213 3573 3265 υίοῦ
3623 3215 3716 3280 τῆς

2156 3302 2464 3374 ἐλευθέρας.
2507 3324 2526 3357 ι
2565 3303 2676 3358 Καὶ
2699 3305 2964 3375 ἐξεϐλήθη
2996 3306 3023 3356 6
3053 3304 3280 3375 Ὶσμαὴλ
3311 3305 3455 3374 μετὰ
3487 3307 3583 3373 τῆς
3618 3325 3719 3376 μη-

2154 3487 2446 3553 rationem,
2477 3497 2534 3543 ct
2565 3497 2769 3543 temere
2803 3503 2963 3556 agere
2996 3486 3384 3552 llosrdmanos,
3409 3488 3503 3556 qui
3528 3503 3716 3542 omnes

2153 3596 2258 3634 non
2290 3580 2647 3635 circumcisos
2681 3582 2876 3650 impius
2911 3597 3034 3637 esse
3080 3581 3415 3635 existimant.
3445 3583 3597 3633 Adeo
3627 3599 3718 3632 vu-

2151 3671 2363 3729 biscum
2415 3675 2546 3743 ipsis
2606 3675 2880 3744 pugnatis,
2927 3675 3164 3743 etquod
3218 3677 3291 3729 ob
3339 3676 3712 3729 orthodoxiam

2152 3780 2297 3820 nunc
2327 3766 2526 3828 colitis.
2563 3763 2614 3821 id
2647 3783 2794 3822 nunc
2835 3768 3124 3836 negligitis.

2224 3854 2333 3911 Nec
2354 3858 2407 3912 in
2440 3858 2542 3912 hac
2585 3873 2691 3912 una
2747 3873 2806 3912 re
2872 3857 3200 3910 Musnlmani
3263 3857 3558 3911 manifesto
3615 3859 3712 3912 sibi

2153 3961 2478 4018 repugnant,
2509 3949 2602 4004 sed
2637 3951 2688 4004 in
2732 3951 2921 4004 multis
2947 3963 3205 4019 prmtcrea
3239 3950 3384 4014 aliis,
3410 3949 3478 4002 de
3507 3952 3702 4016 quibus

2155 4056 2298 4094 nunc
2329 4041 2513 4094 dicere
2541 4043 2672 4095 nihil
2710 4044 2925 4096 attinet.
2956 4043 3028 4094 De
3087 4058 3193 4094 una
3251 4050 3434 4094 tamen
3483 4057 3709 4108 οινοιιςι.

2155 4148 2297 4186 mus.
2327 4133 2574 4188 Christus
2605 4133 2655 4186 in
2689 4133 2979 4202 Evangelia
3010 4135 3162 4196 dicit,
3216 4134 3324 4186 nisi
3369 4135 3466 4202 qui
3543 4134 3718 4200 bapti-

2152 4236 2327 4291 zetur,
2363 4227 2636 4280 neminem
2681 4227 2771 4282 Dei
2805 4237 2893 4281 aut
2947 4227 3146 4280 salutis
3204 4241 3349 4280 esse.
3401 4223 3523 4278 Jam
3587 4241 3715 4278 vero

2153 4317 2486 4372 Mobamctes
2518 4319 2870 4386 Evangelium
2923 4329 3197 4379 sanctum,
3253 4316 3551 4384 perlectum
3601 4317 3722 4384 jus-

2153 4417 2374 4476 tumque
2410 4424 2529 4463 esse
2563 4409 2717 4474 dicit,
2754 4408 3076 4462 Musulmani
3135 4419 3316 4462 autem
3365 4390 3719 4461 circumcisos

2153 4500 2510 4562 crthodoxos,
2573 4500 2875 4568 baptizatos
2924 4501 3120 4567 impius
3180 4514 3304 4554 esse
3360 4499 3716 4553 arbitrantur.

484 4598 626 4652 rent,
661 4605 794 4642 neve
837 4589 1027 4644 lascivi
1065 4600 1119 4644 et
1143 4591 1314 4643 animi
1343 4591 1656 4660 impotentis
1681 4601 1892 4655 essent,
1947 4594 2046 4648 sed
2083 4588 2124 4640 D
2154 4590 2353 4652 Quodsi
2391 4589 2748 4645 Mohametcm
2775 4601 2834 4643 ut
2867 4606 2992 4644 vera
3018 4591 3308 4645 docentem
3341 4589 3716 4653 veneramini,

484 4680 765 4736 libidinem
802 4681 960 4735 nihili
985 4681 1319 4738 testimarent
1355 4698 1418 4736 ac
1477 4684 1736 4752 paulatim
1792 4686 2053 4755 deinceps

483 4773 550 4828 ad
583 4775 862 4829 meliorem
925 4777 1296 4848 cognitionem
1355 4779 1632 4847 vitamque
1666 4779 2050 4842 eveherentur,

481 4869 917 4939 quandoquidem
950 4885 1056 4924 non
1087 4871 1423 4925 orthodoxiae
1479 4887 1668 4934 Causa,
1694 4872 1786 4926 sed
1840 4882 2051 4926 tantum

481 4966 554 5014 ob
587 4977 704 5026 eas,
727 4977 867 5030 quas
899 4961 1032 5025 dixi,
1062 4977 1274 5025 causas,
1301 4963 1653 5019 circumcisio
1675 4965 1920 5019 instituta
1946 4974 2052 5020 cst.

552 5055 666 5107 Cur
699 5067 881 5108 autem
910 5066 1034 5124 post
1066 5056 1360 5109 adventum
1397 5056 1601 5110 Christi
1665 5057 1748 5112 lex
1805 5060 2052 5128 neglecta

481 5146 645 5200 fuerit
675 5163 775 5200 nec
797 5148 850 5200 in
888 5164 990 5202 usu
1017 5149 1087 5201 sit
1110 5149 1479 5215 circumcisio,
1523 5150 1573 5203 id
1631 5150 1775 5204 unde
1838 5151 2051 5218 discas,

482 5237 632 5291 audi.
690 5239 733 5291 A
775 5239 882 5292 Deo
920 5240 1106 5293 datum
1169 5241 1435 5310 baptisma
1493 5241 1831 5296 orthodoxiae
1885 5259 2052 5300 causa

482 5329 796 5384 institutum
825 5338 912 5384 est
944 5347 958 5384 :
987 5347 1326 5403 quapropter
1357 5348 1546 5388 omnes
1587 5343 1642 5389 ct
1700 5335 1804 5389 viri
1866 5349 1922 5390 et
1976 5337 2053 5392 fe-

483 5421 645 5473 minae
677 5419 1044 5488 baptizantu‘r,
1076 5437 1176 5476 nec
1237 5423 1582 5479 orthodoxus
1634 5435 1741 5488 est,
1797 5427 1891 5495 qui
1944 5442 2058 5482 non

482 5522 566 5568 est
594 5512 920 5582 baptizatus.
953 5514 1173 5568 Diversa
1238 5527 1322 5570 est
1384 5519 1525 5571 ratio
1580 5518 2052 5583 circumcisionis,

483 5607 573 5661 cui
597 5606 652 5661 in
679 5607 813 5663 viris
845 5607 999 5662 locus
1028 5615 1132 5671 est,
1165 5607 1219 5661 iu
1282 5607 1502 5666 feminis
1552 5625 1659 5664 non
1716 5621 1838 5666 est:
1909 5614 2055 5667 unde

483 5701 610 5769 quis
636 5699 872 5771 colligat,
903 5700 1049 5754 viros
1081 5709 1265 5768 utpote
1315 5701 1677 5759 circumcisos
1714 5704 2054 5759 orthodoxos

484 5807 628 5859 esse,
662 5791 913 5861 feminas,
966 5791 1165 5863 quippe
1215 5808 1339 5863 qua:
1397 5809 1506 5850 non
1557 5795 2050 5856 circumcidantur.

487 5885 706 5958 impias.
756 5884 920 5944 Vides
954 5885 1139 5957 igitur,
1170 5887 1438 5946 diversam
1472 5904 1594 5945 esse
1618 5888 2051 5946 circumcisionis

2154 4684 2427 4752 quomodo
2456 4683 2760 4752 baptizatos
2783 4684 2980 4753 impios
3013 4683 3319 4751 appellatis;
3341 4698 3438 4736 nec
3457 4694 3720 4751 praecepta

2154 4774 2433 4843 Evangelii
2475 4777 2648 4828 secuti
2677 4790 2796 4839 eos,
2846 4775 2938 4842 qui
2988 4773 3494 4836 circumciduntur,
3537 4775 3719 4842 impie,

2155 4869 2248 4934 qni
2285 4866 2652 4936 baptizantur,
2715 4869 2800 4935 pie
2855 4881 3017 4936 agere
3083 4867 3436 4929 existimatis,
3494 4869 3586 4920 sed
3639 4868 3723 4920 his

2155 4958 2432 5013 contraria
2465 4957 2720 5013 sentitis?
2744 4957 2932 5011 Nonne
2965 4959 3017 5010 in
3045 4966 3238 5024 aperto
3268 4968 3375 5020 est,
3407 4974 3503 5012 vos
3539 4961 3722 5011 nobis-

2155 5067 2278 5105 cum
2307 5065 2544 5120 pugnare
2573 5060 2626 5103 et
2667 5059 2852 5104 vestro
2878 5064 2972 5102 vos
3027 5048 3208 5117 gladio
3266 5049 3586 5104 coniicere?
3627 5052 3716 5101 Sed

2158 5145 2270 5198 haec
2307 5144 2524 5212 quidem
2579 5142 2864 5195 hactenus.

2230 5235 2432 5289 Deinde
2458 5235 2670 5298 lsmael,
2726 5249 2888 5303 quem
2945 5231 3269 5286 Masulmani
3319 5242 3600 5288 auctorem
3659 5246 3720 5284 se

2156 5325 2355 5379 habere
2401 5326 2615 5386 dicunt,
2675 5337 2772 5377 nec
2830 5338 2953 5376 cum
3016 5321 3262 5378 llebrzeis
3325 5323 3380 5376 in
3431 5323 3717 5392 Egyptum

2156 5419 2328 5486 venit,
2361 5419 2624 5489 quoniam
2662 5417 2740 5472 illi
2774 5433 2904 5481 non,
2945 5427 3004 5471 ut
3059 5415 3328 5481 Hebraeis,
3386 5432 3525 5485 onus
3583 5424 3717 5478 erat,

2156 5528 2256 5567 nec
2291 5522 2610 5566 numeratus
2627 5519 2710 5565 est
2742 5513 2794 5564 in
2829 5509 3139 5564 literedibus
3167 5511 3487 5573 Abrahami,
3552 5523 3722 5576 quan-

2154 5605 2447 5676 doquidem
2508 5605 2650 5658 Deus
2700 5602 2774 5656 ita
2830 5600 3124 5671 imperavit
3152 5601 3511 5654 Abrahamo:
3545 5599 3719 5668 tlijice

2154 5698 2407 5753 ancillam
2443 5712 2566 5752 cum
2603 5697 2712 5750 tilio
2745 5694 2902 5764 ejus;
2946 5693 3287 5762 nequeenim
3313 5691 3525 5746 ancillae
3551 5689 3715 5742 ﬁlium

2155 5807 2281 5848 cum
2315 5791 2429 5846 ﬁlio
2457 5791 2710 5860 ingenuae
2742 5787 2990 5843 mulieris
3024 5787 3278 5841 heredem
3343 5798 3468 5838 esse
3505 5781 3707 5836 deret.-

2161 5887 2372 5957 Ejectus
2401 5871 2566 5955 igitur
2595 5895 2678 5940 est
2705 5883 2895 5940 lsmael
2921 5897 3045 5938 cum
3078 5883 3220 5950 Agar
3250 5886 3421 5934 matre
3444 5876 3511 5930 ab
3541 5873 3713 5928 Abrae
