3962 6552
205 435 302 497 925

1204 444 1650 508 CilRONlCON
1698 451 1972 514 MAJUS.
2011 482 2076 490 ·-
2112 457 2258 520 LIB.
2301 457 2398 520 iV.

3346 462 3452 528 9°26

202 556 319 622 τρός
345 551 507 609 αὑτοῦ
568 557 750 628 Ἀγαρ
804 560 910 613 ἀπὸ
979 561 1072 613 τοῦ
1141 563 1440 652 Ἀερεέάμη
1469 566 1528 618 Εἰ
1569 566 1614 617 δ’
1644 567 1773 630 ἴσως
1811 582 1846 634 Α
1881 570 1978 635 ξας
2005 573 2066 625 ἐν
2091 574 2231 644 αὐτῇ
2275 575 2491 644 πληγὰς
2532 576 2782 644 μεγάλας
2834 579 3060 648 σφόδρα,
3115 582 3208 634 καὶ
3249 579 3448 652 ἔπληξε

202 647 325 700 ποτέ
353 648 486 715 πρὸς
527 649 619 700 τὸν
663 651 917 722 Ἀϐραὰμ
948 651 1183 722 θεωρίας
1221 657 1386 726 χάριν
1421 647 1610 727 ἦλθεν,
1651 660 1768 712 ἀλλ’

203 736 296 806 οὐχ
332 740 405 801 ῶς
443 742 557 803 υίὸς
593 746 687 796 καὶ
750 746 976 814 σπέρμα
1039 748 1135 800 καὶ
1179 748 1522 819 κληρονόμος
1576 751 1766 806 αὐτοῦ.

202 831 400 886 Τούτου
436 837 572 903 γοῦν
606 837 781 900 οὕτως
816 840 1056 910 ἔχοντος,
1089 843 1258 894 πόθεν
1293 846 1513 912 ἔχουσιν
1541 847 1588 898 ci
1626 845 1768 899 Μου⁴

202 927 491 995 σουλμάνοι
518 930 617 1000 τὴν
653 932 841 985 πίστιν
869 936 968 986 οὐκ
1000 932 1140 990 οἶδα.
1171 937 1271 988 Διὰ
1318 938 1478 989 τοῦτο
1509 940 1608 990 οὐκ
1639 939 1770 991 ἀνα-

201 1021 445 1086 φαίνεται
478 1023 586 1076 ἀπὸ
617 1042 763 1087 τινος
800 1029 1129 1096 πράγματος
1156 1031 1261 1098 πρὸ
1294 1030 1382 1082 τοῦ
1419 1032 1666 1102 Μιοάμεθ
1704 1035 1768 1085 ἐκ

199 1115 290 1166 τοῦ
324 1114 582 1186 ’Δϐραὰμ
615 1114 754 1170 εἶναι
786 1121 887 1184 τὴν
923 1122 1030 1172 τῶν
1062 1123 1508 1190 Μουσουλμάνων
1537 1126 1723 1176 πίστιν
1748 1141 1762 1155 ·

200 1208 311 1256 ουν
343 1210 507 1270 αὐτὸς
539 1211 690 1262 ἐστιν
713 1209 740 1261 6
776 1211 1146 1280 άρχηγδςτῶν
1175 1213 1433 1266 τοιούτων
1453 1214 1764 1282 δογμάτων,

199 1303 289 1354 καὶ
320 1302 400 1354 ὅτι
422 1302 532 1354 ἀπὸ
555 1303 761 1366 κοιλίας
791 1304 959 1356 αὑτοῦ
985 1306 1224 1370 ἐδίδαξεν
1256 1308 1354 1359 ὅσα
1386 1307 1765 1372 ἐδίδαξεν,ούκ

198 1395 302 1446 ἀπὸ
330 1395 468 1447 Θεοῦ
483 1437 494 1449 .
1607 1395 1617 1400 ⁸

271 1488 389 1540 Ὀτι
428 1489 482 1540 δὲ
526 1490 780 1558 λέγουσιν
804 1493 856 1544 οἱ
888 1491 1307 1560 Μουσουλμάνοι
1340 1493 1414 1553 ὡς
1447 1493 1768 1561 γεγραμμέ-

199 1596 286 1632 νον
307 1581 622 1650 εὑρίσκεται
642 1583 701 1634 τὸ
729 1582 822 1634 τοῦ
856 1582 1157 1653 Μαχούμετ
1189 1583 1362 1651 ὄνομα
1394 1587 1450 1636 ἐν
1480 1585 1554 1652 τῷ
1585 1585 1766 1652 Εὐαγ-

197 1672 377 1742 γελίῳ,
409 1675 656 1737 εἰπόντος
685 1675 780 1727 τοῦ
807 1677 1043 1743 Χριστοῦ
1078 1678 1207 1748 περὶ
1239 1677 1455 1731 ἐκείνου
1481 1679 1562 1732 ὅτι
1585 1681 1763 1749 Εὐαγ-

197 1765 476 1834 γελίζομαι
506 1768 640 1836 ὑμῖν
673 1771 758 1821 ὅτι
799 1773 919 1838 μετ’
950 1771 1052 1840 ἐμὲ
1095 1773 1282 1840 μέλλει
1315 1773 1492 1824 ἐλθεῖν
1523 1774 1764 1826 ἀπόστο-

195 1856 284 1919 λος
334 1859 431 1910 καὶ
480 1862 794 1930 προφήτης,
856 1863 1028 1932 ὄνομα
1085 1863 1238 1933 αὐτῷ
1290 1865 1574 1934 Μωάμεθ⁸
1623 1869 1671 1920 οἱ
1707 1867 1764 1919 δὲ

196 1951 510 2020 Χριστιανοὶ
580 1953 958 2024 φθονήσαντες
1035 1956 1296 2022 ἐξέϐαλον
1361 1959 1494 2011 αὐτὸ
1549 1962 1613 2012 ἐκ
1674 1959 1764 2012 τοῦ

197 2045 528 2113 Εὐαγγελίου
558 2063 570 2076 °
605 2047 764 2118 34],
803 2049 972 2120 δεῦρο
1017 2051 1081 2120 δὴ
1112 2051 1444 2120 σκεψώμεθα
1476 2057 1570 2106 καὶ
1630 2051 1761 2122 περὶ

193 2138 405 2201 τούτου,
443 2141 540 2193 καί
570 2159 659 2210 μοι
692 2143 840 2195 δοκεῖ
869 2144 945 2206 ὡς
985 2144 1045 2196 οὐ
1083 2145 1157 2212 μὴ
1196 2145 1590 2214 κρυϐήσετοιιὴ
1621 2146 1762 2208 ἀλή-

193 2231 331 2288 θεια.
361 2236 630 2288 ’Ᾱκουσον
652 2236 831 2288 τοίνυν
859 2237 1148 2304 νουνεχῶς.
1219 2239 1382 2307 Τρεῖς
1421 2241 1562 2291 εἰσιν
1598 2257 1762 2308 νομο-

193 2327 340 2380 θέται
365 2330 416 2380 οἱ
442 2330 755 2396 διδάξαντες
797 2334 995 2401 νόμους
1032 2334 1360 2397 καθολικούς
1393 2353 1406 2367 °
1443 2339 1472 2389 6
1497 2337 1759 2404 Μωῦοῆς,

189 2411 234 2490 ᾧ
255 2424 588 2496 ἠκολούθησε
625 2428 686 2478 τὸ
709 2429 868 2494 γένος
897 2429 1004 2480 τῶν
1034 2429 1305 2498 Ἐϐραίων
1329 2447 1341 2460 ο
1373 2432 1400 2482 6
1437 2430 1696 2498 Χριστὸς,
1718 2425 1762 2498 ᾧ

190 2517 568 2587 ἠκολούθησαν
608 2521 788 2574 πάντα
831 2520 898 2573 τὰ
949 2519 1078 2588 ἔθνη
1123 2520 1214 2574 καὶ
1241 2521 1293 2572 oi
1343 2520 1424 2583 εἰς
1478 2521 1641 2574 αὑτὸν
1671 2539 1762 2574 πι-

193 2608 526 2670 στεύσαντες
563 2611 624 2662 τί,
651 2611 838 2664 πλεῖον
869 2611 1038 2681 μέρος
1061 2612 1172 2664 τῶν
1202 2610 1496 2682 Ἐϐραίων,
1517 2612 1636 2664 ἐπεὶ
1655 2614 1763 2665 ἀπὸ

191 2703 397 2755 τούτων
427 2703 477 2756 οξ
531 2704 607 2772 μὴ
644 2704 1044 2766 πιστεύσαντες
1093 2703 1276 2771 πολλῷ
1313 2705 1572 2768 ἐλάττους
1625 2707 1762 2760 εἰσὶν

187 2793 371 2846 αὐτῶν
402 2794 466 2862 δὴ
495 2795 603 2848 τῶν
643 2796 1060 2849 πιστευσάντων
1083 2796 1176 2848 καὶ
1225 2797 1414 2867 σχεδὸν
1449 2795 1763 2867 εὐαρίθμη-

184 2901 270 2940 τοι
300 2903 316 2919 ·
348 2889 442 2941 καὶ
471 2889 500 2942 6
526 2889 795 2961 Μωάμεθ,
825 2882 870 2958 ᾧ
909 2889 1286 2958 ἠκολούθησαν
1324 2891 1375 2942 oi
1405 2889 1762 2958 Μουσουλμά-

182 2996 290 3032 vet.
327 2980 493 3034 Ἀνευ
517 2981 724 3034 τούτων
755 2979 820 3052 δὴ
841 2981 954 3034 τῶν
982 2981 1155 3051 τριῶν
1181 2980 1371 3050 ἕτερός
1417 2998 1505 3042 τις
1539 2980 1761 3045 διδάξας

185 3070 282 3123 καὶ
307 3072 430 3135 δοὺς
453 3073 620 3143 νόμον
647 3075 749 3129 οὐκ
776 3076 944 3128 ἐστιν.
989 3074 1134 3128 Ἀλλ’
1157 3077 1183 3128 6
1219 3075 1321 3145 μὲν
1359 3074 1610 3143 Μωῦσῆς
1661 3090 1759 3142 με-

188 3164 545 3232 μαρτύρηται
611 3165 1028 3234 ἀπεσταλμένος
1075 3164 1219 3220 εἶναι
1267 3167 1418 3235 παρὰ
1451 3164 1615 3220 Θεοῦ.
1668 3164 1760 3230 Ἐξ

181 3253 363 3322 ἀρχῆς
390 3255 470 3306 ἔτι
503 3253 580 3308 ῶν
615 3257 672 3309 ἐν
703 3258 768 3326 τῇ
811 3255 1076 3328 Αἰγύπτῳ
1121 3257 1348 3325 ἐποίησε
1399 3259 1606 3326 σημεῖα
1665 3255 1759 3308 καὶ

177 3346 386 3416 τέρατα
423 3348 660 3416 μεγάλα,
695 3349 790 3401 καὶ
819 3349 1085 3420 spesne;
1117 3349 1217 3418 τὴν
1247 3349 1546 3417 Αἴγυπτον,
1612 3347 1750 3401 ἐπά-

176 3525 379 3592 hanro;
413 3537 576 3596 atque
610 3528 826 3583 etiamsi
888 3529 1255 3584 Abrahamum
1311 3529 1531 3584 videndi
1590 3545 1754 3585 causa

175 3616 397 3683 adierit,
428 3634 539 3674 non
572 3619 702 3673 adiit
751 3629 931 3676 tamen
965 3637 1089 3676 cum
1138 3632 1198 3676 ut
1249 3615 1394 3676 [ilius
1445 3632 1498 3677 et
1560 3637 1751 3678 semen

172 3721 230 3766 et
261 3711 436 3765 Intres
467 3713 607 3780 ejus.
639 3711 772 3778 Qua:
797 3727 921 3768 cum
960 3714 1032 3766 ita
1074 3713 1208 3777 sint,
1264 3714 1535 3768 undenam
1593 3714 1754 3769 ﬁdem

170 3819 336 3856 suam
369 3803 698 3858 Musulmani
743 3806 1006 3868 habeant,
1061 3806 1314 3875 equidem
1369 3807 1580 3870 nescio,
1641 3819 1744 3860 nec

168 3911 242 3948 ex
270 3895 380 3949 ulla
412 3911 472 3950 re
509 3907 636 3952 ante
661 3897 1032 3952 Moh‘ametem‘
1088 3900 1156 3954 ab
1219 3899 1540 3953 Abraltamo
1592 3915 1752 3969 repe-

167 3989 334 4043 tenda
364 3990 578 4044 videtur
609 3991 1082 4047 Musulmanorum
1105 3994 1276 4059 lides;
1316 3995 1408 4049 sed
1433 3994 1551 4064 ipse
1595 3994 1754 4049 istius

167 4084 436 4138 doctrime
491 4092 682 4139 auctor
749 4095 850 4150 est,
911 4095 965 4138 et
1020 4101 1364 4157 quaecunque
1456 4089 1662 4152 docuit,
1725 4104 1754 4142 c

166 4191 274 4229 suo
306 4173 546 4245 ingenio,
570 4191 676 4229 non
710 4192 736 4229 a
773 4176 882 4240 Deo
906 4188 1154 4246 accepta,
1191 4179 1396 4233 docuit.

238 4266 402 4332 Quod
426 4278 609 4321 autem
657 4269 986 4324 Musulmani
1035 4271 1249 4335 dicunt,
1305 4274 1571 4342 scriptum
1634 4290 1754 4330 esse

163 4359 499 4415 Mobametis
527 4375 723 4415 nomen
757 4361 810 4414 in
845 4363 1158 4430 Evangelio,
1191 4379 1316 4418 cum
1374 4365 1630 4421 Christus
1684 4366 1755 4421 de

157 4467 234 4506 eo
260 4453 463 4506 dixerit
495 4470 509 4506 :
537 4453 736 4509 «Edico
767 4456 942 4518 vobis,
977 4465 1266 4511 venturum
1320 4473 1441 4514 esse
1491 4471 1610 4530 post
1668 4476 1754 4514 me

153 4543 474 4612 apostolum
502 4553 554 4600 et
588 4547 932 4617 pr0phetam,
959 4549 1047 4603 cui
1101 4547 1426 4607 Mohametis
1475 4567 1696 4618 nomen,
1734 4571 1749 4604 ι

1871 666 1966 716 καὶ
2003 668 2370 734 ἐθεράπευσε,
2395 671 2491 722 καὶ
2546 671 2812 739 προέλεγε
2869 675 2940 725 τά
2976 675 3322 742 γενησόμενα
3373 675 3450 738 ὡς

1872 759 2163 827 προφήτης
2184 799 2198 820 ,
2229 758 2312 812 ὅτι
2344 760 2402 813 Ei
2439 762 2536 830 μὲν
2568 762 2866 826 ἀπολύσεις
2898 766 2989 817 τὶν
3016 765 3144 818 λαὸν
3170 766 3264 818 τοῦ
3289 766 3450 833 Θεοῦ,

1871 849 2143 902 ἀπόλυσον
2169 868 2183 882 ο
2217 855 2265 904 εἰ
2299 853 2344 904 δ’
2376 851 2492 917 οὖν,
2530 855 2597 908 τά
2637 854 2733 909 καὶ
2761 857 2826 909 τά
2877 859 3249 928 συμϐήσονται
3281 860 3363 911 σοί
3389 877 3448 912 τε

1870 945 1968 995 καὶ
2004 945 2169 996 παντὶ
2200 945 2279 1014 τῷ
2302 947 2417 1014 λαῷ
2454 948 2557 1016 τῆς
2599 949 2905 1016 Αίγύπτου.
2943 953 3051 1005 Καὶ
3084 952 3452 1021 ὑπισχνούμε-

1870 1052 1959 1096 νος
1987 1036 2188 1105 Φαραὼ
2216 1041 2443 1108 ποιῆσαι
2495 1041 2555 1092 τδ
2606 1043 2759 1109 ῥήμα
2820 1043 3026 1107 Κυρίου
3083 1043 3452 1116 ἐθεραπεύετο

1870 1126 2022 1194 παρὰ
2054 1126 2148 1178 τοῦ
2175 1129 2484 1193 Μωῦσέως,
2510 1132 2584 1194 ὠς
2607 1131 2857 1198 ἐξουσίαν
2884 1133 3138 1197 λαϐόντος
3166 1135 3270 1186 ἀπὸ
3289 1134 3449 1188 θεοῦ.

1869 1219 2027 1270 Μετὰ
2070 1220 2322 1275 δὲταῦτα
2354 1224 2614 1287 ἐξέϐαλεν
2644 1227 2671 1276 6
2699 1225 2948 1292 Μωῦσῆς
2985 1226 3122 1294 μετὰ
3159 1226 3450 1296 βραχίονος

1871 1310 2082 1380 ὑψηλοῦ
2115 1314 2176 1365 τὸ
2211 1316 2366 1382 γένος
2417 1318 2525 1368 τῶν
2576 1317 2852 1388 Ἐϐραίων
2886 1324 2949 1372 ἐκ
3007 1322 3114 1388 γῆς
3171 1324 3448 1391 Αἰγύπτου

1871 1407 1968 1459 καὶ
1996 1407 2096 1473 τῆς
2117 1407 2370 1471 δουλείας
2396 1409 2492 1462 τοῦ
2540 1410 2765 1480 Φαραὼ,
2794 1413 3136 1478 καταδιώξας
3178 1414 3222 1466 δ’
3253 1415 3446 1475 αὐτοὺς

1867 1500 1894 1548 6
1926 1497 2128 1565 Φαραὼ
2161 1499 2450 1568 ἐποντίσθη
2489 1502 2545 1551 ἐν
2573 1505 2637 1570 τῇ
2703 1503 2944 1574 Ἐρυθρᾷ
2996 1503 3246 1575 θαλάσσῃ
3307 1505 3449 1574 μετὰ

1871 1590 2056 1656 πάσης
2117 1591 2213 1658 τῆς
2274 1594 2537 1659 στρατιᾶς
2576 1595 2742 1647 αὐτοῦ
2806 1599 2960 1666 παρὰ
2999 1596 3094 1648 τοῦ
3152 1596 3447 1659 Μωῦσέως.

1868 1682 2021 1734 Μετὰ
2058 1684 2114 1735 δὲ
2151 1683 2325 1736 ταῦτα
2362 1689 2691 1747 περιεπάτει
2755 1691 2812 1740 ἐν
2847 1693 2912 1757 τῇ
2965 1691 3158 1759 ἐρήμῳ
3224 1691 3450 1758 χρόνους

1867 1775 2284 1843 τεσσαράκοντα
2324 1778 2494 1830 ποιῶν
2529 1780 2783 1848 θαύματα
2817 1783 3044 1850 ἄπειροι.
3088 1781 3254 1834 Ἀλλὰ
3285 1782 3447 1853 342

1869 1869 1963 1921 καὶ
1997 1869 2228 1921 ἐνώπιον
2260 1873 2481 1923 πάντων
2520 1873 2629 1924 τῶν
2670 1873 2944 1943 Ἐϐραίων
3006 1876 3176 1942 ἀνέϐη
3235 1878 3261 1927 6
3294 1874 3452 1928 Μωῦ-

1803 1955 1842 2011 Β
1875 1959 1975 2025 σῆς
2005 1961 2101 2012 ἐπὶ
2130 1961 2226 2012 τοῦ
2259 1962 2418 2029 ὅρους
2456 1964 2606 2025 Σινά,
2653 1966 2921 2018 εἰπόντων
2955 1955 3121 2017 τοῦτο’
3149 1966 3257 2016 τῶν
3322 1968 3450 2018 Ίου⁶

1865 2051 2034 2104 δαίων
2068 2054 2206 2120 πρὸς
2261 2055 2427 2106 αὐτὸν
2483 2056 2564 2108 ὅτι
2630 2050 2920 2109 Ἀνάϐαινε
2957 2060 3034 2118 εἰς
3076 2057 3135 2109 τὸ
3188 2057 3311 2125 ὅρος
3356 2058 3449 2111 καὶ

1865 2145 2038 2210 γνῶθι
2063 2148 2123 2198 τὸ
2159 2147 2250 2198 τοῦ
2275 2147 2414 2199 εὶεοῦ
2444 2147 2695 2217 θέλημα·
2739 2154 2903 2222 ἡμεῖς
2946 2152 3054 2222 γὰρ
3101 2152 3287 2220 φωνὴν
3311 2151 3446 2204 Θεοῦ

1863 2236 2099 2290 ἀκοῦσαι
2133 2238 2196 2290 οὐ
2249 2241 2555 2309 δυνάμεθα.
2607 2244 2818 2312 μήποτε
2854 2245 3288 2313 τελευτήσωμεν.
3338 2247 3446 2300 Καὶ

1864 2331 1892 2382 6
1923 2330 2053 2393 λαὸς
2084 2332 2274 2384 ἵστατο
2308 2334 2591 2402 μακρόθεν
2617 2336 2714 2388 τοῦ
2749 2337 2910 2406 ὅρους
2978 2339 3117 2406 μετὰ
3156 2338 3323 2404 φόϐου
3353 2339 3449 2391 καὶ

1865 2423 2075 2490 τρόμου
2110 2425 2554 2490 προσκυνοῦντες
2616 2425 2695 2495 τῷ
2755 2427 2872 2495 Θεῷ
2929 2428 3007 2497 τῷ
3059 2428 3312 2481 λαλοῦντι
3370 2429 3448 2497 τῷ

1865 2511 2078 2581 Μινῦσῇ
2106 2525 2120 2540 ⁸
2151 2515 2178 2564 ὁ
2211 2513 2266 2564 δέ
2305 2513 2541 2583 Μωῦσῆς
2581 2514 2798 2568 ἀκούων
2826 2516 2954 2578 τοὺς
2981 2517 3173 2584 λόγους
3189 2517 3282 2570 τοῦ
3309 2517 3446 2570 Θεοῦ

1864 2602 2018 2670 ἔλεγε
2078 2603 2308 2667 τούτους
2372 2609 2485 2668 τοῖς
2545 2607 2852 2675 Ἑϐραίοις,
2902 2610 2999 2662 καὶ
3055 2608 3342 2677 παρευθῦς
3387 2611 3448 2662 τὸ

1864 2692 2104 2764 λαληθὲν
2137 2695 2469 2765 ἐπληροῦτο.
2497 2697 2644 2750 Ἀλλ’
2697 2701 2957 2752 οὐδέποτε
3004 2702 3268 2769 ἐκίνησαν
3317 2703 3447 2765 τοῦς

1865 2788 2292 2856 τεσσαράκοντα
2331 2791 2559 2859 χρόνους
2591 2792 2701 2844 ἀπὸ
2724 2792 2816 2845 τοῦ
2845 2794 3018 2846 τόπου
3081 2794 3262 2846 αὐτῶν
3311 2792 3446 2846 ἄνευ

1865 2877 2030 2945 λόγου
2071 2881 2168 2932 τοῦ
2200 2881 2358 2934 Θεοῦ.
2389 2885 2635 2952 Μωῦσῆς
2661 2885 2794 2955 γὰρ,
2825 2886 2990 2954 φησὶν
3025 2887 3056 2954 ἠ
3087 2885 3304 2956 Γραφὴ,
3327 2887 3450 2940 ἐλά·

1864 2969 1970 3031 λει,
2005 2972 2101 3023 καὶ
2130 2975 2158 3025 6
2193 2972 2329 3034 Θεὸς
2359 2975 2700 3046 ἁπεκρίνατο
2728 2981 2904 3048 φωνῇ.
2955 2979 3106 3031 Μετὰ
3155 2978 3289 3045 γοῦν
3335 2977 3448 3030 τῶν

1865 3062 2082 3116 πολλῶν
2136 3067 2459 3135 μαρτυριῶν
2487 3083 2548 3120 τε
2585 3068 2681 3121 καὶ
2732 3068 3030 3138 θαυμάτων
3080 3070 3310 3134 ἐξέδωκε
3355 3070 3446 3122 τον

1863 3154 2027 3224 νόμον
2059 3159 2172 3220 τοῖς
2200 3157 2503 3224 Ἰουδαίοις,
2531 3164 2626 3214 καὶ
2662 3162 3117 3227 ἐδέξαντοτοῦτον
3154 3163 3249 3216 καὶ
3269 3179 3444 3234 προσ-

1863 3248 2163 3319 εκύνησαν,
2192 3253 2285 3303 καὶ
2326 3253 2640 3322 παρέλαϐον
2663 3256 2755 3309 τὸν
2788 3257 2942 3327 παρὰ
3007 3257 3102 3309 τοῦ
3161 3255 3446 3318 Μωῦσέως

1859 3341 2085 3396 δοθέντα
2113 3343 2281 3414 νόμον
2305 3344 2382 3408 ὡς
2426 3345 2522 3400 τοῦ
2560 3347 2701 3401 Θεοῦ
2735 3349 2919 3420 νόμον.

1859 3528 2026 3589 atque
2060 3519 2356 3593 Egyptum
2391 3525 2568 3594 plagis
2601 3526 2918 3595 ingentibus
2943 3533 3255 3604 castigavit,
3315 3549 3444 3601 per-

1861 3615 2056 3667 terruit
2083 3625 2137 3668 ct
2168 3615 2400 3680 domuit,
2441 3632 2502 3670 ac
2551 3617 2734 3672 futura
2793 3630 2850 3675 ut
2880 3626 3142 3692 pmpheta
3174 3627 3444 3694 praedixit,

1861 3705 1934 3759 ita
1992 3705 2264 3762 locutus:
2329 3708 2419 3763 «Si
2486 3711 2821 3767 dimissurus
2869 3729 2928 3768 es
3000 3718 3263 3785 populum
3319 3718 3442 3785 Dei,

1859 3799 2074 3852 dimitte
2102 3814 2227 3854 eum
2259 3816 2274 3866 ;
2309 3799 2392 3855 sin
2421 3803 2627 3868 minus,
2660 3804 2750 3858 illa
2783 3808 2864 3860 vel
2897 3808 2984 3860 illa
3045 3809 3142 3862 tibi
3203 3823 3254 3865 et
3295 3814 3443 3866 omni

1858 3891 2098 3965 Egypto
2123 3905 2381 3951 eventura
2412 3909 2594 3952 sunt.»
2640 3902 2814 3970 Atque
2868 3903 3140 3972 pollicitus
3203 3905 3444 3969 Pharao,

1862 3987 2141 4042 facturum
2187 4004 2246 4044 se
2265 3990 2483 4060 jussum
2521 3991 2759 4056 Domini,
2797 3995 3032 4063 benigne
3086 3997 3306 4052 habitus
3357 4012 3445 4054 est

1859 4093 1889 4131 a
1932 4078 2137 4148 Moyse,
2167 4083 2254 4134 cui
2288 4082 2362 4135 ita
2389 4082 2622 4138 faciendi
2650 4102 2676 4137 a
2711 4085 2821 4140 Deo
2863 4087 2986 4140 data
3022 4098 3138 4142 erat
3173 4099 3439 4158 potestas.

1859 4169 1991 4224 Post
2021 4172 2135 4226 haec
2171 4172 2382 4244 Moyses
2412 4177 2565 4244 gravi
2629 4177 2853 4232 brachio
2915 4189 3130 4245 gentem
3182 4180 3441 4236 llebrzeo-

1861 4279 1982 4318 rum
2012 4281 2079 4318 ex
2122 4265 2355 4336 Egypto
2384 4277 2438 4320 et
2481 4270 2708 4323 servitio
2767 4270 3070 4326 Pharaonis
3127 4274 3336 4336 eduxit,
3389 4284 3443 4328 et

1859 4368 2274 4426 persequentem
2304 4374 2400 4413 eos
2428 4360 2767 4415 Pharaonem
2831 4377 2954 4416 cum
3020 4373 3130 4416 toto
3194 4367 3439 4419 exercitu

1860 4447 1977 4515 ejus
2010 4448 2063 4502 in
2102 4451 2234 4503 mari
2268 4449 2458 4506 Rubro
2483 4453 2804 4507 submersit.
2836 4455 3043 4508 Deinde
3097 4456 3152 4510 in
3209 4459 3436 4527 regione

1861 4538 2078 4595 deserta
2146 4557 2324 4598 annos
2416 4545 2789 4617 quadraginta
2865 4549 3132 4603 oberrans
3181 4553 3440 4606 miracula

150 4639 257 4692 sed
301 4641 590 4706 expulsum
616 4654 738 4694 esse
761 4653 828 4694 εχ
871 4639 1170 4710 evangelio
1229 4643 1433 4698 invidia
1482 4644 1750 4699 Chl-igua-
1783 4642 1833 4700 ι)
1861 4631 2150 4686 innumera
2181 4634 2372 4688 edidit.
2397 4637 2463 4689 Et
2493 4653 2625 4690 vero
2685 4655 2870 4692 coram
2925 4642 3141 4695 CllllCllS
3197 4639 3438 4697 llebraris

150 4743 391 4787 norum.
432 4744 551 4798 age,
593 4729 757 4783 etiam
789 4731 856 4784 de
885 4733 986 4784 lzac
1028 4748 1084 4785 re
1107 4732 1394 4787 videamus
1425 4751 1439 4786 :
1475 4749 1540 4786 ac
1582 4750 1749 4803 spero

146 4822 442 4891 equidem.
474 4831 664 4875 verum
693 4837 798 4874 non
833 4821 887 4875 in
914 4823 1131 4876 occulto
1162 4823 1302 4888 fore,
1336 4824 1499 4878 modo
1545 4835 1750 4879 attente

143 4913 385 4967 audias.
425 4911 562 4967 Tres
587 4912 929 4981 legislatores
953 4922 1103 4980 sunt,
1143 4915 1238 4984 qui
1263 4917 1410 4985 leges
1463 4917 1748 4985 generales

146 5005 619 5061 constituerunt:
680 5003 916 5075 Moyses.
975 5020 1137 5076 quem
1191 5005 1548 5062 Hebraeorum
1600 5011 1748 5061 natio

149 5108 358 5150 secuta
392 5105 514 5164 est;
549 5097 829 5162 Christus,
896 5113 1060 5166 quem
1126 5099 1330 5154 secutae
1375 5108 1504 5154 sunt
1555 5115 1748 5155 omnes

147 5199 356 5252 gentes
378 5198 432 5244 et
458 5190 637 5259 major
663 5206 790 5260 pars
849 5188 1226 5253 Hebraeorum,
1286 5192 1351 5245 ad
1410 5192 1573 5246 tidem
1619 5195 1742 5262 ejus

144 5297 456 5346 conversa,
508 5282 777 5352 siquidem
810 5287 902 5352 qui
947 5283 1106 5337 tidem
1158 5285 1277 5354 ejus
1338 5300 1449 5339 non
1506 5287 1744 5355 amplexi

140 5385 294 5429 sunt
325 5373 520 5440 Judazi,
554 5376 622 5429 iis
650 5376 742 5446 qui
771 5390 890 5430 eam
927 5375 1161 5444 amplexi
1197 5387 1348 5441 sunt,
1378 5377 1539 5448 longe
1599 5394 1737 5447 pau-

132 5471 344 5523 ciores
367 5477 495 5521 sunt
524 5477 598 5532 et,
631 5483 799 5537 prope
816 5467 1016 5535 dicam,
1036 5467 1180 5522 facili
1199 5483 1365 5537 opera
1393 5472 1740 5536 numerandi;

134 5573 328 5628 atque
358 5560 712 5623 blohametes,
746 5577 909 5630 quem
953 5561 1287 5616 musultnani
1345 5564 1525 5618 secuti
1588 5573 1740 5619 sunt.

129 5664 363 5724 praeter
401 5655 500 5708 bos
533 5664 664 5717 tres,
699 5653 791 5722 qui
825 5653 996 5722 legem
1047 5654 1397 5708 constituerit
1421 5670 1485 5708 ac
1533 5656 1740 5710 docue-

131 5747 248 5810 rit,
291 5759 458 5799 nctno
490 5755 598 5801 est.
626 5743 743 5798 Jam
776 5744 1012 5814 Moysen:
1049 5747 1268 5815 quidem
1293 5762 1321 5799 a
1351 5746 1461 5800 Deo
1511 5748 1740 5802 missum

125 5852 304 5897 esse.
339 5838 393 5890 in
417 5836 670 5891 confesso
707 5847 811 5891 est.
845 5835 1042 5890 Statim
1070 5838 1138 5891 ab
1189 5837 1368 5904 initio,
1420 5854 1544 5893 cum
1598 5849 1743 5894 esset

125 5930 342 5986 adhuc
375 5928 702 6001 iangypto,
745 5927 899 6000 signa
944 5938 998 5984 ct
1024 5929 1289 5985 miracula
1315 5944 1508 6000 magna
1564 5929 1736 5985 edidit

1861 4723 1917 4776 in
1946 4734 2186 4778 montem
2225 4725 2353 4779 Sina
2389 4729 2656 4794 ascendit,
2682 4727 2889 4784 Iudaeis
2923 4732 2994 4784 ita
3043 4748 3168 4785 eum
3228 4733 3436 4786 cohor-

1860 4817 1986 4870 tatis
2018 4833 2033 4870 :
2079 4816 2357 4874 «Ascende
2393 4821 2446 4872 in
2481 4832 2722 4876 montem
2749 4832 2802 4876 et
2837 4825 2994 4878 disce
3044 4824 3135 4878 Dei
3171 4825 3393 4878 volunta
3418 4854 3437 4864 -

1858 4915 2001 4975 tem;
2029 4924 2129 4962 nos
2161 4911 2306 4964 enim
2337 4927 2526 4965 vocem
2561 4913 2655 4968 Dei
2694 4917 2886 4971 audire
2917 4933 3023 4970 non
3070 4918 3432 4983 sostiuemus,

1858 5014 1927 5053 ne
1962 5001 2288 5056 moriamur.
2327 5020 2344 5052 ι
2385 5002 2575 5068 Itaque
2625 5005 2860 5073 populus
2915 4997 3105 5075 procul
3166 5022 3194 5060 a
3253 5016 3437 5060 monte

1857 5092 2133 5159 adstabat,
2165 5110 2289 5146 cum
2321 5103 2468 5148 metu
2495 5108 2560 5148 ac
2595 5106 2837 5150 tremore
2866 5095 3038 5152 Deum
3067 5114 3190 5153 cum
3247 5099 3436 5172 Moyse

1855 5187 2252 5254 colloquentem
2282 5189 2594 5245 adorantes.
2633 5193 2842 5262 Moyses
2883 5197 3064 5248 audita
3117 5197 3279 5250 verba
3339 5196 3434 5251 Dei

1855 5278 2038 5330 statim
2085 5281 2512 5334 communicavit
2570 5299 2694 5334 tum
2749 5281 3013 5348 llebrzeis,
3064 5287 3439 5358 mandataque

1856 5367 2002 5422 illico
2045 5368 2160 5423 ﬁeri
2197 5383 2374 5440 empta
2429 5383 2579 5426 sunt.
2609 5371 2716 5428 Nec
2747 5387 2844 5443 per
2868 5384 3012 5430 totos
3045 5377 3166 5431 illos
3189 5381 3434 5448 quadra-

1853 5461 2003 5528 ginta
2027 5476 2200 5517 annos
2231 5472 2413 5517 castra
2447 5475 2740 5521 moverunt
2764 5468 2976 5536 iniussu
3011 5466 3250 5524 Domini.
3277 5471 3433 5544 Moy-

1853 5567 1944 5606 ses
1964 5554 2130 5615 enim,
2160 5557 2236 5608 ait
2267 5554 2576 5624 Scriptura,
2615 5559 2964 5628 loquebatur,
3026 5577 3092 5616 ac
3142 5562 3284 5617 Deus
3343 5579 3432 5620 re-

1851 5645 2162 5712 spondebat
2183 5663 2337 5704 voce.
2372 5651 2562 5706 Multis
2593 5652 2759 5721 igitur
2791 5669 2914 5708 cum
2976 5656 3150 5726 signis
3175 5665 3227 5710 et
3256 5659 3428 5715 mira-

1851 5736 1990 5790 culis
2017 5737 2187 5807 legem
2219 5739 2424 5796 Judris
2448 5743 2616 5809 dedit,
2653 5761 2818 5816 quam
2860 5748 2936 5801 illi
3001 5756 3336 5822 acceperunt
3379 5762 3434 5822 οι

1849 5837 2192 5892 adorarunt:
2219 5843 2574 5914 veneratique
2605 5856 2734 5902 sunt
2772 5847 2948 5917 legem
2985 5861 3013 5902 a
3037 5845 3224 5919 Moyse
3250 5817 3430 5932 datam

1849 5939 1908 5988 ut
1941 5931 2128 6002 ‘legem
2168 5932 2282 5989 Dei.
