3962 6550
524 357 632 420 931

1743 348 2070 410 GEORGII
2112 347 2538 410 PHRANTZIF.

3645 339 3742 407 932

521 464 657 516 θωσι
679 457 1090 527 Μουσουλμάνοι
1116 457 1251 526 πρὶς
1287 456 1524 527 πόλεμον
1550 458 1644 511 καὶ
1673 459 1732 512 ἓν
1753 458 1834 527 τῷ
1864 459 2088 527 πολεμῳ
2113 464 2162 525 Α
2191 459 2318 522 τοὺς
2349 459 2504 520 θεοὺς
2526 457 2860 526 ἀπέρχονται
2887 457 2982 510 καὶ
3011 458 3155 528 μετά
3176 458 3287 510 τῶν
3317 456 3461 510 θεῶν
3489 457 3749 527 εὑρίσκον-

520 555 664 624 πέσῃ
694 550 885 614 τιτσέξ
933 549 1137 613 αὐτῶν,
1176 551 1240 604 οὗ
1279 549 1592 619 λογίζονται
1638 552 1869 614 ἑαυτοὺς
1899 552 2084 616 ἀξίους

521 647 783 715 μέμψεως
802 644 878 705 ὡς
902 644 1110 705 αἰτίους
1138 642 1233 695 τοῦ
1264 644 1525 712 πολέμου,
1544 643 1660 696 ἀλλ’
1687 644 1782 696 ἐπὶ
1808 644 1869 695 τὸ
1893 644 2088 711 νεκρον

517 741 676 806 σῶμα
707 737 800 790 τοῦ
842 726 1196 798 πεπτωκότος
1219 739 1525 805 arpis-coast
1555 735 1792 800 ζῶντας,
1832 738 1988 798 ὅσους
2021 735 2088 788 ἀν

515 831 718 900 δυνηθῇ
754 831 980 888 ἕκαστος
1002 846 1016 860 ο
1048 829 1140 880 καὶ
1168 830 1292 880 ὅσον
1323 828 1545 890 πλείους
1578 830 1803 898 κτείνει,
1833 827 2088 880 τοσοῦτον

514 923 821 990 λογίζονται
855 920 1124 985 ὠφέλειαν
1167 921 1266 987 τῆς
1313 917 1410 970 τοῦ
1453 918 1751 981 τεθνεῶτος
1796 917 1996 988 ψυχῆς.
2025 918 2086 970 Εἰ

513 1015 713 1076 δ’ἴσως
757 1013 857 1064 οὐκ
901 1013 1012 1083 ἔχει
1070 1011 1394 1080 ἀνθρώπους
1442 1012 1522 1073 εἰς
1571 1001 1828 1075 ἔξουσῖαν
1865 1010 2032 1062 αὑτοῦ
2060 1011 2088 1062 6

517 1106 841 1175 βουλόμενος
876 1105 1139 1175 βοηθῆσαι
1172 1107 1238 1170 τῇ
1273 1103 1367 1155 τοῦ
1398 1103 1694 1166 τεθνεῶτος
1723 1103 1892 1172 ψυχῇ.
1947 1102 2084 1167 tito-

520 1200 1092 1268 νεῐταιΧριστιανοὺς,
1129 1197 1288 1266 εἴπερ
1336 1196 1508 1263 εὕροι,
1548 1199 1642 1250 καὶ
1690 1198 1723 1266 ἧ
1774 1197 1959 1249 ἐπάνω
1991 1197 2086 1250 τοῦ

515 1292 712 1359 νεκροῦ
769 1291 1018 1354 σώματος
1071 1291 1299 1356 σφάττει
1351 1290 1548 1350 αὐτοὺς
1587 1289 1620 1358 ἦ
1669 1289 1762 1342 ἐπὶ
1807 1289 1886 1359 τῷ
1931 1289 2088 1356 τάφῳ

517 1385 705 1438 αὐτοῦ.
745 1384 855 1435 Kal
903 1384 931 1435 ὁ
993 1381 1167 1433 ταῦτα
1226 1380 1531 1449 νομοθετῶν
1586 1381 1702 1442 πῶς
1755 1381 1862 1434 ἀπὸ
1915 1380 2084 1444 ϐεοῦς

519 1479 639 1529 Ἔτι
679 1477 962 1544 νομοθετεῖ
1006 1477 1088 1527 ὅτι
1131 1476 1159 1528 6
1196 1476 1320 1537 δοὺς
1364 1477 1428 1544 τῇ
1478 1475 1650 1546 πόρνῃ
1698 1473 1959 1544 μξσθωμα
1990 1475 2088 1526 καὶ

515 1568 804 1636 κοιμηθεὶς
845 1566 961 1634 μετ’
995 1567 1166 1634 αὐτῆς
1195 1566 1293 1635 οὐχ
1321 1566 1633 1636 ἁμαρτάνει
1657 1582 1669 1595 ·
1715 1567 1811 1618 καὶ
1838 1567 1866 1616 6
1887 1564 2087 1635 βιασά-

518 1677 676 1730 μενος
707 1659 974 1728 παρθένον
1006 1656 1338 1726 ἁμαρτάνει,
1363 1658 1390 1708 6
1421 1657 1478 1707 δὲ
1512 1657 1652 1723 μετά
1681 1656 1781 1724 τῆς
1809 1655 2087 1724 θελήσεως

516 1755 688 1820 αὐτῆς
742 1752 1026 1820 κοιμηθεὶς
1066 1749 1184 1818 μετ’
1231 1750 1402 1818 αὐτῆς
1451 1749 1550 1816 οὐχ
1599 1748 1950 1817 ἁμαρτάνεις·
1989 1747 2087 1800 καὶ

520 1848 613 1900 ἐὰν
641 1844 1047 1914 αἰχμαλωτίδας
1081 1860 1165 1905 τις
1191 1843 1329 1911 λάϐῃ
1379 1843 1437 1894 ὲν
1471 1841 1714 1909 πολέμῳ,
1751 1839 1966 1904 ἔξεστιν
1999 1841 2087 1894 ἐπ’

519 1938 712 1997 αὐταῖς
775 1934 998 2003 ποιῆσαι
1045 1933 1073 1983 ὃ
1132 1931 1380 2000 βούλεται
1441 1929 1763 1990 ἀκωλύτως.
1839 1930 1898 1981 Ὀ
1961 1929 2092 1997 γοῦν

525 2028 784 2098 πορνείας
828 2028 922 2080 καὶ
975 2024 1444 2096 παρθενοφθορὲας
1491 2022 1798 2092 νομοθετῶν
1843 2021 1960 2085 πῶς
1986 2021 2093 2076 ἀπὸ

520 2118 657 2172 Θεοῦ
684 2138 696 2184 ;

592 2209 705 2260 Καὶ
737 2207 797 2259 τὸ
825 2207 888 2274 δὴ
935 2206 1213 2276 χεὲριστον
1251 2204 1333 2257 ὅτι
1364 2206 1488 2266 τοὺς
1523 2205 1668 2258 κατὰ
1693 2204 1792 2274 τὴν
1820 2204 2093 2274 ἀποδοχὴν

512 2304 611 2358 τοῦ
644 2302 779 2357 Θεοῦ
809 2301 1289 2371 περιπατήσαντας
1312 2301 1367 2353 ὲν
1392 2299 1470 2367 τῷ
1506 2300 1735 2370 παρόντι
1762 2301 1921 2353 αἰῶνι
1945 2299 2092 2370 μετὰ

517 2400 618 2469 τὴν
666 2397 852 2450 ἐνθάδε
909 2395 1212 2450 ἁποὸίωσιν
1273 2392 1454 2446 αὐτῶν
1503 2393 1705 2463 λουτρά
1765 2395 1863 2445 καὶ
1906 2393 2092 2456 οἴκους

521 2489 874 2560 περικαλλεῖς
929 2488 1024 2540 καὶ
1073 2489 1341 2555 γυναῖκας
1393 2486 1699 2554 παρθένους
1747 2485 1829 2537 ὅτι
1891 2483 2095 2546 πολλὰς

519 2584 863 2651 ὑπισχνεῖται
912 2578 1236 2649 δοθήσεσθαι
1283 2579 1500 2648 ἑκάστῳ
1533 2577 1700 2650 348
1749 2576 1901 2644 παρά
1934 2575 2093 2628 Θεοῦ.

518 2675 628 2726 Kal
657 2675 796 2742 ὅπερ
849 2673 896 2724 οἱ
936 2670 1044 2723 τῶν
1079 2669 1484 2738 εἰδωλολατρῶν
1527 2668 1798 2738 Ἑλλήνων
1833 2667 2096 2737 ὀνομαζό-

522 2781 671 2834 μενοι
696 2764 935 2830 θεολὸγοι
964 2765 1066 2817 οὐκ
1101 2759 1256 2816 εἷπον
1287 2761 1408 2812 οὐδὲ
1443 2762 1704 2829 ἐνόμισαν
1735 2755 1898 2825 εἶναι,
1922 2759 2095 2812 ταῦτα

517 2859 544 2908 6
567 2856 812 2925 Μωάμεθ
841 2855 1354 2924 ἀνακεκαλυμμένῳ
1379 2853 1452 2923 τῷ
1481 2853 1758 2923 προσώπῳ
1786 2852 2092 2920 νομοθετεῖ.

530 2950 760 3002 Ἐκεῖνοι
796 2950 906 3019 γὰρ
946 2947 1120 3010 οὕτως
1148 2948 1421 3013 λέγουσιν,
1461 2949 1543 3000 ὅτι
1587 2947 1638 2998 οἱ
1670 2946 1769 3017 μὲν
1800 2945 1979 3008 καλῶς
2015 2947 2098 2997 ὲν.

521 3040 649 3094 θάδε
705 3041 1047 3110 βιώσαντες,
1115 3039 1253 3092 ὲπάν
1309 3038 1630 3091 ἀποθάνωσι
1685 3038 1784 3090 καὶ.
1837 3036 2094 3107 καθαρῶς

2189 567 2282 613 ται
2315 551 2395 611 εἰς
2442 549 2540 611 τὰς
2582 550 2692 601 τῶν
2726 551 3016 620 μακαρίων
3069 552 3269 620 νήσους
3300 549 3400 604 καὶ
3433 550 3550 620 μετ’
3580 552 3753 605 αὐτῶν

2192 641 2625 709 συναγάλλονται
2657 659 2670 670 ·
2694 641 2801 694 τῶν
2863 643 2918 695 δὲ
2973 643 3159 706 κακῶς
3206 643 3394 697 ἐνθάδε
3448 643 3753 712 βιωσάντων

2190 733 2286 786 καὶ
2332 732 2656 802 ἀκαθάρτων
2697 736 2794 786 καὶ
2848 735 3281 804 μεμολυσμένων
3323 736 3671 790 ἀπελθόντων
3701 740 3752 789 αἱ

2188 823 2398 876 τούτων
2427 824 2598 893 ψυχαὶ
2627 827 2704 885 εἰς
2743 824 3006 892 ζοφώδεις
3035 828 3128 879 καὶ
3156 829 3474 890 σκοτεινοὺς
3500 829 3753 899 ἀπέρχον-

2189 934 2278 970 ται
2318 918 2519 980 τόπους
2561 921 2653 970 καὶ
2705 921 2784 982 εἰς
2841 919 2934 971 τὸν
2987 921 3252 995 ποταμὸν,
3287 921 3380 973 τὸν
3429 923 3757 991 Πυριφλεγέ-

2191 1010 2374 1065 θοντα.
2409 1012 2515 1063 Kal
2564 1011 2614 1063 oi
2661 1011 2764 1080 μὲν
2819 1011 3211 1081 εἰδωλολάτραι
3261 1012 3527 1084 Ἕλληνες
3577 1015 3756 1082 ἔλεγον

2189 1101 2363 1155 ταῦτα
2384 1117 2398 1131 ⁶
2431 1104 2458 1156 6
2488 1101 2545 1154 δὲ
2578 1101 2931 1170 Μωάμεθ,ὂς
2962 1103 3220 1171 ὀνομάζει
3252 1105 3453 1158 ἑαυτὸν
3485 1105 3758 1175 ὀρθὸδοξον

2189 1191 2285 1245 καὶ
2358 1192 2587 1263 πλησίον
2648 1191 2746 1257 τοῦ
2796 1193 2931 1246 Θεοῦ
2991 1195 3423 1264 εὑρισκόμενον,
3479 1198 3630 1265 λέγει
3673 1201 3757 1251 καὶ

2190 1285 2476 1354 νομοθετεί
2533 1285 2762 1338 τοιαῦτα
2822 1287 3156 1357 ἀτοπήματα
3211 1291 3438 1359 αἰσχρὰ,
3507 1292 3607 1344 καὶ
3662 1291 3756 1342 οὐκ

2189 1377 2304 1448 ἔχει
2348 1379 2656 1448 ἐνθύμησιν
2712 1379 2850 1442 ὅλως
2899 1381 2984 1432 ὅτι
3031 1381 3207 1433 ταῦτα
3260 1385 3440 1436 πάντα
3470 1383 3646 1452 ὀργῆς
3674 1389 3758 1436 καὶ

2189 1471 2542 1544 ἀποστροφῆς
2582 1471 2719 1541 ἔργα
2770 1471 2992 1539 καὶτῆς
3021 1473 3299 1550 ἀμδαρτὶας
3340 1475 3756 1544 ἀποτελέσματά

2188 1565 2320 1617 εἰσι.
2372 1563 2484 1632 Πρὸ
2521 1565 2630 1632 γὰρ
2673 1565 2776 1634 τῆς
2823 1566 3192 1636 παραϐάσεως
3237 1569 3331 1620 καὶ
3363 1568 3644 1637 ἁμαρτίας
3667 1569 3756 1620 τοῦ

2203 1657 2374 1724 ’Δδάμ
2437 1656 2540 1709 ποῦ
2589 1657 2815 1728 λουτρὰ,
2872 1659 2978 1713 ποῦ
3035 1659 3171 1722 ὅλως
3230 1662 3535 1730 οἰκήματα,
3574 1661 3679 1713 ποῦ
3709 1666 3758 1713 αἱ

2193 1748 2385 1802 πολλαὶ
2417 1751 2710 1816 γυναῖκες;
2736 1751 2898 1804 Ἀλλὰ
2933 1751 3072 1820 μετά
3098 1750 3196 1821 τὴν
3234 1753 3515 1822 ἁμαρτίαν
3547 1759 3641 1805 καὶ
3665 1754 3756 1824 την

2197 1841 2441 1911 κατάραν
2471 1843 2748 1913 ἐπανέστη
2774 1843 2833 1895 τὸ
2864 1843 3026 1912 σῶμα
3052 1845 3243 1914 ὥσπερ
3277 1845 3467 1914 θηρίον
3495 1845 3642 1899 κατά
3668 1847 3757 1913 τῆς

2193 1933 2371 2002 ψυχῆς
2431 1935 2532 2002 τῆς
2586 1935 2661 2004 μὴ
2712 1934 2947 2006 ἐχούσης
2999 1935 3308 1999 καθολικῶς
3357 1935 3460 2003 τὴν
3505 1937 3602 1990 τοῦ
3630 1938 3756 1991 Θεοῦ

2195 2026 2508 2096 ἐπίσκεψιν.
2546 2028 2766 2096 ’ἰσχυσε
2808 2028 2869 2080 τὸ
2929 2028 3112 2098 σῶμα,
3146 2029 3244 2082 καὶ
3302 2030 3622 2084 κατέσπασε
3666 2032 3756 2099 τὴν

2193 2118 2376 2188 ψυχὴν
2412 2120 2521 2172 ἀπὸ
2544 2121 2636 2172 τοῦ
2675 2119 2844 2190 ὕψους
2874 2121 2971 2174 καὶ
3004 2121 3100 2174 τοῦ
3135 2123 3436 2192 μεγαλείου
3468 2125 3642 2193 αὐτῆς
3669 2126 3754 2177 καὶ

2197 2213 2512 2278 κατήγαγεν
2543 2211 2625 2271 εἰς
2652 2211 2751 2271 τὰς
2784 2211 3134 2280 παραλόγους
3179 2211 3276 2264 καὶ
3304 2213 3548 2282 ματαίας
3582 2232 3755 2283 σωμαο

2196 2302 2354 2363 τικάς
2400 2300 2695 2369 ἐπιθυμίας
2722 2304 2817 2356 καὶ
2849 2303 3041 2372 ἡδονάς
3066 2321 3082 2336 ·
3114 2305 3208 2358 καὶ
3255 2304 3447 2374 ὥσπερ
3495 2306 3757 2375 ἀνδράπο-

2195 2389 2306 2457 δον,
2330 2389 2504 2453 οὕτως
2538 2390 2922 2461 κατεδουλώθη
2959 2394 2991 2462 ὴ
3025 2391 3175 2463 ψυχὴ
3203 2394 3283 2455 εἰς
3311 2394 3413 2453 τὰς
3447 2394 3754 2464 σωματικὰς

2196 2480 2445 2550 ὀρέξεις-⁸
2490 2483 2538 2534 εἰ
2573 2481 2705 2549 γοῦν
2738 2481 2881 2551 μετά
3143 2482 3242 2552 τὴν
3285 2484 3350 2536 ὲκ
3395 2486 3613 2555 νεκρῶν
3641 2487 3754 2538 ἀνὰ·

2198 2589 2387 2625 στασιν
2433 2573 2585 2626 οὐδὲν
2627 2573 2919 2643 μέλλουσιν
2975 2575 3162 2643 ε’ὑρεῖν
3208 2576 3257 2626 οἱ
3311 2577 3457 2630 κατὰ
3497 2579 3754 2646 ἀποδοχὴν

2197 2663 2290 2716 τοῦ
2337 2664 2469 2717 θεοῦ
2520 2665 2976 2733 πολιτευσάμενοι
3021 2666 3299 2736 ἀνθρωττοι
3354 2668 3456 2738 τὴν
3495 2671 3755 2736 μακαρίαν

2198 2757 2417 2823 ἐκείνην
2451 2756 2596 2824 ζωὴν
2644 2758 2710 2826 ῆν
2733 2759 2760 2809 6
2787 2758 3094 2828 προπάτωρ
3123 2757 3270 2829 εἶχεν
3300 2760 3476 2830 Ἀδὰμ
3517 2765 3625 2832 πρὸ
3669 2763 3755 2824 τῆς

2212 2848 2586 2917 παραϐάσεως
2635 2850 2729 2900 καὶ
2753 2850 3060 2913 ἀπώλεσεν,
3095 2852 3231 2902 ἀλλὰ
3268 2852 3433 2903 πάλιν
3464 2851 3565 2922 τὴν
3600 2853 3758 2920 azitr‘,»

2200 2939 2348 3008 ζωὴν
2399 2939 2656 3011 μέλλουσι
2714 2939 2898 3011 εὑρεῖν
2951 2941 3016 3012 ἢν
3047 2936 3159 3012 εἶχε
3199 2943 3341 3012 μετὰ
3367 2943 3466 3013 τὴν
3497 2945 3758 3013 κατάραν,

2198 3033 2320 3084 οὐαὶ
2346 3037 2460 3095 τοῖς
2495 3033 2809 3103 ἀνθρώποις
2853 3035 3108 3097 ἐκείνοις.
3142 3037 3248 3087 Kal
3299 3036 3364 3088 τὸ
3397 3035 3462 3105 δὴ
3497 3037 3762 3106 χείριστον

521 3130 956 3202 ἀποδημήσωσιν
1022 3131 1078 3184 αἱ
1133 3129 1306 3199 ψυχαὶ
1331 3131 1439 3182 ἀπὸ
1493 3129 1601 3182 τῶν
1657 3129 1955 3198 σωμάτων,
2020 3129 2098 3190 εἰς
2127 3138 2172 3198 C
2201 3127 2282 3179 ὅτι
2311 3126 2430 3179 οὐδὲ
2463 3128 2625 3197 μέχρι
2657 3125 2757 3197 τῆς
2787 3128 3139 3199 ταλαιπώρου
3188 3129 3408 3199 ἐκείνης
3444 3131 3539 3182 καὶ
3565 3132 3764 3199 ἐπαρα-

522 3310 669 3363 enim
711 3309 813 3362 ista
847 3309 1183 3364 immanitate
1209 3317 1260 3364 et
1311 3309 1516 3365 saevitia
1557 3309 1783 3379 cogitari
1819 3309 2099 3372 crudelius

526 3413 726 3471 potest,
757 3418 917 3472 quam
949 3402 1246 3464 trucidare,
1276 3404 1366 3473 qui
1401 3405 1534 3457 nihil
1585 3404 1923 3473 peccarunt?
1951 3401 2102 3470 Quo-

525 3496 850 3564 tiescunque
899 3496 1040 3548 enim
1070 3497 1134 3549 ad
1173 3497 1732 3566 pugnamproccdunt
1767 3495 2102 3552 Musulmani

521 3594 575 3639 et
607 3600 796 3639 eorum
833 3585 954 3654 quis
1021 3586 1210 3654 prrelio
1257 3587 1546 3647 occiditur.
1583 3603 1691 3642 non
1727 3604 1785 3643 se
1835 3589 2104 3643 crimina-

526 3675 672 3729 tione
704 3675 897 3743 dignos
929 3683 1142 3745 putant,
1171 3688 1230 3730 ut
1264 3685 1514 3731 auctores
1542 3679 1693 3743 belli,
1724 3679 1818 3734 sed
1853 3681 1905 3734 in
1932 3681 2109 3736 occisi

523 3767 792 3822 cadavere
821 3769 974 3822 vivos
1031 3767 1329 3830 trucidant,
1367 3777 1498 3837 quot
1523 3770 1757 3840 quisque
1806 3779 2007 3841 potest,
2040 3787 2103 3826 ac

526 3870 734 3930 quanto
765 3861 888 3928 quis
913 3859 1098 3930 plures
1129 3870 1306 3925 necat,
1346 3869 1497 3914 tanto
1522 3845 2099 3931 majorem'utilitatem

531 3951 650 4005 fore
680 3958 871 4020 putant
909 3951 974 4003 ad
1006 3949 1238 4002 animam
1271 3951 1460 4004 occisi.
1492 3949 1545 4004 Si
1595 3967 1700 4005 non
1729 3954 1969 4021 possidet
2011 3956 2107 4012 ho-

531 4042 730 4119 mines,
762 4041 853 4109 qui
891 4039 1086 4093 mortui
1137 4039 1332 4094 anima:
1377 4041 1634 4110 opitulari
1680 4042 1882 4107 studet,
1947 4043 2107 4100 Chri-

532 4135 770 4194 stianos,
806 4134 848 4186 si
898 4148 1034 4201 quos
1071 4133 1292 4202 reperit,
1329 4133 1550 4200 coemit,
1573 4148 1778 4203 eosque
1807 4145 1902 4191 aut
1939 4151 2103 4205 supra

529 4227 763 4280 cadaver
792 4225 985 4286 occisi,
1036 4233 1131 4277 aut
1171 4225 1223 4276 in
1271 4225 1520 4293 Sepulcro
1567 4225 1810 4296 ejusdem
1868 4228 2102 4299 iugulat.

529 4317 685 4370 Talia
722 4316 810 4384 qui
845 4315 1092 4384 praecipit
1125 4317 1401 4383 quomodo
1424 4333 1450 4368 a
1489 4317 1594 4370 Deo
1628 4319 1832 4375 missus
1865 4321 1975 4374 sit?
2005 4323 2107 4374 Dn-

531 4415 616 4458 cet
651 4405 814 4467 idem,
843 4405 933 4472 qui
961 4405 1082 4455 data
1112 4404 1336 4470 pecunia
1365 4420 1489 4457 eum
1525 4407 1809 4462 meretrice
1848 4425 2108 4465 concum-

2200 3303 2258 3357 in
2291 3304 2571 3356 beatorum
2623 3304 2815 3360 insulis
2849 3319 2973 3360 cum
3029 3304 3341 3374 iisdemque
3381 3307 3598 3381 lauari:
3637 3325 3767 3364 cou-

2206 3398 2417 3470 traqui
2454 3399 2594 3451 male
2621 3396 2710 3450 hic
2733 3396 2970 3450 vixerint
2992 3407 3044 3452 et
3069 3398 3266 3468 impuri
3292 3407 3459 3468 atque
3504 3400 3765 3470 inquinati

2206 3488 2566 3550 excesserint,
2624 3488 2816 3542 horum
2861 3489 3076 3545 animas
3123 3492 3176 3545 in
3229 3491 3344 3544 loca
3391 3494 3684 3548 tenebrosa
3722 3506 3768 3548 et

2207 3579 2440 3634 obscura
2495 3591 2549 3635 et
2597 3575 3131 3656 Pyriphlegetontem
3167 3584 3390 3642 ﬂuvium
3427 3591 3606 3645 abire.
3659 3591 3766 3646 Har.

2208 3674 2377 3743 igitur
2411 3673 2581 3729 Graeci
2609 3675 2908 3731 idololatrae
2934 3677 3208 3736 dixerunt.
3247 3679 3587 3739 Mohametes
3630 3700 3757 3748 vero,

2211 3767 2304 3835 qui
2338 3783 2396 3820 se
2431 3766 2798 3820 orthodoxum
2824 3783 2944 3824 esse
2970 3779 3025 3822 et
3051 3783 3236 3825 coram
3274 3770 3384 3826 Deo
3409 3774 3637 3829 stetisse
3659 3776 3760 3844 jac-

2212 3871 2306 3924 tat,
2340 3860 2532 3929 probat
2574 3860 2842 3930 docetque
2887 3861 3060 3915 [indas
3087 3861 3224 3916 istas
3269 3879 3464 3931 nugas,
3515 3881 3622 3920 nec
3667 3867 3767 3920 ullo

2210 3951 2370 4004 modo
2394 3950 2575 4014 sentit,
2605 3965 2767 4020 quam
2799 3966 2988 4006 omnes
3021 3953 3103 4006 ha:
3149 3966 3237 4008 res
3277 3951 3581 4008 libidinosae
3611 3965 3663 4008 et
3687 3955 3772 4008 de-

2208 4042 2472 4096 testanda:
2500 4042 2608 4095 sint
2639 4050 2692 4095 et
2721 4051 3004 4111 peccatum
3037 4054 3362 4097 consecutae.
3409 4045 3552 4100 Ante
3587 4045 3770 4100 Λάαιηί

2209 4136 2353 4188 enim
2382 4144 2660 4203 peccatum
2684 4142 2736 4187 et
2761 4134 3015 4188 delictum
3039 4134 3256 4189 ubinam
3285 4136 3510 4201 balneae,
3554 4138 3770 4191 ubinam

2207 4228 2437 4282 omnino
2457 4229 2620 4292 mdes,
2646 4226 2866 4281 ubinam
2895 4228 3076 4281 multae
3101 4226 3354 4282 femina?
3395 4229 3488 4282 sed
3510 4239 3629 4298 post
3654 4245 3774 4298 pec-

2211 4332 2391 4374 catum
2410 4329 2462 4373 et
2479 4322 2905 4374 exsecrationem
2924 4334 3123 4388 corpus
3137 4330 3394 4390 tanquam
3417 4321 3589 4377 bestia
3629 4339 3779 4376 men-

2212 4415 2274 4473 ti,
2309 4413 2549 4480 perfecta
2583 4412 2806 4465 notione
2845 4410 2941 4465 Dei
2969 4427 3079 4465 non
3129 4422 3466 4478 sustentatae,
3514 4414 3776 4476 inhiabat,

531 4497 644 4557 hat,
682 4511 805 4548 eum
853 4509 959 4547 non
993 4511 1250 4562 peccare;
1299 4496 1389 4564 qui
1430 4513 1522 4566 per
1551 4498 1655 4551 vim
1693 4500 1955 4569 virginem
1988 4514 2105 4556 stu-
2140 4500 2181 4552 D
2212 4503 2506 4570 superabat
2556 4517 2699 4565 eam,
2750 4511 2916 4572 atque
2969 4504 3231 4565 animam,
3285 4519 3349 4558 ex
3395 4505 3685 4559 altitudine
3727 4517 3777 4558 et

531 4595 673 4656 pret,
726 4600 847 4638 eum
903 4600 1150 4654 peccare,
1203 4586 1294 4653 qui
1335 4596 1513 4640 autem
1568 4605 1687 4640 cum
1731 4593 2106 4648 consentiente

531 4684 878 4741 concumbat,
909 4692 1013 4730 non
1047 4691 1314 4747 peccare;
1377 4695 1514 4748 quas
1542 4680 1667 4748 quis
1708 4681 1845 4738 bello
1877 4687 2102 4753 ceperit,

533 4767 599 4820 iis
629 4767 676 4820 ei
711 4766 786 4819 uti
829 4767 1012 4830 licere,
1075 4768 1537 4835 quemadmodum
1574 4770 1721 4823 vidit.
1780 4772 1942 4840 Atqui
1986 4783 2103 4824 stu-

534 4872 629 4924 pra
665 4866 717 4910 et
748 4856 1022 4927 virginum
1061 4857 1376 4911 vitiationes
1413 4859 1504 4927 qui
1535 4860 1750 4925 prohat,
1781 4863 2052 4928 quomodo
2073 4875 2103 4914 a

535 4948 645 5002 Deo
681 4949 882 5002 missus
919 4947 1032 5003 sit?

605 5040 1001 5096 Gravissimum
1029 5051 1208 5095 autem
1234 5050 1339 5103 est,
1366 5041 1509 5108 quod
1543 5043 1635 5110 qui
1677 5042 1742 5095 ad
1774 5043 2102 5099 voluntatem

539 5130 631 5185 Dei
663 5132 713 5183 in
749 5133 847 5185 hac
880 5133 986 5184 vita
1029 5147 1086 5185 se
1130 5133 1562 5201 composuerint,
1605 5135 1674 5188 iis
1712 5135 1941 5203 singulis
1989 5147 2108 5206 post

539 5234 766 5277 mortem
800 5224 1021 5278 balneas
1054 5231 1107 5278 et
1142 5225 1284 5278 mdes
1320 5225 1718 5293 pulcherrimas
1763 5227 2108 5297 virginesque

539 5317 801 5385 plurimas
835 5333 862 5369 a
899 5317 1004 5371 Deo
1033 5318 1219 5372 datum
1250 5318 1315 5372 iri
1354 5320 1657 5388 pollicetur.
1690 5320 1753 5374 Et
1782 5323 1926 5389 quod
1961 5322 2110 5377 Grae-

539 5424 725 5464 corum
798 5409 1210 5466 idololatrarum
1267 5412 1501 5482 theologi
1559 5430 1665 5468 non
1707 5413 1967 5469 dixerunt
2014 5431 2111 5470 nec

540 5501 911 5562 crediderunt,
941 5505 990 5557 id
1024 5502 1359 5560 Mobametes
1390 5507 1626 5560 revelata
1682 5507 1858 5563 fronte
1892 5511 2102 5564 statuit.

543 5591 622 5646 illi
654 5593 796 5646 enim
843 5593 915 5646 ita
950 5596 1121 5659 aiunt,
1159 5599 1252 5664 qui
1304 5599 1526 5666 pulchre
1571 5600 1660 5655 hic
1700 5600 1958 5667 vixerint,
2017 5617 2112 5655 eos

545 5694 663 5752 post
689 5693 941 5749 mortem,
1000 5704 1120 5741 eum
1149 5688 1373 5765 animic
1413 5706 1704 5760 corporum
1737 5693 1968 5747 vinculis
2017 5709 2117 5762 pu-

542 5777 586 5830 ri
614 5778 967 5845 excesserint,
1003 5778 1069 5832 ad
1101 5779 1231 5836 deos
1257 5781 1491 5852 migrare
1525 5793 1579 5836 et
1613 5799 1736 5838 cum
1769 5785 1873 5839 diis
1903 5787 2108 5840 versari

2212 4592 2615 4658 magnificentia
2648 4593 2939 4659 deiectam,
2968 4594 3023 4659 in
3054 4609 3218 4648 vanas
3248 4605 3302 4648 et
3344 4595 3569 4650 insanas
3605 4597 3778 4650 libidi-

2209 4701 2305 4738 nes
2355 4684 2768 4752 voluptatcsitue
2823 4688 3069 4754 corporis
3113 4687 3372 4742 adduxit:
3421 4704 3486 4742 ac
3533 4691 3778 4759 mancipii

2211 4773 2384 4828 instar
2441 4776 2624 4828 anima
2663 4777 3057 4845 cupiditatibus
3099 4780 3347 4847 corporis
3388 4779 3653 4834 obstricta
3683 4794 3778 4835 est.

2211 4863 2437 4932 Quodsi,
2473 4867 2566 4932 qui
2600 4866 2665 4920 ad
2709 4868 3043 4923 voluntatem
3076 4871 3168 4924 Dei
3204 4872 3466 4925 vixerunt
3515 4874 3778 4935 homines,

2214 4965 2334 5022 post
2367 4957 2822 5011 resurrectionem
2853 4968 3191 5013 mortuorum
3221 4977 3330 5014 non
3357 4961 3636 5016 inventuri
3677 4964 3779 5017 sint

2215 5047 2428 5100 beatam
2463 5046 2611 5100 illam
2645 5051 2830 5114 vitam,
2857 5067 3017 5120 quam
3047 5052 3290 5106 Adamus
3316 5064 3473 5123 pater
3509 5065 3638 5110 ante
3656 5072 3777 5126 pec-

2211 5149 2390 5191 catum
2428 5141 2536 5206 egit
2565 5148 2728 5208 atque
2752 5143 2954 5203 amisit,
2991 5143 3085 5195 sed
3108 5143 3350 5196 eamdem
3383 5161 3575 5198 rursus
3598 5146 3780 5204 vitam,

2211 5244 2374 5298 quam
2418 5229 2505 5282 ille
2543 5241 2664 5297 post
2707 5233 3136 5289 exsecrationem
3179 5235 3455 5297 toleravit,
3488 5253 3570 5290 me
3609 5239 3783 5290 homi-

2213 5319 2374 5371 nibus
2407 5319 2546 5373 illisl
2602 5320 2715 5373 lmo
2769 5337 2917 5389 vero,
2968 5324 3110 5392 quod
3147 5327 3518 5381 miserrimum
3556 5341 3659 5390 cst,
3719 5342 3786 5380 ne

2213 5413 2484 5481 acquievit
2505 5414 2723 5482 quidem
2753 5416 2803 5469 in
2844 5433 3150 5472 atrumnosa
3180 5420 3283 5474 bac
3313 5429 3366 5474 et
3398 5430 3676 5475 exsecrata
3707 5423 3788 5473 vi-

2215 5513 2267 5558 ta
2308 5505 2631 5562 Mohametis
2667 5510 2899 5572 insania,
2929 5520 2985 5563 ut
3015 5511 3152 5565 hanc
3184 5513 3395 5566 scilicet
3439 5512 3578 5566 Deus
3618 5515 3785 5582 jusxis

2217 5589 2470 5651 daturum
2501 5614 2560 5653 se
2583 5615 2703 5654 esse
2729 5604 3061 5670 promiserit,
3102 5605 3194 5657 sed
3229 5605 3434 5658 invenit
3465 5605 3631 5658 vitam
3667 5622 3786 5658 ma-

2215 5691 2280 5744 lis
2303 5691 2458 5760 longc
2488 5692 2837 5761 insigniorem
2865 5707 2917 5749 et
2942 5713 3070 5751 vero
3097 5707 3333 5766 turpem.
3379 5697 3613 5751 Adamus
3640 5700 3788 5750 rnim

2213 5794 2336 5853 past
2376 5785 2630 5839 delictum
2669 5798 2720 5840 et
2751 5791 3187 5844 exsecrationem
3215 5799 3268 5844 et
3297 5805 3326 5844 e
3364 5791 3614 5858 paradiso
3642 5790 3787 5844 exsi-
