3962 6552
509 364 616 427 931

1728 349 2055 413 GEORGII
2098 348 2523 412 ΡΗΒΑΝΤΖΕ

3633 335 3733 402 93?.

505 472 641 524 θωσι
664 462 1076 533 Μουσουλμάνοι
1101 461 1236 532 προς
1271 460 1509 531 πόλεμον
1535 461 1630 516 καὶ
1658 461 1717 515 ὲν
1739 461 1820 530 τῷ
1850 461 2074 529 πολεμῳ
2100 465 2148 526 Α
2177 459 2304 523 τοὺς
2335 459 2490 520 θεοὺς
2512 456 2844 526 ἀπέρχονται
2871 456 2967 510 καὶ
2995 456 3138 526 μετά
3159 455 3271 508 τῶν
3301 453 3445 508 θεῶν
3474 453 3741 524 εὑρίσκον-

505 563 648 632 πέσῃ
679 556 870 621 τιςοὲξ
919 555 1122 619 αὐτῶν,
1162 557 1226 609 οὗ
1265 553 1577 623 λογίζονται
1624 555 1855 617 ἑαυτοὺς
1886 554 2070 620 ἀξίους

506 653 769 723 μέμψεως
788 650 863 712 ὡς
888 650 1096 711 αἰτίους
1124 647 1219 700 τοῦ
1250 649 1512 717 πολέμου,
1530 646 1646 700 ἀλλ’
1674 647 1768 699 ἐπὶ
1794 647 1856 698 τὸ
1879 646 2074 713 νεκρδν

503 748 662 814 σῶμα
693 743 786 796 τοῦ
827 741 1182 803 πεπτωκότος
1206 743 1512 809 σφάττουσι
1542 739 1778 804 ζῶντας,
1819 741 1976 800 ὅσους
2007 736 2075 790 ἀν

501 838 705 907 δυνηθῇ
740 837 967 894 ἕκαστος
989 851 1002 865 ·
1035 834 1127 886 καὶ
1155 835 1279 885 ὅσον
1310 832 1532 895 πλείους
1565 833 1790 900 κτείνει,
1821 829 2075 882 τοσοῦτον

500 930 808 997 λογίζονται
841 925 1111 992 ὠφέλειαν
1155 925 1252 992 τῆς
1300 922 1398 975 τοῦ
1441 921 1738 984 τεθνεῶτος
1783 919 1984 990 ψυχῆς.
2012 920 2075 972 Εἰ

501 1024 700 1083 δ’ἴσως
745 1020 844 1071 οὐκ
889 1019 1000 1089 ἔχει
1058 1015 1381 1085 ἀνθρώπους
1430 1016 1510 1078 είς
1558 1003 1816 1078 ἐξουσίαν
1853 1011 2020 1064 αὑτοῦ
2048 1013 2076 1064 ὁ

505 1113 829 1185 βουλόμενος
864 1110 1128 1180 βοηθῆσαι
1160 1111 1227 1175 τῇ
1262 1107 1355 1160 τοῦ
1386 1106 1682 1170 τεθνεῶτος
1711 1105 1880 1174 ψυχῇ.
1936 1104 2073 1169 igtu-

508 1210 680 1260 νεῖται
704 1206 1080 1275 Χριστιανοὺς,
1117 1202 1277 1270 εἴπερ
1325 1200 1497 1267 εὖροι,
1537 1202 1630 1253 καὶ
1678 1200 1712 1268 ἥ
1763 1199 1948 1252 ἐπάνω
1980 1198 2074 1252 τοῦ

504 1298 701 1367 νεκροῦ
758 1298 1006 1360 σώματος
1061 1296 1288 1361 σφάττει
1341 1293 1537 1353 αὐτοὺς
1576 1292 1609 1360 ἢ
1659 1293 1752 1345 ἐπὶ
1796 1291 1876 1362 τῷ
1921 1291 2077 1358 τάφῳ

507 1392 694 1444 αὐτοῦ.
735 1391 845 1442 Καὶ
893 1390 920 1440 6
983 1386 1157 1438 ταῦτα
1215 1383 1520 1454 νομοθετῶν
1576 1383 1692 1445 πῶς
1745 1383 1852 1436 ἀπὸ
1905 1382 2074 1446 Θεοῦς

509 1487 629 1536 Ἔτι
669 1483 952 1551 νομοθετεῖ
995 1483 1078 1533 ὅτι
1121 1481 1149 1532 6
1186 1480 1310 1542 δοὺς
1354 1481 1418 1548 τῇ
1469 1479 1641 1549 πόρνῃ
1688 1475 1948 1547 μίσθωμα
1980 1476 2077 1528 καὶ

505 1575 794 1644 κοιμηθεὶς
835 1572 951 1641 μετ’
985 1572 1156 1640 αὐτῆς
1185 1570 1284 1640 οὐχ
1312 1569 1624 1640 ἁμαρτάνει
1647 1584 1659 1598 ο
1705 1570 1801 1620 καὶ
1828 1569 1856 1619 6
1876 1566 2077 1638 βιασά-

509 1684 667 1737 μενος
697 1665 964 1734 παρθένον
997 1660 1330 1731 ἁμαρτάνει,
1354 1662 1382 1712 ὁ
1413 1660 1469 1712 δὲ
1503 1660 1643 1727 μετὰ
1671 1659 1771 1726 τῆς
1799 1657 2078 1726 θελήσεως

507 1762 679 1828 αὐτῆς
733 1757 1017 1827 κοιμηθεὶς
1057 1753 1175 1824 μετ’
1223 1754 1394 1822 αὐτῆς
1442 1753 1540 1820 οὐχ
1591 1750 1941 1820 ἁμαρτάνεις·
1981 1748 2078 1802 καὶ

511 1855 605 1908 ἐὰν
633 1849 1038 1921 αἰχμαλωτίδας
1072 1865 1156 1910 τις
1182 1847 1321 1915 λάῦῃ
1371 1847 1429 1898 ὲν
1463 1844 1705 1912 πολέμῳ,
1743 1842 1957 1907 ἔξεστιν
1991 1842 2079 1894 ἐπ’

510 1945 704 2004 αὐταῖς
767 1941 990 2009 ποιῆσαι
1037 1938 1065 1988 6
1124 1936 1372 2005 βούλεται
1433 1932 1755 1993 ἀκωλύτως.
1831 1932 1890 1983 '0
1953 1931 2084 1999 γοῦν

517 2035 777 2106 πορνείας
821 2034 914 2085 καὶ
968 2028 1436 2101 παρθενοφθορίας
1483 2024 1791 2096 νομοθετῶν
1836 2024 1952 2087 πῶς
1978 2023 2085 2077 ἀπὸ

513 2125 650 2180 Θεοῦ
676 2144 689 2190 ;

585 2217 698 2268 Καὶ
730 2213 790 2265 τὸ
819 2213 881 2281 δὴ
928 2211 1206 2282 χείριστον
1244 2209 1326 2262 ὅτι
1357 2209 1482 2270 τοὺς
1516 2207 1661 2261 κατὰ
1687 2207 1784 2276 τὴν
1813 2206 2086 2276 ἀποδοχὴν

505 2311 605 2366 τοέ
637 2308 773 2364 Θεοῦ
803 2307 1283 2377 περιπατήσαντος
1306 2305 1360 2357 ὲν
1386 2303 1464 2371 τῷ
1500 2303 1729 2372 παρόντι
1755 2303 1914 2355 αἰῶνι
1937 2300 2085 2372 μετὰ

511 2408 611 2476 τὴν
660 2403 846 2456 ἐνθάδε
903 2401 1206 2456 ἁποὸίωσιν
1267 2397 1448 2451 αὐτῶν
1497 2396 1699 2466 λουτρὰ
1759 2396 1856 2448 καὶ
1900 2394 2086 2458 οἴκους

515 2495 869 2566 περικαλλείς
923 2493 1019 2545 καὶ
1067 2493 1336 2560 γυναῖκας
1387 2489 1693 2557 παρθένους
1741 2488 1822 2539 ὅτι
1884 2485 2089 2548 πολλὰς

514 2590 858 2658 ὑπισχνεῖται
907 2583 1231 2654 δοθήσεσθαι
1279 2583 1494 2652 ἑκάστῳ
1743 2578 1895 2646 παρά
1928 2576 2087 2629 Θεοῦ.

512 2682 623 2734 Καὶ
653 2682 792 2748 ὅπερ
845 2679 891 2730 οἱ
931 2675 1040 2728 τῶν
1075 2673 1479 2742 εἰδωλολατρῶν
1523 2671 1793 2741 Ἑλλήνων
1828 2668 2091 2739 ὀνομαζό-

517 2789 667 2842 μενοι
691 2770 931 2837 θεολὸγοι
960 2770 1062 2823 οὐκ
1096 2764 1251 2820 εἷπον
1282 2765 1403 2817 οὐδὲ
1439 2765 1700 2832 ἐνόμισαν
1731 2757 1893 2826 εἶναι,
1917 2760 2090 2814 ταῦτα

513 2867 540 2915 ὁ
562 2863 808 2931 Μωάμεθ
837 2859 1350 2929 ἀνακεκαλυμμένῳ
1373 2855 1448 2926 τῷ
1477 2855 1754 2926 προσώπῳ
1781 2853 2087 2922 νομοθετεῖ.

526 2957 757 3010 Ἐκεῖνοι
793 2957 902 3024 γὰρ
943 2952 1116 3015 οὕτως
1145 2953 1417 3018 λέγουσιν,
1457 2952 1539 3002 ὅτι
1583 2949 1634 3002 οἱ
1666 2948 1764 3019 μὲν
1797 2947 1974 3009 καλῶς
2011 2947 2094 2998 ὲν.

517 3047 646 3101 θάδε
701 3047 1044 3116 βιώσαντες,
1112 3043 1250 3097 ἐπὰν
1306 3042 1626 3095 ἀποθάνωσι
1681 3040 1782 3093 καὶ
1833 3037 2091 3108 καθαρῶς

2176 568 2268 614 ται
2301 551 2380 611 εἰς
2427 549 2526 611 τὰς
2568 549 2677 600 τῶν
2711 550 3001 618 μακαρίων
3053 548 3254 618 νήσους
3285 547 3384 601 καὶ
3418 546 3538 616 μετ’
3567 548 3744 601 αὐτῶν

2179 641 2611 710 συναγάλλονται
2643 641 2786 693 ’τῶν
2849 642 2904 693 δὲ
2958 641 3144 704 κακῶς
3191 641 3378 694 ἐνθάδε
3433 640 3744 709 βιωσάντων

2177 734 2272 787 καὶ¹
2319 732 2643 802 ἀκαθάρτων
2684 734 2780 786 καὶ
2835 733 3266 802 μεμολυσμένων
3310 733 3660 787 ἀπελθόντων
3690 735 3743 784 αἱ

2175 824 2385 878 τούτων
2414 824 2585 894 ψυχαὶ
2614 826 2691 884 είς
2729 822 2992 890 ζοφώδεις
3021 825 3114 878 καὶ
3143 826 3460 888 σκοτεινοὺς
3485 826 3743 896 ἀπέρχον-

2177 935 2266 971 ται
2306 919 2506 980 τόπους
2548 920 2641 970 καὶ
2692 919 2771 980 είς
2828 917 2921 969 τὸν
2975 919 3241 992 ποταμὸν.
3273 917 3365 970 τὸν
3416 919 3747 988 Πυριφλεγέ-

2179 1011 2362 1066 θοντα.
2397 1011 2503 1063 Καὶ
2553 1010 2602 1062 oi
2649 1010 2751 1080 μὲν
2807 1009 3198 1079 εἰδωλολάτραι
3248 1009 3514 1081 Ἕλληνες
3565 1011 3746 1078 ἔλεγον

2177 1101 2351 1156 ταῦτα
2373 1117 2387 1131 ·
2419 1104 2446 1156 6
2477 1101 2533 1154 δὲ
2566 1100 2919 1168 Μωέιμεθ,ὂς
2950 1100 3207 1168 ὀνομάζει
3232 1099 3438 1154 ’ἑαυτὸν
3472 1101 3748 1172 ὀρθόδοξον

2178 1192 2274 1246 καὶ¹
2347 1192 2576 1263 πλησίον
2637 1190 2734 1255 τοῖι
2785 1191 2919 1245 Θεοῦ
2979 1193 3410 1262 εὑρισκόμενον,
3466 1194 3619 1262 λέγει
3662 1197 3748 1247 καὶ

2179 1285 2465 1355 νομοθετεί
2522 1284 2751 1338 τοιαῦτα
2811 1285 3144 1355 ἀτοπήματα
3200 1287 3426 1356 αἰσχραὶ,
3495 1288 3596 1340 καὶ
3652 1288 3747 1338 οὐκ

2179 1378 2294 1448 ἔχει
2337 1379 2646 1447 ἐνθύμησιν
2701 1379 2839 1440 ὅλως
2888 1379 2972 1430 ὅτι
3021 1378 3196 1431 ταῦτα
3249 1381 3427 1433 πάντα
3459 1379 3636 1448 όργῆς
3664 1384 3751 1432 καὶ

2179 1472 2532 1542 ἀποστροφῆς
2572 1470 2708 1540 ἔργα
2759 1469 2981 1537 καὶτῆς
3011 1470 3288 1548 ἀειδαρτίας
3329 1471 3749 1540 ἀποτελέσματα

2179 1566 2310 1618 εἰσι.
2362 1563 2474 1632 Πρὸ
2511 1565 2620 1631 γὰρ
2663 1564 2765 1632 τῆς
2814 1563 3182 1634 παραϐάσεως
3227 1567 3320 1617 καὶ
3353 1565 3634 1634 ἁμαρτίας
3659 1565 3747 1617 τοῦ

2193 1657 2364 1724 ’Δδὰμ
2427 1655 2530 1709 ποῦ
2579 1655 2805 1728 λουτρὰ,
2863 1657 2968 1711 ποῦ
3025 1656 3160 1721 ὅλως
3221 1659 3526 1726 οἰκήματα,
3565 1657 3750 1710 ποῦαί

2184 1748 2376 1803 πολλαὶ
2409 1750 2701 1817 γυναῖκες;
2726 1749 2889 1802 Ἀ).λά
2924 1749 3064 1819 μετά
3088 1748 3187 1819 τὴν
3225 1749 3506 1818 ἁμαρτίαν
3537 1755 3633 1800 καὶ
3656 1749 3749 1820 τὴν

2188 1841 2432 1912 κατάραν
2462 1842 2738 1912 ἐπανέστη
2765 1842 2823 1894 τὸ
2856 1841 3017 1911 σῶμα
3043 1843 3234 1912 ὥσπερ
3268 1841 3458 1911 θηρίον
3486 1842 3634 1896 κατά
3658 1843 3750 1909 τῆς

2185 1933 2362 2004 ψυχῆς
2423 1934 2523 2002 τῆς
2578 1934 2652 2003 μὴ
2703 1933 2938 2004 ἐχούσης
2990 1933 3298 1995 καθολικῶς
3348 1932 3451 2000 τὴν
3497 1933 3592 1986 τοῦ
3622 1934 3750 1987 Θεοῦ

2187 2026 2500 2096 ἐπίσκεψιν.
2538 2027 2758 2096 Ἰσχυσε
2800 2025 2861 2078 τὸ
2921 2025 3104 2095 σῶμα,
3137 2026 3235 2079 καὶ
3294 2027 3612 2080 κατέσπασε
3657 2028 3749 2096 τὴν

2185 2118 2368 2188 ψυχὴν
2404 2119 2513 2173 ἀπὸ
2536 2119 2629 2171 τοῦ
2667 2118 2836 2189 ὕψους
2866 2119 2964 2171 καὶ
2996 2117 3092 2171 τοῦ
3127 2119 3428 2189 μεγαλείου
3460 2121 3634 2190 αὐτῆς
3661 2122 3746 2173 καὶ

2189 2213 2505 2278 κατήγαγεν
2535 2210 2618 2270 εἰς
2645 2209 2744 2270 τὰς
2777 2209 3126 2278 παραλόγους
3171 2208 3268 2261 καὶ
3297 2211 3540 2278 ματαίας
3574 2227 3748 2278 σωμαο

2189 2302 2346 2363 τικάς
2393 2299 2688 2368 ἐπιθυμίας
2715 2302 2810 2356 καὶ
2841 2301 3034 2371 ἡδονάς
3059 2318 3074 2334 ο
3107 2303 3200 2354 καὶ
3247 2301 3440 2370 ὥσπερ
3487 2302 3750 2371 ἀνδραπο-

2189 2390 2300 2456 δον,
2324 2389 2497 2452 οὕτως
2531 2388 2916 2459 κατεδουλώθη
2953 2392 2984 2459 ή
3019 2389 3168 2460 ψυχὴ
3196 2391 3276 2452 είς
3305 2390 3406 2449 τὰς
3439 2390 3748 2460 σωματικὰς

2190 2480 2399 2550 ὀρέξεις
2425 2495 2439 2510 ο
2484 2481 2532 2532 εἰ
2567 2479 2699 2548 γοῦν
2732 2479 2875 2550 μετά
3136 2479 3235 2549 τὴν
3279 2480 3344 2532 ὲκ
3389 2482 3605 2551 νεκρῶν
3633 2483 3748 2534 ἀντὶ·

2192 2589 2382 2626 στασιν
2427 2572 2579 2624 οὐδὲν
2621 2571 2913 2642 μέλλουσιν
2969 2572 3155 2640 ε’ὑρείν
3203 2572 3252 2623 οι
3305 2573 3451 2626 κατά
3491 2574 3749 2642 inodori};

2191 2663 2284 2717 τοῦ
2331 2663 2464 2717 Θεοῦ
2515 2664 2970 2730 πολιτευσάμενοι
3015 2663 3294 2732 ἄνθρωποι
3349 2664 3450 2734 τὴν
3489 2667 3750 2732 μακαρίαν

2193 2758 2412 2822 ἐκείνην
2445 2755 2592 2824 ζωὴν
2639 2756 2705 2824 ἢν
2729 2758 2756 2808 ὁ
2782 2755 3088 2826 προπάτωρ
3118 2754 3265 2826 εἶχεν
3295 2757 3470 2826 Ἀδὰμ
3511 2760 3618 2827 πρὸ
3663 2759 3749 2819 τῆς

2208 2848 2582 2916 παραϐάσεως
2631 2848 2724 2899 καὶ
2749 2847 3055 2910 ἀπώλεσεν,
3090 2848 3226 2898 ἀλλὰ
3264 2849 3427 2899 πάλιν
3459 2846 3558 2918 τὴν
3593 2847 3752 2916 αὐτὴν

2196 2940 2344 3009 ζωὴν
2396 2939 2652 3010 μέλλουσι
2710 2939 2893 3008 εὑρεῖν
2947 2939 3012 3009 ἣν
3041 2933 3154 3009 εἶχε
3195 2939 3336 3008 μετά
3364 2939 3461 3009 τὴν
3492 2939 3752 3008 κατάραν,

2195 3034 2316 3086 οὐαὶ
2343 3036 2455 3094 τοῖς
2491 3031 2805 3102 ἀνθρώποις
2850 3033 3104 3094 ἐκείνοις.
3138 3033 3244 3084 Καὶ
3295 3032 3360 3085 τὸ
3394 3031 3458 3101 δὴ
3491 3031 3756 3101 χείριστον

518 3136 954 3208 ἀποδημήσωσιν
1019 3137 1074 3188 αἱ
1130 3133 1303 3204 ψυχαὶ
1328 3134 1436 3186 ἀπὸ
1489 3132 1598 3184 τῶν
1655 3131 1952 3200 σωμάτων,
2016 3130 2094 3192 είς
2123 3138 2168 3198 ς
2197 3126 2279 3179 ὅτι
2307 3125 2426 3179 οὐδὲ
2459 3127 2622 3196 μέχρι
2654 3124 2752 3196 τῆς
2783 3125 3135 3197 ταλαιπώρου
3184 3125 3404 3195 ἐκείνης
3439 3127 3532 3178 καὶ
3560 3127 3759 3194 impa-

519 3317 666 3370 enim
708 3316 810 3369 ista
844 3314 1182 3368 immanitate
1206 3321 1259 3367 et
1309 3312 1514 3368 saevitia
1555 3310 1781 3380 cogitari
1817 3310 2096 3374 crudelius

523 3420 723 3478 potest,
755 3424 915 3478 qnam
947 3407 1244 3468 trucidare,
1274 3407 1365 3476 qui
1399 3406 1533 3460 nihil
1584 3405 1921 3475 peccarunt?
1949 3403 2100 3471 Quo-

524 3502 849 3569 tiescunque
897 3501 1039 3553 enim
1068 3501 1132 3553 ad
1171 3515 1405 3570 pugnam
1427 3498 1730 3568 procedunt
1766 3496 2100 3555 Musulmani

519 3601 574 3646 et
606 3605 794 3646 eorum
832 3590 953 3660 quis
1019 3589 1209 3658 praclio
1256 3590 1545 3648 occiditur.
1581 3605 1689 3644 non
1725 3606 1783 3645 se
1833 3591 2102 3645 crimina-

525 3681 672 3736 tione
703 3681 896 3748 dignos
929 3688 1140 3749 putant,
1170 3691 1230 3734 ut
1263 3688 1513 3734 auctores
1540 3681 1691 3746 belli,
1723 3681 1817 3736 sed
1851 3683 1903 3736 in
1931 3681 2108 3737 occisi

522 3774 791 3829 cadavere
821 3773 974 3826 vivos
1030 3771 1328 3834 trucidant,
1365 3780 1497 3840 quot
1522 3772 1756 3843 quisque
1805 3781 2006 3843 potest,
2039 3788 2102 3828 ac

527 3876 733 3936 quanto
765 3866 888 3934 quis
911 3864 1098 3934 plures
1129 3872 1307 3929 necat,
1345 3873 1496 3918 tanto
1521 3847 2098 3944 majoremutilitatem

433 3969 438 3974 ”
531 3959 650 4012 fore
680 3963 871 4025 putant
908 3955 974 4007 ad
1006 3953 1238 4006 animam
1271 3954 1460 4008 occisi.
1492 3952 1546 4008 Si
1595 3970 1699 4008 non
1729 3956 1968 4024 possidet
2011 3957 2106 4012 lto-

531 4049 730 4125 tnincs,
762 4046 853 4114 qui
891 4044 1087 4098 mortui
1137 4043 1333 4097 anima:
1377 4043 1634 4113 opitulari
1681 4043 1881 4109 studet,
1947 4045 2107 4102 Chri—

533 4141 771 4200 stianos,
807 4139 850 4192 si
898 4152 1034 4206 quos
1070 4136 1293 4206 reperit,
1330 4135 1552 4202 coemit,
1574 4151 1778 4205 eosque
1808 4146 1902 4192 aut
1940 4152 2104 4207 supra

531 4233 764 4286 cadaver
793 4229 986 4290 occisi,
1037 4237 1132 4281 aut
1171 4228 1224 4280 in
1272 4227 1522 4295 sepulcro
1568 4228 1811 4298 ejusdem
1869 4229 2103 4300 iugulat.

530 4323 686 4376 Talia
723 4321 811 4390 qui
847 4320 1093 4390 prmeipit
1126 4320 1402 4387 quomodo
1425 4335 1452 4370 a
1491 4319 1595 4372 Deo
1629 4322 1834 4376 missus
1866 4322 1976 4375 sit?
2005 4323 2109 4375 Do-

533 4421 618 4466 cet
653 4411 816 4473 idem,
845 4409 935 4478 qui
963 4409 1084 4460 data
1113 4407 1338 4474 pecunia
1367 4423 1490 4460 eum
1526 4409 1811 4464 meretrice
1849 4426 2110 4466 concum-

2198 3303 2255 3357 in
2289 3304 2568 3357 beatorum
2621 3302 2812 3358 insulis
2846 3317 2970 3358 cum
3025 3301 3338 3372 iisdemque
3378 3303 3549 3377 laetari
3575 3321 3594 3360 :
3631 3320 3763 3359 con-

2199 3397 2414 3470 traqui
2451 3398 2590 3451 male
2618 3395 2707 3448 hic
2730 3394 2967 3447 vixerint
2989 3403 3041 3448 et
3065 3395 3263 3464 impttri
3290 3405 3455 3465 atque
3499 3396 3762 3466 inquinati

2204 3487 2564 3549 excesserint,
2621 3486 2813 3540 borum
2857 3487 3073 3542 animas
3119 3489 3174 3542 in
3227 3488 3342 3541 loca
3389 3490 3681 3544 tenebrosa
3717 3501 3766 3544 et

2205 3579 2438 3635 obseura
2493 3591 2547 3634 et
2595 3574 3130 3654 Pyriphlegetontem
3165 3581 3388 3638 ﬂuvium
3424 3586 3602 3641 abire.
3656 3587 3762 3642 Hac

2206 3675 2375 3743 igitur
2409 3673 2579 3729 Graeci
2607 3673 2906 3729 idololatria
2931 3675 3206 3733 dixerunt.
3244 3675 3584 3734 Mobametes
3627 3695 3755 3742 vero,

2209 3766 2303 3835 qui
2337 3782 2395 3819 se
2430 3765 2798 3820 ortltodoxum
2823 3781 2942 3822 esse
2969 3777 3023 3820 et
3049 3781 3235 3822 coram
3273 3767 3382 3822 Deo
3408 3770 3636 3824 stetisse
3657 3771 3760 3839 jac-

2211 3871 2305 3924 tat,
2339 3859 2531 3928 probat
2573 3859 2842 3928 docetque
2887 3859 3058 3912 [cedas
3087 3858 3222 3913 istas
3269 3875 3463 3928 nugas,
3513 3876 3621 3915 nec
3666 3862 3766 3915 ullo

2210 3950 2369 4004 modo
2393 3949 2574 4013 sentit,
2605 3964 2767 4018 quam
2799 3963 2987 4003 omnes
3019 3949 3101 4002 ha:
3147 3962 3236 4005 res
3277 3948 3579 4004 libidinosae
3609 3960 3662 4002 et
3685 3950 3771 4004 de-

2208 4041 2472 4096 testanda:
2500 4041 2608 4095 sint
2639 4048 2692 4093 et
2722 4048 3004 4110 peccaturo
3036 4051 3361 4094 consecutae.
3409 4040 3550 4096 Ante
3587 4040 3770 4095 Adami

2210 4136 2353 4188 enim
2382 4143 2660 4202 peccatum
2685 4141 2736 4185 et
2761 4131 3014 4186 delictum
3039 4131 3256 4186 ubinam
3285 4133 3509 4197 balneae,
3551 4134 3770 4186 ubinam

2209 4227 2437 4282 omnino
2457 4229 2621 4291 ardes,
2647 4224 2867 4279 ubinam
2895 4224 3077 4278 multa:
3102 4223 3354 4278 femina?
3395 4225 3488 4278 sed
3510 4234 3628 4294 post
3655 4241 3773 4294 pec-

2213 4331 2392 4373 catum
2411 4328 2462 4372 et
2480 4320 2906 4373 exsecrationem
2925 4331 3124 4386 corpus
3137 4327 3394 4387 tauquam
3417 4317 3589 4373 bestia
3630 4334 3780 4371 men-

2214 4414 2276 4472 ti,
2312 4412 2550 4480 perfecta
2585 4410 2809 4464 notione
2847 4407 2942 4463 Dei
2971 4424 3080 4462 non
3130 4418 3467 4474 sustentatae,
3515 4410 3777 4472 inhiabat,

533 4504 646 4564 bat,
684 4518 807 4555 eum
855 4516 962 4553 non
994 4515 1252 4567 peccare;
1301 4499 1392 4567 qui
1431 4515 1524 4569 per
1554 4500 1658 4554 vim
1695 4502 1957 4571 virginem
1990 4515 2107 4556 stu-
2141 4500 2182 4553 D
2215 4502 2507 4571 superabat
2558 4516 2701 4563 eam,
2753 4509 2918 4570 atque
2971 4501 3232 4562 animam,
3286 4516 3351 4555 ex
3397 4501 3686 4555 altitudine
3729 4511 3778 4553 et

533 4601 676 4664 pret,
729 4607 850 4645 eum
905 4605 1153 4660 peccare,
1205 4589 1297 4657 qui
1337 4599 1515 4643 autem
1570 4607 1689 4643 cum
1734 4594 2107 4649 consentiente

532 4690 881 4746 concumbat,
912 4698 1016 4735 non
1049 4695 1317 4752 peccare;
1379 4697 1516 4750 quas
1545 4682 1670 4750 quis
1711 4683 1848 4738 bello
1879 4687 2104 4753 Ceperit,

535 4774 602 4827 iis
631 4774 679 4827 ei
715 4773 789 4825 uti
833 4772 1016 4834 licere,
1079 4770 1540 4839 quemadmodum
1576 4772 1724 4824 velit.
1783 4772 1944 4841 Atqui
1989 4783 2106 4824 stu-

537 4879 633 4930 pra
668 4872 721 4916 et
751 4862 1025 4932 virginum
1064 4860 1379 4915 vitiationes
1417 4861 1508 4930 qui
1539 4861 1754 4928 probat,
1784 4864 2056 4930 quomodo
2077 4877 2106 4915 a

537 4955 648 5009 Deo
684 4955 886 5009 missus
923 4953 1036 5007 sit?

609 5047 1005 5102 Gravissimum
1033 5055 1212 5099 autem
1238 5053 1343 5105 est,
1370 5043 1514 5112 quod
1547 5045 1640 5112 qui
1682 5043 1746 5098 a'd
1778 5045 2106 5100 voluntatem

2214 4592 2618 4658 magnificentia
2650 4591 2941 4658 deiectam,
2972 4591 3025 4644 in
3056 4606 3220 4645 vanas
3250 4601 3304 4645 et
3345 4591 3569 4646 insanas
3605 4593 3779 4645 libili.

2211 4700 2308 4738 nes
2357 4684 2770 4751 roluptatcsmte
2826 4685 3071 4753 corporis
3115 4683 3374 4739 adduxit:
3423 4700 3487 4738 ac
3535 4689 3782 4754 mancipii

2213 4773 2387 4828 instar
2444 4775 2627 4827 anima
2667 4775 3060 4844 cupiditatibus
3101 4776 3350 4844 corporis
3391 4776 3655 4830 obstricta
3685 4789 3780 4830 est.

2214 4864 2440 4931 Quodsi,
2477 4865 2569 4931 qui
2604 4864 2668 4918 ad
2712 4867 3046 4921 voluntatem
3079 4868 3171 4921 Dei
3207 4869 3468 4921 vixerunt
3517 4869 3780 4928 homines,

2217 4964 2338 5022 post
2371 4955 2825 5009 resurrectionem
2856 4966 3195 5010 mortuorum
3223 4973 3332 5010 non
3359 4957 3640 5011 inventuri
3679 4959 3781 5011 sint

2218 5047 2432 5100 beatam
2467 5045 2616 5100 illam
2649 5049 2834 5112 vitam,
2861 5065 3020 5118 quam
3051 5049 3294 5103 Adamns
3319 5060 3476 5119 pater
3512 5060 3640 5105 ante
3659 5066 3779 5121 pec.

543 5137 635 5192 Dei
667 5139 717 5190 in
753 5139 851 5191 hac
883 5138 990 5189 vita
1033 5152 1090 5190 se
1134 5136 1567 5205 composuerint,
1609 5137 1678 5190 iis
1716 5137 1945 5205 singulis
1993 5147 2112 5206 post

542 5241 770 5285 mortem
804 5231 1025 5284 balneas
1058 5237 1111 5284 ct
1146 5230 1288 5284 aedes
1325 5229 1722 5298 pulcherrimas
1767 5229 2112 5298 virgine-sque

542 5323 805 5392 plurimas
839 5340 866 5376 a
904 5324 1009 5377 Deo
1037 5323 1223 5377 datum
1255 5323 1320 5376 iri
1358 5325 1662 5392 pollicetur.
1694 5322 1758 5376 Et
1787 5325 1930 5391 quod
1965 5323 2114 5377 Crte-

543 5431 730 5472 corum
803 5416 1215 5471 idololatrarum
1272 5417 1506 5486 theologi
1565 5433 1670 5470 non
1713 5415 1972 5470 dixerunt
2019 5431 2116 5470 nec

544 5509 917 5571 crediderunt,
946 5511 995 5563 id
1029 5508 1365 5565 Mobametes
1395 5510 1631 5565 revelata
1688 5509 1864 5564 fronte
1897 5512 2108 5564 statuit.

549 5599 626 5654 Illi
659 5600 801 5654 enim
848 5600 920 5653 ita
956 5601 1126 5664 aiunt,
1164 5604 1257 5670 qui
1309 5603 1532 5671 pulchre
1577 5603 1666 5658 hic
1706 5602 1964 5668 vixerint,
2024 5617 2117 5656 eos

551 5702 668 5760 post
694 5701 946 5755 mortem,
1006 5709 1126 5746 eum
1155 5693 1379 5770 animi'e
1418 5710 1711 5763 corporum
1743 5695 1974 5749 vinculis
2023 5709 2122 5763 pu-

548 5786 593 5838 ri
620 5785 974 5850 excesserint,
1009 5783 1076 5837 ad
1108 5784 1236 5841 deos
1263 5786 1497 5857 migrare
1531 5797 1584 5840 et
1619 5801 1743 5840 cum
1776 5787 1880 5841 diis
1910 5787 2116 5842 versari

2215 5149 2394 5191 catum
2432 5140 2540 5206 egit
2569 5147 2732 5206 atque
2756 5141 2959 5201 amisit,
2995 5139 3089 5192 sed
3111 5140 3353 5193 eamdem
3386 5156 3578 5194 rursus
3601 5141 3783 5201 vitam,

2215 5245 2379 5298 quam
2422 5229 2510 5281 ille
2547 5239 2669 5296 post
2711 5231 3140 5286 exsecrationem
3183 5232 3459 5294 toleravit,
3493 5249 3573 5286 va:
3612 5233 3785 5286 ltomio

2219 5319 2378 5371 nibus
2411 5319 2551 5373 illisi
2608 5318 2719 5372 lmo
2774 5335 2922 5387 vero,
2972 5321 3114 5390 quod
3152 5323 3523 5376 miserrimum
3559 5336 3664 5386 est,
3723 5338 3789 5376 ne

2219 5413 2489 5482 acquievit
2511 5412 2729 5482 quidem
2758 5414 2809 5467 in
2849 5430 3154 5469 aerumnosa
3185 5417 3287 5470 hac
3318 5426 3371 5470 et
3403 5426 3681 5470 exsecrata
3711 5419 3790 5469 vi-

2220 5513 2273 5558 ta
2313 5504 2637 5560 Mobametis
2673 5507 2905 5571 insania,
2935 5517 2991 5561 ιιι
3020 5509 3157 5562 hanc
3189 5510 3400 5563 scilicet
3444 5508 3582 5563 Deus
3623 5511 3788 5578 jusm

2223 5599 2476 5650 daturum
2507 5613 2566 5652 sc
2589 5613 2709 5654 esse
2736 5602 3066 5668 proiniserit,
3108 5601 3199 5654 sed
3235 5601 3441 5656 invenit
3470 5601 3638 5654 vitam
3673 5617 3790 5653 ma-

2221 5691 2286 5744 lis
2309 5691 2465 5759 longe
2494 5691 2844 5760 insigniorem
2872 5704 2924 5747 et
2948 5710 3076 5748 vero
3102 5705 3339 5764 turpem.
3385 5694 3619 5747 Adamus
3646 5696 3792 5745 cnim

2219 5793 2343 5853 post
2383 5784 2637 5838 delictum
2676 5797 2728 5839 ct
2759 5789 3193 5842 exsecrationem
3221 5797 3274 5840 et
3303 5802 3332 5840 c
3369 5786 3620 5854 paradiso
3649 5785 3792 5840 exsi-
