3962 6560
205 385 319 451 933

1216 373 1658 440 CHRONICON
1702 373 1976 435 MAJUS.
2007 397 2071 410 σ-
2115 372 2258 430 Llll-
2295 371 2386 434 IV.

3355 378 3463 441 934

201 518 301 554 του
326 499 474 567 ζωῆς
500 495 629 563 [nr]
673 494 707 565 ἡ
751 492 843 547 τοῦ
874 489 1121 558 Μωάμεθ
1160 489 1495 560 παραλογξα,
1523 491 1592 559 ἢν
1620 489 1781 557 δῆθεν
1808 492 1858 548 Α
1883 489 1978 542 καὶ
2028 489 2200 558 μόνην
2261 491 2500 556 γυναῖκα
2537 488 2679 558 ἔχων
2730 490 2986 556 ἕκαστος,
3021 489 3308 562 ἐσώθησαν
3351 495 3464 546 ἀπὸ
3532 480 3538 486 ’

206 588 614 658 ἐπαγγέλλεται
664 587 692 638 ὁ
747 585 882 645 Θεὸς
913 583 1108 637 δώσειν
1159 587 1275 646 τοῖς
1325 583 1583 646 δικαίοις,
1644 583 1782 636 ἀλλὰ

205 680 392 748 πολλῷ
429 680 508 749 τῷ
536 679 740 749 χείρονι
771 678 1136 744 διαφέρουσαν
1167 677 1260 728 καί.
1288 677 1544 748 αἰσχράν.
1590 675 1648 728 '0
1677 677 1783 744 γὰρ

216 775 394 840 Ἀδὰμ
445 773 580 841 μετὰ
623 772 724 841 τὴν
773 769 1088 837 παράϐασιν
1117 773 1216 820 καὶ
1261 768 1359 836 τὴν
1394 769 1646 837 κατάραν
1687 769 1784 821 καὶ⁸

202 866 308 935 τὴν
353 865 573 932 ἑξορίαν
624 866 724 934 τὴν
779 867 887 918 ἀπὸ
951 868 1045 920 τοῦ
1101 868 1437 935 παραδείσου
1494 865 1636 933 ἔγνω
1679 865 1782 936 τὴν

205 956 357 1010 Εῦαν
387 976 400 988 ·
438 957 577 1010 ὀλλά
623 960 717 1012 καὶ
763 959 921 1012 τοῦτο
967 960 1056 1012 διὰ
1108 961 1207 1028 τὴν
1261 961 1634 1026 τεκνογονίαν,
1686 961 1784 1012 καὶ

204 1049 593 1118 ἐτεκνοποίησε
621 1068 635 1082 ο
668 1051 776 1119 πρὸ
819 1051 874 1104 δὲ
920 1053 1018 1116 τῆς
1063 1052 1433 1120 παραϐάσεως
1472 1052 1783 1118 ἀγγελικῶς

203 1139 365 1202 ἔζων.
401 1142 592 1209 Ὅμως
648 1142 746 1194 καὶ
794 1146 820 1194 ὁ
863 1143 1033 1209 Ἀδὰμ
1079 1146 1238 1211 εἰπερ
1291 1144 1436 1211 ἔγνω
1469 1144 1569 1214 τὴν
1615 1143 1779 1207 Εὕαν,

203 1231 347 1283 ἀλλὰ
379 1233 474 1284 καὶ
525 1229 681 1295 αὖθις
730 1235 828 1301 μία
858 1237 950 1286 καὶ
987 1235 1123 1303 μόνη
1164 1236 1453 1305 εὑρίσκετο
1505 1237 1643 1305 γυνὴ
1688 1236 1783 1289 καὶ

208 1322 275 1372 οὐ
317 1321 535 1375 πολλαί.
571 1320 708 1374 Οὔτε
759 1325 866 1392 γὰρ
893 1324 949 1376 ἓν
982 1325 1147 1394 ἄρσεν
1172 1327 1431 1394 ἐποίησεν
1467 1327 1496 1376 ὁ
1523 1326 1655 1382 Θεὸς
1689 1327 1782 1378 καὶ

205 1413 380 1465 πολλὰ
411 1413 598 1483 θήλεα,
632 1413 756 1466 οὕτε
785 1418 954 1468 πολλὰ
985 1419 1194 1488 ἄρρενα
1239 1421 1332 1471 καὶ
1364 1418 1422 1470 ἒν
1469 1419 1626 1486 Θῆλυ,
1661 1419 1781 1472 ἀλλ’

207 1505 270 1558 ἒν
317 1509 484 1575 ἄρσεν
518 1508 607 1558 τὸν
650 1509 822 1576 Ἀδᾶμ
862 1510 952 1562 καὶ
985 1509 1040 1560 ἒν
1093 1510 1228 1578 θῆλυ
1283 1510 1384 1578 τὴν
1424 1509 1566 1563 Εὕαν
1593 1528 1610 1545 ο
1643 1513 1782 1582 πλη-

210 1600 504 1660 θυνθέντος
529 1599 585 1651 δὲ
618 1599 710 1652 τοῦ
743 1602 932 1666 γένους
965 1602 1072 1654 τῶν
1107 1602 1412 1670 ἀνθρώπων
1454 1605 1548 1656 καὶ
1583 1605 1782 1657 πεσόν·

206 1709 299 1752 τος
328 1695 408 1752 εἰς
437 1693 686 1759 ἀσελγεῖς
716 1696 806 1746 καὶ
842 1695 1141 1761 ἀθεμίτους
1188 1697 1418 1766 πράξεις
1446 1699 1722 1768 ἐϐαρύνθη
1750 1702 1779 1752 ὁ

204 1783 340 1842 Θεὸς
396 1784 490 1835 καὶ
543 1785 791 1854 ὠργίσθη
852 1785 975 1838 κατ’
1034 1787 1236 1849 αὐτῶν,
1288 1790 1363 1850 ὼς
1423 1791 1451 1840 ὁ
1508 1791 1779 1859 μακάριος

207 1876 450 1943 Μωῦσῆς
496 1877 724 1944 γράφων
763 1878 1074 1945 εὑρίσκεται
1111 1881 1168 1930 ὲν
1214 1879 1291 1948 τῷ
1323 1879 1518 1952 βιϐλίῳ
1551 1882 1648 1949 τῆς
1686 1883 1789 1934 Γεε

209 1970 412 2032 νέσεως
463 1970 545 2022 ὅτι
592 1967 745 2022 εἶπεν
791 1973 819 2023 ὁ
866 1971 1037 2033 Θεός·
1077 1990 1097 2022 ι
1134 1973 1208 2025 Οὐ
1245 1974 1320 2042 μὴ
1363 1976 1672 2046 καταμείνῃ
1720 1975 1779 2029 τὸ

213 2057 436 2127 Πνεῦμὰ
485 2077 584 2128 μου
633 2059 720 2113 ἐπ’
765 2061 960 2122 αὐτοὺς
994 2061 1094 2114 διὰ·
1122 2063 1181 2114 τὸ
1223 2059 1362 2116 εἶναι
1414 2065 1614 2128 αὐτοὺς
1643 2065 1779 2136 σάρ-

207 2166 332 2210 κας,
381 2167 400 2199 ι
437 2149 512 2213 ὡς
562 2149 723 2218 δῆθεν
783 2151 920 2214 ὅλως
983 2155 1281 2224 σαρκικοὺς
1334 2157 1631 2223 γεγονότας
1685 2157 1779 2209 καὶ

201 2241 485 2302 παντελῶς
509 2243 753 2310 γηῒνους,
781 2247 881 2296 οὒκ
915 2244 1142 2313 ἔχοντας
1183 2249 1409 2318 μνήμην
1441 2249 1532 2300 τοῦ
1563 2251 1776 2316 ἀγαθοῦ
1801 2248 1804 2252 ’

202 2334 297 2384 καὶ
325 2335 404 2394 εἱς
442 2335 732 2401 ἀσελγείας
776 2335 940 2406 350
989 2339 1357 2407 ἐμπεσόντας.
1389 2342 1523 2394 Τότε
1571 2343 1720 2410 λέγει
1748 2345 1777 2397 6

199 2424 338 2484 Θεὸς
364 2425 440 2495 τῷ
470 2427 615 2493 Νῶε,
656 2445 674 2478 ι
718 2427 841 2481 Ὅτι
888 2446 948 2482 σε
998 2432 1211 2501 εὕρηκα
1243 2433 1452 2487 δίκαιον
1508 2437 1566 2488 ὲν
1600 2437 1775 2508 ταύτῃ

200 2521 270 2586 τῇ
298 2521 484 2588 γενεᾷ,
512 2521 740 2590 ποίησον
772 2521 1006 2574 κιόωτὸν
1049 2527 1186 2592 μετὰ
1239 2525 1413 2589 ξύλων
1443 2529 1650 2583 τοιάνδε
1680 2531 1774 2582 καὶ

201 2613 438 2666 τοιάνδε.
479 2633 496 2663 ι
531 2615 640 2666 Kal
693 2617 918 2685 ἐποίησε
959 2617 1080 2670 Νῶε
1129 2618 1228 2688 τὴν
1265 2620 1499 2673 κιϐωτὸν
1539 2623 1682 2674 κατὰ
1715 2622 1776 2673 τὸ

205 2704 362 2773 ῥῆμα
397 2703 621 2774 Κυρίου.
656 2707 767 2758 Kal
815 2708 1035 2774 εἰσῆλθε
1085 2708 1208 2762 Νῶε
1253 2713 1335 2773 εἰς
1376 2711 1477 2781 τὴν
1517 2713 1770 2776 κιϐωτὸν,

201 2796 301 2847 καὶ
351 2797 402 2848 ol.
454 2800 604 2866 τρεῖς
655 2799 763 2850 υιοι
819 2798 1008 2864 αὐτοῦ,
1057 2800 1179 2869 Σήμ
1233 2802 1360 2868 Kay.
1420 2802 1626 2872 Ἰἀφεθ.
1663 2807 1773 2858 Kal

199 2886 456 2954 εἰσῆλθεν
480 2891 513 2958 ὴ
549 2889 686 2962 γυνὴ
716 2890 810 2943 τοῦ
859 2889 982 2944 Νῶε
1013 2894 1116 2970 ,εἰς
1150 2893 1250 2963 τὴν
1280 2894 1535 2957 κιδωτὸν,
1577 2901 1672 2952 καὶ
1715 2902 1772 2952 al

197 2981 357 3048 τρεῖς
386 2983 642 3048 γυναῖκες
693 2982 804 3036 τῶν
849 2984 983 3037 υἱῶν
1035 2985 1182 3039 Νῶε.
1231 2985 1395 3058 Ὁρᾷς
1445 2987 1564 3052 πῶς
1591 2993 1620 3043 ὁ
1649 2991 1771 3044 Νῶε

202 3071 308 3140 μὲν
337 3073 690 3144 ἐμαρτυρήθη
732 3075 885 3145 παρὰ
911 3077 1004 3129 τοῦ
1033 3077 1174 3131 Θεοῦ
1202 3077 1416 3144 δίκαιος
1439 3081 1466 3133 ό
1505 3083 1646 3152 ἔχων
1671 3085 1770 3151 τὴν

1888 581 1987 647 τῆς
2033 581 2206 649 ὸργῆς
2257 581 2352 634 τοῦ
2407 582 2585 634 Θεοῦ⁹
2652 582 2800 637 ἆπαν
2845 585 2903 637 δὲ
2950 584 3011 636 τὸ
3040 585 3196 652 γένος
3222 587 3333 638 τῶν
3364 588 3462 639 ἀν-

1887 672 2122 741 θρώπων
2170 673 2443 725 ἀπέθανεν
2485 675 2588 726 ὑπὸ
2621 674 2715 727 τοῦ
2747 675 3139 744 κατακλυσμοῦ
3187 679 3294 728 τῶν
3330 678 3460 729 ὑδά-

1886 784 2012 818 των.
2053 767 2275 828 Πάντως
2313 770 2404 820 καὶ
2437 769 2528 820 τὸν
2556 771 2734 838 πάντη
2771 771 3002 840 ἀνόητον
3030 771 3189 824 τοῦτο
3219 772 3462 826 διδάσκει

1885 859 1968 912 ὅτι
2001 861 2137 924 μίαν
2167 861 2262 912 καὶ
2303 860 2472 928 μόνην
2503 863 2743 928 γυναῖκα
2773 865 2924 915 ἐστιν
2971 864 3081 915 ἀπὸ
3111 863 3204 914 τοῦ
3247 862 3459 915 δικαίου

1886 954 2031 1022 ἔχειν
2079 955 2172 1004 τὸν
2208 955 2498 1023 ἄνθρωπον
2531 956 2623 1007 καὶ
2669 956 2764 1007 ἕνα
2817 957 2980 1024 μόνον
3012 957 3183 1026 ἄνδρα
3215 957 3315 1024 τὴν
3363 974 3462 1023 γυ-

1886 1050 2070 1099 ναῖκα.
2112 1048 2274 1100 Ἀλλὰ
2307 1047 2588 1101 καὶτοῦτο
2622 1049 2763 1116 μετὰ
2792 1050 2891 1117 τὴν
2931 1049 3178 1116 κατάραν
3215 1050 3458 1114 ἐγένετο,

1884 1139 1974 1191 διὰ
2018 1140 2116 1209 τὴν
2171 1144 2541 1207 τεκνογονὶαν,
2575 1141 2649 1202 ὡς
2702 1141 2941 1210 εἴρηται.
2992 1141 3050 1193 '0
3106 1141 3162 1192 δὲ
3212 1141 3458 1208 Μωὰμεθ

1883 1235 2124 1286 διδάσκει
2177 1235 2483 1301 ἀναφανδὸν
2537 1237 2617 1288 ὃτι
2665 1237 2696 1304 ἡ
2749 1237 2899 1305 παρᾶ
2930 1235 3023 1286 τοῦ
3055 1235 3190 1288 Θεοῦ
3227 1237 3340 1296 τοῖς
3379 1235 3460 1287 δι-

1884 1327 2062 1388 καίοις
2095 1328 2456 1389 ἀνταπόδοσις
2487 1328 2691 1396 λουτρὰ
2725 1329 2818 1380 καὶ
2852 1331 3116 1394 γυναῖκες
3152 1328 3346 1381 πολλαὶ
3376 1328 3458 1379 ἑνὶ

1885 1419 2098 1487 ἑκάστῳ
2129 1419 2225 1470 καὶ
2249 1413 2386 1470 οἴκοι
2427 1421 2794 1486 περικαλλεῖς.
2839 1421 2896 1472 Ὀ
2926 1418 3060 1488 γοῦν
3087 1420 3259 1473 ταῦτα
3293 1437 3458 1488 νομο-

1886 1511 2059 1562 θετῶν
2097 1510 2216 1571 πῶς
2251 1511 2358 1562 ὰπὸ
2395 1511 2574 1575 θεοῦ;
2613 1513 2859 1574 illitam;
2889 1512 2944 1563 δὲ
2993 1513 3020 1563 ὁ
3059 1511 3229 1564 ταῦτα
3278 1529 3456 1578 παρα-

1884 1602 2177 1670 δεχόμενος
2216 1606 2310 1656 καὶ
2360 1604 2635 1654 πιστεύων
2690 1604 2772 1655 ὅτι
2820 1603 2878 1654 τὸ
2914 1603 3139 1668 γεγονὸς
3183 1603 3249 1655 δι’
3285 1603 3455 1671 ὀργὴν

1882 1695 1959 1762 τῷ
1988 1696 2372 1764 ἁμαρτήσαντι
2404 1696 2904 1758 πολυπλασιὰζεται
2944 1698 3002 1746 ἐν
3039 1696 3114 1762 τῷ
3147 1693 3324 1764 καιρῷ
3356 1696 3456 1762 τῆς

1887 1787 2311 1855 μισθαποδοσίας
2365 1788 2459 1838 τοῦ
2514 1786 2684 1838 καλοῦ
2740 1790 2835 1839 καὶ
2878 1786 3088 1853 ἀγαθοῦ
3121 1789 3237 1848 τοῖς
3278 1787 3454 1853 ἁγίοις

1883 1875 1979 1927 καὶ
2016 1874 2269 1937 δικαίοις.
2306 1877 2414 1927 Kal
2467 1876 2728 1945 πρόσεξον
2783 1877 2847 1928 τὰ
2898 1877 3180 1944 γεγονότα.
3221 1878 3382 1942 Λξγει
3425 1878 3455 1928 ὁ

1881 1969 2161 2038 Μωῦσῆς·
2206 1989 2223 2021 ι
2267 1971 2376 2022 Kal
2407 1970 2627 2039 εἰσῆλθε
2664 1971 2787 2022 Νῶε
2844 1972 2922 2033 εἰς
2963 1971 3062 2038 τὴν
3096 1969 3329 2022 κιϐωτὸν
3357 1969 3451 2021 καὶ

1880 2061 1928 2113 οἱ
1989 2060 2097 2114 υἱοὶ
2157 2061 2322 2113 αὐτοῦ
2376 2062 2470 2114 καὶ
2527 2063 2560 2128 ἡ
2605 2063 2742 2128 γυνὴ
2772 2058 2939 2113 αὑτοῦ
2982 2062 3074 2114 καὶ
3111 2061 3166 2114 al
3194 2063 3456 2128 γυναῖκες

1879 2151 1988 2202 τῶν
2028 2149 2158 2204 υἱῶν
2187 2150 2378 2206 αὑτοῦ.
2429 2171 2446 2202 ι
2485 2152 2644 2221 351
2685 2154 2792 2204 Kal
2817 2156 2897 2214 εἰς
2940 2153 3036 2222 μὲν
3077 2153 3174 2222 τὴν
3206 2153 3452 2204 εἰσέλευ-

1883 2261 1969 2296 σιν
2000 2244 2186 2311 λέγει·
2226 2265 2243 2296 ι
2287 2246 2516 2316 Εἱσῇλθε
2547 2247 2670 2298 Νῶε
2710 2247 2804 2299 καὶ
2842 2249 2891 2299 οἱ
2926 2249 3031 2298 υἱοὶ
3079 2247 3243 2299 αὑτοῦ
3277 2247 3373 2299 καὶ
3415 2250 3447 2315 ἡ

1879 2336 2014 2405 γυνὴ
2039 2337 2208 2388 αὑτοῦ
2253 2339 2345 2390 καὶ
2375 2341 2430 2391 al
2466 2341 2726 2406 γυναῖκες
2755 2339 2864 2392 τῶν
2905 2339 3035 2392 υἱῶν
3064 2341 3228 2392 αὐτοῦ
3267 2355 3283 2371 ι
3319 2360 3338 2388 ι
3371 2343 3454 2402 εἰς

1879 2428 1934 2480 δὲ
1980 2430 2080 2496 τὴν
2121 2428 2402 2494 ὲξέλευσιν
2446 2430 2544 2498 οὐχ
2587 2430 2759 2492 οὕτως
2811 2429 2928 2482 ἀλλ’
2955 2447 2968 2461 ο
3015 2449 3033 2482 ι
3073 2430 3299 2498 Ἐξῆλθε
3331 2431 3451 2482 Νιῖε

1880 2522 1973 2574 καὶ
2002 2524 2034 2590 ἡ
2064 2522 2202 2592 γυνὴ
2231 2522 2398 2574 αὑτοῦ
2431 2523 2526 2575 καὶ
2555 2525 2604 2576 οἰ
2637 2525 2744 2575 υἱοὶ
2778 2523 2946 2576 αὑτοῦ
2979 2526 3071 2577 καὶ
3102 2527 3158 2577 αἱ
3192 2528 3451 2592 γυναῖκες

1877 2613 1985 2664 τῶν
2022 2614 2157 2666 υἱῶν
2190 2613 2360 2667 αὑτοῦ
2398 2616 2518 2682 μετ’
2549 2617 2738 2678 αὐτοῦ,
2777 2612 2796 2668 ι
2825 2619 3041 2678 πάντως
3071 2619 3223 2671 οἰδὲν
3261 2619 3453 2684 ἕτερον

1876 2702 2170 2772 δηλοῦντος
2214 2704 2307 2757 τοῦ
2365 2704 2526 2769 λόγου
2571 2707 2602 2776 ἢ
2659 2707 2740 2759 ὃτι
2796 2707 2899 2758 κᾶν
2949 2709 3041 2759 καὶ
3101 2708 3228 2775 μίαν
3281 2710 3452 2778 μόνην

1877 2797 2107 2864 γυναῖκά
2161 2798 2311 2851 ἐστιν
2373 2799 2481 2850 ἀπὸ
2537 2799 2750 2852 δικαίου
2801 2800 2950 2869 ἔχειν
3004 2800 3094 2852 τὸν
3139 2802 3449 2870 ἄνθρωπον.

1875 2886 1991 2938 ἀλλ’
2026 2887 2176 2938 ἔστιν
2202 2889 2286 2941 ὅτε
2328 2890 2418 2940 καὶ
2455 2890 2623 2958 αὐτῆς
2659 2891 2962 2958 ἀπέχεσθαι
3003 2892 3217 2960 πρέπον
3258 2894 3408 2945 ἐστίν
3434 2908 3450 2923 ·

1875 2979 1934 3030 ἰν
1965 2979 2072 3047 γὰρ
2101 2979 2178 3047 τῷ
2211 2980 2392 3031 εἰπεῖν
2424 2981 2509 3034 ὅτι
2555 2981 2784 3049 Εἱσῆλτεε
2818 2983 2940 3034 Νῶε
2977 2985 3057 3044 εἰς
3090 2985 3184 3054 τὴν
3215 2986 3452 3038 κιιὶωτὸυ

1877 3073 1970 3126 καὶ
2002 3075 2050 3124 οἱ
2089 3073 2198 3124 υἱοὶ
2234 3073 2421 3134 αὐτοῦ,
2456 3074 2656 3140 ἔδειξεν
2688 3075 2814 3138 τοὺς
2850 3078 3000 3139 υἱοὺς
3032 3079 3197 3130 αὐτοῦ
3243 3074 3353 3132 οἷόν
3398 3098 3452 3133 τι

200 3164 341 3234 μίαν
369 3170 619 3232 γυναῖκα.
661 3168 820 3223 Ἀλλὰ
844 3169 908 3242 δὴ
947 3173 1040 3223 και
1071 3174 1121 3224 οἱ
1149 3173 1254 3226 ulol
1285 3173 1472 3237 αὑτοῦ,
1500 3175 1606 3227 ἀνὰ
1641 3176 1770 3246 μίαν
1799 3169 1842 3226 C
1875 3164 2223 3236 διατείχισμα
2279 3165 2516 3236 χωρίξον
2572 3167 2666 3220 τὸν
2697 3167 2819 3221 Νῶε
2876 3170 2984 3222 ἀπδ
3038 3171 3140 3238 τῆς
3194 3172 3455 3238 γυναικὸς

201 3346 337 3400 lium
383 3345 504 3402 eum
539 3348 645 3403 Eva
683 3349 1002 3410 concubuit.
1033 3349 1126 3404 sed
1162 3349 1234 3405 ob
1272 3351 1564 3405 liberorum
1606 3367 1770 3422 gene-

195 3439 494 3502 rationem,
539 3449 701 3510 atque
742 3441 1024 3510 generavit
1070 3441 1293 3497 liberos.
1328 3445 1466 3498 Ante
1507 3444 1765 3499 delictum

197 3543 384 3588 autem
426 3537 478 3588 in
513 3537 828 3604 angelorum
868 3538 1088 3590 modum
1123 3538 1394 3592 vixerant.
1425 3541 1529 3594 Sed
1586 3551 1765 3596 tamen

196 3627 416 3680 etiamsi
448 3641 570 3680 cuin
610 3625 716 3680 Eva
764 3627 1006 3682 Adamus
1041 3631 1357 3695 concubuit,
1395 3632 1552 3686 unica
1587 3641 1764 3687 tamen

196 3719 400 3772 {etiiioa
436 3728 572 3778 erat.
604 3734 710 3773 non
741 3720 942 3773 multm.
982 3721 1192 3775 Etenim
1239 3738 1338 3777 nec
1363 3740 1528 3777 ιιιιιιηι
1560 3741 1765 3780 marem

192 3822 254 3865 et
284 3813 482 3866 multas
523 3811 774 3876 feminas,
811 3829 908 3868 nec
953 3816 1156 3870 multos
1197 3832 1376 3870 mares
1411 3828 1464 3870 et
1502 3833 1664 3874 unam
1695 3819 1770 3872 fe-

193 3905 427 3964 minam.
461 3904 553 3957 sed
606 3920 771 3957 unum
808 3921 1008 3959 marem
1047 3909 1334 3973 Adamum,
1386 3919 1438 3962 et
1480 3925 1642 3963 unam
1693 3910 1768 3962 [eo

193 3995 400 4048 tninam
437 3992 598 4046 Evam
659 3994 798 4048 Deus
845 3999 1073 4051 creavit.
1119 3999 1294 4052 Aucto
1340 4009 1519 4052 autem
1567 4015 1766 4068 genere

191 4085 436 4140 humano
473 4095 529 4140 et
575 4087 638 4140 ad
679 4086 915 4142 facinora
963 4089 1252 4145 libidinosa
1293 4098 1348 4145 et
1375 4092 1764 4160 injustadecli-

192 4189 382 4239 naute,
417 4177 796 4248 indignabatur
841 4179 1019 4248 iisque
1053 4182 1393 4236 irascebatur
1419 4184 1579 4247 Deus.
1621 4188 1762 4240 sicut

189 4269 417 4323 divinus
473 4269 682 4340 Moyses
745 4270 798 4325 in
842 4270 985 4325 lihro
1048 4272 1275 4328 Genesis
1328 4278 1536 4341 scribit,
1589 4277 1758 4332 Deum

189 4362 402 4413 dixisse
423 4377 466 4413 ει
500 4359 576 4414 Ne
601 4372 816 4414 maneto
843 4377 1002 4431 super
1024 4379 1118 4418 eos
1139 4364 1380 4431 Spiritus
1407 4383 1586 4431 meus,
1625 4375 1762 4438 quo-

189 4449 341 4502 niam
369 4466 496 4502 caro
516 4458 663 4516 sunt,
679 4470 694 4501 ι
711 4451 812 4516 hoc
835 4453 1088 4516 estplane
1113 4455 1382 4509 libidinosi
1407 4467 1456 4510 et
1478 4469 1760 4514 terrestres

1879 3346 2169 3412 rationem,
2207 3360 2264 3403 ut
2289 3349 2554 3406 diximus.
2595 3351 2663 3403 At
2690 3349 3025 3406 Mobametes
3059 3363 3242 3420 aperte
3269 3353 3448 3419 docet,

1882 3453 1912 3496 a
1950 3438 2059 3491 Deo
2081 3439 2242 3505 juslis
2267 3457 2367 3510 pro
2399 3443 2622 3510 praemio
2650 3442 2836 3496 datum
2867 3444 2931 3495 iri
2959 3444 3194 3507 lavacra.
3222 3456 3270 3499 et
3297 3445 3457 3500 ient-

1880 3544 1981 3583 nas
2015 3531 2242 3597 singulis
2275 3532 2457 3600 pluri's
2507 3542 2559 3584 et
2612 3533 2756 3586 :edes
2814 3533 3232 3601 pulcherrimas.
3299 3535 3450 3588 Talia

1883 3621 2050 3688 igitur
2089 3622 2183 3691 qui
2217 3623 2332 3691 lege
2381 3625 2557 3678 sancit
2589 3630 2867 3692 quonme
2902 3639 2931 3677 a
2976 3627 3083 3679 Deo
3118 3625 3316 3679 missus
3357 3628 3458 3681 sit?

1877 3712 1993 3766 luio
2017 3714 2216 3768 stultus
2238 3725 2343 3775 est.
2371 3715 2462 3782 qui
2492 3715 2592 3768 ista
2641 3716 2856 3782 prohat.
2885 3725 3049 3784 atque
3087 3719 3280 3780 credit.
3308 3722 3450 3787 quod

1878 3803 2170 3857 libidinose
2197 3804 2274 3870 ﬁl,
2308 3806 2358 3858 id
2396 3815 2533 3868 tum.
2556 3822 2680 3859 cum
2713 3809 2930 3874 praemia
2968 3809 3105 3861 bona
3143 3819 3196 3862 et
3221 3813 3447 3874 pulchra

1878 3898 2084 3950 sanctis
2105 3898 2381 3965 justisque
2405 3898 2705 3962 dabuntur,
2737 3905 2980 3967 peccanli
3023 3903 3444 3970 multiplicatum

1877 3987 1968 4040 iri.
2001 3988 2234 4040 Attende
2268 4005 2416 4054 vero,
2445 4005 2563 4059 qua:
2597 4005 2760 4058 porro
2790 3993 2930 4046 laeta
2973 3995 3101 4049 sint.
3134 3993 3272 4048 Dicit
3301 3996 3450 4067 Moy-

1875 4093 1962 4133 ses
1999 4096 2014 4132 :
2052 4098 2070 4130 ι
2107 4080 2284 4148 Atque
2311 4082 2590 4148 ingressus
2617 4094 2700 4136 est
2741 4084 2921 4137 arcani
2959 4085 3072 4140 Noe
3121 4096 3173 4142 et
3206 4089 3297 4142 ﬁlii
3325 4090 3450 4160 ejus

1797 4173 1806 4178 “
1870 4180 1923 4224 et
1962 4185 2103 4223 uxor
2128 4171 2246 4238 ejus
2286 4183 2334 4224 et
2371 4189 2572 4228 uxores
2606 4174 2838 4229 liliorutn
2871 4179 3011 4244 ejus.
3055 4197 3072 4230 ι
3121 4179 3194 4234 De
3237 4183 3449 4248 ingres-

1871 4263 2027 4316 sione
2068 4264 2228 4331 igitur
2260 4263 2417 4318 dicit:
2467 4283 2485 4316 ι
2521 4265 2804 4333 Ingressus
2836 4278 2917 4322 est
2952 4269 3060 4324 Noe
3094 4284 3143 4326 et
3198 4275 3291 4328 ﬁlii
3327 4277 3447 4342 ejus

1871 4367 2140 4411 eluxores
2171 4357 2403 4410 ﬁliorum
2446 4358 2565 4424 ejus
2612 4376 2626 4423 ;
2673 4380 2689 4409 ι
2714 4362 2777 4415 de
2807 4364 2955 4416 exitu
2988 4379 3170 4420 autem
3207 4385 3311 4423 non
3351 4373 3444 4432 ila.

1871 4454 2001 4505 sed:
2047 4471 2064 4502 ι
2111 4453 2370 4521 Egresszrs
2395 4467 2475 4507 est
2509 4452 2622 4506 Noe
2654 4466 2707 4508 et
2739 4473 2875 4509 uxor
2906 4460 3024 4526 ejus
3047 4473 3098 4514 et
3125 4463 3215 4515 lilii
3244 4465 3360 4532 ejus
3393 4484 3447 4516 et

187 4541 665 4613 factisunl,atque
702 4547 810 4598 veri
847 4548 1081 4615 bonique
1127 4547 1500 4614 immemores.
1537 4553 1770 4607 lasciviae
1803 4521 1847 4579 Ι)
1877 4560 2074 4598 uxores
2105 4547 2338 4598 ﬁliorum
2385 4549 2503 4616 ejus
2531 4564 2652 4601 cum
2686 4565 2770 4604 eo.
2804 4571 2818 4602 ι
2861 4555 3068 4615 Quibus
3099 4557 3277 4611 verbis
3314 4562 3446 4613 nihil

184 4647 246 4687 se
265 4632 552 4689 dederunt.
577 4633 713 4689 Tum
741 4635 878 4691 Deus
901 4635 1017 4692 Noe
1046 4638 1174 4692 dicit
1202 4656 1214 4690 :
1243 4657 1261 4690 ι
1288 4637 1556 4704 Quoniam
1597 4655 1647 4695 te
1673 4643 1762 4710 ju-

181 4737 336 4782 stum
365 4729 636 4783 hominem
676 4731 854 4784 iuveni
887 4731 938 4784 in
971 4731 1072 4784 hoc
1097 4747 1312 4801 genere,
1338 4750 1457 4803 age,
1483 4751 1663 4789 arcam
1699 4737 1761 4788 Ii-

177 4833 381 4890 gneam
405 4828 644 4873 exstrue.
677 4838 696 4871 ι
719 4820 1002 4874 Εεειτιιιὶι
1028 4821 1190 4888 igitur
1235 4823 1346 4878 Noe
1373 4839 1554 4879 arcam
1577 4844 1606 4877 e
1635 4842 1758 4894 prte-

175 4920 347 4980 cepto
376 4908 676 4970 Domini.et
703 4912 923 4966 intravit
949 4927 1066 4966 eam
1093 4929 1216 4966 cum
1244 4916 1415 4968 tribus
1445 4917 1590 4980 ﬁliis,
1611 4919 1758 4980 Seni.

174 5004 378 5067 Cham,
400 5003 630 5074 Japheth
654 5023 667 5058 :
696 5006 1026 5074 intravitque
1049 5007 1298 5059 eamdem
1325 5023 1462 5062 uxor
1487 5009 1615 5062 N032
1634 5025 1758 5063 cum

179 5097 365 5149 tribus
401 5097 664 5149 uxoribus
701 5096 934 5148 ﬁliorum
975 5095 1125 5151 Noae.
1179 5096 1362 5168 Vides,
1417 5099 1582 5154 Deum
1627 5097 1756 5154 Note

179 5198 244 5242 ut
282 5187 434 5253 justo
485 5188 688 5240 homini
740 5195 996 5241 testatum
1026 5202 1169 5250 esse.
1226 5189 1427 5259 quippe
1451 5191 1543 5259 qui
1592 5207 1755 5246 uuam

175 5295 411 5333 uxorem
451 5281 692 5334 haberet.
725 5278 832 5334 Nec
864 5294 990 5333 vero
1021 5280 1260 5348 ejusdem
1295 5282 1409 5344 ﬁlii.
1438 5286 1530 5352 qui
1567 5293 1619 5336 et
1653 5284 1754 5352 ipsi

139 5372 386 5440 singuli
425 5373 666 5441 singulas
715 5387 911 5426 uxores
953 5372 1236 5435 haberent.
1278 5375 1347 5428 ah
1383 5375 1460 5429 ira
1515 5375 1604 5428 Dei
1647 5391 1751 5430 non

169 5466 382 5516 servati
415 5473 576 5516 sunt:
613 5479 734 5516 cum
764 5479 925 5518 omne
955 5480 1128 5532 genus
1155 5465 1456 5520 humanum
1483 5483 1749 5536 aquarum

170 5552 427 5624 proluvie
461 5553 683 5620 periret.
713 5553 844 5618 Quae
880 5569 964 5610 res
1008 5554 1171 5608 etiam
1227 5558 1610 5610 stultissimum
1653 5559 1754 5612 ho-

166 5645 382 5699 minem
439 5645 618 5704 docet.
665 5645 906 5714 legitime
962 5662 1125 5700 unaiu
1174 5662 1398 5700 uxorem
1447 5649 1644 5711 virum.
1701 5661 1755 5704 el.

162 5750 346 5790 unum
384 5737 634 5790 maritum
671 5735 927 5791 feminam
976 5739 1194 5792 habere.
1232 5739 1336 5793 Sed
1395 5740 1499 5794 hoe
1532 5757 1754 5812 quoque

159 5836 298 5894 post
323 5828 751 5882 exsecrationem
794 5828 991 5882 factum
1019 5840 1121 5894 est,
1155 5831 1222 5884 oh
1266 5829 1557 5884 liberorum
1591 5849 1753 5903 gene-

1869 4639 2011 4691 aliud
2049 4639 2408 4708 signiﬁcatur.
2444 4642 2544 4694 nisi
2583 4645 2708 4704 hoc.
2748 4646 2958 4700 etiamsi
3003 4665 3167 4702 uuam
3216 4669 3444 4706 lﬂnt't'lll

1867 4731 2108 4799 legitime
2138 4732 2217 4784 vir
2249 4732 2465 4790 haheat.
2519 4749 2917 4802 nonnunquam
2952 4749 3130 4792 tamen
3169 4758 3232 4796 ea
3276 4745 3449 4798 alsti-

1869 4829 2104 4878 nendum
2147 4825 2194 4878 ei
2224 4840 2364 4880 esse.
2423 4824 2557 4880 Nam
2616 4843 2738 4882 cuni
2791 4831 2949 4884 dicit:
2994 4853 3009 4883 ι
3049 4833 3336 4900 ingressus
3366 4850 3448 4890 νει

1865 4914 1982 4969 Noe
2035 4917 2086 4970 in
2138 4933 2318 4970 arcam
2361 4927 2414 4972 et
2447 4917 2541 4971 ﬁlii
2578 4918 2721 4986 ejus.
2763 4936 2780 4970 ι
2825 4920 2963 4973 ﬁlios
3009 4921 3127 4989 ejus
3185 4933 3441 4992 tanquam

1865 5008 2124 5075 parietem
2150 5007 2319 5062 Noam
2349 5009 2417 5063 ab
2459 5024 2631 5063 uxore
2685 5009 2806 5077 ejus
2832 5023 3180 5078 separantem
3220 5016 3443 5081 posuit.-

1863 5116 1985 5154 cum
2005 5111 2184 5155 autem
2206 5102 2373 5162 dicit:
2407 5121 2424 5152 ι
2458 5105 2724 5170 Egressus
2745 5113 2829 5157 est
2859 5103 2972 5158 Noe
2994 5115 3047 5159 et
3083 5121 3218 5159 uxor
3246 5108 3386 5175 ejus.
3421 5129 3438 5160 ι

1862 5193 2118 5253 ostendit.
2149 5194 2344 5248 dehinc
2378 5197 2508 5249 nihil
2539 5197 2650 5264 jam
2685 5195 2924 5262 obstare,
2978 5197 3276 5266 quominus
3312 5216 3446 5256 uxo-

1866 5287 1908 5338 ri
1937 5286 2220 5354 jungatur.
2261 5290 2404 5342 ldem
2464 5291 2750 5345 dicendum
2789 5300 2874 5346 est
2912 5292 2980 5344 de
3035 5293 3161 5346 liliis
3195 5296 3317 5363 ejus
3347 5312 3446 5349 eo-

1865 5380 2412 5446 rumque.uxorihus.
2463 5383 2754 5434 Enimvero
2799 5385 2912 5452 ipse
2945 5384 3155 5455 Moyses
3191 5387 3244 5439 in
3273 5404 3443 5443 'mon-

1865 5479 1971 5522 tem
2008 5467 2133 5523 Sina
2167 5475 2469 5525 ascendens
2520 5474 2691 5526 edixit
2733 5471 2960 5537 Iudaeis.
3023 5486 3084 5530 ut
3127 5479 3443 5533 sanctiﬁca-

1860 5571 1983 5614 rcnt
2015 5577 2072 5614 se
2095 5563 2160 5615 ad
2197 5564 2414 5616 tertium
2453 5566 2592 5618 diem
2643 5583 2814 5635 usque
2854 5578 2908 5621 et
2934 5577 3113 5623 vestes
3171 5571 3440 5633 lavarent.

1859 5667 1994 5707 neve
2025 5656 2314 5724 attingeret
2343 5657 2633 5725 quisquam
2667 5673 2917 5712 morem.
2946 5661 3087 5724 Quin
3129 5663 3292 5714 etiam
3327 5663 3444 5730 ipse

1859 5746 2104 5799 Adamus
2133 5747 2292 5800 Evam
2340 5749 2688 5817 conspicatus
2739 5750 2917 5804 dixit:
2956 5771 2972 5801 ι
3017 5751 3142 5806 llaec
3188 5761 3270 5805 est
3304 5769 3366 5807 os
3411 5770 3442 5807 e

1858 5840 1996 5894 meis
2027 5839 2263 5904 ossibus,
2303 5849 2356 5894 et
2399 5857 2526 5895 caro
2556 5857 2584 5896 e
2626 5857 2744 5896 mea
2787 5858 2991 5898 carne:
3045 5860 3216 5914 quare
3277 5845 3443 5901 homo
