3962 6620
1453 299 1463 307 σ
1509 299 1548 310 μ

220 437 327 503 ’937

1244 423 1696 489 'CHRONICON
1738 422 2006 485 MAJU‘S.
2052 448 2118 458 ·-
2156 421 2304 482 LIB.
2338 421 2436 482 Ν.

3357 412 3465 477 938

218 561 277 613 ιι
310 556 405 627 μὶν
444 553 521 616 ὡς
567 550 747 613 καλῶς
807 546 1006 608 αὐτοὺς
1055 545 1570 616 πολιτευσαμένους,
1602 545 1691 599 διὰ
1740 542 1793 594 τί
1827 547 1868 598 Α
1969 538 2128 610 355
2163 540 2276 609 Οὐχ
2305 538 2381 600 ώς
2408 535 2800 606 ἐπιλαθόμενος
2850 532 2942 587 τοῦ
2991 534 3257 627 ἡμετέρου
3306 531 3467 602 λόγου

224 650 324 704 οὐκ
355 644 619 715 ἐδόθησαν
672 641 857 703 αὐτοῖς
910 640 989 693 ἑνὶ
1041 639 1259 707 ἑκάστῳ
1306 637 1501 690 πολλαὶ⁵
1528 635 1791 704 γυναῖκες

227 737 542 810 ιδεργισίας
574 735 735 806 χάριν
781 733 879 786 καὶ
915 730 1285 799 ἀντιμισθίας,
1314 727 1389 793 ὡς
1417 727 1631 796 λέγετε,
1657 724 1795 779 ἀλλὰ

228 831 430 903 μᾶλλον
480 830 589 891 τοῖς
645 825 861 887 πολλοῖς
911 822 1138 893 ἀνδράσι
1182 824 1322 889 γυνὴ
1375 819 1506 889 μία;
1551 819 1613 871 Ei
1643 817 1688 903 δ’
1717 815 1794 879 ὡς

216 884 604 992 ἑατακρίτοις,
630 919 732 972 καὶ⁵
774 884 882 987 μην
925 916 983 967 αἱ
1011 884 1283 967 ’τοιαῦται
1311 884 1797 980 εὐεργεσίαιὶπο-

213 1017 384 1087 δοχῆς
413 1010 578 1084 354
606 1011 702 1065 καὶ
730 1009 944 1079 ἀγαθῆς
980 1005 1328 1077 ἀντιμισθίας
1372 1000 1584 1073 δόματά
1627 1000 1794 1064 εἰσιν,

182 1142 187 1145 ~
224 1109 300 1170 ὡς
328 1109 356 1159 ό
382 1104 631 1175 Μωάμεθ
672 1101 1005 1172 διαγορεύει.
1043 1100 1117 1154 Τὸ
1159 1098 1206 1151 δ’
1236 1096 1372 1152 αὐτὸ
1418 1094 1512 1149 καὶ
1546 1093 1640 1146 ἐπὶ
1683 1091 1796 1145 τῶν

228 1199 442 1253 πολλῶν
475 1183 765 1267 ’γυναικῶν
806 1195 915 1248 τῶν
965 1191 1351 1261 δοθησομένων
1389 1189 1471 1242 ἐνὶ
1516 1187 1672 1257 ἀνδρί
1697 1198 1715 1217 ⁸
1745 1187 1795 1239 εί

231 1288 330 1357 μὲν
373 1287 449 1349 ὡς
483 1279 787 1352 καταδίκης
818 1283 986 1348 ἄξιαι,
1024 1281 1141 1342 πῶς
1184 1280 1415 1334 δίδονται
1451 1278 1590 1349 πρὸς
1623 1277 1797 1338 αὐτὰς

221 1377 581 1449 εὐεργεσίαις
607 1376 671 1429 Ei
699 1376 743 1429 δ’
771 1373 1040 1443 ἀποδοχῆς
1069 1372 1240 1437 ἄξιαι,
1272 1372 1359 1426 διὰ
1391 1372 1444 1423 τί
1476 1370 1707 1424 δίδονται
1740 1370 1797 1423 αί

230 1469 422 1521 πολλαὶ
467 1468 548 1521 ἑνὶ
596 1467 780 1537 ἀνδρες
815 1466 922 1519 Καὶ
952 1464 1001 1518 τί
1044 1465 1146 1535 τῆς
1188 1462 1447 1531 τοιαύτης
1480 1461 1798 1534 συγχύσεως

222 1557 576 1629 ἀτοπώτερόν
610 1574 669 1611 τε
699 1556 794 1612 καὶ
819 1556 1185 1628 ἁηδέστερονς
1598 1622 1605 1628 ⁵
1704 1559 1708 1563 ‘

300 1650 528 1711 Βλέπεις
552 1649 668 1712 πῶς
696 1651 724 1704 ό
750 1657 1136 1719 παρατραπεις
1178 1648 1278 1718 τῆς
1307 1646 1519 1710 εὐθείας
1555 1646 1677 1700 ὁδοῦ
1717 1648 1798 1709 εἰς

231 1740 374 1793 πόσα
415 1739 599 1792 ἄτοπα
632 1739 1016 1808 παρεμπίπτει
1044 1739 1139 1792 καὶ
1166 1739 1336 1794 ἄκων.
1378 1736 1521 1791 Ἀλλ’
1551 1738 1652 1791 οὐκ
1680 1737 1796 1801 ἔστι

231 1829 409 1895 τοῦτο,
443 1829 543 1903 οῦκ
585 1828 734 1882 ἐστιν
758 1844 773 1859 ’
818 1830 882 1882 οὐ
936 1829 1044 1899 γάρ
1082 1830 1233 1884 ἔστιν
1276 1829 1310 1901 ἠ
1355 1827 1452 1882 τοῦ
1486 1827 1621 1882 Θεοῦ
1662 1830 1799 1898 πρὸς

1901 630 2119 700 ἔγραψα
2149 632 2279 699 περὶ
2304 629 2396 684 τοῦ
2426 628 2672 696 Μωάμεο
2707 630 2830 682 ὅσον
2871 627 3087 697 ἔγραψα
3115 645 3128 659 ο
3161 624 3311 679 εἷπον
3359 629 3470 695 γὰρ

1899 723 1986 777 δτι
2030 722 2130 776 οὐκ
2180 721 2329 775 ἔστιν
2371 725 2398 776 ό
2429 722 2792 792 προκείμενος
2829 720 3033 782 σκοπὸς
3064 719 3164 786 τῆς
3208 719 3302 771 νῦν
3341 720 3472 787 πρὸς

1904 814 1964 867 σέ
2013 830 2114 883 μου
2150 812 2486 876 ἀπολογίας,
2537 814 2622 865 ἵνα
2672 813 2880 879 ποιήσω
2920 809 3272 879 καταδρομὴν
3333 810 3474 862 κατὰ

1901 907 2011 961 τῶν
2059 906 2501 977 Μουσουλμάνων
2567 908 2659 959 καὶ
2688 942 2697 951 .
2724 904 2865 957 είπω
2924 903 3070 972 ἆπερ
3116 903 3336 970 λέγουσι
3380 908 3475 955 κκὶ

1903 1000 2239 1066 πράττουσιν
2264 998 2467 1063 ἄτοπα,
2517 998 2739 1067 ὀλέθρια
2786 1016 2850 1052 τε
2901 994 2994 1052 καὶ
3044 995 3356 1058 κακὲ,ἀλλ“
3385 996 3475 1048 ἵνα

1901 1091 2061 1155 δείξω
2105 1091 2263 1161 μόνον
2305 1092 2387 1144 ὃτι
2448 1091 2776 1159 παραλόγως
2832 1092 2927 1143 καὶ
2979 1089 3182 1151 ἀδίκως
3235 1104 3477 1173 κατηγοο

1905 1180 2129 1251 ροῦνται
2162 1180 2311 1252 παρὰ
2354 1180 2465 1233 τῶν
2492 1179 2938 1249 Μουσουλμάνων
2985 1180 3031 1231 οί
3074 1178 3417 1247 Χριστιανοὶ,
3448 1174 3477 1226 δ

1903 1274 1999 1325 καὶ
2045 1256 2341 1342 πεποίηκαξ
2377 1273 2434 1325 El
2483 1271 2569 1325 δὲη
2600 1273 2696 1325 καί
2744 1289 2865 1325 τινα
2921 1272 3151 1338 εἴπομεν
3203 1269 3332 1336 περὶ
3383 1266 3475 1318 τοῦ

1905 1364 2173 1434 Μωάμεθ,
2222 1365 2255 1435 η
2310 1364 2407 1418 τοῦ
2466 1364 2794 1434 πράγματος
2848 1363 3108 1428 ὑπόθεσις
3163 1366 3477 1435 ἠνάγκασεν

1905 1460 2051 1526 ἡμᾶς
2082 1457 2162 1523 είς
2188 1458 2368 1520 τοῦτο,
2391 1458 2517 1511 ἐπεὶ
2540 1457 2701 1528 είπερ
2727 1459 2949 1528 εἴχομεν
2981 1458 3122 1511 κατὰ
3156 1457 3357 1510 σκοπὸν
3380 1457 3476 1510 τοῦ

1905 1549 2116 1619 γράψαι
2157 1550 2426 1619 περὶτῶν
2469 1550 2844 1621 ἀτοπημάτων
2889 1550 2987 1621 τῆς
3019 1550 3244 1620 διδαχῆς
3284 1549 3477 1614 αὑτοῦ,

1907 1624 2077 1695 πολλὰ
2106 1641 2328 1711 εἴχομεν
2348 1644 2542 1696 εἰπεῖν.

1978 1735 2101 1787 ὀτι
2141 1734 2198 1787 δὲ
2236 1735 2337 1787 οὐκ
2371 1732 2524 1789 εἶπεν
2565 1737 2593 1788 ὁ
2637 1734 2871 1806 Χριστὸς
2919 1738 3048 1806 περὶ
3086 1736 3183 1791 τοῦ
3231 1736 3478 1807 Μωάμεθ

1913 1825 2071 1893 λόγον
2107 1827 2200 1879 τὸν
2255 1828 2514 1896 τυχόντα,
2559 1828 2677 1881 οὐδὲ
2724 1829 2783 1879 ὲν
2833 1828 2910 1896 τῷ
2939 1830 3257 1900 Εὐαγγελίῳ
3282 1826 3350 1903 ἦν
3392 1846 3484 1897 γε·

228 1922 363 1983 τοὺς
406 1920 595 1989 ἁγίους
650 1920 1045 1992 μισθαποδοσία
1091 1921 1293 1990 τροφαὶ
1338 1920 1433 1974 καὶ
1484 1920 1672 1984 πόσεις
1705 1920 1802 1974 καὶ
1852 1919 1890 1930 “’
1917 1920 2237 1988 γραμμὲνον
2274 1919 2334 1973 τὸ
2357 1920 2529 1989 ⁸ἄνομα
2572 1921 2762 1986 αὐτοῦ,
2792 1921 3020 1991 εἴπομεν
3050 1924 3107 1975 ἐν
3134 1924 3246 1985 τοῖς
3279 1922 3485 1993 ἔμπρο-

232 2012 436 2084 λουτρὰ
478 2016 573 2069 καὶ
624 2017 907 2082 γυναῖκες,
937 2015 973 2068 ὅ.
1017 2013 1140 2066 τινά
1185 2015 1327 2067 είσιν
1382 2011 1663 2082 ἁμαρτίας
1710 2013 1804 2066 καὶ

232 2105 404 2176 ὀργῆς
455 2106 898 2176 ἀποτελέσματα,
926 2107 1001 2170 ώς
1055 2106 1296 2175 εἴρηται,
1335 2104 1473 2159 ἀλλὰ
1517 2104 1804 2174 ἀγιωσύνη

236 2196 332 2249 aut
376 2195 688 2266 καθαρότης
717 2198 813 2249 καὶ
836 2196 1103 2266 ἀγγελικὴ
1127 2195 1394 2261 πολιτεία,
1427 2197 1573 2267 χαρά
1606 2214 1664 2249 τε
1710 2201 1809 2252 καὶ

232 2288 546 2359 εὐφροσύνη
594 2289 689 2342 καὶ
734 2288 1087 2357 ἀγαλλίασις,
1115 2288 1184 2360 ἣν
1236 2288 1516 2358 ὀφθαλμὸς
1550 2290 1649 2343 οὐκ
1697 2286 1806 2344 εἶδε

231 2381 333 2433 καὶ
360 2375 453 2443 οῦς
482 2381 582 2434 οὐκ
613 2381 817 2452 ἢκουσε
844 2379 941 2433 καὶ.
966 2380 1059 2433 ἐπὶ
1108 2379 1340 2451 καρδίαν
1370 2380 1661 2450 ἀνθρώπου
1709 2383 1810 2437 οὐκ

228 2472 404 2542 ἀνέϐη
443 2477 598 2528 ποτέ.

309 2560 463 2626 Εἶδες
489 2563 580 2617 τδν
624 2565 839 2633 καρπον
868 2565 971 2634 τῆς
998 2561 1327 2633 νομοθεσίας
1360 2561 1457 2616 τοῦ
1488 2564 1807 2632 νομοθέτου.

232 2654 575 2708 Γινώσκιται
598 2653 707 2707 ἀπὸ
732 2652 828 2708 τοῦ
864 2653 1077 2724 καρποῦ
1106 2654 1214 2707 τῶν
1248 2653 1500 2723 πράξεων
1534 2655 1567 2705 δ
1609 2654 1813 2723 τρόπος

227 2744 408 2799 αὐτοῦ
440 2744 472 2817 ἢ
500 2745 598 2809 οῦς
636 2745 746 2797 Καὶ
791 2745 877 2808 τίς
904 2743 1046 2798 οὕτω
1088 2746 1289 2814 τυφλὸς
1329 2749 1427 2798 καὶ
1466 2744 1693 2813 ἀνόητος
1720 2747 1816 2799 καὶ

237 2836 624 2906 ὲσκοτισμένος
646 2838 675 2890 ό
704 2837 778 2907 μὴ
802 2836 1006 2899 συνιεὶς
1036 2838 1106 2890 τὰ
1135 2836 1441 2907 λεγόμενα;
1477 2836 1538 2889 '0
1556 2836 1614 2892 δὲ
1642 2837 1815 2890 ταῦτα

239 2926 554 2996 νομοθετῶν
585 2928 702 2993 πῶς
737 2929 844 2982 ἀπὸ
867 2928 1038 2992 Θεοῦ;
1091 2964 1094 2968 λ

316 3021 426 3073 Καὶ
456 3020 586 3090 περὶ
621 3020 719 3090 μὲν
756 3018 951 3073 τούτου
996 3021 1080 3083 τίς
1120 3019 1278 3091 χρεία
1304 3019 1483 3089 λόγων
1517 3021 1814 3087 πλειόνων;

240 3112 383 3182 Περὶ
412 3110 470 3164 δὲ
499 3110 593 3165 τοῦ
639 3112 1101 3183 ἐγγεγραμμένου
1142 3111 1409 3182 ὀνόματος
1444 3111 1539 3166 τοῦ
1571 3112 1816 3181 Μωάμεθ

244 3203 308 3255 ὲν
356 3202 471 3263 τοῖς
523 3201 717 3267 δεξιοῖς
779 3203 973 3272 μέρεσι
1016 3199 1112 3255 τοῦ
1170 3201 1365 3271 θρόνου
1415 3201 1510 3253 τοῦ
1552 3199 1689 3267 Θεοῦ
1737 3199 1821 3264 τίς

239 3292 406 3364 χρεία
454 3292 750 3360 ἀπολογίας
793 3292 1008 3370 λόγων)
1051 3293 1116 3347 Οἱ
1168 3291 1268 3363 μὲν
1322 3291 1582 3363 φρόνιμοι
1634 3293 1824 3363 κρινέ-

242 3402 432 3442 τωσαν
484 3387 790 3458 φρονίμως,
819 3386 870 3440 oi
917 3386 973 3442 δέ
1021 3403 1084 3452 γε
1132 3386 1352 3457 ἀνόητοι
1391 3387 1488 3441 καὶ
1534 3388 1826 3459 μωροὶ-ὡς

236 3474 566 3547 βούλονται.

239 3656 415 3712 mina:
454 3658 638 3714 multa
678 3661 878 3717 dantur
901 3675 999 3731 pro
1021 3661 1244 3730 praemio
1270 3670 1327 3718 et
1358 3663 1823 3729 remuneratione,

240 3757 309 3802 ut
349 3748 554 3816 dicitis,
576 3752 670 3808 sed
703 3754 887 3822 potius
930 3753 1114 3810 multis
1157 3755 1292 3811 viris
1325 3755 1528 3812 femina
1559 3757 1709 3812 una?
1729 3756 1827 3813 Sin

244 3855 384 3895 vero
424 3852 484 3898 ut
509 3844 602 3912 qui
645 3845 882 3901 damnati
918 3846 1049 3910 sint,
1093 3848 1181 3901 illa
1234 3849 1452 3918 quidem
1483 3848 1745 3905 beneﬂcio
1772 3859 1827 3905 et

240 3933 444 4001 gratia:
475 3950 698 3992 munera
716 3946 862 4002 sunt,
887 3947 945 3994 ut
997 3938 1331 4001 Molismetes
1375 3941 1598 4009 quidem
1640 3942 1823 3997 docet.

241 4026 451 4080 Eadem
491 4042 581 4081 res
613 4028 666 4082 in
697 4029 944 4098 pluribus
978 4029 1198 4086 feminis
1235 4031 1329 4085 uni
1364 4033 1562 4088 dandis
1594 4033 1731 4088 viro.
1769 4033 1827 4088 Si

239 4117 397 4170 enim
414 4118 762 4190 paenadignae
796 4131 948 4184 sunt,
986 4137 1157 4192 quare
1204 4122 1462 4178 beneficia
1507 4124 1577 4179 iis
1613 4125 1829 4180 contin-

235 4208 424 4277 gunt?
455 4209 549 4263 Sin
586 4212 1027 4269 remuneratione
1063 4213 1258 4282 dignae,
1301 4230 1474 4282 quare
1511 4215 1693 4270 multae
1734 4216 1828 4269 uni

239 4298 372 4352 viro
392 4297 629 4354 dantur!
667 4301 783 4356 Tali
825 4302 1045 4370 quidem
1091 4302 1419 4361 confusione
1459 4304 1590 4372 quid
1637 4306 1829 4360 incon-

242 4387 474 4444 cinnius
501 4397 556 4442 ct
581 4389 918 4447 fastidiosius
941 4401 1027 4448 est
1050 4393 1075 4446 ?

1909 2009 2037 2061 σθεν
2080 2012 2206 2064 ὅσον
2257 2010 2398 2082 δῆτα
2445 2012 2539 2064 καὶ
2568 2011 2800 2083 εἴπομεν
2828 2031 2840 2045 ·
2882 2018 2909 2068 ό
2956 2015 3014 2068 δὲ
3064 2013 3218 2082 λόγος
3240 2014 3484 2085 δηλώσει

1907 2103 2068 2156 τοῦτο
2104 2104 2198 2156 καὶ
2229 2102 2309 2156 ἔτι
2341 2104 2693 2174 σαφέστερον.
2728 2106 2906 2176 "Au-sp
2942 2103 3084 2160 εἶδον
3112 2106 3163 2159 οἱ
3192 2106 3485 2160 ἀπόστολοι

1910 2194 2006 2249 καὶ
2051 2195 2296 2265 μαθηταὶ
2346 2194 2440 2248 τοῦ
2493 2196 2738 2266 Χριστοῦ
2776 2196 2868 2250 καὶ
2912 2196 3055 2267 ἆπερ
3093 2197 3398 2266 ἀκηκόασιν
3424 2197 3486 2263 ἑξ

1910 2283 2076 2336 αὐτοῦ
2108 2282 2204 2337 τοῦ
2258 2283 2530 2353 στόματος
2584 2286 2679 2340 τοῦ
2724 2287 2989 2357 Χριστοῦ,
3015 2286 3191 2341 ταῦτα
3239 2288 3488 2359 ἔγραψαν

1912 2376 2007 2430 καὶ
2047 2374 2319 2441 ἐδίδαξαν.
2361 2375 2455 2441 Ἐξ
2505 2376 2688 2429 αὐτῶν
2741 2378 2874 2444 γοῦν
2924 2380 3033 2431 τῶν
3088 2378 3346 2449 μαθητῶν
3393 2379 3486 2434 τοῦ

1850 2514 1867 2539 ,
1913 2467 2156 2538 Χριστοῦ
2183 2466 2451 2539 τέσσαρες
2484 2468 2901 2536 συνεγράψαντο
2941 2470 3001 2522 τὸ
3027 2470 3386 2538 Εὐαγγέλιον.
3428 2472 3488 2525 '0

1917 2559 2018 2629 μὲν
2045 2553 2126 2623 εἷς
2166 2559 2570 2631 ὀνομαζόμενος
2600 2561 2884 2622 Mat-Gaio;
2924 2561 3225 2628 Ἐδραῖκῶς
3255 2564 3488 2630 ἐξέδωκε

1913 2650 2071 2705 τοῦτο
2121 2652 2203 2717 είς
2256 2651 2355 2721 τὴν
2416 2652 2785 2722 Παλαιστίνην
2836 2652 2953 2721 ἢτοι
3011 2654 3083 2707 τὰ
3140 2653 3491 2724 Ἱεροσόλυμα

1917 2745 2009 2797 καί⁸
2037 2743 2108 2798 τὰ
2135 2745 2281 2814 μέρη
2303 2744 2408 2814 τῆς
2432 2744 2639 2814 Λιϐύης
2660 2759 2675 2776 σ
2708 2745 2738 2797 ό
2759 2744 2814 2797 δὲ
2843 2745 3029 2815 ἕτερος
3057 2745 3287 2815 Μάρκος
3320 2748 3491 2800 Λατι-

1917 2835 2081 2896 νικῶς
2110 2835 2191 2898 είς
2219 2834 2318 2905 τὴν
2341 2820 2589 2906 Ἀχαίαν,
2626 2836 2720 2890 καὶ
2752 2836 2908 2907 ἐδόθη
2935 2837 3015 2900 είς
3036 2854 3095 2891 τε
3122 2840 3224 2907 τὴν
3255 2839 3493 2893 Ἰταλίαν

1918 2926 2014 2978 καὶ
2048 2923 2143 2995 τὴν
2195 2925 2444 2995 Ῥώμην,
2488 2927 2625 2981 ἀλλὰ
2667 2928 2734 2996 δὴ
2794 2929 2886 2980 καὶ
2940 2927 3084 2981 κατὰ
3132 2929 3199 2982 τὰ
3257 2929 3493 2998 ἑσπέρια

1921 3017 2135 3071 ἅπαντα
2184 3017 2337 3088 ἔθνη.
2396 3019 2455 3071 '0
2502 3020 2561 3073 δὲ
2624 3018 2814 3090 ἔτερος
2864 3020 3104 3085 Λουκᾶς,
3161 3019 3492 3091 Ἑλληνικῶς

1849 3139 1892 3197 c
1922 3110 1977 3162 δέ
2004 3123 2019 3139 ⁸
2061 3109 2153 3162 καὶ
2188 3110 2344 3178 ἐδόθη
2371 3113 2450 3173 εἰς
2470 3111 2571 3181 τὴν
2823 3112 3010 3165 Ἀσίαν
3041 3112 3136 3165 καὶ
3175 3112 3488 3175 Αἰθιοπίαν,

1925 3200 2164 3270 Περσίαν
2192 3217 2251 3254 τε
2286 3200 2383 3255 καὶ
2413 3201 2608 3255 Ὶνδίαν
2654 3203 2749 3256 καὶ
2791 3202 3076 3273 Ἀραϐίαν.
3119 3202 3178 3255 '0
3216 3202 3273 3257 δὲ
3304 3203 3493 3272 ἔτερος

1939 3292 2191 3359 Ἰωάννης
2224 3294 2319 3347 καὶ
2367 3294 2530 3357 αὐτὸς
2574 3293 2923 3365 Ἑλληνικῶς,
2956 3298 3052 3351 καὶ
3106 3294 3262 3365 ἐδόθη
3302 3279 3382 3358 είς
3427 3297 3499 3350 τὰ

1931 3383 2070 3456 μέρη
2096 3386 2197 3455 τῆς
2252 3384 2524 3455 Εὐρώπης
2558 3386 2655 3439 καὶ
2696 3376 2793 3449 τάξ
2830 3388 3029 3457 νήσους
3069 3386 3165 3441 καὶ
3191 3388 3320 3441 ἔνθα
3347 3387 3501 3457 εὑρί-

1929 3490 2146 3529 σκονται
2178 3477 2228 3529 0i
2262 3476 2543 3547 Ἕλληνες.
2571 3476 2683 3532 Καὶ
2712 3476 2891 3542 οὕτως
2924 3477 3140 3549 διεδόθη
3167 3478 3227 3532 τὸ
3247 3478 3498 3547 Εὐαγγὲ-

1927 3657 2169 3724 dicanto,
2191 3657 2350 3714 inscii
2368 3666 2424 3714 et
2439 3659 2592 3717 stulti
2614 3670 2793 3716 autem
2814 3660 3269 3731 quemadmodum
3293 3661 3496 3717 volent.

1996 3751 2268 3806 Caeterum
2303 3751 2449 3806 haud
2484 3752 2691 3810 oblitus
2724 3754 2994 3824 propositi
3026 3754 3134 3809 mei
3188 3756 3257 3810 de
3306 3754 3501 3811 κοίη-

1931 3851 2071 3898 mete
2101 3843 2322 3911 scripsi,
2352 3842 2621 3914 quidquid
2649 3845 2871 3914 scripsi.
2891 3846 3005 3900 Dixi
3041 3847 3209 3913 enim,
3240 3861 3347 3902 non
3381 3862 3502 3903 esse

1934 3934 2100 4004 hujus
2124 3934 2510 4005 disputationis
2541 3934 2854 4000 consilium,
2890 3944 2954 3991 ut
2992 3936 3069 3992 'in
3123 3936 3502 3995 Musulmanes

1928 4023 2223 4078 inveharet
2248 4024 2380 4093 quid
2408 4025 2612 4095 inepte,
2644 4026 2956 4095 perniciose
2993 4034 3045 4082 et
3112 4028 3256 4083 male
3308 4029 3501 4084 dicant

1930 4126 2181 4182 agantve,
2214 4115 2462 4178 doceam,
2500 4116 2595 4171 sed
2626 4124 2684 4169 ut
2704 4117 3014 4180 ostendam,
3044 4118 3181 4174 male
3208 4127 3267 4174 et
3310 4119 3509 4175 imme-

1932 4207 2037 4260 ritu
2058 4206 2401 4263 Christianos
2429 4222 2460 4262 a
2490 4206 2850 4264 llnsulmanis
2902 4211 3152 4265 accusari
3188 4229 3202 4265 :
3243 4210 3297 4265 id
3352 4215 3499 4281 quod

1933 4297 2056 4352 feci.
2086 4297 2150 4351 Si
2175 4298 2241 4352 de
2271 4297 2578 4354 Moluamete
2606 4307 2789 4354 autem
2805 4299 3062 4354 nonnulla
3092 4301 3349 4367 diximus,
3374 4313 3504 4357 θυοδ

1933 4387 2010 4457 git
2040 4403 2160 4452 nos,
2192 4388 2265 4442 ita
2303 4397 2363 4443 ut
2399 4388 2730 4454 faceremus,
2769 4392 2846 4446 rei
2873 4400 3094 4454 natura,
3141 4406 3292 4458 cum,
3346 4392 3394 4447 si
3448 4391 3507 4446 in

326 4476 513 4543 Vides,
545 4480 638 4548 qui
672 4495 704 4535 a
736 4490 883 4534 recta
918 4482 1003 4536 via
1038 4481 1257 4538 deflexit
1298 4483 1353 4538 in
1402 4492 1538 4552 quot
1591 4484 1822 4552 ineptias
1855 4479 1902 4535 D
1934 4477 2116 4533 animo
2151 4478 2366 4543 fuisset,
2400 4481 2467 4535 de
2494 4481 2712 4551 ineptiis
2757 4481 3027 4538 doctrina:
3067 4482 3188 4553 ejus
3243 4484 3507 4548 scribere,

237 4570 418 4625 etiam
448 4569 652 4626 invitus
673 4572 919 4626 incidat?
941 4573 1010 4627 At
1037 4589 1144 4627 nou
1161 4574 1360 4639 estita,
1390 4588 1494 4628 non
1519 4582 1622 4627 est.
1642 4572 1832 4644 Neque

235 4660 399 4714 enim
434 4669 658 4715 sanctos
682 4659 824 4714 Deus
848 4660 1010 4725 cibis,
1031 4661 1371 4730 potionibus,
1401 4662 1658 4729 lavacris,
1679 4664 1832 4718 femi-

234 4754 337 4809 nis
366 4761 770 4823 remuneratur,
789 4768 911 4820 quae
934 4768 998 4808 ex
1020 4768 1214 4808 errore
1243 4764 1295 4808 et
1316 4754 1396 4807 ira
1427 4762 1544 4809 orta
1567 4763 1717 4821 sunt,
1734 4755 1829 4811 sed

236 4845 567 4909 sanctitate,
591 4846 903 4916 integritate
926 4855 980 4900 et
1001 4846 1113 4900 vita
1133 4846 1402 4916 angelica,
1421 4846 1623 4917 gaudio
1642 4862 1827 4916 porro,

238 4935 533 4990 hilaritate
548 4928 836 4995 ct'lzetitia,
855 4936 1068 5004 qualem
1097 4950 1198 4990 nec
1220 4936 1416 4990 oculus
1441 4936 1598 4999 vidit,
1619 4951 1717 4990 nec
1731 4951 1831 4989 au-

238 5024 334 5079 ris
361 5024 588 5091 audivit,
611 5024 880 5095 cujusque
905 5026 960 5081 in
978 5024 1183 5081 nullius
1208 5025 1450 5081 hominis
1465 5040 1562 5081 cor
1580 5036 1835 5097 penetra-

240 5116 332 5171 vit
358 5131 576 5172 sensus.

324 5203 523 5261 Vidisti
550 5206 660 5276 jam
691 5205 923 5263 fructum
950 5206 1087 5276 legis
1113 5206 1440 5278 legislatoris
1500 5208 1680 5262 istius.
1735 5205 1838 5263 Co-

244 5298 612 5367 gnosciturne
634 5315 665 5354 e
689 5299 869 5355 fructu
889 5300 1157 5355 factorum
1185 5314 1305 5355 mos
1330 5300 1473 5370 ejus,
1508 5300 1718 5354 necne?
1742 5307 1836 5353 aut

243 5389 387 5458 quis
409 5389 480 5443 ita
498 5403 690 5445 .cmcus
712 5397 768 5444 et
794 5389 1084 5458 imperitus
1108 5396 1162 5442 et
1188 5387 1497 5452 hebetatus,
1516 5388 1609 5457 qui
1635 5404 1738 5443 non
1756 5389 1841 5443 in-

245 5478 467 5547 telligat
497 5494 617 5548 qua.
642 5480 1044 5547 disputavimus
1075 5479 1171 5533 ?at
1196 5480 1324 5534 talia
1354 5481 1449 5549 qui
1481 5481 1662 5535 sancit
1702 5494 1841 5549 quo-

247 5569 426 5624 modo
449 5585 478 5623 a
516 5570 626 5624 Deo
658 5571 855 5625 missus
877 5574 949 5625 sit
976 5572 1002 5624 .’

328 5659 408 5712 Ac
436 5658 503 5714 de
535 5661 637 5716 hac
660 5662 882 5731 quidem
922 5677 983 5717 re
1013 5660 1362 5735 nihil/attinet
1382 5661 1601 5730 longius
1632 5660 1839 5716 dicere.

244 5748 395 5804 Nect
412 5752 581 5805 atinet
596 5750 664 5806 de
678 5754 897 5807 nomine
913 5751 1236 5807 Mohametis
1249 5752 1302 5806 in
1321 5752 1510 5807 dextra
1529 5761 1679 5822 parte
1693 5753 1848 5807 thro-

244 5839 314 5897 υἱ
340 5838 876 5923 Deiscriptodicere;
911 5844 1205 5915 prudentes
1240 5843 1384 5899 enim
1431 5844 1724 5916 prudenter
1752 5842 1845 5914 ju-

654 5933 930 5999 ΡΑτιιυι..
958 5937 1076 5998 Gn.
1117 5930 1297 5995 CLVI

1939 4572 2107 4624 multa
2142 4572 2299 4627 nobis
2324 4573 2552 4628 dicenda
2572 4572 2825 4631 fuissent.

2010 4657 2129 4713 Non
2161 4661 2369 4716 dixisse
2400 4671 2581 4717 autem
2613 4662 2891 4719 Christum
2921 4663 2987 4719 de
3018 4662 3325 4720 Moluamete
3341 4663 3507 4720 verba

1936 4750 2061 4812 ista,
2095 4765 2195 4805 nec
2233 4751 2287 4804 in
2321 4753 2612 4822 Evangelio
2645 4754 2911 4823 scriptum
2940 4769 3065 4810 esse
3123 4769 3327 4810 nomen
3362 4754 3506 4824 ejus,

1935 4840 2003 4895 de
2038 4842 2138 4896 hac
2170 4857 2228 4895 re
2260 4853 2372 4897 tum
2406 4854 2534 4897 ante
2585 4844 2849 4911 diximus,
2874 4861 2997 4916 qua:
3025 4845 3285 4910 diximus,
3316 4854 3430 4901 tum
3455 4845 3511 4900 in

1938 4933 2189 5003 scqucnli
2239 4934 2610 5003 disputatione
2661 4936 2878 4991 dicetur
2933 4936 3288 4993 luculentius.
3375 4936 3509 5004 Qua:

1938 5027 2193 5081 viderunt
2230 5026 2456 5094 apostoli
2478 5035 2531 5080 et
2561 5026 2815 5097 discipuli
2839 5028 3067 5094 Christi,
3102 5039 3304 5099 etquae
3350 5029 3511 5084 audi-

1938 5127 2220 5170 veruntcx
2251 5132 2345 5171 ore
2378 5116 2521 5185 ejus,
2561 5117 2765 5173 litteris
2794 5119 3138 5174 mandarunt
3187 5130 3242 5175 et
3302 5119 3511 5174 docue-

1938 5217 2087 5262 runt.
2108 5205 2186 5260 Ει
2210 5206 2342 5276 ipsis
2372 5206 2519 5262 enim
2534 5208 2819 5276 discipulis
2833 5208 3036 5265 Christi
3084 5218 3317 5277 quatuor
3336 5206 3514 5264 Evan—
3548 5255 3557 5265 .

1942 5299 2140 5366 gelium
2174 5298 2620 5366 cotiscripserunt
2652 5314 2667 5352 :
2696 5297 2843 5361 quod
2878 5313 3044 5357 unus.
3084 5297 3370 5354 Matthzrus
3416 5311 3515 5353 no-

1943 5391 2111 5451 mine,
2142 5386 2404 5442 Hebraice
2452 5387 2504 5439 in
2528 5387 2839 5451 Palaestina,
2887 5387 2969 5442 vel
3005 5387 3400 5457 Hierosolymis
3459 5399 3515 5443 et

1942 5482 2086 5532 circa
2115 5477 2335 5547 Libyam
2348 5477 2545 5543 edidit;
2566 5462 2973 5543 alter,Marcus,
2991 5477 3180 5534 Latine
3197 5480 3250 5533 in
3289 5478 3516 5543 Achaia,

1942 5573 2085 5638 quod
2107 5570 2161 5624 in
2190 5569 2396 5625 Italiam
2419 5579 2474 5624 et
2503 5567 2733 5623 Romam
2767 5578 2821 5623 et
2853 5569 2918 5624 ad
2941 5583 3129 5623 omnes
3146 5567 3519 5623 occidentales

1944 5670 2132 5732 gentes
2162 5661 2422 5731 perlatum
2447 5669 2528 5716 est
2561 5678 2576 5726 ;
2604 5662 2822 5724 tertius,
2860 5659 3060 5723 Lucas,
3115 5658 3322 5717 Graece,
3368 5659 3516 5727 quod

1944 5752 2280 5820 divulgatum
2310 5759 2397 5806 est
2425 5752 2477 5806 in
2511 5751 2663 5814 Asia,
2694 5750 2999 5821 Etltiopia,
3033 5748 3237 5814 Persis,
3270 5746 3419 5802 indis
3460 5753 3517 5799 et

1948 5842 2147 5899 Arabia
2186 5854 2482 5913 ;quartus,
2517 5842 2779 5911 Joannes,
2822 5843 2951 5900 item
3001 5840 3208 5904 Graece,
3253 5834 3403 5908 quod
3457 5833 3519 5893 in

3089 5931 3163 5994 30
