3962 6552
141 416 271 485 945

1176 433 1622 531 CHRONICON
1660 444 1927 514 unus.
1968 478 2040 490 —
2082 453 2232 517 ΜΒ.
2278 454 2377 517 1v.

3310 461 3419 524 966

143 533 256 642 :10!
309 513 773 642 τάῗ
803 520 1113 642 ἐναλλαγάς
1321 528 1590 642 ίδιότητας
1624 554 1737 608 τῶν
1765 559 1812 620 Α
1840 555 1934 613 05v
1953 561 2148 632 ψεῦδος
2168 566 2350 636 πάσης
2376 566 2651 635 ἀγνωσίας
2688 570 3134 642 μεμεστωμένον.
3158 570 3261 626 Τὸν
3288 571 3422 625 Θεὸν

145 622 350 714 ὓμνων
373 626 469 680 105
486 627 644 694 9:05;
683 631 757 700 μὴ
792 633 951 700 μόνον
978 636 1087 706 γὰρ
1117 638 1209 693 105
1234 640 1478 714 Γαϐριὴλ
1506 645 1733 712 μείζονα

144 710 301 769 εἶναι
329 715 478 783 λέγει
507 719 718 788 ἑαυτὸν,
752 722 886 778 ἀλλὰ
918 728 1010 779 καὶ¹
1030 727 1249 782 πάντων
1282 710 1612 798 ἐκείνωνήείς
1639 735 1733 800 05;

142 805 183 857 ὀ
215 807 459 899 Γαδριῆλ
486 810 587 864 οὐκ
614 807 727 881 εἷχε
776 817 1155 885 παρείσδυσιν,
1202 822 1337 875 ἀλλά
1381 826 1639 881 τοσοῦτον
1663 824 1735 899 ἦν

144 890 411 953 ἀποδέων
457 902 683 956 ἐκείνων
735 905 877 959 ὥστε
908 908 1002 961 τὸν
1053 911 1300 990 ᾌωάμεθ
1352 914 1515 971 αὑτὸν
1563 890 1735 990 ἑτέρη)

143 989 382 1081 ἀγγέλῳ
411 993 774 1062 παραδοῦναι,
797 998 825 1050 6
849 998 896 1051 δ’
919 995 987 1053 αὖ
1018 985 1189 1072 ἑτέρῳ
1224 1006 1320 1059 καὶ
1340 1007 1541 1077 ἐφεξῆς
1565 985 1734 1081 ἄλλω,

148 1080 258 1172 καὶ
288 1081 463 1147 οὕτως
497 1085 764 1143 εἰσελθεῖν
789 1091 871 1153 είς
904 1091 998 1145 τὸν
1030 1093 1166 1148 Θεὸν
1198 1098 1292 1152 καὶ
1328 1105 1610 1172 συντυχεῖν
1639 1080 1737 1157 ἀλ·-

147 1168 370 1242 λήλοις,
398 1174 481 1229 ἔτι
512 1176 590 1247 μὴ
629 1178 791 1248 μόνον
825 1175 1051 1251 μείζονα
1100 1187 1327 1244 πάντων
1357 1168 1585 1248 ἐκείνων
1628 1197 1743 1251 δει-

151 1264 353 1358 κῙύειν
384 1266 601 1334 ἑαυτὸν,
652 1270 788 1325 ἀλλά
824 1274 921 1328 καὶ
971 1277 1112 1349 ὑπὲρ
1143 1269 1367 1338 ἐκείνων
1419 1263 1738 1358 εὐχόμενον.

166 1353 285 1408 ἐἰῶ
314 1357 495 1426 λέγειν
520 1362 651 1433 περὶ
680 1361 777 1417 τοῦ
806 1367 1048 1435 μεγάλου
1094 1373 1306 1429 ἐκείνου
1358 1378 1451 1432 καὶ
1485 1353 1740 1436 ’θεόπτου

151 1449 467 1544 Μωύσέως,
495 1452 574 1518 δν,
624 1453 700 1517 ὥς
752 1473 936 1528 φησιν,
970 1458 1115 1516 εῐδεν
1156 1467 1213 1521 ἐν
1240 1467 1322 1537 τῷ
1373 1471 1621 1544 τετάρτῳ
1650 1473 1743 1529 οὐ·

157 1542 336 1614 ρανῷ.
364 1545 539 1600 Δύτὸν
568 1546 626 1600 δὲ
658 1548 1072 1623 ύπεραναϐἢναι
1102 1556 1197 1610 καὶ
1239 1557 1335 1613 105
1366 1542 1625 1632 ἑϐδόμου,
1650 1564 1745 1618 καὶ

155 1633 427 1726 ἀπελθεῖν
484 1637 647 1708 μέχρι
701 1642 796 1694 καὶ
843 1642 935 1696 τοῦ
958 1644 1125 1711 Θεοῦ,
1174 1649 1433 1720 ὀμιλῆσαί
1477 1670 1537 1707 τε
1573 1655 1743 1726 αύτῷ.

154 1724 320 1817 μετά
426 1728 599 1784 ταῦτα
616 1731 854 1797 ἐξελθεῖν
878 1736 973 1789 καὶ
997 1737 1281 1794 κατελθεῖν
1312 1744 1370 1797 ἐν
1391 1742 1469 1813 τῷ
1498 1724 1746 1817 τετάρτῳ

156 1814 404 1886 οὐρανῷ,
459 1819 535 1881 ὡς
582 1820 824 1893 εἴρηται,
872 1828 967 1880 καὶ
1030 1834 1313 1902 συντυχεῖν
1361 1835 1438 1905 τῷ
1497 1814 1743 1901 Μωῦσεῖ,

160 1906 580 1976 συμϐουλεῦσαί
614 1931 672 1968 τε
704 1915 870 1972 αὺτὸν
904 1920 1082 1993 τούτῳ
1112 1896 1604 1997 ἐπαναστραφέντα
1774 1896 1820 1956 Β

160 2001 473 2069 ρακαλέσαι
522 2005 615 2058 τὸν
662 2006 799 2061 Θεὸν
847 2011 987 2082 ὑπὲρ
1036 2013 1131 2067 105
1167 2014 1299 2070 λαοῦ
1355 2020 1449 2072 καὶ
1488 2020 1748 2089 γενέσθαι
1821 2023 1824 2027 ’

157 2093 503 2186 κουφοτέραν
548 2098 650 2167 τὴν
683 2100 848 2170 εύχὴν
903 2103 979 2166 ὡς
1009 2104 1292 2172 ἀδυνάτως
1337 2108 1554 2181 ἔχοντος
1611 2114 1748 2186 πρὸς

158 2185 360 2256 αὐτήν·
388 2189 482 2242 καὶ
508 2189 810 2261 δεξαμένου
831 2195 1022 2252 τούτου
1050 2200 1149 2270 τὴν
1175 2200 1371 2273 βουλὴν
1398 2204 1753 2278 ὲπαναστρατ

161 2280 336 2347 φῆναι
377 2281 515 2355 πρὸς
556 2282 650 2335 τὸν
680 2284 813 2338 Θεὸν
841 2289 936 2340 καὶ
983 2288 1218 2361 ζητῆσαι
1261 2295 1322 2347 τὸ
1355 2298 1486 2367 περὶ
1513 2297 1704 2351 τούτου
1729 2339 1745 2366 ,

160 2367 265 2420 καὶ
293 2368 692 2440 προσδεχθῆναι
725 2372 825 2443 τὴν
872 2375 1104 2446 ζήτησιν
1146 2380 1310 2435 αὐτοῦ
1336 2385 1434 2435 καὶ
1489 2386 1747 2453 γενέσθαι

159 2458 541 2531 ἐλαφροτέραν
572 2464 672 2532 τὴν
707 2464 898 2535 εὐχήν.
924 2469 1032 2522 Καὶ
1049 2465 1114 2524 αὖ
1147 2472 1240 2526 105
1265 2474 1546 2539 Μωῡσέως
1575 2477 1749 2547 ἀναγ-

160 2551 442 2613 κάσαντος
473 2552 641 2606 αὐτὸν
690 2549 849 2619 αὖθις
885 2559 1377 2632 ἐπαναστραφῆναι
1411 2565 1514 2631 ἕως
1550 2569 1749 2622 πεντά-

160 2658 257 2705 κις
281 2643 419 2713 πρὸς
447 2641 611 2715 364
642 2645 734 2698 τὸν
764 2646 921 2713 Θεὸν,
950 2650 1049 2703 καὶ
1091 2651 1256 2705 πάλιν
1282 2654 1536 2722 γενέσθαι
1570 2656 1748 2729 πολλῷ

161 2733 381 2786 ἐλάττω
401 2734 501 2806 τῆν
527 2737 717 2805 εὐχήν.
745 2739 856 2794 Καὶ
885 2739 959 2810 μή
1000 2740 1341 2813 ἀρκεσθέντα
1369 2744 1464 2799 τὸν
1502 2747 1748 2811 Μωῦσῆν

161 2827 351 2879 εἰπεῖν
403 2828 500 2881 καὶ
530 2827 689 2891 αὖθις
721 2829 810 2886 ἵνα
864 2832 1266 2907 ἐπαναστραφῇ
1304 2837 1443 2907 πρὸς
1491 2838 1581 2891 τὸν
1612 2838 1753 2893 Θεὸν

163 2918 269 2971 καὶ
295 2919 497 2991 αίτήσῃ
541 2924 1102 2995 συγγνωμονεστέραν
1130 2927 1383 2994 γενέσθαι
1425 2929 1525 3000 τὴν
1553 2930 1742 3001 εὐχήν.

163 3007 244 3062 Ού
277 3012 620 3077 κατένευσεν,
651 3012 789 3068 ἀλλά
824 3016 919 3067 καὶ
972 3016 1258 3072 κατελθεῖν
1289 3020 1368 3083 είς
1390 3020 1450 3073 τὸ
1496 3022 1745 3093 Μπαρὰκ

164 3101 265 3154 καὶ
288 3101 555 3167 ἐλαύνειν,
584 3105 691 3169 ἕως
722 3105 789 3160 ἀν
819 3104 948 3180 ἔλθῃ
975 3107 1103 3162 ἔνθα
1131 3105 1199 3179 ἦν
1224 3111 1510 3184 πρότερον.
1545 3115 1745 3171 Σκόπει

1837 651 2021 707 ὅντινα
2067 655 2324 726 ὁμολογεῖ
2358 659 2521 723 αὐτὸς
2568 664 2597 714 6
2627 662 2871 731 Μωάμεθ
2921 663 3153 734 ποιητὴν
3181 662 3414 733 ούρανοῦ

1837 758 1897 795 τε
1924 742 2023 797 καὶ
2053 745 2180 815 γῆς,
2226 747 2546 818 ἐνσώματον
2573 750 2814 805 δεικνύει
2842 751 2941 806 καὶ⁸
2964 752 3067 806 οὐκ
3103 750 3417 821 ἀσώματον

1838 834 1899 888 τὸ
1924 834 2035 908 γάρ
2057 837 2212 892 Θεῖον
2232 840 2548 911 ἀσώματον,
2568 841 2774 898 άποσόν
2803 860 2862 897 τε
2887 844 2982 898 καὶ
3006 843 3083 915 μὴ
3107 843 3230 915 ἔχον
3259 845 3422 915 μέγε⁹

1842 926 1956 993 θος,
1989 927 2113 983 ούδὸ
2146 930 2204 983 ἐν
2234 930 2365 985 εῖδει
2391 934 2794 1006 περιγραπτόν·
2825 934 2886 988 τὸ
2914 935 2971 988 δέ
3000 934 3173 998 οὕτως
3202 933 3327 1005 ἔχον
3354 934 3424 988 τά

1840 1019 1899 1073 ἐν
1925 1020 1996 1091 τῇ
2027 1020 2135 1091 ίδίᾳ
2186 1021 2357 1077 06105
2390 1024 2553 1092 φύσει
2609 1026 2731 1088 πῶς
2759 1026 2825 1080 ἀν
2855 1026 2923 1080 ἐκ
2966 1026 3184 1097 μερῶν;
3214 1027 3263 1079 εἰ
3313 1026 3421 1093 γάρ

1841 1122 1926 1170 τις
1955 1106 2073 1175 δοίη
2097 1109 2259 1163 10510
2282 1111 2574 1185 ὑπάρχειν,
2602 1115 2720 1178 πῶς
2745 1115 3074 1186 νοηθήσεται
3092 1114 3420 1185 ἀσώματονς

1842 1196 1905 1250 τὸ
1930 1196 2041 1269 γάρ
2065 1198 2136 1252 ἐν.
2161 1201 2408 1272 σχήματι
2454 1203 2514 1259 ὃν
2549 1206 2770 1271 πάντως
2796 1208 2893 1262 καὶ
2919 1209 2979 1261 ἐν
3024 1206 3178 1278 ποσῷ
3221 1207 3317 1262 καὶ⁴
3364 1207 3421 1261 ἐν

1841 1287 2015 1359 τόπῳ,
2049 1291 2143 1344 καλ⁵
2197 1292 2255 1359 ἐξ
2286 1293 2536 1367 ἀνάγκης
2584 1299 2980 1368 περιγραπτόν.
3015 1298 3202 1353 Ταῦτα
3232 1298 3289 1352 δὲ
3316 1315 3426 1352 σω-

1846 1381 2078 1455 ματικά.
2127 1384 2236 1438 Καὶ
2263 1385 2333 1439 τά
2362 1386 2459 1441 105
2509 1388 2763 1458 σώματος
2795 1390 2905 1443 ίδια
2952 1389 3067 1453 πῶς
3098 1389 3165 1443 ἂν
3196 1390 3290 1443 ἐπὶ
3322 1390 3424 1459 τῆς

1847 1475 2130 1546 μακαρίας
2181 1476 2403 1548 ἐκείνης
2442 1477 2543 1533 καὶ
2571 1479 2864 1553 ἀσωμάτου
2896 1479 3110 1549 φύσεως
3139 1479 3234 1533 τοῦ
3286 1478 3422 1533 Θεοῦ

1845 1564 2138 1636 λογίσηταί
2161 1585 2247 1632 τις
2291 1568 2537 1634 διανοίας
2579 1571 2809 1642 μέτοχος
2837 1570 2946 1639 ὥνς
2997 1573 3091 1627 καλ⁸
3122 1575 3150 1626 6
3182 1572 3280 1642 μὲν
3314 1590 3422 1625 πα-

1844 1658 2117 1729 τριάρχης
2156 1659 2409 1730 Ἀϐραὰμ
2438 1663 2496 1715 ἐν
2541 1665 2607 1734 τῇ
2643 1664 2812 1718 πάλαι
2857 1664 3149 1736 θεοφανείᾳ
3194 1664 3298 1734 γῆν
3327 1663 3426 1718 καὶ

1850 1749 2043 1804 σποδὸν
2066 1750 2261 1805 ἑαυτὸν
2285 1752 2575 1821 ἐλογίσατο
2596 1755 2690 1809 καὶ
2718 1755 2967 1809 ἐκάλεσεο
2998 1755 3094 1809 τοῦ
3139 1756 3196 1809 δὲ
3224 1755 3426 1827 Δανιὴλ

1847 1839 1943 1894 105
1963 1841 2209 1896 τοιούτου
2234 1844 2332 1897 καὶ
2356 1843 2635 1913 τοσούτου,
2668 1845 2899 1915 ἄγγελον
2923 1846 3146 1913 ἰδόντος,
3174 1847 3422 1917 ἐστράφη

1852 1933 1885 2003 ἡ
1911 1933 2039 2000 δόξα
2062 1933 2229 1989 αὑτοῦ
2261 1937 2343 2000 είς
2360 1936 2684 2009 διαφθορὰν,
2706 1938 2879 1999 '1051’
2905 1940 3044 2008 ἔστι,
3071 1941 3220 2009 παρά
3250 1940 3423 2012 βραχῦ

1849 2024 2191 2082 ἀπεσάλλετο
2214 2029 2312 2102 τὴν
2360 2032 2558 2088 ἑαυτοῦ
2608 2034 2775 2106 ζωήν·
2830 2038 2860 2090 6
2892 2037 2992 2106 μὶν
3047 2036 3427 2106 Δαύίδιφησιν

1857 2132 1877 2165 ι
1896 2111 1960 2169 Ὀ
1978 2115 2292 2174 ἐπιϐλέπων
2312 2122 2404 2174 ἐπὶ
2420 2121 2523 2192 τὴν
2540 2122 2644 2192 γῆν
2661 2127 2755 2179 καὶ
2774 2125 2944 2180 ποιῶν
2962 2125 3132 2197 αὐτὴν
3147 2126 3419 2197 τρέμειν.»

1861 2203 1922 2259 Ὀ
1938 2205 1994 2260 δὲ
2014 2208 2284 2279 Μωάμεθ,
2309 2212 2408 2275 τὰς
2437 2215 2740 2283 ἀγγελικάς
2763 2217 2945 2281 πάσας
2963 2217 3315 2288 ύπερανασάς
3338 2218 3431 2273 δυ-

1849 2298 2069 2369 νάμεις,
2088 2302 2311 2371 ἀμέσως
2335 2305 2412 2376 τῷ
2439 2306 2559 2376 Θεῷ
2580 2309 2968 2380 προσωμίλησε
2990 2310 3151 2382 365
3172 2312 3266 2365 καὶ
3289 2310 3429 2382 ὑπὲρ

1849 2387 2099 2458 ἀγγέλων
2150 2394 2245 2447 καὶ
2294 2394 2498 2460 παντὸς
2527 2396 2623 2450 τοῦ
2673 2398 2882 2467 κόσμου
2931 2399 3150 2469 δεήσεις
3198 2399 3430 2463 ἐποίησε

1850 2480 1946 2535 καὶ
1977 2483 2080 2553 τῆς
2106 2484 2275 2555 εὐχῆς
2315 2488 2415 2541 ούκ
2444 2488 2738 2559 ἀπέτυχεν.
2786 2490 2927 2559 Ἐγὼ
2974 2490 3031 2545 δὲ
3066 2491 3261 2562 ἀπορῶ
3311 2491 3430 2554 πῶς

1848 2572 1949 2625 οὐκ
1975 2573 2083 2643 ἔφη
2112 2575 2393 2646 τολμήσας
2424 2580 2454 2632 6
2499 2578 2739 2650 αὐθάδης
2779 2574 2934 2644 οὗτος
2964 2583 3056 2636 καὶ
3095 2580 3313 2647 ἀλαζὼν
3346 2582 3427 2635 ὃτι

1849 2663 2117 2746 κατέλαδε
2150 2667 2251 2736 τὴν
2278 2667 2381 2722 105.
2418 2668 2555 2723 Θεοῦ
2606 2671 2770 2741 φύσιν
2801 2670 2993 2746 ὥσπερ
3048 2673 3208 2737 αὐτὸς
3238 2675 3266 2727 6
3293 2672 3428 2736 Θεὸς
3460 2684 3463 2685 ⁷

1849 2751 1989 2810 οἶδεν
2019 2743 2212 2828 αύτήν.
2256 2760 2403 2815 Ἀλλ’
2430 2764 2459 2815 6
2507 2763 2781 2817 κατοικῶν
2816 2766 2874 2817 ἐν
2899 2743 3151 2832 οὐρανοῖς
3195 2762 3427 2831 ἐκγελά-

1851 2864 2003 2904 σεται
2033 2850 2199 2905 αὐτὸν
2220 2852 2316 2906 καὶ
2341 2854 2466 2917 τοὺς
2493 2855 2615 2925 μετ’
2639 2853 2831 2923 αὐτοῦ,
2858 2855 2953 2911 καὶ
2972 2857 3002 2911 6
3030 2857 3235 2928 Κύριος
3258 2848 3429 2927 ἐκμυ-

1850 2942 2071 3011 κτηριεῖ
2106 2943 2331 3007 αύτούς.

1923 3031 2046 3085 Ἐτι
2080 3031 2182 3087 ούκ
2211 3035 2449 3104 ἠδύνατο
2482 3038 2511 3091 6
2556 3036 2694 3102 Θεὸς
2733 3039 3027 3109 γινώσκειν
3060 3041 3163 3110 τὴν
3189 3039 3424 3107 δύναμιν

1847 3120 1945 3174 105
1983 3121 2139 3189 λαοῦ,
2171 3123 2287 3179 ἀλλ’
2337 3124 2610 3197 ἐπέθηκεν
2655 3130 2752 3184 ἐπὶ
2799 3130 2893 3184 τὸν
2921 3130 3197 3203 τράχηλον
3242 3130 3424 3184 αὐτῶν

165 3216 277 3285 Qui
319 3216 487 3287 igitur
520 3218 684 3275 unius
703 3221 879 3291 angeli
907 3236 1267 3295 conspectum
1289 3242 1396 3283 non
1425 3228 1570 3293 tulit,
1602 3245 1739 3299 quo—
1769 3238 1811 3295 ο
1844 3229 2016 3289 disset
2044 3233 2099 3289 in
2127 3249 2251 3293 eum
2288 3239 2493 3305 locum,
2528 3241 2583 3295 in
2643 3256 2754 3311 quo
2790 3252 2916 3298 ante
2961 3242 3173 3299 inisset.
3204 3242 3279 3297 En
3309 3244 3425 3313 jam

169 3306 341 3366 modo
370 3316 451 3364 tot
482 3310 802 3382 angelorum
835 3314 1183 3383 splendorem
1205 3328 1455 3389 spectare
1480 3322 1738 3390 potuerit,

163 3406 269 3454 aut
307 3401 625 3457 examinare
671 3414 727 3458 et
763 3406 944 3461 metiri
976 3413 1058 3463 tot
1088 3422 1277 3465 eorum
1312 3411 1493 3481 capita
1528 3421 1582 3467 et
1622 3427 1743 3483 quae

164 3492 229 3546 in
278 3491 473 3550 oribus
534 3509 726 3551 eorum
773 3498 993 3555 inerant
1050 3500 1285 3571 linguas,
1324 3511 1381 3559 et
1405 3519 1534 3563 vero
1561 3506 1749 3562 varias

167 3584 580 3642 vicissitudines
613 3590 1085 3662 proprietatesque
1132 3593 1456 3664 hymnorum
1484 3596 1620 3652 Dei?
1651 3597 1749 3649 At-

170 3677 317 3731 euim
373 3693 480 3733 non
519 3681 698 3735 solum
741 3681 997 3744 Gabriele
1033 3684 1295 3755 majorem
1327 3702 1389 3743 se
1416 3702 1540 3744 esse
1588 3689 1759 3751 dicit,

166 3771 264 3826 sed
318 3772 480 3825 etiam
542 3772 803 3829 omnibus
857 3774 987 3839 illis,
1043 3777 1109 3829 ad
1163 3792 1303 3845 quos
1352 3776 1597 3834 Gabrieli
1631 3793 1740 3832 non

161 3862 388 3930 patebat
418 3862 623 3929 aditus,
665 3878 790 3927 cum
824 3866 873 3921 is
902 3874 1057 3922 tanto
1086 3867 1194 3923 illis
1226 3867 1457 3925 inferior
1487 3878 1658 3934 esset,
1687 3876 1748 3924 ut

162 3951 508 4011 Mobametes
557 3956 628 4010 ab
657 3971 724 4012 eo
758 3956 873 4023 alii,
903 3967 958 4013 et
962 3959 1055 4033 ,μὴ
1100 3959 1204 4016 hoc
1233 3976 1429 4017 rursus
1463 3961 1650 4027 tertio,
1688 3967 1746 4016 et

164 4046 253 4101 sie
294 4046 555 4117 deinceps
610 4049 839 4119 reliquis
889 4050 1219 4120 traderetur,
1262 4062 1318 4110 et
1356 4053 1433 4109 ita
1476 4053 1544 4109 ad
1574 4054 1743 4108 Deum

164 4137 402 4192 intraret
429 4148 485 4193 et
513 4152 635 4193 cum
666 4154 735 4196 eo
757 4140 1197 4210 colloqueretur:
1230 4142 1366 4213 quin
1399 4144 1513 4199 imo
1545 4159 1602 4198 se
1634 4159 1743 4199 non

163 4225 348 4281 solum
404 4226 665 4296 majorem
691 4242 812 4284 esse
842 4230 1074 4300 angelis,
1104 4231 1201 4286 sed
1228 4232 1395 4286 etiam
1420 4247 1519 4301 pro
1545 4232 1742 4288 iisdem

164 4326 455 4387 precatum
501 4333 623 4373 esse
645 4318 899 4375 aﬂlrmat.
951 4318 1160 4377 Omitto
1206 4321 1392 4378 dicere
1421 4323 1489 4378 de
1544 4339 1746 4392 magno

164 4408 284 4471 illo,
314 4408 405 4478 qui
461 4407 631 4465 Deum
684 4411 844 4475 vidit,
882 4410 1087 4483 Moyse,
1147 4428 1313 4483 quem
1349 4429 1411 4470 se
1444 4415 1496 4469 in
1545 4426 1745 4485 quarto

163 4503 310 4559 caelo
356 4503 633 4562 invenisse
671 4515 901 4574 narrat;
957 4507 1136 4577 ipsum
1190 4517 1373 4564 autem
1406 4509 1573 4565 etiam
1600 4512 1742 4566 ultra

1852 3326 2193 3382 mendacium
2254 3329 2404 3384 omni
2461 3330 2681 3387 inscitia
2727 3332 3024 3402 repletum.
3082 3334 3253 3401 Quem
3304 3335 3424 3413 ipse

1850 3413 2182 3475 Moliametes
2224 3418 2604 3477 fabricatorem
2649 3424 2779 3478 οωιί
2836 3435 2889 3479 et
2918 3434 3076 3483 terra:
3137 3441 3259 3482 esse
3289 3427 3424 3482 dicit

1853 3504 2049 3572 Deum,
2077 3523 2203 3565 eum
2226 3525 2552 3580 corporeum
2577 3529 2698 3571 esse
2729 3516 2826 3582 ait,
2846 3532 2968 3571 non.
2989 3518 3372 3588 incorporeum
3405 3538 3420 3573 :

1853 3613 1977 3652 cum
2006 3607 2188 3654 tamen
2215 3616 2419 3659 numen
2446 3604 2689 3661 divinum
2718 3622 2824 3662 non
2863 3608 3062 3664 habent
3090 3625 3290 3680 corpus
3319 3625 3427 3666 nec

1855 3689 2307 3760 magnitudinem,
2330 3707 2429 3748 nec
2452 3694 2620 3764 ligura
2639 3696 2879 3753 describi
2902 3700 3092 3769 possit.
3127 3700 3204 3754 Ita
3228 3711 3411 3761 autem

1854 3786 2049 3833 natura
2080 3795 2179 3834 sua
2212 3793 2606 3851 comparatum,
2628 3786 2841 3841 Numen
2869 3771 3145 3857 quomodo
3178 3790 3426 3858 partibus

1854 3872 2103 3928 constet?
2138 3870 2249 3929 Hoc
2271 3873 2416 3927 enim
2448 3876 2544 3944 qui
2574 3886 2803 3941 stauiat,
2828 3881 3106 3949 quomodo
3134 3880 3276 3935 idem
3302 3897 3425 3937 esse

1854 3962 2234 4033 incorporeum
2258 3966 2437 4021 dicat?
2456 3968 2592 4023 Nam
2614 3970 2968 4041 q’nidcunque
2989 3973 3216 4043 tlguram
3241 3974 3424 4039 habet,

1780 4123 1788 4131 _
1855 4053 2286 4123 magnitudinem
2344 4066 2399 4111 et
2454 4059 2720 4113 ambitum
2788 4062 2952 4118 habet
3007 4073 3061 4118 ct
3118 4065 3425 4121 necessario

1853 4146 2090 4201 describi
2121 4156 2320 4215 potest.
2362 4147 2487 4204 Haec
2521 4160 2707 4206 autem
2734 4168 2999 4223 corporea
3035 4163 3185 4209 sunt.
3203 4154 3421 4225 Corpo-

1854 4239 1930 4293 ris
1977 4239 2341 4309 proprietates
2372 4250 2557 4296 autem
2609 4246 2889 4313 quomodo
2916 4245 3009 4315 qui
3045 4246 3279 4303 rationis
3313 4263 3424 4304 non

1852 4345 2053 4396 expers
2086 4340 2171 4387 cst
2201 4331 2255 4387 in
2303 4331 2542 4389 divinam
2581 4336 2730 4390 illam
2766 4346 2820 4391 et
2852 4338 3236 4407 incorpoream
3269 4349 3428 4394 natu-

1853 4436 1970 4476 ram
2005 4423 2101 4479 Dei
2132 4426 2469 4482 transferat?
2496 4427 2845 4484 Abrahamus
2861 4428 3084 4498 quidem
3114 4431 3428 4500 patriarcha

1854 4512 1907 4567 in
1938 4526 2154 4569 vetusto
2197 4517 2293 4573 illo
2329 4520 2571 4574 adventu
2623 4520 2716 4577 Dei
2764 4531 2964 4578 terram
3019 4533 3074 4578 et
3101 4524 3338 4580 cinerem
3367 4540 3429 4582 se

162 4597 459 4668 septimum
479 4600 801 4657 ascendisse
820 4610 874 4657 et
898 4600 1239 4672 processisse
1268 4618 1443 4672 usque
1468 4603 1535 4657 ad
1565 4605 1732 4659 Deum
1771 4606 1817 4661 D
1848 4603 2190 4660 existimavit
2247 4608 2681 4678 appellavitque,
2719 4619 2773 4664 et
2802 4625 2928 4666 cum
2961 4612 3169 4680 Daniel,
3204 4614 3327 4670 talis
3362 4629 3429 4669 ac

160 4702 405 4758 cumque
435 4704 503 4744 eo
531 4690 864 4746 collocutum
903 4706 1057 4757 esse;
1089 4692 1289 4748 deinde
1318 4693 1521 4749 exiisse
1556 4703 1610 4746 et
1639 4694 1735 4748 de~

158 4778 446 4836 scendisse
469 4779 534 4835 ad
553 4790 809 4848 quartum
835 4783 1061 4849 cmlum,
1084 4792 1143 4837 ut
1161 4784 1743 4851 commemoravimus,

158 4870 568 4927 etconvenisse
614 4871 689 4926 ibi
757 4872 1018 4944 Moysem,
1069 4874 1164 4943 qui
1226 4877 1330 4930 sibi
1382 4877 1653 4943 suaserit,
1684 4890 1750 4932 ut

159 4976 429 5019 reversus
456 4961 626 5019 Deum
650 4978 818 5033 super
856 4964 1061 5035 popqu
1090 4976 1427 5035 precaretur,
1461 4968 1526 5022 ad
1558 4968 1748 5023 levan—

158 5053 294 5108 dum
328 5068 455 5109 eum
505 5055 787 5124 precibus,
815 5056 1019 5127 quippe
1052 5058 1121 5113 ad
1146 5073 1285 5129 quas
1315 5060 1600 5117 faciendas
1632 5076 1743 5117 non

157 5144 371 5200 valeret
417 5132 692 5217 populus;
749 5147 960 5218 itaque,
1003 5149 1239 5220 probato
1270 5165 1338 5206 eo
1369 5152 1627 5217 consilio,
1675 5152 1746 5207 ad

159 5236 334 5293 Deum
355 5238 563 5295 redisse
581 5247 660 5302 et.
693 5238 762 5294 de
791 5253 856 5294 ea
887 5254 947 5294 re
971 5249 1278 5309 precatum,
1297 5243 1410 5297 voti
1431 5252 1743 5311 compotem

158 5326 531 5393 factumesse,
557 5344 860 5399 precesque
890 5331 1214 5385 imminutas
1254 5347 1377 5389 esse
1413 5353 1427 5399 ;
1458 5349 1523 5389 ac
1556 5333 1745 5405 Moyse

157 5418 345 5473 denuo
375 5428 626 5491 cogente,
664 5420 869 5476 redisse
913 5421 980 5475 ad
1020 5419 1194 5474 Deum
1227 5430 1424 5490 quater
1451 5422 1737 5491 deinceps,

157 5524 493 5581 semperque
528 5510 699 5565 multo
731 5509 1011 5575 faciliores
1038 5511 1238 5572 factas.
1274 5526 1400 5568 esse
1428 5527 1644 5583 preces.
1674 5520 1746 5568 At

156 5616 232 5657 ne
263 5601 348 5658 sic
378 5602 602 5672 quidem
652 5604 789 5660 satis
821 5602 1079 5660 habuisse
1110 5602 1349 5675 Moysem
1378 5643 1395 5670 ,
1427 5606 1522 5661 sed
1551 5621 1746 5663 rursus

155 5693 431 5759 suasisse,
454 5705 521 5751 ut
542 5695 611 5751 ad
642 5695 811 5752 Deum
848 5697 1074 5763 rediret,
1113 5697 1179 5752 ad
1203 5696 1584 5753 remissionem
1612 5714 1746 5769 pre-

155 5802 288 5845 cum
312 5789 611 5859 r0gandam
636 5789 849 5859 ;ipsum
880 5799 1062 5845 autem
1092 5804 1202 5844 non
1225 5788 1602 5856 consensisse,
1646 5787 1744 5844 sed

157 5878 232 5937 ad
271 5877 446 5938 Barac
497 5881 849 5940 descendisse
877 5891 933 5939 et
958 5891 1210 5951 erectum
1263 5896 1410 5952 esse,
1436 5882 1611 5939 donec
1651 5896 1742 5939 re-

1853 4703 2038 4752 tautus
2063 4697 2166 4759 vir,
2188 4698 2441 4768 angelum
2470 4698 2701 4765 videret,
2722 4715 2876 4756 mens
2889 4700 3011 4770 ejus
3032 4703 3088 4756 In
3124 4704 3423 4772 perniciem

1847 4802 2004 4842 versa
2032 4797 2138 4856 est,
2164 4788 2268 4844 hoc
2295 4798 2393 4844 est
2440 4805 2547 4844 non
2584 4790 2815 4845 multum
2843 4791 3055 4857 aberat,
3086 4793 3217 4861 quin
3251 4794 3421 4848 vitam

1848 4877 2139 4943 amitteret;
2162 4886 2328 4948 atque
2343 4877 2509 4933 David
2528 4877 2660 4933 dicit
2687 4895 2707 4929 ι
2742 4878 2834 4948 qui
2853 4885 3054 4932 terram
3078 4880 3346 4948 prospicit
3369 4888 3427 4934 et

1850 4967 2179 5024 treniel‘acit.
2213 4989 2231 5021 ι
2254 4969 2359 5024 Sed
2387 4969 2745 5035 Mobametes,
2771 4984 2965 5025 omnes
2987 4971 3260 5041 angelicas
3280 4971 3425 5027 vires

1849 5075 2139 5131 superans,
2184 5060 2404 5115 nemine
2428 5060 2825 5127 intercedente,
2855 5062 3026 5116 Deum
3067 5061 3344 5127 convenit,
3370 5071 3426 5119 et

1848 5164 2016 5220 super
2045 5150 2252 5221 angelis
2284 5159 2339 5205 et
2364 5151 2629 5206 universo
2670 5151 2878 5207 mundo
2907 5166 3097 5222 preces
3121 5150 3275 5218 fecit,
3318 5168 3422 5208 nec

1845 5257 1956 5297 non
1985 5256 2212 5311 compos
2260 5241 2438 5298 factus
2468 5252 2551 5298 est
2582 5244 2719 5299 voti.
2752 5243 3016 5313 Equidem
3045 5243 3235 5309 miror,
3275 5245 3426 5314 quod

1847 5333 2097 5404 petulans
2126 5333 2231 5390 iste
2259 5333 2461 5389 nebulo
2492 5348 2600 5389 non
2629 5348 2798 5390 ausus
2836 5343 2922 5390 est
2965 5333 3262 5399 aliirmare,
3289 5348 3420 5405 per-

1847 5428 2096 5497 spexisse
2127 5442 2188 5482 se
2225 5426 2319 5482 Dei
2348 5435 2624 5493 naturam,
2661 5426 3125 5497 quemadmodum
3155 5441 3273 5489 eam
3307 5426 3424 5494 ipse

1847 5515 1994 5572 Deus
2020 5517 2258 5572 noverit.
2308 5514 2508 5571 Verum
2539 5516 2633 5586 qui
2665 5516 2720 5570 in
2748 5515 2906 5575 caelis
2939 5515 3175 5578 habitat,
3223 5513 3423 5570 irride-

1846 5611 1925 5665 bit
1956 5611 2134 5680 ipsum
2198 5619 2254 5664 et
2301 5608 2540 5664 asseclas
2588 5608 2707 5679 ejus
2735 5646 2754 5673 ,
2800 5608 2983 5678 atque
3024 5607 3264 5663 ludibrio
3317 5621 3414 5663 eos

1846 5702 2068 5758 habebit
2096 5701 2380 5757 Dominus.

1848 5809 1869 5843 ε
1920 5793 2125 5850 Deinde
2168 5793 2313 5849 Deus
2355 5792 2637 5863 ignorabat
2706 5788 2847 5850 iires
2893 5790 3097 5864 populi,
3138 5790 3421 5859 legemque

1846 5880 2109 5953 imposuit
2152 5880 2350 5938 cervici
2396 5881 2539 5954 ejus,
2565 5898 2726 5955 quam
2749 5882 2895 5940 ferre
2933 5898 3041 5938 non
3077 5888 3319 5953 possent.
3351 5878 3422 5937 At
