3962 6552
693 406 730 428 ’γ’
761 405 767 410 ·
845 409 873 438 γ
931 407 934 409 λ
983 411 1000 418 ,-

227 457 348 526 949

1271 462 1714 526 CHRONICON
1753 463 2015 524 MAJ'US.
2059 485 2127 498 υ-
2174 461 2323 524 LIB.
2351 463 2448 524 ιν.

3367 466 3498 529 95οι

228 585 304 635 τὰ
330 581 472 651 ὑπὲρ
497 569 606 634 τδν
620 567 877 651 οὐρανὸν,
909 580 1070 636 ama
1101 581 1160 634 tv
1189 582 1463 650 ἐλαχίστῳ
1509 579 1687 649 χρόνῳ
1719 579 1807 632 δύ·
1835 589 1879 644 Α
1914 578 2194 648 φωραθείη
2227 577 2525 646 ἀντιλέγων
2554 577 2630 648 τῷ
2660 578 2847 650 κοράν,
2883 579 3107 642 θάνατος
3139 580 3278 634 ἔστω
3317 582 3354 651 ἡ
3389 598 3502 634 τιοο

225 691 426 727 νανται
457 671 688 726 διελθεῖν
722 673 790 727 τὰ
822 673 928 726 ὑπὸ
966 673 1058 725 τὸν
1088 672 1339 742 οὐρανὸν,
1373 670 1512 739 ἀέρα
1541 671 1687 738 λέγω
1718 671 1810 723 καὶ

225 765 430 834 αἰθέρα
459 765 555 817 καὶ
583 763 654 816 τὰ
677 763 889 826 τούτοις
927 763 1092 833 ὃμοια
1119 782 1133 828 ;
1166 764 1287 815 Ιἰιζτι
1319 763 1416 830 μὶν
1441 762 1559 823 πῶς
1598 762 1677 824 είς
1708 759 1810 829 τὴν

227 856 505 910 ἀνάϐασιν
535 856 732 927 ἐδεήθη
755 856 1008 924 ἀγγέλων
1029 855 1362 909 ἀναϐιϐάσαι
1387 853 1552 908 αὐτὸν
1576 854 1658 916 είς
1683 853 1809 916 τοὺς

225 950 522 1016 οὐρανοὺς,
557 951 614 1001 tv
639 948 698 1001 δὲ
725 949 788 1016 τῇ
825 947 1131 1000 καταϐάσει
1161 946 1430 1014 οὐδαμῶς,
1477 944 1614 998 ἀλλά
1646 945 1807 1012 μόνον

225 1040 330 1092 τοῦ
379 1038 520 1100 ζὼου
573 1037 845 1106 Μπαράκ,
903 1037 990 1090 ἴνα
1042 1041 1136 1090 καὶ
1201 1035 1365 1089 πάλιν
1418 1035 1582 1088 αὐτὸν
1616 1035 1694 1099 εἰς
1747 1035 1808 1088 τδ

229 1130 422 1182 Μεκκὲ
477 1129 849 1194 διασώσηται;
883 1129 994 1181 Καλ⁵
1018 1128 1106 1190 τίς
1151 1126 1295 1181 οῦτω
1337 1128 1645 1198 παράφρων
1672 1129 1700 1180 6
1731 1126 1807 1197 μὴ

227 1220 342 1272 τῶν
372 1220 633 1273 τοιούτων
668 1217 1032 1288 κατεγνωκόθς
1062 1237 1076 1282 ς

305 1311 403 1364 Διά
456 1327 539 1363 τοι
587 1309 746 1362 τοῦτο
802 1309 1088 1373 παντελῶς
1137 1310 1441 1366 κωλύουσιν
1488 1313 1536 1364 oi
1590 1311 1806 1365 ἐκείνου

227 1401 520 1456 ἀκόλουθοι
554 1401 696 1470 μετά
724 1418 888 1454 τινων
917 1400 1286 1468 διαλέγεσθαι,
1316 1403 1412 1456 τὸν
1443 1401 1667 1471 ἔλεγχον
1693 1402 1804 1454 δει-

231 1493 492 1555 λιῶντες·
531 1491 654 1544 οὐδὲ
684 1492 793 1560 γὰρ
830 1491 997 1562 368
1041 1490 1373 1560 ἀγνοοῦντες
1420 1493 1528 1545 είσι
1556 1493 1654 1562 τὴν
1705 1491 1804 1545 τοῦ

227 1583 556 1636 διδασκάλου
596 1582 780 1635 αὐτῶν
832 1582 1196 1652 ματαιότητα.
1241 1582 1384 1634 Ἀλλ’
1432 1583 1582 1651 ὅμως
1613 1585 1806 1636 κάκεῖ-

228 1691 314 1726 νοι
349 1673 672 1743 ἀσύμφωνοι
707 1673 849 1742 πρὸς
891 1673 1160 1744 ἀλλήλους
1209 1675 1569 1745 ὑπάρχουσιν.
1609 1678 1673 1730 Οῖ
1703 1677 1804 1745 μὲν

227 1766 339 1832 γὰρ
368 1763 444 1833 τῷ
477 1764 576 1817 τοῦ
605 1765 837 1818 θανάτου
883 1764 1040 1835 φόϐῳ
1079 1765 1174 1820 καὶ
1215 1767 1440 1829 ἄκοντες
1474 1766 1719 1831 ἕπονται,
1751 1767 1805 1820 ει

225 1856 274 1908 δ’
305 1857 437 1918 ἴσως
465 1857 686 1924 ἀφόϐως
720 1859 815 1910 καὶ
852 1859 909 1910 tv
933 1857 1152 1927 ἐξουσία
1185 1859 1292 1928 ἰδίᾳ
1339 1860 1609 1927 ἐγένοντο,
1638 1859 1800 1922 εὐθὺς

225 1949 549 2017 Χριστιανοὶ
579 1950 832 2017 ἐγένοντο
855 1949 920 2004 ἀν
942 1967 956 1981 ·
986 1953 1035 2002 οί
1056 1950 1114 2002 δὲ
1135 1953 1199 2020 τῇ
1235 1951 1410 2022 πλάνῃ
1436 1952 1805 2021 συναπαχθέν-
1837 1937 1877 1990 Β

224 2058 319 2102 τες
337 2041 413 2102 ὡς
442 2039 637 2108 βέϐαια
663 2044 758 2094 καὶ
779 2040 956 2111 ἀληθῆ
980 2043 1074 2094 καὶ
1097 2042 1172 2105 ὡς
1192 2042 1592 2114 ὡμολογημένα
1616 2045 1804 2113 εχουσι

223 2134 296 2185 τά
328 2133 420 2186 τοῦ
455 2133 700 2202 Μωάμεθ
755 2133 926 2200 ψεύδη
962 2136 1066 2187 καῖ
1097 2134 1483 2206 τερατεύματα
1504 2149 1521 2168 ο
1553 2137 1602 2188 σί
1651 2135 1708 2188 δὲ
1737 2135 1802 2188 ού

228 2225 518 2294 βούλονται
573 2227 877 2295 ἀποστῆναι
919 2229 1020 2296 τῆς
1054 2225 1543 2296 πατροπαραδότου
1592 2225 1801 2292 πλάνης

225 2319 411 2370 αὐτῶν
441 2321 580 2372 αἰδοῖ
606 2318 719 2371 τῶν
763 2319 988 2386 γονέων,
1039 2318 1156 2372 ἀλλ’
1186 2317 1274 2371 ἐπ’
1312 2318 1539 2380 ἐκείνοις
1586 2318 1799 2370 τιθὲασι

223 2413 328 2478 τὴν
365 2412 545 2464 αἰτίαν
573 2411 675 2477 τῆς
723 2409 859 2478 πρὸς
893 2410 1028 2462 Θεὸν
1067 2409 1366 2476 ἀπολογίας
1391 2426 1406 2441 υ
1447 2411 1495 2462 ol
1531 2408 1589 2462 δὲ
1621 2408 1709 2462 διὰ
1736 2407 1799 2460 τὸ

222 2499 418 2553 ἄνετον
465 2500 558 2552 καὶ
615 2498 900 2568 ἐλεύθερον
954 2499 1217 2570 καὶπερὶ
1261 2500 1360 2560 τὰς
1408 2498 1600 2568 ἡδονὰς
1654 2497 1800 2551 ἀνδύ-

221 2609 386 2661 σιμον
418 2593 477 2644 οὐ
506 2591 784 2660 βούλονται
814 2591 1120 2660 ἀποστῆναι
1153 2589 1255 2658 τῆς
1280 2590 1509 2660 πλάνης,
1541 2589 1676 2645 ἀλλά
1697 2590 1796 2660 τὴν

219 2682 566 2753 ἀκαθαρσίαν
604 2684 697 2734 καὶ
733 2681 970 2750 ματαίαν
1002 2681 1216 2734 δίαιταν
1253 2681 1669 2751 προαιροῦνται,
1709 2699 1795 2752 γι-

220 2773 527 2836 νώσκοντες
571 2775 670 2843 μὶν
699 2775 780 2827 δτι
831 2773 932 2827 οῦκ
978 2775 1118 2826 είσιν
1160 2773 1270 2826 ἀπὸ
1327 2773 1462 2826 Θεοῦ
1523 2773 1592 2827 τὰ
1643 2773 1794 2842 λεγό-

225 2885 390 2937 μενα,
440 2869 660 2936 λέγουσι
710 2867 755 2921 δ’
783 2868 934 2936 ὅμως
997 2866 1282 2937 ἄντικρυς,
1329 2867 1406 2929 ὡς
1439 2865 1790 2937 προείρηται,

220 2962 311 3014 ὅτι
354 2959 504 3012 Ὀδδν
531 2958 764 3011 ἐντολῶν
798 2975 896 3011 σου
919 2957 1126 3026 γνῶναι
1160 2959 1222 3010 οὐ
1252 2956 1540 3027 βούλομαι.
1568 2957 1675 3011 Καὶ
1703 2959 1792 3012 διὰ

219 3051 390 3106 τοῦτο
413 3051 533 3104 οὐδὲ
557 3052 983 3122 παραχωροῦσιν
1009 3051 1484 3119 ἀναγινώσκεσθαι
1505 3053 1608 3120 τὴν
1638 3053 1791 3106 θείαν

219 3143 448 3212 Γραφὴν
482 3144 611 3212 παρ’
664 3142 930 3204 ἐκείνοις,
961 3141 1049 3194 ῖνα
1089 3141 1261 3212 μὴτὸ
1317 3142 1412 3196 τοῦ
1468 3144 1788 3199 διδασκάλου

1916 671 2120 740 μωρία,
2171 669 2304 739 μηδὲ
2357 669 2633 722 πιστεύειν
2674 671 2862 740 ἕτερον
2922 669 3061 742 πλὴν
3107 671 3300 725 αὐτοῦ’
3331 674 3388 726 tv
3417 673 3474 726 δὲ

1910 761 1989 832 τῷ
2045 759 2326 830 κεφαλαίῳ
2355 761 2432 831 τῷ
2475 763 2700 832 Ἀμράμ
2751 779 2906 832 φησι,
2942 782 2960 814 ι
3006 763 3098 832 Μὴ
3148 763 3476 833 πιστεύσητε

1911 856 2099 924 ἕτερον
2154 854 2295 923 πλὴν
2355 854 2452 908 τοῦ
2496 855 2763 924 ἑπομένου
2790 857 2869 926 τῷ
2915 856 3171 927 ἡμετέρῳ
3234 857 3404 926 νόμῳ.
3453 874 3472 908 ι

1913 947 2105 1000 Καίτοι
2130 961 2193 1013 γε
2223 947 2284 999 τὸ
2320 945 2650 1014 Εὑαγγέλιον
2680 949 2955 1018 σωτηρίαν
2988 945 3128 1003 εἶναι
3172 948 3349 1016 λέγων
3381 950 3476 1000 καὶ

1909 1039 2154 1109 ὀδηγίαν,
2204 1039 2297 1091 καὶ
2335 1038 2502 1108 μηδὲν
2547 1033 2687 1092 εἷναι
2715 1042 2828 1102 τοῖς
2857 1041 3196 1110 Σαρακηνοῖς
3231 1042 3306 1109 μὴ
3337 1039 3475 1107 πλη-

1915 1133 2122 1201 ρὼσασι
2154 1133 2213 1184 τὸ
2261 1131 2590 1197 Εὑαγγέλιον
2641 1131 2736 1183 καὶ
2789 1129 2881 1184 τὸν
2916 1132 3102 1198 νόμον.
3140 1129 3310 1182 Πάλιν
3361 1129 3420 1182 δὲ
3448 1129 3480 1180 6

1909 1225 2070 1284 αὐτὸς
2104 1222 2268 1293 369
2294 1221 2486 1290 ῶσπερ
2518 1221 2906 1292 ἐπιλαθόμενος
2932 1223 3040 1276 τῶν
3074 1219 3269 1275 ἑαυτοῦ
3302 1221 3476 1288 λόγων

1911 1316 1972 1367 tv
2002 1313 2081 1382 τῷ
2131 1313 2278 1382 αὐτῷ
2316 1313 2600 1382 κεφαλαίῳ
2625 1313 2788 1382 φησὶν
2816 1314 2896 1366 ὅτι
2941 1314 3098 1382 Ἐμοὶ
3140 1315 3239 1383 μὲν
3273 1315 3300 1366 6
3337 1313 3470 1382 ἐμὸς

1910 1405 2072 1473 νϐμος
2099 1407 2194 1457 καὶ
2239 1404 2369 1472 ὑμῖν
2397 1406 2426 1457 6
2473 1404 2779 1473 ὑμέτερος·
2817 1403 2976 1472 ὑμεῖς
3023 1404 3304 1472 ἐλεύθεροί
3348 1405 3473 1456 ἐστε

1909 1491 1986 1551 ὧν
2017 1498 2127 1564 ἐγὼ
2163 1497 2407 1567 πράττω,
2442 1496 2596 1564 κάγὼ
2629 1489 2703 1549 ὧν
2747 1497 2925 1565 ὑμεῖς.
2959 1495 3132 1549 Τοῦτο
3162 1494 3292 1562 γοῦν
3341 1495 3473 1547 ῖδιόν

1908 1589 2027 1640 ἐστι
2059 1588 2152 1640 τοῦ
2183 1587 2715 1658 παρατετραμμένου
2755 1587 2896 1652 νοὸς,
2929 1587 2988 1638 τὸ
3145 1586 3303 1654 μόνον
3335 1585 3472 1653 μετὰ

1906 1678 2002 1732 τοῦ
2032 1677 2199 1731 καλοῦ
2244 1695 2305 1730 τε
2335 1679 2430 1730 καὶ
2475 1677 2687 1744 ἀγαθοῦ
2726 1677 3059 1746 ἀσύμφωνον
3091 1676 3279 1728 τοῦτον
3325 1675 3474 1744 εὑρί-

1909 1773 2158 1835 σκεσθαι,
2191 1770 2326 1823 ἀλλά
2373 1773 2469 1825 καὶ
2521 1770 2654 1839 πρὸς
2691 1771 2884 1821 ἑαυτὸν
2921 1769 3194 1836 μηδέποτε
3251 1782 3474 1834 συμφω-

1907 1865 2040 1928 νεῖν,
2071 1863 2262 1930 ῶσπερ
2293 1864 2388 1917 καὶ
2420 1866 2449 1916 6
2479 1862 2668 1931 παρὼν
2693 1861 2874 1914 οὑτοσὶ
2905 1857 3147 1926 Μωάμεθ
3173 1859 3228 1910 tv
3259 1858 3364 1927 ὅλῳ
3394 1856 3472 1924 τῷ

1906 1955 2072 2010 αὑτοῦ
2134 1955 2548 2025 συγγράμματι.
2603 1954 2684 2006 Τὰ
2729 1952 2784 2004 δὲ
2805 1953 2941 2022 κτῶν
2986 1949 3333 2018 Χριστιανῶν
3371 1950 3471 2017 ούχ

1907 2044 2101 2110 οὕτως,
2135 2046 2270 2099 ἀλλά
2303 2047 2452 2098 πᾶσα
2477 2047 2511 2113 ἡ
2544 2044 2663 2096 θεία
2701 2041 2915 2111 Γραφὴ,
2955 2041 2992 2110 ἦ
3018 2057 3077 2096 τε
3113 2039 3318 2092 παλαιά
3350 2039 3384 2108 ἦ
3411 2055 3470 2090 τε

1907 2136 2022 2198 νέα,
2056 2135 2152 2204 μία
2181 2137 2388 2204 ἑκάστη
2419 2135 2557 2204 πρὸς
2579 2132 2783 2202 ἑαυτὴν
2805 2134 2946 2185 κατὰ
2975 2133 3158 2184 πᾶσαν
3186 2129 3471 2199 ἀκρίϐειαν

1907 2231 2212 2297 συμφωνεῖ,
2256 2228 2352 2282 καὶ
2381 2227 2536 2290 αὖθις
2577 2228 2631 2278 αἱ
2670 2223 2766 2278 δύο
2799 2226 2937 2294 ὁμοῦ
2980 2224 3124 2276 κατά
3173 2223 3351 2275 πάντα
3377 2221 3472 2272 e6-

1903 2321 2184 2390 ρίσκονται
2232 2317 2302 2372 τὰ
2340 2317 2480 2371 αὐτὰ
2531 2319 2628 2370 καὶ
2684 2316 2984 2386 φρονοῦσαι
3035 2316 3134 2368 καὶ
3185 2314 3466 2380 λέγουσαι.

1898 2413 2010 2466 Καὶ
2039 2411 2268 2472 εἰκότως
2291 2425 2306 2440 ⁶
2340 2412 2368 2464 6
2403 2409 2512 2478 γὰρ
2536 2408 2700 2469 αὐτὸς
2729 2407 2862 2470 Θεός
2894 2409 3043 2459 ἐστιν
3072 2408 3100 2458 6
3122 2407 3351 2474 ποιητὴς
3376 2407 3470 2457 καὶ

1897 2503 2192 2572 νομοδότης
2221 2501 2320 2570 τῆς
2354 2517 2412 2554 τε
2452 2500 2578 2562 νέας
2609 2499 2703 2552 καὶ
2753 2497 3014 2558 παλαιᾶς.
3057 2494 3200 2562 Ἐγὼ
3240 2493 3295 2546 δὶ
3330 2493 3468 2562 τάχα

1895 2593 1963 2646 ἂν
1991 2593 2136 2662 μετά
2152 2609 2210 2645 τε
2252 2591 2481 2645 Ἦσαῖου
2509 2590 2604 2644 καὶ
2626 2588 2794 2641 Δα-ϐὶδ
2815 2586 2922 2640 τῶν
2953 2584 3251 2655 προφητῶν
3272 2581 3424 2636 εἷπον
3447 2597 3463 2612 ο
3535 2603 3542 2606 ·

1903 2703 1924 2736 ι
1965 2683 2081 2736 ἰνα
2106 2683 2180 2750 τί,
2210 2682 2404 2753 Κύριε,
2438 2681 2556 2744 ὁδὸς
2587 2680 2800 2734 ἀσεϐῶν
2828 2676 3145 2739 εύοδοῦται;
3191 2694 3208 2727 ι
3244 2675 3468 2753 Καιὸτι

1893 2775 2032 2845 ἐμοῦ
2073 2777 2223 2845 πα.ρά
2256 2776 2451 2846 μικρὸν
2484 2773 2857 2839 ὲσαλεύθησαν
2889 2772 2939 2824 οἱ
2987 2771 3172 2832 πόδες.
3199 2767 3331 2838 παρ’
3355 2767 3468 2820 ὀλί-

1892 2885 1988 2935 γον
2027 2868 2254 2940 ὲξεχύθη
2305 2869 2374 2920 τὰ
2411 2867 2726 2937 διαδήματα
2767 2881 2897 2918 σουυ
2929 2864 3012 2916 ὅτι
3061 2861 3312 2931 ἐζήλωσα
3365 2859 3464 2912 ἐπὶ

1890 2967 2004 3027 τοῖς
2033 2965 2276 3030 ἀνόμοις,
2312 2961 2537 3031 είρήνην
2572 2956 2915 3027 ἁμαρτωλῶν
2951 2953 3175 3022 θεωρῶν
3205 2968 3220 2982 ⁸
3250 2952 3334 3006 ὅτι
3360 2950 3465 3004 οὐκ

1892 3055 2040 3106 ἐστιν
2077 3054 2371 3114 ἀνάνευσις
2404 3052 2464 3103 tv
2488 3051 2568 3118 τῷ
2596 3048 2814 3117 θανάτῳ
2847 3046 3029 3102 αὐτῶν
3055 3045 3148 3097 καὶ
3171 3043 3460 3112 στερέωμα

1893 3147 1950 3198 tv
1983 3150 2048 3215 τῇ
2087 3146 2314 3215 μάστιγι
2343 3143 2545 3206 αὐτῶν,
2577 3143 2636 3194 tv
2669 3140 2861 3201 κόποις
2893 3136 3200 3208 ἀνθρώπων
3223 3134 3324 3188 οῦκ
3353 3133 3463 3185 εισι

219 3235 409 3290 αὐτῶν
435 3235 630 3304 ψεῦδος
675 3236 756 3296 εἰς
790 3234 1014 3304 ἔλεγχον
1052 3235 1203 3307 ἔλθῃ.
1243 3236 1332 3289 Ἐν
1365 3240 1475 3305 γάρ
1521 3237 1598 3306 τῷ
1625 3253 1793 3304 κεφα-
1823 3262 1868 3321 c
1899 3241 1992 3293 καὶ
2033 3239 2176 3308 μετὰ
2203 3237 2509 3307 ἀνθρώπων
2535 3237 2596 3289 οὐ
2625 3234 3159 3305 μαστιγωθήσονται.
3187 3230 3284 3282 Διά
3312 3226 3466 3282 τοῦτο

219 3328 364 3398 λαίῳ
397 3328 476 3397 τῷ
517 3327 673 3381 Ἰωνᾶ
716 3327 858 3380 οὕτω
906 3327 1096 3400 φησὶν,
1149 3329 1238 3381 ὅτι
1284 3328 1389 3386 κᾶν
1433 3329 1616 3392 ὁποῖός
1660 3345 1791 3384 ποτε

221 3509 569 3574 incorporea,
633 3522 753 3574 quae
785 3507 1005 3576 quidem
1058 3517 1304 3576 tempore
1332 3508 1654 3563 brevissimo
1709 3522 1794 3572 ea,

221 3615 348 3667 qua:
371 3598 509 3652 infra
536 3601 732 3654 caelum
774 3608 923 3662 sunt,
963 3614 1094 3655 aera
1127 3612 1179 3655 et
1212 3602 1415 3656 aethera
1443 3611 1498 3656 et
1531 3600 1616 3656 his
1647 3601 1799 3654 simi-

219 3693 315 3760 lla,
345 3693 580 3747 transire
607 3693 860 3760 possunt?
881 3693 1129 3761 Autquid
1154 3691 1483 3747 Moltametes
1508 3693 1715 3759 angelis
1743 3695 1796 3746 in

215 3797 456 3838 ascensu
479 3787 690 3852 egebat,
722 3794 782 3837 ιιι
834 3783 892 3837 in
919 3781 1054 3837 ceela
1112 3783 1181 3836 ali
1226 3783 1294 3836 iis
1353 3782 1693 3846 eveheretur,
1741 3782 1793 3834 in

214 3873 485 3927 descensu
519 3889 624 3926 non
649 3875 860 3942 egebat,
900 3873 995 3928 sed
1025 3874 1142 3928 sola
1167 3873 1342 3928 bestia
1361 3871 1534 3926 Barac
1552 3887 1684 3926 usus
1709 3881 1798 3926 est

215 3974 278 4018 ut
318 3962 558 4017 Meccam
596 3963 822 4018 rediret?
850 3964 986 4030 Quis
1003 3965 1139 4018 adeo
1167 3964 1368 4019 stultus
1407 3964 1499 4030 sit,
1523 3963 1618 4033 qui
1676 3963 1792 4018 haec

213 4055 574 4125 improbanda
601 4069 722 4110 esse
757 4069 867 4109 non
901 4055 1140 4109 sentiat?

283 4147 494 4200 Carent
517 4146 740 4200 omnino
767 4145 904 4199 lianc
931 4145 1002 4199 ob
1035 4158 1254 4200 causam
1284 4143 1434 4198 illius
1463 4146 1707 4208 σείσειε,
1730 4160 1798 4200 ne

209 4251 341 4292 cum
396 4249 675 4304 quoquam
727 4234 1022 4305 disputent,
1098 4234 1483 4290 refutationem
1539 4244 1791 4290 metuen-

210 4339 324 4382 tes.
373 4323 564 4396 Neque
608 4326 754 4381 enim
821 4327 1072 4396 ignorant
1135 4325 1382 4395 magistri
1436 4327 1522 4381 sui
1575 4327 1787 4382 vanita-

210 4433 350 4476 tem.
408 4418 588 4473 Niliilo
654 4427 830 4472 tamen
894 4419 1078 4472 mimis
1108 4417 1212 4487 ipsi
1266 4417 1409 4472 inter
1467 4433 1525 4472 se
1585 4418 1798 4473 dissen-

210 4519 382 4570 tiunt.
401 4512 504 4567 Alii
539 4511 683 4566 enim
709 4510 861 4565 inviti
904 4519 1049 4564 metu
1083 4511 1273 4565 mortis
1303 4525 1430 4564 eum
1469 4519 1794 4578 sequuntur,

205 4603 403 4672 (μή,δί
449 4604 645 4658 timore
697 4601 852 4656 vacui
905 4609 960 4656 et
1017 4602 1102 4656 sui
1153 4601 1292 4674 juris
1329 4612 1536 4663 essent,
1590 4601 1773 4655 statim
1809 4613 1853 4667 ι)

203 4694 512 4748 Christiani
537 4693 750 4755 ﬂerent;
777 4691 892 4754 alii,
923 4705 1112 4745 errore
1135 4689 1406 4756 obstricti,
1462 4700 1520 4745 ut
1555 4699 1702 4744 certa
1729 4701 1783 4744 et

207 4799 340 4839 vera
371 4793 425 4840 et
449 4785 670 4855 probata
726 4793 1052 4838 venerantur
1103 4783 1383 4838 metulacia
1437 4793 1491 4836 et
1540 4781 1781 4850 prodigia

208 4877 555 4943 Mobametis;
590 4875 1062 4945 aliiamajoribus
1115 4875 1219 4931 sibi
1273 4876 1503 4930 traditos
1567 4887 1786 4928 errores

205 4977 434 5037 propter
491 4966 872 5020 verecundiam
939 4978 1226 5036 parentum
1293 4966 1604 5034 relinquere
1675 4979 1783 5018 non

205 5061 432 5120 audent,
467 5057 563 5112 sed
627 5058 726 5110 llos
758 5058 859 5110 sibi
921 5059 986 5111 ad
1053 5057 1216 5110 Deum
1273 5055 1617 5112 excusationi
1671 5054 1787 5109 lore

205 5150 516 5213 conﬁdunt;
565 5149 659 5202 alii
711 5148 944 5216 denique
1004 5158 1222 5217 propter
1280 5148 1671 5215 indulgentiam
1732 5156 1786 5201 et

209 5244 516 5294 libertatem
547 5248 604 5294 et
640 5239 851 5293 veniam
906 5240 1183 5307 explenda:
1237 5239 1481 5293 libidinis
1535 5253 1774 5294 errorem

206 5338 466 5386 deserere
493 5342 772 5394 recusant,
795 5342 960 5398 atque
993 5331 1260 5400 impuram
1291 5342 1345 5384 et
1375 5345 1566 5384 vanam
1619 5331 1782 5383 vitam

207 5433 540 5494 praeoptent,
564 5423 658 5492 qui
721 5438 842 5490 quae
907 5422 1193 5485 docentur,
1256 5420 1436 5474 divina
1490 5437 1595 5474 non
1664 5436 1786 5474 esse

211 5515 382 5584 probe
409 5514 614 5578 sciunt,
642 5511 760 5575 sed,
791 5519 848 5564 ut
871 5511 1005 5574 dixi,
1031 5511 1241 5579 liquido
1267 5512 1611 5578 proﬁtentur,
1637 5515 1780 5565 viam

207 5603 591 5657 mandatorum
630 5603 722 5656 Dei
756 5615 918 5657 nosse
939 5616 998 5656 se
1027 5602 1190 5655 nolle.
1241 5600 1438 5654 Eadem
1501 5601 1568 5654 de
1621 5615 1786 5654 causa

207 5709 313 5748 nec
353 5707 543 5748 sacras
581 5691 816 5748 Litteras
858 5692 960 5758 legi
1020 5690 1356 5760 permittunt,
1420 5703 1487 5744 ne
1542 5687 1782 5757 magistri

208 5785 297 5840 sui
327 5782 610 5838 mendacia
633 5793 1017 5852 agnoscantur.
1047 5783 1102 5836 In
1129 5782 1303 5850 capite
1335 5780 1470 5836 Jona
1503 5782 1644 5835 enim
1700 5779 1785 5834 di-

217 5875 316 5940 cit,
337 5872 648 5945 quicunque
667 5875 934 5930 Cot‘uuezu
967 5875 1291 5943 impugnans
1320 5871 1780 5942 deprehendatur,

1900 3334 2204 3404 ἐκράτησεν
2237 3332 2434 3394 αὐτοὺς
2465 3333 2499 3400 ἡ
2527 3331 2905 3401 ὑπερηφάνεια
2936 3328 3016 3390 si;
3045 3325 3197 3387 τέλος
3227 3339 3241 3354 ο
3279 3337 3468 3392 περιετ

1899 3533 2026 3572 eum
2050 3527 2224 3570 morte
2250 3515 2589 3568 multandum
2611 3528 2755 3576 esse,
2788 3525 2887 3566 nec
2903 3518 3155 3580 Oportere
3185 3507 3464 3576 cuiquam,

1901 3609 2000 3661 nisi
2023 3607 2147 3668 silli,
2178 3605 2349 3669 credi;
2383 3605 2522 3658 idem
2557 3605 2612 3657 in
2660 3604 2834 3672 capite
2858 3601 3072 3656 Amram
3108 3597 3238 3652 dicit
3266 3614 3280 3649 :
3318 3613 3337 3645 ι
3359 3591 3466 3647 Nc-

1901 3697 2034 3750 mini
2061 3695 2286 3757 credite,
2317 3694 2422 3748 nisi
2468 3693 2560 3761 qui
2591 3692 2694 3762 legi
2722 3702 2924 3745 nostra:
2949 3689 3307 3754 obtemperat.
3337 3701 3355 3734 ι
3399 3680 3467 3734 Ει

1901 3795 2078 3840 tamen
2105 3785 2451 3855 Evangelium
2472 3783 2702 3838 salutem
2726 3791 2781 3836 et
2801 3781 2938 3833 viam
2961 3779 3214 3846 appellat,
3232 3783 3287 3829 et
3301 3773 3434 3830 Sara
3451 3799 3465 3810 -

1899 3889 2090 3940 cenos,
2118 3855 2218 3926 nisi
2244 3871 2344 3940 legi
2372 3882 2424 3925 et
2442 3869 2734 3939 Evangelia
2757 3867 3115 3928 satisfaciant,
3141 3863 3276 3916 nihil
3308 3874 3464 3944 agere

1899 3966 2050 4023 dicit.
2088 3967 2297 4018 ltursus
2323 3965 2474 4031 quasi
2513 3962 2733 4024 oblitus,
2785 3974 2904 4030 quae
2932 3965 3056 4011 ante
3105 3953 3353 4010 dixisset.
3415 3951 3466 4004 in

1898 4056 2086 4111 eodem
2115 4055 2315 4123 capite,
2371 4052 2552 4117 «Mihi,
2583 4052 2780 4120 inquit,
2811 4065 2928 4104 mea
2962 4049 3072 4114 lex,
3109 4048 3263 4102 vobis
3288 4052 3467 4101 vestra

1897 4157 2003 4212 est;
2032 4161 2126 4200 vos
2153 4161 2364 4205 eorum,
2390 4160 2511 4212 qum
2542 4158 2640 4213 ego
2667 4142 2828 4206 facio,
2861 4150 3111 4210 expertes
3160 4139 3316 4203 estis,
3368 4153 3467 4205 ego

1897 4250 2089 4292 eorum
2147 4249 2270 4304 quae
2330 4248 2426 4287 vos
2481 4231 2712 4286 facitisa
2751 4231 3019 4284 Nimirum
3067 4229 3270 4282 insanae
3307 4242 3462 4279 men-

1901 4330 1973 4384 tis
2010 4339 2113 4390 est,
2167 4342 2273 4382 non
2305 4325 2484 4380 solum
2513 4341 2634 4380 cum
2671 4325 2831 4378 bonis
2877 4320 3322 4390 sapientibusque
3356 4334 3463 4371 non

1898 4419 2228 4484 consentire,
2282 4419 2375 4472 sed
2430 4417 2592 4471 etiam
2645 4429 2832 4471 secum
2871 4411 3133 4482 pugnare,
3162 4409 3232 4463 iit
3281 4407 3466 4461 Molia-
3547 4449 3564 4456 _.

1900 4519 2070 4567 metes
2127 4511 2217 4564 hic
2283 4509 2336 4563 in
2405 4517 2518 4564 toto
2575 4507 2713 4561 libro
2776 4520 2874 4559 suo
2923 4504 3070 4557 facit.
3163 4500 3316 4554 Haud
3381 4516 3470 4553 cu-

1899 4601 2021 4656 dem
2083 4599 2224 4654 ratio
2250 4599 2684 4654 Christianorum
2743 4595 3002 4651 librorum
3064 4601 3168 4655 est,
3225 4591 3320 4647 sed
3349 4605 3470 4644 om-

1891 4693 1977 4746 nis
2037 4705 2191 4746 sacra
2250 4690 2554 4759 Scriptura.
2609 4697 2722 4741 tum
2749 4697 2904 4741 vetus
2965 4694 3075 4738 tum
3128 4697 3290 4746 nova,
3358 4695 3468 4732 non

1893 4783 2070 4837 solum
2105 4796 2201 4850 pro
2234 4795 2294 4836 se
2317 4789 2546 4847 utraque
2579 4776 2989 4834 accuratissime
3015 4789 3201 4829 secum
3243 4785 3469 4826 concor-

1891 4883 2005 4938 dat,
2032 4873 2124 4928 sed
2142 4873 2304 4926 etiam
2329 4868 2519 4924 ambas
2543 4877 2722 4938 partes
2749 4881 2968 4937 prorsus
2995 4867 3134 4920 inter
3160 4878 3219 4918 se
3239 4877 3468 4918 conson-

1893 4965 2090 5019 tientes
2119 4972 2171 5018 et
2199 4970 2564 5029 congruentes
2592 4957 2773 5014 habet.
2829 4955 3092 5010 Nimirum
3119 4954 3260 5010 idem
3326 4953 3470 5007 Deus

1892 5067 2082 5110 auctor
2115 5064 2168 5109 et
2196 5053 2473 5121 legislator
2523 5065 2674 5106 novae
2695 5058 2750 5106 et
2801 5047 3000 5102 veteris
3023 5045 3316 5113 Scriptura:
3363 5054 3464 5098 est.

1892 5146 2182 5199 Enimvero
2229 5159 2354 5196 eum
2402 5142 2551 5210 Isaia:
2582 5150 2635 5196 et
2664 5140 2862 5193 Davide
2924 5136 3201 5207 prophetis
3252 5149 3462 5208 rogare,

1899 5257 1918 5290 ε
1942 5238 2137 5302 Quare,
2165 5235 2412 5295 Domine,
2447 5231 2526 5285 via
2561 5230 2847 5299 impiorum
2897 5225 3186 5282 sternitut?
3215 5245 3232 5277 ι
3305 5235 3468 5292 atque

1892 5329 2073 5382 dicere
2097 5324 2328 5392 possim,
2361 5339 2467 5377 non
2506 5322 2759 5388 unultum
2788 5320 3049 5381 abfuisse,
3073 5319 3202 5387 quin
3223 5315 3465 5370 labarent

1892 5417 2054 5485 pedes
2077 5415 2179 5468 mei
2213 5423 2267 5468 et
2297 5411 2511 5466 fallerer
2541 5411 2802 5480 vestigio;
2835 5409 3090 5464 inv’idisse
3145 5424 3230 5461 me
3263 5407 3464 5474 impiis,

1892 5523 2014 5560 cum
2078 5504 2317 5560 viderem
2365 5502 2706 5572 peccantium
2763 5515 2990 5570 pacem;
3061 5499 3261 5551 nullam
3312 5498 3463 5550 cerni

1892 5597 2344 5666 improbationem
2377 5595 2432 5648 in
2456 5605 2628 5648 morte
2655 5607 2843 5648 eorum
2879 5607 2975 5645 nec
3033 5589 3347 5642 lit-unitatem
3405 5587 3462 5641 in

1891 5687 2610 5757 eurumﬂagellatione,eos
2678 5684 2936 5739 aerumnis
2989 5683 3274 5735 hominum
3335 5695 3446 5733 non

1894 5779 2159 5831 obnoxios
2219 5792 2362 5841 esse,
2437 5793 2536 5830 nec
2589 5791 2712 5830 cum
2796 5773 3106 5827 hominibus
3177 5765 3460 5838 castigari.

1895 5870 2233 5942 Quapropter
2275 5870 2470 5926 invasit
2499 5884 2593 5926 eos
2623 5878 2952 5939 postremum
2990 5859 3249 5933 superbia
3296 5870 3462 5930 atque
