  <div class='ocr_page' id='page_1' title='image "/cluster/home/n/w/nwhite01/storage/ocr_20150623/156/hvd.32044019208438/703.png"; bbox 0 0 3962 6548; ppageno 0'>
   <div class='ocr_carea' id='block_1_1' title="bbox 501 423 598 485">
    <p class='ocr_par' dir='ltr' id='par_1_1' title="bbox 501 423 598 485">
     <span class='ocr_line' id='line_1_1' title="bbox 501 423 598 485; baseline 0.041 -4"><span class='ocrx_word' id='word_1_1' title='bbox 501 423 598 485; x_wconf 70' lang='grc' dir='ltr'><strong>9ξ1</strong></span> 
     </span>
    </p>
   </div>
   <div class='ocr_carea' id='block_1_2' title="bbox 501 718 2067 806">
    <p class='ocr_par' dir='ltr' id='par_1_2' title="bbox 501 718 2067 806">
     <span class='ocr_line' id='line_1_2' title="bbox 501 718 2067 806; baseline 0.014 -38"><span class='ocrx_word' id='word_1_2' title='bbox 501 718 652 769; x_wconf 84' lang='grc' dir='ltr'>θεσιν</span> <span class='ocrx_word' id='word_1_3' title='bbox 684 719 912 790; x_wconf 81' lang='grc' dir='ltr'><strong>καρδίας</strong></span> <span class='ocrx_word' id='word_1_4' title='bbox 939 736 954 750; x_wconf 75' lang='grc'><strong><em>⁸</em></strong></span> <span class='ocrx_word' id='word_1_5' title='bbox 985 721 1342 796; x_wconf 72' lang='grc' dir='ltr'><strong>διενοήθησαν</strong></span> <span class='ocrx_word' id='word_1_6' title='bbox 1371 730 1464 781; x_wconf 75' lang='grc' dir='ltr'>καὶ</span> <span class='ocrx_word' id='word_1_7' title='bbox 1516 731 1788 802; x_wconf 75' lang='grc' dir='ltr'><strong>ἐλάλησαν</strong></span> <span class='ocrx_word' id='word_1_8' title='bbox 1811 735 1870 788; x_wconf 79' lang='grc' dir='ltr'>ἐν</span> <span class='ocrx_word' id='word_1_9' title='bbox 1899 752 2067 806; x_wconf 83' lang='grc' dir='ltr'>πονη-</span> 
     </span>
    </p>
   </div>
   <div class='ocr_carea' id='block_1_3' title="bbox 504 809 2066 890">
    <p class='ocr_par' dir='ltr' id='par_1_3' title="bbox 504 809 2066 890">
     <span class='ocr_line' id='line_1_3' title="bbox 504 809 2066 890; baseline 0.013 -31"><span class='ocrx_word' id='word_1_10' title='bbox 504 809 595 879; x_wconf 81' lang='grc' dir='ltr'><strong>ρίᾳ</strong></span> <span class='ocrx_word' id='word_1_11' title='bbox 621 825 637 842; x_wconf 75' lang='grc' dir='ltr'><strong><em>ο</em></strong></span> <span class='ocrx_word' id='word_1_12' title='bbox 665 810 880 864; x_wconf 79' lang='grc' dir='ltr'><strong>ἀδικίαν</strong></span> <span class='ocrx_word' id='word_1_13' title='bbox 911 814 995 877; x_wconf 85' lang='grc' dir='ltr'><strong>είς</strong></span> <span class='ocrx_word' id='word_1_14' title='bbox 1024 815 1084 866; x_wconf 79' lang='grc' dir='ltr'>τὸ</span> <span class='ocrx_word' id='word_1_15' title='bbox 1112 815 1242 884; x_wconf 70' lang='grc' dir='ltr'>ὕψος</span> <span class='ocrx_word' id='word_1_16' title='bbox 1289 818 1576 890; x_wconf 74' lang='grc' dir='ltr'><strong>ἐλάλησαν.</strong></span> <span class='ocrx_word' id='word_1_17' title='bbox 1616 825 1842 878; x_wconf 84' lang='grc' dir='ltr'>Ἔθεντο</span> <span class='ocrx_word' id='word_1_18' title='bbox 1866 827 1946 889; x_wconf 89' lang='grc' dir='ltr'><strong>είς</strong></span> <span class='ocrx_word' id='word_1_19' title='bbox 1972 828 2066 879; x_wconf 84' lang='grc' dir='ltr'><strong>οὑ-</strong></span> 
     </span>
    </p>
   </div>
   <div class='ocr_carea' id='block_1_4' title="bbox 504 901 2073 983">
    <p class='ocr_par' dir='ltr' id='par_1_4' title="bbox 504 901 2073 983">
     <span class='ocr_line' id='line_1_4' title="bbox 504 901 2073 983; baseline 0.012 -32"><span class='ocrx_word' id='word_1_20' title='bbox 504 901 701 968; x_wconf 81' lang='grc' dir='ltr'>ρανοῦς</span> <span class='ocrx_word' id='word_1_21' title='bbox 729 903 788 956; x_wconf 79' lang='grc' dir='ltr'>τὸ</span> <span class='ocrx_word' id='word_1_22' title='bbox 822 906 998 976; x_wconf 83' lang='grc' dir='ltr'><strong>στόμα</strong></span> <span class='ocrx_word' id='word_1_23' title='bbox 1030 907 1193 979; x_wconf 76' lang='lat'><strong>370</strong></span> <span class='ocrx_word' id='word_1_24' title='bbox 1219 911 1419 978; x_wconf 83' lang='grc' dir='ltr'>αὐτῶν,</span> <span class='ocrx_word' id='word_1_25' title='bbox 1451 915 1545 966; x_wconf 77' lang='grc' dir='ltr'>καὶ</span> <span class='ocrx_word' id='word_1_26' title='bbox 1573 917 1604 983; x_wconf 91' lang='grc' dir='ltr'>ή</span> <span class='ocrx_word' id='word_1_27' title='bbox 1637 916 1858 983; x_wconf 77' lang='grc' dir='ltr'>γλῶσσα</span> <span class='ocrx_word' id='word_1_28' title='bbox 1887 918 2073 972; x_wconf 75' lang='grc' dir='ltr'>αὐτῶν·</span> 
     </span>
    </p>
   </div>
   <div class='ocr_carea' id='block_1_5' title="bbox 500 994 2067 1080">
    <p class='ocr_par' dir='ltr' id='par_1_5' title="bbox 500 994 2067 1080">
     <span class='ocr_line' id='line_1_5' title="bbox 500 994 2067 1080; baseline 0.013 -35"><span class='ocrx_word' id='word_1_29' title='bbox 500 994 716 1061; x_wconf 78' lang='grc' dir='ltr'><strong>διῆλθεν</strong></span> <span class='ocrx_word' id='word_1_30' title='bbox 747 997 840 1050; x_wconf 71' lang='grc' dir='ltr'>ἐπὶ</span> <span class='ocrx_word' id='word_1_31' title='bbox 866 1000 964 1065; x_wconf 80' lang='grc' dir='ltr'>τῆς</span> <span class='ocrx_word' id='word_1_32' title='bbox 987 1003 1114 1068; x_wconf 79' lang='grc' dir='ltr'>γῆς.</span> <span class='ocrx_word' id='word_1_33' title='bbox 1147 1003 1311 1058; x_wconf 75' lang='grc' dir='ltr'><strong>Ἃ).λά</strong></span> <span class='ocrx_word' id='word_1_34' title='bbox 1345 1006 1442 1059; x_wconf 83' lang='grc' dir='ltr'>σὺν</span> <span class='ocrx_word' id='word_1_35' title='bbox 1468 1007 1547 1072; x_wconf 87' lang='grc' dir='ltr'>τῷ</span> <span class='ocrx_word' id='word_1_36' title='bbox 1581 1009 1876 1080; x_wconf 88' lang='grc' dir='ltr'>θεοπάτορι</span> <span class='ocrx_word' id='word_1_37' title='bbox 1902 1013 2067 1065; x_wconf 74' lang='grc' dir='ltr'>Δαϐὶδ</span> 
     </span>
    </p>
   </div>
   <div class='ocr_carea' id='block_1_6' title="bbox 437 1084 2068 1171">
    <p class='ocr_par' dir='ltr' id='par_1_6' title="bbox 437 1084 2068 1171">
     <span class='ocr_line' id='line_1_6' title="bbox 437 1084 2068 1171; baseline 0.014 -38"><span class='ocrx_word' id='word_1_38' title='bbox 437 1125 440 1167; x_wconf 27' lang='grc' dir='ltr'><strong>γ</strong></span> <span class='ocrx_word' id='word_1_39' title='bbox 500 1084 595 1136; x_wconf 77' lang='grc' dir='ltr'><strong>καὶ</strong></span> <span class='ocrx_word' id='word_1_40' title='bbox 623 1086 784 1150; x_wconf 83' lang='grc' dir='ltr'>αὐτὸς</span> <span class='ocrx_word' id='word_1_41' title='bbox 814 1092 1160 1162; x_wconf 80' lang='grc' dir='ltr'>κεκράξομαι</span> <span class='ocrx_word' id='word_1_42' title='bbox 1188 1098 1270 1148; x_wconf 81' lang='grc' dir='ltr'>ὅτι</span> <span class='ocrx_word' id='word_1_43' title='bbox 1299 1098 1395 1150; x_wconf 82' lang='grc' dir='ltr'>Διά</span> <span class='ocrx_word' id='word_1_44' title='bbox 1421 1099 1516 1161; x_wconf 73' lang='grc' dir='ltr'><strong>τὰς</strong></span> <span class='ocrx_word' id='word_1_45' title='bbox 1543 1100 1858 1171; x_wconf 80' lang='grc' dir='ltr'>δολιότητας</span> <span class='ocrx_word' id='word_1_46' title='bbox 1890 1105 2068 1158; x_wconf 78' lang='grc' dir='ltr'>αὐτῶν</span> 
     </span>
    </p>
   </div>
   <div class='ocr_carea' id='block_1_7' title="bbox 499 1173 2067 1267">
    <p class='ocr_par' dir='ltr' id='par_1_7' title="bbox 499 1173 2067 1267">
     <span class='ocr_line' id='line_1_7' title="bbox 499 1173 2067 1267; baseline 0.017 -44"><span class='ocrx_word' id='word_1_47' title='bbox 499 1173 624 1226; x_wconf 79' lang='grc' dir='ltr'>ἔθου</span> <span class='ocrx_word' id='word_1_48' title='bbox 663 1179 850 1242; x_wconf 80' lang='grc' dir='ltr'>αὐτοῖς</span> <span class='ocrx_word' id='word_1_49' title='bbox 878 1182 1040 1247; x_wconf 78' lang='grc' dir='ltr'>κακὰ,</span> <span class='ocrx_word' id='word_1_50' title='bbox 1086 1184 1258 1254; x_wconf 78' lang='grc' dir='ltr'>Κύριε</span> <span class='ocrx_word' id='word_1_51' title='bbox 1283 1203 1295 1217; x_wconf 91' lang='grc'><strong>·</strong></span> <span class='ocrx_word' id='word_1_52' title='bbox 1342 1189 1637 1254; x_wconf 80' lang='grc' dir='ltr'>κατέϐαλες</span> <span class='ocrx_word' id='word_1_53' title='bbox 1675 1195 1870 1258; x_wconf 71' lang='grc' dir='ltr'>αὐτοὺς</span> <span class='ocrx_word' id='word_1_54' title='bbox 1905 1198 1963 1248; x_wconf 82' lang='grc' dir='ltr'>ὲν</span> <span class='ocrx_word' id='word_1_55' title='bbox 1991 1197 2067 1267; x_wconf 82' lang='grc' dir='ltr'>τῷ</span> 
     </span>
    </p>
   </div>
   <div class='ocr_carea' id='block_1_8' title="bbox 413 1265 2062 1353">
    <p class='ocr_par' dir='ltr' id='par_1_8' title="bbox 413 1265 2062 1353">
     <span class='ocr_line' id='line_1_8' title="bbox 413 1265 2062 1353; baseline 0.017 -40"><span class='ocrx_word' id='word_1_56' title='bbox 413 1347 427 1352; x_wconf 32' lang='grc'><em>’</em></span> <span class='ocrx_word' id='word_1_57' title='bbox 499 1265 830 1335; x_wconf 76' lang='grc' dir='ltr'>ἐπαρθῆναι.</span> <span class='ocrx_word' id='word_1_58' title='bbox 886 1273 1009 1335; x_wconf 79' lang='grc' dir='ltr'>Πῶς</span> <span class='ocrx_word' id='word_1_59' title='bbox 1039 1276 1285 1341; x_wconf 78' lang='grc' dir='ltr'>ἐγένοντο</span> <span class='ocrx_word' id='word_1_60' title='bbox 1317 1281 1413 1342; x_wconf 84' lang='grc' dir='ltr'><strong>ἐίς</strong></span> <span class='ocrx_word' id='word_1_61' title='bbox 1459 1282 1741 1351; x_wconf 81' lang='grc' dir='ltr'><strong>ἐρήμωσιν</strong></span> <span class='ocrx_word' id='word_1_62' title='bbox 1795 1287 2019 1351; x_wconf 77' lang='grc' dir='ltr'>ἐξάπινα</span> <span class='ocrx_word' id='word_1_63' title='bbox 2041 1265 2062 1353; x_wconf 17' lang='lat' dir='ltr'><strong>V;</strong></span> 
     </span>
    </p>
   </div>
   <div class='ocr_carea' id='block_1_9' title="bbox 511 1355 2066 1442">
    <p class='ocr_par' dir='ltr' id='par_1_9' title="bbox 511 1355 2066 1442">
     <span class='ocr_line' id='line_1_9' title="bbox 511 1355 2066 1442; baseline 0.014 -35"><span class='ocrx_word' id='word_1_64' title='bbox 511 1355 814 1420; x_wconf 77' lang='grc' dir='ltr'>Ἐξέλιπον,</span> <span class='ocrx_word' id='word_1_65' title='bbox 871 1363 1156 1417; x_wconf 83' lang='grc' dir='ltr'>ἀπώλοντο</span> <span class='ocrx_word' id='word_1_66' title='bbox 1180 1369 1266 1419; x_wconf 80' lang='grc' dir='ltr'><strong>διὰ</strong></span> <span class='ocrx_word' id='word_1_67' title='bbox 1291 1369 1388 1437; x_wconf 83' lang='grc' dir='ltr'>τὴν</span> <span class='ocrx_word' id='word_1_68' title='bbox 1425 1373 1653 1442; x_wconf 81' lang='grc' dir='ltr'>ἀνομίαν</span> <span class='ocrx_word' id='word_1_69' title='bbox 1684 1376 1887 1440; x_wconf 80' lang='grc' dir='ltr'>αὐτῶν,</span> <span class='ocrx_word' id='word_1_70' title='bbox 1932 1377 2066 1431; x_wconf 75' lang='grc' dir='ltr'>ὡσεὶ</span> 
     </span>
    </p>
   </div>
   <div class='ocr_carea' id='block_1_10' title="bbox 499 1449 2062 1540">
    <p class='ocr_par' dir='ltr' id='par_1_10' title="bbox 499 1449 2062 1540">
     <span class='ocr_line' id='line_1_10' title="bbox 499 1449 2062 1540; baseline 0.017 -42"><span class='ocrx_word' id='word_1_71' title='bbox 499 1449 752 1504; x_wconf 80' lang='grc' dir='ltr'>ἐνύπνιον</span> <span class='ocrx_word' id='word_1_72' title='bbox 781 1453 1225 1525; x_wconf 75' lang='grc' dir='ltr'>ὲξεγειρομένου.</span> <span class='ocrx_word' id='word_1_73' title='bbox 1252 1462 1448 1532; x_wconf 79' lang='grc' dir='ltr'>Κύριε,</span> <span class='ocrx_word' id='word_1_74' title='bbox 1475 1467 1530 1518; x_wconf 83' lang='grc' dir='ltr'>ὲν</span> <span class='ocrx_word' id='word_1_75' title='bbox 1562 1469 1627 1536; x_wconf 81' lang='grc' dir='ltr'><strong>τῇ</strong></span> <span class='ocrx_word' id='word_1_76' title='bbox 1664 1468 1818 1521; x_wconf 86' lang='grc' dir='ltr'>πόλει</span> <span class='ocrx_word' id='word_1_77' title='bbox 1847 1487 1940 1522; x_wconf 90' lang='grc' dir='ltr'><strong>σου</strong></span> <span class='ocrx_word' id='word_1_78' title='bbox 1964 1472 2062 1540; x_wconf 83' lang='grc' dir='ltr'>τὴν</span> 
     </span>
    </p>
   </div>
   <div class='ocr_carea' id='block_1_11' title="bbox 494 1541 1315 1618">
    <p class='ocr_par' dir='ltr' id='par_1_11' title="bbox 494 1541 1315 1618">
     <span class='ocr_line' id='line_1_11' title="bbox 494 1541 1315 1618; baseline 0.019 -26"><span class='ocrx_word' id='word_1_79' title='bbox 494 1541 678 1594; x_wconf 80' lang='grc' dir='ltr'>εἰκόνα</span> <span class='ocrx_word' id='word_1_80' title='bbox 703 1546 887 1600; x_wconf 74' lang='grc' dir='ltr'>αὐτῶν</span> <span class='ocrx_word' id='word_1_81' title='bbox 915 1549 1315 1618; x_wconf 84' lang='grc' dir='ltr'>ὲξουδενὼσεις.</span> 
     </span>
    </p>
   </div>
   <div class='ocr_carea' id='block_1_12' title="bbox 567 1633 2060 1722">
    <p class='ocr_par' dir='ltr' id='par_1_12' title="bbox 567 1633 2060 1722">
     <span class='ocr_line' id='line_1_12' title="bbox 567 1633 2060 1722; baseline 0.015 -35"><span class='ocrx_word' id='word_1_82' title='bbox 567 1633 688 1688; x_wconf 82' lang='grc' dir='ltr'>Ἔτι</span> <span class='ocrx_word' id='word_1_83' title='bbox 728 1640 787 1691; x_wconf 73' lang='grc' dir='ltr'>ἐν</span> <span class='ocrx_word' id='word_1_84' title='bbox 816 1639 894 1709; x_wconf 83' lang='grc' dir='ltr'>τῷ</span> <span class='ocrx_word' id='word_1_85' title='bbox 946 1644 1098 1715; x_wconf 82' lang='grc' dir='ltr'>αὐτῷ</span> <span class='ocrx_word' id='word_1_86' title='bbox 1131 1645 1429 1718; x_wconf 76' lang='grc' dir='ltr'>κεφαλαίῳ</span> <span class='ocrx_word' id='word_1_87' title='bbox 1457 1650 1604 1718; x_wconf 79' lang='grc' dir='ltr'>λέγει</span> <span class='ocrx_word' id='word_1_88' title='bbox 1636 1654 1662 1704; x_wconf 85' lang='grc' dir='ltr'>ὁ</span> <span class='ocrx_word' id='word_1_89' title='bbox 1692 1654 1940 1722; x_wconf 80' lang='grc' dir='ltr'>Μωάμεθ</span> <span class='ocrx_word' id='word_1_90' title='bbox 1979 1657 2060 1709; x_wconf 79' lang='grc' dir='ltr'>ὅτι</span> 
     </span>
    </p>
   </div>
   <div class='ocr_carea' id='block_1_13' title="bbox 490 1727 2060 1818">
    <p class='ocr_par' dir='ltr' id='par_1_13' title="bbox 490 1727 2060 1818">
     <span class='ocr_line' id='line_1_13' title="bbox 490 1727 2060 1818; baseline 0.015 -39"><span class='ocrx_word' id='word_1_91' title='bbox 490 1727 538 1779; x_wconf 83' lang='lat' dir='ltr'><strong>oi</strong></span> <span class='ocrx_word' id='word_1_92' title='bbox 568 1728 822 1797; x_wconf 85' lang='grc' dir='ltr'>δαίμονες</span> <span class='ocrx_word' id='word_1_93' title='bbox 861 1733 1101 1804; x_wconf 84' lang='grc' dir='ltr'>σωθῆναι</span> <span class='ocrx_word' id='word_1_94' title='bbox 1147 1739 1453 1806; x_wconf 86' lang='grc' dir='ltr'>μέλλουσιν,</span> <span class='ocrx_word' id='word_1_95' title='bbox 1499 1742 1769 1813; x_wconf 82' lang='grc' dir='ltr'>Ὧριγένει</span> <span class='ocrx_word' id='word_1_96' title='bbox 1798 1749 2060 1818; x_wconf 79' lang='grc' dir='ltr'>αἱρετικῷ</span> 
     </span>
    </p>
   </div>
   <div class='ocr_carea' id='block_1_14' title="bbox 488 1818 2059 1906">
    <p class='ocr_par' dir='ltr' id='par_1_14' title="bbox 488 1818 2059 1906">
     <span class='ocr_line' id='line_1_14' title="bbox 488 1818 2059 1906; baseline 0.018 -39"><span class='ocrx_word' id='word_1_97' title='bbox 488 1818 824 1878; x_wconf 86' lang='grc' dir='ltr'>ἀκολουθῶν.</span> <span class='ocrx_word' id='word_1_98' title='bbox 876 1827 986 1879; x_wconf 77' lang='grc' dir='ltr'><strong>Καὶ</strong></span> <span class='ocrx_word' id='word_1_99' title='bbox 1015 1829 1098 1882; x_wconf 83' lang='grc' dir='ltr'>ὅτι</span> <span class='ocrx_word' id='word_1_100' title='bbox 1139 1831 1238 1899; x_wconf 74' lang='grc' dir='ltr'>μὲν</span> <span class='ocrx_word' id='word_1_101' title='bbox 1286 1834 1343 1884; x_wconf 85' lang='grc' dir='ltr'>ὲν</span> <span class='ocrx_word' id='word_1_102' title='bbox 1387 1834 1562 1906; x_wconf 80' lang='grc' dir='ltr'><strong>ἑτέρῳ</strong></span> <span class='ocrx_word' id='word_1_103' title='bbox 1594 1837 1748 1906; x_wconf 84' lang='grc' dir='ltr'><strong>τόπῳ</strong></span> <span class='ocrx_word' id='word_1_104' title='bbox 1781 1841 1945 1906; x_wconf 76' lang='grc' dir='ltr'>φησὶν</span> <span class='ocrx_word' id='word_1_105' title='bbox 1976 1842 2059 1894; x_wconf 87' lang='grc' dir='ltr'>ὅτι</span> 
     </span>
    </p>
   </div>
   <div class='ocr_carea' id='block_1_15' title="bbox 491 1911 2057 2002">
    <p class='ocr_par' dir='ltr' id='par_1_15' title="bbox 491 1911 2057 2002">
     <span class='ocr_line' id='line_1_15' title="bbox 491 1911 2057 2002; baseline 0.016 -40"><span class='ocrx_word' id='word_1_106' title='bbox 491 1911 678 1966; x_wconf 73' lang='grc' dir='ltr'>πολλοὶ</span> <span class='ocrx_word' id='word_1_107' title='bbox 720 1916 831 1969; x_wconf 87' lang='grc' dir='ltr'><strong>τῶν</strong></span> <span class='ocrx_word' id='word_1_108' title='bbox 864 1918 1136 1988; x_wconf 87' lang='grc' dir='ltr'>δαιμόνων</span> <span class='ocrx_word' id='word_1_109' title='bbox 1188 1926 1520 1990; x_wconf 82' lang='grc' dir='ltr'>ἀκούσαντες</span> <span class='ocrx_word' id='word_1_110' title='bbox 1559 1929 1620 1982; x_wconf 82' lang='grc' dir='ltr'>τὸ</span> <span class='ocrx_word' id='word_1_111' title='bbox 1667 1931 1762 1983; x_wconf 78' lang='grc' dir='ltr'>τοῦ</span> <span class='ocrx_word' id='word_1_112' title='bbox 1815 1934 2057 2002; x_wconf 55' lang='grc' dir='ltr'>ᾒίιυάμεθ</span> 
     </span>
    </p>
   </div>
   <div class='ocr_carea' id='block_1_16' title="bbox 489 2008 2069 2090">
    <p class='ocr_par' dir='ltr' id='par_1_16' title="bbox 489 2008 2069 2090">
     <span class='ocr_line' id='line_1_16' title="bbox 489 2008 2069 2090; baseline 0.015 -36"><span class='ocrx_word' id='word_1_113' title='bbox 489 2008 663 2074; x_wconf 73' lang='grc' dir='ltr'>κοράν</span> <span class='ocrx_word' id='word_1_114' title='bbox 707 2009 1216 2084; x_wconf 85' lang='grc' dir='ltr'>ἀναγινωσκόμενον</span> <span class='ocrx_word' id='word_1_115' title='bbox 1269 2017 1542 2087; x_wconf 69' lang='grc' dir='ltr'>ἐπῄνεσαν</span> <span class='ocrx_word' id='word_1_116' title='bbox 1600 2024 1694 2074; x_wconf 81' lang='grc' dir='ltr'><strong>καὶ</strong></span> <span class='ocrx_word' id='word_1_117' title='bbox 1743 2025 2069 2090; x_wconf 75' lang='grc' dir='ltr'>ἐθαύμασαν</span> 
     </span>
    </p>
   </div>
   <div class='ocr_carea' id='block_1_17' title="bbox 489 2101 2059 2187">
    <p class='ocr_par' dir='ltr' id='par_1_17' title="bbox 489 2101 2059 2187">
     <span class='ocr_line' id='line_1_17' title="bbox 489 2101 2059 2187; baseline 0.014 -40"><span class='ocrx_word' id='word_1_118' title='bbox 489 2101 586 2149; x_wconf 75' lang='grc' dir='ltr'>καὶ</span> <span class='ocrx_word' id='word_1_119' title='bbox 617 2102 1007 2169; x_wconf 75' lang='grc' dir='ltr'><strong>πιστεύσαντες</strong></span> <span class='ocrx_word' id='word_1_120' title='bbox 1061 2108 1210 2179; x_wconf 80' lang='grc' dir='ltr'><strong>αὑτῷ</strong></span> <span class='ocrx_word' id='word_1_121' title='bbox 1263 2111 1587 2180; x_wconf 59' lang='grc' dir='ltr'><strong>ἐσώθησαν</strong></span> <span class='ocrx_word' id='word_1_122' title='bbox 1640 2115 1778 2168; x_wconf 84' lang='grc' dir='ltr'>ἀλλὰ</span> <span class='ocrx_word' id='word_1_123' title='bbox 1812 2117 1906 2169; x_wconf 81' lang='grc' dir='ltr'>νῦν</span> <span class='ocrx_word' id='word_1_124' title='bbox 1959 2119 2059 2187; x_wconf 70' lang='grc' dir='ltr'>οὐχ</span> 
     </span>
    </p>
   </div>
   <div class='ocr_carea' id='block_1_18' title="bbox 488 2189 2062 2282">
    <p class='ocr_par' dir='ltr' id='par_1_18' title="bbox 488 2189 2062 2282">
     <span class='ocr_line' id='line_1_18' title="bbox 488 2189 2062 2282; baseline 0.018 -42"><span class='ocrx_word' id='word_1_125' title='bbox 488 2189 684 2255; x_wconf 62' lang='grc' dir='ltr'>οὕτως,</span> <span class='ocrx_word' id='word_1_126' title='bbox 719 2194 858 2249; x_wconf 81' lang='grc' dir='ltr'>ἀλλὰ</span> <span class='ocrx_word' id='word_1_127' title='bbox 901 2198 1208 2266; x_wconf 86' lang='grc' dir='ltr'>καθολικῶς</span> <span class='ocrx_word' id='word_1_128' title='bbox 1255 2203 1404 2272; x_wconf 75' lang='grc' dir='ltr'>λέγει</span> <span class='ocrx_word' id='word_1_129' title='bbox 1455 2209 1549 2260; x_wconf 78' lang='grc' dir='ltr'><strong>καὶ</strong></span> <span class='ocrx_word' id='word_1_130' title='bbox 1588 2212 1946 2282; x_wconf 81' lang='grc' dir='ltr'>ἀποφαίνεται</span> <span class='ocrx_word' id='word_1_131' title='bbox 1979 2219 2062 2270; x_wconf 79' lang='grc' dir='ltr'>ὅτι</span> 
     </span>
    </p>
   </div>
   <div class='ocr_carea' id='block_1_19' title="bbox 489 2285 2060 2373">
    <p class='ocr_par' dir='ltr' id='par_1_19' title="bbox 489 2285 2060 2373">
     <span class='ocr_line' id='line_1_19' title="bbox 489 2285 2060 2373; baseline 0.019 -41"><span class='ocrx_word' id='word_1_132' title='bbox 489 2285 736 2350; x_wconf 69' lang='grc' dir='ltr'>σωθῆναι</span> <span class='ocrx_word' id='word_1_133' title='bbox 787 2287 1076 2355; x_wconf 82' lang='grc' dir='ltr'>μέλλουσιν</span> <span class='ocrx_word' id='word_1_134' title='bbox 1109 2295 1154 2345; x_wconf 82' lang='lat' dir='ltr'><strong>oi</strong></span> <span class='ocrx_word' id='word_1_135' title='bbox 1206 2295 1478 2364; x_wconf 81' lang='grc' dir='ltr'>δαίμονες.</span> <span class='ocrx_word' id='word_1_136' title='bbox 1519 2301 1696 2373; x_wconf 79' lang='grc' dir='ltr'>Εἴπερ</span> <span class='ocrx_word' id='word_1_137' title='bbox 1733 2306 1862 2372; x_wconf 74' lang='grc' dir='ltr'>γοῦν</span> <span class='ocrx_word' id='word_1_138' title='bbox 1899 2309 2060 2361; x_wconf 78' lang='grc' dir='ltr'>δύναο</span> 
     </span>
    </p>
   </div>
   <div class='ocr_carea' id='block_1_20' title="bbox 473 2378 2056 2466">
    <p class='ocr_par' dir='ltr' id='par_1_20' title="bbox 473 2378 2056 2466">
     <span class='ocr_line' id='line_1_20' title="bbox 473 2378 2056 2466; baseline 0.027 -42"><span class='ocrx_word' id='word_1_139' title='bbox 473 2391 575 2466; x_wconf 69' lang='grc' dir='ltr'>εται</span> <span class='ocrx_word' id='word_1_140' title='bbox 609 2378 851 2444; x_wconf 78' lang='grc' dir='ltr'>σωθῆναι</span> <span class='ocrx_word' id='word_1_141' title='bbox 881 2379 962 2445; x_wconf 77' lang='grc' dir='ltr'>εἷς</span> <span class='ocrx_word' id='word_1_142' title='bbox 990 2388 1083 2438; x_wconf 79' lang='grc' dir='ltr'>καὶ</span> <span class='ocrx_word' id='word_1_143' title='bbox 1111 2386 1276 2455; x_wconf 89' lang='grc' dir='ltr'>μόνος</span> <span class='ocrx_word' id='word_1_144' title='bbox 1313 2391 1378 2442; x_wconf 82' lang='grc' dir='ltr'>ὲκ</span> <span class='ocrx_word' id='word_1_145' title='bbox 1412 2389 1506 2443; x_wconf 82' lang='grc' dir='ltr'>τοῦ</span> <span class='ocrx_word' id='word_1_146' title='bbox 1541 2394 1823 2461; x_wconf 70' lang='grc' dir='ltr'>τάγματος</span> <span class='ocrx_word' id='word_1_147' title='bbox 1854 2399 2056 2466; x_wconf 70' lang='grc' dir='ltr'>αὗτῶνν</span> 
     </span>
    </p>
   </div>
   <div class='ocr_carea' id='block_1_21' title="bbox 486 2465 2055 2555">
    <p class='ocr_par' dir='ltr' id='par_1_21' title="bbox 486 2465 2055 2555">
     <span class='ocr_line' id='line_1_21' title="bbox 486 2465 2055 2555; baseline 0.017 -38"><span class='ocrx_word' id='word_1_148' title='bbox 486 2465 740 2521; x_wconf 70' lang='grc' dir='ltr'>δύνανται</span> <span class='ocrx_word' id='word_1_149' title='bbox 779 2472 1020 2542; x_wconf 81' lang='grc' dir='ltr'>σωθῆναι</span> <span class='ocrx_word' id='word_1_150' title='bbox 1055 2477 1145 2529; x_wconf 81' lang='grc' dir='ltr'><strong>καὶ</strong></span> <span class='ocrx_word' id='word_1_151' title='bbox 1173 2477 1394 2543; x_wconf 79' lang='grc' dir='ltr'>πάντες.</span> <span class='ocrx_word' id='word_1_152' title='bbox 1439 2482 1580 2536; x_wconf 86' lang='grc' dir='ltr'>Ἀλλ’</span> <span class='ocrx_word' id='word_1_153' title='bbox 1604 2484 1794 2555; x_wconf 83' lang='grc' dir='ltr'>ὥσπερ</span> <span class='ocrx_word' id='word_1_154' title='bbox 1826 2465 2055 2544; x_wconf 82' lang='grc' dir='ltr'>πάντοτε</span> 
     </span>
    </p>
   </div>
   <div class='ocr_carea' id='block_1_22' title="bbox 486 2561 2056 2644">
    <p class='ocr_par' dir='ltr' id='par_1_22' title="bbox 486 2561 2056 2644">
     <span class='ocr_line' id='line_1_22' title="bbox 486 2561 2056 2644; baseline 0.016 -34"><span class='ocrx_word' id='word_1_155' title='bbox 486 2561 648 2624; x_wconf 79' lang='grc' dir='ltr'>αὐτὸς</span> <span class='ocrx_word' id='word_1_156' title='bbox 691 2564 869 2634; x_wconf 81' lang='grc' dir='ltr'>ἐαυτῷ</span> <span class='ocrx_word' id='word_1_157' title='bbox 895 2568 1168 2636; x_wconf 79' lang='grc' dir='ltr'>ἀντιλέγει</span> <span class='ocrx_word' id='word_1_158' title='bbox 1205 2574 1298 2625; x_wconf 80' lang='grc' dir='ltr'>καὶ</span> <span class='ocrx_word' id='word_1_159' title='bbox 1349 2576 1709 2640; x_wconf 76' lang='grc' dir='ltr'>ἐναντιοῦται,</span> <span class='ocrx_word' id='word_1_160' title='bbox 1761 2579 1938 2644; x_wconf 79' lang='grc' dir='ltr'>οὓτως</span> <span class='ocrx_word' id='word_1_161' title='bbox 1962 2585 2056 2635; x_wconf 72' lang='grc' dir='ltr'>καὶ</span> 
     </span>
    </p>
   </div>
   <div class='ocr_carea' id='block_1_23' title="bbox 485 2655 2057 2735">
    <p class='ocr_par' dir='ltr' id='par_1_23' title="bbox 485 2655 2057 2735">
     <span class='ocr_line' id='line_1_23' title="bbox 485 2655 2057 2735; baseline 0.013 -29"><span class='ocrx_word' id='word_1_162' title='bbox 485 2655 627 2708; x_wconf 72' lang='grc' dir='ltr'>κατὰ</span> <span class='ocrx_word' id='word_1_163' title='bbox 653 2658 712 2710; x_wconf 84' lang='grc' dir='ltr'>τὸ</span> <span class='ocrx_word' id='word_1_164' title='bbox 748 2660 925 2729; x_wconf 79' lang='grc' dir='ltr'>παρὸν</span> <span class='ocrx_word' id='word_1_165' title='bbox 946 2663 1106 2725; x_wconf 80' lang='grc' dir='ltr'>αὐτὸς</span> <span class='ocrx_word' id='word_1_166' title='bbox 1135 2666 1226 2718; x_wconf 79' lang='grc' dir='ltr'><strong>καὶ</strong></span> <span class='ocrx_word' id='word_1_167' title='bbox 1253 2667 1301 2718; x_wconf 81' lang='lat' dir='ltr'><strong>ot</strong></span> <span class='ocrx_word' id='word_1_168' title='bbox 1344 2669 1463 2735; x_wconf 84' lang='grc' dir='ltr'>μετ’</span> <span class='ocrx_word' id='word_1_169' title='bbox 1493 2669 1658 2723; x_wconf 80' lang='grc' dir='ltr'>αὑτοῦ</span> <span class='ocrx_word' id='word_1_170' title='bbox 1709 2672 1852 2726; x_wconf 80' lang='grc' dir='ltr'>κατὰ</span> <span class='ocrx_word' id='word_1_171' title='bbox 1881 2674 2057 2727; x_wconf 79' lang='grc' dir='ltr'>πάντα</span> 
     </span>
    </p>
   </div>
   <div class='ocr_carea' id='block_1_24' title="bbox 484 2747 2058 2836">
    <p class='ocr_par' dir='ltr' id='par_1_24' title="bbox 484 2747 2058 2836">
     <span class='ocr_line' id='line_1_24' title="bbox 484 2747 2058 2836; baseline 0.013 -38"><span class='ocrx_word' id='word_1_172' title='bbox 484 2747 706 2814; x_wconf 82' lang='grc' dir='ltr'>λέγουσι</span> <span class='ocrx_word' id='word_1_173' title='bbox 734 2752 794 2804; x_wconf 77' lang='grc' dir='ltr'>τὸ</span> <span class='ocrx_word' id='word_1_174' title='bbox 826 2754 1160 2823; x_wconf 72' lang='grc' dir='ltr'>Εὑαγγέλιον</span> <span class='ocrx_word' id='word_1_175' title='bbox 1197 2758 1406 2810; x_wconf 83' lang='grc' dir='ltr'>τέλειον</span> <span class='ocrx_word' id='word_1_176' title='bbox 1441 2762 1534 2814; x_wconf 76' lang='grc' dir='ltr'>καὶ</span> <span class='ocrx_word' id='word_1_177' title='bbox 1565 2763 1721 2829; x_wconf 78' lang='grc' dir='ltr'>ἅγιον</span> <span class='ocrx_word' id='word_1_178' title='bbox 1751 2765 1843 2816; x_wconf 84' lang='grc' dir='ltr'><strong>καὶ</strong></span> <span class='ocrx_word' id='word_1_179' title='bbox 1887 2768 2058 2836; x_wconf 81' lang='grc' dir='ltr'>σωτή-</span> 
     </span>
    </p>
   </div>
   <div class='ocr_carea' id='block_1_25' title="bbox 485 2842 2054 2924">
    <p class='ocr_par' dir='ltr' id='par_1_25' title="bbox 485 2842 2054 2924">
     <span class='ocr_line' id='line_1_25' title="bbox 485 2842 2054 2924; baseline 0.012 -31"><span class='ocrx_word' id='word_1_180' title='bbox 485 2861 601 2908; x_wconf 82' lang='grc' dir='ltr'>ριον</span> <span class='ocrx_word' id='word_1_181' title='bbox 627 2842 702 2908; x_wconf 84' lang='grc' dir='ltr'>ὡς</span> <span class='ocrx_word' id='word_1_182' title='bbox 731 2845 828 2899; x_wconf 83' lang='grc' dir='ltr'>τοῦ</span> <span class='ocrx_word' id='word_1_183' title='bbox 860 2849 1096 2918; x_wconf 79' lang='grc' dir='ltr'><strong>Χριστοῦ</strong></span> <span class='ocrx_word' id='word_1_184' title='bbox 1129 2851 1341 2918; x_wconf 80' lang='grc' dir='ltr'><strong>λόγους,</strong></span> <span class='ocrx_word' id='word_1_185' title='bbox 1369 2852 1462 2905; x_wconf 77' lang='grc' dir='ltr'>νῦν</span> <span class='ocrx_word' id='word_1_186' title='bbox 1486 2854 1530 2906; x_wconf 85' lang='grc' dir='ltr'>δ’</span> <span class='ocrx_word' id='word_1_187' title='bbox 1570 2854 1645 2915; x_wconf 82' lang='grc' dir='ltr'>ὡς</span> <span class='ocrx_word' id='word_1_188' title='bbox 1675 2860 1769 2911; x_wconf 75' lang='grc' dir='ltr'>καὶ</span> <span class='ocrx_word' id='word_1_189' title='bbox 1797 2859 2054 2924; x_wconf 78' lang='grc' dir='ltr'>πολλάκις</span> 
     </span>
    </p>
   </div>
   <div class='ocr_carea' id='block_1_26' title="bbox 483 2936 2055 3020">
    <p class='ocr_par' dir='ltr' id='par_1_26' title="bbox 483 2936 2055 3020">
     <span class='ocr_line' id='line_1_26' title="bbox 483 2936 2055 3020; baseline 0.01 -34"><span class='ocrx_word' id='word_1_190' title='bbox 483 2936 706 2990; x_wconf 73' lang='grc' dir='ltr'>ἐναντία</span> <span class='ocrx_word' id='word_1_191' title='bbox 750 2941 926 3010; x_wconf 82' lang='grc' dir='ltr'>τούτῳ</span> <span class='ocrx_word' id='word_1_192' title='bbox 958 2942 1188 2995; x_wconf 83' lang='grc' dir='ltr'>καθόλου</span> <span class='ocrx_word' id='word_1_193' title='bbox 1240 2943 1514 3009; x_wconf 85' lang='grc' dir='ltr'>λέγουσιν.</span> <span class='ocrx_word' id='word_1_194' title='bbox 1561 2947 1618 3000; x_wconf 88' lang='lat'><strong>&#39;0</strong></span> <span class='ocrx_word' id='word_1_195' title='bbox 1662 2949 1770 3018; x_wconf 69' lang='grc' dir='ltr'><strong>γὰρ</strong></span> <span class='ocrx_word' id='word_1_196' title='bbox 1821 2951 2055 3020; x_wconf 85' lang='grc' dir='ltr'>Χριστός</span> 
     </span>
    </p>
   </div>
   <div class='ocr_carea' id='block_1_27' title="bbox 481 3029 2055 3109">
    <p class='ocr_par' dir='ltr' id='par_1_27' title="bbox 481 3029 2055 3109">
     <span class='ocr_line' id='line_1_27' title="bbox 481 3029 2055 3109; baseline 0.011 -30"><span class='ocrx_word' id='word_1_197' title='bbox 481 3029 657 3092; x_wconf 83' lang='grc' dir='ltr'>οὓτως</span> <span class='ocrx_word' id='word_1_198' title='bbox 694 3031 886 3102; x_wconf 80' lang='grc' dir='ltr'>εἴρηκε</span> <span class='ocrx_word' id='word_1_199' title='bbox 924 3035 1060 3104; x_wconf 74' lang='grc' dir='ltr'>πρὸς</span> <span class='ocrx_word' id='word_1_200' title='bbox 1089 3037 1218 3100; x_wconf 75' lang='grc' dir='ltr'>τοὺς</span> <span class='ocrx_word' id='word_1_201' title='bbox 1244 3037 1345 3107; x_wconf 85' lang='grc' dir='ltr'>τῆς</span> <span class='ocrx_word' id='word_1_202' title='bbox 1384 3040 1610 3109; x_wconf 79' lang='grc' dir='ltr'>γεέννης</span> <span class='ocrx_word' id='word_1_203' title='bbox 1642 3043 1828 3107; x_wconf 80' lang='grc' dir='ltr'>ἀξίους</span> <span class='ocrx_word' id='word_1_204' title='bbox 1856 3059 1868 3072; x_wconf 89' lang='grc'><strong>·</strong></span> <span class='ocrx_word' id='word_1_205' title='bbox 1909 3063 1924 3094; x_wconf 80' lang='grc' dir='ltr'><strong>ι</strong></span> <span class='ocrx_word' id='word_1_206' title='bbox 1955 3046 2055 3096; x_wconf 84' lang='lat' dir='ltr'><strong>llo-</strong></span> 
     </span>
    </p>
   </div>
   <div class='ocr_carea' id='block_1_28' title="bbox 484 3113 2051 3202">
    <p class='ocr_par' dir='ltr' id='par_1_28' title="bbox 484 3113 2051 3202">
     <span class='ocr_line' id='line_1_28' title="bbox 484 3113 2051 3202; baseline 0.011 -32"><span class='ocrx_word' id='word_1_207' title='bbox 484 3118 711 3187; x_wconf 81' lang='grc' dir='ltr'>ρεύεσθε</span> <span class='ocrx_word' id='word_1_208' title='bbox 739 3124 834 3175; x_wconf 87' lang='grc' dir='ltr'>ἀπ’</span> <span class='ocrx_word' id='word_1_209' title='bbox 865 3125 1032 3193; x_wconf 71' lang='grc' dir='ltr'>ἐμοῦ,</span> <span class='ocrx_word' id='word_1_210' title='bbox 1062 3128 1111 3178; x_wconf 84' lang='lat' dir='ltr'><strong>ot</strong></span> <span class='ocrx_word' id='word_1_211' title='bbox 1148 3113 1552 3198; x_wconf 78' lang='grc' dir='ltr'>κατηραμένοι,</span> <span class='ocrx_word' id='word_1_212' title='bbox 1592 3133 1672 3194; x_wconf 87' lang='grc' dir='ltr'><strong>είς</strong></span> <span class='ocrx_word' id='word_1_213' title='bbox 1693 3133 1754 3186; x_wconf 78' lang='grc' dir='ltr'>τὸ</span> <span class='ocrx_word' id='word_1_214' title='bbox 1775 3134 1886 3202; x_wconf 79' lang='grc' dir='ltr'>πῦρ</span> <span class='ocrx_word' id='word_1_215' title='bbox 1918 3137 2051 3187; x_wconf 76' lang='grc' dir='ltr'>αἰῶ·</span> 
     </span>
    </p>
   </div>
   <div class='ocr_carea' id='block_1_29' title="bbox 1747 433 3699 518">
    <p class='ocr_par' dir='ltr' id='par_1_29' title="bbox 1747 433 3699 518">
     <span class='ocr_line' id='line_1_29' title="bbox 1747 433 3699 518; baseline 0.013 -25"><span class='ocrx_word' id='word_1_216' title='bbox 1747 433 2072 497; x_wconf 81' lang='lat' dir='ltr'><strong>GEORGH</strong></span> <span class='ocrx_word' id='word_1_217' title='bbox 2115 438 2541 504; x_wconf 61' lang='lat' dir='ltr'><strong>PHRANTZA&quot;.</strong></span> <span class='ocrx_word' id='word_1_218' title='bbox 3633 457 3699 518; x_wconf 61' lang='lat'><strong>9°:</strong></span> 
     </span>
    </p>
   </div>
   <div class='ocr_carea' id='block_1_30' title="bbox 500 532 3680 629">
    <p class='ocr_par' dir='ltr' id='par_1_30' title="bbox 500 532 3680 629">
     <span class='ocr_line' id='line_1_30' title="bbox 500 532 3680 629; baseline 0.01 -44"><span class='ocrx_word' id='word_1_219' title='bbox 500 532 728 629; x_wconf 73' lang='grc' dir='ltr'>ϐάλλοτο</span> <span class='ocrx_word' id='word_1_220' title='bbox 761 533 979 588; x_wconf 73' lang='grc' dir='ltr'>ἀδικίαν</span> <span class='ocrx_word' id='word_1_221' title='bbox 1014 535 1108 588; x_wconf 74' lang='grc' dir='ltr'>καὶ</span> <span class='ocrx_word' id='word_1_222' title='bbox 1139 537 1394 592; x_wconf 74' lang='grc' dir='ltr'>ἀσέϐειαν</span> <span class='ocrx_word' id='word_1_223' title='bbox 1423 542 1655 600; x_wconf 77' lang='grc' dir='ltr'>ἑαυτῶν.</span> <span class='ocrx_word' id='word_1_224' title='bbox 1696 547 2071 615; x_wconf 76' lang='grc' dir='ltr'>Ἐξελεΰσεται</span> <span class='ocrx_word' id='word_1_225' title='bbox 2101 552 2144 606; x_wconf 78' lang='grc' dir='ltr'>Α</span> <span class='ocrx_word' id='word_1_226' title='bbox 2178 549 2357 620; x_wconf 87' lang='grc' dir='ltr'>μόνων</span> <span class='ocrx_word' id='word_1_227' title='bbox 2381 556 2596 626; x_wconf 81' lang='grc' dir='ltr'>ἀφῆκεν</span> <span class='ocrx_word' id='word_1_228' title='bbox 2625 559 2783 624; x_wconf 74' lang='grc' dir='ltr'>ἐκτὸς</span> <span class='ocrx_word' id='word_1_229' title='bbox 2808 560 2906 629; x_wconf 84' lang='grc' dir='ltr'>τῆς</span> <span class='ocrx_word' id='word_1_230' title='bbox 2949 562 3248 626; x_wconf 75' lang='grc' dir='ltr'>κολάσεως.</span> <span class='ocrx_word' id='word_1_231' title='bbox 3279 562 3390 615; x_wconf 71' lang='grc' dir='ltr'><strong>Καὶ</strong></span> <span class='ocrx_word' id='word_1_232' title='bbox 3419 564 3639 626; x_wconf 81' lang='grc' dir='ltr'>είκότως</span> <span class='ocrx_word' id='word_1_233' title='bbox 3665 582 3680 594; x_wconf 76' lang='grc'><strong><em>⁸</em></strong></span> 
     </span>
    </p>
   </div>
   <div class='ocr_carea' id='block_1_31' title="bbox 497 627 2107 707">
    <p class='ocr_par' dir='ltr' id='par_1_31' title="bbox 497 627 2107 707">
     <span class='ocr_line' id='line_1_31' title="bbox 497 627 2107 707; baseline 0.012 -30"><span class='ocrx_word' id='word_1_234' title='bbox 497 627 572 688; x_wconf 82' lang='grc' dir='ltr'>ὡς</span> <span class='ocrx_word' id='word_1_235' title='bbox 614 628 678 680; x_wconf 81' lang='grc' dir='ltr'>ἐκ</span> <span class='ocrx_word' id='word_1_236' title='bbox 713 629 934 692; x_wconf 75' lang='grc' dir='ltr'><strong>στέατος</strong></span> <span class='ocrx_word' id='word_1_237' title='bbox 968 630 999 697; x_wconf 80' lang='grc' dir='ltr'>ἡ</span> <span class='ocrx_word' id='word_1_238' title='bbox 1034 631 1215 684; x_wconf 84' lang='grc' dir='ltr'>ἀδικία</span> <span class='ocrx_word' id='word_1_239' title='bbox 1247 634 1427 686; x_wconf 79' lang='grc' dir='ltr'>αὐτῶν</span> <span class='ocrx_word' id='word_1_240' title='bbox 1450 651 1464 665; x_wconf 92' lang='grc'><strong>·</strong></span> <span class='ocrx_word' id='word_1_241' title='bbox 1511 637 1798 707; x_wconf 80' lang='grc' dir='ltr'>διήλθοσαν</span> <span class='ocrx_word' id='word_1_242' title='bbox 1833 641 1914 705; x_wconf 80' lang='grc' dir='ltr'><strong>είς</strong></span> <span class='ocrx_word' id='word_1_243' title='bbox 1957 643 2107 696; x_wconf 91' lang='grc' dir='ltr'>διά-’</span> 
     </span>
    </p>
   </div>
   <div class='ocr_carea' id='block_1_32' title="bbox 2983 385 3032 394">
    <p class='ocr_par' dir='ltr' id='par_1_32' title="bbox 2983 385 3032 394">
     <span class='ocr_line' id='line_1_32' title="bbox 2983 385 3032 394; baseline 0 0"><span class='ocrx_word' id='word_1_244' title='bbox 2983 385 3032 394; x_wconf 54' lang='lat' dir='ltr'><strong>ru.</strong></span> 
     </span>
    </p>
   </div>
   <div class='ocr_carea' id='block_1_33' title="bbox 3693 459 3740 520">
    <p class='ocr_par' dir='ltr' id='par_1_33' title="bbox 3693 459 3740 520">
     <span class='ocr_line' id='line_1_33' title="bbox 3693 459 3740 520; baseline 0 0"><span class='ocrx_word' id='word_1_245' title='bbox 3693 459 3740 520; x_wconf 79' lang='lat'><strong>:2</strong></span> 
     </span>
    </p>
   </div>
   <div class='ocr_carea' id='block_1_34' title="bbox 3713 570 3744 619">
    <p class='ocr_par' dir='ltr' id='par_1_34' title="bbox 3713 570 3744 619">
     <span class='ocr_line' id='line_1_34' title="bbox 3713 570 3744 619; baseline 0 0"><span class='ocrx_word' id='word_1_246' title='bbox 3713 570 3744 619; x_wconf 86' lang='grc' dir='ltr'><strong>ό</strong></span> 
     </span>
    </p>
   </div>
   <div class='ocr_carea' id='block_1_35' title="bbox 2173 651 3744 726">
    <p class='ocr_par' dir='ltr' id='par_1_35' title="bbox 2173 651 3744 726">
     <span class='ocr_line' id='line_1_35' title="bbox 2173 651 3744 726; baseline 0.004 -23"><span class='ocrx_word' id='word_1_247' title='bbox 2173 651 2282 720; x_wconf 84' lang='grc' dir='ltr'><strong>γὰρ</strong></span> <span class='ocrx_word' id='word_1_248' title='bbox 2315 653 2665 721; x_wconf 81' lang='grc' dir='ltr'>σεσωσμένος</span> <span class='ocrx_word' id='word_1_249' title='bbox 2691 653 2789 707; x_wconf 77' lang='grc' dir='ltr'><strong>σὺν</strong></span> <span class='ocrx_word' id='word_1_250' title='bbox 2820 656 3082 726; x_wconf 80' lang='grc' dir='ltr'>μετανοίᾳ</span> <span class='ocrx_word' id='word_1_251' title='bbox 3127 657 3186 708; x_wconf 68' lang='grc' dir='ltr'>τὲ</span> <span class='ocrx_word' id='word_1_252' title='bbox 3220 657 3362 709; x_wconf 76' lang='grc' dir='ltr'>κατὰ</span> <span class='ocrx_word' id='word_1_253' title='bbox 3393 656 3621 726; x_wconf 83' lang='grc' dir='ltr'>δύναμιν</span> <span class='ocrx_word' id='word_1_254' title='bbox 3651 661 3744 710; x_wconf 76' lang='grc' dir='ltr'>καὶ</span> 
     </span>
    </p>
   </div>
   <div class='ocr_carea' id='block_1_36' title="bbox 2172 743 3744 816">
    <p class='ocr_par' dir='ltr' id='par_1_36' title="bbox 2172 743 3744 816">
     <span class='ocr_line' id='line_1_36' title="bbox 2172 743 3744 816; baseline 0.006 -22"><span class='ocrx_word' id='word_1_255' title='bbox 2172 743 2336 806; x_wconf 77' lang='grc' dir='ltr'>αὐτὸς</span> <span class='ocrx_word' id='word_1_256' title='bbox 2387 745 2686 810; x_wconf 79' lang='grc' dir='ltr'>συμϐάλλει</span> <span class='ocrx_word' id='word_1_257' title='bbox 2736 746 2822 799; x_wconf 81' lang='grc' dir='ltr'>διὰ</span> <span class='ocrx_word' id='word_1_258' title='bbox 2876 748 3127 814; x_wconf 75' lang='grc' dir='ltr'>πράξεως</span> <span class='ocrx_word' id='word_1_259' title='bbox 3173 749 3256 810; x_wconf 85' lang='grc' dir='ltr'><strong>είς</strong></span> <span class='ocrx_word' id='word_1_260' title='bbox 3290 749 3392 811; x_wconf 78' lang='grc' dir='ltr'>τὴν</span> <span class='ocrx_word' id='word_1_261' title='bbox 3431 749 3524 816; x_wconf 83' lang='grc' dir='ltr'>τῆς</span> <span class='ocrx_word' id='word_1_262' title='bbox 3568 767 3744 816; x_wconf 75' lang='grc' dir='ltr'>σωτη-</span> 
     </span>
    </p>
   </div>
   <div class='ocr_carea' id='block_1_37' title="bbox 2175 835 3742 907">
    <p class='ocr_par' dir='ltr' id='par_1_37' title="bbox 2175 835 3742 907">
     <span class='ocr_line' id='line_1_37' title="bbox 2175 835 3742 907; baseline 0.004 -20"><span class='ocrx_word' id='word_1_263' title='bbox 2175 835 2298 902; x_wconf 87' lang='grc' dir='ltr'>ρίας</span> <span class='ocrx_word' id='word_1_264' title='bbox 2329 835 2467 888; x_wconf 88' lang='grc' dir='ltr'>όδόν.</span> <span class='ocrx_word' id='word_1_265' title='bbox 2511 837 2633 888; x_wconf 79' lang='grc' dir='ltr'><strong>Ἐπὶ</strong></span> <span class='ocrx_word' id='word_1_266' title='bbox 2689 837 2798 907; x_wconf 78' lang='grc' dir='ltr'><strong>γάρ</strong></span> <span class='ocrx_word' id='word_1_267' title='bbox 2829 838 2923 891; x_wconf 82' lang='grc' dir='ltr'>τοῦ</span> <span class='ocrx_word' id='word_1_268' title='bbox 2973 838 3227 905; x_wconf 82' lang='grc' dir='ltr'>σώματος</span> <span class='ocrx_word' id='word_1_269' title='bbox 3282 841 3346 892; x_wconf 85' lang='grc' dir='ltr'>οὺ</span> <span class='ocrx_word' id='word_1_270' title='bbox 3397 839 3618 892; x_wconf 79' lang='grc' dir='ltr'>δύναται</span> <span class='ocrx_word' id='word_1_271' title='bbox 3649 841 3742 893; x_wconf 67' lang='grc' dir='ltr'>ἀνα</span> 
     </span>
    </p>
   </div>
   <div class='ocr_carea' id='block_1_38' title="bbox 2173 924 3742 1000">
    <p class='ocr_par' dir='ltr' id='par_1_38' title="bbox 2173 924 3742 1000">
     <span class='ocr_line' id='line_1_38' title="bbox 2173 924 3742 1000; baseline 0.005 -25"><span class='ocrx_word' id='word_1_272' title='bbox 2173 924 2395 992; x_wconf 80' lang='grc' dir='ltr'>θρωπος</span> <span class='ocrx_word' id='word_1_273' title='bbox 2417 927 2641 996; x_wconf 66' lang='grc' dir='ltr'><strong>⁴ποιῆσαι</strong></span> <span class='ocrx_word' id='word_1_274' title='bbox 2680 927 2741 981; x_wconf 81' lang='grc' dir='ltr'><strong>τὸ</strong></span> <span class='ocrx_word' id='word_1_275' title='bbox 2769 929 2910 981; x_wconf 83' lang='grc' dir='ltr'><strong>κατά</strong></span> <span class='ocrx_word' id='word_1_276' title='bbox 2937 928 3192 998; x_wconf 79' lang='grc' dir='ltr'>βούλησιν</span> <span class='ocrx_word' id='word_1_277' title='bbox 3221 930 3343 1000; x_wconf 70' lang='grc' dir='ltr'>ἦτοι</span> <span class='ocrx_word' id='word_1_278' title='bbox 3365 930 3425 982; x_wconf 80' lang='grc' dir='ltr'>τὸ</span> <span class='ocrx_word' id='word_1_279' title='bbox 3457 932 3532 999; x_wconf 82' lang='grc' dir='ltr'>μὴ</span> <span class='ocrx_word' id='word_1_280' title='bbox 3566 933 3742 1000; x_wconf 73' lang='grc' dir='ltr'>ἐμπε-</span> 
     </span>
    </p>
   </div>
   <div class='ocr_carea' id='block_1_39' title="bbox 2173 1019 3740 1091">
    <p class='ocr_par' dir='ltr' id='par_1_39' title="bbox 2173 1019 3740 1091">
     <span class='ocr_line' id='line_1_39' title="bbox 2173 1019 3740 1091; baseline 0.004 -21"><span class='ocrx_word' id='word_1_281' title='bbox 2173 1021 2286 1071; x_wconf 76' lang='grc' dir='ltr'>σεῖν</span> <span class='ocrx_word' id='word_1_282' title='bbox 2320 1021 2402 1084; x_wconf 84' lang='grc' dir='ltr'><strong>εἰς</strong></span> <span class='ocrx_word' id='word_1_283' title='bbox 2452 1019 2628 1083; x_wconf 82' lang='grc' dir='ltr'>νόσον,</span> <span class='ocrx_word' id='word_1_284' title='bbox 2674 1020 2706 1090; x_wconf 77' lang='grc' dir='ltr'>ἦ</span> <span class='ocrx_word' id='word_1_285' title='bbox 2746 1022 3007 1091; x_wconf 76' lang='grc' dir='ltr'>ἐμπεσὼν</span> <span class='ocrx_word' id='word_1_286' title='bbox 3035 1023 3134 1075; x_wconf 85' lang='grc' dir='ltr'>οὐκ</span> <span class='ocrx_word' id='word_1_287' title='bbox 3182 1023 3298 1090; x_wconf 75' lang='grc' dir='ltr'>ἔχει</span> <span class='ocrx_word' id='word_1_288' title='bbox 3354 1024 3441 1076; x_wconf 78' lang='grc' dir='ltr'><strong>ἐπ’</strong></span> <span class='ocrx_word' id='word_1_289' title='bbox 3491 1024 3740 1087; x_wconf 72' lang='grc' dir='ltr'>ἐξουσίας</span> 
     </span>
    </p>
   </div>
   <div class='ocr_carea' id='block_1_40' title="bbox 2172 1110 3740 1182">
    <p class='ocr_par' dir='ltr' id='par_1_40' title="bbox 2172 1110 3740 1182">
     <span class='ocr_line' id='line_1_40' title="bbox 2172 1110 3740 1182; baseline 0.003 -20"><span class='ocrx_word' id='word_1_290' title='bbox 2172 1110 2492 1163; x_wconf 76' lang='grc' dir='ltr'>ἐπανελθεῖν</span> <span class='ocrx_word' id='word_1_291' title='bbox 2531 1113 2610 1174; x_wconf 89' lang='grc' dir='ltr'><strong>είς</strong></span> <span class='ocrx_word' id='word_1_292' title='bbox 2657 1113 2761 1181; x_wconf 81' lang='grc' dir='ltr'>τὴν</span> <span class='ocrx_word' id='word_1_293' title='bbox 2801 1113 3080 1182; x_wconf 80' lang='grc' dir='ltr'>προτέραν</span> <span class='ocrx_word' id='word_1_294' title='bbox 3107 1114 3322 1179; x_wconf 84' lang='grc' dir='ltr'>ὑγίειαν</span> <span class='ocrx_word' id='word_1_295' title='bbox 3346 1127 3360 1143; x_wconf 85' lang='grc'>⁶</span> <span class='ocrx_word' id='word_1_296' title='bbox 3395 1113 3489 1167; x_wconf 73' lang='grc' dir='ltr'><strong>ἐπὶ</strong></span> <span class='ocrx_word' id='word_1_297' title='bbox 3542 1114 3598 1165; x_wconf 77' lang='grc' dir='ltr'>δὲ</span> <span class='ocrx_word' id='word_1_298' title='bbox 3643 1115 3740 1182; x_wconf 78' lang='grc' dir='ltr'>τῆς</span> 
     </span>
    </p>
   </div>
   <div class='ocr_carea' id='block_1_41' title="bbox 2168 1200 3742 1276">
    <p class='ocr_par' dir='ltr' id='par_1_41' title="bbox 2168 1200 3742 1276">
     <span class='ocr_line' id='line_1_41' title="bbox 2168 1200 3742 1276; baseline 0.003 -23"><span class='ocrx_word' id='word_1_299' title='bbox 2168 1200 2350 1270; x_wconf 74' lang='grc' dir='ltr'>ψυχῆς</span> <span class='ocrx_word' id='word_1_300' title='bbox 2377 1203 2476 1271; x_wconf 78' lang='grc' dir='ltr'><strong>οὐχ</strong></span> <span class='ocrx_word' id='word_1_301' title='bbox 2510 1202 2705 1268; x_wconf 79' lang='grc' dir='ltr'>οὕτως,</span> <span class='ocrx_word' id='word_1_302' title='bbox 2738 1203 2876 1256; x_wconf 81' lang='grc' dir='ltr'>ἀλλὰ</span> <span class='ocrx_word' id='word_1_303' title='bbox 2908 1207 3016 1266; x_wconf 81' lang='grc' dir='ltr'><strong>πᾶς</strong></span> <span class='ocrx_word' id='word_1_304' title='bbox 3046 1223 3131 1268; x_wconf 89' lang='grc' dir='ltr'><strong>τις</strong></span> <span class='ocrx_word' id='word_1_305' title='bbox 3163 1207 3456 1276; x_wconf 76' lang='grc' dir='ltr'>ἄνθρωπος’</span> <span class='ocrx_word' id='word_1_306' title='bbox 3478 1209 3566 1258; x_wconf 77' lang='grc' dir='ltr'><strong>ἐπ’</strong></span> <span class='ocrx_word' id='word_1_307' title='bbox 3594 1207 3742 1269; x_wconf 74' lang='grc' dir='ltr'>ἐξου-</span> 
     </span>
    </p>
   </div>
   <div class='ocr_carea' id='block_1_42' title="bbox 2172 1294 3739 1368">
    <p class='ocr_par' dir='ltr' id='par_1_42' title="bbox 2172 1294 3739 1368">
     <span class='ocr_line' id='line_1_42' title="bbox 2172 1294 3739 1368; baseline 0.004 -24"><span class='ocrx_word' id='word_1_308' title='bbox 2172 1294 2294 1355; x_wconf 85' lang='grc' dir='ltr'>σίας</span> <span class='ocrx_word' id='word_1_309' title='bbox 2327 1296 2442 1362; x_wconf 78' lang='grc' dir='ltr'>ἐχει</span> <span class='ocrx_word' id='word_1_310' title='bbox 2481 1295 2566 1348; x_wconf 77' lang='grc' dir='ltr'>ἵνα</span> <span class='ocrx_word' id='word_1_311' title='bbox 2608 1296 2683 1364; x_wconf 86' lang='grc' dir='ltr'><strong>μὴ</strong></span> <span class='ocrx_word' id='word_1_312' title='bbox 2717 1298 2965 1368; x_wconf 81' lang='grc' dir='ltr'>ἁμάρτῃ,</span> <span class='ocrx_word' id='word_1_313' title='bbox 2995 1298 3137 1366; x_wconf 83' lang='grc' dir='ltr'>ὅπερ</span> <span class='ocrx_word' id='word_1_314' title='bbox 3171 1298 3321 1351; x_wconf 75' lang='grc' dir='ltr'>ἐστὶν</span> <span class='ocrx_word' id='word_1_315' title='bbox 3357 1297 3614 1351; x_wconf 82' lang='grc' dir='ltr'>ἀσθένεια</span> <span class='ocrx_word' id='word_1_316' title='bbox 3639 1298 3739 1366; x_wconf 71' lang='grc' dir='ltr'><strong>ψυ-</strong></span> 
     </span>
    </p>
   </div>
   <div class='ocr_carea' id='block_1_43' title="bbox 2169 1385 3738 1456">
    <p class='ocr_par' dir='ltr' id='par_1_43' title="bbox 2169 1385 3738 1456">
     <span class='ocr_line' id='line_1_43' title="bbox 2169 1385 3738 1456; baseline -0.006 -7"><span class='ocrx_word' id='word_1_317' title='bbox 2169 1385 2268 1453; x_wconf 82' lang='grc' dir='ltr'><strong>κῆς</strong></span> <span class='ocrx_word' id='word_1_318' title='bbox 2289 1402 2300 1414; x_wconf 88' lang='grc'><strong>·</strong></span> <span class='ocrx_word' id='word_1_319' title='bbox 2353 1387 2621 1456; x_wconf 80' lang='grc' dir='ltr'>ἁμαρτὼν</span> <span class='ocrx_word' id='word_1_320' title='bbox 2649 1387 2705 1440; x_wconf 84' lang='grc' dir='ltr'>δὲ</span> <span class='ocrx_word' id='word_1_321' title='bbox 2734 1389 2816 1451; x_wconf 85' lang='grc' dir='ltr'>εις</span> <span class='ocrx_word' id='word_1_322' title='bbox 2853 1387 2954 1456; x_wconf 80' lang='grc' dir='ltr'>τὴν</span> <span class='ocrx_word' id='word_1_323' title='bbox 3001 1387 3165 1440; x_wconf 77' lang='grc' dir='ltr'>αὐτοῦ</span> <span class='ocrx_word' id='word_1_324' title='bbox 3215 1386 3440 1456; x_wconf 78' lang='grc' dir='ltr'>θέλησιν</span> <span class='ocrx_word' id='word_1_325' title='bbox 3471 1389 3620 1439; x_wconf 68' lang='grc' dir='ltr'>ἐστιν</span> <span class='ocrx_word' id='word_1_326' title='bbox 3653 1387 3738 1440; x_wconf 71' lang='grc' dir='ltr'>ἵνα</span> 
     </span>
    </p>
   </div>
   <div class='ocr_carea' id='block_1_44' title="bbox 2167 1475 3735 1548">
    <p class='ocr_par' dir='ltr' id='par_1_44' title="bbox 2167 1475 3735 1548">
     <span class='ocr_line' id='line_1_44' title="bbox 2167 1475 3735 1548; baseline 0.002 -22"><span class='ocrx_word' id='word_1_327' title='bbox 2167 1475 2258 1527; x_wconf 70' lang='grc' dir='ltr'>καὶ</span> <span class='ocrx_word' id='word_1_328' title='bbox 2293 1475 2452 1538; x_wconf 79' lang='grc' dir='ltr'>αὖθις</span> <span class='ocrx_word' id='word_1_329' title='bbox 2499 1478 2904 1547; x_wconf 79' lang='grc' dir='ltr'>ἀνακαλέσηται</span> <span class='ocrx_word' id='word_1_330' title='bbox 2939 1478 3150 1545; x_wconf 67' lang='grc' dir='ltr'>ἑαυτὸν,</span> <span class='ocrx_word' id='word_1_331' title='bbox 3188 1480 3285 1532; x_wconf 70' lang='grc' dir='ltr'>καὶ</span> <span class='ocrx_word' id='word_1_332' title='bbox 3318 1478 3392 1547; x_wconf 77' lang='grc' dir='ltr'>μὴ</span> <span class='ocrx_word' id='word_1_333' title='bbox 3452 1479 3614 1548; x_wconf 82' lang='grc' dir='ltr'>μόνον</span> <span class='ocrx_word' id='word_1_334' title='bbox 3657 1479 3735 1538; x_wconf 80' lang='grc' dir='ltr'><strong>είς</strong></span> 
     </span>
    </p>
   </div>
   <div class='ocr_carea' id='block_1_45' title="bbox 2165 1565 3735 1646">
    <p class='ocr_par' dir='ltr' id='par_1_45' title="bbox 2165 1565 3735 1646">
     <span class='ocr_line' id='line_1_45' title="bbox 2165 1565 3735 1646; baseline 0.002 -30"><span class='ocrx_word' id='word_1_335' title='bbox 2165 1565 2266 1634; x_wconf 81' lang='grc' dir='ltr'>τὴν</span> <span class='ocrx_word' id='word_1_336' title='bbox 2314 1566 2586 1635; x_wconf 87' lang='grc' dir='ltr'>προτέραν</span> <span class='ocrx_word' id='word_1_337' title='bbox 2619 1567 2838 1634; x_wconf 85' lang='grc' dir='ltr'>ὑγίειαν</span> <span class='ocrx_word' id='word_1_338' title='bbox 2863 1567 2967 1635; x_wconf 79' lang='grc' dir='ltr'>τῆς</span> <span class='ocrx_word' id='word_1_339' title='bbox 3010 1567 3189 1638; x_wconf 77' lang='grc' dir='ltr'>ψυχῆς</span> <span class='ocrx_word' id='word_1_340' title='bbox 3235 1566 3557 1646; x_wconf 62' lang='grc' dir='ltr'>ἐπανέλθοι,</span> <span class='ocrx_word' id='word_1_341' title='bbox 3604 1566 3735 1619; x_wconf 72' lang='grc' dir='ltr'>ἀλλὰ</span> 
     </span>
    </p>
   </div>
   <div class='ocr_carea' id='block_1_46' title="bbox 2165 1656 3733 1730">
    <p class='ocr_par' dir='ltr' id='par_1_46' title="bbox 2165 1656 3733 1730">
     <span class='ocr_line' id='line_1_46' title="bbox 2165 1656 3733 1730; baseline 0.002 -22"><span class='ocrx_word' id='word_1_342' title='bbox 2165 1656 2259 1708; x_wconf 71' lang='grc' dir='ltr'>καὶ</span> <span class='ocrx_word' id='word_1_343' title='bbox 2298 1657 2479 1726; x_wconf 81' lang='grc' dir='ltr'>πολλῷ</span> <span class='ocrx_word' id='word_1_344' title='bbox 2519 1657 2596 1728; x_wconf 84' lang='grc' dir='ltr'><strong>τῷ</strong></span> <span class='ocrx_word' id='word_1_345' title='bbox 2633 1660 2817 1730; x_wconf 86' lang='grc' dir='ltr'>μέτρῳ</span> <span class='ocrx_word' id='word_1_346' title='bbox 2849 1661 3084 1729; x_wconf 79' lang='grc' dir='ltr'>ὑπερϐῇ,</span> <span class='ocrx_word' id='word_1_347' title='bbox 3133 1660 3229 1714; x_wconf 78' lang='grc' dir='ltr'>καὶ</span> <span class='ocrx_word' id='word_1_348' title='bbox 3262 1659 3294 1729; x_wconf 77' lang='grc' dir='ltr'>ἢ</span> <span class='ocrx_word' id='word_1_349' title='bbox 3329 1660 3428 1712; x_wconf 80' lang='grc' dir='ltr'>σὺν</span> <span class='ocrx_word' id='word_1_350' title='bbox 3460 1661 3527 1728; x_wconf 78' lang='grc' dir='ltr'><strong>τῇ</strong></span> <span class='ocrx_word' id='word_1_351' title='bbox 3567 1675 3733 1726; x_wconf 81' lang='grc' dir='ltr'><strong>μετιι⁹</strong></span> 
     </span>
    </p>
   </div>
   <div class='ocr_carea' id='block_1_47' title="bbox 2164 1747 3733 1822">
    <p class='ocr_par' dir='ltr' id='par_1_47' title="bbox 2164 1747 3733 1822">
     <span class='ocr_line' id='line_1_47' title="bbox 2164 1747 3733 1822; baseline 0.001 -22"><span class='ocrx_word' id='word_1_352' title='bbox 2164 1747 2303 1816; x_wconf 80' lang='grc' dir='ltr'>νοίςι,</span> <span class='ocrx_word' id='word_1_353' title='bbox 2339 1749 2412 1812; x_wconf 81' lang='grc' dir='ltr'><strong>ὡς</strong></span> <span class='ocrx_word' id='word_1_354' title='bbox 2440 1750 2678 1819; x_wconf 79' lang='grc' dir='ltr'>εἴρηται,</span> <span class='ocrx_word' id='word_1_355' title='bbox 2709 1752 2913 1822; x_wconf 80' lang='grc' dir='ltr'>ποιήσῃ</span> <span class='ocrx_word' id='word_1_356' title='bbox 2934 1751 3025 1804; x_wconf 70' lang='grc' dir='ltr'><strong>καὶ</strong></span> <span class='ocrx_word' id='word_1_357' title='bbox 3055 1751 3193 1820; x_wconf 77' lang='grc' dir='ltr'>ἔργα</span> <span class='ocrx_word' id='word_1_358' title='bbox 3218 1751 3501 1819; x_wconf 81' lang='grc' dir='ltr'>ἀξιόχρεα,</span> <span class='ocrx_word' id='word_1_359' title='bbox 3535 1751 3566 1819; x_wconf 74' lang='grc' dir='ltr'><strong>ἢ</strong></span> <span class='ocrx_word' id='word_1_360' title='bbox 3595 1750 3733 1802; x_wconf 63' lang='grc' dir='ltr'>κατὰ</span> 
     </span>
    </p>
   </div>
   <div class='ocr_carea' id='block_1_48' title="bbox 2162 1840 3734 1912">
    <p class='ocr_par' dir='ltr' id='par_1_48' title="bbox 2162 1840 3734 1912">
     <span class='ocr_line' id='line_1_48' title="bbox 2162 1840 3734 1912; baseline -0.004 -17"><span class='ocrx_word' id='word_1_361' title='bbox 2162 1842 2435 1912; x_wconf 82' lang='grc' dir='ltr'>δεύτερον,</span> <span class='ocrx_word' id='word_1_362' title='bbox 2466 1842 2542 1904; x_wconf 83' lang='grc' dir='ltr'>ὥς</span> <span class='ocrx_word' id='word_1_363' title='bbox 2583 1859 2740 1910; x_wconf 82' lang='grc' dir='ltr'>φασι,</span> <span class='ocrx_word' id='word_1_364' title='bbox 2769 1842 2940 1894; x_wconf 77' lang='grc' dir='ltr'>πλοῦν</span> <span class='ocrx_word' id='word_1_365' title='bbox 2975 1843 3136 1912; x_wconf 90' lang='grc' dir='ltr'>μόνον</span> <span class='ocrx_word' id='word_1_366' title='bbox 3162 1842 3442 1910; x_wconf 80' lang='grc' dir='ltr'>μετανοῶν</span> <span class='ocrx_word' id='word_1_367' title='bbox 3475 1840 3734 1908; x_wconf 60' lang='grc' dir='ltr'>εὑρίσκῃ-</span> 
     </span>
    </p>
   </div>
   <div class='ocr_carea' id='block_1_49' title="bbox 2161 1934 3729 2005">
    <p class='ocr_par' dir='ltr' id='par_1_49' title="bbox 2161 1934 3729 2005">
     <span class='ocr_line' id='line_1_49' title="bbox 2161 1934 3729 2005; baseline -0.003 -15"><span class='ocrx_word' id='word_1_368' title='bbox 2161 1953 2275 1990; x_wconf 76' lang='grc' dir='ltr'>ται.</span> <span class='ocrx_word' id='word_1_369' title='bbox 2315 1938 2424 1990; x_wconf 71' lang='grc' dir='ltr'><strong>Καὶ</strong></span> <span class='ocrx_word' id='word_1_370' title='bbox 2453 1939 2480 1989; x_wconf 88' lang='grc' dir='ltr'><strong>ό</strong></span> <span class='ocrx_word' id='word_1_371' title='bbox 2507 1934 2828 2004; x_wconf 85' lang='grc' dir='ltr'>πανάγαθος</span> <span class='ocrx_word' id='word_1_372' title='bbox 2857 1936 3010 2001; x_wconf 80' lang='grc' dir='ltr'>Θεὸς,</span> <span class='ocrx_word' id='word_1_373' title='bbox 3033 1939 3061 1990; x_wconf 87' lang='grc' dir='ltr'><strong>ό</strong></span> <span class='ocrx_word' id='word_1_374' title='bbox 3083 1936 3171 1988; x_wconf 82' lang='grc' dir='ltr'>διὰ</span> <span class='ocrx_word' id='word_1_375' title='bbox 3196 1937 3295 2005; x_wconf 81' lang='grc' dir='ltr'>τὴν</span> <span class='ocrx_word' id='word_1_376' title='bbox 3325 1936 3597 2005; x_wconf 81' lang='grc' dir='ltr'>σωτηρίαν</span> <span class='ocrx_word' id='word_1_377' title='bbox 3624 1935 3729 1986; x_wconf 86' lang='grc' dir='ltr'><strong>τῶν</strong></span> 
     </span>
    </p>
   </div>
   <div class='ocr_carea' id='block_1_50' title="bbox 2161 2027 3727 2100">
    <p class='ocr_par' dir='ltr' id='par_1_50' title="bbox 2161 2027 3727 2100">
     <span class='ocr_line' id='line_1_50' title="bbox 2161 2027 3727 2100; baseline -0.002 -16"><span class='ocrx_word' id='word_1_378' title='bbox 2161 2029 2463 2099; x_wconf 83' lang='grc' dir='ltr'>ἀνθρώπων</span> <span class='ocrx_word' id='word_1_379' title='bbox 2489 2029 2680 2092; x_wconf 79' lang='grc' dir='ltr'>κλίνας</span> <span class='ocrx_word' id='word_1_380' title='bbox 2714 2032 2842 2092; x_wconf 68' lang='grc' dir='ltr'>τοὺς</span> <span class='ocrx_word' id='word_1_381' title='bbox 2876 2029 3140 2100; x_wconf 77' lang='grc' dir='ltr'>οὐρανοὺς</span> <span class='ocrx_word' id='word_1_382' title='bbox 3174 2029 3270 2082; x_wconf 75' lang='grc' dir='ltr'>καὶ</span> <span class='ocrx_word' id='word_1_383' title='bbox 3307 2027 3590 2082; x_wconf 80' lang='grc' dir='ltr'>κατελθὼν</span> <span class='ocrx_word' id='word_1_384' title='bbox 3636 2029 3727 2081; x_wconf 81' lang='grc' dir='ltr'>καὶ</span> 
     </span>
    </p>
   </div>
   <div class='ocr_carea' id='block_1_51' title="bbox 2161 2116 3724 2188">
    <p class='ocr_par' dir='ltr' id='par_1_51' title="bbox 2161 2116 3724 2188">
     <span class='ocr_line' id='line_1_51' title="bbox 2161 2116 3724 2188; baseline -0.001 -18"><span class='ocrx_word' id='word_1_385' title='bbox 2161 2119 2401 2186; x_wconf 84' lang='grc' dir='ltr'>γεγονὼς</span> <span class='ocrx_word' id='word_1_386' title='bbox 2428 2118 2740 2188; x_wconf 75' lang='grc' dir='ltr'>ἄνθρωπος,</span> <span class='ocrx_word' id='word_1_387' title='bbox 2769 2118 2950 2187; x_wconf 78' lang='grc' dir='ltr'>ὲκχέει</span> <span class='ocrx_word' id='word_1_388' title='bbox 2971 2118 3032 2170; x_wconf 81' lang='grc' dir='ltr'>τὸ</span> <span class='ocrx_word' id='word_1_389' title='bbox 3057 2117 3205 2180; x_wconf 77' lang='grc' dir='ltr'>ἔλεος</span> <span class='ocrx_word' id='word_1_390' title='bbox 3234 2116 3424 2179; x_wconf 81' lang='grc' dir='ltr'>αὑτοῦ,</span> <span class='ocrx_word' id='word_1_391' title='bbox 3453 2119 3589 2185; x_wconf 86' lang='grc' dir='ltr'>ὅπερ</span> <span class='ocrx_word' id='word_1_392' title='bbox 3612 2118 3724 2169; x_wconf 79' lang='grc' dir='ltr'>ἐστὶ</span> 
     </span>
    </p>
   </div>
   <div class='ocr_carea' id='block_1_52' title="bbox 2164 2208 3719 2281">
    <p class='ocr_par' dir='ltr' id='par_1_52' title="bbox 2164 2208 3719 2281">
     <span class='ocr_line' id='line_1_52' title="bbox 2164 2208 3719 2281; baseline -0.003 -17"><span class='ocrx_word' id='word_1_393' title='bbox 2164 2211 2351 2280; x_wconf 76' lang='grc' dir='ltr'>μεῖζον</span> <span class='ocrx_word' id='word_1_394' title='bbox 2387 2212 2566 2281; x_wconf 82' lang='grc' dir='ltr'>πάσης</span> <span class='ocrx_word' id='word_1_395' title='bbox 2600 2208 2853 2278; x_wconf 78' lang='grc' dir='ltr'>πράξεως</span> <span class='ocrx_word' id='word_1_396' title='bbox 2885 2208 3158 2276; x_wconf 87' lang='grc' dir='ltr'>ἀγγέλων,</span> <span class='ocrx_word' id='word_1_397' title='bbox 3180 2225 3240 2260; x_wconf 82' lang='grc' dir='ltr'><strong>τε</strong></span> <span class='ocrx_word' id='word_1_398' title='bbox 3276 2208 3371 2261; x_wconf 75' lang='grc' dir='ltr'>καὶ</span> <span class='ocrx_word' id='word_1_399' title='bbox 3400 2208 3719 2276; x_wconf 82' lang='grc' dir='ltr'>ἀνθρώπων,</span> 
     </span>
    </p>
   </div>
   <div class='ocr_carea' id='block_1_53' title="bbox 2160 2299 3722 2370">
    <p class='ocr_par' dir='ltr' id='par_1_53' title="bbox 2160 2299 3722 2370">
     <span class='ocr_line' id='line_1_53' title="bbox 2160 2299 3722 2370; baseline -0.007 -13"><span class='ocrx_word' id='word_1_400' title='bbox 2160 2304 2254 2357; x_wconf 77' lang='grc' dir='ltr'>καὶ</span> <span class='ocrx_word' id='word_1_401' title='bbox 2284 2303 2407 2356; x_wconf 78' lang='grc' dir='ltr'>ἀντὶ</span> <span class='ocrx_word' id='word_1_402' title='bbox 2455 2301 2649 2354; x_wconf 87' lang='grc' dir='ltr'>πασῶν</span> <span class='ocrx_word' id='word_1_403' title='bbox 2683 2299 2894 2370; x_wconf 86' lang='grc' dir='ltr'>ἀρετῶν</span> <span class='ocrx_word' id='word_1_404' title='bbox 2938 2299 3100 2353; x_wconf 83' lang='grc' dir='ltr'>τοῦτο</span> <span class='ocrx_word' id='word_1_405' title='bbox 3129 2299 3429 2366; x_wconf 79' lang='grc' dir='ltr'>λογίζεται,</span> <span class='ocrx_word' id='word_1_406' title='bbox 3475 2300 3570 2351; x_wconf 72' lang='grc' dir='ltr'><strong>καὶ</strong></span> <span class='ocrx_word' id='word_1_407' title='bbox 3596 2301 3722 2367; x_wconf 51' lang='lat' dir='ltr'><strong>apt;</strong></span> 
     </span>
    </p>
   </div>
   <div class='ocr_carea' id='block_1_54' title="bbox 2160 2388 3719 2462">
    <p class='ocr_par' dir='ltr' id='par_1_54' title="bbox 2160 2388 3719 2462">
     <span class='ocr_line' id='line_1_54' title="bbox 2160 2388 3719 2462; baseline -0.004 -17"><span class='ocrx_word' id='word_1_408' title='bbox 2160 2393 2353 2445; x_wconf 78' lang='grc' dir='ltr'>ἑαυτὸν</span> <span class='ocrx_word' id='word_1_409' title='bbox 2387 2391 2781 2462; x_wconf 81' lang='grc' dir='ltr'>προσκαλεῖται</span> <span class='ocrx_word' id='word_1_410' title='bbox 2829 2390 3029 2452; x_wconf 77' lang='grc' dir='ltr'>αὐτοὺς</span> <span class='ocrx_word' id='word_1_411' title='bbox 3061 2389 3156 2442; x_wconf 78' lang='grc' dir='ltr'>καὶ</span> <span class='ocrx_word' id='word_1_412' title='bbox 3197 2388 3387 2456; x_wconf 84' lang='grc' dir='ltr'>φίλους</span> <span class='ocrx_word' id='word_1_413' title='bbox 3436 2388 3602 2441; x_wconf 83' lang='grc' dir='ltr'>αὑτοῦ</span> <span class='ocrx_word' id='word_1_414' title='bbox 3630 2405 3719 2439; x_wconf 77' lang='grc' dir='ltr'>καο</span> 
     </span>
    </p>
   </div>
   <div class='ocr_carea' id='block_1_55' title="bbox 2161 2479 3722 2554">
    <p class='ocr_par' dir='ltr' id='par_1_55' title="bbox 2161 2479 3722 2554">
     <span class='ocr_line' id='line_1_55' title="bbox 2161 2479 3722 2554; baseline -0.003 -17"><span class='ocrx_word' id='word_1_415' title='bbox 2161 2484 2426 2554; x_wconf 84' lang='grc' dir='ltr'>θίστησιν.</span> <span class='ocrx_word' id='word_1_416' title='bbox 2472 2483 2588 2535; x_wconf 76' lang='grc' dir='ltr'><strong>Ἐπὶ</strong></span> <span class='ocrx_word' id='word_1_417' title='bbox 2619 2483 2676 2534; x_wconf 70' lang='grc' dir='ltr'>δὲ</span> <span class='ocrx_word' id='word_1_418' title='bbox 2723 2481 2822 2535; x_wconf 79' lang='grc' dir='ltr'><strong>τοῦ</strong></span> <span class='ocrx_word' id='word_1_419' title='bbox 2865 2481 3112 2534; x_wconf 87' lang='grc' dir='ltr'>διαϐόλου</span> <span class='ocrx_word' id='word_1_420' title='bbox 3155 2480 3258 2532; x_wconf 81' lang='grc' dir='ltr'>ποῦ</span> <span class='ocrx_word' id='word_1_421' title='bbox 3291 2480 3584 2547; x_wconf 73' lang='grc' dir='ltr'>μετάνοιας</span> <span class='ocrx_word' id='word_1_422' title='bbox 3625 2479 3722 2532; x_wconf 75' lang='grc' dir='ltr'><strong>ποῦ</strong></span> 
     </span>
    </p>
   </div>
   <div class='ocr_carea' id='block_1_56' title="bbox 2161 2571 3725 2642">
    <p class='ocr_par' dir='ltr' id='par_1_56' title="bbox 2161 2571 3725 2642">
     <span class='ocr_line' id='line_1_56' title="bbox 2161 2571 3725 2642; baseline -0.003 -15"><span class='ocrx_word' id='word_1_423' title='bbox 2161 2577 2536 2638; x_wconf 82' lang='grc' dir='ltr'>ταπείνωσις;</span> <span class='ocrx_word' id='word_1_424' title='bbox 2577 2575 2641 2626; x_wconf 84' lang='grc' dir='ltr'>Ἢ</span> <span class='ocrx_word' id='word_1_425' title='bbox 2687 2573 2796 2642; x_wconf 82' lang='grc' dir='ltr'>γὰρ</span> <span class='ocrx_word' id='word_1_426' title='bbox 2833 2575 3092 2641; x_wconf 84' lang='grc' dir='ltr'>μετάνοια</span> <span class='ocrx_word' id='word_1_427' title='bbox 3125 2573 3188 2624; x_wconf 84' lang='grc' dir='ltr'>ὲκ</span> <span class='ocrx_word' id='word_1_428' title='bbox 3227 2571 3611 2634; x_wconf 76' lang='grc' dir='ltr'>ταπεινώσεως</span> <span class='ocrx_word' id='word_1_429' title='bbox 3646 2573 3725 2638; x_wconf 86' lang='grc' dir='ltr'>γί-</span> 
     </span>
    </p>
   </div>
   <div class='ocr_carea' id='block_1_57' title="bbox 2158 2658 3722 2735">
    <p class='ocr_par' dir='ltr' id='par_1_57' title="bbox 2158 2658 3722 2735">
     <span class='ocr_line' id='line_1_57' title="bbox 2158 2658 3722 2735; baseline -0.006 -17"><span class='ocrx_word' id='word_1_430' title='bbox 2158 2683 2310 2718; x_wconf 85' lang='grc' dir='ltr'>νεται</span> <span class='ocrx_word' id='word_1_431' title='bbox 2335 2681 2349 2696; x_wconf 67' lang='grc' dir='ltr'><strong>ι</strong></span> <span class='ocrx_word' id='word_1_432' title='bbox 2397 2665 2666 2735; x_wconf 82' lang='grc' dir='ltr'>πρότερον</span> <span class='ocrx_word' id='word_1_433' title='bbox 2701 2664 2815 2732; x_wconf 73' lang='grc' dir='ltr'><strong>γὰρ</strong></span> <span class='ocrx_word' id='word_1_434' title='bbox 2854 2658 3260 2726; x_wconf 84' lang='grc' dir='ltr'>καταγινώσκει</span> <span class='ocrx_word' id='word_1_435' title='bbox 3293 2677 3377 2721; x_wconf 87' lang='grc' dir='ltr'><strong>τις</strong></span> <span class='ocrx_word' id='word_1_436' title='bbox 3429 2658 3622 2711; x_wconf 72' lang='grc' dir='ltr'>ἑαυτοῦ</span> <span class='ocrx_word' id='word_1_437' title='bbox 3650 2659 3722 2721; x_wconf 85' lang='grc' dir='ltr'><strong>ὡς</strong></span> 
     </span>
    </p>
   </div>
   <div class='ocr_carea' id='block_1_58' title="bbox 2159 2748 3721 2830">
    <p class='ocr_par' dir='ltr' id='par_1_58' title="bbox 2159 2748 3721 2830">
     <span class='ocr_line' id='line_1_58' title="bbox 2159 2748 3721 2830; baseline -0.004 -20"><span class='ocrx_word' id='word_1_438' title='bbox 2159 2756 2346 2817; x_wconf 83' lang='grc' dir='ltr'>κακῶς</span> <span class='ocrx_word' id='word_1_439' title='bbox 2369 2755 2702 2825; x_wconf 77' lang='grc' dir='ltr'>πράξαντος.</span> <span class='ocrx_word' id='word_1_440' title='bbox 2735 2755 2829 2807; x_wconf 76' lang='grc' dir='ltr'>ἕπε</span> <span class='ocrx_word' id='word_1_441' title='bbox 2841 2770 2926 2805; x_wconf 80' lang='grc' dir='ltr'><strong>ιτα</strong></span> <span class='ocrx_word' id='word_1_442' title='bbox 2957 2752 3214 2821; x_wconf 74' lang='grc' dir='ltr'>μετανοεῖ</span> <span class='ocrx_word' id='word_1_443' title='bbox 3241 2748 3428 2830; x_wconf 26' lang='grc' dir='ltr'>ἐφἰοἴς</span> <span class='ocrx_word' id='word_1_444' title='bbox 3457 2750 3721 2818; x_wconf 72' lang='grc' dir='ltr'>ἥμαρτεν.</span> 
     </span>
    </p>
   </div>
   <div class='ocr_carea' id='block_1_59' title="bbox 2169 2841 3726 2912">
    <p class='ocr_par' dir='ltr' id='par_1_59' title="bbox 2169 2841 3726 2912">
     <span class='ocr_line' id='line_1_59' title="bbox 2169 2841 3726 2912; baseline -0.006 -10"><span class='ocrx_word' id='word_1_445' title='bbox 2169 2851 2227 2902; x_wconf 83' lang='grc' dir='ltr'>Ὀ</span> <span class='ocrx_word' id='word_1_446' title='bbox 2257 2848 2313 2901; x_wconf 79' lang='grc' dir='ltr'>δὲ</span> <span class='ocrx_word' id='word_1_447' title='bbox 2362 2847 2609 2908; x_wconf 87' lang='grc' dir='ltr'>διάϐολος</span> <span class='ocrx_word' id='word_1_448' title='bbox 2635 2843 2954 2898; x_wconf 74' lang='grc' dir='ltr'>τούναντίον</span> <span class='ocrx_word' id='word_1_449' title='bbox 3004 2844 3227 2910; x_wconf 85' lang='grc' dir='ltr'>στέργει</span> <span class='ocrx_word' id='word_1_450' title='bbox 3274 2842 3374 2912; x_wconf 84' lang='grc' dir='ltr'>μὲν</span> <span class='ocrx_word' id='word_1_451' title='bbox 3407 2841 3504 2911; x_wconf 82' lang='grc' dir='ltr'>τὴν</span> <span class='ocrx_word' id='word_1_452' title='bbox 3549 2844 3726 2910; x_wconf 82' lang='grc' dir='ltr'>ἀμαρ-</span> 
     </span>
    </p>
   </div>
   <div class='ocr_carea' id='block_1_60' title="bbox 2156 2934 3726 3010">
    <p class='ocr_par' dir='ltr' id='par_1_60' title="bbox 2156 2934 3726 3010">
     <span class='ocr_line' id='line_1_60' title="bbox 2156 2934 3726 3010; baseline -0.005 -18"><span class='ocrx_word' id='word_1_453' title='bbox 2156 2941 2275 2992; x_wconf 86' lang='grc' dir='ltr'>τίαν</span> <span class='ocrx_word' id='word_1_454' title='bbox 2310 2939 2376 3010; x_wconf 87' lang='grc' dir='ltr'>ἢν</span> <span class='ocrx_word' id='word_1_455' title='bbox 2407 2940 2624 3009; x_wconf 75' lang='grc' dir='ltr'>ἥμαρτε</span> <span class='ocrx_word' id='word_1_456' title='bbox 2655 2937 2750 2991; x_wconf 80' lang='grc' dir='ltr'>καὶ</span> <span class='ocrx_word' id='word_1_457' title='bbox 2797 2936 2856 2988; x_wconf 70' lang='grc' dir='ltr'>τὸ</span> <span class='ocrx_word' id='word_1_458' title='bbox 2884 2936 3024 2988; x_wconf 83' lang='grc' dir='ltr'>κατὰ</span> <span class='ocrx_word' id='word_1_459' title='bbox 3067 2934 3298 3001; x_wconf 76' lang='grc' dir='ltr'>δύναμιν</span> <span class='ocrx_word' id='word_1_460' title='bbox 3356 2935 3610 3002; x_wconf 76' lang='grc' dir='ltr'>πρόξενος</span> <span class='ocrx_word' id='word_1_461' title='bbox 3632 2935 3726 2986; x_wconf 76' lang='grc' dir='ltr'>καὶ</span> 
     </span>
    </p>
   </div>
   <div class='ocr_carea' id='block_1_61' title="bbox 2160 3025 3721 3101">
    <p class='ocr_par' dir='ltr' id='par_1_61' title="bbox 2160 3025 3721 3101">
     <span class='ocr_line' id='line_1_61' title="bbox 2160 3025 3721 3101; baseline -0.002 -18"><span class='ocrx_word' id='word_1_462' title='bbox 2160 3033 2425 3101; x_wconf 74' lang='grc' dir='ltr'>συνεργὸς</span> <span class='ocrx_word' id='word_1_463' title='bbox 2458 3032 2556 3099; x_wconf 81' lang='grc' dir='ltr'>τῆς</span> <span class='ocrx_word' id='word_1_464' title='bbox 2591 3030 2700 3082; x_wconf 80' lang='grc' dir='ltr'><strong>τῶν</strong></span> <span class='ocrx_word' id='word_1_465' title='bbox 2732 3026 3047 3096; x_wconf 34' lang='grc' dir='ltr'>ἀνθρώπων.</span> <span class='ocrx_word' id='word_1_466' title='bbox 3071 3025 3359 3088; x_wconf 79' lang='grc' dir='ltr'>ἀπωλείας</span> <span class='ocrx_word' id='word_1_467' title='bbox 3388 3026 3721 3095; x_wconf 81' lang='grc' dir='ltr'>εὑρίσκεται.</span> 
     </span>
    </p>
   </div>
   <div class='ocr_carea' id='block_1_62' title="bbox 2159 3118 3725 3191">
    <p class='ocr_par' dir='ltr' id='par_1_62' title="bbox 2159 3118 3725 3191">
     <span class='ocr_line' id='line_1_62' title="bbox 2159 3118 3725 3191; baseline -0.004 -14"><span class='ocrx_word' id='word_1_468' title='bbox 2159 3125 2253 3188; x_wconf 87' lang='grc' dir='ltr'>Τίς</span> <span class='ocrx_word' id='word_1_469' title='bbox 2297 3124 2426 3190; x_wconf 80' lang='grc' dir='ltr'>γοῦν</span> <span class='ocrx_word' id='word_1_470' title='bbox 2483 3123 2738 3177; x_wconf 86' lang='grc' dir='ltr'>κοινωνία</span> <span class='ocrx_word' id='word_1_471' title='bbox 2781 3121 2898 3191; x_wconf 83' lang='grc' dir='ltr'><strong>Θεῷ</strong></span> <span class='ocrx_word' id='word_1_472' title='bbox 2930 3121 3022 3174; x_wconf 73' lang='grc' dir='ltr'>καὶ</span> <span class='ocrx_word' id='word_1_473' title='bbox 3067 3119 3340 3187; x_wconf 84' lang='grc' dir='ltr'>διαϐόλῳ;</span> <span class='ocrx_word' id='word_1_474' title='bbox 3390 3118 3550 3188; x_wconf 72' lang='lat'><strong>372</strong></span> <span class='ocrx_word' id='word_1_475' title='bbox 3589 3121 3725 3188; x_wconf 77' lang='grc' dir='ltr'>’Δρα</span> 
     </span>
    </p>
   </div>
   <div class='ocr_carea' id='block_1_63' title="bbox 481 3206 3735 3293">
    <p class='ocr_par' dir='ltr' id='par_1_63' title="bbox 481 3206 3735 3293">
     <span class='ocr_line' id='line_1_63' title="bbox 481 3206 3735 3293; baseline -0.001 -30"><span class='ocrx_word' id='word_1_476' title='bbox 481 3228 596 3263; x_wconf 86' lang='grc' dir='ltr'>νιον</span> <span class='ocrx_word' id='word_1_477' title='bbox 626 3215 686 3265; x_wconf 78' lang='grc' dir='ltr'>τὸ</span> <span class='ocrx_word' id='word_1_478' title='bbox 715 3216 1124 3285; x_wconf 82' lang='grc' dir='ltr'>ἡτοιμασμένον</span> <span class='ocrx_word' id='word_1_479' title='bbox 1151 3221 1228 3282; x_wconf 79' lang='grc' dir='ltr'>τῷ</span> <span class='ocrx_word' id='word_1_480' title='bbox 1262 3220 1498 3291; x_wconf 83' lang='grc' dir='ltr'>διαϐόλῳ</span> <span class='ocrx_word' id='word_1_481' title='bbox 1539 3226 1629 3276; x_wconf 79' lang='grc' dir='ltr'><strong>καὶ</strong></span> <span class='ocrx_word' id='word_1_482' title='bbox 1660 3229 1771 3288; x_wconf 86' lang='grc' dir='ltr'>τοῖς</span> <span class='ocrx_word' id='word_1_483' title='bbox 1799 3227 2052 3293; x_wconf 79' lang='grc' dir='ltr'>ἀγγέλοις</span> <span class='ocrx_word' id='word_1_484' title='bbox 2081 3206 2122 3263; x_wconf 71' lang='lat' dir='ltr'><strong>C</strong></span> <span class='ocrx_word' id='word_1_485' title='bbox 2162 3219 2407 3288; x_wconf 83' lang='grc' dir='ltr'>ματαίως</span> <span class='ocrx_word' id='word_1_486' title='bbox 2449 3217 2715 3284; x_wconf 72' lang='grc' dir='ltr'>ὲλάληοεν</span> <span class='ocrx_word' id='word_1_487' title='bbox 2752 3216 2779 3266; x_wconf 85' lang='grc' dir='ltr'><strong>ὁ</strong></span> <span class='ocrx_word' id='word_1_488' title='bbox 2809 3213 3076 3283; x_wconf 80' lang='grc' dir='ltr'>Μωάμεθ,</span> <span class='ocrx_word' id='word_1_489' title='bbox 3139 3210 3310 3264; x_wconf 71' lang='grc' dir='ltr'>εἰπὼν</span> <span class='ocrx_word' id='word_1_490' title='bbox 3341 3210 3424 3264; x_wconf 81' lang='grc' dir='ltr'>ὅτι</span> <span class='ocrx_word' id='word_1_491' title='bbox 3472 3211 3735 3265; x_wconf 76' lang='grc' dir='ltr'>δύνανται</span> 
     </span>
    </p>
   </div>
   <div class='ocr_carea' id='block_1_64' title="bbox 481 3304 2047 3375">
    <p class='ocr_par' dir='ltr' id='par_1_64' title="bbox 481 3304 2047 3375">
     <span class='ocr_line' id='line_1_64' title="bbox 481 3304 2047 3375; baseline 0.011 -20"><span class='ocrx_word' id='word_1_492' title='bbox 481 3304 639 3375; x_wconf 75' lang='lat'><strong>371</strong></span> <span class='ocrx_word' id='word_1_493' title='bbox 675 3308 861 3362; x_wconf 75' lang='grc' dir='ltr'>αὐτοῦ.</span> <span class='ocrx_word' id='word_1_494' title='bbox 897 3327 916 3360; x_wconf 75' lang='grc' dir='ltr'><strong>ι</strong></span> <span class='ocrx_word' id='word_1_495' title='bbox 957 3310 1128 3365; x_wconf 81' lang='grc' dir='ltr'>Τοῦτο</span> <span class='ocrx_word' id='word_1_496' title='bbox 1157 3313 1336 3367; x_wconf 88' lang='grc' dir='ltr'>τοίνυν</span> <span class='ocrx_word' id='word_1_497' title='bbox 1362 3314 1533 3371; x_wconf 72' lang='grc' dir='ltr'>εἰπὼν</span> <span class='ocrx_word' id='word_1_498' title='bbox 1572 3318 1762 3372; x_wconf 80' lang='grc' dir='ltr'>οὐδένα</span> <span class='ocrx_word' id='word_1_499' title='bbox 1795 3320 1901 3373; x_wconf 85' lang='grc' dir='ltr'><strong>τῶν</strong></span> <span class='ocrx_word' id='word_1_500' title='bbox 1931 3319 2047 3372; x_wconf 87' lang='grc' dir='ltr'>δαι-</span> 
     </span>
    </p>
   </div>
   <div class='ocr_carea' id='block_1_65' title="bbox 483 3494 2056 3571">
    <p class='ocr_par' dir='ltr' id='par_1_65' title="bbox 483 3494 2056 3571">
     <span class='ocr_line' id='line_1_65' title="bbox 483 3494 2056 3571; baseline 0.013 -26"><span class='ocrx_word' id='word_1_501' title='bbox 483 3494 774 3549; x_wconf 78' lang='lat' dir='ltr'><strong>cinxerunt</strong></span> <span class='ocrx_word' id='word_1_502' title='bbox 800 3496 1146 3568; x_wconf 68' lang='lat' dir='ltr'><strong>se-injustitia</strong></span> <span class='ocrx_word' id='word_1_503' title='bbox 1183 3509 1235 3554; x_wconf 89' lang='lat' dir='ltr'><strong>et</strong></span> <span class='ocrx_word' id='word_1_504' title='bbox 1253 3499 1548 3571; x_wconf 88' lang='lat' dir='ltr'><strong>impietate.</strong></span> <span class='ocrx_word' id='word_1_505' title='bbox 1607 3503 1894 3562; x_wconf 87' lang='lat' dir='ltr'><strong>Emanabit</strong></span> <span class='ocrx_word' id='word_1_506' title='bbox 1937 3519 2056 3564; x_wconf 87' lang='lat' dir='ltr'><strong>tan-</strong></span> 
     </span>
    </p>
   </div>
   <div class='ocr_carea' id='block_1_66' title="bbox 479 3591 2050 3666">
    <p class='ocr_par' dir='ltr' id='par_1_66' title="bbox 479 3591 2050 3666">
     <span class='ocr_line' id='line_1_66' title="bbox 479 3591 2050 3666; baseline 0.013 -27"><span class='ocrx_word' id='word_1_507' title='bbox 479 3604 642 3655; x_wconf 83' lang='lat' dir='ltr'><strong>quam</strong></span> <span class='ocrx_word' id='word_1_508' title='bbox 674 3605 737 3644; x_wconf 84' lang='lat' dir='ltr'><strong>ex</strong></span> <span class='ocrx_word' id='word_1_509' title='bbox 781 3591 936 3660; x_wconf 89' lang='lat' dir='ltr'><strong>adipe</strong></span> <span class='ocrx_word' id='word_1_510' title='bbox 991 3593 1256 3662; x_wconf 80' lang='lat' dir='ltr'><strong>injustitia</strong></span> <span class='ocrx_word' id='word_1_511' title='bbox 1285 3612 1470 3650; x_wconf 87' lang='lat' dir='ltr'><strong>eorum</strong></span> <span class='ocrx_word' id='word_1_512' title='bbox 1504 3615 1516 3661; x_wconf 89' lang='lat'><strong>;</strong></span> <span class='ocrx_word' id='word_1_513' title='bbox 1553 3613 1932 3666; x_wconf 78' lang='lat' dir='ltr'><strong>processerunt</strong></span> <span class='ocrx_word' id='word_1_514' title='bbox 1985 3607 2050 3659; x_wconf 90' lang='lat' dir='ltr'><strong>ad</strong></span> 
     </span>
    </p>
   </div>
   <div class='ocr_carea' id='block_1_67' title="bbox 479 3683 2050 3749">
    <p class='ocr_par' dir='ltr' id='par_1_67' title="bbox 479 3683 2050 3749">
     <span class='ocr_line' id='line_1_67' title="bbox 479 3683 2050 3749; baseline 0.011 -17"><span class='ocrx_word' id='word_1_515' title='bbox 479 3683 885 3749; x_wconf 33' lang='lat' dir='ltr'><strong>con‘iponemlos</strong></span> <span class='ocrx_word' id='word_1_516' title='bbox 913 3684 1143 3743; x_wconf 86' lang='lat' dir='ltr'><strong>animos.</strong></span> <span class='ocrx_word' id='word_1_517' title='bbox 1211 3687 1450 3741; x_wconf 88' lang='lat' dir='ltr'><strong>meditati</strong></span> <span class='ocrx_word' id='word_1_518' title='bbox 1509 3700 1562 3743; x_wconf 84' lang='lat' dir='ltr'><strong>et</strong></span> <span class='ocrx_word' id='word_1_519' title='bbox 1602 3693 1766 3745; x_wconf 88' lang='lat' dir='ltr'><strong>locuti</strong></span> <span class='ocrx_word' id='word_1_520' title='bbox 1824 3707 1952 3748; x_wconf 90' lang='lat' dir='ltr'><strong>sunt</strong></span> <span class='ocrx_word' id='word_1_521' title='bbox 1998 3697 2050 3749; x_wconf 92' lang='lat' dir='ltr'><strong>in</strong></span> 
     </span>
    </p>
   </div>
   <div class='ocr_carea' id='block_1_68' title="bbox 478 3776 2054 3845">
    <p class='ocr_par' dir='ltr' id='par_1_68' title="bbox 478 3776 2054 3845">
     <span class='ocr_line' id='line_1_68' title="bbox 478 3776 2054 3845; baseline 0.01 -20"><span class='ocrx_word' id='word_1_522' title='bbox 478 3776 765 3838; x_wconf 73' lang='lat' dir='ltr'><strong>pravitate,</strong></span> <span class='ocrx_word' id='word_1_523' title='bbox 797 3776 1135 3845; x_wconf 74' lang='lat' dir='ltr'><strong>iniquitatem</strong></span> <span class='ocrx_word' id='word_1_524' title='bbox 1162 3780 1341 3834; x_wconf 85' lang='lat' dir='ltr'><strong>verbis</strong></span> <span class='ocrx_word' id='word_1_525' title='bbox 1357 3781 1689 3844; x_wconf 84' lang='lat' dir='ltr'><strong>extulerunt;</strong></span> <span class='ocrx_word' id='word_1_526' title='bbox 1717 3785 2054 3841; x_wconf 70' lang='lat' dir='ltr'><strong>collocarunt</strong></span> 
     </span>
    </p>
   </div>
   <div class='ocr_carea' id='block_1_69' title="bbox 479 3867 2056 3946">
    <p class='ocr_par' dir='ltr' id='par_1_69' title="bbox 479 3867 2056 3946">
     <span class='ocr_line' id='line_1_69' title="bbox 479 3867 2056 3946; baseline 0.011 -28"><span class='ocrx_word' id='word_1_527' title='bbox 479 3867 533 3930; x_wconf 77' lang='lat' dir='ltr'><strong>in</strong></span> <span class='ocrx_word' id='word_1_528' title='bbox 561 3867 715 3921; x_wconf 67' lang='lat' dir='ltr'><strong>cretis</strong></span> <span class='ocrx_word' id='word_1_529' title='bbox 740 3883 801 3922; x_wconf 92' lang='lat' dir='ltr'><strong>os</strong></span> <span class='ocrx_word' id='word_1_530' title='bbox 833 3884 1010 3936; x_wconf 86' lang='lat' dir='ltr'><strong>suum,</strong></span> <span class='ocrx_word' id='word_1_531' title='bbox 1048 3878 1099 3924; x_wconf 89' lang='lat' dir='ltr'><strong>et</strong></span> <span class='ocrx_word' id='word_1_532' title='bbox 1141 3871 1319 3940; x_wconf 80' lang='lat' dir='ltr'><strong>lingua</strong></span> <span class='ocrx_word' id='word_1_533' title='bbox 1347 3888 1536 3928; x_wconf 90' lang='lat' dir='ltr'><strong>eorum</strong></span> <span class='ocrx_word' id='word_1_534' title='bbox 1557 3875 1620 3928; x_wconf 86' lang='lat' dir='ltr'><strong>ad</strong></span> <span class='ocrx_word' id='word_1_535' title='bbox 1656 3885 1852 3931; x_wconf 84' lang='lat' dir='ltr'><strong>terram</strong></span> <span class='ocrx_word' id='word_1_536' title='bbox 1892 3895 2056 3946; x_wconf 88' lang='lat' dir='ltr'><strong>pene-</strong></span> 
     </span>
    </p>
   </div>
   <div class='ocr_carea' id='block_1_70' title="bbox 478 3959 2052 4031">
    <p class='ocr_par' dir='ltr' id='par_1_70' title="bbox 478 3959 2052 4031">
     <span class='ocr_line' id='line_1_70' title="bbox 478 3959 2052 4031; baseline 0.01 -20"><span class='ocrx_word' id='word_1_537' title='bbox 478 3960 662 4013; x_wconf 79' lang='lat' dir='ltr'><strong>travil.</strong></span> <span class='ocrx_word' id='word_1_538' title='bbox 728 3960 792 4012; x_wconf 79' lang='lat' dir='ltr'><strong>At</strong></span> <span class='ocrx_word' id='word_1_539' title='bbox 845 3959 984 4014; x_wconf 85' lang='lat' dir='ltr'><strong>idem</strong></span> <span class='ocrx_word' id='word_1_540' title='bbox 1036 3978 1157 4016; x_wconf 89' lang='lat' dir='ltr'><strong>cum</strong></span> <span class='ocrx_word' id='word_1_541' title='bbox 1226 3973 1375 4031; x_wconf 85' lang='lat' dir='ltr'><strong>patre</strong></span> <span class='ocrx_word' id='word_1_542' title='bbox 1437 3965 1528 4020; x_wconf 87' lang='lat' dir='ltr'><strong>Dei</strong></span> <span class='ocrx_word' id='word_1_543' title='bbox 1596 3967 1794 4023; x_wconf 83' lang='lat' dir='ltr'><strong>Davide</strong></span> <span class='ocrx_word' id='word_1_544' title='bbox 1854 3963 2052 4026; x_wconf 80' lang='lat' dir='ltr'><strong>dicam:</strong></span> 
     </span>
    </p>
   </div>
   <div class='ocr_carea' id='block_1_71' title="bbox 484 4048 2054 4136">
    <p class='ocr_par' dir='ltr' id='par_1_71' title="bbox 484 4048 2054 4136">
     <span class='ocr_line' id='line_1_71' title="bbox 484 4048 2054 4136; baseline 0.011 -35"><span class='ocrx_word' id='word_1_545' title='bbox 484 4048 745 4136; x_wconf 65' lang='lat' dir='ltr'><strong>rPropter</strong></span> <span class='ocrx_word' id='word_1_546' title='bbox 777 4051 995 4108; x_wconf 77' lang='lat' dir='ltr'><strong>fraudes</strong></span> <span class='ocrx_word' id='word_1_547' title='bbox 1026 4070 1216 4110; x_wconf 85' lang='lat' dir='ltr'><strong>eorum</strong></span> <span class='ocrx_word' id='word_1_548' title='bbox 1251 4056 1524 4112; x_wconf 78' lang='lat' dir='ltr'><strong>immisisd</strong></span> <span class='ocrx_word' id='word_1_549' title='bbox 1559 4059 1624 4114; x_wconf 88' lang='lat' dir='ltr'><strong>iis</strong></span> <span class='ocrx_word' id='word_1_550' title='bbox 1647 4062 1810 4129; x_wconf 81' lang='lat' dir='ltr'><strong>mala,</strong></span> <span class='ocrx_word' id='word_1_551' title='bbox 1865 4063 2054 4119; x_wconf 81' lang='lat' dir='ltr'><strong>Domi-</strong></span> 
     </span>
    </p>
   </div>
   <div class='ocr_carea' id='block_1_72' title="bbox 479 4131 2054 4222">
    <p class='ocr_par' dir='ltr' id='par_1_72' title="bbox 479 4131 2054 4222">
     <span class='ocr_line' id='line_1_72' title="bbox 479 4131 2054 4222; baseline 0.011 -29"><span class='ocrx_word' id='word_1_552' title='bbox 479 4131 548 4195; x_wconf 81' lang='lat' dir='ltr'><strong>ne</strong></span> <span class='ocrx_word' id='word_1_553' title='bbox 578 4159 590 4194; x_wconf 94' lang='lat'>:</span> <span class='ocrx_word' id='word_1_554' title='bbox 620 4131 864 4210; x_wconf 68' lang='lat' dir='ltr'><strong>dejeeisti</strong></span> <span class='ocrx_word' id='word_1_555' title='bbox 896 4159 991 4198; x_wconf 90' lang='lat' dir='ltr'><strong>eos</strong></span> <span class='ocrx_word' id='word_1_556' title='bbox 1019 4146 1146 4198; x_wconf 86' lang='lat' dir='ltr'><strong>dum</strong></span> <span class='ocrx_word' id='word_1_557' title='bbox 1178 4161 1235 4200; x_wconf 81' lang='lat' dir='ltr'><strong>se</strong></span> <span class='ocrx_word' id='word_1_558' title='bbox 1263 4145 1515 4202; x_wconf 77' lang='lat' dir='ltr'><strong>efferunt.</strong></span> <span class='ocrx_word' id='word_1_559' title='bbox 1544 4147 1718 4214; x_wconf 85' lang='lat' dir='ltr'><strong>Quam</strong></span> <span class='ocrx_word' id='word_1_560' title='bbox 1753 4154 2054 4222; x_wconf 65' lang='lat' dir='ltr'><strong>praecipites</strong></span> 
     </span>
    </p>
   </div>
   <div class='ocr_carea' id='block_1_73' title="bbox 480 4232 2056 4312">
    <p class='ocr_par' dir='ltr' id='par_1_73' title="bbox 480 4232 2056 4312">
     <span class='ocr_line' id='line_1_73' title="bbox 480 4232 2056 4312; baseline 0.01 -30"><span class='ocrx_word' id='word_1_561' title='bbox 480 4232 591 4284; x_wconf 86' lang='lat' dir='ltr'><strong>dati</strong></span> <span class='ocrx_word' id='word_1_562' title='bbox 625 4234 824 4286; x_wconf 82' lang='lat' dir='ltr'><strong>suntin</strong></span> <span class='ocrx_word' id='word_1_563' title='bbox 861 4233 1169 4288; x_wconf 83' lang='lat' dir='ltr'><strong>miseriam!</strong></span> <span class='ocrx_word' id='word_1_564' title='bbox 1197 4233 1540 4300; x_wconf 78' lang='lat' dir='ltr'><strong>Defeceruut,</strong></span> <span class='ocrx_word' id='word_1_565' title='bbox 1573 4243 1854 4307; x_wconf 87' lang='lat' dir='ltr'><strong>perierunt</strong></span> <span class='ocrx_word' id='word_1_566' title='bbox 1911 4243 2056 4312; x_wconf 81' lang='lat' dir='ltr'><strong>inju-</strong></span> 
     </span>
    </p>
   </div>
   <div class='ocr_carea' id='block_1_74' title="bbox 480 4325 2056 4399">
    <p class='ocr_par' dir='ltr' id='par_1_74' title="bbox 480 4325 2056 4399">
     <span class='ocr_line' id='line_1_74' title="bbox 480 4325 2056 4399; baseline 0.008 -21"><span class='ocrx_word' id='word_1_567' title='bbox 480 4325 623 4378; x_wconf 82' lang='lat' dir='ltr'><strong>stitia</strong></span> <span class='ocrx_word' id='word_1_568' title='bbox 684 4340 803 4390; x_wconf 87' lang='lat' dir='ltr'><strong>sua,</strong></span> <span class='ocrx_word' id='word_1_569' title='bbox 849 4333 1108 4393; x_wconf 87' lang='lat' dir='ltr'><strong>tanquam</strong></span> <span class='ocrx_word' id='word_1_570' title='bbox 1142 4328 1416 4381; x_wconf 82' lang='lat' dir='ltr'><strong>somnium</strong></span> <span class='ocrx_word' id='word_1_571' title='bbox 1447 4332 2056 4399; x_wconf 78' lang='lat' dir='ltr'><strong>expergiscentis.Dete-</strong></span> 
     </span>
    </p>
   </div>
   <div class='ocr_carea' id='block_1_75' title="bbox 479 4410 1840 4486">
    <p class='ocr_par' dir='ltr' id='par_1_75' title="bbox 479 4410 1840 4486">
     <span class='ocr_line' id='line_1_75' title="bbox 479 4410 1840 4486; baseline 0.004 -19"><span class='ocrx_word' id='word_1_572' title='bbox 479 4414 585 4474; x_wconf 78' lang='lat' dir='ltr'><strong>bis,</strong></span> <span class='ocrx_word' id='word_1_573' title='bbox 621 4410 864 4478; x_wconf 85' lang='lat' dir='ltr'><strong>Domine,</strong></span> <span class='ocrx_word' id='word_1_574' title='bbox 899 4416 952 4469; x_wconf 87' lang='lat' dir='ltr'><strong>in</strong></span> <span class='ocrx_word' id='word_1_575' title='bbox 977 4416 1110 4470; x_wconf 84' lang='lat' dir='ltr'><strong>urbe</strong></span> <span class='ocrx_word' id='word_1_576' title='bbox 1143 4427 1229 4468; x_wconf 87' lang='lat' dir='ltr'><strong>tua</strong></span> <span class='ocrx_word' id='word_1_577' title='bbox 1258 4417 1546 4486; x_wconf 84' lang='lat' dir='ltr'><strong>imaginem</strong></span> <span class='ocrx_word' id='word_1_578' title='bbox 1581 4434 1790 4476; x_wconf 86' lang='lat' dir='ltr'><strong>eorum.</strong></span> <span class='ocrx_word' id='word_1_579' title='bbox 1822 4442 1840 4472; x_wconf 70' lang='grc' dir='ltr'><strong>ι</strong></span> 
     </span>
    </p>
   </div>
   <div class='ocr_carea' id='block_1_76' title="bbox 2159 3307 2775 3379">
    <p class='ocr_par' dir='ltr' id='par_1_76' title="bbox 2159 3307 2775 3379">
     <span class='ocr_line' id='line_1_76' title="bbox 2159 3307 2775 3379; baseline -0.008 -16"><span class='ocrx_word' id='word_1_580' title='bbox 2159 3309 2398 3379; x_wconf 80' lang='grc' dir='ltr'>σωθῆναι</span> <span class='ocrx_word' id='word_1_581' title='bbox 2427 3309 2477 3361; x_wconf 78' lang='grc' dir='ltr'>οἱ</span> <span class='ocrx_word' id='word_1_582' title='bbox 2505 3307 2775 3378; x_wconf 83' lang='grc' dir='ltr'>δαίμονες.</span> 
     </span>
    </p>
   </div>
   <div class='ocr_carea' id='block_1_77' title="bbox 2158 3485 3718 3564">
    <p class='ocr_par' dir='ltr' id='par_1_77' title="bbox 2158 3485 3718 3564">
     <span class='ocr_line' id='line_1_77' title="bbox 2158 3485 3718 3564; baseline -0.009 -14"><span class='ocrx_word' id='word_1_583' title='bbox 2158 3496 2260 3550; x_wconf 82' lang='lat' dir='ltr'><strong>mit</strong></span> <span class='ocrx_word' id='word_1_584' title='bbox 2288 3495 2355 3550; x_wconf 83' lang='lat' dir='ltr'><strong>de</strong></span> <span class='ocrx_word' id='word_1_585' title='bbox 2388 3507 2572 3564; x_wconf 74' lang='lat' dir='ltr'><strong>poena.</strong></span> <span class='ocrx_word' id='word_1_586' title='bbox 2605 3489 3034 3548; x_wconf 85' lang='lat' dir='ltr'><strong>Necimmerito.</strong></span> <span class='ocrx_word' id='word_1_587' title='bbox 3070 3486 3202 3542; x_wconf 83' lang='lat' dir='ltr'><strong>Nam</strong></span> <span class='ocrx_word' id='word_1_588' title='bbox 3237 3485 3331 3555; x_wconf 86' lang='lat' dir='ltr'><strong>qui</strong></span> <span class='ocrx_word' id='word_1_589' title='bbox 3360 3493 3578 3555; x_wconf 78' lang='lat' dir='ltr'><strong>promer</strong></span> <span class='ocrx_word' id='word_1_590' title='bbox 3609 3496 3718 3552; x_wconf 69' lang='grc' dir='ltr'><strong>ρων</strong></span> 
     </span>
    </p>
   </div>
   <div class='ocr_carea' id='block_1_78' title="bbox 2161 3577 3715 3650">
    <p class='ocr_par' dir='ltr' id='par_1_78' title="bbox 2161 3577 3715 3650">
     <span class='ocr_line' id='line_1_78' title="bbox 2161 3577 3715 3650; baseline -0.012 -6"><span class='ocrx_word' id='word_1_591' title='bbox 2161 3591 2447 3644; x_wconf 87' lang='lat' dir='ltr'><strong>n-itentiam</strong></span> <span class='ocrx_word' id='word_1_592' title='bbox 2476 3588 2742 3649; x_wconf 81' lang='lat' dir='ltr'><strong>aalvatur,</strong></span> <span class='ocrx_word' id='word_1_593' title='bbox 2778 3583 2937 3637; x_wconf 71' lang='lat' dir='ltr'><strong>factis</strong></span> <span class='ocrx_word' id='word_1_594' title='bbox 2985 3582 3102 3636; x_wconf 90' lang='lat' dir='ltr'><strong>suis</strong></span> <span class='ocrx_word' id='word_1_595' title='bbox 3133 3596 3230 3650; x_wconf 90' lang='lat' dir='ltr'><strong>pro</strong></span> <span class='ocrx_word' id='word_1_596' title='bbox 3269 3579 3482 3632; x_wconf 75' lang='lat' dir='ltr'><strong>viribus</strong></span> <span class='ocrx_word' id='word_1_597' title='bbox 3511 3577 3715 3631; x_wconf 78' lang='lat' dir='ltr'><strong>confert</strong></span> 
     </span>
    </p>
   </div>
   <div class='ocr_carea' id='block_1_79' title="bbox 2157 3670 3717 3744">
    <p class='ocr_par' dir='ltr' id='par_1_79' title="bbox 2157 3670 3717 3744">
     <span class='ocr_line' id='line_1_79' title="bbox 2157 3670 3717 3744; baseline -0.009 -8"><span class='ocrx_word' id='word_1_598' title='bbox 2157 3684 2223 3736; x_wconf 79' lang='lat' dir='ltr'><strong>ad</strong></span> <span class='ocrx_word' id='word_1_599' title='bbox 2258 3682 2492 3736; x_wconf 79' lang='lat' dir='ltr'><strong>salutem</strong></span> <span class='ocrx_word' id='word_1_600' title='bbox 2525 3676 2910 3733; x_wconf 78' lang='lat' dir='ltr'><strong>obtinendam.</strong></span> <span class='ocrx_word' id='word_1_601' title='bbox 2943 3673 3187 3744; x_wconf 81' lang='lat' dir='ltr'><strong>COrpore</strong></span> <span class='ocrx_word' id='word_1_602' title='bbox 3213 3671 3360 3728; x_wconf 88' lang='lat' dir='ltr'><strong>enim</strong></span> <span class='ocrx_word' id='word_1_603' title='bbox 3388 3671 3558 3723; x_wconf 90' lang='lat' dir='ltr'><strong>homo</strong></span> <span class='ocrx_word' id='word_1_604' title='bbox 3589 3670 3717 3722; x_wconf 77' lang='lat' dir='ltr'><strong>face-</strong></span> 
     </span>
    </p>
   </div>
   <div class='ocr_carea' id='block_1_80' title="bbox 2158 3761 3722 3844">
    <p class='ocr_par' dir='ltr' id='par_1_80' title="bbox 2158 3761 3722 3844">
     <span class='ocr_line' id='line_1_80' title="bbox 2158 3761 3722 3844; baseline -0.01 -15"><span class='ocrx_word' id='word_1_605' title='bbox 2158 3792 2238 3840; x_wconf 71' lang='lat' dir='ltr'><strong>re,</strong></span> <span class='ocrx_word' id='word_1_606' title='bbox 2265 3774 2409 3844; x_wconf 88' lang='lat' dir='ltr'><strong>quod</strong></span> <span class='ocrx_word' id='word_1_607' title='bbox 2446 3773 2584 3832; x_wconf 81' lang='lat' dir='ltr'><strong>vult,</strong></span> <span class='ocrx_word' id='word_1_608' title='bbox 2631 3785 2738 3824; x_wconf 91' lang='lat' dir='ltr'><strong>non</strong></span> <span class='ocrx_word' id='word_1_609' title='bbox 2775 3777 2970 3838; x_wconf 78' lang='lat' dir='ltr'><strong>potest,</strong></span> <span class='ocrx_word' id='word_1_610' title='bbox 3002 3766 3148 3821; x_wconf 83' lang='lat' dir='ltr'><strong>velut</strong></span> <span class='ocrx_word' id='word_1_611' title='bbox 3179 3780 3208 3818; x_wconf 90' lang='lat' dir='ltr'><strong>a</strong></span> <span class='ocrx_word' id='word_1_612' title='bbox 3256 3763 3451 3817; x_wconf 91' lang='lat' dir='ltr'><strong>morbo</strong></span> <span class='ocrx_word' id='word_1_613' title='bbox 3497 3761 3606 3815; x_wconf 83' lang='lat' dir='ltr'><strong>sibi</strong></span> <span class='ocrx_word' id='word_1_614' title='bbox 3639 3775 3722 3814; x_wconf 83' lang='lat' dir='ltr'><strong>ca-</strong></span> 
     </span>
    </p>
   </div>
   <div class='ocr_carea' id='block_1_81' title="bbox 2163 3853 3721 3934">
    <p class='ocr_par' dir='ltr' id='par_1_81' title="bbox 2163 3853 3721 3934">
     <span class='ocr_line' id='line_1_81' title="bbox 2163 3853 3721 3934; baseline -0.012 -12"><span class='ocrx_word' id='word_1_615' title='bbox 2163 3872 2306 3931; x_wconf 85' lang='lat' dir='ltr'><strong>vere,</strong></span> <span class='ocrx_word' id='word_1_616' title='bbox 2342 3875 2457 3928; x_wconf 89' lang='lat' dir='ltr'><strong>aut,</strong></span> <span class='ocrx_word' id='word_1_617' title='bbox 2487 3873 2775 3934; x_wconf 79' lang='lat' dir='ltr'><strong>postquam</strong></span> <span class='ocrx_word' id='word_1_618' title='bbox 2801 3859 2995 3914; x_wconf 82' lang='lat' dir='ltr'><strong>incidit</strong></span> <span class='ocrx_word' id='word_1_619' title='bbox 3027 3859 3082 3912; x_wconf 91' lang='lat' dir='ltr'><strong>in</strong></span> <span class='ocrx_word' id='word_1_620' title='bbox 3115 3858 3397 3918; x_wconf 88' lang='lat' dir='ltr'><strong>morbum,</strong></span> <span class='ocrx_word' id='word_1_621' title='bbox 3436 3853 3721 3923; x_wconf 77' lang='lat' dir='ltr'><strong>pristinam</strong></span> 
     </span>
    </p>
   </div>
   <div class='ocr_carea' id='block_1_82' title="bbox 2158 3944 3723 4018">
    <p class='ocr_par' dir='ltr' id='par_1_82' title="bbox 2158 3944 3723 4018">
     <span class='ocr_line' id='line_1_82' title="bbox 2158 3944 3723 4018; baseline -0.013 -4"><span class='ocrx_word' id='word_1_622' title='bbox 2158 3959 2533 4015; x_wconf 75' lang='lat' dir='ltr'><strong>valetudinem</strong></span> <span class='ocrx_word' id='word_1_623' title='bbox 2562 3955 2626 4010; x_wconf 90' lang='lat' dir='ltr'><strong>ad</strong></span> <span class='ocrx_word' id='word_1_624' title='bbox 2669 3953 2960 4008; x_wconf 80' lang='lat' dir='ltr'><strong>arbitrium</strong></span> <span class='ocrx_word' id='word_1_625' title='bbox 2989 3962 3319 4018; x_wconf 86' lang='lat' dir='ltr'><strong>recuperare</strong></span> <span class='ocrx_word' id='word_1_626' title='bbox 3344 3964 3360 4011; x_wconf 90' lang='lat'><strong>;</strong></span> <span class='ocrx_word' id='word_1_627' title='bbox 3390 3954 3583 4003; x_wconf 86' lang='lat' dir='ltr'><strong>contra</strong></span> <span class='ocrx_word' id='word_1_628' title='bbox 3608 3944 3723 3998; x_wconf 83' lang='lat' dir='ltr'><strong>ani-</strong></span> 
     </span>
    </p>
   </div>
   <div class='ocr_carea' id='block_1_83' title="bbox 2160 4043 3722 4106">
    <p class='ocr_par' dir='ltr' id='par_1_83' title="bbox 2160 4043 3722 4106">
     <span class='ocr_line' id='line_1_83' title="bbox 2160 4043 3722 4106; baseline -0.014 0"><span class='ocrx_word' id='word_1_629' title='bbox 2160 4067 2250 4106; x_wconf 89' lang='lat' dir='ltr'><strong>mo</strong></span> <span class='ocrx_word' id='word_1_630' title='bbox 2288 4047 2434 4105; x_wconf 89' lang='lat' dir='ltr'><strong>omni</strong></span> <span class='ocrx_word' id='word_1_631' title='bbox 2465 4045 2673 4101; x_wconf 84' lang='lat' dir='ltr'><strong>homini</strong></span> <span class='ocrx_word' id='word_1_632' title='bbox 2704 4043 2832 4096; x_wconf 90' lang='lat' dir='ltr'><strong>licet</strong></span> <span class='ocrx_word' id='word_1_633' title='bbox 2866 4056 2930 4096; x_wconf 81' lang='lat' dir='ltr'><strong>ac</strong></span> <span class='ocrx_word' id='word_1_634' title='bbox 2969 4053 3291 4094; x_wconf 88' lang='lat' dir='ltr'><strong>concessum</strong></span> <span class='ocrx_word' id='word_1_635' title='bbox 3324 4044 3410 4091; x_wconf 85' lang='lat' dir='ltr'><strong>est</strong></span> <span class='ocrx_word' id='word_1_636' title='bbox 3443 4044 3722 4105; x_wconf 82' lang='lat' dir='ltr'><strong>peccatum</strong></span> 
     </span>
    </p>
   </div>
   <div class='ocr_carea' id='block_1_84' title="bbox 2159 4125 3726 4208">
    <p class='ocr_par' dir='ltr' id='par_1_84' title="bbox 2159 4125 3726 4208">
     <span class='ocr_line' id='line_1_84' title="bbox 2159 4125 3726 4208; baseline -0.014 -12"><span class='ocrx_word' id='word_1_637' title='bbox 2159 4143 2355 4204; x_wconf 81' lang='lat' dir='ltr'><strong>vitare,</strong></span> <span class='ocrx_word' id='word_1_638' title='bbox 2389 4136 2482 4208; x_wconf 88' lang='lat' dir='ltr'><strong>qui</strong></span> <span class='ocrx_word' id='word_1_639' title='bbox 2515 4134 2738 4190; x_wconf 87' lang='lat' dir='ltr'><strong>morbus</strong></span> <span class='ocrx_word' id='word_1_640' title='bbox 2779 4132 2946 4186; x_wconf 84' lang='lat' dir='ltr'><strong>animi</strong></span> <span class='ocrx_word' id='word_1_641' title='bbox 2983 4138 3087 4192; x_wconf 87' lang='lat' dir='ltr'><strong>est,</strong></span> <span class='ocrx_word' id='word_1_642' title='bbox 3120 4137 3234 4191; x_wconf 87' lang='lat' dir='ltr'><strong>aut,</strong></span> <span class='ocrx_word' id='word_1_643' title='bbox 3263 4129 3307 4182; x_wconf 89' lang='lat' dir='ltr'><strong>si</strong></span> <span class='ocrx_word' id='word_1_644' title='bbox 3345 4125 3611 4195; x_wconf 81' lang='lat' dir='ltr'><strong>peccavit,</strong></span> <span class='ocrx_word' id='word_1_645' title='bbox 3644 4138 3726 4176; x_wconf 84' lang='lat' dir='ltr'><strong>re—</strong></span> 
     </span>
    </p>
   </div>
   <div class='ocr_carea' id='block_1_85' title="bbox 2160 4211 3724 4290">
    <p class='ocr_par' dir='ltr' id='par_1_85' title="bbox 2160 4211 3724 4290">
     <span class='ocr_line' id='line_1_85' title="bbox 2160 4211 3724 4290; baseline -0.015 -3"><span class='ocrx_word' id='word_1_646' title='bbox 2160 4245 2360 4287; x_wconf 74' lang='lat' dir='ltr'><strong>vocare</strong></span> <span class='ocrx_word' id='word_1_647' title='bbox 2396 4245 2454 4284; x_wconf 86' lang='lat' dir='ltr'><strong>se</strong></span> <span class='ocrx_word' id='word_1_648' title='bbox 2476 4235 2533 4282; x_wconf 86' lang='lat' dir='ltr'><strong>et</strong></span> <span class='ocrx_word' id='word_1_649' title='bbox 2557 4241 2666 4280; x_wconf 88' lang='lat' dir='ltr'><strong>non</strong></span> <span class='ocrx_word' id='word_1_650' title='bbox 2689 4223 2867 4278; x_wconf 89' lang='lat' dir='ltr'><strong>solum</strong></span> <span class='ocrx_word' id='word_1_651' title='bbox 2891 4235 3220 4290; x_wconf 86' lang='lat' dir='ltr'><strong>recuperare</strong></span> <span class='ocrx_word' id='word_1_652' title='bbox 3245 4217 3532 4286; x_wconf 84' lang='lat' dir='ltr'><strong>pristinam</strong></span> <span class='ocrx_word' id='word_1_653' title='bbox 3555 4211 3724 4269; x_wconf 85' lang='lat' dir='ltr'><strong>animi</strong></span> 
     </span>
    </p>
   </div>
   <div class='ocr_carea' id='block_1_86' title="bbox 2161 4312 3726 4389">
    <p class='ocr_par' dir='ltr' id='par_1_86' title="bbox 2161 4312 3726 4389">
     <span class='ocr_line' id='line_1_86' title="bbox 2161 4312 3726 4389; baseline -0.013 -7"><span class='ocrx_word' id='word_1_654' title='bbox 2161 4325 2554 4389; x_wconf 78' lang='lat' dir='ltr'><strong>valetudinem,</strong></span> <span class='ocrx_word' id='word_1_655' title='bbox 2578 4321 2672 4376; x_wconf 85' lang='lat' dir='ltr'><strong>sed</strong></span> <span class='ocrx_word' id='word_1_656' title='bbox 2697 4320 2860 4374; x_wconf 87' lang='lat' dir='ltr'><strong>etiam</strong></span> <span class='ocrx_word' id='word_1_657' title='bbox 2886 4319 3046 4386; x_wconf 77' lang='lat' dir='ltr'><strong>longe</strong></span> <span class='ocrx_word' id='word_1_658' title='bbox 3070 4315 3362 4369; x_wconf 87' lang='lat' dir='ltr'><strong>lirmiorem</strong></span> <span class='ocrx_word' id='word_1_659' title='bbox 3390 4312 3493 4366; x_wconf 88' lang='lat' dir='ltr'><strong>sibi</strong></span> <span class='ocrx_word' id='word_1_660' title='bbox 3517 4325 3726 4380; x_wconf 81' lang='lat' dir='ltr'><strong>parare,</strong></span> 
     </span>
    </p>
   </div>
   <div class='ocr_carea' id='block_1_87' title="bbox 2163 4405 3721 4486">
    <p class='ocr_par' dir='ltr' id='par_1_87' title="bbox 2163 4405 3721 4486">
     <span class='ocr_line' id='line_1_87' title="bbox 2163 4405 3721 4486; baseline -0.01 -15"><span class='ocrx_word' id='word_1_661' title='bbox 2163 4431 2324 4486; x_wconf 87' lang='lat' dir='ltr'><strong>atque</strong></span> <span class='ocrx_word' id='word_1_662' title='bbox 2354 4423 2449 4468; x_wconf 86' lang='lat' dir='ltr'><strong>aut</strong></span> <span class='ocrx_word' id='word_1_663' title='bbox 2480 4427 2602 4466; x_wconf 90' lang='lat' dir='ltr'><strong>cum</strong></span> <span class='ocrx_word' id='word_1_664' title='bbox 2637 4410 2986 4480; x_wconf 66' lang='lat' dir='ltr'><strong>paenitentia,</strong></span> <span class='ocrx_word' id='word_1_665' title='bbox 3017 4415 3075 4461; x_wconf 83' lang='lat' dir='ltr'><strong>ut</strong></span> <span class='ocrx_word' id='word_1_666' title='bbox 3097 4406 3234 4470; x_wconf 65' lang='lat' dir='ltr'><strong>dixi,</strong></span> <span class='ocrx_word' id='word_1_667' title='bbox 3263 4420 3430 4474; x_wconf 76' lang='lat' dir='ltr'><strong>opera</strong></span> <span class='ocrx_word' id='word_1_668' title='bbox 3464 4405 3721 4459; x_wconf 77' lang='lat' dir='ltr'><strong>salutaria</strong></span> 
     </span>
    </p>
   </div>
   <div class='ocr_carea' id='block_1_88' title="bbox 555 4498 3728 4604">
    <p class='ocr_par' dir='ltr' id='par_1_88' title="bbox 555 4498 3728 4604">
     <span class='ocr_line' id='line_1_88' title="bbox 555 4498 3728 4604; baseline -0.003 -44"><span class='ocrx_word' id='word_1_669' title='bbox 555 4507 758 4561; x_wconf 85' lang='lat' dir='ltr'><strong>Eodem</strong></span> <span class='ocrx_word' id='word_1_670' title='bbox 785 4506 963 4576; x_wconf 78' lang='lat' dir='ltr'><strong>capite</strong></span> <span class='ocrx_word' id='word_1_671' title='bbox 990 4506 1324 4564; x_wconf 83' lang='lat' dir='ltr'><strong>Moliametes</strong></span> <span class='ocrx_word' id='word_1_672' title='bbox 1355 4509 1632 4565; x_wconf 76' lang='lat' dir='ltr'><strong>dzemones</strong></span> <span class='ocrx_word' id='word_1_673' title='bbox 1661 4513 1933 4569; x_wconf 82' lang='lat' dir='ltr'><strong>salvatum</strong></span> <span class='ocrx_word' id='word_1_674' title='bbox 1983 4517 2053 4570; x_wconf 87' lang='lat' dir='ltr'><strong>iri</strong></span> <span class='ocrx_word' id='word_1_675' title='bbox 2087 4550 2132 4604; x_wconf 64' lang='grc' dir='ltr'><strong>υ</strong></span> <span class='ocrx_word' id='word_1_676' title='bbox 2167 4511 2354 4571; x_wconf 85' lang='lat' dir='ltr'><strong>edere,</strong></span> <span class='ocrx_word' id='word_1_677' title='bbox 2402 4513 2496 4559; x_wconf 88' lang='lat' dir='ltr'><strong>aut</strong></span> <span class='ocrx_word' id='word_1_678' title='bbox 2533 4506 2703 4559; x_wconf 84' lang='lat' dir='ltr'><strong>solam</strong></span> <span class='ocrx_word' id='word_1_679' title='bbox 2742 4502 2907 4564; x_wconf 82' lang='lat' dir='ltr'><strong>viam,</strong></span> <span class='ocrx_word' id='word_1_680' title='bbox 2962 4513 3022 4554; x_wconf 86' lang='lat' dir='ltr'><strong>ut</strong></span> <span class='ocrx_word' id='word_1_681' title='bbox 3059 4500 3237 4564; x_wconf 89' lang='lat' dir='ltr'><strong>aiunt,</strong></span> <span class='ocrx_word' id='word_1_682' title='bbox 3289 4498 3624 4567; x_wconf 59' lang='lat' dir='ltr'><strong>paenitentia;</strong></span> <span class='ocrx_word' id='word_1_683' title='bbox 3650 4505 3728 4550; x_wconf 59' lang='lat' dir='ltr'><strong>te.</strong></span> 
     </span>
    </p>
   </div>
   <div class='ocr_carea' id='block_1_89' title="bbox 482 4598 2052 4669">
    <p class='ocr_par' dir='ltr' id='par_1_89' title="bbox 482 4598 2052 4669">
     <span class='ocr_line' id='line_1_89' title="bbox 482 4598 2052 4669; baseline 0.008 -21"><span class='ocrx_word' id='word_1_684' title='bbox 482 4600 638 4661; x_wconf 69' lang='lat' dir='ltr'><strong>dicit,</strong></span> <span class='ocrx_word' id='word_1_685' title='bbox 680 4598 972 4669; x_wconf 79' lang='lat' dir='ltr'><strong>Origenem</strong></span> <span class='ocrx_word' id='word_1_686' title='bbox 1036 4601 1352 4654; x_wconf 75' lang='lat' dir='ltr'><strong>hzereticum</strong></span> <span class='ocrx_word' id='word_1_687' title='bbox 1393 4612 1639 4657; x_wconf 84' lang='lat' dir='ltr'><strong>secutus.</strong></span> <span class='ocrx_word' id='word_1_688' title='bbox 1694 4604 1849 4669; x_wconf 83' lang='lat' dir='ltr'><strong>Quod</strong></span> <span class='ocrx_word' id='word_1_689' title='bbox 1905 4608 2052 4661; x_wconf 88' lang='lat' dir='ltr'><strong>enim</strong></span> 
     </span>
    </p>
   </div>
   <div class='ocr_carea' id='block_1_90' title="bbox 482 4692 2056 4762">
    <p class='ocr_par' dir='ltr' id='par_1_90' title="bbox 482 4692 2056 4762">
     <span class='ocr_line' id='line_1_90' title="bbox 482 4692 2056 4762; baseline 0.006 -17"><span class='ocrx_word' id='word_1_690' title='bbox 482 4692 592 4745; x_wconf 86' lang='lat' dir='ltr'><strong>alio</strong></span> <span class='ocrx_word' id='word_1_691' title='bbox 627 4692 748 4746; x_wconf 94' lang='lat' dir='ltr'><strong>loco</strong></span> <span class='ocrx_word' id='word_1_692' title='bbox 783 4699 992 4757; x_wconf 85' lang='lat' dir='ltr'><strong>narrat,</strong></span> <span class='ocrx_word' id='word_1_693' title='bbox 1025 4693 1224 4748; x_wconf 80' lang='lat' dir='ltr'><strong>Inultos</strong></span> <span class='ocrx_word' id='word_1_694' title='bbox 1266 4695 1563 4756; x_wconf 58' lang='lat' dir='ltr'><strong>da‘moues.</strong></span> <span class='ocrx_word' id='word_1_695' title='bbox 1603 4696 1694 4762; x_wconf 89' lang='lat' dir='ltr'><strong>qui</strong></span> <span class='ocrx_word' id='word_1_696' title='bbox 1727 4695 2056 4754; x_wconf 81' lang='lat' dir='ltr'><strong>Mohametis</strong></span> 
     </span>
    </p>
   </div>
   <div class='ocr_carea' id='block_1_91' title="bbox 483 4781 2057 4852">
    <p class='ocr_par' dir='ltr' id='par_1_91' title="bbox 483 4781 2057 4852">
     <span class='ocr_line' id='line_1_91' title="bbox 483 4781 2057 4852; baseline 0.006 -16"><span class='ocrx_word' id='word_1_697' title='bbox 483 4783 754 4836; x_wconf 81' lang='lat' dir='ltr'><strong>Cor-auem</strong></span> <span class='ocrx_word' id='word_1_698' title='bbox 784 4781 1000 4852; x_wconf 74' lang='lat' dir='ltr'><strong>prtelegi</strong></span> <span class='ocrx_word' id='word_1_699' title='bbox 1030 4782 1304 4851; x_wconf 87' lang='lat' dir='ltr'><strong>audirent,</strong></span> <span class='ocrx_word' id='word_1_700' title='bbox 1337 4799 1459 4839; x_wconf 92' lang='lat' dir='ltr'><strong>eum</strong></span> <span class='ocrx_word' id='word_1_701' title='bbox 1487 4784 1690 4840; x_wconf 88' lang='lat' dir='ltr'><strong>librum</strong></span> <span class='ocrx_word' id='word_1_702' title='bbox 1719 4787 1973 4845; x_wconf 84' lang='lat' dir='ltr'><strong>laudasse</strong></span> <span class='ocrx_word' id='word_1_703' title='bbox 2001 4800 2057 4846; x_wconf 86' lang='lat' dir='ltr'><strong>et</strong></span> 
     </span>
    </p>
   </div>
   <div class='ocr_carea' id='block_1_92' title="bbox 482 4869 2052 4938">
    <p class='ocr_par' dir='ltr' id='par_1_92' title="bbox 482 4869 2052 4938">
     <span class='ocr_line' id='line_1_92' title="bbox 482 4869 2052 4938; baseline 0.005 -12"><span class='ocrx_word' id='word_1_704' title='bbox 482 4869 784 4930; x_wconf 81' lang='lat' dir='ltr'><strong>admiratos</strong></span> <span class='ocrx_word' id='word_1_705' title='bbox 818 4878 960 4938; x_wconf 79' lang='lat' dir='ltr'><strong>esse,</strong></span> <span class='ocrx_word' id='word_1_706' title='bbox 999 4883 1057 4928; x_wconf 79' lang='lat' dir='ltr'><strong>et</strong></span> <span class='ocrx_word' id='word_1_707' title='bbox 1092 4873 1199 4929; x_wconf 78' lang='lat' dir='ltr'><strong>[ide</strong></span> <span class='ocrx_word' id='word_1_708' title='bbox 1235 4875 1283 4929; x_wconf 92' lang='lat' dir='ltr'><strong>ei</strong></span> <span class='ocrx_word' id='word_1_709' title='bbox 1315 4876 1564 4932; x_wconf 85' lang='lat' dir='ltr'><strong>habenda</strong></span> <span class='ocrx_word' id='word_1_710' title='bbox 1595 4893 1718 4933; x_wconf 87' lang='lat' dir='ltr'><strong>esse</strong></span> <span class='ocrx_word' id='word_1_711' title='bbox 1763 4880 2004 4936; x_wconf 80' lang='lat' dir='ltr'><strong>salvatos</strong></span> <span class='ocrx_word' id='word_1_712' title='bbox 2038 4899 2052 4934; x_wconf 90' lang='lat'><strong>:</strong></span> 
     </span>
    </p>
   </div>
   <div class='ocr_carea' id='block_1_93' title="bbox 482 4967 2057 5037">
    <p class='ocr_par' dir='ltr' id='par_1_93' title="bbox 482 4967 2057 5037">
     <span class='ocr_line' id='line_1_93' title="bbox 482 4967 2057 5037; baseline 0.006 -18"><span class='ocrx_word' id='word_1_713' title='bbox 482 4982 630 5021; x_wconf 89' lang='lat' dir='ltr'><strong>nunc</strong></span> <span class='ocrx_word' id='word_1_714' title='bbox 652 4967 873 5037; x_wconf 87' lang='lat' dir='ltr'><strong>quidem</strong></span> <span class='ocrx_word' id='word_1_715' title='bbox 909 4983 1016 5022; x_wconf 90' lang='lat' dir='ltr'><strong>non</strong></span> <span class='ocrx_word' id='word_1_716' title='bbox 1052 4967 1190 5022; x_wconf 85' lang='lat' dir='ltr'><strong>idem</strong></span> <span class='ocrx_word' id='word_1_717' title='bbox 1219 4968 1372 5032; x_wconf 88' lang='lat' dir='ltr'><strong>dicit,</strong></span> <span class='ocrx_word' id='word_1_718' title='bbox 1402 4969 1495 5024; x_wconf 88' lang='lat' dir='ltr'><strong>sed</strong></span> <span class='ocrx_word' id='word_1_719' title='bbox 1531 4972 1585 5024; x_wconf 93' lang='lat' dir='ltr'><strong>in</strong></span> <span class='ocrx_word' id='word_1_720' title='bbox 1617 4972 1932 5027; x_wconf 77' lang='lat' dir='ltr'><strong>universum</strong></span> <span class='ocrx_word' id='word_1_721' title='bbox 1961 4975 2057 5029; x_wconf 88' lang='lat' dir='ltr'><strong>do-</strong></span> 
     </span>
    </p>
   </div>
   <div class='ocr_carea' id='block_1_94' title="bbox 481 5056 2060 5121">
    <p class='ocr_par' dir='ltr' id='par_1_94' title="bbox 481 5056 2060 5121">
     <span class='ocr_line' id='line_1_94' title="bbox 481 5056 2060 5121; baseline 0.004 -10"><span class='ocrx_word' id='word_1_722' title='bbox 481 5067 588 5121; x_wconf 74' lang='lat' dir='ltr'><strong>tet,</strong></span> <span class='ocrx_word' id='word_1_723' title='bbox 621 5059 901 5113; x_wconf 83' lang='lat' dir='ltr'><strong>daemones</strong></span> <span class='ocrx_word' id='word_1_724' title='bbox 925 5058 1108 5112; x_wconf 76' lang='lat' dir='ltr'><strong>salvos</strong></span> <span class='ocrx_word' id='word_1_725' title='bbox 1142 5057 1280 5112; x_wconf 80' lang='lat' dir='ltr'><strong>tore.</strong></span> <span class='ocrx_word' id='word_1_726' title='bbox 1312 5056 1371 5112; x_wconf 91' lang='lat' dir='ltr'><strong>Si</strong></span> <span class='ocrx_word' id='word_1_727' title='bbox 1404 5062 1551 5114; x_wconf 88' lang='lat' dir='ltr'><strong>enim</strong></span> <span class='ocrx_word' id='word_1_728' title='bbox 1595 5076 1736 5117; x_wconf 91' lang='lat' dir='ltr'><strong>unus</strong></span> <span class='ocrx_word' id='word_1_729' title='bbox 1766 5079 1831 5116; x_wconf 81' lang='lat' dir='ltr'><strong>ex</strong></span> <span class='ocrx_word' id='word_1_730' title='bbox 1863 5078 2060 5117; x_wconf 83' lang='lat' dir='ltr'><strong>eorum</strong></span> 
     </span>
    </p>
   </div>
   <div class='ocr_carea' id='block_1_95' title="bbox 483 5150 2052 5222">
    <p class='ocr_par' dir='ltr' id='par_1_95' title="bbox 483 5150 2052 5222">
     <span class='ocr_line' id='line_1_95' title="bbox 483 5150 2052 5222; baseline 0.006 -22"><span class='ocrx_word' id='word_1_731' title='bbox 483 5150 680 5206; x_wconf 81' lang='lat' dir='ltr'><strong>ordine</strong></span> <span class='ocrx_word' id='word_1_732' title='bbox 712 5152 909 5206; x_wconf 71' lang='lat' dir='ltr'><strong>saivari</strong></span> <span class='ocrx_word' id='word_1_733' title='bbox 948 5160 1150 5217; x_wconf 86' lang='lat' dir='ltr'><strong>potest,</strong></span> <span class='ocrx_word' id='word_1_734' title='bbox 1191 5166 1387 5205; x_wconf 89' lang='lat' dir='ltr'><strong>omnes</strong></span> <span class='ocrx_word' id='word_1_735' title='bbox 1417 5152 1615 5207; x_wconf 80' lang='lat' dir='ltr'><strong>salvari</strong></span> <span class='ocrx_word' id='word_1_736' title='bbox 1651 5165 1903 5222; x_wconf 86' lang='lat' dir='ltr'><strong>possunt.</strong></span> <span class='ocrx_word' id='word_1_737' title='bbox 1947 5156 2052 5209; x_wconf 86' lang='lat' dir='ltr'><strong>Sed</strong></span> 
     </span>
    </p>
   </div>
   <div class='ocr_carea' id='block_1_96' title="bbox 483 5243 2057 5313">
    <p class='ocr_par' dir='ltr' id='par_1_96' title="bbox 483 5243 2057 5313">
     <span class='ocr_line' id='line_1_96' title="bbox 483 5243 2057 5313; baseline 0.001 -17"><span class='ocrx_word' id='word_1_738' title='bbox 483 5243 629 5296; x_wconf 85' lang='lat' dir='ltr'><strong>sicut</strong></span> <span class='ocrx_word' id='word_1_739' title='bbox 681 5243 863 5297; x_wconf 79' lang='lat' dir='ltr'><strong>ubivis</strong></span> <span class='ocrx_word' id='word_1_740' title='bbox 921 5257 1110 5296; x_wconf 87' lang='lat' dir='ltr'><strong>secum</strong></span> <span class='ocrx_word' id='word_1_741' title='bbox 1166 5250 1372 5313; x_wconf 71' lang='lat' dir='ltr'><strong>pugnat</strong></span> <span class='ocrx_word' id='word_1_742' title='bbox 1417 5250 1474 5295; x_wconf 81' lang='lat' dir='ltr'><strong>et</strong></span> <span class='ocrx_word' id='word_1_743' title='bbox 1524 5243 1802 5306; x_wconf 85' lang='lat' dir='ltr'><strong>dissentit,</strong></span> <span class='ocrx_word' id='word_1_744' title='bbox 1845 5244 1921 5298; x_wconf 86' lang='lat' dir='ltr'><strong>ita</strong></span> <span class='ocrx_word' id='word_1_745' title='bbox 1970 5244 2057 5298; x_wconf 93' lang='lat' dir='ltr'><strong>hic</strong></span> 
     </span>
    </p>
   </div>
   <div class='ocr_carea' id='block_1_97' title="bbox 480 5332 2054 5404">
    <p class='ocr_par' dir='ltr' id='par_1_97' title="bbox 480 5332 2054 5404">
     <span class='ocr_line' id='line_1_97' title="bbox 480 5332 2054 5404; baseline 0.001 -16"><span class='ocrx_word' id='word_1_746' title='bbox 480 5349 725 5402; x_wconf 85' lang='lat' dir='ltr'><strong>quoque.</strong></span> <span class='ocrx_word' id='word_1_747' title='bbox 763 5332 895 5386; x_wconf 83' lang='lat' dir='ltr'><strong>Nam</strong></span> <span class='ocrx_word' id='word_1_748' title='bbox 926 5349 1048 5387; x_wconf 84' lang='lat' dir='ltr'><strong>cum</strong></span> <span class='ocrx_word' id='word_1_749' title='bbox 1082 5335 1196 5402; x_wconf 91' lang='lat' dir='ltr'><strong>ipse</strong></span> <span class='ocrx_word' id='word_1_750' title='bbox 1227 5344 1280 5386; x_wconf 88' lang='lat' dir='ltr'><strong>et</strong></span> <span class='ocrx_word' id='word_1_751' title='bbox 1307 5335 1528 5389; x_wconf 81' lang='lat' dir='ltr'><strong>asseclae</strong></span> <span class='ocrx_word' id='word_1_752' title='bbox 1559 5334 1678 5404; x_wconf 89' lang='lat' dir='ltr'><strong>ejus</strong></span> <span class='ocrx_word' id='word_1_753' title='bbox 1699 5335 2054 5404; x_wconf 79' lang='lat' dir='ltr'><strong>Evangelium</strong></span> 
     </span>
    </p>
   </div>
   <div class='ocr_carea' id='block_1_98' title="bbox 484 5425 2062 5495">
    <p class='ocr_par' dir='ltr' id='par_1_98' title="bbox 484 5425 2062 5495">
     <span class='ocr_line' id='line_1_98' title="bbox 484 5425 2062 5495; baseline 0.001 -15"><span class='ocrx_word' id='word_1_754' title='bbox 484 5427 712 5481; x_wconf 91' lang='lat' dir='ltr'><strong>omnino</strong></span> <span class='ocrx_word' id='word_1_755' title='bbox 742 5425 1067 5495; x_wconf 84' lang='lat' dir='ltr'><strong>perfectum,</strong></span> <span class='ocrx_word' id='word_1_756' title='bbox 1095 5436 1348 5480; x_wconf 83' lang='lat' dir='ltr'><strong>sanctum</strong></span> <span class='ocrx_word' id='word_1_757' title='bbox 1377 5436 1430 5480; x_wconf 89' lang='lat' dir='ltr'><strong>et</strong></span> <span class='ocrx_word' id='word_1_758' title='bbox 1456 5427 1699 5482; x_wconf 87' lang='lat' dir='ltr'><strong>salutare</strong></span> <span class='ocrx_word' id='word_1_759' title='bbox 1725 5443 1855 5482; x_wconf 88' lang='lat' dir='ltr'><strong>esse</strong></span> <span class='ocrx_word' id='word_1_760' title='bbox 1875 5429 2062 5482; x_wconf 76' lang='lat' dir='ltr'><strong>dicant:</strong></span> 
     </span>
    </p>
   </div>
   <div class='ocr_carea' id='block_1_99' title="bbox 399 5514 2062 5588">
    <p class='ocr_par' dir='ltr' id='par_1_99' title="bbox 399 5514 2062 5588">
     <span class='ocr_line' id='line_1_99' title="bbox 399 5514 2062 5588; baseline 0.001 -18"><span class='ocrx_word' id='word_1_761' title='bbox 399 5565 401 5570; x_wconf 90' lang='lat'><strong>.</strong></span> <span class='ocrx_word' id='word_1_762' title='bbox 484 5527 544 5571; x_wconf 89' lang='lat' dir='ltr'><strong>ut</strong></span> <span class='ocrx_word' id='word_1_763' title='bbox 573 5517 882 5572; x_wconf 84' lang='lat' dir='ltr'><strong>doctrinam</strong></span> <span class='ocrx_word' id='word_1_764' title='bbox 912 5514 1140 5579; x_wconf 85' lang='lat' dir='ltr'><strong>Christi,</strong></span> <span class='ocrx_word' id='word_1_765' title='bbox 1175 5531 1342 5581; x_wconf 89' lang='lat' dir='ltr'><strong>nunc,</strong></span> <span class='ocrx_word' id='word_1_766' title='bbox 1378 5527 1437 5570; x_wconf 89' lang='lat' dir='ltr'><strong>ut</strong></span> <span class='ocrx_word' id='word_1_767' title='bbox 1461 5533 1626 5588; x_wconf 65' lang='lat' dir='ltr'><strong>saepe,</strong></span> <span class='ocrx_word' id='word_1_768' title='bbox 1656 5518 1782 5572; x_wconf 86' lang='lat' dir='ltr'><strong>huic</strong></span> <span class='ocrx_word' id='word_1_769' title='bbox 1813 5518 2062 5587; x_wconf 76' lang='lat' dir='ltr'><strong>generali</strong></span> 
     </span>
    </p>
   </div>
   <div class='ocr_carea' id='block_1_100' title="bbox 487 5607 2049 5676">
    <p class='ocr_par' dir='ltr' id='par_1_100' title="bbox 487 5607 2049 5676">
     <span class='ocr_line' id='line_1_100' title="bbox 487 5607 2049 5676; baseline -0.002 -11"><span class='ocrx_word' id='word_1_770' title='bbox 487 5610 771 5665; x_wconf 67' lang='lat' dir='ltr'><strong>sententia:</strong></span> <span class='ocrx_word' id='word_1_771' title='bbox 815 5609 1092 5662; x_wconf 82' lang='lat' dir='ltr'><strong>contraria</strong></span> <span class='ocrx_word' id='word_1_772' title='bbox 1136 5608 1440 5676; x_wconf 78' lang='lat' dir='ltr'><strong>proferunt.</strong></span> <span class='ocrx_word' id='word_1_773' title='bbox 1483 5607 1738 5663; x_wconf 80' lang='lat' dir='ltr'><strong>Christus</strong></span> <span class='ocrx_word' id='word_1_774' title='bbox 1776 5610 1923 5664; x_wconf 84' lang='lat' dir='ltr'><strong>enim</strong></span> <span class='ocrx_word' id='word_1_775' title='bbox 1955 5623 2049 5676; x_wconf 80' lang='lat' dir='ltr'><strong>ge-</strong></span> 
     </span>
    </p>
   </div>
   <div class='ocr_carea' id='block_1_101' title="bbox 485 5699 2054 5772">
    <p class='ocr_par' dir='ltr' id='par_1_101' title="bbox 485 5699 2054 5772">
     <span class='ocr_line' id='line_1_101' title="bbox 485 5699 2054 5772; baseline -0.002 -18"><span class='ocrx_word' id='word_1_776' title='bbox 485 5704 663 5757; x_wconf 72' lang='lat' dir='ltr'><strong>henua</strong></span> <span class='ocrx_word' id='word_1_777' title='bbox 693 5702 870 5772; x_wconf 83' lang='lat' dir='ltr'><strong>dignis</strong></span> <span class='ocrx_word' id='word_1_778' title='bbox 904 5702 978 5754; x_wconf 88' lang='lat' dir='ltr'><strong>ita</strong></span> <span class='ocrx_word' id='word_1_779' title='bbox 1012 5699 1224 5754; x_wconf 81' lang='lat' dir='ltr'><strong>edixit:</strong></span> <span class='ocrx_word' id='word_1_780' title='bbox 1269 5720 1287 5751; x_wconf 79' lang='grc' dir='ltr'><strong>ι</strong></span> <span class='ocrx_word' id='word_1_781' title='bbox 1323 5700 1482 5755; x_wconf 84' lang='lat' dir='ltr'><strong>Abite</strong></span> <span class='ocrx_word' id='word_1_782' title='bbox 1519 5700 1668 5765; x_wconf 91' lang='lat' dir='ltr'><strong>hinc,</strong></span> <span class='ocrx_word' id='word_1_783' title='bbox 1708 5701 2054 5763; x_wconf 79' lang='lat' dir='ltr'><strong>exsecratidi,</strong></span> 
     </span>
    </p>
   </div>
   <div class='ocr_carea' id='block_1_102' title="bbox 481 5794 2054 5863">
    <p class='ocr_par' dir='ltr' id='par_1_102' title="bbox 481 5794 2054 5863">
     <span class='ocr_line' id='line_1_102' title="bbox 481 5794 2054 5863; baseline 0.001 -17"><span class='ocrx_word' id='word_1_784' title='bbox 481 5797 535 5848; x_wconf 89' lang='lat' dir='ltr'><strong>in</strong></span> <span class='ocrx_word' id='word_1_785' title='bbox 585 5798 762 5863; x_wconf 77' lang='lat' dir='ltr'><strong>ignem</strong></span> <span class='ocrx_word' id='word_1_786' title='bbox 818 5805 1081 5850; x_wconf 66' lang='lat' dir='ltr'><strong>asternnm</strong></span> <span class='ocrx_word' id='word_1_787' title='bbox 1156 5804 1404 5863; x_wconf 76' lang='lat' dir='ltr'><strong>paratum</strong></span> <span class='ocrx_word' id='word_1_788' title='bbox 1451 5794 1671 5848; x_wconf 89' lang='lat' dir='ltr'><strong>diabolo</strong></span> <span class='ocrx_word' id='word_1_789' title='bbox 1723 5804 1776 5848; x_wconf 91' lang='lat' dir='ltr'><strong>et</strong></span> <span class='ocrx_word' id='word_1_790' title='bbox 1845 5794 2054 5863; x_wconf 81' lang='lat' dir='ltr'><strong>angelis</strong></span> 
     </span>
    </p>
   </div>
   <div class='ocr_carea' id='block_1_103' title="bbox 480 5886 2044 5961">
    <p class='ocr_par' dir='ltr' id='par_1_103' title="bbox 480 5886 2044 5961">
     <span class='ocr_line' id='line_1_103' title="bbox 480 5886 2044 5961; baseline -0.001 -18"><span class='ocrx_word' id='word_1_791' title='bbox 480 5890 614 5961; x_wconf 71' lang='lat' dir='ltr'><strong>ejus.</strong></span> <span class='ocrx_word' id='word_1_792' title='bbox 648 5906 666 5941; x_wconf 75' lang='grc' dir='ltr'><strong>ι</strong></span> <span class='ocrx_word' id='word_1_793' title='bbox 698 5888 854 5954; x_wconf 80' lang='lat' dir='ltr'><strong>Quod</strong></span> <span class='ocrx_word' id='word_1_794' title='bbox 891 5903 1016 5946; x_wconf 87' lang='lat' dir='ltr'><strong>cum</strong></span> <span class='ocrx_word' id='word_1_795' title='bbox 1047 5888 1272 5956; x_wconf 82' lang='lat' dir='ltr'><strong>diceret,</strong></span> <span class='ocrx_word' id='word_1_796' title='bbox 1321 5886 1530 5943; x_wconf 79' lang='lat' dir='ltr'><strong>nullum</strong></span> <span class='ocrx_word' id='word_1_797' title='bbox 1568 5886 1876 5941; x_wconf 67' lang='lat' dir='ltr'><strong>daemonum</strong></span> <span class='ocrx_word' id='word_1_798' title='bbox 1917 5902 2044 5941; x_wconf 70' lang='lat' dir='ltr'><strong>exe-</strong></span> 
     </span>
    </p>
   </div>
   <div class='ocr_carea' id='block_1_104' title="bbox 2159 4591 3726 4668">
    <p class='ocr_par' dir='ltr' id='par_1_104' title="bbox 2159 4591 3726 4668">
     <span class='ocr_line' id='line_1_104' title="bbox 2159 4591 3726 4668; baseline -0.012 -10"><span class='ocrx_word' id='word_1_799' title='bbox 2159 4619 2311 4658; x_wconf 87' lang='lat' dir='ltr'><strong>nere.</strong></span> <span class='ocrx_word' id='word_1_800' title='bbox 2338 4601 2479 4656; x_wconf 87' lang='lat' dir='ltr'><strong>Deus</strong></span> <span class='ocrx_word' id='word_1_801' title='bbox 2501 4599 2742 4668; x_wconf 88' lang='lat' dir='ltr'><strong>optimus</strong></span> <span class='ocrx_word' id='word_1_802' title='bbox 2767 4597 2935 4660; x_wconf 88' lang='lat' dir='ltr'><strong>enim,</strong></span> <span class='ocrx_word' id='word_1_803' title='bbox 2955 4593 3048 4664; x_wconf 82' lang='lat' dir='ltr'><strong>qui</strong></span> <span class='ocrx_word' id='word_1_804' title='bbox 3070 4594 3141 4647; x_wconf 82' lang='lat' dir='ltr'><strong>ob</strong></span> <span class='ocrx_word' id='word_1_805' title='bbox 3168 4595 3399 4647; x_wconf 85' lang='lat' dir='ltr'><strong>salutem</strong></span> <span class='ocrx_word' id='word_1_806' title='bbox 3422 4591 3726 4650; x_wconf 85' lang='lat' dir='ltr'><strong>hominum,</strong></span> 
     </span>
    </p>
   </div>
   <div class='ocr_carea' id='block_1_105' title="bbox 2160 4680 3727 4753">
    <p class='ocr_par' dir='ltr' id='par_1_105' title="bbox 2160 4680 3727 4753">
     <span class='ocr_line' id='line_1_105' title="bbox 2160 4680 3727 4753; baseline -0.011 -3"><span class='ocrx_word' id='word_1_807' title='bbox 2160 4697 2354 4750; x_wconf 86' lang='lat' dir='ltr'><strong>relicto</strong></span> <span class='ocrx_word' id='word_1_808' title='bbox 2387 4692 2554 4753; x_wconf 69' lang='lat' dir='ltr'><strong>coelo,</strong></span> <span class='ocrx_word' id='word_1_809' title='bbox 2594 4690 2646 4742; x_wconf 92' lang='lat' dir='ltr'><strong>in</strong></span> <span class='ocrx_word' id='word_1_810' title='bbox 2702 4698 2904 4742; x_wconf 88' lang='lat' dir='ltr'><strong>terram</strong></span> <span class='ocrx_word' id='word_1_811' title='bbox 2953 4683 3242 4739; x_wconf 81' lang='lat' dir='ltr'><strong>descendit</strong></span> <span class='ocrx_word' id='word_1_812' title='bbox 3271 4692 3324 4736; x_wconf 88' lang='lat' dir='ltr'><strong>et</strong></span> <span class='ocrx_word' id='word_1_813' title='bbox 3355 4681 3521 4735; x_wconf 81' lang='lat' dir='ltr'><strong>homo</strong></span> <span class='ocrx_word' id='word_1_814' title='bbox 3554 4680 3727 4734; x_wconf 78' lang='lat' dir='ltr'><strong>factus</strong></span> 
     </span>
    </p>
   </div>
   <div class='ocr_carea' id='block_1_106' title="bbox 2158 4773 3725 4851">
    <p class='ocr_par' dir='ltr' id='par_1_106' title="bbox 2158 4773 3725 4851">
     <span class='ocr_line' id='line_1_106' title="bbox 2158 4773 3725 4851; baseline -0.013 -9"><span class='ocrx_word' id='word_1_815' title='bbox 2158 4797 2262 4851; x_wconf 85' lang='lat' dir='ltr'><strong>est,</strong></span> <span class='ocrx_word' id='word_1_816' title='bbox 2299 4783 2739 4841; x_wconf 87' lang='lat' dir='ltr'><strong>misericordiam</strong></span> <span class='ocrx_word' id='word_1_817' title='bbox 2773 4795 2954 4843; x_wconf 85' lang='lat' dir='ltr'><strong>suam,</strong></span> <span class='ocrx_word' id='word_1_818' title='bbox 2985 4793 3106 4846; x_wconf 69' lang='lat' dir='ltr'><strong>quae</strong></span> <span class='ocrx_word' id='word_1_819' title='bbox 3125 4775 3388 4830; x_wconf 73' lang='lat' dir='ltr'><strong>omnibus</strong></span> <span class='ocrx_word' id='word_1_820' title='bbox 3412 4773 3725 4842; x_wconf 74' lang='lat' dir='ltr'><strong>angelorum</strong></span> 
     </span>
    </p>
   </div>
   <div class='ocr_carea' id='block_1_107' title="bbox 2161 4867 3726 4945">
    <p class='ocr_par' dir='ltr' id='par_1_107' title="bbox 2161 4867 3726 4945">
     <span class='ocr_line' id='line_1_107' title="bbox 2161 4867 3726 4945; baseline -0.009 -13"><span class='ocrx_word' id='word_1_821' title='bbox 2161 4878 2554 4945; x_wconf 75' lang='lat' dir='ltr'><strong>hominumque</strong></span> <span class='ocrx_word' id='word_1_822' title='bbox 2584 4873 2744 4928; x_wconf 83' lang='lat' dir='ltr'><strong>factis</strong></span> <span class='ocrx_word' id='word_1_823' title='bbox 2771 4871 2946 4940; x_wconf 86' lang='lat' dir='ltr'><strong>major</strong></span> <span class='ocrx_word' id='word_1_824' title='bbox 2965 4876 3114 4924; x_wconf 84' lang='lat' dir='ltr'><strong>estet</strong></span> <span class='ocrx_word' id='word_1_825' title='bbox 3135 4883 3234 4937; x_wconf 87' lang='lat' dir='ltr'><strong>par</strong></span> <span class='ocrx_word' id='word_1_826' title='bbox 3257 4868 3492 4922; x_wconf 82' lang='lat' dir='ltr'><strong>habetur</strong></span> <span class='ocrx_word' id='word_1_827' title='bbox 3518 4867 3726 4920; x_wconf 76' lang='lat' dir='ltr'><strong>(unctis</strong></span> 
     </span>
    </p>
   </div>
   <div class='ocr_carea' id='block_1_108' title="bbox 2163 4955 3723 5043">
    <p class='ocr_par' dir='ltr' id='par_1_108' title="bbox 2163 4955 3723 5043">
     <span class='ocr_line' id='line_1_108' title="bbox 2163 4955 3723 5043; baseline -0.011 -19"><span class='ocrx_word' id='word_1_828' title='bbox 2163 4969 2481 5030; x_wconf 80' lang='lat' dir='ltr'><strong>virtutibus,</strong></span> <span class='ocrx_word' id='word_1_829' title='bbox 2511 4966 2766 5028; x_wconf 72' lang='lat' dir='ltr'><strong>effundit,</strong></span> <span class='ocrx_word' id='word_1_830' title='bbox 2799 4978 2896 5019; x_wconf 85' lang='lat' dir='ltr'><strong>eos</strong></span> <span class='ocrx_word' id='word_1_831' title='bbox 2928 4962 2993 5015; x_wconf 89' lang='lat' dir='ltr'><strong>ad</strong></span> <span class='ocrx_word' id='word_1_832' title='bbox 3016 4976 3076 5018; x_wconf 87' lang='lat' dir='ltr'><strong>se</strong></span> <span class='ocrx_word' id='word_1_833' title='bbox 3097 4961 3291 5043; x_wconf 59' lang='lat' dir='ltr'><strong>invitat</strong></span> <span class='ocrx_word' id='word_1_834' title='bbox 3312 4968 3367 5012; x_wconf 93' lang='lat' dir='ltr'><strong>et</strong></span> <span class='ocrx_word' id='word_1_835' title='bbox 3395 4958 3604 5011; x_wconf 73' lang='lat' dir='ltr'><strong>amicos</strong></span> <span class='ocrx_word' id='word_1_836' title='bbox 3627 4955 3723 5011; x_wconf 86' lang='lat' dir='ltr'><strong>sibi</strong></span> 
     </span>
    </p>
   </div>
   <div class='ocr_carea' id='block_1_109' title="bbox 2161 5051 3722 5122">
    <p class='ocr_par' dir='ltr' id='par_1_109' title="bbox 2161 5051 3722 5122">
     <span class='ocr_line' id='line_1_109' title="bbox 2161 5051 3722 5122; baseline -0.01 -8"><span class='ocrx_word' id='word_1_837' title='bbox 2161 5061 2312 5116; x_wconf 80' lang='lat' dir='ltr'><strong>facit.</strong></span> <span class='ocrx_word' id='word_1_838' title='bbox 2361 5061 2430 5115; x_wconf 82' lang='lat' dir='ltr'><strong>At</strong></span> <span class='ocrx_word' id='word_1_839' title='bbox 2466 5060 2690 5114; x_wconf 82' lang='lat' dir='ltr'><strong>ubinam</strong></span> <span class='ocrx_word' id='word_1_840' title='bbox 2721 5057 2777 5111; x_wconf 90' lang='lat' dir='ltr'><strong>in</strong></span> <span class='ocrx_word' id='word_1_841' title='bbox 2827 5056 3046 5110; x_wconf 85' lang='lat' dir='ltr'><strong>diabolo</strong></span> <span class='ocrx_word' id='word_1_842' title='bbox 3095 5051 3463 5122; x_wconf 70' lang='lat' dir='ltr'><strong>pmnitentia?</strong></span> <span class='ocrx_word' id='word_1_843' title='bbox 3496 5051 3722 5106; x_wconf 86' lang='lat' dir='ltr'><strong>Ubinam</strong></span> 
     </span>
    </p>
   </div>
   <div class='ocr_carea' id='block_1_110' title="bbox 2158 5144 3724 5210">
    <p class='ocr_par' dir='ltr' id='par_1_110' title="bbox 2158 5144 3724 5210">
     <span class='ocr_line' id='line_1_110' title="bbox 2158 5144 3724 5210; baseline -0.011 0"><span class='ocrx_word' id='word_1_844' title='bbox 2158 5155 2469 5210; x_wconf 80' lang='lat' dir='ltr'><strong>submissus</strong></span> <span class='ocrx_word' id='word_1_845' title='bbox 2535 5151 2803 5206; x_wconf 87' lang='lat' dir='ltr'><strong>animus?</strong></span> <span class='ocrx_word' id='word_1_846' title='bbox 2848 5148 3173 5205; x_wconf 69' lang='lat' dir='ltr'><strong>i’mnitentia</strong></span> <span class='ocrx_word' id='word_1_847' title='bbox 3217 5146 3362 5198; x_wconf 85' lang='lat' dir='ltr'><strong>enim</strong></span> <span class='ocrx_word' id='word_1_848' title='bbox 3411 5144 3579 5198; x_wconf 79' lang='lat' dir='ltr'><strong>animi</strong></span> <span class='ocrx_word' id='word_1_849' title='bbox 3622 5156 3724 5194; x_wconf 77' lang='lat' dir='ltr'><strong>non</strong></span> 
     </span>
    </p>
   </div>
   <div class='ocr_carea' id='block_1_111' title="bbox 2161 5234 3726 5310">
    <p class='ocr_par' dir='ltr' id='par_1_111' title="bbox 2161 5234 3726 5310">
     <span class='ocr_line' id='line_1_111' title="bbox 2161 5234 3726 5310; baseline -0.011 -7"><span class='ocrx_word' id='word_1_850' title='bbox 2161 5248 2274 5303; x_wconf 87' lang='lat' dir='ltr'><strong>nisi</strong></span> <span class='ocrx_word' id='word_1_851' title='bbox 2319 5247 2578 5301; x_wconf 87' lang='lat' dir='ltr'><strong>submissi</strong></span> <span class='ocrx_word' id='word_1_852' title='bbox 2617 5254 2722 5298; x_wconf 85' lang='lat' dir='ltr'><strong>est.</strong></span> <span class='ocrx_word' id='word_1_853' title='bbox 2777 5242 2913 5296; x_wconf 80' lang='lat' dir='ltr'><strong>Nam</strong></span> <span class='ocrx_word' id='word_1_854' title='bbox 2955 5241 3108 5310; x_wconf 85' lang='lat' dir='ltr'><strong>prius</strong></span> <span class='ocrx_word' id='word_1_855' title='bbox 3141 5238 3342 5306; x_wconf 86' lang='lat' dir='ltr'><strong>aliquis</strong></span> <span class='ocrx_word' id='word_1_856' title='bbox 3394 5239 3540 5306; x_wconf 86' lang='lat' dir='ltr'><strong>quod</strong></span> <span class='ocrx_word' id='word_1_857' title='bbox 3591 5234 3726 5287; x_wconf 80' lang='lat' dir='ltr'><strong>male</strong></span> 
     </span>
    </p>
   </div>
   <div class='ocr_carea' id='block_1_112' title="bbox 2161 5328 3729 5402">
    <p class='ocr_par' dir='ltr' id='par_1_112' title="bbox 2161 5328 3729 5402">
     <span class='ocr_line' id='line_1_112' title="bbox 2161 5328 3729 5402; baseline -0.012 -10"><span class='ocrx_word' id='word_1_858' title='bbox 2161 5339 2372 5402; x_wconf 83' lang='lat' dir='ltr'><strong>fecerit,</strong></span> <span class='ocrx_word' id='word_1_859' title='bbox 2407 5352 2464 5390; x_wconf 87' lang='lat' dir='ltr'><strong>se</strong></span> <span class='ocrx_word' id='word_1_860' title='bbox 2487 5344 2733 5396; x_wconf 84' lang='lat' dir='ltr'><strong>accusat,</strong></span> <span class='ocrx_word' id='word_1_861' title='bbox 2767 5331 2965 5387; x_wconf 85' lang='lat' dir='ltr'><strong>deinde</strong></span> <span class='ocrx_word' id='word_1_862' title='bbox 2989 5344 3113 5384; x_wconf 90' lang='lat' dir='ltr'><strong>eum</strong></span> <span class='ocrx_word' id='word_1_863' title='bbox 3141 5328 3371 5396; x_wconf 74' lang='lat' dir='ltr'><strong>preuitet</strong></span> <span class='ocrx_word' id='word_1_864' title='bbox 3401 5339 3591 5380; x_wconf 87' lang='lat' dir='ltr'><strong>eorum</strong></span> <span class='ocrx_word' id='word_1_865' title='bbox 3611 5336 3729 5390; x_wconf 66' lang='lat' dir='ltr'><strong>qua:</strong></span> 
     </span>
    </p>
   </div>
   <div class='ocr_carea' id='block_1_113' title="bbox 2160 5417 3726 5490">
    <p class='ocr_par' dir='ltr' id='par_1_113' title="bbox 2160 5417 3726 5490">
     <span class='ocr_line' id='line_1_113' title="bbox 2160 5417 3726 5490; baseline -0.011 -6"><span class='ocrx_word' id='word_1_866' title='bbox 2160 5431 2309 5484; x_wconf 82' lang='lat' dir='ltr'><strong>iecit.</strong></span> <span class='ocrx_word' id='word_1_867' title='bbox 2345 5429 2450 5483; x_wconf 71' lang='lat' dir='ltr'><strong>Sed</strong></span> <span class='ocrx_word' id='word_1_868' title='bbox 2497 5427 2752 5481; x_wconf 88' lang='lat' dir='ltr'><strong>diabolus</strong></span> <span class='ocrx_word' id='word_1_869' title='bbox 2800 5432 2951 5478; x_wconf 88' lang='lat' dir='ltr'><strong>amat</strong></span> <span class='ocrx_word' id='word_1_870' title='bbox 3004 5423 3185 5490; x_wconf 89' lang='lat' dir='ltr'><strong>potius</strong></span> <span class='ocrx_word' id='word_1_871' title='bbox 3225 5427 3534 5489; x_wconf 86' lang='lat' dir='ltr'><strong>peccatum,</strong></span> <span class='ocrx_word' id='word_1_872' title='bbox 3585 5417 3726 5484; x_wconf 89' lang='lat' dir='ltr'><strong>quod</strong></span> 
     </span>
    </p>
   </div>
   <div class='ocr_carea' id='block_1_114' title="bbox 2159 5507 3728 5587">
    <p class='ocr_par' dir='ltr' id='par_1_114' title="bbox 2159 5507 3728 5587">
     <span class='ocr_line' id='line_1_114' title="bbox 2159 5507 3728 5587; baseline -0.013 -10"><span class='ocrx_word' id='word_1_873' title='bbox 2159 5522 2456 5583; x_wconf 87' lang='lat' dir='ltr'><strong>commisit,</strong></span> <span class='ocrx_word' id='word_1_874' title='bbox 2487 5528 2541 5573; x_wconf 88' lang='lat' dir='ltr'><strong>et</strong></span> <span class='ocrx_word' id='word_1_875' title='bbox 2575 5535 2674 5587; x_wconf 89' lang='lat' dir='ltr'><strong>pro</strong></span> <span class='ocrx_word' id='word_1_876' title='bbox 2724 5518 2935 5572; x_wconf 75' lang='lat' dir='ltr'><strong>viribus</strong></span> <span class='ocrx_word' id='word_1_877' title='bbox 2967 5515 3189 5585; x_wconf 78' lang='lat' dir='ltr'><strong>adjuvat</strong></span> <span class='ocrx_word' id='word_1_878' title='bbox 3223 5513 3518 5581; x_wconf 84' lang='lat' dir='ltr'><strong>perniciem</strong></span> <span class='ocrx_word' id='word_1_879' title='bbox 3555 5507 3728 5562; x_wconf 81' lang='lat' dir='ltr'><strong>homi-</strong></span> 
     </span>
    </p>
   </div>
   <div class='ocr_carea' id='block_1_115' title="bbox 2159 5600 3727 5678">
    <p class='ocr_par' dir='ltr' id='par_1_115' title="bbox 2159 5600 3727 5678">
     <span class='ocr_line' id='line_1_115' title="bbox 2159 5600 3727 5678; baseline -0.01 -11"><span class='ocrx_word' id='word_1_880' title='bbox 2159 5631 2312 5668; x_wconf 90' lang='lat' dir='ltr'><strong>num.</strong></span> <span class='ocrx_word' id='word_1_881' title='bbox 2369 5613 2501 5677; x_wconf 60' lang='lat' dir='ltr'><strong>Qum</strong></span> <span class='ocrx_word' id='word_1_882' title='bbox 2547 5611 2718 5678; x_wconf 81' lang='lat' dir='ltr'><strong>igitur</strong></span> <span class='ocrx_word' id='word_1_883' title='bbox 2767 5608 2989 5662; x_wconf 83' lang='lat' dir='ltr'><strong>diabolo</strong></span> <span class='ocrx_word' id='word_1_884' title='bbox 3045 5621 3170 5660; x_wconf 91' lang='lat' dir='ltr'><strong>cum</strong></span> <span class='ocrx_word' id='word_1_885' title='bbox 3216 5605 3324 5659; x_wconf 87' lang='lat' dir='ltr'><strong>Deo</strong></span> <span class='ocrx_word' id='word_1_886' title='bbox 3372 5600 3727 5657; x_wconf 78' lang='lat' dir='ltr'><strong>communio?</strong></span> 
     </span>
    </p>
   </div>
   <div class='ocr_carea' id='block_1_116' title="bbox 2159 5696 3724 5776">
    <p class='ocr_par' dir='ltr' id='par_1_116' title="bbox 2159 5696 3724 5776">
     <span class='ocr_line' id='line_1_116' title="bbox 2159 5696 3724 5776; baseline -0.008 -17"><span class='ocrx_word' id='word_1_887' title='bbox 2159 5707 2302 5776; x_wconf 80' lang='lat' dir='ltr'><strong>Ergo</strong></span> <span class='ocrx_word' id='word_1_888' title='bbox 2360 5717 2562 5759; x_wconf 86' lang='lat' dir='ltr'><strong>temere</strong></span> <span class='ocrx_word' id='word_1_889' title='bbox 2597 5701 2933 5756; x_wconf 80' lang='lat' dir='ltr'><strong>Mohamctes</strong></span> <span class='ocrx_word' id='word_1_890' title='bbox 2982 5700 3250 5768; x_wconf 84' lang='lat' dir='ltr'><strong>loquitur,</strong></span> <span class='ocrx_word' id='word_1_891' title='bbox 3293 5713 3413 5754; x_wconf 88' lang='lat' dir='ltr'><strong>cum</strong></span> <span class='ocrx_word' id='word_1_892' title='bbox 3454 5696 3724 5749; x_wconf 73' lang='lat' dir='ltr'><strong>daemones</strong></span> 
     </span>
    </p>
   </div>
   <div class='ocr_carea' id='block_1_117' title="bbox 2161 5795 2746 5867">
    <p class='ocr_par' dir='ltr' id='par_1_117' title="bbox 2161 5795 2746 5867">
     <span class='ocr_line' id='line_1_117' title="bbox 2161 5795 2746 5867; baseline -0.009 -15"><span class='ocrx_word' id='word_1_893' title='bbox 2161 5797 2357 5852; x_wconf 50' lang='lat' dir='ltr'><strong>saltari</strong></span> <span class='ocrx_word' id='word_1_894' title='bbox 2393 5812 2552 5867; x_wconf 86' lang='lat' dir='ltr'><strong>posse</strong></span> <span class='ocrx_word' id='word_1_895' title='bbox 2596 5795 2746 5849; x_wconf 86' lang='lat' dir='ltr'><strong>dicit.</strong></span> 
     </span>
    </p>
   </div>
   <div class='ocr_carea' id='block_1_118' title="bbox 3461 5967 3490 5974">
    <p class='ocr_par' dir='ltr' id='par_1_118' title="bbox 3461 5967 3490 5974">
     <span class='ocr_line' id='line_1_118' title="bbox 3461 5967 3490 5974; baseline 0 0"><span class='ocrx_word' id='word_1_896' title='bbox 3461 5967 3490 5974; x_wconf 67' lang='grc' dir='ltr'><strong>ο-</strong></span> 
     </span>
    </p>
   </div>
  </div>
