3962 6552
295 446 409 514 953'

1319 448 1774 512 CHRO’NICON
1816 453 2079 518 MAJUS.
2128 482 2192 490 -
2239 457 2392 517 LIB.
2427 453 2526 517 IV.

3452 454 3562 522 SM

371 562 498 615 Ἔτι
530 560 560 614 6
606 559 766 623 αὐτὸς
798 558 1046 630 Μωάμεθ
1082 562 1216 630 φησὶ
1274 564 1403 631 περὶ
1444 561 1538 616 τοῦ
1591 565 1762 632 κοράν
1799 567 1880 618 ὅτι
1909 573 1958 626 Α
1984 585 2092 623 των
2114 570 2222 622 τῶν
2248 570 2438 623 κακῶν
2470 551 2700 638 ἔσχατον
2731 567 2827 622 καὶ
2878 570 3116 638 πρῶτον,
3151 567 3232 623 ὅτι
3267 569 3418 639 παρά
3446 569 3565 621 δαί-

295 655 477 718 ούδιὶς
521 659 634 708 ’τῶν
681 653 986 723 ἀνθρώπων
1012 653 1122 707 οὐδ’
1157 654 1323 716 αὐτὸς
1362 656 1391 707 6
1430 655 1676 724 Μωάμεθ
1710 656 1874 723 γινώ⁹

297 763 423 800 σκει
455 747 558 816 τὴν
587 745 779 800 τούτου
816 748 1104 817 ἐξήγησιν.
1133 747 1301 817 ἀλλ’ἢ
1343 750 1504 816 μόνος
1533 751 1562 803 6
1585 750 1740 812 Θεός.
1765 754 1874 807 Καὶ

295 840 348 891 εί
394 838 554 892 τοῦδ
617 839 768 892 ἐστιν
798 840 1046 909 ἀλήθεια,
1101 842 1232 894 ποία
1264 842 1418 895 ἐστὶν
1465 844 1496 911 ἡ
1552 844 1646 897 τοῦ
1705 845 1874 914 κοράν

292 927 577 996 ὠφέλειας
607 928 771 990 Ἴσως
816 930 926 999 γὰρ
956 928 1129 990 οὕτως
1175 930 1412 1000 ἠδύνατο
1444 931 1749 1001 ὠφελῆσαι,
1798 933 1876 984 εί-

296 1035 410 1089 περ
465 1021 770 1088 ἐγίνωσκον
815 1023 883 1073 τά
924 1023 1074 1090 παρά
1122 1021 1257 1076 Θεοῦ
1307 1024 1613 1091 λεγόμενα·
1651 1024 1776 1076 imi
1829 1024 1874 1078 δ’

297 1111 466 1173 αὐτὸς
511 1114 540 1164 6
573 1112 821 1182 Μωάμεθ
880 1113 1200 1183 εὑρίσκεται
1237 1116 1535 1186 μαρτυρῶν
1565 1117 1648 1170 δτι
1698 1116 1876 1179 οὐδεὶς

299 1201 413 1254 τῶν
439 1201 750 1271 ἀνθρώπων
789 1206 1056 1270 γινώσκει
1085 1206 1152 1260 τὰ
1183 1210 1242 1260 ὲν
1271 1209 1350 1278 τῷ
1383 1209 1550 1278 κοράν
1582 1208 1873 1277 λεγόμενα,

298 1291 387 1353 τίς
432 1295 466 1362 ἡ
497 1292 688 1346 τούτου
724 1295 1005 1364 ὠφέλειας
1054 1298 1284 1361 Πάντως
1336 1297 1584 1366 οὐδεμία.
1637 1299 1746 1351 Καὶ
1793 1298 1876 1361 τίς

303 1386 512 1454 μείζων
565 1386 702 1456 άλλη
750 1388 1026 1452 ἀπόδειξις
1074 1389 1158 1442 ὅτι
1206 1389 1307 1442 ούκ
1337 1389 1486 1442 εστιν
1520 1389 1628 1444 ἀπὸ
1675 1388 1818 1442 Θεοῦ
1851 1391 1879 1443 6

301 1477 458 1547 παρὰ
511 1478 604 1531 τοῦ
634 1479 883 1548 Μωάμεθ
934 1481 1116 1544 δοθεὶς
1157 1482 1358 1549 νόμοςς
1414 1482 1488 1535 Ού
1519 1484 1629 1551 γὰρ
1659 1482 1723 1551 δὴ
1773 1500 1879 1550 μα-

299 1571 472 1631 ταίως
508 1571 791 1640 νομοθετεῖ
815 1571 1008 1636 ὸΘεός.
1046 1572 1179 1626 Ἰδοὺ
1211 1575 1395 1628 τοίνυν
1423 1575 1737 1642 καταφανές
1763 1576 1880 1627 ἐστι

300 1661 365 1714 τὸ
399 1662 591 1732 κοράν,
627 1665 710 1717 δτι
740 1663 841 1717 ούκ
871 1665 1020 1718 ἐστιν
1066 1667 1221 1734 παρά
1257 1667 1415 1731 Θεοῦ,
1453 1667 1592 1720 ἀλλά
1619 1668 1711 1720 καὶ
1744 1667 1879 1720 ἀνά-

302 1754 533 1823 πλασμά
560 1757 676 1808 ἐστι
700 1757 941 1820 διανοίας
988 1759 1158 1812 αὑτοῦ
1192 1760 1287 1814 τοῦ
1320 1761 1736 1830 κακοδαίμονος.
1772 1762 1882 1814 Καὶ

301 1848 572 1916 πρόδηλον
599 1849 660 1918 ἐξ
713 1851 880 1904 αὑτοῦ
912 1854 1011 1905 τοῦ
1066 1854 1259 1921 κοράν,
1291 1855 1374 1906 ὅτι
1417 1852 1541 1907 εὖτε
1576 1857 1641 1923 τῇ
1671 1855 1884 1925 παλαιᾷ

1985 677 2146 729 μονος
2178 662 2396 730 ἔξεδόθη
2443 661 2504 714 τὸ
2527 660 2776 715 τοιοῦτον
2815 661 3004 731 κορᾶν,
3054 660 3160 715 κᾶν
3189 662 3284 717 καὶ
3309 661 3401 714 τὸν
3431 661 3564 714 Θεὸν

1981 755 2360 820 διαϐάλλοντες
2392 756 2628 823 λέγωσιν
2659 758 2742 810 ὅτι
2775 757 2882 809 ἀπὸ
2916 756 3052 810 Θεοῦ
3085 755 3264 828 ἐδόθη.

2055 849 2336 916 Θαυμάζω
2371 850 2477 919 γάρ
2511 850 2686 917 ἔγωγε
2737 851 2828 903 καὶ
2869 850 2988 902 λίαν
3035 850 3411 918 ἐκπλήττομαι
3447 849 3564 910 πῶς

1983 939 2077 992 τὸν
2128 942 2367 1010 Χριστὸν
2400 942 2633 1009 ἀφέντες
2687 943 2738 994 οί
2786 941 3015 1003 τάλανες
3059 940 3435 1010 ἠκολούθησαν
3489 940 3568 1008 τῷ

1987 1032 2260 1100 Μωάμεθ.
2289 1033 2461 1097 Αὐτὸς
2487 1034 2584 1086 καὶ
2608 1034 2718 1101 γὰρ
2745 1036 2772 1086 6
2801 1033 2896 1086 τοῦ
2925 1033 3173 1100 Μωάμεθ
3201 1035 3390 1102 νόμος,
3418 1031 3568 1083 τοῦτ’

1987 1120 2202 1174 ἔστιτὸ
2255 1124 2444 1190 κορᾶν,
2503 1124 2634 1178 αὐτὸ
2665 1123 2822 1176 τοῦτό
2853 1141 3020 1190 φησιν
3069 1124 3151 1175 ὅτι
3200 1123 3270 1175 δι’
3324 1122 3564 1191 ἀγγέλου

1988 1217 2356 1284 εὐηγγελίσθη
2387 1219 2453 1287 τῇ
2490 1218 2658 1286 μητρὶ
2708 1217 2806 1270 τοῦ
2835 1217 3014 1285 Ἰησοῦ
3063 1217 3157 1268 καὶ
3191 1213 3277 1270 δίἀ
3313 1215 3570 1282 Πνεύμα-

1988 1323 2080 1370 τος
2111 1309 2276 1376 ἁγίου·
2297 1305 2536 1378 ἡγιάσθη
2591 1310 2686 1361 καὶ
2721 1313 2788 1380 τῇ
2835 1311 3067 1376 δυνάμει
3099 1309 3192 1362 τοῦ
3243 1309 3379 1362 Θεοῦ
3415 1327 3570 1360 συνεο-

1989 1401 2192 1470 ληφθη,
2225 1401 2340 1455 ἀλλ’
2369 1403 2431 1454 ού
2482 1401 2699 1469 φύσεως
2745 1402 3016 1474 ἐνεργείᾳ,
3053 1405 3148 1454 καὶ
3181 1405 3240 1454 ἐκ
3287 1402 3569 1472 παρθένου

1991 1492 2305 1562 ἁγιωτάτης
2341 1493 2435 1546 καὶ
2466 1492 2608 1561 ὑπὲρ
2632 1491 2813 1554 πάσας
2843 1493 2942 1554 τὰς
2969 1491 3136 1553 ἄλλοις
3175 1495 3437 1558 γυναῖκας
3472 1509 3570 1543 κα-

1991 1586 2165 1654 θαρᾶς
2195 1585 2560 1654 γεννηθῆναι·
2590 1586 2646 1637 ὲν
2671 1584 2780 1654 γὰρ
2809 1584 2887 1653 τῷ
2919 1583 3200 1653 κεφαλαίῳ
3225 1583 3302 1654 τῷ
3338 1583 3571 1635 Λίνεσάν

1993 1695 2161 1748 φησιν
2189 1694 2203 1708 ·
2281 1695 2304 1729 ε
2337 1673 2406 1730 Ὅ
2451 1679 2659 1748 ἑταῖροι
2705 1679 2804 1746 τῆς
2855 1677 3043 1746 βίϐλου
3106 1675 3274 1746 (τοῦτ’
3319 1674 3465 1728 ἔστιν
3520 1673 3571 1725 οἱ

1992 1768 2227 1836 πιστοὶ),
2291 1767 2367 1836 μὴ
2402 1767 2597 1836 λέγετε
2656 1768 2786 1836 περὶ
2829 1765 2924 1819 τοῦ
2963 1764 3100 1819 Θεοῦ
3142 1764 3280 1830 πλὴν
3317 1763 3415 1831 τῆς
3441 1762 3580 1832 ἀληεο

1994 1859 2165 1923 θείας,
2197 1861 2282 1913 ὅτι
2319 1860 2348 1913 6
2382 1859 2620 1929 Χριστὸς
2655 1856 2869 1927 Ἰησοῦς
2917 1857 3032 1920 υίός
3077 1858 3193 1908 ἐστι
3220 1855 3320 1925 τῆς
3351 1854 3573 1924 Μαρίας

299 1935 495 2012 Γραφῇ
533 1948 818 2013 συμφωνεῖ
876 1943 1002 1998 οὔτε
1031 1949 1098 2015 τῇ
1130 1947 1229 2016 νέᾳ
1262 1947 1530 2018 Διαθήκῃ,
1581 1947 1762 2001 καίτοι
1807 1965 1873 2016 γε
1911 1947 1953 2004 Β
1987 1953 2084 2005 καὶ
2127 1951 2428 2014 ἀπόστολος
2474 1949 2613 2002 Θεοῦ
2662 1951 2758 2003 καὶ
2791 1950 2961 2017 Λόγος
3001 1947 3160 2009 Θεοῦ,
3200 1943 3259 1999 δν
3311 1947 3367 1997 ὲν
3427 1944 3566 2013 αὐτῇ

299 2033 698 2102 ὁμολογοῦντος
725 2036 819 2090 τοῦ
855 2037 1103 2106 Μωάμεθ
1128 2038 1213 2091 ὅτι
1241 2039 1396 2106 ἆγιαι
1427 2039 1522 2091 καὶ
1555 2039 1722 2092 καλαί
1745 2039 1883 2092 είσιν

302 2127 362 2178 αί
393 2127 635 2197 Γραφαὶ,
673 2130 765 2180 καὶ
796 2130 876 2183 ὅτι
907 2129 1064 2182 οὐδέν
1093 2131 1234 2183 είσιν
1272 2131 1320 2184 οί
1347 2132 1559 2184 ἐκείνου
1592 2130 1883 2184 ἀκόλουθοι

301 2217 353 2268 εί
385 2217 461 2285 μὴ
490 2215 843 2287 πληρώσαιεν
877 2220 969 2272 τόν
995 2237 1054 2272 τε
1099 2222 1266 2290 νόμον
1297 2222 1392 2275 καὶ
1417 2222 1478 2274 τὸ
1520 2223 1879 2290 Εὐαγγέλιον.

305 2308 433 2361 Ἔτι
463 2309 650 2378 σχεδὸν
678 2311 747 2363 δι’
783 2312 906 2364 ὅλου
941 2313 1108 2376 αὐτὸς
1152 2313 1337 2380 ἑαυτῷ
1365 2316 1514 2368 εστιν
1554 2315 1880 2382 ἀντιλέγων.

305 2401 432 2453 Ἔτι
463 2401 615 2456 οὐδὸν
652 2400 838 2472 θαῦμα
864 2405 1128 2474 ἐποίησεν
1159 2409 1240 2468 είς
1282 2406 1553 2472 πίστωσιν
1581 2405 1694 2458 τῶν
1723 2407 1883 2473 λεγο-

303 2491 508 2560 μένων.
556 2493 677 2548 Ἔτι
729 2495 1144 2564 ὁμολογούμενα
1187 2496 1358 2568 ψεύδη
1417 2498 1686 2568 περιέχει,
1743 2499 1882 2569 ὅπερ

301 2584 425 2638 ἐστὶ
449 2584 544 2638 τοῦ
592 2584 729 2640 Θεοῦ
780 2587 1065 2656 ἀλλότριον
1115 2589 1321 2658 πάντη.
1361 2590 1482 2643 Ἔτι
1539 2589 1715 2661 βίαιόν
1766 2592 1884 2644 ἐστι

299 2676 404 2729 καὶ
432 2676 695 2731 καταλύει
729 2679 794 2731 τὸ
817 2680 1189 2747 αὐτεξούσιον,
1220 2683 1359 2751 ὅπερ
1383 2683 1505 2736 οὐδέ
1540 2700 1673 2737 ποτε
1701 2685 1728 2737 6
1749 2683 1885 2746 Θεὸς

301 2770 624 2840 ἀνέτρεψεν.
666 2773 789 2826 Ἔτι
841 2774 1124 2836 παντελῶς
1175 2778 1325 2828 ἐστιν
1378 2774 1640 2838 ἄτακτον,
1691 2778 1787 2829 καὶ
1822 2776 1886 2829 τὸ

301 2863 546 2917 ἄτακτον
577 2865 796 2934 μακράν
826 2865 940 2918 ιστι
971 2866 1066 2920 τοῦ
1098 2867 1234 2919 Θεοῦ
1253 2885 1268 2898 ⁸
1301 2867 1361 2920 οὐ
1388 2868 1495 2939 γάρ
1522 2870 1670 2921 ἐστιν
1698 2871 1725 2921 6
1753 2868 1886 2932 Θεὸς

300 2953 538 3018 ἀταξίας
591 2955 746 3028 Θεός.
801 2959 922 3010 Ἔτι
981 2959 1219 3027 πονηρὸν
1252 2959 1414 3029 373
1471 2961 1883 3028 ἀναφαίνεται·

303 3047 408 3100 καὶ
441 3048 559 3110 πῶς
591 3049 700 3101 ἀπὸ
738 3049 833 3102 τοῦ
865 3048 1002 3102 Θεοῦ
1051 3049 1150 3102 τοῦ
1182 3050 1364 3118 πάσης
1410 3051 1670 3103 ἐπέκεινα
1721 3050 1887 3104 εὐθύ-

300 3155 471 3206 τητος
510 3141 602 3193 καὶ
635 3141 979 3210 ἀπλύτητος;
1017 3141 1138 3192 Ἔτι
1161 3141 1561 3210 πεπλασμένας
1590 3142 1688 3194 καὶ
1725 3158 1889 3211 τερα-

301 3230 498 3294 τώδεις
533 3231 766 3301 θεωρίας
805 3233 1092 3303 περιέχει·
1127 3234 1219 3285 καὶ
1268 3235 1388 3296 πῶς
1419 3231 1578 3287 τοῦτο
1611 3235 1719 3289 ἀπὸ
1746 3233 1884 3288 Θεοῦ
1915 3284 1957 3307 η

301 3315 414 3378 τοῦ
435 3323 662 3394 ποιητοῦ
701 3323 798 3378 καὶ
829 3323 1057 3395 δοτῆρας
1091 3325 1192 3394 τῆς
1223 3324 1515 3395 ἀληθείας;
1549 3325 1622 3379 Τὸ
1659 3326 1718 3379 δὲ
1750 3326 1889 3381 πάν-

381 3509 528 3564 ldem
564 3508 905 3563 Mohatnetes
941 3507 1196 3572 aﬂirmat,
1231 3507 1505 3563 Coranem
1539 3507 1750 3561 nullum
1786 3510 1887 3562 lto-

297 3601 514 3658 minem
549 3599 905 3668 interpretari
955 3613 1141 3667 posse,
1179 3611 1246 3650 ne
1298 3599 1479 3667 ipsum
1520 3596 1886 3651 Mohametem

298 3693 556 3764 quidem,
594 3693 687 3747 sed
718 3690 895 3745 solum
927 3691 1118 3744 Deum.
1147 3689 1302 3755 Quod
1335 3691 1378 3744 si
1407 3703 1594 3742 verum
1627 3699 1730 3751 est,
1765 3702 1891 3756 quae

301 3787 528 3840 tandem
576 3792 663 3836 est
708 3781 919 3836 utilitas
946 3779 1226 3836 Coranis?
1255 3779 1515 3833 Fortasse
1565 3778 1715 3832 utilis
1767 3791 1890 3832 esse

301 3882 519 3946 posset,
552 3872 597 3926 si
628 3871 1000 3941 intelligerent
1029 3871 1283 3925 homines
1320 3885 1349 3924 a
1384 3869 1493 3923 Deo
1526 3869 1764 3932 tradita;
1792 3867 1887 3923 sed

301 3981 438 4022 cum
464 3964 804 4019 Mohametes
833 3966 952 4033 ipse
979 3972 1232 4024 testetur,
1262 3963 1470 4017 nullum
1498 3961 1774 4015 hominem
1806 3962 1890 4016 in-

309 4060 589 4128 telligere,
613 4074 734 4128 quae
761 4061 814 4110 in
843 4057 1056 4112 Corane
1089 4056 1412 4119 doceantur,
1437 4069 1686 4125 quaenam
1719 4055 1889 4123 possit

305 4152 471 4206 istius
521 4151 728 4204 utilitas
753 4147 916 4203 esse?
954 4146 1207 4202 Profecto
1255 4145 1407 4200 nulla
1446 4145 1698 4200 omnino.
1733 4144 1888 4210 Quod

304 4250 495 4296 autem
537 4241 756 4311 gravius
811 4239 1206 4293 documentum
1265 4245 1370 4302 est,
1427 4251 1538 4305 quo
1599 4235 1886 4302 probetur,

301 4329 480 4386 Deum
517 4347 622 4385 non
665 4345 786 4384 esse
820 4331 951 4398 lcgis
972 4343 1000 4380 a
1028 4327 1331 4382 Moltamete
1359 4326 1674 4380 constituta:
1702 4335 1890 4380 aucto-

301 4438 424 4480 rem
444 4423 477 4476 ῒ
507 4421 694 4491 Neque
719 4422 864 4475 enim
915 4419 1289 4490 nequidquam
1329 4416 1474 4472 Deus
1510 4419 1654 4487 leges
1685 4418 1884 4474 sancit.

303 4515 659 4572 Manifestum
708 4523 795 4570 est
827 4514 1013 4583 igitur,
1043 4512 1322 4568 Coranem
1369 4527 1479 4568 non
1528 4528 1652 4570 esse
1701 4531 1731 4570 a
1774 4515 1885 4567 Deo

1987 2045 2151 2115 ἔθηκε
2194 2045 2283 2098 διὰ
2314 2045 2636 2112 Πνεύματος
2669 2043 2764 2097 τοῦ
2807 2043 2986 2110 ἁγίου.
3028 2061 3046 2094 ι
3083 2042 3217 2094 Ἰδοὺ
3258 2039 3390 2107 γοῦν
3437 2038 3572 2089 Θεὸν

1987 2138 2263 2205 ὀνομάσας
2315 2136 2410 2190 καὶ
2464 2136 2640 2203 Λόγον
2679 2134 2814 2187 Θεοῦ
2868 2135 2961 2187 καὶ
2994 2131 3218 2200 Πνεῦμα
3269 2131 3425 2197 ἅγιον
3473 2129 3575 2198 τὴν

1987 2230 2435 2300 τρισυπόστατον
2474 2227 2682 2298 Τριάδα
2709 2231 2736 2280 6
2769 2226 2954 2290 ἄθλιος
2983 2226 3082 2278 οὐκ
3109 2225 3288 2296 ἤνοιξε
3319 2224 3444 2284 τοὺς
3476 2225 3575 2290 τῆς

1986 2321 2166 2390 ψυχῆς
2189 2319 2510 2390 ὀφθαλμοὺς
2539 2320 2669 2372 ίδεῖν
2693 2320 2753 2372 τὸ
2785 2319 2903 2387 φῶς
2939 2317 3040 2388 τῆς
3075 2316 3324 2388 Τριάδος.
3365 2316 3470 2366 Καὶ
3499 2311 3575 2366 si-

1989 2414 2160 2476 κότως
2186 2432 2200 2446 ο
2244 2413 2435 2478 ὥσπερ
2466 2413 2574 2481 γὰρ
2608 2415 2676 2466 τά
2700 2413 2759 2464 ὲν
2785 2414 2850 2482 τῇ
2902 2410 3084 2481 κοιλίᾳ
3110 2409 3210 2476 τῆς
3245 2409 3452 2478 μητρὸς
3485 2406 3575 2458 εύ-

1991 2504 2288 2574 ρισκόμενα
2503 2503 2724 2572 ἔμϐρυα
2751 2502 2856 2570 πρὸ
2899 2502 2998 2570 τῆς
3029 2501 3339 2569 γεννήσεως
3388 2497 3573 2550 αὐτῶν

1991 2597 2140 2666 ζωὴν
2173 2597 2273 2665 μὲν
2300 2597 2538 2667 ἔχουσιν,
2566 2594 2826 2664 ἀνωφελῆ
2851 2593 2908 2648 δὲ
2936 2595 3032 2647 καὶ
3059 2585 3312 2660 ἀνόητον,
3346 2593 3438 2643 καὶ
3465 2591 3573 2658 ψυ-

1991 2691 2092 2763 χὴν
2127 2691 2202 2760 μὴ
2235 2691 2543 2760 δυναμένην
2571 2690 2849 2758 διακρῖναι
2873 2687 2936 2741 τὸ
2970 2689 3220 2757 κρεῖττον
3243 2683 3338 2737 τοῦ
3385 2684 3572 2753 χείρο-

1991 2802 2102 2848 νος,
2137 2785 2168 2854 ἧ
2208 2785 2362 2854 παρά
2390 2784 2582 2853 καιρὸν
2613 2782 2942 2851 γεννηθέντα
2962 2778 3061 2832 οῦκ
3091 2783 3228 2832 εἰσιν
3263 2777 3571 2845 ἄνθρωποι,

1991 2877 2110 2931 ἀλλ’
2168 2877 2498 2949 ὲκτρώματα
2553 2876 2650 2928 καὶ
2707 2873 3072 2942 ἀμϐλώματα,
3131 2867 3273 2922 οὕτω
3332 2870 3428 2924 καὶ
3464 2869 3570 2924 πᾶς

1993 2965 2198 3037 ἀσεϐὴς
2232 2968 2259 3018 6
2307 2966 2382 3035 μὴ
2422 2965 2815 3033 ἀναγεννηθεὶς
2863 2962 2931 3015 δι’
2961 2959 3156 3022 ὕδατος
3184 2961 3280 3011 καὶ
3331 2956 3572 3024 πνεύμα-

1992 3074 2103 3122 τος,
2148 3056 2294 3111 τοῦτ’
2330 3057 2444 3110 ἔστι
2475 3056 2562 3109 διὰ
2601 3056 2694 3108 τοῦ
2739 3055 2896 3122 ἁγίου
2932 3053 3334 3124 βαπτίσματος,
3371 3049 3433 3101 ού
3483 3043 3576 3099 66'-

1993 3169 2155 3204 ναται
2191 3151 2321 3204 ἰδεῖν
2354 3151 2416 3202 τὸ
2458 3151 2711 3217 οὐράνιον
2756 3148 2869 3216 φῶς
2905 3147 3000 3200 καὶ
3031 3144 3132 3216 τὴν
3176 3145 3274 3214 τῆς
3310 3141 3572 3211 ἀληθείας

1993 3239 2316 3308 ἐπίγνωσιν,
2374 3241 2464 3292 καὶ
2513 3239 2601 3292 διὰ
2639 3237 2799 3291 τοῦτο
2855 3235 3033 3307 μύσας
3079 3235 3208 3297 τοὺς
3243 3234 3345 3298 τῆς
3392 3228 3574 3300 ψυχῆς

1995 3329 2162 3384 αὑτοῦ
2196 3330 2509 3401 ὀφθαλμοὺς
2540 3331 2568 3382 6
2609 3328 2841 3398 μάταιος
2885 3324 3159 3387 σκοτεινὸς
3203 3316 3570 3386 ἑναπελείφθη

1983 3510 2293 3582 ⁵ςοιιιίηιιιιῑ.
2316 3524 2438 3562 rum
2467 3509 2606 3562 Deus
2631 3507 2702 3561 sit
2725 3505 2902 3562 omnis
2926 3503 3171 3559 veritatis
3198 3510 3408 3554 auctor.
3428 3496 3575 3562 Quo-

1993 3616 2114 3654 ruttt
2151 3601 2411 3654 malorum
2446 3602 2690 3653 omnium
2729 3599 2962 3666 primunt
3009 3604 3060 3648 et
3093 3603 3430 3662 postiemum
3465 3595 3568 3647 est.

1993 3692 2136 3761 quod
2167 3706 2196 3744 a
2225 3691 2472 3744 daemone
2515 3691 2694 3743 editus
2713 3698 2796 3743 est
2816 3703 2980 3742 coran
3009 3686 3134 3744 iste.
3169 3681 3421 3752 quamvis
3445 3693 3570 3733 eum

1991 3799 2020 3838 a
2056 3784 2166 3838 Deo
2193 3783 2396 3836 editum
2423 3797 2543 3836 esse
2578 3783 2757 3836 dicant
2787 3780 2953 3833 Deum
2993 3778 3418 3833 calumniantes.

2063 3873 2232 3927 Miror
2255 3875 2505 3941 equidem
2527 3883 2579 3927 et
2602 3873 2892 3927 admodum
2918 3881 3133 3939 stupeo,
3159 3868 3326 3938 quod,
3349 3865 3570 3920 Christo

1991 3967 2206 4030 relicto,
2239 3967 2426 4021 miseri
2480 3966 2568 4020 isti
2598 3953 2959 4019 M‘oltametetn
2991 3963 3162 4017 secuti
3197 3963 3329 4017 sint.
3365 3960 3420 4012 In
3454 3959 3572 4024 ipsa

1990 4059 2135 4113 enim
2160 4057 2482 4114 Mohametis
2505 4057 2643 4127 lege,
2668 4057 2775 4112 hoc
2799 4067 2881 4111 est
2905 4056 3124 4110 Corane
3140 4056 3385 4116 docetur,
3409 4051 3570 4105 Chri-

1991 4156 2138 4202 stum
2185 4166 2278 4218 per
2308 4147 2558 4216 angelum
2602 4148 2754 4200 Matri
2797 4145 2924 4202 Jcsu
2967 4143 3418 4213 praenuntiatum,
3470 4153 3570 4209 per

1990 4240 2251 4310 Spiritum
2288 4253 2533 4294 sanctum
2569 4226 2991 4302 sanctificatum,
3020 4235 3072 4288 vi
3098 4235 3305 4295 divina.
3341 4247 3448 4286 non
3475 4248 3572 4286 na-

1993 4333 2174 4392 turali.
2209 4339 2553 4399 conceptum,
2587 4338 2642 4383 et
2669 4344 2698 4383 e
2730 4328 2938 4394 virgine
2970 4324 3320 4379 sanctissima
3361 4333 3412 4377 et
3456 4337 3573 4394 pra!

1989 4423 2245 4478 omnibus
2276 4421 2500 4476 feminis
2534 4435 2664 4490 pura
2698 4427 2882 4474 natum
2923 4432 3064 4472 esse.
3101 4415 3292 4486 Capite
3327 4414 3572 4469 Euesan

1989 4515 2134 4570 enim
2191 4516 2362 4570 dicit:
2403 4532 2421 4566 ι
2452 4514 2598 4568 Socii
2645 4511 2942 4583 Scriptura:
2995 4511 3141 4579 (hoc
3179 4519 3284 4573 est,
3323 4507 3573 4572 ﬁdeles).

299 4607 687 4678 repetendum,
721 4606 815 4660 sed
849 4605 1032 4674 potius
1081 4619 1220 4673 opus
1255 4603 1540 4673 sapientia:
1577 4605 1750 4674 ipsius
1785 4605 1886 4660 Sam
1919 4621 1963 4675 ι)
1994 4623 2062 4662 ne
2095 4607 2289 4662 dicatis
2321 4607 2422 4662 nisi
2459 4621 2644 4660 verum
2677 4607 2744 4660 de
2777 4606 2908 4667 Deo,
2956 4602 3143 4658 Jesum
3179 4601 3457 4657 Christum
3483 4599 3572 4653 Fi-

297 4710 446 4756 ηοω
481 4714 645 4763 esse;
677 4707 843 4766 atque
885 4712 952 4750 ex
998 4697 1116 4766 ipso
1159 4709 1363 4751 corane
1395 4698 1739 4765 perspicuum
1776 4709 1880 4762 est.

294 4806 426 4845 eum
458 4804 558 4846 nec
591 4805 715 4844 curn
759 4799 947 4844 vetere
977 4786 1285 4856 Scriptura,
1325 4801 1427 4842 nec
1449 4802 1573 4842 cum
1606 4787 1760 4842 Novo
1781 4787 1888 4845 'l'e-

294 4889 576 4937 stamento
607 4895 932 4947 congruere,
972 4894 1096 4933 cum
1134 4887 1317 4933 tamen
1349 4868 1664 4934 consentiat
1695 4882 1887 4937 Moba-

294 4978 496 5034 metes,
537 4984 631 5024 eas
661 4968 900 5022 Litteras
934 4982 1122 5022 sacras
1170 4976 1225 5021 et
1269 4968 1529 5035 pulchras
1580 4985 1726 5033 esse,
1782 4985 1884 5024 nec

293 5061 595 5133 quidquam
624 5059 1043 5130 agere'assecl'as
1073 5074 1224 5125 suos,
1249 5060 1355 5115 nisi
1381 5060 1481 5129 legi
1507 5068 1561 5115 et
1585 5059 1884 5130 Evangelio

294 5152 662 5208 satisfaciant.
699 5150 940 5217 Accedit,
974 5159 1034 5204 ut
1065 5165 1204 5219 pene
1243 5151 1420 5206 ubivis
1451 5151 1553 5206 sibi
1581 5159 1885 5221 repugnet;

293 5256 357 5300 ut
402 5246 614 5300 nullum
655 5244 988 5298 miraculum
1023 5245 1258 5298 ediderit"
1299 5246 1366 5299 ad
1403 5244 1563 5299 ﬁdem
1600 5244 1762 5299 dictis
1790 5260 1885 5314 pa-

292 5335 525 5389 randam
553 5351 570 5399 ;
597 5344 658 5388 ut
682 5334 818 5388 liber
841 5334 946 5388 i5te
967 5333 1254 5388 manifesta
1281 5333 1564 5389 mendacia
1588 5336 1882 5399 contineat,

1991 4700 2121 4752 lium
2154 4699 2336 4753 Mariae
2367 4708 2420 4754 et
2450 4699 2687 4766 legatum
2737 4705 2790 4750 et
2822 4695 3059 4750 Verbum
3096 4694 3190 4749 Dei
3222 4707 3364 4752 esse.
3399 4707 3562 4761 quem

1991 4791 2043 4846 in
2077 4808 2139 4848 ea
2169 4791 2459 4847 collocavit
2491 4805 2586 4858 per
2615 4786 2880 4855 Spiritum
2906 4796 3178 4841 sanctum.
3205 4804 3223 4837 ι
3260 4785 3447 4853 Itaque
3469 4783 3573 4836 mi-

1990 4901 2078 4941 ser
2107 4885 2234 4948 iste,
2287 4897 2411 4936 cum
2449 4883 2618 4935 Deum
2658 4878 2957 4949 appellaret
3010 4886 3063 4933 et
3093 4874 3332 4930 Verbum
3389 4873 3480 4929 Dei
3515 4886 3571 4930 et

1992 4978 2254 5048 Spiritum
2308 4981 2582 5036 sanctum,
2632 4972 2737 5027 hoc
2771 4981 2863 5025 est
2904 4979 3148 5026 sanctam
3221 4967 3568 5032 Trinitatem,

1991 5083 2097 5121 non
2128 5063 2343 5133 aperuit
2374 5070 2554 5114 tamen
2591 5060 2786 5114 oculos
2820 5059 3016 5132 mentis
3053 5058 3118 5111 ad
3152 5056 3449 5112 videndum
3480 5056 3568 5110 lu-

1993 5171 2114 5212 men
2146 5154 2456 5210 Trinitatis.
2482 5151 2750 5206 Nimirum
2785 5151 2934 5207 sicut
2969 5153 3022 5206 in
3049 5160 3236 5205 ventre
3269 5150 3460 5205 matris
3493 5147 3572 5204 fe-

1991 5259 2078 5303 tus
2127 5244 2404 5300 immaturi
2455 5244 2620 5298 vitam
2661 5243 2903 5314 quidem.
2949 5242 3042 5296 sed
3089 5240 3336 5295 inutilem
3389 5252 3442 5295 et
3481 5241 3567 5295 sui

1989 5339 2253 5397 nesciam.
2283 5347 2446 5405 atque
2475 5348 2736 5401 tuentem,
2774 5344 2958 5389 utrum
2998 5332 3215 5399 melius,
3257 5341 3438 5386 utrum
3472 5345 3567 5396 pe-

292 5427 346 5481 id
384 5426 532 5495 quod
575 5441 606 5478 a
640 5425 749 5480 Deo
781 5440 1006 5496 prorsus
1061 5426 1300 5480 alienum
1351 5435 1476 5491 est;
1518 5439 1577 5480 ut
1605 5428 1882 5484 violentus
1985 5431 2077 5501 jus
2107 5434 2198 5494 sit,
2231 5446 2336 5485 non
2368 5432 2768 5486 discernentem
2800 5429 3020 5494 habent,
3055 5436 3170 5492 aut,
3199 5434 3327 5481 ante
3350 5437 3566 5494 tempus

294 5519 370 5574 sit
396 5527 451 5572 et
478 5519 782 5573 libertatem
832 5519 1005 5584 tollat,
1037 5534 1200 5588 quam
1238 5519 1381 5575 Deus
1414 5535 1697 5590 nunquam
1727 5535 1882 5575 ever-

297 5613 404 5677 tit;
436 5619 497 5664 ut
547 5609 978 5680 perturbationis
1013 5611 1206 5679 plenus
1229 5611 1318 5674 sit,
1354 5626 1478 5680 quae
1517 5626 1546 5665 a
1583 5611 1692 5666 Deo
1724 5613 1884 5681 longe

293 5706 472 5768 abest,
507 5703 950 5772 quandoquidem
988 5702 1135 5756 Deus
1173 5718 1280 5756 non
1319 5716 1397 5757 est
1450 5706 1880 5774 perturbationis

294 5794 482 5851 Deus:
518 5806 576 5848 ut
615 5810 814 5864 pravus
848 5797 941 5859 sit,
985 5809 1108 5848 cum
1137 5795 1282 5849 Deus
1320 5797 1471 5850 outni
1509 5800 1580 5852 sit
1621 5803 1881 5870 zequitatc

1990 5524 2146 5586 editi,
2175 5537 2280 5576 non
2307 5523 2578 5584 homines,
2606 5521 2700 5576 sed
2726 5532 2913 5592 partus
2935 5518 3282 5590 przesposteri
3306 5516 3386 5570 vel
3408 5516 3570 5568 abor-

1989 5626 2077 5670 tus
2112 5624 2264 5678 sunt,
2297 5615 2371 5668 ila
2423 5614 2672 5684 quisquis
2708 5613 2912 5684 impius
2950 5628 3045 5683 per
3075 5626 3272 5682 aquam
3316 5617 3369 5662 et
3397 5606 3566 5674 spiri-

1989 5717 2128 5769 tum,
2174 5707 2275 5759 ltoc
2314 5714 2400 5760 est
2439 5719 2688 5762 sanctum
2724 5707 3017 5775 baptisma,
3046 5719 3152 5757 non
3189 5707 3566 5769 regeneratus;

1989 5803 2216 5855 coelesm
2269 5801 2454 5856 lumen
2494 5810 2547 5854 et
2602 5799 2886 5853 veritatem
2938 5796 3182 5865 aspicere
3237 5792 3470 5862 nequit;
3506 5800 3574 5846 et.

298 5897 351 5942 et
385 5887 590 5952 iustitia
625 5885 916 5952 superior;
947 5897 1004 5941 ut
1037 5887 1228 5943 itinera
1261 5886 1452 5945 fictilia
1480 5899 1531 5944 et
1565 5893 1879 5957 prodigiosa
1985 5906 2288 5961 propterea,
2324 5895 2529 5951 clausis
2554 5893 2732 5950 oculis
2767 5889 2991 5956 mentis,
3027 5887 3225 5945 nebulo
3256 5887 3361 5944 Este
3392 5897 3571 5942 occae-
