3962 6548
371 393 486 493 951‘

1403 436 1845 500 CllllONlCON
1878 436 2144 500 MAJUS.
2169 459 2218 472 -
2250 436 2400 498 LIB.
2443 436 2538 499 Ν.

3510 435 3564 497 9.’
3580 433 3618 495 8’

369 560 470 604 τας
501 547 528 599 ὁ
549 520 816 613 ’Μωάμεθ
847 558 862 575 ⁸
900 543 1051 597 οἰδὲν
1080 543 1188 614 γὰρ
1237 545 1412 612 ὑγιὲς,
1455 547 1606 600 oiole
1643 548 1942 616 ὠφέλιμον,
1975 554 2018 608 Α
2049 549 2146 616 τῆς
2175 549 2440 616 σελήνηςς
2476 546 2668 613 Ὅμως
2707 543 2814 606 πᾶς
2849 558 2936 606 τις
2963 544 2992 596 ὁ
3020 543 3198 612 ζητῶν
3226 543 3328 614 τὴν
3356 546 3616 617 ἀλήθειαν

371 637 525 690 οὐδὲν
561 636 682 704 Θεῷ
727 635 936 698 δεκτδν,
985 636 1122 689 sua
1158 637 1227 690 τά
1268 638 1449 690 πάντα
1493 641 1634 692 κατὰ
1661 639 1756 692 τοῦ
1789 640 1949 692 θείου

369 731 536 799 νόμου
582 729 842 792 ἐδίδαξεν.
890 729 950 780 '0
987 728 1234 790 διάὸολος
1279 730 1437 792 ἄθεος
1479 733 1616 795 ἐστι,
1659 736 1754 783 καὶ
1794 730 1938 785 κατὰ

369 819 552 871 πάντα
576 819 760 886 ὅμοιος
791 816 939 886 αὐτῷ
969 817 996 869 ὁ
1021 815 1126 885 τῆς
1147 816 1423 880 ἀπωλείας
1458 818 1570 879 υίὸς
1597 819 1626 870 ὁ
1653 817 1897 886 Μωάμεθ
1918 833 1934 851 ο

369 911 505 963 Θεδν
545 912 665 982 γὰρ
685 911 994 983 προσκυνεῖ
1037 911 1132 964 καὶ
1185 912 1448 982 κηρύττει
1483 911 1810 980 ὁλόσφαιρον
1845 901 1938 964 καὶ

366 1005 734 1073 ψυχρότατον,
776 1003 910 1056 Θεὸν
951 1005 1251 1071 προσκυνεῖ
1293 1004 1382 1055 τὸν
1431 1005 1568 1072 μήτε
1598 1006 1935 1070 γεννήσαντα

370 1095 510 1164 μήτε
547 1093 898 1164 γεννηθέντα,
950 1093 1025 1163 μὴ
1057 1094 1258 1163 νοήσας
1301 1094 1329 1145 ὁ
1371 1091 1606 1154 δείλαιος
1649 1092 1730 1144 ὅτι
1775 1090 1936 1160 σῶμα

365 1189 670 1254 προσκυνεῖ
698 1188 792 1238 καὶ
825 1187 885 1238 οὐ
911 1185 1045 1238 Θεόν
1071 1203 1087 1220 ο
1117 1188 1150 1256 ἡ
1197 1185 1307 1254 γάρ
1339 1186 1540 1255 σφαῖρα
1571 1180 1710 1246 εἶδος
1743 1181 1935 1249 σώμα-

365 1274 455 1336 τός
483 1277 598 1328 ἐστι
624 1277 715 1328 καὶ
745 1277 778 1346 ἠ
808 1275 968 1344 ψῦξις
1001 1275 1228 1344 ποιότης
1263 1272 1540 1340 σώματος.
1575 1273 1677 1324 Τδν
1714 1272 1769 1324 δὲ
1800 1270 1935 1324 Θεὸν

364 1367 456 1418 τον
494 1370 631 1436 μήτε
675 1360 1014 1438 γεννήσαντα
1053 1370 1190 1437 μήτε
1226 1366 1558 1436 γεννηθέντα
1593 1367 1654 1418 ού
1697 1382 1942 1434 προσκυ-

365 1464 472 1525 νεῖ,
532 1461 672 1515 ἀλλὰ
711 1465 894 1528 σῶμα,
939 1460 1060 1514 οὗτε
1101 1462 1234 1514 Θεὸν
1258 1458 1552 1527 ἀσώματον
1585 1459 1681 1511 καὶ
1736 1458 1932 1526 ἀληθῆ,

365 1554 502 1608 ἀλλὰ
531 1552 704 1624 377
724 1554 858 1606 Θεὶν
904 1555 1213 1622 προσκυνεῖ·
1237 1553 1295 1606 δν
1327 1552 1531 1622 ὄνειροι
1565 1551 1676 1604 τῶν
1719 1551 1932 1604 ἀσεϐῶν

362 1643 777 1701 διαπλάττουσι.
831 1647 871 1698 Γ
875 1646 1050 1700 ελοῖον
1081 1646 1189 1716 γάρ
1241 1646 1458 1708 πάντως
1510 1645 1631 1696 ἐστὶ
1683 1641 1932 1706 δοξάζειν

361 1737 483 1790 τινὰ
513 1737 664 1804 ἣλιον
683 1737 796 1804 φῶς
829 1738 904 1806 μὴ
928 1737 1117 1806 ἔχοντα
1137 1737 1231 1790 καὶ
1253 1738 1438 1805 πηγὴν
1468 1737 1597 1790 ἄνευ
1626 1735 1816 1796 ὕδατος
1838 1734 1934 1787 καὶ

360 1828 490 1882 νοῦν
511 1828 668 1898 λόγον
693 1829 768 1900 μὴ
806 1829 1015 1899 ἔχοντα.
1053 1829 1140 1893 Ὦς
1161 1829 1414 1882 ἀπόλοιτο
1443 1832 1470 1884 ὁ
1509 1828 1751 1892 τοιοῦτος
1776 1829 1927 1889 Θεός.

376 1921 436 1976 '0
454 1923 511 1976 δὶ
529 1922 660 1993 παρ’
675 1925 808 1994 ἡμῖν
827 1925 938 1986 τοῖς
959 1924 1308 1992 Χριστιανοίς
1327 1923 1458 1983 Θεὸς
1483 1918 1563 1985 εἷς
1581 1924 1752 1986 ἐστιν,
1781 1922 1807 1973 ὁ
1824 1919 1931 1989 πρὸ

347 2001 584 2066 ¹πάντων
635 2013 728 2066 καὶ
759 2014 852 2066 ἐπὶ
899 2014 1126 2066 πάντων
1149 2015 1249 2068 καί
1288 2015 1346 2066 ἐν
1384 2014 1520 2067 πᾶσι
1559 2016 1654 2066 καὶ
1702 2012 1843 2078 ὑπὲρ
1868 2012 1930 2064 τὸ

365 2108 495 2169 πᾶν,
527 2107 584 2158 ὲν
615 2105 791 2175 nam
820 2106 914 2160 καὶ
945 2106 1060 2176 Υίῷ
1083 2108 1178 2161 καὶ
1208 2107 1348 2176 άγὲῳ
1373 2105 1652 2175 ῐΙνεύματι
1683 2105 1931 2158 πιστευό-

365 2197 524 2266 μενός
555 2212 615 2249 τε
652 2199 748 2251 καὶ
776 2197 1273 2266 προσκυνούμενος,
1314 2199 1483 2267 μονάς
1516 2200 1573 2250 ὲν
1611 2197 1806 2265 Τριάδι
1835 2198 1928 2249 καὶ

361 2287 532 2356 Τριάς
561 2290 618 2341 ἐν
647 2289 839 2357 μονάδι
864 2289 1183 2358 άσυγχύτως
1207 2283 1472 2359 ἑνουμένη
1497 2290 1594 2343 καὶ
1619 2290 1929 2359 άμερίστως

357 2377 735 2450 διαιρουμένη,
782 2383 952 2449 μονὰς
983 2382 1018 2450 ἡ
1052 2381 1192 2448 αὑτὴ
1235 2383 1332 2434 καὶ
1380 2381 1552 2450 Τριάς
1589 2381 1927 2435 παντοδύναο

359 2488 482 2540 μος,
517 2473 699 2542 πατὴρ
728 2473 966 2544 ἄναρχος
993 2475 1057 2528 οὐ
1091 2473 1254 2542 μόνον
1284 2473 1359 2536 ὡς
1376 2475 1630 2543 άχρονος,
1667 2472 1804 2526 άλλά
1828 2475 1921 2526 καὶ

355 2564 432 2628 ὡς
459 2565 600 2618 κατὰ
645 2566 826 2618 πάντα
875 2566 1081 2640 τρόπον
1119 2566 1384 2630 ἀναίτιος,
1433 2567 1594 2636 μόνος
1631 2565 1782 2620 αίτία
1828 2565 1924 2618 καὶ

354 2659 482 2730 ῥίζα
519 2660 614 2711 καὶ
642 2660 791 2729 πηγὴ
819 2658 920 2727 τῆς
952 2661 1010 2711 ὲν
1042 2657 1154 2728 Υίῷ
1184 2661 1277 2713 καὶ
1304 2659 1449 2727 άγίῳ
1481 2658 1759 2726 Πνεύματι
1784 2657 1922 2710 θεωο

355 2752 622 2821 ρουμένη;
653 2751 906 2821 θεότητος
929 2765 944 2780 '
978 2751 1035 2814 δς
1065 2752 1223 2813 ἵλεως
1253 2752 1466 2819 γένοιτο
1496 2753 1630 2822 ἡμῖν
1660 2753 1755 2804 καὶ
1787 2754 1923 2804 πᾶσι

351 2841 700 2912 Χριστιανοῖς
731 2845 790 2894 ὲν
828 2845 894 2912 τῇ
941 2841 1124 2913 ἡμέρᾳ
1161 2842 1258 2911 τῆς
1312 2842 1573 2910 κρίσεως,
1598 2843 1921 2911 πρεσϐείαις

352 2935 453 3002 τῆς
495 2934 1128 3004 πανυπερευλογημένης
1161 2935 1449 3004 δεσποίνης
1476 2934 1632 3004 ἡμῶν
1663 2933 1918 2987 θεοτόκου

351 3025 448 3079 καὶ
497 3025 857 3096 άειπαρθένου
908 3025 1125 3097 Μαρίας
1168 3027 1263 3080 καὶ
1304 3027 1522 3081 πάντων
1560 3027 1669 3080 τῶν
1719 3028 1916 3096 άγίων.

361 3118 561 3187 Ἀμήν.

2043 639 2238 706 γνώτω
2267 641 2350 692 ὅτι
2383 638 2454 692 τά
2483 637 2736 705 θαύματα
2768 637 2830 688 οὔ
2881 638 3004 688 κατ’
3039 636 3302 701 ἐπίδειξιν
3343 638 3611 705 γίνονται,

2040 731 2177 784 ἀλλὰ
2210 730 2279 784 δι’
2310 729 2580 798 ὠφέλειαν
2618 726 2857 796 ψυχικὴν
2889 728 3006 796 ἅμα
3037 727 3132 780 καὶ
3162 730 3504 796 σωματικὴν,
3537 730 3614 793 ὡς

2041 824 2133 876 ἐπὶ
2171 824 2266 876 τοῦ
2316 822 2578 892 Χριστοῦ,
2613 821 2644 891 ἢ
2681 821 2768 874 διά
2814 821 3030 890 χρῆσιν,
3077 819 3152 882 ὡς
3188 822 3281 872 ἐπὶ
3325 821 3418 873 τσῦ
3449 823 3614 876 Monii-

2041 916 2183 979 σέως
2225 917 2318 970 καὶ
2346 914 2526 986 Ἰησοῦ
2556 913 2644 967 τοῦ
2674 915 2852 983 Ναυῆ.
2901 913 3064 968 ’Λλλᾶ
3105 913 3218 975 πῶς
3249 914 3519 982 ἐνήργησε
3551 912 3615 966 ea

2036 1009 2136 1078 τῆς
2181 985 2419 1078 σελήνης
2457 1006 2700 1060 τοιοῦτον
2753 1006 2989 1070 ἐξαίσιον
3031 1005 3260 1072 θαῦμα;
3291 1003 3465 1065 Αὐτὸς
3502 1004 3612 1073 γάρ
3672 985 3696 1010 θ

2037 1101 2185 1153 ιστιν
2209 1103 2237 1153 ὁ
2264 1101 2434 1152 εἰπὼν
2471 1101 2554 1153 ὅτι
2582 1100 2680 1153 οὐκ
2710 1094 2841 1169 ἦ).οε
2863 1098 2960 1152 διὰ
2980 1098 3276 1164 θαυμάτων
3306 1097 3491 1149 δοῦναι
3517 1095 3612 1148 τὸν

2037 1193 2223 1260 νόμον,
2255 1191 2393 1245 ἀλλὰ
2443 1193 2538 1244 καὶ
2569 1191 2659 1244 διὰ
2689 1191 2750 1242 τὸ
2787 1189 3153 1244 παιδεύεσθαι·
3189 1191 3334 1258 ἡμᾶς
3367 1205 3609 1256 κατηγο-

2039 1286 2126 1356 ρεῖ
2149 1282 2306 1354 ἡμῶν
2330 1298 2347 1315 θ
2383 1283 2493 1352 ἐγὼ
2522 1282 2689 1353 378
2720 1283 2799 1346 δὲ,
2832 1281 2989 1350 φησὶ,
3019 1281 3350 1344 τούναντίον,
3382 1280 3462 1334 ὅτι
3488 1281 3612 1330 ὲπιο

2039 1374 2372 1445 μελούμενος
2431 1377 2459 1426 ὀ
2516 1376 2698 1442 πατὴρ
2748 1371 2844 1424 τοῦ
2901 1373 3091 1434 παιδὸς
3146 1371 3397 1431 παιδεύει
3452 1370 3606 1430 αὐτὸ,

2036 1467 2262 1538 ἀγάπης
2293 1467 2729 1536 ἐνυπαρχούσης.
2771 1465 2880 1520 Καὶ
2904 1466 3033 1535 περὶ
3066 1463 3165 1532 μὲν
3192 1463 3302 1516 τῶν
3338 1462 3607 1531 Ἐϐραίων

2035 1559 2251 1630 άληθῶς
2286 1557 2440 1613 εἶπεν
2463 1575 2479 1590 ο
2513 1559 2563 1611 οί
2595 1559 2704 1627 γὰρ
2749 1558 2991 1628 Ἐὕραῖοι
3025 1557 3166 1609 κατὰ
3206 1555 3434 1626 καιροὺς
3487 1554 3610 1607 ἔλα·-

2035 1651 2130 1705 σον
2159 1651 2329 1721 ὀργὴν
2363 1650 2474 1704 ἀπὸ
2500 1647 2660 1716 Θεοῦ,
2689 1650 2804 1703 ἀλλ’
2828 1651 2929 1704 οὐκ
2954 1649 3286 1717 άσυμπαθῆο
3327 1643 3474 1716 εἶχον
3511 1648 3606 1701 καὶ

2035 1747 2144 1816 γὰρ
2178 1748 2464 1815 προφήτας
2493 1747 2564 1800 δι’
2585 1749 2710 1800 ὅλου
2735 1746 2829 1800 τοῦ
2861 1747 3056 1816 καιροῦ
3087 1748 3181 1800 καὶ
3211 1746 3481 1815 άγιασμδν
3509 1745 3614 1798 καὶ·

2036 1834 2390 1906 ίερωοσύνην,
2429 1835 2790 1899 παιδεύοντος.
2815 1836 2920 1903 μὶν
2963 1835 3173 1898 αὐτοὺς
3191 1835 3288 1888 τοῦ
3322 1834 3461 1887 Θεοῦ
3496 1851 3610 1885 ctua

2039 1927 2307 1997 ματικῶς,
2339 1926 2589 1996 ψυχικὼς
2623 1927 2679 1980 δὲ
2717 1927 2780 1980 οὐ
2825 1927 3322 1996 κατελιμπάνοντο.
3354 1924 3508 1977 Μετὰ
3545 1924 3604 1976 δὲ

2035 2020 2128 2072 τὸν
2156 2019 2252 2073 τοῦ
2286 2021 2494 2090 Κυρίου
2526 2021 2763 2088 σταυρὸν
2792 2021 2885 2072 καὶ
2907 2021 2966 2073 τὺ
2993 2020 3164 2080 πάθος
3201 2019 3419 2084 ἐγένετο
3461 2034 3606 2068 πανο

2035 2111 2198 2181 τελὴς
2233 2111 2313 2174 εἰς
2344 2112 2541 2174 αὐτοὺς
2571 2113 2960 2180 ὲγκατάλειψισ
2992 2111 3183 2181 ψυχῶν
3203 2125 3262 2162 τε
3289 2109 3383 2160 καὶ
3410 2107 3610 2178 σωμάο·

2031 2220 2162 2270 των,
2195 2207 2276 2266 είς
2312 2206 2510 2267 αὐτοὺς
2535 2204 2677 2271 λέγω
2698 2208 2821 2266 τοὺς
2856 2203 3132 2266 αὐθάδεις.

2105 2294 2169 2360 ζ’.
2229 2297 2356 2350 Ἐπὶ
2400 2296 2462 2349 τὸ
2515 2295 2875 2364 προκείμενον
2925 2292 3020 2348 οὖν
3073 2293 3464 2361 ἐπανέλθωμεν
3499 2294 3614 2361 τῆς

2033 2389 2310 2459 ἡμετέρας
2359 2388 2664 2457 διηγήσεώς
2720 2405 2778 2440 τε
2831 2388 2925 2440 καὶ
2986 2390 3250 2457 ἱστορίας.
3303 2387 3397 2455 Τῷ
3449 2385 3610 2453 θέρει

2030 2479 2125 2532 τοῦ
2151 2479 2336 2549 ,ς’ἒξβν
2365 2479 2519 2541 ἔτους
2554 2480 2759 2550 ἧρξατο
2789 2479 3075 2548 φαίνεσθαι
3107 2478 3355 2548 κομήτης
3386 2479 3450 2528 ὲκ
3487 2478 3610 2529 τῶν

2029 2570 2260 2624 δυτικῶν
2293 2572 2480 2640 μερῶν
2503 2571 2597 2624 τοῦ
2627 2572 2724 2638 ἀφ’
2753 2572 2992 2640 ἑσπέρας
3021 2569 3297 2639 ὁρίζοντος
3329 2569 3608 2637 ἑκάστης,

2029 2663 2192 2726 εὐθὺς
2235 2668 2374 2732 μετὰ
2413 2664 2566 2717 δύσιν
2615 2664 2792 2734 ἡλίου,
2826 2663 3074 2733 ῥομφαίᾳ
3107 2662 3217 2714 τινὶ
3258 2661 3472 2723 ἐοικὼς,
3501 2661 3598 2714 καὶ

2023 2756 2093 2825 τῇ
2147 2755 2348 2826 σελήνῃ
2407 2757 2730 2826 πλησιάσας.
2776 2755 3102 2824 πανσελήνῳ
3153 2753 3290 2824 οὔσῃ
3347 2753 3598 2821 ἔκλειψις

2027 2846 2170 2900 κατὰ
2197 2846 2371 2918 τύχην
2399 2847 2591 2915 γέγονε
2629 2846 2782 2900 κατὰ·
2810 2845 2911 2916 τὴν
2941 2846 3100 2910 τάξιν
3128 2845 3223 2898 καὶ
3256 2843 3455 2898 κύκλον
3486 2843 3608 2895 τῶν·

2026 2938 2296 3008 οὐρανίων
2325 2939 2758 3010 φωστήρων,.ὡς
2793 2938 2939 3001 εθος.
2967 2938 3126 3000 Τινὲς
3147 2937 3202 2990 δὲ
3226 2934 3318 2988 τδν
3343 2935 3613 3003 κομήτηνι·

2029 3026 2275 3096 ξιφοειδῆ
2325 3029 2563 3097 δρῶντες
2598 3034 2693 3084 καὶ
2717 3032 2792 3082 inv
2824 3029 2934 3082 τῶν
2964 3028 3238 3098 ἑσπερίων
3275 3025 3600 3093 κινούμενον

2025 3119 2121 3171 καὶ
2155 3120 2289 3190 πρὸς
2326 3121 2593 3184 ἀνατολάς
2620 3122 2718 3190 τὴν
2745 3121 2974 3191 πορείαν
3003 3121 3257 3175 ποιοῦντα
3289 3120 3384 3173 καὶ
3407 3119 3474 3187 τῇ
3502 3132 3593 3170 σε-

421 3215 495 3275 ς·’.
531 3209 628 3274 Τίς
660 3209 790 3277 γοῦν
825 3212 1106 3281 ἀντιλογία
1139 3212 1257 3266 ἐστὶ
1297 3213 1426 3284 περὶ
1454 3213 1549 3293 τοῦ
1597 3213 1916 3286 πλάσματος
1941 3194 1986 3257 C
2018 3207 2155 3280 λήνῃ
2217 3209 2619 3282 πλησιάσαντα,
2653 3211 2747 3265 καὶ
2777 3211 2840 3264 τὸ
2895 3210 3092 3274 σκότος
3143 3199 3259 3280 τῆς.
3292 3207 3604 3274 ὲκλιίψιωςο

347 3395 528 3445 tOrum
555 3404 750 3449 suasor
781 3397 901 3456 est;
936 3387 1080 3444 idem
1120 3405 1235 3460 pra:
1271 3391 1527 3446 omnibus
1555 3389 1914 3458 Mohametes,

345 3483 441 3552 qui
473 3483 609 3536 nihil
641 3483 907 3549 salutare,
942 3483 1079 3537 nihil
1106 3483 1261 3548 utile,
1294 3483 1429 3538 nihil
1454 3482 1566 3538 Deo
1603 3494 1914 3551 acceptum,

342 3575 438 3630 sed
474 3575 655 3630 omnia
690 3574 795 3642 legi
825 3575 1039 3643 ,divina:
1082 3578 1362 3632 contraria
1407 3576 1617 3631 docuit.
1655 3577 1916 3633 Diabolus

343 3666 545 3736 impius
574 3677 696 3733 est;
733 3668 962 3721 omnino
997 3668 1060 3722 ei
1083 3668 1397 3724 simillimus
1427 3678 1511 3722 est
1543 3668 1819 3738 perniciei
1849 3668 1914 3722 li-

341 3760 446 3812 lius
461 3757 1008 3814 Multametes.Deum
1031 3759 1173 3814 enim
1198 3759 1413 3826 adorat,
1437 3774 1599 3828 quem
1623 3759 1911 3829 globosum

338 3861 391 3910 et
423 3849 838 3920 frigidissimum
863 3851 1124 3922 appellat,
1156 3851 1348 3914 Deum,
1375 3851 1470 3922 qui
1495 3866 1597 3906 nec
1627 3851 1923 3919 generavit

338 3957 441 3996 nec
485 3954 776 4010 generatus
824 3950 932 4004 est,
968 3941 1201 3998 adorare
1235 3942 1339 3997 sibi
1392 3944 1566 4004 visus,
1605 3950 1768 4010 atque
1817 3955 1912 3995 ne-

337 4032 509 4095 Scius,
537 4046 758 4100 corpus,
779 4045 889 4084 non
918 4030 1088 4084 Deum
1117 4046 1147 4085 a
1171 4045 1230 4086 se
1258 4031 1499 4086 adorari.
1525 4031 1735 4086 Glohus
1758 4031 1907 4086 enim

335 4124 569 4188 Species,
604 4123 776 4194 frigus
825 4123 1064 4192 qualitas
1108 4124 1363 4192 corporis
1407 4132 1510 4179 est.
1552 4125 1749 4193 itaque
1798 4138 1906 4177 non

338 4215 530 4280 Deum,
554 4215 642 4285 qui
669 4231 766 4270 nec
795 4215 1076 4286 generavit
1105 4231 1206 4271 nec
1235 4225 1530 4285 generatus
1557 4226 1663 4282 est,
1691 4217 1908 4279 adorat,

335 4307 428 4362 sed
458 4307 902 4376 corpus-adorat,
945 4321 1046 4362 nec
1077 4306 1246 4362 Deum
1287 4308 1676 4377 incorporeum
1717 4317 1772 4364 et
1814 4323 1909 4363 ve-

334 4415 457 4454 rum
488 4402 702 4466 adorat,
739 4401 832 4454 sed
888 4400 1080 4464 Deum,
1113 4416 1280 4469 quem
1327 4403 1559 4456 somniar
1604 4401 1919 4470 impiorum

2018 3393 2152 3448 sitas
2179 3399 2264 3448 est
2287 3393 2322 3446 ἲ·
2344 3391 2552 3461 Nempe
2599 3391 2917 3461 quicunque
2951 3406 3138 3446 verum
3186 3389 3375 3446 dicere
3417 3389 3589 3458 cupit,

2016 3485 2178 3547 scito,
2203 3484 2477 3538 miracula
2507 3499 2614 3537 non
2656 3484 2972 3539 ostentandi
3004 3498 3193 3546 causa,
3234 3484 3329 3538 sed
3369 3493 3604 3552 propter

2017 3576 2248 3630 salutem
2279 3576 2477 3628 animae
2503 3581 2558 3628 et
2587 3575 2857 3643 corporis,
2891 3583 2952 3628 ut
2981 3589 3010 3628 a
3035 3574 3283 3636 Christo,
3311 3585 3408 3626 aut
3453 3588 3586 3642 pro-

2017 3677 2136 3736 pter
2168 3665 2578 3728 necessitatem,
2610 3675 2670 3720 ut
2699 3682 2727 3718 a
2753 3667 2946 3732 Moyse
2979 3674 3036 3719 et
3061 3662 3216 3729 Jesu,
3250 3663 3419 3719 Navae
3448 3663 3586 3728 lilio,

2018 3753 2154 3808 fieri.
2187 3753 2326 3820 Quid
2358 3763 2538 3808 autem
2574 3752 2682 3807 iste
2710 3753 2852 3807 lunae
2893 3752 3022 3807 illttd
3051 3753 3316 3806 eximium
3351 3751 3591 3807 miracu-

2013 3845 2126 3900 lum
2158 3846 2372 3901 edidit?
2402 3845 2522 3914 lpse
2560 3845 2705 3898 enim
2739 3845 2894 3910 dicit,
2929 3860 3036 3898 non
3075 3843 3292 3899 venisse
3323 3859 3382 3900 se
3411 3846 3583 3898 mira-

2012 3939 2152 3994 culis
2185 3939 2353 4008 lcgem
2391 3935 2772 3992 constitutum.
2827 3938 2968 4004 Quin
3023 3937 3189 3992 etiam
3240 3952 3381 4002 nos,
3433 3936 3584 4004 quod

2012 4021 2363 4103 castigentur,
2383 4039 2628 4085 accusat.
2660 4029 2949 4099 Equidem,
2970 4029 3067 4092 ait,
3087 4037 3276 4081 contra
3305 4027 3453 4093 dico,
3481 4042 3582 4095 pa-

2014 4135 2152 4180 trem
2200 4123 2395 4196 luium,
2446 4137 2608 4192 quem
2642 4138 2788 4177 cura:
2843 4122 3029 4186 habet,
3065 4121 3361 4190 castigare,
3393 4135 3601 4175 amore

2009 4226 2368 4272 commotum.
2431 4216 2511 4270 Ac
2559 4215 2627 4270 de
2665 4213 2910 4269 Hebreis
2956 4213 3178 4282 quidem
3228 4220 3376 4267 recte
3425 4212 3582 4266 dicit.

2011 4308 2222 4362 Hebraei
2253 4308 2398 4363 enim
2447 4321 2842 4375 nonnunquam
2888 4305 3024 4359 iram
3057 4303 3150 4358 Dei
3181 4302 3400 4368 experti
3428 4314 3580 4365 sunt,

2012 4415 2188 4468 neque
2207 4407 2387 4452 tamen
2411 4399 2559 4452 illam
2583 4397 3096 4452 immisericordem.
3122 4393 3409 4450 Habebam
3430 4394 3576 4448 enim

331 4491 733 4545 continuerunt.
782 4492 1018 4546 Prorsus
1067 4492 1362 4546 ridiculum
1409 4493 1554 4546 enim
1583 4503 1688 4558 est,
1733 4494 1902 4549 solem
1938 4529 1980 4580 υ
2009 4502 2273 4559 perpetuo
2307 4491 2626 4561 prOphetas,
2663 4505 2824 4545 sacra
2862 4499 2918 4545 et
2958 4488 3296 4552 sacerdotia,
3346 4501 3579 4556 corpore

332 4583 494 4644 lucis,
529 4592 626 4636 aut
675 4583 876 4637 fontem
909 4598 1085 4651 aquae,
1124 4592 1218 4637 aut
1258 4594 1492 4639 mentem
1531 4585 1762 4640 rationis
1807 4601 1904 4640 ex-

329 4681 538 4740 pertem
571 4674 832 4744 cOgitare.
855 4673 1038 4740 Quare
1065 4684 1256 4745 pereat
1291 4676 1395 4730 iste
1419 4673 1585 4730 Deus.
1607 4675 1712 4730 Sed
1746 4676 1905 4730 Chri-

328 4765 632 4819 stianorum
652 4763 796 4821 Deus
829 4783 970 4822 unus
1003 4776 1090 4822 est
1119 4779 1247 4823 ante
1277 4769 1463 4823 omnia
1485 4779 1538 4824 et
1565 4779 1687 4838 post
1715 4771 1899 4824 omnia

326 4863 382 4907 et
418 4855 470 4907 in
497 4856 756 4912 omnibus
796 4868 852 4913 et
881 4874 1045 4928 supra
1091 4860 1306 4924 omnia,
1345 4861 1398 4915 in
1437 4861 1619 4923 Patre,
1665 4859 1806 4914 Filio
1845 4869 1902 4916 et

325 4943 532 5008 Spiritu
566 4957 754 5001 sancto
793 4950 1038 5005 creditus
1067 4960 1120 5006 et
1147 4953 1425 5019 adoratus,
1479 4953 1660 5007 unitas
1701 4937 1752 5006 in
1780 4952 1901 5006 Tri-

324 5035 496 5090 nitate
525 5045 582 5090 et
608 5034 854 5093 Trinitas
885 5040 936 5093 in
968 5042 1175 5097 unitate
1209 5043 1446 5097 immisla
1485 5044 1804 5110 conjuncta,
1843 5053 1900 5098 et

326 5126 912 5196 inclividuazscparata,
962 5135 1148 5189 unitas
1178 5134 1370 5190 eadem
1404 5144 1459 5189 et
1499 5134 1740 5190 Trinitas
1778 5151 1896 5190 om-

323 5221 597 5287 nipotens,
625 5220 784 5276 Pater
821 5224 977 5278 initio
1003 5240 1218 5287 carens,
1251 5242 1360 5280 non
1383 5227 1561 5281 solum
1587 5227 1728 5294 quod
1759 5235 1896 5280 tem-

322 5327 474 5378 pore,
514 5314 609 5367 sed
636 5315 800 5368 etiam
836 5316 983 5384 quod
1025 5307 1250 5370 omnino
1296 5332 1462 5372 causa
1501 5334 1609 5373 non
1641 5319 1894 5374 contine-

324 5409 432 5462 tur,
475 5401 626 5456 solus
655 5417 823 5458 causa
865 5413 920 5458 et
966 5406 1119 5460 radix
1156 5416 1211 5461 et
1257 5406 1384 5463 fons
1415 5407 1718 5464 divinitatis
1753 5407 1893 5461 Filio

319 5501 368 5544 et
398 5489 627 5559 Spiritui
654 5506 846 5549 sancto
872 5496 1050 5552 insita:
1078 5515 1091 5552 :
1121 5498 1214 5566 qui
1240 5499 1398 5555 nobis
1423 5507 1477 5554 et
1501 5502 1714 5556 cunctis
1736 5501 1894 5557 Chr;-

319 5583 517 5638 stianis
550 5588 816 5656 propitius
846 5590 917 5643 sit
945 5590 1035 5644 die
1057 5589 1328 5660 judiciali,
1363 5591 1696 5661 deprecante
1728 5593 1892 5646 bene-

317 5673 622 5731 dictissima
655 5679 877 5736 domina
909 5693 1119 5748 nostra,
1155 5682 1381 5753 Deipara
1425 5691 1480 5738 et
1507 5699 1727 5753 semper
1756 5683 1886 5740 Vir-

317 5766 441 5833 gine
481 5759 647 5824 Maria
677 5781 730 5826 et
765 5774 1020 5829 otnnibus
1047 5777 1276 5830 sanctis.
1305 5776 1500 5831 Amen.

387 5861 440 5913 6.
465 5857 596 5930 Quae
627 5879 752 5920 vero
779 5866 975 5920 tabulae
997 5867 1156 5924 istius
1179 5867 1247 5924 de
1275 5869 1402 5926 luna
1433 5871 1681 5926 conlicta:
1711 5871 1884 5929 insul-

2009 4596 2037 4632 a
2092 4580 2200 4634 Deo
2247 4581 2521 4649 castigati,
2577 4580 2675 4635 sed
2725 4581 2907 4635 anima
2968 4597 3078 4636 non
3124 4581 3392 4635 destituti.
3443 4578 3576 4634 Post

2007 4669 2209 4724 Christi
2245 4677 2430 4723 autem
2482 4669 2810 4738 supplicium
2856 4680 2911 4722 et
2940 4670 3352 4738 perpessionem
3384 4678 3575 4723 secula

2003 4770 2085 4815 est
2112 4760 2351 4830 perfecta
2383 4775 2596 4825 eorum,
2627 4759 2678 4812 id
2709 4767 2794 4813 est
2817 4759 3258 4824 contumacium,
3289 4760 3575 4814 destitutio

2005 4863 2120 4908 tum
2161 4853 2413 4923 corporis
2442 4864 2556 4906 tum
2581 4851 2800 4906 animae.

2075 4946 2128 5000 7.
2162 4943 2470 5000 Redeamus
2495 4944 2608 5013 jam
2646 4945 2712 4997 ad
2744 4958 2852 5006 res,
2883 4942 2938 4996 in
2971 4941 3176 5011 quibus
3205 4957 3350 4996 nunc
3395 4941 3568 4995 maxi-

2002 5053 2090 5093 me
2134 5051 2441 5099 versamur,
2474 5035 2836 5090 enarrandas.
2891 5030 3106 5088 Estate
3155 5033 3284 5086 anni
3328 5031 3466 5086 696:).
3515 5033 3567 5086 in

1999 5143 2154 5200 parte
2186 5127 2511 5185 occidentali
2562 5127 2864 5180 horirontis
2907 5126 3155 5194 quotidie
3202 5126 3390 5182 statim
3443 5133 3568 5193 post

1997 5239 2252 5278 occasum
2283 5221 2418 5277 solis
2459 5231 2700 5277 cometes
2733 5222 3024 5288 romphaea:
3055 5219 3255 5273 similis
3299 5233 3570 5288 apparere

1996 5317 2203 5384 capit;
2234 5316 2329 5382 qui
2358 5329 2482 5368 cum
2516 5329 2686 5383 prape
2717 5314 2902 5366 lunam
2936 5321 3102 5377 esset,
3142 5313 3303 5380 pleno
3348 5312 3560 5364 lumine

1996 5408 2402 5478 splendentem,
2453 5405 2675 5465 accidit,
2718 5415 2779 5458 ut
2807 5402 3046 5458 defectio
3093 5402 3235 5456 luna:
3267 5401 3440 5464 fieret,
3478 5416 3568 5455 se-

1996 5500 2233 5554 cundum
2269 5498 2491 5552 ordines
2518 5507 2573 5551 et
2603 5495 2893 5550 circuitum
2926 5511 3106 5549 rerum
3140 5493 3469 5552 caelestium,
3509 5501 3571 5544 ut

1997 5592 2138 5648 solet
2173 5590 2312 5645 ﬁeri.
2342 5589 2574 5656 Quidam
2606 5605 2731 5646 cum
2760 5598 3030 5644 cometem
3057 5586 3239 5658 gladio
3260 5583 3497 5638 simulem
3531 5597 3573 5637 ο

1999 5686 2222 5756 regione
2272 5683 2602 5740 occidentali
2637 5684 2903 5738 orientem
2951 5697 3144 5736 versus
3180 5678 3478 5748 procedere
3509 5685 3578 5730 ce

1995 5783 2136 5834 luna:
2189 5779 2634 5848 appropinquare
2685 5777 2938 5830 viderent
2993 5774 3372 5840 sentirentqtte
3413 5779 3568 5822 tene»

1997 5873 2123 5927 bras
2158 5869 2512 5936 defectionis,
2565 5868 2980 5934 existimabant,
3013 5875 3280 5922 cometem
3327 5864 3474 5918 hunc
3505 5871 3579 5918 σε
