3962 6594
877 391 986 423 ,νγ

323 438 432 502 959

1562 447 1890 512 GEORGII
1922 447 2360 512 ΡΗίὶΑΝΤΖΕ

3479 459 3586 522 960

330 555 549 618 ἰδόντες,
609 555 858 628 ὲνόμιξον
915 546 998 613 ὅτι
1047 561 1076 614 6
1127 563 1374 634 κομήτης
1428 564 1456 617 6
1503 566 1773 638 ξιφοειδὴς
1823 571 1919 622 καὶ
1949 574 1992 626 Α
2024 565 2326 635 βιαζομένη
2380 563 2484 618 ὗπδ
2533 565 2640 619 τῶν
2673 565 2894 635 ἀνέμων
2941 568 2972 637 ἡ
3019 565 3122 635 ῦλη
3155 565 3218 621 ού
3271 567 3590 638 κατέρχεται

325 648 358 713 ἠ
434 650 702 713 σκότωσις
742 651 845 719 τῆς
909 653 1140 723 σελήνης
1187 655 1359 720 οὕτως
1406 657 1580 727 δηλοῖ,
1639 660 1723 714 ὅτι
1784 662 1910 730 μέλ-

328 740 516 796 λουσιν
581 745 943 814 ὀμοφωνῆσαι
1019 749 1066 800 oi
1138 750 1248 802 τῶν
1316 751 1590 822 ἐσπερίων
1653 754 1910 818 αὐθέντες

331 833 654 902 Χριστιανοὶ
705 837 882 890 ἐλθεῖν
929 840 1069 894 κατὰ
1101 841 1211 895 τῶν
1266 842 1552 912 Τούρκων,
1584 845 1680 898 καὶ
1712 847 1912 911 αὐτοὺς

332 927 766 1002 νικῦσουσινκοὶ
793 931 1028 1001 Τοῦρκσι
1055 933 1109 986 δὲ
1137 934 1476 1006 θεωροῦντες
1514 938 1610 992 καὶ
1645 939 1800 992 αὐτοὶ
1831 939 1911 1004 είς

255 1005 264 1016 ’
335 1015 503 1084 φόϐον
549 1019 650 1071 οὐκ
705 1021 889 1090 ὀλίγον
934 1025 1029 1078 καὶ
1076 1005 1378 1096 λογισμοὺς
1420 1031 1698 1085 ἐνέπεσον.
1749 1032 1913 1087 Ἀλλὰ

337 1109 432 1160 καὶ
466 1111 520 1162 αξ
572 1109 768 1174 νύκτες
1009 1117 1216 1170 ἐκεῖναι
1263 1120 1590 1186 πανσέληνοι
1635 1121 1811 1184 οὖσαι,
1850 1123 1911 1176 ού

333 1202 610 1255 διέλειπον
637 1205 923 1274 ἀστραπαὶ
954 1209 1050 1260 καὶ
1077 1209 1298 1280 βρονταὶ
1330 1213 1454 1264 καθ’
1481 1215 1720 1282 ἑκάστην
1751 1216 1915 1268 ἐσπέ-

337 1313 440 1366 ραν
462 1298 590 1364 ἄχρι
609 1298 703 1351 καὶ
723 1300 822 1368 τῆς
843 1298 1105 1366 δευτέρας
1124 1303 1375 1374 φυλακῆς
1393 1305 1495 1367 τῆς
1516 1307 1730 1368 νυκτός.
1747 1306 1838 1377 Τῷ
1855 1307 1912 1360 δέ

336 1385 487 1454 πρωϊ
535 1391 750 1457 σεισμοί
781 1407 928 1453 τινες
977 1391 1206 1460 ἐλαφροὶ
1256 1395 1503 1461 ἐγίνοντο
1557 1398 1652 1450 ἐπὶ
1698 1399 1914 1469 ἡμέρας

335 1478 470 1529 δέκα
501 1480 595 1531 καὶ
627 1479 794 1536 ὀκτώ.
837 1483 950 1535 Καὶ
982 1485 1207 1538 καύσων
1239 1487 1298 1540 ἐν
1342 1488 1586 1551 ἐκείναις
1625 1491 1744 1554 ταῖς
1778 1490 1913 1560 ὴμέ-

341 1588 459 1639 ραις
489 1575 588 1626 οὐκ
612 1575 795 1642 ὀλίγος
819 1572 911 1648 ἦν.

421 1665 582 1719 Ἀλλὰ
622 1668 792 1736 μέρος
821 1687 875 1722 τι
924 1673 1188 1742 περὶτῆς
1233 1674 1452 1743 φύσεως
1503 1675 1610 1729 τῶν
1654 1675 1915 1744 κομητᾶν

338 1759 434 1810 καὶ
459 1759 756 1828 ἀστραπῶν
786 1763 881 1814 καὶ
919 1761 1157 1831 βροντῶν
1187 1768 1284 1818 καὶ
1308 1744 1496 1834 ἄρχων
1523 1767 1688 1836 ἥγουν
1717 1783 1918 1834 κεραυ-

340 1848 450 1899 νῶν
496 1849 592 1903 καὶ
629 1851 863 1918 σεισμοῦ
893 1853 986 1905 καὶ
1019 1855 1302 1924 στοιχείων
1345 1857 1740 1926 διηγησὼμεθα
1767 1873 1781 1888 ·
1823 1858 1918 1909 καὶ

2015 659 2122 722 ἕως
2157 657 2218 713 οῦ
2251 659 2454 729 σιγήσῃ
2490 659 2518 711 ὁ
2539 659 2762 727 ἄνεμος.
2791 659 2901 711 Καὶ
2932 657 3054 711 τότε
3085 658 3444 712 ἐκπίπτουσιν
3474 659 3596 712 olo-

2020 750 2338 820 μανούντων
2378 749 2488 802 τῶν
2532 749 2772 818 ἀνέμων,
2822 748 2989 818 380
3032 750 3424 818 ἐκκεχυμένων
3467 750 3598 802 λαυ-

2019 840 2265 912 ροειδῶς,
2297 841 2374 904 ὡς
2417 839 2523 893 ὐπδ
2553 839 2648 893 τοῦ
2691 841 2864 909 πυρὸς
2911 839 3007 893 τοῦ
3043 841 3252 894 ἀνωθεν
3307 840 3604 894 κατακαιὸ-

2021 947 2184 1001 μενος
2213 935 2241 984 6
2272 931 2478 1001 ἄνεμος
2509 931 2608 985 σὺν
2639 935 2706 1002 τῇ
2743 931 2844 1004 ῦλῃ
2886 931 3208 1002 λαυροειδὴς
3238 932 3477 999 γίνεται·
3504 935 3602 986 καὶ

2016 1022 2162 1077 οὓτω
2190 1023 2434 1092 γίνονται
2463 1025 2514 1077 οἱ
2545 1025 2808 1095 κομῆται.
2844 1025 2955 1078 Καὶ
2983 1027 3031 1078 εί
3061 1024 3177 1092 ἅμα
3214 1027 3293 1094 τῷ
3323 1026 3482 1096 κρύει
3509 1028 3603 1080 ἐκ·

2019 1113 2160 1185 πέσῃ
2180 1115 2206 1166 6
2232 1117 2742 1184 πεπυρακτωμένος
2767 1116 2986 1184 ἄνεμος,
3009 1116 3221 1184 γίνεται
3254 1117 3416 1170 πάλιν
3433 1119 3604 1188 ἀχλὺς

1958 1238 1960 1240 τ
2020 1205 2118 1257 καὶ
2166 1206 2424 1273 σμίγεται
2470 1205 2548 1274 τῷ
2595 1206 2765 1276 ὁμοίῳ
2797 1207 2962 1260 αὑτοῦ
2991 1208 3132 1276 ἀέρι.

2092 1297 2155 1349 0'.
2198 1295 2259 1348 'll
2316 1296 2571 1367 ἀστραπὴ
2599 1297 2699 1350 ούκ
2734 1300 2793 1350 ἐν
2845 1300 3020 1369 ἑτέρῳ
3052 1301 3242 1370 τρόπῳ
3297 1301 3509 1367 γίνεται
3548 1301 3602 1352 εἰ

2025 1387 2100 1457 μὴ
2137 1388 2658 1458 συναλλαττομένων
2680 1391 2790 1443 τῶν
2817 1392 3056 1460 ἀνέμων,
3090 1393 3184 1445 καὶ
3215 1392 3328 1444 τῶν
3354 1392 3601 1460 νεφελῶν

2023 1479 2506 1549 συγκρουομένων,
2559 1481 2635 1542 ὡς
2685 1481 3026 1549 βιαζομένων
3061 1483 3166 1535 ὑπὸ
3217 1485 3324 1536 τῶν
3360 1485 3600 1551 ἀνέμων,

2023 1575 2236 1640 γίνεται
2271 1570 2499 1636 κτύπος,
2536 1573 2594 1626 ὲν
2629 1573 2688 1625 δὲ
2714 1573 2791 1641 τῷ
2818 1573 3009 1644 κτύπῳ
3043 1574 3378 1645 συγκέχυται
3403 1576 3462 1627 τὸ
3489 1574 3601 1643 πῦρ

2027 1662 2182 1732 παρὰ
2207 1663 2300 1716 τοῦ
2331 1664 2588 1732 οὐρανίου
2617 1666 2812 1734 πυρός.
2848 1666 3095 1736 Προτέρα
3123 1667 3179 1720 δέ
3211 1669 3243 1737 ἡ
3279 1667 3477 1736 βροντὴ
3503 1667 3601 1734 τῆς

2024 1755 2314 1824 ἀστραπῆς
2347 1756 2559 1823 γίνεται
2581 1773 2596 1788 ο
2635 1759 2798 1826 ἡμεῖς
2832 1757 2892 1811 δὲ
2945 1758 3209 1829 ὀξυτέραν
3251 1761 3468 1830 ἔχοντες
3504 1760 3602 1829 τὴν

2025 1850 2218 1917 ὅρασιν
2248 1849 2338 1902 διὰ
2365 1848 2524 1902 τοῦτο
2557 1851 2776 1919 πρῶτον
2800 1851 3124 1920 θεωροῦμεν
3157 1850 3260 1922 τὴν
3292 1853 3599 1918 ἀστραπὴν.

341 1939 466 1992 ὅσον
501 1939 562 1993 τὸ
590 1940 732 1996 κατά
758 1942 990 2014 δύναμιν
1017 1922 1248 2015 δηλῶ-σω
1273 1922 1613 2018 πρὸς-ὑμᾶς.
1652 1949 1917 2003 Ἄκουσον
1949 1922 1992 1982 Β
2031 1940 2170 2008 μετὰ
2199 1939 2256 1993 δὲ
2286 1941 2459 1993 ταῦτα
2495 1941 2770 2011 ἀκούομεν
2801 1941 2898 2010 τὴν
2936 1943 3182 2012 βροντὴν,
3234 1943 3374 1997 διότι
3409 1943 3601 2013 βραδυ-

342 2028 461 2086 οὖν.

416 2123 488 2193 η’.
513 2126 770 2196 Κομῆται
801 2127 1055 2196 λέγονται
1086 2130 1156 2183 τὰ
1181 2131 1487 2202 φαινόμενα
1515 2133 1624 2186 ἀπὸ
1653 2134 1756 2202 γῆς
1783 2134 1920 2202 πρὸς

345 2218 578 2286 οὖρανδν
631 2220 994 2290 ἐκχυνόμενα,
1037 2223 1183 2293 ἅπερ
1233 2223 1459 2293 λέγουσί
1513 2243 1658 2289 τινες
1701 2229 1923 2298 ἄστραο

347 2311 466 2363 ἀλλ’
503 2312 602 2365 οὐκ
634 2313 810 2366 οἴδασι
835 2315 889 2366 τί
917 2314 1191 2381 λέγουσιν.
1224 2318 1446 2388 Ἕτεροι
1471 2320 1527 2372 δὲ
1559 2320 1812 2388 λέγουσιν
1843 2322 1926 2374 ὅτι

345 2403 605 2471 δαίμονές
634 2404 796 2470 εἰσιν,
829 2406 906 2476 μὴ
939 2406 1139 2469 εἰδότες
1165 2409 1259 2461 καὶ
1285 2411 1440 2463 αὐτοὶ
1468 2412 1521 2464 τί
1553 2412 1796 2480 λέγουσι,
1827 2414 1926 2465 καὶ

2023 2031 2196 2099 τέραν
2225 2033 2322 2101 τὴν
2367 2031 2538 2100 ἀκοὴν
2579 2032 2799 2102 ἔχομεν.
2830 2033 3003 2085 Βλέπε
3030 2049 3042 2061 ’
3077 2036 3134 2086 ἐν
3186 2035 3594 2102 παραδείγματι

2026 2123 2297 2188 ἀποδείξω
2347 2141 2453 2179 σοι.
2501 2125 2826 2195 Ἀπέκοντός
2861 2125 2955 2178 σού
2992 2143 3137 2188 τινος
3190 2127 3476 2198 πόρρωθεν
3508 2129 3602 2180 κό-

2029 2233 2259 2279 πτοντος
2290 2216 2444 2280 ξύλα,
2479 2216 2702 2286 βλέπεις
2733 2218 2897 2270 αὑτοῦ
2933 2218 3031 2287 τὴν
3068 2219 3260 2287 ἀξίνην
3308 2236 3608 2289 συγκρουο-

2033 2309 2224 2378 μένην,
2261 2310 2355 2362 καὶ
2386 2309 2531 2362 οῦτω
2570 2310 2713 2378 μετὰ
2752 2309 2950 2378 μικρὸν
2998 2312 3091 2363 τὸν
3123 2310 3330 2363 κτύπον
3363 2311 3602 2373 ἀκούεις.

2102 2399 2154 2452 ι’.
2191 2399 2440 2453 Ἀνωθεν
2470 2400 2609 2470 πρὸς
2641 2399 2732 2453 τὸν
2777 2401 2975 2471 αίοέρα
3009 2401 3340 2471 ήπλωμένον
3372 2402 3604 2470 ὑπάρχει

349 2496 638 2563 σφαλερῶς
688 2495 1132 2565 βλασφημοῦσιν.
1178 2499 1318 2552 Ἀλλ’
1366 2501 1490 2553 οῦτε
1552 2503 1730 2572 ἄστρα
1784 2505 1923 2557 είσὶν
2025 2493 2085 2544 τδ
2116 2492 2228 2563 πῦρ
2260 2493 2320 2546 έν
2351 2493 2458 2562 δλῳ
2484 2493 2565 2561 τῷ
2596 2492 2875 2564 προσώπῳ
2900 2493 2994 2548 τοῦ
3029 2493 3264 2564 οὐρανοῦ
3294 2509 3309 2523 ’
3343 2495 3474 2546 αὐτὸ
3499 2496 3605 2562 γάρ

347 2584 473 2640 οὔτε
497 2586 794 2657 δαιμονικὰ
822 2590 1116 2659 πνεύματα
1135 2608 1149 2623 ο
1182 2593 1251 2644 τὰ
1279 2594 1388 2663 γὰρ
1420 2595 1675 2664 δαιμόνια
1695 2594 1794 2650 οῦκ
1822 2594 1928 2650 εισι

345 2677 600 2748 λαμπρὰ,
633 2680 773 2733 ἀλλὰ
803 2681 1128 2752 ἐζοφωμένα
1161 2685 1254 2737 καὶ
1286 2687 1467 2756 ἁφανῆ
1505 2688 1604 2757 τῆς
1645 2689 1927 2759 ἀνθρωπί-

348 2789 447 2843 νης
474 2773 670 2842 ὅψεως.
703 2774 804 2828 Διὰ
833 2777 991 2830 τοῦτο
1021 2779 1071 2829 oi
1111 2780 1287 2832 ταῦτα
1314 2780 1608 2843 λαλοῦντες
1645 2783 1923 2853 φλυαροῦ-

350 2881 434 2916 σιν
461 2865 893 2934 ἁμαρτάνοντες.
934 2869 995 2922 El
1031 2870 1087 2923 δέ
1121 2872 1289 2924 πάλιν
1317 2874 1500 2944 ἄστρα
1531 2876 1641 2927 είσὶ
1670 2877 1764 2929 καὶ
1794 2878 1932 2930 πάν-

347 2973 471 3011 τοτε
506 2960 615 3012 ἀπὸ
645 2960 842 3024 αίῶνος
885 2962 1162 3016 πίπτοντα
1196 2960 1359 3035 ἦσαν,
1401 2967 1594 3036 ἔμενεν
1628 2969 1656 3022 6
1698 2971 1931 3038 οὐρανὸς

351 3048 643 3117 ἀναστρος.
672 3051 771 3103 Διὰ
800 3051 964 3106 τοῦτο
993 3053 1116 3106 οὔτε
1152 3057 1330 3126 ἄστρα
1375 3059 1518 3112 εἰσὶν
1552 3057 1676 3114 οὔτε
1717 3061 1932 3129 πονηρά

354 3138 664 3208 πνεύματα,
697 3141 834 3194 ἀλλὰ
869 3146 1111 3212 κομῆταί
1139 3147 1297 3201 είσιν.
1333 3148 1399 3205 Oi
1425 3151 1534 3218 γὰρ
1559 3151 1796 3221 κομῆται
1823 3169 1935 3204 τοι·

2029 2588 2152 2640 ἐστι
2185 2585 2248 2638 τὸ
2282 2585 2544 2654 τέταρτον
2576 2587 2864 2655 στοιχεῖον,
2897 2587 2991 2639 καὶ
3041 2587 3293 2657 ίσομερετ
3331 2586 3437 2639 τῶν
3488 2588 3606 2639 ἐτέ-

2032 2693 2142 2746 ρων
2187 2677 2379 2746 τριῶν,
2415 2676 2488 2738 ὠς
2530 2676 2605 2747 μὴ
2659 2676 3000 2747 ίσαζομένων
3038 2680 3066 2730 6
3112 2678 3322 2747 κόσμος
3365 2677 3607 2730 ἀπώλετο

2030 2768 2129 2822 ἀν’
2188 2765 2299 2821 οἶδε
2355 2768 2466 2839 γὰρ
2520 2769 2548 2820 6
2609 2769 2948 2840 δημιουργὸς
3008 2769 3124 2833 πῶς
3185 2771 3603 2841 παρεσκεύασεν

2032 2859 2196 2915 αὐτὰ.

2109 2958 2200 3008 ια’.
2242 2952 2302 3006 Ὀ
2334 2953 2436 3024 μὲν
2467 2953 2734 3022 κεραυνὸς
2762 2952 2906 3007 οὕτω
2953 2954 3189 3022 γίνεται.
3229 2954 3604 3023 Συγκρουομέ-

2035 3061 2142 3098 νων
2169 3044 2280 3098 τῶν
2329 3046 2489 3116 381
2530 3047 2772 3116 νεφελῶν
2823 3048 3055 3112 γίνεται,
3109 3045 3302 3116 ὥσπερ
3355 3048 3608 3117 «posito--

2041 3154 2162 3205 μεν,
2198 3137 2424 3200 κτύπο;,
2481 3137 2576 3190 καὶ
2627 3137 2766 3206 μετὰ
2797 3135 2890 3189 τὸν
2940 3135 3152 3190 κτύπον
3203 3137 3419 3204 γίνεται
3476 3137 3603 3205 πῦρ.

355 3231 704 3298 ουτοτρόπως
731 3235 999 3299 γίνονται.
1032 3236 1154 3287 Τῶν
1186 3239 1406 3306 ἀνέμων
1439 3241 1531 3292 ἐπὶ
1558 3241 1654 3310 τῆς
1700 3242 1805 3312 γῆς
1837 3243 1931 3297 καὶ
1961 3265 2003 3321 C
2038 3227 2111 3280 Τδ
2139 3229 2195 3321 δέ
2249 3228 2384 3321 πῦρῗ
2405 3228 2582 3321 “Et”?
2631 3229 2731 3321 ut",
2759 3227 2896 3300 τύχη
2943 3231 3035 3284 καὶ
3092 3229 3428 3300 συνουσιάσῦ
3476 3232 3610 3298 μετέἱ

357 3322 416 3371 ἐν
450 3322 528 3391 τῷ
575 3323 756 3394 αἰθέρι
796 3327 1220 3395 είσερχομένων.
1271 3333 1332 3381 τὸ
1365 3330 1696 3384 λεπτότατον
1741 3333 1933 3401 ἐπιφέ·

361 3429 514 3478 ρουσι
553 3415 657 3485 τῆς
704 3415 806 3486 γῆς
833 3417 1069 3483 ύλοειδὲς
1101 3421 1238 3492 πρὸς
1281 3422 1343 3475 τὸ
1374 3423 1628 3494 οὐράνιον
1679 3423 1812 3495 πῦρ,
1841 3425 1936 3478 καὶ

359 3596 712 3653 τῴςνυι-οιοῐη
747 3600 932 3656 lunam
965 3604 1299 3674 significare,
1326 3608 1693 3664 occidentales
1723 3609 1926 3679 princi-

359 3703 456 3754 pes
513 3688 882 3758 Christianos,
947 3693 1359 3766 Conspiratione
1421 3698 1602 3764 facta,
1665 3702 1933 3757 adversus

360 3771 575 3836 Tureas
603 3783 955 3852 profecturos
983 3804 1194 3856 eosque
1224 3791 1540 3848 devicturos
1574 3809 1717 3850 esse.
1753 3795 1933 3864 Atque

361 3869 558 3927 Turcae
589 3873 718 3943 ipsi,
765 3876 870 3932 ista
910 3895 1035 3934 cum
1073 3882 1348 3948 viderent,
1379 3884 1432 3937 in
1484 3887 1738 3940 tim‘orem
1787 3887 1933 3942 haud

363 3961 539 4018 levem
589 3967 1127 4041 sollieitudinemque
1161 3972 1497 4029 inciderunt.
1545 3975 1687 4043 Quin
1734 3977 1930 4041 ctiam,

363 4069 489 4108 cum
517 4057 778 4112 noctibus
810 4060 920 4114 illis
944 4061 1105 4130 plena
1129 4062 1258 4116 luna
1285 4075 1455 4126 esset.
1481 4064 1695 4134 fulgura
1721 4075 1776 4121 et
1800 4065 1940 4122 toni-

364 4154 487 4200 trua
519 4161 626 4201 non
660 4151 954 4206 cessabant
980 4155 1176 4222 quavis
1199 4171 1427 4225 vespera
1453 4173 1625 4228 usque
1648 4159 1713 4212 ad
1729 4169 1938 4214 secun-

364 4237 488 4290 dam
520 4239 782 4308 vigiliam.
816 4240 973 4296 Mane
1007 4257 1191 4298 autem
1245 4257 1388 4300 terra
1425 4248 1688 4301 tremebat
1732 4249 1940 4304 medio-

366 4321 534 4375 criter
569 4338 666 4392 per
724 4326 843 4382 dies
889 4331 1218 4385 octodecim.
1250 4333 1454 4390 Aistus
1497 4335 1630 4390 solis
1665 4351 1762 4406 per
1797 4337 1938 4393 idem

370 4421 584 4482 tempus
624 4417 765 4470 haud
801 4419 936 4473 levis
975 4431 1114 4475 erat.

444 4506 734 4561 Enimvero
767 4509 1112 4566 disseramus
1143 4514 1335 4581 paucis
1367 4515 1435 4569 de
1470 4526 1668 4573 natura
1701 4530 1942 4576 cometa-

2038 3319 2301 3390 κομήτου,
2336 3320 2396 3372 ού
2429 3319 2662 3389 χλιαίνει
2705 3320 2780 3382 ὡς
2813 3321 2861 3372 οι
2908 3321 3169 3389 κομῆται,
3197 3321 3336 3374 ἀλλὰ
3383 3322 3476 3373 ἐπὶ
3513 3321 3610 3391 γῆς

2038 3412 2425 3481 ἐπεισέρχεται
2479 3412 2574 3464 καὶ
2639 3413 2892 3480 φθείρει·
2948 3410 3174 3466 θανατοί
3225 3414 3322 3465 καὶ
3379 3412 3610 3479 ἀπειλοῖ,

2041 3591 2230 3645 lestem
2266 3591 2542 3656 auferunt,
2591 3607 2689 3646 nec
2725 3590 3008 3646 descendit
3038 3605 3100 3646 ea
3134 3591 3390 3646 materies
3423 3599 3619 3646 vento-

2040 3699 2158 3738 rum
2191 3684 2242 3738 vi
2281 3693 2492 3747 avecta,
2545 3686 2648 3739 nisi
2693 3685 2820 3740 dum
2859 3687 3023 3740 silent
3073 3685 3243 3739 venti.
3287 3684 3424 3739 Tum
3475 3685 3618 3738 exci-

2037 3775 2175 3830 dunt
2205 3778 2384 3830 ventis
2413 3776 2642 3830 materie
2671 3777 2896 3846 repletis
2923 3787 2975 3831 et
3006 3778 3059 3830 in
3090 3778 3326 3846 speciem
3357 3775 3470 3829 folii
3497 3776 3614 3828 lau-

2042 3871 2119 3925 rei
2157 3871 2388 3939 eﬂ'usis;
2446 3873 2650 3942 quippe
2708 3875 2834 3944 igne
2895 3875 3184 3944 superiore
3249 3874 3613 3929 inﬂammatus

2053 3971 2248 4015 ventus
2277 3976 2400 4015 cum
2434 3963 2663 4018 materie
2709 3962 2939 4018 formam
2972 3965 3096 4019 talis
3141 3963 3252 4018 folii
3301 3964 3495 4018 induit.
3527 3962 3612 4016 Sic

2042 4052 2205 4120 igitur
2234 4063 2464 4107 cometae
2497 4064 2822 4109 nascuntur.
2857 4055 2915 4109 Si
2948 4055 3002 4109 in
3041 4055 3212 4125 frigus
3246 4063 3443 4109 ventus
3476 4054 3610 4124 igni-

2040 4152 2128 4198 tus
2161 4143 2376 4207 incidit,
2415 4160 2612 4200 rursus
2638 4145 2908 4202 obscurus
2959 4147 3017 4201 [lt
3076 4156 3130 4202 et
3168 4147 3432 4203 miscetur
3486 4159 3602 4201 cum

2041 4235 2123 4289 sui
2154 4235 2316 4290 simili
2350 4251 2499 4292 aere.

2110 4329 2162 4381 9.
2211 4325 2412 4396 Fulgur
2449 4328 2551 4383 hoc
2585 4329 2747 4383 modo
2789 4329 2872 4393 fit,
2944 4338 3006 4383 ut
3041 4329 3386 4385 luctantibns
3418 4328 3606 4392 ventis,

2042 4429 2095 4473 et
2149 4420 2364 4475 nebulis
2413 4429 2701 4475 ventorum
2755 4421 2807 4474 vi
2864 4421 3111 4488 collisis,
3158 4424 3342 4492 fragor
3385 4423 3605 4483 oriatur,

2049 4510 2264 4580 fragore
2292 4521 2472 4566 autem
2509 4512 2653 4582 ignis
2679 4513 2948 4568 avellatur
2977 4530 3006 4569 a
3040 4515 3251 4570 caelesti
3282 4516 3425 4584 igne.
3455 4514 3612 4569 Toni-

368 4612 515 4662 rum,
570 4596 872 4668 fulgurum,
932 4603 1260 4670 tonitruum,
1318 4607 1632 4676 fulminum,
1688 4623 1931 4668 motuum

2048 4611 2132 4656 tt'u
2177 4613 2354 4656 autem
2401 4603 2555 4671 prius
2591 4591 2936 4673 fulgurefit;
2991 4605 3086 4660 sed
3135 4608 3401 4675 quoniam
3441 4606 3612 4661 visum

369 4697 532 4742 terra:
559 4697 612 4743 et
639 4690 1060 4748 elementorum.
1093 4696 1307 4754 Docebo
1332 4701 1584 4771 equidem
1610 4718 1708 4772 pro
1736 4705 1944 4762 viribus

369 4779 439 4833 de
474 4779 557 4835 his
591 4779 778 4836 rebus.
811 4783 952 4837 Audi
984 4783 1172 4854 igitur.

439 4872 493 4925 8.
529 4872 770 4929 Cometa:
813 4876 1072 4931 dicuntur
1102 4878 1461 4947 phanomcna
1496 4898 1524 4936 a
1565 4891 1710 4939 terra
1739 4886 1792 4940 in
1835 4900 1946 4942 cm-

369 4963 483 5017 lum
518 4963 753 5030 sublata,
789 4981 927 5036 quos
957 4970 1204 5025 nonnulli
1235 4983 1384 5026 asua
1415 4975 1714 5043 appellant,
1749 4979 1944 5046 nescii,

371 5055 500 5123 quill
536 5057 742 5114 dicant.
775 5059 882 5114 Alii
917 5061 1195 5119 daemones
1231 5080 1324 5120 eos
1358 5080 1484 5122 esse
1515 5068 1730 5133 dicunt,
1768 5071 1860 5136 qui
1893 5079 1949 5125 et

374 5145 476 5214 ipsi
507 5150 779 5213 nesciunt,
809 5153 937 5221 quid
962 5153 1165 5218 ditant,
1193 5162 1249 5209 et
1278 5157 1518 5224 graviter
1546 5158 1945 5228 hlasphemant.

375 5241 654 5295 Dmmonia
687 5242 833 5296 enim
887 5259 997 5298 non
1041 5245 1214 5306 clara.
1248 5248 1343 5302 sed
1396 5250 1630 5304 obscura
1664 5261 1811 5315 sunt,
1847 5265 1948 5306 nec

374 5331 634 5386 humanis
674 5334 852 5388 oculis
881 5337 1032 5389 cerni
1065 5349 1320 5406 possunt.
1355 5338 1535 5404 Quare
1567 5341 1709 5394 istud
1745 5341 1839 5410 qui
1870 5341 1952 5411 dig

376 5432 530 5487 cunt,
565 5431 841 5492 nugantur
873 5433 932 5478 et
965 5439 1216 5494 peccant.
1251 5427 1306 5483 Si
1339 5439 1522 5484 autem
1561 5440 1714 5485 astra
1765 5443 1951 5489 essent

374 5530 427 5568 ea
461 5515 587 5569 inde
620 5517 688 5570 ab
716 5517 866 5570 omni
908 5527 1151 5588 tempore
1184 5521 1464 5590 caderent,
1503 5523 1702 5578 coelum
1737 5541 1842 5580 non
1872 5524 1952 5579 fo-

379 5613 463 5660 ret
501 5607 669 5661 astris
720 5607 1070 5664 distinctum.
1123 5611 1311 5680 Itaque
1336 5629 1513 5683 neque
1563 5625 1733 5682 astra,
1771 5631 1952 5686 neque

379 5699 507 5753 mali
541 5701 788 5769 spiritus,
821 5703 918 5758 sed
959 5716 1190 5758 cometae
1221 5711 1368 5758 sunt.
1399 5705 1639 5761 Cometa:
1669 5708 1815 5762 enim
1851 5708 1952 5762 hoc

379 5791 544 5848 modo
576 5805 901 5851 nascuntur.
935 5794 1097 5850 Venti
1129 5812 1291 5866 supra
1322 5805 1520 5852 terram
1555 5807 1610 5854 et
1646 5814 1738 5869 per
1767 5815 1949 5854 aerem

380 5879 583 5941 ﬂantes
613 5885 991 5945 tenuissimam
1017 5895 1176 5945 terra:
1198 5890 1474 5947 materiem
1528 5889 1594 5947 ad
1627 5890 1802 5962 ignem
1840 5906 1951 5950 οω-

1349 5977 1588 5987 ν-ο--Ἁμ

2048 4694 2314 4747 acriorem
2349 4694 2633 4761 habemus,
2683 4695 2838 4764 prius
2876 4695 3058 4766 fulgur
3105 4697 3379 4762 videmus,
3431 4697 3614 4751 deinde

2048 4784 2304 4838 audimus
2336 4785 2561 4849 tonitru,
2593 4785 2721 4855 quia
2767 4786 2987 4840 auditus
3018 4785 3220 4840 lentior
3244 4794 3348 4842 est.
3412 4784 3492 4840 En
3524 4783 3615 4838 tibi

2048 4874 2168 4943 eius
2199 4876 2299 4929 'rei
2336 4877 2750 4932 dowmentum.
2801 4878 2859 4932 Si
2888 4878 3017 4946 quis
3066 4877 3260 4947 procul
3313 4892 3341 4931 a
3381 4887 3434 4932 te
3479 4877 3617 4945 ligna

2049 4969 2229 5037 caedit,
2254 4970 2408 5025 vides
2456 4970 2663 5024 asciam
2696 4970 3025 5033 immissant,
3058 4970 3221 5040 paulo
3245 4979 3368 5038 post
3405 4969 3616 5024 demum

2050 5061 2288 5116 sonitum
2331 5061 2510 5116 audis.

2123 5153 2209 5206 10.
2245 5152 2480 5208 Sursum
2517 5167 2610 5220 per
2639 5151 2840 5206 aethera
2871 5151 3153 5220 dispersus
3204 5161 3288 5206 est
3336 5152 3478 5223 ignis
3511 5160 3616 5207 toto

2051 5243 2231 5310 spatio
2270 5243 2416 5296 coeli.
2451 5241 2505 5296 Id
2533 5241 2676 5294 enim
2722 5250 2978 5310 quartum
3011 5239 3349 5294 elementum
3378 5252 3483 5307 est,
3517 5255 3616 5296 (ια-ο

2051 5334 2185 5388 tcris
2205 5334 2377 5388 tribus
2402 5333 2688 5404 aequabile.
2721 5333 2858 5386 Nam
2892 5333 2935 5386 si
2961 5332 3249 5400 acquabilia
3275 5348 3386 5386 non
3417 5342 3612 5396 essent,

2054 5427 2258 5496 periret
2283 5427 2542 5482 mundus.
2575 5425 2791 5479 Atenim
2854 5424 3005 5480 novit
3038 5440 3220 5480 rerum
3247 5435 3462 5492 auctor,
3485 5440 3617 5495 quo-

2054 5520 2219 5575 modo
2257 5533 2320 5574 ea
2349 5517 2724 5575 constituerit.

2127 5611 2212 5666 ll.
2241 5609 2466 5664 Fulmen
2491 5611 2595 5666 hoc
2622 5609 2780 5665 modo
2806 5609 2884 5664 fit.
2913 5609 3136 5665 Nebulis
3157 5609 3386 5673 collisis,
3414 5609 3613 5678 fragor,

2055 5713 2117 5758 ut
2145 5713 2270 5758 ante
2305 5703 2437 5768 dixi,
2474 5712 2527 5758 et
2559 5712 2682 5773 post
2726 5718 2851 5757 eum
2883 5703 3152 5773 fragorem
3193 5702 3334 5770 ignis
3363 5702 3612 5757 efﬁcitur.

2055 5796 2159 5861 Qui
2195 5795 2337 5867 ignis
2359 5811 2482 5850 cum
2519 5803 2728 5850 cometa
2772 5793 3016 5864 junctus,
3046 5809 3153 5848 non
3185 5794 3454 5860 calefacit,
3481 5792 3614 5848 sicut

2024 5945 2030 5950 ,
2059 5897 2312 5956 comet-.9,
2343 5888 2437 5947 sed
2470 5888 2522 5943 in
2551 5899 2752 5945 terram
2799 5887 3006 5945 delatus
3049 5887 3244 5944 evertit
3279 5903 3293 5942 :
3324 5885 3521 5944 occidit
3553 5898 3613 5941 ac
