3962 6560
485 357 598 420 ῡῦἶ

1700 351 2023 411 GEORGII
2066 351 2074 409 i

2180 349 2500 410 RAN'TZ‘F.
3596 356 3682 424 ,δε

491 471 797 540 Μαντινείᾳ.
825 468 1153 532 ὃιαϐιϐἀζωι
1205 469 1447 526 πανοικὶ,
1480 467 1650 520 ἐλθὼν
1696 469 1776 530 είς
1823 469 1889 520 τὰ
1943 469 2067 534 περὶ
2101 479 2145 532 Α
2173 467 2441 520 νάστασιν
2471 465 2700 536 ποιήσῃ,
2719 465 2821 518 καὶ
2857 463 3010 536 φάγῃ
3037 463 3163 528 τοὺς
3185 465 3372 536 ὅρκους
3398 467 3465 530 ὼς
3488 469 3682 539 λάχανα,

497 564 596 630 τὴν
627 561 859 630 Τρύπην
888 559 1076 629 βουνέι,
1108 559 1236 612 ἔνθα
1264 559 1328 624 δὴ
1353 561 1451 610 καὶ
1475 561 1501 609 ὁ
1528 558 1756 624 ἀδελφός
1790 556 1958 609 αὐτοῦ
1979 551 2071 624 ἦν,

496 657 590 709 καὶ
638 657 686 708 ol
721 655 978 723 ῥηθέντες
1021 651 1359 706 καταστάται
1390 649 1499 701 τῶν
1533 649 1794 702 τοιούτων
1820 648 2074 714 ἀξιεπαί-

496 767 606 802 νων
642 747 822 827 ἔργω)
852 741 1015 816 ἦλθον
1037 760 1058 776 ⁸
1099 744 1194 796 καὶ
1224 744 1350 796 ἄνευ
1404 740 1721 810 συμϐουλῆς
1752 739 1784 809 ἦ
1818 740 2076 810 ἀντιρρή-

497 860 659 904 σεως,
700 841 774 910 μὴ
799 841 1037 907 ποιήσας
1067 836 1339 906 ἀναϐολὴν
1362 833 1644 900 οὐδεμίαν,
1667 832 1958 886 ἀπέστειλε
1983 831 2074 882 τὸν

498 935 667 988 αὑτοῦ
709 933 882 1004 μέγαν
927 931 1290 1001 πριμικήριον
1331 929 1424 982 τὸν
1458 926 1735 995 Λάζαρον,
1771 926 1863 977 καὶ
1894 923 2073 976 πάντα

491 1030 561 1080 τὰ
597 1009 831 1098 ρηθέντα
863 1027 1033 1079 ἄστεσι
1060 1023 1137 1092 τῷ
1167 1023 1360 1091 ἁμηρᾷ
1405 1021 1726 1088 παρέδωκεν
1755 1017 1831 1081 ὡς
1863 1017 2073 1085 λάχανα

447 1143 469 1162 ι
495 1121 700 1189 κήπου.
727 1116 806 1186 Τῇ
835 1116 880 1168 δ’
932 1116 1068 1182 αὐτῇ
1109 1114 1296 1183 σχεδὸν
1329 1111 1512 1183 ἡμέρᾳ
1547 1109 1673 1162 ἐπεὶ
1699 1112 1725 1162 6
1757 1109 1981 1178 ἀμηρᾶς
2005 1102 2073 1175 ἦν

494 1210 940 1278 ἀναγκαζόμενος
972 1208 1212 1270 ἐξελθεῖν
1244 1209 1341 1274 τῆς
1374 1205 1788 1270 Πελοποννήσου
1830 1201 1919 1253 διὰ
1949 1215 2074 1252 τινα

494 1306 695 1366 αἰτίαν,
751 1302 1090 1368 καταλείψας
1153 1300 1401 1367 Ἀμάρην
1442 1299 1532 1350 τὸν
1591 1295 1687 1350 τοῦ
1743 1294 2072 1364 Ὶόυραχάνη

493 1398 632 1459 υἱὸν,
664 1397 748 1445 ἵνα
780 1394 918 1446 αὐτὰ
963 1392 1104 1462 λάϐῃ
1151 1391 1272 1443 ἀντὶ
1309 1389 1403 1442 τοῦ
1435 1391 1650 1458 ἁμηρὶ,
1698 1388 1725 1439 ὁ
1769 1387 1814 1440 δ’
1859 1385 2072 1438 ἐκεῖθεν

491 1491 666 1555 διέϐη.

565 1583 662 1647 ις’.
700 1582 791 1649 Τῷ
841 1579 886 1633 δ’
941 1578 1259 1647 Ὀκτωϐρίῳ
1315 1578 1445 1646 μηνὶ
1495 1575 1588 1626 τοῦ
1642 1571 1821 1645 ,ςῖὲξξ
1869 1571 2074 1634 ἔτουςὸ

493 1677 713 1744 ἁμηρᾰς
745 1673 1074 1733 ἀποστείλας
1101 1670 1350 1740 πρέσϐυν
1383 1669 1516 1737 πρὶς
1549 1667 1638 1718 τὸν
1670 1663 1939 1733 δεσπότην
1963 1665 2072 1732 κὺρ

495 1773 808 1837 Δημήτριον
839 1767 956 1836 ᾔτει
991 1765 1090 1835 τὴν
1124 1762 1401 1831 θυγατέρα
1460 1759 1627 1811 αὑτοῦ
1677 1759 1757 1820 είς
1811 1758 2068 1824 γυναίκα.

493 1863 560 1931 ἢν
611 1860 768 1929 ἔσχεν
803 1860 866 1910 ἐκ
907 1858 1007 1926 τῆς
1049 1855 1218 1910 αὑτοῦ
1271 1854 1513 1920 συζύγου
1561 1853 1663 1921 τῆς
1713 1850 1808 1902 τοῦ
1855 1849 2072 1903 Παύλου

493 1954 584 2005 τοῦ
624 1953 822 2018 Ἀσὰνη
861 1951 1155 2019 θυγατρός,
1190 1946 1284 2000 τοῦ
1335 1947 1544 2016 πατρὸς
1587 1943 1907 1999 Ματθαίου·
1935 1944 1984 1996 εί
2026 1942 2074 1995 δ’

491 2045 573 2108 οὔ,
615 2047 762 2116 μάχη
797 2045 902 2096 ἀνὰ
936 2043 1118 2095 αὐτῶν
1145 2042 1350 2094 ἔσεται.
1389 2039 1447 2092 ’0
1473 2039 1529 2091 δὲ
1559 2036 1689 2106 περὶ
1737 2035 1931 2088 τούτου
1979 2032 2073 2086 τοῦ

494 2139 833 2192 συνοικεσίου
872 2135 1116 2207 πρέσϐυς
1149 2132 1321 2184 ἐλθὼν
1367 2131 1462 2184 καὶ
1510 2129 1648 2199 πρὸς
1682 2128 1774 2179 τὸν
1805 2125 2074 2193 δεσπότην

493 2239 602 2300 κῦρ
631 2233 833 2302 Θωμᾶν
864 2232 942 2292 είς
973 2229 1070 2300 τὴν
1107 2227 1375 2281 Πόντικον
1405 2223 1800 2294 εὑρισκόμενον
1829 2222 1958 2282 τοὺς
1980 2220 2075 2290 ὅρ-

495 2344 623 2388 κους
658 2327 756 2393 τῆς
806 2325 1027 2391 ἀγάπης
1063 2318 1384 2381 ἀπετέλεσε,
1417 2317 1514 2368 καὶ
1563 2316 1633 2368 τὰ
1668 2315 1744 2384 μὴ
1780 2313 2072 2384 φθάσαντα

496 2420 669 2471 ἄστεα
713 2415 934 2483 δοθῆναι
969 2413 1045 2483 τῷ
1097 2412 1334 2480 αὐθέντῃ
1391 2406 1557 2460 αὐτοῦ
1617 2409 1745 2477 ἔσχε
1782 2405 1928 2458 κατὰ
1973 2405 2074 2467 τὰς

495 2508 836 2578 συμφωνίας,
861 2507 934 2568 ὡς
966 2505 1291 2576 εἰρήκαμεν,
1314 2505 1408 2554 καὶ
1631 2499 1868 2570 ἀπῆλθε.
1914 2497 2072 2550 Κατᾶ

493 2604 551 2656 δέ
587 2602 680 2654 τὸν
725 2599 1057 2667 Ἰανουάριον
1097 2597 1244 2666 μῆνα
1271 2595 1366 2648 τοῦ
1399 2595 1567 2648 αὐτοῦ
1599 2594 1756 2656 ἔτους
1783 2593 1877 2645 καὶ
1912 2594 1939 2644 ό
1971 2608 2071 2643 κα-

492 2694 794 2761 λοκαγαθδς
824 2693 1083 2760 Λυκὰνης
1111 2690 1427 2758 Νικηφόρος
1460 2688 1492 2756 ἢ
1532 2685 1735 2756 μᾶλλον
1763 2685 1940 2737 εἰπεῖν
1965 2683 2071 2735 [ls-

488 2783 1048 2856 λοποννησιοφθόρος,
1091 2782 1444 2850 λογιζόμενος
1476 2775 1618 2831 εἶναι
1673 2777 1782 2830 τῶν
1835 2775 2072 2844 πρώτων

496 2880 589 2934 καὶ
624 2879 831 2933 πιστῶν
864 2877 1147 2948 ἀρχόντων
1180 2875 1274 2928 τοῦ
1303 2875 1568 2926 δεστότου
1593 2873 1698 2942 κῦρ
1729 2870 2068 2942 Δημητρίου,

497 2975 592 3028 καί
625 2990 770 3035 τινες
807 2971 956 3025 ἄλλοι
990 2970 1086 3023 σὺν
1114 2969 1265 3038 αὐτῷ
1306 2969 1416 3021 τῶν
1452 2968 1785 3020 Ἀλϐανιτῶν
1821 2966 1917 3018 καὶ
1964 2967 2070 3018 Πε-

494 3067 970 3138 λοποννησιωτῶν,
1004 3067 1079 3135 μὴ
1123 3063 1468 3132 λογιζόμενοι
1493 3063 1572 3115 ὅτι
1616 3060 1652 3114 ἃ
1684 3059 2071 3128 ἐπιμελοῦνται

2179 559 2271 622 οὓς
2319 558 2426 629 πρὸ
2471 557 2657 626 ὀλίγου
2712 557 2834 626 μετ’
2871 557 3052 610 αὐτῶν
3102 559 3339 624 ἐποίησε.
3387 560 3683 628 Καὶόᾶλλος

2178 651 2380 718 ἀγαθὸς
2411 651 2552 721 ἀνὴρ
2593 649 2825 720 ’Δσάνης
2853 651 2881 704 6
2905 652 3184 713 Ματθαϊοξ
3217 650 3303 704 διὰ
3353 651 3409 704 τδ
3461 653 3578 722 πρὸς
3615 656 3684 708 τόν

2178 744 2399 812 ἀμηρᾶν
2428 738 2565 796 εἶναι
2593 742 3014 811 ἀπεσταλμένος
3044 744 3172 813 περὶ
3197 742 3291 795 τοῦ
3309 744 3571 813 εἰρημένου
3590 763 3685 798 συν.

2178 836 2417 895 οικεσίου
2461 835 2557 890 τοῦ
2595 836 2698 890 ἀνὰ
2719 837 2820 905 τῆς
2845 835 3034 889 τούτου
3064 834 3290 902 ἀνεψιᾶς
3312 837 3403 890 καὶ
3429 837 3512 889 τοῦ
3532 840 3686 907 ἀμηρᾶ

2177 927 2352 981 ταῦτα
2384 928 2483 982 οὐκ
2522 928 2841 996 ἐγίνωσκεν.
2883 927 3225 994 Ἐξελθόντθς
3271 925 3362 982 οὖν
3409 929 3495 982 τοῦ
3535 931 3688 985 δεσπό-

2175 1037 2271 1074 του
2304 1021 2411 1088 κῦρ
2445 1020 2618 1092 Θωμᾶ
2657 1023 2737 1083 είς
2768 1023 2869 1085 τὰς
2903 1022 3080 1092 ἀρχὰς
3125 1021 3219 1074 τοῦ
3246 1022 3582 1092 Φεϐρουαρίου
3611 1040 3689 1093 μη·

2177 1115 2267 1174 νδς
2318 1112 2412 1166 τοῖο
2448 1113 2617 1166 αὐτοῦ
2662 1112 2818 1177 ἔτους
2861 1115 2971 1168 ἀπὸ
3013 1115 3111 1184 τῆς
3149 1113 3451 1187 Ἀρκαδίας,
3479 1116 3560 1167 καὶ
3588 1115 3690 1167 ἐνω-

2179 1205 2368 1268 θέντος
2407 1208 2546 1276 μετὰ
2583 1207 2695 1260 τῶν
2749 1208 3135 1278 ἐργαζομένων
3193 1208 3314 1260 κατ’
3364 1207 3518 1261 αὑτοῦ
3560 1197 3690 1278 ﬁstul

2180 1299 2384 1365 μᾶλλον
2437 1301 2615 1352 είπεῖν
2648 1298 2718 1352 τὰ
2753 1300 2877 1352 κατ’
2928 1300 3130 1365 αὐτῶν,
3164 1301 3238 1362 ὼς
3271 1303 3298 1353 6
3327 1300 3476 1368 λόγος
3523 1299 3691 1370 προῖὼν

2177 1390 2433 1458 δηλώσει,
2467 1390 2781 1460 παρέλαϐεν
2809 1392 2917 1445 ἀπὸ
2953 1392 3052 1462 μὲν
3081 1393 3192 1466 τῷν
3219 1392 3471 1460 Τούρκων
3509 1393 3568 1444 τὰ
3601 1394 3691 1446 Κα-

2177 1481 2420 1554 λάϐρυτα
2447 1483 2540 1536 καὶ
2577 1485 2738 1544 μόνον
2769 1486 2833 1537 ἐκ
2859 1485 2966 1536 τῶν
3012 1485 3220 1537 ἀστέων
3263 1478 3334 1536 ὧν
3378 1482 3582 1554 ἧλπιζον
3618 1483 3692 1536 λσο

2179 1574 2317 1640 δεῖν,
2349 1575 2384 1629 ἃ
2413 1578 2462 1628 οἱ
2494 1574 2732 1646 Τοῦρκοι
2767 1576 3056 1645 κέκτηντο,
3095 1577 3200 1630 ἀπο
3236 1577 3290 1628 δὲ
3339 1575 3429 1628 τοῦ
3477 1575 3692 1628 δεσπότου

2124 1705 2128 1710 -
2179 1669 2284 1738 κὺρ
2309 1669 2628 1738 Δημητρίου
2663 1667 2808 1740 ἅπερ
2858 1669 3014 1721 αὐτοὶ
3059 1669 3106 1721 oi
3157 1669 3391 1739 ἐργάται
3426 1667 3524 1720 τῶν
3548 1665 3694 1720 κακῶν

2177 1761 2534 1830 ἡγεμόνευον,
2582 1761 2918 1830 Καρίταιναν
2948 1759 3092 1824 λέγω
3138 1761 3234 1812 καὶ
3266 1761 3418 1827 ἆγιον
3451 1757 3694 1829 Γεὼργιον,

2178 1853 2488 1924 Βορδόνιαν,
2543 1851 2894 1924 Καστρίτζαν
2945 1853 3041 1905 καὶ
3086 1851 3256 1920 ἕτερά
3304 1869 3440 1912 τινα,
3474 1850 3537 1904 ἶν’
3574 1846 3696 1913 αὖθις

2177 1943 2377 2011 ἔχωσιν
2410 1942 2548 1996 αὐτὰ
2595 1942 2695 2010 οὐχ
2750 1941 2826 2004 ὡς
2881 1943 3074 2012 πρώην
3121 1942 3472 2012 ἐκυϐέρνουν,
3516 1942 3696 2006 ἀλλ’ὡς

2177 2035 2433 2088 αὐθένται
2491 2036 2638 2091 ῐδιοι.
2705 2035 3142 2107 Ἐκατὼρθωσαν
3187 2038 3284 2093 οὖν
3321 2039 3468 2092 οὐδὲν
3514 2038 3621 2092 ἄλλο
3657 2039 3696 2091 el

2177 2128 2436 2198 φρόνιμοι
2488 2130 2585 2184 καὶ
2638 2133 2935 2196 πρακτικοὶ
2986 2133 3082 2185 καὶ
3135 2135 3377 2200 γενναῖοι
3422 2134 3694 2204 ἄρχοντεςῆ

2181 2221 2340 2290 μόνον
2378 2221 2461 2276 ὅτι
2499 2223 2664 2295 390
2692 2225 2852 2294 ἔσχον
2878 2227 3001 2279 κατ’
3021 2227 3203 2281 αὐτῶν
3229 2228 3363 2282 Θεὸν
3385 2229 3470 2281 τὸν
3492 2229 3574 2282 τοῦ
3593 2247 3696 2282 παν-

2175 2313 2267 2375 τὸς
2297 2313 2530 2384 ποιητὴν
2552 2316 2648 2368 καὶ
2680 2315 2952 2385 αὐθέντην
2981 2316 3090 2370 τῶν
3117 2318 3211 2370 ἐπὶ
3242 2319 3343 2388 γῆς
3381 2320 3694 2388 ἰσχυρότερον,

2176 2405 2270 2456 καὶ
2297 2404 2474 2468 οὕτως
2503 2405 2564 2460 τδ
2597 2407 2900 2461 σκάνδαλον
2937 2407 3204 2481 ἐποίησαν
3242 2413 3346 2466 ἀνὰ
3376 2413 3476 2465 τῶν
3503 2413 3697 2483 ἀδελφῶν

2176 2497 2270 2550 καὶ
2297 2497 2574 2551 αΰθεντῶν
2603 2499 2806 2565 αὐτῶν,
2833 2501 2936 2553 οὐκ
2966 2502 3370 2572 ἐνθυμηθέντες
3391 2505 3437 2557 oi
3460 2504 3614 2558 ἄθλιοι
3630 2503 3697 2556 τοῦ

2176 2589 2440 2657 ἀψευδοῦς
2476 2589 2658 2658 λογίου
2713 2593 2795 2646 ὅτι
2851 2596 3004 2647 πᾶσα
3052 2594 3306 2664 βασιλεία
3339 2596 3700 2666 διαμερισθεῖσα

2177 2679 2297 2731 καθ’
2321 2680 2522 2750 ἑαυτὴν
2555 2682 2884 2752 ἐρημοῦται,
2919 2684 3043 2738 οὔτε
3085 2685 3181 2739 τοῦ
3213 2689 3601 2759 παροιμιὼδους
3636 2689 3702 2740 λόο

2175 2789 2273 2838 γου
2309 2773 2404 2825 τοῦ
2445 2775 2583 2844 πρὸς
2619 2777 2744 2838 τοὺς
2779 2777 2873 2829 δύο
2909 2777 3020 2832 οὐδ’
3059 2778 3364 2850 Ἡρακλῆς,
3398 2781 3506 2834 ἀλλ’
3545 2783 3700 2835 ἐπανί-

2179 2885 2382 2937 στησαν
2413 2869 2508 2923 καὶ
2539 2870 2677 2941 πρὸς
2700 2872 2826 2933 τοὺς
2854 2873 3022 2942 τρεῖς.
3050 2873 3159 2926 Καὶ
3181 2873 3395 2928 τούτων
3421 2875 3574 2936 οὕτως
3595 2891 3705 2950 προς

2177 2961 2392 3014 ϐἀντων
2425 2961 2650 3031 πρῶτον
2690 2963 2789 3032 μὲν
2814 2966 2842 3016 6
2873 2964 3009 3028 Θεδς
3041 2968 3304 3034 παρεῖδεν
3335 2967 3544 3029 αὐτοὺς,
3568 2967 3646 3018 καὶ
3663 2965 3702 3016 τί

2177 3055 2444 3124 ἔπραττον
2472 3055 2571 3108 οὐκ
2603 3056 2924 3123 ἐγίνωσκον,
2957 3055 3076 3110 ἀλλ’
3105 3057 3182 3121 ὡς
3229 3061 3359 3122 τοὺς
3393 3059 3568 3130 ίχθύας
3606 3061 3702 3120 τοὺς

496 3161 705 3232 πρᾶξαι
761 3161 842 3222 είς
886 3158 1088 3212 κακίαν
1146 3155 1326 3208 αὐτῶν
1375 3153 1669 3224 πρόχειρον
1727 3149 2069 3220 ᾠκονόμουν,
2103 3166 2142 3224 ε
2178 3149 2285 3201 ἔσω
2312 3150 2411 3217 τῆς
2443 3149 2688 3218 σαγήνης
2713 3148 2876 3213 ὂντας
2907 3151 3003 3204 καὶ
3034 3151 3370 3221 ἀγνοοῦντας
3419 3155 3497 3206 ὅτι
3544 3154 3702 3214 πάντες

497 3257 724 3308 ἔπεισαν
763 3254 851 3305 τὸν
880 3251 1150 3318 δεσπότην
1181 3249 1290 3317 acin
1319 3247 1520 3316 Θωμᾶν
1551 3246 1636 3298 ἵνα
1675 3245 1854 3314 μάχην
1879 3244 2071 3314 ἐγείρῃ

495 3347 637 3401 κατὰ
670 3342 764 3397 τοῦ
800 3343 1032 3410 ἀδελφοῦ
1063 3339 1232 3395 αὒτοῦ
1265 3339 1360 3392 καὶ
1400 3339 1544 3392 κατὰ
1581 3337 1676 3390 τοῦ
1708 3338 1902 3406 ἁμηρᾶ
1940 3335 2074 3388 ἐπα-

501 3531 593 3593 sit,
629 3545 692 3584 ac
721 3527 839 3582 sine
867 3524 1262 3580 deliberatione
1295 3521 1377 3576 vel
1409 3520 1799 3576 reclamatione
1829 3527 1882 3573 et
1911 3518 2074 3572 mini-

500 3640 584 3677 me
641 3629 966 3676 cunctanter
1008 3616 1300 3678 Lazarum.
1372 3630 1626 3684 magnum
1697 3613 2069 3683 primicerium

499 3732 686 3780 suum,
739 3713 889 3766 misit
923 3720 977 3764 et
1025 3710 1164 3774 loca,
1195 3724 1316 3778 qua:
1358 3707 1491 3770 dixi,
1548 3705 1755 3769 omnia,
1812 3715 2072 3773 tanquam

495 3810 641 3862 olera
669 3807 834 3870 horti,
871 3805 1080 3858 Aruerat
1120 3801 1360 3856 tradidit.
1391 3798 1528 3854 Cum
1577 3797 1768 3853 eodem
1797 3795 1965 3850 ferme
1987 3796 2076 3850 die

495 3903 728 3953 Ameras
750 3913 778 3950 e
815 3895 1194 3964 Peloponneso
1224 3891 1509 3947 discedere
1533 3905 1697 3945 causa
1718 3887 1953 3958 quadam
1985 3903 2075 3942 co-

497 3998 735 4058 geretur,
767 3988 1044 4050 Amarem,
1075 3980 1418 4036 'l‘urachanis
1471 3979 1664 4041 filium.
1725 3981 1819 4052 qui
1853 3980 1944 4036 illa
1974 3994 2075 4050 pro

499 4098 557 4134 sc
589 4091 898 4149 occuparet,
935 4075 1179 4145 reliquit.
1214 4075 1332 4143 ipse
1369 4073 1494 4155 ipde
1531 4073 1689 4127 abiit.

571 4171 657 4225 16.
679 4170 926 4226 -0etobri
967 4181 1154 4220 mense
1186 4165 1314 4217 anui
1343 4162 1484 4216 6967
1514 4165 1769 4227 Ameras,
1806 4162 1986 4233 legato
2009 4163 2074 4218 ad

500 4265 828 4321 Demetrium
853 4265 1130 4331 despotam
1170 4259 1360 4321 misso,
1393 4257 1554 4325 hujus
1583 4256 1746 4310 tiliam
1797 4255 1850 4310 iu
1887 4256 2077 4310 matri-

498 4357 743 4413 monium
785 4355 886 4411 sibi
943 4353 1222 4422 expetivit,
1271 4365 1431 4420 qoam
1472 4351 1516 4402 is
1553 4365 1619 4404 ex
1653 4347 1803 4402 Pauli
1857 4349 2075 4413 Asanis,

500 4453 672 4522 patris
702 4447 957 4510 Mattltwi,
990 4447 1119 4506 (ilia.
1151 4459 1322 4498 uxore
1345 4442 1607 4510 legitima,
1664 4440 1935 4494 habebat:
1970 4441 2075 4495 nisi

2179 3239 2468 3309 μέλλουσιν
2517 3239 2776 3295 ἕλκεσθαι
2811 3241 2893 3302 είς
2924 3243 3050 3311 γῆν,
3082 3244 3140 3296 ἐν
3173 3244 3290 3312 ὅσῳ
3319 3245 3424 3308 ἕως
3469 3242 3610 3298 τοῦτο
3634 3241 3705 3308 γέ·

2175 3349 2335 3402 νηται
2375 3332 2624 3403 ἀλλὴλως
2654 3333 2952 3387 διώκονται
2982 3337 3079 3390 καὶ
3111 3337 3432 3392 ἁλίσκονται
3463 3338 3550 3392 καὶ
3588 3334 3708 3404 φθεί-

2177 3519 2653 3578 conciliandolad
2706 3521 2959 3575 Amcram
3017 3523 3243 3578 mi'ssus.
3299 3523 3482 3592 Itaque
3517 3522 3710 3577 Thomas

2178 3614 2403 3679 despota
2464 3612 2569 3667 sub
2622 3613 2838 3669 initium
2881 3613 3166 3670 Februarii
3219 3616 3468 3686 ejusdem
3516 3614 3626 3668 anni
3662 3629 3711 3667 ex

2178 3707 2410 3762 Arcadia
2447 3704 2726 3775 profectus
2750 3717 2805 3763 et
2838 3708 3164 3778 coniunctus
3184 3726 3312 3763 cum
3349 3711 3415 3766 iis
3445 3711 3531 3781 qui
3556 3709 3709 3780 ipsius,

2179 3802 2314 3867 imo,
2354 3812 2406 3856 ut
2433 3801 2709 3856 docebunt
2748 3816 2833 3866 ea,
2869 3817 2994 3871 qua:
3040 3815 3375 3871 sequuntur,
3410 3806 3489 3860 sui
3521 3799 3711 3859 studiosi

2179 3900 2354 3952 erant,
2395 3890 2591 3945 Turcis
2621 3891 2825 3960 eripuit
2855 3891 3156 3956 Calabrita,
3185 3893 3364 3948 solam
3397 3911 3460 3949 ex
3501 3895 3710 3954 urbibus,

2179 3999 2317 4051 quas
2349 3998 2378 4035 a
2403 3983 2599 4036 Turcis
2630 3993 2924 4052 occupatas
2950 3995 3374 4053 recuperaturos
3399 4002 3458 4042 se
3481 4001 3593 4041 esse
3619 3998 3714 4053 spe-

2183 4080 2402 4135 rabant.
2436 4075 2711 4130 Demetrio
2769 4076 3013 4145 despola:
3043 4086 3225 4129 autem
3261 4093 3380 4143 cas,
3405 4079 3591 4144 quibus
3632 4073 3711 4144 ipsi

2183 4167 2449 4220 malorum
2491 4177 2744 4221 auctores
2779 4175 3070 4234 prmerant,
3105 4167 3459 4228 Caritmnam,
3505 4175 3712 4220 sanctum

2181 4258 2493 4326 Georgium,
2522 4256 2872 4319 Bordoniam,
2893 4256 3243 4322 Castritzam,
3270 4267 3325 4312 et
3343 4259 3446 4312 alia
3475 4257 3712 4320 nonnulla,

2183 4360 2240 4404 ut
2294 4349 2370 4404 illi
2407 4365 2500 4404 eas
2537 4364 2641 4402 non
2667 4359 2926 4418 tanquam
2978 4349 3474 4412 administratores,
3522 4357 3714 4412 utante,

2187 4437 2282 4493 sed
2327 4449 2385 4492 ut
2414 4439 2620 4492 domini
2667 4439 2997 4509 reciperent.
3051 4438 3197 4494 Nihil
3248 4441 3417 4510 igitur
3447 4441 3580 4496 aliud
3613 4453 3716 4508 pro.

500 4544 675 4602 daret,
721 4556 818 4610 pro
849 4540 1002 4592 hoste
1037 4552 1095 4590 se
1126 4550 1251 4589 eum
1306 4533 1640 4587 habiturum.
1686 4531 1762 4586 De
1815 4531 1917 4585 hoc
1945 4546 2077 4586 con-
2111 4521 2154 4576 ι)
2180 4531 2372 4586 dentes
2405 4531 2516 4596 isti,
2557 4532 2768 4586 strenui
2804 4540 2859 4586 et
2891 4533 3145 4602 generosi
3186 4534 3461 4602 primores
3514 4529 3716 4588 assecuti

497 4634 654 4704 jogio
699 4633 898 4685 missus
937 4631 1148 4697 legatus
1175 4627 1338 4680 etiam
1391 4626 1457 4679 ad
1487 4621 1751 4677 Thomam
1790 4622 2072 4690 despotam

503 4726 710 4782 Pontici
743 4731 1050 4778 versantem
1106 4719 1278 4780 venit.
1309 4727 1383 4784 et,
1415 4716 1668 4786 pactione
1704 4729 1830 4768 cum
1863 4728 1930 4768 eo
1961 4712 2075 4768 fac-

506 4831 581 4882 ta,
605 4815 804 4886 oppida
853 4811 1081 4883 principi
1109 4823 1211 4864 suo
1252 4808 1492 4862 nomlum
1528 4805 1730 4860 donata
1773 4802 2074 4858 secundum

503 4917 771 4965 conventa
803 4905 1014 4974 accepit
1041 4917 1107 4957 ac
1143 4899 1419 4956 discessit.
1446 4897 1628 4953 Mense
1649 4895 1913 4950 Januario
1933 4895 2078 4964 ejus-

502 5003 624 5056 dem
663 4997 791 5054 anni
841 4997 1078 5050 eximius
1112 4995 1200 5048 ille
1235 4994 1338 5057 vir,
1383 4991 1494 5044 imo
1535 5003 1663 5042 vero
1699 4987 1868 5056 pestis
1923 4985 2079 5039 Pelo-

504 5091 756 5162 ponnesi.
801 5087 1141 5158 Niceplmrns
1198 5083 1470 5147 Lucanos,
1502 5081 1596 5150 qui
1637 5081 1690 5132 in
1742 5077 1995 5132 ﬁdelibus
2025 5085 2079 5130 et

507 5181 700 5252 primis
727 5178 983 5256 Demetrii
1020 5177 1265 5247 tlespotae
1305 5173 1625 5247 proceribus
1659 5167 2076 5232 numerabatur,

504 5288 558 5332 et
599 5277 691 5332 alii
737 5275 958 5345 quidam
1004 5271 1272 5326 Albanita:
1321 5278 1376 5324 et
1424 5263 1831 5334 Peloponnesii,
1880 5261 2076 5331 ignari,

504 5383 628 5439 qua:
655 5365 1003 5425 molirentur,
1035 5365 1086 5417 in
1111 5377 1266 5416 suam
1291 5376 1350 5416 se
1375 5358 1670 5432 perniciem
1697 5354 1902 5419 moliri,
1935 5351 2084 5407 Tho-

509 5475 608 5513 mas
637 5457 878 5525 despotzn
909 5466 1224 5521 suaserunt,
1255 5463 1315 5509 ut
1349 5453 1574 5508 fratrem
1599 5449 1740 5504 bello
1767 5447 2081 5501 adoriretur

508 5561 563 5605 rt
592 5559 788 5605 contra
826 5550 1080 5602 Ameram
1113 5547 1481 5609 rebellaret,et
1506 5558 1629 5613 quae
1651 5542 1816 5611 paulo
1844 5548 1974 5594 ante
2003 5538 2083 5592 fe-

511 5655 658 5701 cerat
688 5653 1048 5699 sacramenta.
1077 5652 1332 5710 tauquam
1363 5641 1532 5703 olera,
1560 5637 1891 5693 comederet.
1924 5633 2083 5704 Igno-

510 5739 666 5792 rabat
697 5738 799 5791 hoc
828 5737 966 5790 alter
992 5737 1073 5790 rir
1123 5735 1394 5805 egregius.
1428 5731 1708 5786 Matthaeus
1753 5730 1983 5793 Asanes,
2015 5727 2082 5781 de

509 5829 786 5885 connubio
820 5828 912 5883 illo
944 5829 1083 5884 inter
1130 5828 1274 5882 illius
1329 5823 1712 5882 consobrinam
1749 5829 1803 5875 et
1825 5819 2079 5874 Amcram

2181 4631 2330 4686 sunt,
2366 4623 2469 4676 nisi
2518 4632 2579 4676 ut
2609 4621 2804 4687 Deum,
2837 4637 3020 4678 rerum
3087 4626 3336 4680 omnium
3389 4636 3643 4680 auctorem
3675 4628 3717 4674 et

2179 4715 2477 4784 principem
2521 4715 2607 4781 iis,
2636 4715 2728 4785 qui
2763 4715 2817 4770 in
2851 4725 2998 4771 terra
3040 4729 3189 4780 sunt,
3231 4719 3586 4787 potentiorem
3613 4729 3717 4770 con-

2183 4818 2260 4860 tra
2286 4823 2346 4862 se
2377 4809 2682 4875 irritarent;
2741 4819 2904 4880 atque
2950 4811 3092 4865 inter
3149 4810 3350 4866 fratres
3405 4821 3458 4866 et
3505 4809 3717 4864 dominos

2180 4911 2314 4950 suos
2357 4908 2618 4952 severnnt
2672 4899 3018 4962 inimicitias,
3057 4900 3202 4955 haud
3255 4915 3533 4956 memores
3566 4893 3719 4952 miseri

2181 4989 2386 5043 oraculi
2424 4990 2570 5043 illius
2598 4991 2846 5045 indubii:
2883 5011 2900 5042 ι
2947 4993 3122 5047 Omne
3155 5009 3386 5059 regnum
3426 5007 3597 5047 secum
3635 4988 3719 5039 dis.

2181 5081 2416 5136 cordans
2443 5081 2750 5148 dilabetur;
2778 5101 2797 5134 ο
2836 5098 2935 5136 nec
2955 5085 3232 5152 proverbii
3257 5085 3408 5138 illius
3434 5103 3447 5138 :
3494 5102 3512 5135 ι
3548 5081 3718 5136 Adver-

2183 5187 2277 5226 sus
2301 5171 2440 5227 duos
2467 5188 2532 5226 ne
2560 5172 2823 5228 Hercules
2842 5174 3093 5240 quidem:
3129 5193 3148 5226 ο
3183 5175 3311 5243 quin
3341 5175 3450 5227 imo
3474 5173 3623 5227 etiam
3647 5165 3720 5220 Iri-

2184 5261 2285 5317 bus
2307 5262 2489 5318 obnisi
2521 5275 2671 5319 sunt.
2701 5263 2833 5329 Quae
2856 5279 2981 5318 cum
3011 5265 3086 5318 ita
3117 5265 3495 5336 procederent,
3522 5262 3718 5334 primum

2183 5369 2277 5409 eos
2305 5353 2444 5410 Deus
2476 5355 2735 5424 neglexit,
2767 5372 2871 5411 nec
2908 5358 3175 5425 sciebant,
3209 5357 3340 5426 quid
3371 5356 3620 5414 facerent,
3646 5345 3718 5402 sed

2185 5457 2343 5501 erant
2375 5448 2520 5503 velut
2577 5449 2754 5518 pisces
2803 5451 2855 5504 in
2898 5451 3192 5511 verriculo.
3228 5451 3343 5518 qui,
3378 5463 3436 5505 se
3467 5459 3640 5502 omnes
3677 5439 3720 5492 in

2187 5550 2386 5595 terram
2447 5549 2782 5604 protractum
2817 5542 2880 5595 iri
2916 5541 3110 5605 nescii,
3162 5542 3379 5596 interim
3435 5539 3647 5593 invicem
3676 5543 3723 5584 se

2188 5641 2613 5702 persequuntur,
2641 5647 2703 5686 ac
2727 5634 2967 5688 minores
2993 5635 3133 5703 capti
3168 5641 3556 5688 consumuntur
3579 5641 3606 5680 ι
3633 5636 3724 5676 nta—

2182 5723 2416 5793 joribus.
2445 5722 2658 5792 Quippe
2690 5722 2928 5779 Thomas
2986 5726 3209 5794 despota
3248 5721 3557 5777 incursabat
3602 5712 3725 5769 obsio

2186 5819 2453 5890 debetque
2491 5819 2676 5876 fratris
2706 5821 2872 5875 urbes
2909 5827 2964 5874 et
2990 5819 3209 5888 oppida,
3241 5816 3532 5870 Zarnatam
3567 5817 3615 5863 et
3640 5804 3723 5859 alia
