3960 6552
262 416 398 486 1001

1317 419 1752 481 ΠΠΗΟΝΙΟΟΝ
1793 417 2060 480 MAJUS.
2088 441 2156 452 -
2184 416 2326 476 LIB.
2369 416 2470 476 W.

3355 411 3490 478 1002

255 531 429 585 αὐτοῦ
459 528 553 584 καὶ
582 529 909 598 φυγέτωσαν
954 528 1062 584 ἀπδ
1107 529 1402 600 προσώπου
1433 529 1603 584 αὑτοῦ
1653 529 1703 580 οί
1740 546 1827 597 μι-
1859 533 1901 587 Α
1935 544 2032 590 ρας
2059 525 2222 596 429
2254 524 2422 580 αὑτοῦ
2457 523 2710 578 ἐκέλευσε
2741 523 2958 591 δοθῆναι
2988 523 3138 594 αὐτῷ
3171 525 3341 579 ἵππον
3373 530 3495 579 τινὰ

258 623 483 685 σοῦντες
519 621 702 674 αὐτόν.
742 639 762 673 ι
799 620 908 674 Καὶ
930 620 1124 674 τούτου
1159 620 1457 690 γενομένου
1487 621 1562 682 ὡς
1592 619 1823 689 ἡκούσα-

253 732 362 786 μεν
390 715 541 784 παρά
565 731 751 778 τινων,
782 713 864 766 ὅτι
895 713 990 766 καὶ
1017 713 1045 765 6
1072 711 1340 782 δεσπότης
1370 711 1666 781 ἀπέπεμψε
1692 711 1827 779 πρὸς

253 806 349 859 τὸν
372 805 596 874 ἀμηρᾶν
627 805 731 874 τὴν
758 802 926 875 ωε
952 802 1236 874 πρόσοδον,
1269 802 1346 872 μὴ
1377 801 1548 855 θέλων
1578 802 1660 852 tu
1683 799 1828 868 ἔχειν

253 897 316 950 τὸ
350 895 515 966 βάρος
543 896 572 949 ὃ
600 891 748 965 εἶχεν
779 898 859 956 είς
901 895 964 948 τὸ
995 893 1380 965 στρατόπεδον,
1416 890 1589 946 εἰπὼν
1613 891 1788 952 οὕτως
1808 905 1823 920 ⁶

260 1008 280 1041 ι
334 988 475 1058 Ἐγώ
519 989 637 1058 είμι
667 987 846 1058 γέρων
895 989 992 1042 καὶ
1029 988 1282 1058 ἀσθενὴς,
1332 986 1426 1038 καὶ
1468 987 1498 1038 6
1535 983 1828 1053 ἐκπληρῶν

253 1082 354 1152 τὴν
385 1081 709 1150 δουλοσύνην
735 1080 975 1134 ἀπέθανε
1000 1095 1017 1112 ο
1057 1080 1246 1132 λοιπὸν
1277 1080 1308 1148 ἡ
1361 1077 1532 1147 πολλὴ
1564 1075 1826 1146 πρόσοδος

251 1173 466 1243 δοθήτω
495 1174 632 1226 ὅπου
668 1172 715 1225 δ’
744 1172 811 1226 ἂν
839 1170 1122 1242 κελεύσης,
1151 1169 1279 1238 ἐμοὶ
1320 1169 1378 1222 δὲ
1409 1168 1624 1236 δοθήτω
1665 1165 1827 1236 μόνον

250 1266 315 1319 τὸ
344 1265 550 1336 ἀρκοῦν
574 1265 715 1334 πρὸς
751 1263 814 1316 τὸ
843 1263 943 1332 ζῇν
983 1280 1050 1331 με
1075 1261 1389 1330 καθήμενον
1426 1256 1662 1311 ἐνταῦθα
1688 1257 1830 1324 μετά

250 1373 416 1411 τινων
446 1357 666 1425 ὀλίγων.
707 1374 726 1407 ι
771 1356 831 1408 Ὀ
857 1351 956 1408 οὖν
987 1355 1211 1424 ἀμηρᾶς
1245 1350 1618 1420 ἀπεκρίνατο·
1657 1367 1676 1401 ι
1717 1349 1830 1400 Κα-

251 1447 365 1512 λῶς
399 1447 553 1518 ἔχει’
582 1446 970 1517 ᾱαχωρισάτω
996 1445 1026 1497 6
1055 1444 1327 1512 δεσπότης
1364 1439 1461 1504 οὓς
1491 1439 1766 1510 βούλεται,
1803 1456 1822 1489 ι

249 1544 349 1598 καὶ
376 1542 619 1612 χωρίσας
657 1541 856 1593 δέδωκε
888 1538 1027 1608 πρὸς
1057 1537 1220 1590 αὑτὸν
1257 1535 1449 1605 ἀσπρα
1487 1533 1828 1600 πεντήκοντα

251 1635 518 1706 χιλιάδας,
572 1633 660 1686 ίνα
691 1632 790 1702 ἔχῃ
823 1633 889 1683 ὲκ
940 1629 1036 1682 τοῦ
1085 1626 1384 1699 κομερκίου
1409 1623 1503 1678 τοῦ
1551 1623 1824 1692 ἀλεύρουο

246 1726 379 1788 τοὺς
415 1725 474 1778 δὲ
504 1723 760 1786 πλείονας
793 1721 905 1775 τῶν
937 1719 1266 1790 ὑποχειρίων
1304 1715 1471 1770 αὐτοῦ
1505 1715 1828 1786 περιορίσας

247 1819 466 1887 ἀπῆρεν
503 1815 589 1868 ἴνα
619 1813 989 1886 εὑρίσκωνται
1017 1813 1076 1864 ὲν
1108 1811 1175 1881 τῇ
1223 1806 1824 1863 Κωνσταντινουπόλει.

252 1910 442 1962 Ἄλλοι
489 1907 547 1961 δὲ
594 1901 750 1960 εἶπον
777 1905 956 1966 ἄλλως
995 1903 1244 1974 γέγονεν,
1284 1901 1368 1954 ὅτι
1397 1901 1426 1954 6
1477 1898 1588 1952 τῶν
1637 1897 1825 1952 κακῶν

247 2003 509 2057 ἁπάντων
537 1999 847 2069 ὲφευρετὴς
891 1995 1175 2056 Ματθαῐος
1209 1994 1238 2047 6
1272 1992 1510 2062 ’Δσάνης
1545 1989 1686 2062 μετά
1716 1989 1826 2042 τῶν

244 2093 482 2164 ἑχόντων
531 2093 634 2160 τὴν
682 2089 782 2156 τῆς
834 2088 998 2142 Αἴνου
1045 2085 1242 2155 ἀλικὴν
1277 2083 1483 2154 κλέψας
1521 2082 1648 2137 τινὰ
1690 2079 1827 2153 χρή·

250 2203 399 2257 ματα
451 2185 530 2255 μὴ
558 2182 761 2246 εἰδότος
793 2180 888 2235 τοῦ
915 2179 1208 2244 δεσπότου,
1250 2177 1346 2231 καὶ⁵
1379 2175 1540 2230 τοῦτο
1578 2174 1766 2246 μαθὼν
1795 2174 1823 2224 6

244 2277 470 2347 ἀμηρᾶς
497 2273 768 2344 ἐϐουλήθη
797 2270 994 2326 πιάσαι
1022 2269 1117 2322 τὸν
1148 2267 1436 2338 είρημέΰον
1469 2265 1704 2334 ’Δσάνην
1728 2265 1825 2317 καὶ

247 2351 682 2423 ἀνασκολοπίσαι
727 2365 914 2429 αὑτὸν,
955 2365 984 2416 δ
1023 2363 1082 2416 δὲ
1108 2361 1342 2428 ’Δσάνης
1393 2358 1456 2411 ιχ
1500 2355 1598 2410 τοῦ
1628 2356 1820 2426 φόϐου,

244 2457 380 2512 ινθα
417 2453 507 2527 ἦν,
563 2455 865 2524 ἀπὲψυξεν.
921 2453 980 2506 '0
1011 2451 1067 2505 δὲ
1104 2449 1328 2520 ἀμηρᾶς
1376 2445 1700 2500 ὑποπτεύων
1743 2446 1820 2516 μή

244 2567 331 2604 τοι
369 2551 464 2602 καὶ
492 2550 519 2602 6
551 2549 819 2616 δεσπότης
852 2547 910 2598 ἐν
937 2546 1007 2615 τῇ
1057 2540 1285 2613 τοιαύτῃ
1313 2538 1594 2610 συμϐουλῇ
1625 2533 1694 2607 ἦν
1727 2543 1824 2590 καὶ

245 2642 620 2714 δραπετεύσῃ,
661 2637 928 2709 ἐξώρισεν
973 2637 1030 2687 ὲν
1055 2633 1133 2704 τῷ
1155 2631 1526 2702 Διδυμοτείχῳ
1569 2629 1666 2684 καὶ
1687 2625 1822 2701 ἦρεν

185 2733 192 2740 ’
243 2733 411 2786 αὐτοῦ
447 2733 557 2785 πᾶν
608 2729 942 2800 σιτηρέσιον,
991 2727 1088 2779 καὶ
1128 2725 1272 2779 οὕτω
1316 2723 1506 2788 κακῶς
1562 2723 1817 2781 διέκειτο.

243 2826 361 2896 Μιᾷ
396 2820 491 2878 οὖν
519 2824 630 2876 τῶν
658 2821 884 2892 ἡμερῶν
923 2815 1344 2890 ὲρχομένου’τοῦ
1373 2817 1567 2887 ἀμηρᾶ
1595 2817 1704 2870 ἀπὸ
1726 2815 1819 2871 τοῦ

241 2917 511 2986 κυνηγίου
565 2914 664 2969 καὶ
695 2913 986 2982 μέλλοντος
1029 2909 1261 2964 διελθεῖν
1298 2907 1420 2962 ὅθεν
1451 2909 1480 2960 6
1527 2907 1818 2978 εἰρημένος

240 3009 510 3079 δεσπότης
549 3002 641 3076 ἦν,
693 3003 920 3074 ὶξῆλθεν
971 3005 1000 3055 6
1032 3001 1299 3072 δεσπότης
1343 2999 1685 3070 πεζηπορῶν
1723 3000 1820 3052 καὶ

243 3097 590 3166 συναντήσας
629 3091 1014 3163 προσεκύνησε
1041 3089 1134 3145 τὸν
1166 3091 1393 3162 ἀμηρᾶν
1421 3089 1514 3143 τὸν
1542 3089 1638 3143 καὶ
1669 3105 1817 3158 γαμ-

1928 619 1992 668 ἑκ
2020 617 2130 669 τῶν
2169 617 2528 673 αὐθεντικῶν.
2559 617 2670 670 Καὶ
2719 615 2926 680 ἀναὸἀς
2954 612 3087 688 ἦλθε
3116 620 3214 670 σὺν
3257 617 3405 684 αύτῷ
3439 621 3496 670 ὲν

1928 710 1996 777 τῇ
2027 708 2515 778 Ἀνδριανουπόλει,
2545 709 2640 762 καὶ
2659 712 2738 772 εἰς
2757 709 3066 778 σιτηρέσιον
3086 709 3316 763 δέδωκεν
3338 711 3490 778 αύτῷ

1929 798 2115 868 ἇσπρα
2143 796 2389 866 χιλιάδας
2427 799 2770 869 πεντήκοντα
2812 801 2874 853 ἑκ
2910 799 3002 852 τοῦ
3052 800 3352 869 κομερκίον
3400 801 3496 854 τοῦ

1929 890 2180 961 ἀλεύρου.
2219 893 2329 946 Καὶ
2360 893 2517 946 τοῦτο
2549 893 2935 964 ἀληθέστερον.

2000 982 2107 1035 Τοῦ
2123 983 2169 1036 δ’
2190 984 2355 1038 αὑτοῦ
2373 987 2565 1055 χρόνου
2589 984 2665 1054 τῷ
2697 986 2845 1056 θέρει
2869 987 3110 1053 ἐγεγόνει
3135 989 3372 1056 τοσαύτη
3392 987 3502 1039 λοι-

1934 1075 2116 1146 μώδης
2139 1079 2292 1141 νόσος
2316 1078 2372 1130 ἐν
2387 1095 2447 1132 τε
2468 1082 2530 1148 τῇ
2557 1080 3500 1148 Κωνστειντινουπόλει,“Λνδριανου-

1931 1168 2200 1222 πόλεικαὶ
2222 1171 2617 1224 Καλλιουπὸλει
2648 1173 2742 1225 καὶ
2771 1175 2890 1234 ταῖς
2924 1173 3086 1242 πέριξ
3115 1173 3293 1226 αὐτῶν
3315 1174 3504 1226 πόλεσι

1932 1262 2029 1314 καὶ
2050 1261 2284 1331 κώμαις,
2313 1264 2502 1316 ἄστεσι
2528 1281 2585 1316 τε
2608 1265 2701 1316 καὶ
2734 1265 2963 1332 χώραις,
2987 1265 3073 1317 οἵα
3097 1266 3159 1317 οὔ
3185 1267 3406 1333 γέγονεν
3445 1267 3503 1317 ὲν

1930 1354 2041 1414 τοῖς
2089 1354 2426 1423 παρελθοῦσι
2461 1355 2676 1424 χρόνοις
2730 1359 2792 1409 ἐκ
2845 1356 3047 1408 π’,λλοῦ
3095 1358 3310 1426 καιροῦ,
3361 1357 3503 1410 ὥστε

1931 1445 2284 1514 τεθνήκασιν,
2323 1445 2403 1507 ὦς
2429 1463 2583 1514 φασι,
2635 1447 2896 1517 μυριάδες
2941 1447 3134 1501 πολλαὶ
3173 1447 3503 1516 ἀνθρώπων,
3589 1463 3594 1468 ·

1929 1535 1990 1586 οὖ
2026 1535 2290 1604 χιλιάδες.
2319 1537 2410 1590 Ἐν
2440 1531 2518 1598 οἷς
2548 1539 2605 1591 δὲ
2639 1539 2732 1591 καὶ
2761 1540 2792 1605 η
2821 1537 2916 1590 τοῦ
2959 1539 3220 1591 δεσπότου
3247 1538 3500 1609 θυγάτηρ

1929 1628 1962 1696 ἡ
1999 1627 2287 1697 ἀμήρισσα
2327 1630 2586 1682 ἀπεθανε.
2747 1695 2750 1699 _

2001 1717 2110 1770 Τοῦ
2163 1719 2220 1772 δὲ
2265 1722 2456 1790 ,ςᾷοςθ
2517 1721 2671 1785 ἔτους
2722 1722 3016 1793 Νοεμϐρίῳ
3069 1725 3202 1792 μηνὶ
3255 1720 3502 1790 ἀπῆλθον

1929 1811 2088 1879 κάγὼ
2113 1813 2193 1875 είς
2224 1813 2324 1882 τὴν
2353 1813 2515 1880 ἁγίαν
2539 1814 2776 1885 Μαύραν
2807 1816 3172 1886 παρακινήσει
3215 1815 3312 1886 τῆς
3344 1815 3503 1884 βασι-

1933 1903 2126 1972 λίσσης
2178 1904 2376 1975 κυρίας
2412 1905 2636 1976 Ἑλένης
2675 1908 2771 1960 καὶ
2805 1908 3070 1975 πενθεροῦ
3103 1905 3197 1960 τοῦ
3237 1905 3500 1960 αύθέντου

1928 1993 2023 2046 τοῦ
2061 1995 2226 2048 τόπου
2276 1995 2493 2048 ἐκείνου
2541 1999 2646 2066 κὺρ
2677 1997 3001 2065 Λεονάρδου,
3031 1997 3121 2048 ἴνα
3158 1997 3253 2047 καὶ
3295 1996 3387 2049 τὸν
3416 1996 3500 2048 1:6-

1928 2102 2031 2140 πον
2075 2089 2255 2140 ἐκεῖσε
2288 2088 2685 2157 ἀναθεωρήσω,
2719 2091 2812 2142 καὶ
2844 2091 2919 2152 ὡς
2961 2087 3124 2158 δῆθεν
3152 2087 3376 2158 ἀνεψιοῦ
3402 2087 3497 2140 τοῦ

1929 2181 2234 2250 μακαρίτου
2253 2179 2346 2234 τοῦ
2377 2181 2637 2234 αὑθέντου
2661 2199 2764 2252 μου
2804 2181 2898 2234 τοῦ
2921 2181 3192 2252 ,βασιλέως
3215 2183 3320 2251 κῦρ
3341 2181 3500 2234 ’Κων-

1927 2272 2210 2323 σταντίνου
2235 2272 2329 2324 καὶ
2361 2273 2502 2343 ὑπὲρ
2533 2272 2626 2326 τοῦ
2661 2274 2865 2343 πατρὸς
2891 2273 3058 2327 αὑτοῦ
3093 2273 3358 2333 παθόντος
3394 2290 3496 2341 μου

1926 2359 2131 2427 ζημίαν
2161 2363 2453 2434 μεγίστην,
2481 2363 2558 2427 ὡς
2591 2365 2981 2434 ἑπροεδὴλωσα
3031 2365 3089 2416 ὲν
3118 2363 3196 2434 τῷ
3233 2363 3317 2434 λη’
3362 2363 3494 2424 ἔτει,

1893 2450 2014 2516 ,ἴνα
2037 2451 2337 2506 ἀπολαύσω
2366 2452 2510 2516 τινὸς
2563 2455 2886 2523 εὐεργεσίας
2933 2455 3154 2523 ἐτησεου
3199 2453 3274 2517 ὡς
3315 2455 3497 2522 γέρων

1925 2541 2018 2593 καὶ
2073 2541 2308 2612 ἀσθενὴς
2361 2545 2456 2597 καὶ
2492 2545 2708 2614 πτωχὸς
2762 2544 2872 2597 ἀπὸ
2933 2546 3032 2614 τῆς
3091 2543 3492 2613 αἰχμαλωσίας.

1937 2633 2382 2703 Ἐπαναστρέψας
2410 2634 2466 2686 δὲ
2504 2637 2569 2704 τῇ
2604 2635 2686 2706 κβ¹
2725 2636 2818 2688 τοῦ
2853 2635 3042 2699 αὑτοῦ,
3079 2636 3269 2704 ἐντελῆ
3309 2637 3493 2688 πάντα

1925 2724 2053 2778 ίδὼν
2084 2726 2176 2778 καὶ
2205 2727 2543 2790 ἀπολαύσας,
2578 2727 2708 2781 ἄνευ
2745 2727 2842 2781 τοῦ
2875 2729 3167 2800 ὑπερέχειν
3197 2730 3253 2780 ιν
3284 2728 3360 2797 τῷ
3394 2746 3495 2798 μα.

1925 2815 2222 2886 στραῖδιαῷ
2259 2817 2409 2882 γένει
2455 2818 2558 2888 τὴν
2595 2821 2777 2872 πᾶσαν
2810 2819 2984 2889 ἀρχὴν
3035 2819 3232 2871 αὐτοῦ·
3280 2820 3362 2870 δεῖ
3386 2820 3494 2887 γέιρ

1921 2911 2032 2971 τοίς
2066 2909 2393 2980 ἀρχομένοις
2427 2910 2806 2980 ἐξομοιοῦσθαι
2836 2914 2948 2974 τοῖς
2989 2911 3238 2982 ἄρχουσι.
3277 2913 3385 2966 Καὶ
3416 2912 3494 2979 τῷ

1927 3001 2251 3073 Ἰανουαρίῳ
2299 3002 2465 3074 430
2501 3004 2634 3075 μηνὶ
2664 3003 2756 3058 τοῦ
2799 3004 2968 3058 αὑτοῦ
3017 3005 3172 3068 ἔτους
3204 3005 3301 3057 καὶ
3330 3006 3356 3055 6
3395 3004 3493 3072 τῆς

1933 3090 2281 3155 ⁹Αλδανιτξας
2331 3095 2600 3165 αὐθέντης
2632 3096 2858 3165 ὀνόματι
2894 3094 3216 3166 Σκαντάρης
3259 3094 3490 3162 τέθνηκε

239 3189 372 3258 σρὸν
399 3186 589 3242 αὐτοῦ.
619 3184 770 3240 Ἰδὼν
796 3184 853 3238 δδ
875 3183 1072 3237 τοῦτον
1097 3185 1124 3236 6
1157 3182 1381 3252 ἀμηρᾶς
1405 3182 1815 3254 περιπατοῦντα
1841 3179 1887 3243 C
1920 3185 2138 3254 φυσικῷ
2171 3185 2410 3255 θανάτῳ,
2445 3187 2540 3240 καὶ
2569 3187 2630 3240 τὸ
2664 3187 2763 3258 μὲν
2797 3187 2888 3242 τοῦ
2923 3188 3096 3241 τόπου
3135 3188 3229 3240 καὶ
3255 3187 3352 3256 τῆς
3393 3187 3491 3238 αύ-

237 3277 486 3349 ὲλυπηθη
522 3277 750 3347 σφόδρα,
773 3265 886 3327 ’καὶ
923 3273 1124 3346 μᾶλλον
1165 3271 1586 3358 σπλαγχνισθεὶς
1629 3270 1689 3324 τὸ
1709 3272 1808 3342 γῆ-

234 3455 378 3526 ejus,
407 3456 498 3526 qui
527 3455 768 3509 oderunt
789 3467 936 3508 eum.
973 3469 994 3504 ι
1025 3451 1168 3518 Mox,
1203 3460 1262 3507 ut
1285 3467 1316 3506 e
1348 3452 1674 3522 quihusdam
1712 3466 1808 3507 co-

232 3547 418 3618 gnovi,
446 3546 744 3602 Demetrius
773 3544 1018 3615 despota,
1078 3560 1186 3600 nou
1207 3543 1321 3614 jam
1374 3545 1588 3599 militiae
1629 3546 1806 3599 mole-

229 3641 396 3696 stiam
415 3649 784 3703 sustenturus,
800 3653 996 3694 amera:
1013 3638 1221 3694 reditus
1249 3638 1464 3695 remisit
1485 3639 1571 3694 his
1590 3639 1804 3694 verbis:

235 3731 452 3788 ¢Scnex
484 3748 602 3788 sum
639 3741 696 3788 et
725 3733 1002 3798 inﬁrmus,
1033 3740 1088 3786 et
1136 3732 1360 3795 occidit,
1407 3731 1499 3801 qui
1523 3731 1622 3786 tibi
1688 3747 1808 3786 sero

226 3827 435 3882 viebat.
455 3825 644 3896 Itaque
681 3825 850 3880 multa
875 3824 995 3878 hac
1051 3823 1309 3894 pecunia,
1361 3838 1472 3893 quo
1520 3824 1640 3877 loco
1701 3837 1803 3877 vo-

228 3919 424 3984 lueris,
461 3917 723 3987 pendetur
751 3933 766 3970 :
800 3917 934 3970 mihi
966 3917 1147 3981 detur,
1178 3927 1444 3984 quantum
1472 3917 1539 3970 ad
1596 3916 1802 3990 vietum

226 4010 483 4075 sutIiciat,
515 4025 640 4063 cum
677 4009 861 4078 paucis
885 4007 974 4063 hic
1006 4009 1247 4078 degenti.
1276 4026 1295 4059 ι
1331 4005 1630 4078 Respondit
1657 4022 1808 4062 ame-

228 4117 323 4158 ras
359 4120 373 4156 :
418 4103 590 4179 «pene
622 4116 708 4156 res
731 4099 893 4154 habet
929 4115 946 4154 :
978 4108 1229 4170 segreget
1252 4099 1480 4168 despota
1528 4113 1560 4152 a
1596 4113 1657 4154 se
1678 4099 1805 4153 licet

226 4208 371 4264 quos
403 4192 479 4247 illi
542 4191 752 4262 placet;
789 4209 807 4242 ι
847 4191 1108 4261 deditque
1172 4198 1468 4260 segregata
1515 4204 1801 4258 asprorum

227 4285 624 4354 quinquaginta
656 4283 848 4346 millia,
881 4297 913 4335 e
953 4281 1311 4351 vectigalibus
1332 4280 1716 4336 frumentariis
1749 4279 1799 4335 ei

225 4376 535 4449 pendeuda,
561 4376 838 4446 plerisque
875 4372 1142 4428 ministris
1203 4373 1326 4444 ejus
1389 4371 1546 4444 Cpoli
1600 4373 1800 4441 degere

221 4467 415 4540 jussis.
446 4468 551 4522 Alii
602 4482 714 4522 rem
763 4466 924 4521 aliter
980 4476 1253 4520 narrant:
1315 4480 1512 4535 nempe
1555 4464 1800 4520 omnium

225 4560 498 4616 malorum
527 4565 808 4612 auctorem
856 4555 1168 4611 Matthzeum
1220 4556 1457 4643 Asauern
1497 4571 1623 4611 cum
1677 4557 1800 4625 qui-
1835 4596 1883 4653 Β

223 4651 486 4715 busdam,
545 4649 639 4720 qui
716 4649 922 4702 salinas
962 4647 1093 4701 Aini
1143 4631 1444 4710 tenebant;
1532 4648 1795 4716 pecunias

224 4741 492 4811 quasdam
517 4740 758 4794 furatum
788 4752 932 4798 esse.
955 4736 1128 4792 inscio
1145 4737 1398 4806 deSpnta.
1427 4735 1485 4789 ω
1529 4738 1620 4791 ubi
1651 4753 1806 4792 com-

223 4834 464 4905 perisset
511 4845 766 4891 ameras.
826 4828 1072 4884 voluisse
1136 4841 1264 4881 eum
1319 4828 1557 4884 Asanem
1644 4829 1800 4884 illum

223 4919 692 4988 comprehendere
745 4925 798 4970 et
854 4915 979 4984 palo
1040 4913 1412 4983 transﬁgere:
1468 4918 1611 4971 unde
1657 4929 1805 4973 metu

223 5011 539 5084 perculsum
572 5011 809 5066 Asanem
861 5008 1009 5062 illico
1047 5007 1374 5077 exspirasse.
1425 5008 1677 5064 Ameram
1714 5026 1808 5064 au.

225 5120 337 5164 tem
370 5107 732 5177 suspicatum,
762 5105 1045 5173 despotam
1075 5103 1194 5173 ejus
1227 5102 1443 5158 consilii
1477 5103 1804 5172 participem

223 5210 280 5256 et
303 5199 431 5271 fuga
461 5200 693 5253 salutem
720 5196 1074 5266 quaesiturum
1105 5208 1248 5259 esse,
1298 5209 1448 5258 eum,
1508 5194 1808 5266 Didymoti-

225 5295 390 5348 chum
425 5291 744 5361 relegatum,
785 5287 939 5342 ornni
971 5287 1238 5355 stipendio
1267 5285 1556 5356 spoliasse,
1619 5298 1673 5342 et
1733 5289 1806 5343 ita

228 5384 370 5440 male
401 5384 684 5437 inuitasse.
724 5379 1012 5445 Quondam
1049 5388 1258 5441 autem,
1313 5394 1439 5433 cum
1487 5396 1724 5447 ameras,
1777 5398 1806 5435 a

227 5476 521 5532 venatione
552 5474 790 5536 rediens,
823 5472 1160 5526 transiturus
1219 5481 1386 5537 esset,
1439 5473 1531 5527 ubi
1578 5474 1806 5544 despota

227 5568 460 5631 viveret,
496 5567 641 5620 hunc
677 5563 908 5635 pedibus
933 5563 1151 5616 obviam
1185 5564 1549 5633 processisse,
1576 5577 1630 5622 et
1657 5583 1808 5622 ame-

231 5677 370 5726 ram,
407 5673 669 5731 generum
715 5672 901 5719 suum.
927 5658 1218 5722 adorasse;
1255 5655 1410 5710 ilium
1434 5672 1559 5712 eum
1612 5661 1806 5714 ambu-

236 5754 438 5809 lantem
491 5766 617 5806 eum
688 5749 918 5815 videret,
974 5751 1328 5806 vehementer
1388 5749 1689 5817 tristatnm,
1755 5761 1809 5807 et

235 5845 412 5918 magis
456 5843 621 5903 etiam
681 5841 928 5911 ejusdem
978 5849 1316 5898 senectutem
1361 5842 1806 5901 commiseratum

567 5942 841 6002 Pamoe.
882 5942 1000 6000 Gn.
1045 5933 1220 5997 CLVI

1915 3274 2132 3340 θεντίας
2159 3277 2468 3349 παρέλαϐεν
2493 3280 2526 3348 ἡ
2553 3278 2815 3335 αὒθεντία
2839 3279 2939 3351 τῆς
2982 3279 3249 3344 Ἐνετίας,
3284 3279 3345 3331 τὸ
3373 3278 3427 3330 δὲ
3463 3281 3492 3330 6

1909 3456 1975 3512 de
2003 3455 2161 3528 equis
2193 3455 2358 3527 regiis
2421 3471 2594 3511 unum
2637 3457 2689 3512 ei
2747 3455 2975 3526 prmberi
3019 3456 3306 3526 jussisse:
3367 3469 3480 3522 quo

1905 3562 2265 3612 conscenso,
2319 3549 2599 3618 despotam
2661 3565 2786 3606 cum
2842 3564 3023 3604 arnera
3076 3549 3486 3619 Adriannpolim

1913 3641 2138 3706 abiisse,
2182 3641 2367 3712 ibique
2406 3643 2461 3695 in
2491 3644 2694 3696 victum
2751 3643 3007 3697 habuisse
3056 3657 3088 3696 e
3133 3641 3488 3711 vectigalibus

1910 3727 2278 3785 frumentariis
2335 3745 2621 3799 asprorum
2646 3731 3043 3801 quinquaginta
3085 3729 3276 3782 millia.
3311 3731 3488 3798 Atque

1911 3821 2026 3875 hac
2054 3821 2271 3891 quidem
2313 3824 2557 3876 narratio
2614 3824 2792 3876 verior
2850 3833 2956 3876 est.

1978 3912 2190 3968 Estate
2229 3914 2472 3983 ejusdem
2496 3915 2624 3969 anui
2641 3912 2876 3984 Cpolim,
2900 3912 3341 3979 Adrianupnlim,
3361 3912 3484 3966 Cal-

1908 4003 2172 4073 liopulim,
2195 4015 2249 4060 et
2271 4005 2535 4060 ﬁnitimas
2561 4007 2720 4061 urbes
2738 4015 2794 4060 et
2825 4007 2994 4070 vicos,
3015 4004 3210 4073 Oppida
3232 4014 3285 4057 et
3313 4005 3484 4072 regin-

1909 4112 2009 4152 nes
2066 4098 2376 4165 pestilentia
2417 4099 2637 4162 invasit,
2679 4099 2860 4168 qualis
2885 4100 3046 4168 longo
3067 4101 3328 4166 temporis
3360 4115 3484 4165 spi-

1910 4191 1987 4244 tio
2016 4207 2124 4245 non
2159 4191 2355 4255 luerat,
2404 4191 2474 4243 ita
2513 4200 2569 4244 ut
2603 4193 2798 4245 multas
2833 4193 3113 4244 hominum
3185 4191 3478 4260 Inyriadvs,

1909 4283 2105 4337 nedum
2137 4281 2428 4346 chillades,
2455 4281 2680 4336 emedio
2705 4281 3113 4336 ahiissedieant
3135 4300 3147 4335 :
3169 4284 3222 4335 in
3249 4297 3480 4350 quorum

1907 4387 2136 4428 numero
2161 4373 2444 4434 amerissa.
2473 4374 2713 4441 despou-
2755 4374 2882 4439 lilia,
2910 4384 3050 4428 erat.

1977 4464 2117 4518 Anni
2151 4464 2291 4519 697G
2349 4480 2538 4520 mense
2585 4463 2880 4519 Novembri
2925 4475 3171 4530 sanctam
3235 4463 3478 4519 Mauram

1908 4557 2175 4622 concessi,
2211 4555 2418 4611 Helena
2455 4557 2642 4624 regina
2677 4545 2730 4612 et
2768 4556 3061 4620 Lconardi,
3085 4559 3346 4626 prittCiliS
3365 4559 3483 4625 ejus

1910 4648 2038 4711 loci,
2070 4661 2265 4702 socero
2296 4649 2638 4711 auctoribus,
2674 4658 2730 4701 ut
2762 4664 2871 4701 non
2897 4649 3072 4703 solum
3115 4650 3298 4702 locum
3353 4667 3478 4702 eum

1908 4740 2226 4803 reviserem,
2251 4740 2344 4794 sed
2374 4743 2564 4801 etiam.
2618 4756 2742 4795 cum
2775 4741 2865 4794 ille
2929 4742 3067 4793 beati
3104 4743 3206 4794 mei
3252 4741 3480 4805 domini,

1906 4829 2250 4882 Constantini
2280 4828 2653 4897 imperatoris,
2685 4829 3056 4882 consobrinus
3080 4837 3226 4882 esset
3259 4837 3312 4880 et
3339 4842 3479 4892 gra-

1910 4921 2194 4974 vissimam
2231 4919 2497 4984 tulissem,
2539 4928 2597 4972 ut
2626 4935 2789 4989 supra
2828 4919 3074 4980 narravi,
3109 4918 3478 4970 calamitatem

1910 5020 2130 5079 propter
2160 5009 2280 5077 ejus
2318 5019 2551 5078 patrem,
2585 5025 2729 5062 anno
2763 5011 2940 5065 a-tatis
2976 5010 3070 5066 53.
3107 5010 3338 5077 pecunia
3384 5008 3482 5059 al?-

1909 5116 2013 5168 qua
2049 5080 2234 5155 annua
2287 5101 2422 5154 mihi
2455 5102 2892 5154 constituercznr
2921 5109 3112 5168 utpote
3141 5100 3256 5152 seni
3289 5107 3344 5152 et
3395 5099 3483 5152 in.

1909 5192 2069 5244 lirmo
2101 5201 2156 5244 et
2191 5205 2368 5260 egeno
2399 5207 2429 5246 (ι
2459 5193 2804 5262 captivitate.
2845 5174 3123 5245 Reversus
3152 5207 3270 5244 sum
3309 5192 3394 5244 die
3415 5191 3484 5244 2?.

1911 5283 2116 5338 mensis
2143 5282 2414 5351 ejusdem,
2448 5285 2630 5337 omnia
2669 5283 2912 5353 perfecta
2949 5293 3164 5347 nactus,
3203 5283 3306 5335 nisi
3335 5284 3482 5352 quod

1911 5375 1965 5429 in
1995 5387 2154 5445 gente
2187 5375 2594 5431 Mastraidiensi
2638 5392 2802 5430 omne
2857 5379 2977 5443 ejus
3009 5377 3279 5446 reliquum
3313 5378 3479 5444 impe-

1910 5468 2048 5521 rium
2092 5469 2523 5534 continebatur;
2569 5479 2786 5538 oportet
2823 5470 2969 5523 enim
3017 5471 3111 5540 qui
3150 5476 3347 5536 regunt
3409 5467 3484 5521 si-

1912 5561 2066 5614 miles
2095 5559 2330 5613 evadant
2374 5559 2441 5612 iis
2485 5563 2578 5628 qui
2638 5572 2923 5630 reguntur.
2977 5560 3162 5614 Mense
3223 5558 3485 5614 Januario

1909 5654 2150 5721 ejusdem
2216 5652 2345 5706 anni
2430 5653 2809 5706 Albanitarum
2857 5655 3115 5723 princeps
3189 5651 3484 5705 Scantares

1910 5747 2102 5799 morbo
2132 5744 2285 5806 obiit,
2317 5745 2475 5815 cujus
2505 5747 2744 5815 regionis
2780 5756 2835 5800 et
2861 5745 3087 5800 dominii
3123 5752 3335 5815 partem
3370 5757 3487 5796 res-

1912 5840 2520 5913 publica'Venetorum,
2583 5851 2792 5912 partem
2851 5843 3060 5896 sororis
3107 5841 3281 5911 ipsius
3342 5837 3486 5896 illius

2967 5939 3046 5998 32
