3960 6554
300 417 436 486 1061

1355 420 1791 483 CHRONICON
1832 419 1974 481 MAI
1982 418 2098 481 US.
2126 441 2194 454 ·-·
2221 417 2364 477 LIB.
2407 417 2508 476 IV.

3393 411 3528 478 1002

292 533 467 587 αὑτοῦ
498 530 591 586 καὶ
621 530 948 600 φυγέτωσαν
991 529 1101 586 ἁπδ
1145 530 1440 601 προσώπου
1471 531 1642 586 αὑτοῦ
1691 530 1742 582 οί
1778 547 1866 598 μι-
1898 535 1940 588 Α
1973 545 2070 591 ρας
2096 527 2260 598 429
2292 525 2460 580 αὑτοῦ
2496 523 2749 579 ἐκέλευσε
2779 524 2996 592 δοθῆναι
3027 524 3177 595 αὑτῷ
3210 525 3380 579 ἵππον
3411 529 3534 579 τινα

297 625 522 686 σοῦντες
557 623 741 676 αὑτόν.
780 641 801 675 ι
837 622 946 675 Καὶ
969 621 1163 676 τούτου
1197 622 1496 691 γενομένου
1526 622 1600 684 ὡς
1631 620 1862 690 ἡκούσας

292 733 400 787 μεν
428 717 580 785 παρά
604 732 790 780 τινων,
821 715 903 768 ὅτι
934 715 1029 768 καὶ
1055 715 1084 766 6
1111 713 1378 783 δεσπότης
1409 712 1705 782 ἀπέπεμψε
1730 713 1866 780 πρὸς

293 807 388 860 τὸν
411 807 635 876 ἅμηρᾶν
667 806 770 875 τὴν
797 803 964 876 428
991 804 1275 876 πρόσοδον,
1308 803 1384 873 μὴ
1415 802 1588 856 θέλων
1617 803 1700 854 ἔτι
1722 801 1866 870 ἔχειν

291 898 354 952 τὸ
389 897 554 967 βάρος
582 897 611 950 6
639 893 786 966 εἶχεν
817 899 898 958 είς
940 897 1004 949 τὸ
1034 895 1418 966 στρατόπεδον,
1453 891 1628 948 εἰπὼν
1652 892 1826 953 οὕτως
1847 906 1862 921 ⁸

297 1009 319 1042 ι
372 990 514 1059 Ἐγώ
558 991 676 1060 είμι
706 990 884 1060 γέρων
934 990 1031 1043 καὶ
1068 989 1321 1058 ἀσθενὴς,
1370 987 1464 1039 καὶ
1507 988 1536 1040 6
1573 984 1867 1054 ἐκπληρῶν

290 1084 394 1153 τὴν
424 1082 748 1153 δουλοσύνην
775 1081 1014 1136 ἀπέθανε
1038 1097 1055 1113 ο
1096 1082 1284 1134 λοιπὸν
1315 1082 1347 1149 ὴ
1400 1079 1570 1148 πολλὴ
1603 1076 1864 1148 πρόσοδος

290 1175 505 1244 δοθήτω
535 1176 671 1227 ὅπου
707 1173 754 1227 δ’
783 1173 850 1227 ἂν
877 1172 1160 1244 κελεύσῃς,
1190 1171 1318 1239 ἐμοὶ
1359 1170 1416 1223 δὲ
1447 1169 1662 1238 δοθήτω
1704 1167 1866 1237 μόνον

288 1267 354 1320 τὸ
383 1266 589 1337 ἀρκοῦν
614 1267 753 1336 πρὸς
789 1265 853 1318 τὸ
881 1264 982 1334 ζῇν
1022 1281 1089 1332 με
1114 1263 1428 1332 καθήμενον
1465 1257 1700 1312 ἐνταῦθα
1727 1258 1868 1326 μετά

288 1375 455 1413 τινων
485 1358 705 1426 ὀλίγων.
746 1375 765 1409 ι
811 1352 996 1410 Ὀηοῦν
1027 1356 1250 1426 ἁμηρᾶς
1284 1352 1656 1421 ἀπεκρίνατο·
1696 1369 1715 1402 ι
1755 1350 1870 1402 Κα-

289 1449 403 1513 λῶς
438 1449 554 1520 ἔχει
577 1464 591 1480 ο
621 1448 1010 1519 διαχωρισάτω
1036 1447 1065 1498 6
1094 1446 1366 1514 δεσπότης
1404 1441 1500 1504 οὓς
1529 1440 1805 1511 βούλεται,
1842 1457 1861 1490 ι

285 1545 388 1598 καὶ
415 1544 658 1613 χωρίσας
697 1542 896 1595 δέδωκε
926 1540 1066 1610 πρὸς
1096 1538 1259 1592 αὑτὸν
1296 1536 1488 1606 ἄσπρα
1526 1534 1866 1600 πεντήκοντα

287 1636 558 1707 χιλιάδας,
611 1635 700 1688 ἵνα
730 1633 830 1704 έχῃ
862 1634 928 1684 ἐκ
979 1631 1075 1683 τοῦ
1124 1627 1423 1700 κομερκίου
1449 1625 1543 1679 τοῦ
1591 1623 1862 1694 ἀλεύρου·

282 1727 418 1790 τοὺς
454 1727 514 1780 δὲ
543 1725 800 1787 πλείονας
833 1723 944 1776 τῶν
976 1720 1305 1790 ὑποχειρίων
1343 1716 1510 1770 αὑτοῦ
1544 1717 1867 1786 πενριορίσας

284 1821 505 1888 ἀπῆρεν
541 1817 628 1870 ἴνα
658 1815 1028 1886 εὑρίσκωνται
1057 1814 1116 1865 ἐν
1147 1813 1214 1882 τῇ
1263 1807 1864 1864 Κωνσταντινουπόλει.

288 1911 483 1964 ’Ἄλλοι
529 1909 586 1962 δὲ
633 1903 790 1961 εἶπον
815 1905 995 1968 ἄλλως
1034 1904 1283 1974 γέγονεν,
1323 1902 1406 1955 ὅτι
1437 1902 1465 1954 6
1516 1899 1628 1953 τῶν
1677 1898 1864 1952 κακῶν

283 2004 548 2058 ἁπάντων
577 2000 886 2070 ἐφευρετὴς
931 1996 1214 2057 Ματθαῖος
1248 1995 1278 2047 6
1311 1993 1550 2063 ’Δσάνιης
1583 1990 1726 2063 μετὰ
1754 1990 1865 2043 τῶν

280 2094 522 2164 ἐχόντων
571 2093 674 2162 τὴν
722 2091 821 2157 τῆς
873 2089 1037 2144 Αἴνου
1085 2087 1280 2156 ἁλικῂν
1317 2085 1522 2154 κλέψας
1561 2083 1686 2138 τινὰ
1729 2080 1866 2153 χρή·

287 2203 438 2257 ματα
491 2186 568 2256 μη
598 2183 800 2247 εἰδότος
833 2181 928 2236 τοῦ
955 2181 1248 2245 δεσπότου,
1289 2177 1385 2232 καὶ
1417 2176 1579 2230 τοῦτο
1617 2175 1805 2247 μαθὼν
1834 2175 1862 2224 6

278 2278 510 2348 ἁμηρᾶς
536 2273 807 2344 ἑὸουλήθη
838 2271 1034 2326 πιάσαι
1062 2269 1156 2324 τδν
1187 2268 1476 2339 είρημέῡον
1509 2266 1743 2335 ’Δσάνην
1767 2265 1864 2318 καὶ

282 2351 722 2423 ἀνασκολοπίσαι
766 2365 954 2430 αὑτὸν,
995 2366 1024 2417 6
1062 2364 1122 2416 δὲ
1148 2362 1381 2429 ’Δσάνης
1433 2359 1496 2411 ιχ
1539 2356 1638 2411 τοῦ
1667 2357 1860 2426 φόϐου,

280 2458 419 2513 ινθα
457 2454 546 2528 ἦν,
604 2455 906 2525 ἀπέψυξεν.
961 2454 1021 2506 ’0
1051 2453 1106 2505 δὲ
1143 2450 1368 2520 ἀμηρᾶς
1415 2445 1740 2501 ὑποπτεύων
1783 2446 1860 2516 μή

279 2568 370 2605 τοι
407 2551 504 2603 καὶ
533 2551 560 2602 6
591 2549 858 2617 δεσπότης
892 2547 950 2598 ἐν
977 2546 1047 2615 τῇ
1097 2541 1324 2613 τοιαύτῃ
1353 2538 1634 2610 συμϐουλῇ
1665 2533 1733 2607 ἧν
1767 2543 1863 2590 καὶ

280 2643 660 2714 δραπετεύσῃ,
701 2638 968 2710 ἐξώρισεν
1012 2637 1070 2688 ἔν
1094 2633 1173 2704 τῷ
1195 2631 1566 2703 Διδυμοτείχῳ
1609 2629 1705 2685 καὶ
1726 2624 1862 2701 ἦρεν

219 2733 228 2740 ’
279 2733 450 2786 αὑτοῦ
487 2733 596 2785 πᾶν
647 2730 982 2801 σιτηρέσιον,
1032 2728 1128 2780 καὶ
1168 2726 1311 2780 οὑτω
1356 2723 1546 2788 κακῶς
1602 2723 1856 2780 διέκειτο.

278 2827 401 2896 Μιᾷ
435 2820 532 2878 οὖν
559 2825 669 2877 τῶν
698 2821 924 2893 ἡμερῶν
962 2815 1384 2890 ἐρχομένου“τοῦ
1413 2817 1607 2887 ἀμηρᾶ
1635 2817 1744 2870 ἀπὸ
1765 2815 1858 2871 τοῦ

276 2917 550 2987 κυνηγίου
605 2914 704 2969 καὶ
736 2913 1025 2983 μέλλοντος
1069 2909 1300 2964 διελθεῖν
1337 2907 1459 2962 ὄθεν
1491 2909 1520 2960 6
1566 2908 1857 2978 εἰρημένος

275 3009 550 3080 δεσπότης
589 3003 682 3077 ἦν,
733 3003 960 3075 ὶξῆλθεν
1011 3005 1040 3056 6
1073 3001 1339 3071 δεσπότης
1383 2999 1725 3070 πεζηπορῶν
1763 3000 1860 3052 καὶ

279 3098 631 3167 συναντήσας
669 3091 1055 3163 προσεκύνησε
1081 3089 1174 3145 τὸν
1206 3091 1432 3162 ἀμηρᾶν
1461 3089 1554 3143 τὸν
1582 3089 1678 3143 καὶ
1709 3105 1856 3158 γαμ-

1967 620 2030 669 ia
2059 619 2169 670 τῶν
2207 617 2566 674 αὑθεντικῶν.
2597 617 2708 670 Καὶ
2757 615 2964 680 ἀναϐὰς
2993 612 3125 688 ἦλθε
3154 620 3252 670 σὺν
3295 617 3444 684 αὑτῷ
3478 620 3535 669 ὲν

1966 711 2035 778 τῇ
2066 709 2554 779 Ἀνδριανουπόλει,
2583 710 2678 762 καὶ
2697 713 2777 772 εἰς
2795 709 3104 779 σιτηρέσιον
3125 710 3355 764 δέδωκεν
3377 711 3529 779 αὑτῷ

1968 799 2154 868 ἄσπρα
2181 797 2428 868 χιλιάδας
2465 800 2808 870 πεντήκοντα
2851 802 2912 853 ἐκ
2949 800 3040 853 τοῦ
3091 801 3390 870 κομερκίον
3439 801 3535 854 τοῦ

1967 891 2219 962 ἀλεύρου.
2257 895 2367 946 Καὶ
2399 893 2555 947 τοῦτο
2587 894 2974 964 ἀληθέστερον.

2038 984 2146 1036 Τοῦ
2161 984 2207 1038 δ’
2228 985 2394 1039 αὑτοῦ
2411 987 2604 1056 χρόνου
2627 985 2704 1055 τῷ
2736 987 2884 1057 θέρει
2907 987 3148 1054 ἐγεγόνει
3173 989 3411 1056 τοσαύτη
3431 987 3541 1039 λοι-

1973 1077 2155 1147 μώδης
2176 1079 2331 1141 νόσος
2354 1079 2410 1130 ἐν
2426 1096 2486 1133 τε
2507 1083 2570 1148 τῇ
2596 1081 3009 1133 Κωνστειντινου
3019 1081 3540 1149 πόλει,Ἀνδριανου-

1970 1169 2238 1224 πόλεικαὶ
2261 1171 2656 1225 Καλλιουπὸλει
2686 1173 2782 1226 καὶ
2809 1176 2929 1235 ταῖς
2962 1173 3125 1242 πέριξ
3154 1173 3331 1226 αὑτῶν
3353 1173 3542 1226 πόλεσι

1971 1263 2068 1315 καὶ
2089 1261 2323 1332 κώμαις,
2351 1265 2541 1317 ἄστεσί
2566 1282 2624 1316 τε
2647 1266 2740 1317 καὶ
2773 1265 3001 1333 χώραις,
3025 1265 3111 1318 οἵα
3136 1266 3196 1316 οὗ
3224 1267 3445 1333 γέγονεν
3484 1267 3542 1317 ὲν

1969 1355 2080 1415 τοῖς
2128 1355 2464 1424 παρελθοῦσι
2500 1355 2716 1425 χρόνοις
2769 1360 2830 1409 ὲκ
2884 1357 3086 1408 πῖλλοῦ
3133 1358 3349 1426 καιροῦ,
3399 1357 3542 1410 ὥστε

1969 1445 2323 1515 τεθνήκασιν,
2361 1445 2442 1508 ὥς
2469 1464 2622 1515 φασι,
2673 1447 2934 1516 μυριάδες
2979 1447 3172 1501 πολλαὶ
3212 1447 3541 1516 ἀνθρώπων,
3629 1463 3632 1468 ·

1969 1536 2030 1587 οὑ
2065 1536 2329 1605 χιλιάδες.
2358 1537 2450 1590 Ἐν
2479 1532 2557 1598 οἷς
2587 1540 2644 1592 δὲ
2678 1539 2771 1591 καὶ
2799 1540 2832 1605 ἡ
2860 1538 2955 1591 τοῦ
2998 1539 3258 1591 δεσπότου
3287 1538 3539 1609 Θυγάτηρ

1968 1629 2002 1696 ἡ
2037 1628 2326 1698 ἁμήρισσα
2366 1631 2626 1683 ἁπεθανε.
2784 1695 2788 1699 λ

2041 1718 2148 1772 Τοῦ
2202 1720 2259 1773 δὲ
2305 1723 2496 1791 ,ςῇοςθ
2555 1721 2710 1785 ἔτους
2761 1721 3055 1793 Νοεμϐρίῳ
3108 1725 3240 1792 μηνὶ⁵
3294 1719 3540 1791 ἀπῆλθον

1969 1812 2127 1880 κάγὼ
2153 1814 2232 1876 είς
2263 1814 2362 1882 τὴν
2391 1814 2554 1881 ἁγίαν
2578 1814 2814 1885 Μαύραν
2845 1816 3211 1886 παρακινήσει
3254 1815 3351 1885 τῆς
3383 1814 3542 1884 βασι·-

1971 1903 2166 1973 λίσσης
2217 1905 2415 1976 κυρίας
2451 1906 2675 1976 Ἑλένης
2714 1907 2810 1960 καὶ
2843 1907 3109 1975 πενθεροῦ
3143 1905 3236 1960 τοῦ
3275 1905 3539 1960 αὑθέντου

1967 1993 2062 2046 τοῦ
2099 1996 2265 2048 τόπου
2315 1996 2532 2049 ἐκείνου
2579 2000 2684 2066 κὺρ
2715 1997 3040 2065 Λεονάρδου,
3070 1997 3160 2049 ἴνα
3197 1997 3292 2048 καὶ
3333 1996 3426 2049 τὸν
3455 1996 3539 2048 τό-

1967 2102 2070 2140 πον
2114 2089 2294 2140 ἐκεῖσε
2327 2089 2724 2158 ἀναθεωρήσω,
2758 2092 2850 2142 καὶ
2883 2091 2958 2152 ὡς
2999 2087 3163 2158 δῆθεν
3191 2087 3414 2158 ἀνεψιοῦ
3441 2087 3536 2140 τοῦ

1968 2181 2274 2250 μακαρίτου
2291 2180 2386 2234 τοῦ
2415 2181 2676 2234 αὑθέντου
2699 2199 2802 2252 μου
2843 2181 2937 2234 τοῦ
2959 2181 3231 2252 ,βασιλέως
3254 2183 3358 2250 κῦρ
3383 2181 3538 2234 Κων-

1966 2272 2248 2323 σταντίνου
2275 2273 2368 2324 καὶ
2400 2273 2540 2342 ὑπὲρ
2571 2273 2665 2326 τοῦ
2699 2274 2904 2343 πατρὸς
2929 2273 3096 2327 αὑτοῦ
3131 2273 3397 2333 παθόντος
3433 2289 3535 2341 μου

1965 2360 2170 2428 ζημίαν
2200 2363 2492 2434 μεγίστην,
2520 2364 2597 2427 ὡς
2630 2365 3020 2434 έπροεδὴλωσα
3070 2365 3128 2416 ὲν
3157 2363 3235 2434 τῷ
3272 2362 3356 2433 λη’
3401 2363 3533 2424 ἔτει,

1933 2449 2053 2516 ,ἵνα
2077 2451 2376 2506 ἀπολαύσω
2405 2452 2549 2515 τινος
2602 2455 2926 2523 εὐεργεσίας
2972 2455 3192 2523 έτησίου
3239 2453 3313 2516 ὡς
3354 2453 3536 2522 γέρων

1964 2540 2058 2593 καὶ
2113 2541 2348 2612 ἀσθενὴς
2401 2545 2495 2596 καὶ
2531 2545 2747 2614 πτωχὸς
2801 2543 2911 2596 ἀπὸ
2973 2546 3071 2614 τῆς
3129 2543 3531 2613 αἰχμαλωσίας.

1977 2633 2421 2703 Ἐπαναστρέψας
2449 2634 2505 2686 δὲ
2543 2637 2608 2704 τῇ
2643 2635 2725 2706 κβθ
2765 2635 2857 2688 τοῦ
2893 2635 3080 2699 αὑτοῦ,
3118 2635 3308 2704 ἐντελῆ
3349 2636 3532 2688 πάντα

1965 2724 2092 2778 ἰδὼν
2124 2725 2216 2778 καὶ
2245 2727 2583 2791 ἀπολαύσας,
2617 2727 2748 2781 ἄνευ
2785 2727 2880 2781 τοῦ
2914 2729 3206 2799 ὑπερέχειν
3236 2729 3292 2779 έν
3323 2728 3399 2796 τῷ
3433 2745 3534 2797 μα.

1965 2815 2261 2887 στραῖδιαῷ
2299 2817 2448 2882 γένει
2494 2818 2597 2887 τὴν
2635 2820 2816 2872 πᾶσαν
2849 2819 3023 2888 ἀρχὴν
3075 2818 3272 2871 αὐτοῦ’
3319 2819 3401 2870 δεῖ
3425 2819 3533 2886 γὰρ

1961 2910 2071 2971 τοῖς
2106 2909 2432 2980 ἀρχομένοις
2466 2910 2845 2980 ἐξομοιοῦσθαι
2875 2913 2987 2974 τοῖς
3028 2911 3277 2982 ἄρχουσι.
3317 2912 3424 2966 Καὶ
3455 2911 3533 2979 τῷ

1968 3001 2290 3073 ³ιανουαρίῳ
2339 3002 2504 3073 430
2540 3004 2674 3075 μηνὶ
2704 3003 2795 3058 τοῦ
2838 3004 3007 3057 αὑτοῦ
3056 3004 3211 3068 ἔτους
3244 3004 3340 3056 καὶ
3369 3005 3395 3055 6
3434 3003 3532 3072 τῆς

1973 3090 2320 3155 Ἀλσανιτέας
2371 3095 2639 3165 αὐθέντης
2671 3096 2897 3165 ὀνόματι
2933 3093 3254 3166 Σκαντάρης
3298 3094 3530 3161 τέθνηκε

274 3189 412 3259 ὅρον
439 3187 630 3242 αὑτοῦ.
659 3185 810 3240 Ἰδὼν
837 3185 893 3238 δὲ
915 3183 1112 3238 τοῦτον
1137 3185 1164 3236 6
1197 3183 1421 3252 ἀμηρᾶς
1445 3182 1854 3254 περιπατοῦντα
1881 3179 1927 3243 C
1960 3184 2177 3254 φυσικῷ
2211 3185 2450 3255 θανάτῳ,
2485 3187 2580 3240 καὶ
2609 3187 2669 3239 τὸ
2703 3187 2802 3257 μὲν
2836 3187 2928 3241 τοῦ
2963 3187 3135 3240 τόπου
3174 3187 3268 3239 καὶ
3294 3187 3392 3256 τῆς
3432 3185 3530 3238 αὑ-

272 3277 526 3349 ὲλυπηθη
563 3276 791 3347 σφόδρα,
815 3265 926 3328 ’καὶ
963 3272 1164 3345 μᾶλλον
1205 3271 1625 3358 σπλαγχνισθεὶς
1669 3271 1729 3324 τὸ
1749 3271 1847 3342 γῆ-

269 3455 418 3526 ejus,
447 3455 540 3525 qui
568 3455 810 3508 oderunt
829 3467 976 3508 eum.
1013 3469 1034 3503 ι
1064 3451 1208 3518 Mox,
1242 3460 1302 3506 ιιι
1325 3466 1356 3506 e
1388 3451 1714 3522 quibusdam
1752 3465 1848 3506 co-

267 3547 458 3618 gnovi,
487 3545 784 3601 Demetrius
813 3544 1059 3614 despota,
1117 3559 1226 3599 non
1248 3543 1361 3613 jam
1415 3545 1627 3598 militia:
1670 3545 1845 3598 mole-

265 3641 435 3696 stiam
456 3649 824 3702 sustenturus,
841 3651 1037 3693 amerae
1054 3637 1262 3692 reditus
1289 3637 1503 3694 remisit
1525 3638 1611 3693 his
1630 3638 1843 3694 verbis:

271 3731 493 3788 «Senex
524 3748 643 3788 sum
681 3740 736 3787 et
766 3732 1042 3796 inﬁrmus,
1073 3739 1129 3786 et
1176 3731 1400 3794 occidit,
1447 3731 1540 3800 qui
1564 3731 1662 3786 tibi
1728 3747 1848 3785 sero

263 3825 685 3896 viebat.ltaque
722 3824 891 3879 multa
914 3823 1035 3877 haec
1091 3821 1349 3893 pecunia,
1401 3837 1512 3892 quo
1560 3823 1680 3876 loco
1741 3836 1843 3875 vo-

265 3918 464 3983 lueris,
501 3917 763 3986 pendetur
791 3931 806 3970 :
841 3915 975 3970 mihi
1007 3916 1187 3980 detur,
1218 3925 1484 3983 quantum
1512 3915 1579 3969 ad
1621 3915 1842 3989 vietum

264 4009 524 4074 sulliciat,
557 4023 680 4062 cum
718 4007 902 4077 paucis
925 4005 1014 4061 hic
1047 4007 1288 4076 degenti.
1316 4025 1335 4057 ι
1372 4004 1670 4076 Respondit
1697 4021 1848 4061 ame-

266 4117 363 4158 ras
399 4119 413 4155 :
458 4102 631 4178 «.Bene
663 4115 748 4154 res
772 4097 934 4153 habet
970 4114 987 4153 :
1019 4106 1270 4168 segreget
1293 4097 1521 4167 despota
1568 4112 1600 4152 a
1637 4111 1697 4152 se
1718 4097 1845 4152 licet

265 4207 411 4262 quos
443 4192 520 4245 illi
582 4191 792 4260 placet;
829 4207 848 4240 ι
888 4189 1149 4259 deditque
1213 4196 1508 4258 segregate
1555 4202 1842 4256 asprorum

265 4283 664 4353 quinquaginta
696 4281 889 4344 millia,
923 4295 954 4333 e
993 4279 1352 4349 vectigalibus
1373 4278 1757 4334 frumentariis
1789 4278 1839 4333 ei

265 4374 576 4448 pendentia.
601 4373 879 4444 plerisque
916 4370 1183 4426 ministris
1245 4371 1367 4442 ejus
1430 4369 1586 4442 Cpoli
1640 4371 1841 4438 degere

261 4467 456 4538 jussis.
487 4466 591 4520 Alii
643 4480 756 4520 rem
805 4463 965 4518 aliter
1020 4474 1294 4517 narrant:
1356 4477 1553 4532 nempe
1595 4462 1840 4517 omnium

265 4559 538 4614 malorum
567 4564 849 4611 auctorem
897 4553 1209 4608 Matthazum
1261 4553 1498 4640 Asanein
1537 4568 1663 4608 cum
1717 4553 1840 4622 qui-
1876 4593 1924 4650 Β

264 4649 526 4713 busdam,
585 4646 680 4717 qui
758 4646 964 4700 salinas
1003 4645 1134 4698 Λειιί
1184 4628 1484 4707 tenebant;
1572 4646 1836 4713 pecunias

264 4739 533 4810 quasdam
558 4738 800 4792 furatum
830 4749 973 4796 esse.
997 4733 1170 4788 inscio
1186 4735 1439 4804 despota.
1467 4732 1526 4786 ω
1569 4735 1660 4788 ubi
1691 4749 1847 4789 conto

262 4833 505 4904 perisset
551 4843 807 4888 ameras.
868 4825 1113 4880 voluisse
1177 4838 1306 4878 eum
1360 4825 1598 4880 Asanem
1685 4826 1841 4881 illum

264 4917 734 4986 comprehendere
787 4921 840 4967 et
895 4912 1020 4980 palo
1081 4910 1453 4979 transﬁgere:
1509 4915 1652 4968 unde
1699 4926 1845 4970 metu

263 5009 580 5082 perculsum
613 5008 850 5063 Asanem
902 5005 1050 5058 illico
1088 5003 1415 5074 exspirasse.
1465 5005 1718 5060 Ameram
1755 5022 1848 5060 an.

212 5114 214 5116 ’
265 5118 376 5162 tem
409 5104 775 5174 suspicatum,
804 5101 1087 5169 despotam
1116 5099 1235 5169 ejus
1268 5098 1484 5154 consilii
1517 5100 1845 5169 participem

262 5208 319 5254 et
343 5197 472 5268 fuga
501 5197 734 5250 salutem
763 5192 1116 5262 quaesiturum
1147 5205 1290 5255 esse,
1339 5205 1489 5255 eum,
1549 5191 1849 5262 Didymoti-

265 5293 431 5346 chum
465 5289 786 5358 relegatum,
827 5283 981 5337 oritni
1012 5282 1280 5351 stipendio
1309 5281 1597 5351 Spoliasse,
1661 5294 1715 5339 et
1774 5286 1848 5339 ita

266 5381 411 5438 male
442 5380 726 5433 inuitasse.
765 5375 1054 5440 Quondam
1091 5383 1300 5437 autem.
1355 5389 1481 5428 cum
1528 5392 1765 5443 ameras,
1818 5394 1847 5432 a

265 5473 562 5530 venatione
593 5470 833 5531 rediens,
866 5467 1202 5520 transiturus
1261 5476 1428 5532 esset,
1480 5469 1572 5522 ubi
1620 5470 1848 5540 despota

265 5566 501 5628 viveret,
536 5564 683 5616 hunc
719 5558 950 5630 pedibus
975 5557 1194 5610 obviam
1226 5559 1591 5627 processisse,
1617 5573 1672 5616 et
1698 5579 1850 5618 ame-

269 5674 410 5724 rant,
447 5669 711 5728 generum
758 5666 944 5713 suum.
970 5652 1261 5715 adorasse;
1297 5650 1452 5704 illum
1477 5667 1600 5706 cum
1654 5657 1848 5710 ambu-

274 5752 478 5806 lantem
532 5761 658 5802 eum
731 5743 961 5808 videret,
1017 5744 1371 5800 vehementer
1431 5743 1732 5812 tristatum,
1797 5757 1851 5803 et

273 5842 452 5915 magis
496 5839 663 5898 etiam
724 5834 971 5905 ejusdem
1021 5842 1358 5890 senectutem
1403 5836 1848 5896 commiseratum

609 5937 884 5996 PATROL.
925 5935 1043 5993 Gn.
1087 5926 1262 5989 CLVI

1955 3274 2172 3340 θεντίας
2198 3277 2508 3348 παρέλαϐεν
2533 3280 2566 3347 ἡ
2593 3277 2854 3334 αὑθεντία
2878 3278 2978 3350 τῆς
3021 3277 3288 3343 Ἐνετίας,
3323 3279 3384 3330 τὸ
3412 3277 3466 3330 δὲ
3502 3280 3530 3330 ό

1948 3456 2015 3511 de
2042 3455 2200 3526 equis
2233 3453 2398 3526 regiis
2461 3470 2634 3510 unum
2677 3456 2728 3511 ei
2785 3454 3014 3525 prmberi
3057 3455 3295 3525 jussisse
3331 3471 3345 3508 :
3406 3468 3519 3521 quo

1945 3561 2305 3611 conscenso,
2358 3549 2639 3618 despotam
2700 3564 2825 3604 cum
2881 3563 3062 3603 amere
3116 3548 3525 3618 Adrianopolim

1953 3640 2178 3704 abiisse,
2218 3640 2407 3710 ibique
2445 3642 2500 3694 in
2531 3643 2734 3695 victum
2790 3642 3046 3696 habuisse
3095 3655 3128 3695 e
3172 3640 3527 3710 vectigalibus

1950 3726 2318 3784 frumentariis
2375 3745 2660 3798 asprorum
2685 3730 3082 3800 quinquaginta
3125 3729 3316 3782 millia.
3351 3730 3527 3797 Atque

1952 3820 2066 3874 haec
2094 3819 2311 3890 quidem
2353 3823 2596 3876 narratio
2653 3823 2832 3875 verior
2890 3833 2995 3874 est.

2019 3911 2230 3968 Estate
2270 3913 2512 3982 ejusdem
2536 3913 2664 3968 anni
2681 3911 2915 3982 Cpolim,
2939 3911 3380 3978 Adriannpnlim.
3400 3911 3523 3965 Cul-

1948 4001 2212 4072 liopulim,
2235 4014 2289 4059 et
2311 4004 2575 4059 ﬁnitimas
2601 4005 2759 4060 urbes
2777 4015 2833 4059 et
2865 4007 3032 4068 vicos,
3054 4003 3250 4072 Oppida
3271 4013 3325 4056 et
3353 4005 3524 4072 regio-

1949 4111 2048 4150 nes
2106 4097 2420 4176 pestilentia
2457 4098 2677 4161 invasit,
2720 4098 2900 4166 qualis
2924 4099 3085 4167 longo
3108 4099 3368 4166 temporis
3399 4114 3523 4164 spi-

1950 4189 2027 4242 tio
2056 4205 2164 4244 non
2200 4190 2395 4254 luerat,
2444 4190 2514 4242 ita
2553 4199 2609 4243 ut
2642 4192 2838 4244 multas
2873 4191 3153 4242 hominum
3225 4189 3518 4258 tnyriadi-s,

1949 4281 2146 4335 nedum
2177 4280 2468 4344 chilisdes,
2495 4280 2720 4335 emedio
2745 4280 2947 4334 abiisse
2965 4280 3152 4335 dicant
3174 4299 3186 4334 :
3209 4283 3262 4334 in
3288 4295 3520 4349 quorum

1947 4386 2176 4426 numero
2201 4372 2484 4434 amerissa,
2513 4373 2752 4439 despot-t:
2794 4373 2922 4438 lilia,
2950 4383 3090 4428 erat.

2017 4463 2158 4516 Anni
2191 4463 2331 4517 6976
2389 4463 2578 4518 mense
2624 4462 2920 4518 Novembri
2963 4473 3211 4518 sanctam
3275 4462 3518 4518 Mauram

1949 4555 2214 4620 concessi,
2251 4553 2458 4609 Helena
2495 4555 2682 4622 regina
2717 4545 2770 4610 et
2807 4555 3100 4619 Loonardi,
3124 4557 3386 4625 princijis
3405 4557 3523 4624 ejus

1951 4645 2078 4708 loci,
2111 4659 2304 4699 socero
2335 4646 2678 4709 auctoribus,
2715 4657 2769 4700 ut
2801 4663 2910 4699 non
2937 4647 3111 4701 solum
3155 4649 3338 4700 locum
3393 4665 3518 4701 eum

1948 4736 2265 4800 reviseretn,
2291 4738 2384 4792 sed
2414 4741 2604 4798 etiam.
2658 4754 2782 4793 cum
2814 4740 2904 4792 ille
2969 4741 3106 4792 beati
3144 4742 3246 4793 mei
3292 4741 3520 4804 domini,

1947 4826 2290 4878 Constantini
2320 4825 2692 4894 imperatoris,
2724 4827 3096 4880 consobrinus
3120 4835 3266 4880 esset
3299 4836 3352 4879 et
3380 4841 3520 4892 κτον

1950 4917 2234 4970 vissimam
2270 4916 2538 4980 tulissem,
2579 4925 2638 4969 ut
2667 4933 2829 4987 supra
2868 4917 3114 4978 narravi.
3149 4917 3519 4970 calamitatem

1950 5016 2171 5076 propter
2200 5005 2320 5074 ejus
2358 5017 2592 5074 patrem,
2625 5023 2770 5060 anno
2803 5009 2980 5064 matis
3017 5009 3110 5065 58.
3147 5009 3378 5075 pecunia
3425 5007 3522 5058 ali-

1949 5113 2053 5165 qua
2090 5076 2274 5151 annua
2327 5098 2463 5151 mihi
2495 5099 2932 5151 constitueretur
2962 5107 3152 5166 utpote
3181 5099 3297 5150 seni
3329 5107 3385 5151 et
3435 5098 3523 5151 ἱιιο

1951 5189 2109 5240 lirmo
2142 5197 2196 5241 et
2232 5202 2408 5257 egeno
2439 5204 2469 5243 e
2500 5189 2844 5258 Captivitate.
2885 5171 3163 5243 Reversus
3192 5205 3310 5241 sum
3349 5191 3434 5242 die
3455 5190 3524 5242 2?.

1951 5280 2158 5334 mensis
2185 5279 2454 5348 ejusdem,
2489 5281 2671 5334 omnia
2709 5279 2952 5349 perfecta
2989 5291 3203 5346 nactus,
3243 5281 3345 5333 nisi
3375 5283 3522 5349 (ιιιοιι

1951 5372 2006 5426 in
2036 5384 2195 5443 gente
2228 5373 2634 5428 Mastraidiensi
2678 5388 2843 5426 omne
2897 5375 3016 5440 ejus
3049 5374 3320 5443 reliquum
3353 5375 3519 5442 impe-

1951 5466 2090 5519 rium
2134 5467 2564 5531 continebatur;
2610 5474 2826 5534 oportet
2864 5466 3009 5518 enim
3057 5467 3150 5536 qui
3190 5473 3387 5532 regunt
3449 5465 3524 5518 si-

1953 5559 2108 5612 miles
2136 5559 2372 5612 evadant
2415 5557 2482 5610 iis
2526 5559 2618 5625 qui
2678 5567 2964 5626 reguntur.
3018 5555 3202 5610 Mense
3263 5555 3525 5611 Januario

1951 5653 2192 5719 ejusdem
2259 5651 2388 5706 anni
2470 5651 2850 5703 Albanitarum
2898 5649 3154 5719 princeps
3229 5647 3524 5701 Scantares

1952 5746 2144 5798 morbo
2175 5744 2327 5806 obiit,
2358 5744 2517 5814 cujus
2547 5744 2784 5813 regionis
2821 5751 2876 5796 et
2902 5741 3128 5795 dominii
3162 5748 3375 5811 partem
3410 5753 3528 5792 res-

1954 5839 2562 5910 publiea‘Venetorum,
2625 5848 2834 5909 partem
2893 5839 3101 5893 sororis
3147 5837 3321 5907 ipsius
3383 5834 3526 5892 [ilius

3008 5934 3088 5994 32
