3960 6566
245 361 400 428 1’09

1283 374 1737 437 CHRONICON
1770 374 2038 439 MAIUS.
2072 398 2143 416 ’-
2198 382 2346 445 LIB.
2397 384 2497 445 IV.

3367 372 3426 438 lt‘.
3445 374 3504 436 In

244 479 579 551 ἐσταυρώθη
604 482 699 536 καὶ
724 483 804 538 ὃτι
829 485 1004 558 ἐτάφη
1034 491 1129 542 καὶ
1144 490 1230 544 ὃτι
1257 491 1554 562 ἐγήγερται
1580 491 1646 561 τῇ
1675 490 1833 562 τρίτῃ
1864 497 1909 554 Α
1941 493 2042 562 μὲν
2065 489 2160 548 οὖν
2195 495 2402 566 Κύριος
2435 495 2575 566 μετά
2618 495 2678 550 τὸ
2728 496 2957 566 λαλῆσαι
3009 496 3190 558 αὐτοῖς
3225 493 3502 562 ἀνελήφθη

242 569 444 641 ἡμέρᾳ
473 576 610 628 κατᾶ
633 577 733 640 τὰς
762 580 1002 649 Γραφάς.
1041 602 1059 634 »
1488 653 1490 655 ς

337 667 446 721 Kal
500 672 770 728 παθόντα
822 676 921 729 καὶ
983 679 1266 747 ταφέντα.
1313 676 1613 742 Μωῦσέως,
1654 695 1674 728 «
1728 677 1840 730 Καὶ

244 756 413 808 ἔσται
452 759 483 829 ἠ
516 761 628 830 ζωή
683 780 777 816 σου
825 769 1153 839 κρεμαμένη
1199 768 1459 821 ἀπέναντι
1493 767 1602 820 τῶν
1640 766 1839 834 ὀφθαλ-

251 848 530 928 μῶνξσου.
579 871 598 904 »
660 853 910 920 Ἡσαΐου,
963 877 982 910 «
1027 859 1115 923 Ὦς
1157 859 1429 928 πρόϐατον
1475 859 1568 911 ἐπὶ
1623 857 1840 928 σφαγὴν

243 941 428 1010 ἢχθη,
466 960 484 992 »
525 944 640 1008 καὶ,
671 963 692 997 «
723 945 826 1000 Τὸν
845 951 1014 1003 νῶτόν
1049 969 1150 1020 μου
1175 951 1354 1004 ἔδωκα
1380 953 1459 1014 εἰς
1493 951 1784 1020 μάστιγας.
1814 966 1836 1000 »

247 1036 448 1101 Δαδὶδ,
484 1054 503 1087 ι
543 1021 666 1092 ’ότι
714 1040 826 1107 ἐγὼ
878 1043 959 1106 είς
1003 1044 1277 1112 μάστιγας
1328 1044 1568 1114 ἕτοιμος.
1611 1061 1631 1096 »
1666 1043 1840 1112 Ζαχα-

247 1130 410 1198 ρίου,
451 1151 468 1183 ι
504 1130 571 1184 Τί
615 1133 670 1185 αῖ
714 1135 924 1203 πληγαὶ
971 1131 1129 1191 αὗται
1183 1139 1456 1220 εεναμέσον
1495 1138 1604 1190 τῶν
1637 1137 1843 1207 χειρῶν

251 1238 398 1286 aeu;
441 1224 533 1275 καὶ
566 1226 684 1294 ἐρεῖ
713 1224 777 1288 ἃς
829 1228 1075 1300 ἐπλήγην
1105 1231 1162 1281 ἐν
1192 1230 1269 1298 τῷ
1299 1229 1434 1300 οῖκῳ
1467 1229 1545 1299 τῷ
1573 1221 1843 1296 ἀγαπητῷ

255 1329 394 1380 μου.
439 1332 458 1364 »
501 1314 854 1384 Εὐαγγελίου,
889 1337 908 1370 «
966 1319 1091 1373 Ὅτι
1134 1321 1242 1373 ἔδει
1287 1319 1461 1384 οὕτως
1511 1322 1706 1374 παθεῖν
1751 1320 1843 1372 τὸν

249 1403 507 1474 Χριστὸν
537 1407 631 1460 καὶ
667 1409 931 1463 εἰσελθεῖν
957 1413 1037 1475 είς
1077 1414 1173 1482 τὴν
1195 1410 1355 1477 δόξαν
1385 1411 1578 1466 αύτοῦ.
1616 1432 1635 1465 »
1669 1411 1846 1480 Εὐαγ-

250 1498 478 1565 γελίου,
519 1517 538 1549 «
584 1499 695 1554 Kal.
744 1501 924 1555 λαϐὼν
963 1504 1024 1557 τὸ
1083 1505 1244 1574 σῶμα
1299 1506 1327 1558 6
1360 1503 1557 1574 Ἰωσὴφ
1607 1504 1848 1570 ἐτύλιξεν

183 1632 192 1640 ,
254 1589 404 1642 αὐτὸ
444 1589 641 1642 σινδόνι
686 1591 930 1664 καθαρᾷ,
963 1594 1058 1647 καὶ
1091 1594 1287 1664 ἔθηκεν
1320 1595 1453 1649 αὐτὸ
1495 1596 1554 1647 ἐν
1587 1595 1844 1666 μνημείῳ

255 1680 444 1750 καινῷ
465 1681 492 1734 ὃ
519 1677 587 1752 ἦν
616 1683 1058 1754 λελατομημένον
1083 1688 1146 1740 ἐκ
1171 1689 1399 1758 πέτρας.
1429 1707 1448 1739 »
1479 1687 1612 1751 Καὶ,
1641 1705 1660 1739 ι
1691 1687 1848 1741 Ἕλαο

255 1775 366 1826 δον
397 1772 492 1826 οὖν
518 1775 580 1828 τὸ
611 1776 771 1845 σῶμα
795 1777 888 1832 τοῦ
912 1779 1089 1850 Ἰησοῦ
1115 1783 1210 1834 καὶ
1233 1781 1430 1852 ἔδησαν
1455 1780 1585 1836 αὐτὸ
1614 1779 1847 1844 ὀθονίοις

1939 585 2019 647 είς
2044 586 2170 649 τοὺς
2193 587 2458 654 ούρακοῦς
2483 588 2577 640 καὶ
2602 587 2851 642 ἐκάθισεν
2882 589 2946 641 ἐκ
2972 587 3160 651 δεξιῶν
3189 585 3282 639 τεῦ
3311 584 3500 636 Θεοῦ.»

1943 676 2076 741 Καὶ,
2105 695 2125 728 ι
2167 677 2417 746 Ἐγένετο
2446 681 2503 732 ἐν
2527 679 2606 748 τῷ
2627 680 2868 746 εὐλογεῖν
2889 678 3050 731 αὐτὸν
3083 676 3302 739 αὐτοὺς,
3326 675 3505 733 διέστη

1941 768 2036 821 ἀπ’
2065 769 2246 822 αὐτῶν
2278 771 2371 824 καὶ
2409 770 2700 839 ἀνεφέρετο
2726 771 2804 832 είς
2830 771 2921 823 τὸν
2951 770 3198 837 οὐρανόν.
3238 787 3256 819 »

2013 861 2121 917 Καὶ
2150 862 2341 918 πάλιν
2378 865 2703 933 ἐρχόμενον
2743 862 2895 932 μετὰ
2921 862 3108 927 δόξης
3152 860 3347 929 κρῖναι
3376 859 3512 920 ζῶν-

1941 972 2052 1022 τας
2088 955 2185 1008 καὶ
2232 956 2508 1024 νεκρούς.
2558 955 2838 1025 Πρὰξεων,
2881 973 2899 1006 «
2939 953 3168 1021 Ἀνδρες
3217 951 3511 1011 Γαλιλαῖοι,

1945 1047 1998 1102 τί
2057 1047 2321 1116 ἑστήκατε
2376 1045 2666 1115 βλέποντες
2706 1047 2786 1109 εἰς
2853 1046 2944 1098 τὸν
2997 1041 3258 1114 ούρανόνς
3290 1041 3456 1102 Οὗτος
3488 1043 3515 1091 6

1961 1139 2165 1209 Ἰησοῦς
2190 1143 2217 1193 6
2245 1140 2578 1209 ἀναληφθεὶς
2610 1139 2703 1208 ἀφ’
2737 1137 2891 1208 ὑμῶν
2914 1139 2992 1200 εἰς
3023 1135 3111 1189 τὸν
3142 1133 3394 1205 οὐρανὸν,
3425 1125 3518 1185 οὖα

1947 1251 2040 1297 τος
2090 1233 2373 1286 ἐλεύσεται
2415 1232 2597 1293 πάλιν,
2645 1231 2704 1283 ὃν
2754 1231 2958 1300 τρόπον
3001 1227 3301 1282 ἐθεάσασθε
3355 1225 3519 1277 αὐτὸν

1948 1325 2311 1394 ἀνερχόμενον
2345 1323 2426 1385 εἰς
2467 1321 2558 1374 τὶν
2592 1320 2840 1386 οὐρανόν.
2892 1337 2912 1371 »
2944 1317 3304 1386 Εύαγγελίου,
3352 1332 3370 1366 ι
3407 1314 3520 1368 Καὶ

1947 1413 2065 1467 τότε
2087 1413 2285 1483 seeae;
2317 1412 2408 1466 τὸν
2440 1413 2565 1465 Υίδν
2595 1411 2687 1465 τοῦ
2726 1411 3017 1482 ἀνθρώπου
3049 1409 3345 1480 ἐρχόμενον
3383 1407 3520 1475 μετὰ

1948 1505 2108 1575 δόξης
2138 1505 2233 1558 ἐπὶ
2262 1504 2372 1557 τῶν
2394 1502 2636 1573 νεφελῶν
2655 1520 2670 1537 ·
2703 1503 2797 1556 καὶ
2819 1504 2942 1556 τότε
2973 1501 3190 1555 καθίσει
3220 1503 3247 1553 6
3275 1499 3403 1560 Υἱὸς
3426 1499 3522 1550 ἀν-

1949 1596 2171 1667 θρώπου
2202 1596 2295 1650 ἐπὶ
2321 1597 2512 1666 θρόνου
2543 1595 2701 1660 δόξης
2738 1593 2926 1658 αὐτοῦ,
2959 1592 3051 1647 καὶ
3088 1592 3519 1663 συναχθήσονται

1950 1690 2260 1761 ἔμπροσθεν
2290 1691 2456 1744 αὐτοῦ
2488 1691 2665 1742 πάντα
2697 1687 2764 1742 rit
2799 1688 2950 1758 ἔθνη.
2995 1706 3014 1740 »
3051 1685 3333 1755 Πράξεων,
3375 1701 3392 1734 ι
3429 1683 3521 1735 Οἴ-

1949 1798 2096 1844 τινες
2133 1782 2510 1850 συνεφάγομεν
2555 1779 2648 1833 καὶ
2697 1778 3027 1847 συνεπίομεν
3074 1775 3223 1846 αύτῷ
3259 1775 3398 1843 μετὰ
3458 1772 3521 1824 τδ

260 1865 414 1936 μετὰ
442 1867 550 1919 τῶν
571 1869 904 1940 ἀρωμάτων,
932 1871 1116 1934 καθὼς
1141 1873 1261 1936 ἐθος
1290 1850 1410 1927 ἐστὶ
1431 1873 1542 1935 τοῖς
1567 1873 1844 1936 Ἰουδαίοις
1881 1850 1922 1905 Β
1949 1873 2247 1937 ἀναστῆναι
2281 1873 2443 1925 αὑτὸν
2471 1874 2532 1925 ἐκ
2559 1869 2789 1940 νεκρῶν,
2822 1869 2920 1923 καὶ
2950 1869 3112 1922 πάλιν
3146 1865 3524 1937 παρήγγειλεν

255 1959 635 2027 ἐνταφιάζειν.
667 1955 778 2016 Ἦν
832 1962 890 2016 δέ
929 1964 988 2016 ἐν
1030 1964 1110 2034 τῷ
1153 1965 1302 2034 τόπῳ
1331 1966 1468 2020 ὅπου
1522 1963 1842 2034 ἐσταυρώθη

255 2054 468 2121 κῆπος,
499 2055 596 2106 καὶ
623 2053 682 2107 ἐν
720 2055 798 2124 τῷ
838 2058 1001 2129 κήπῳ
1028 2059 1296 2130 μνημεῖον
1334 2059 1542 2124 καινὸν,
1590 2059 1650 2111 ἐν
1676 2050 1721 2126 ᾧ
1749 2056 1844 2109 ού-

254 2143 418 2197 δέπω
449 2145 620 2207 οὐδεὶς
651 2146 832 2217 ἐτέθη.
875 2166 894 2198 »

339 2237 448 2289 Καὶ
479 2237 830 2294 ἀναστάντα
857 2240 932 2309 τῇ
963 2243 1131 2310 τρίτῃ
1161 2242 1352 2312 ἡμέρᾳ
1375 2240 1528 2296 κατὰ
1561 2241 1668 2308 τὰς
1695 2243 1847 2310 Γρα-

253 2327 410 2399 sedc.
461 2330 823 2400 Εύαγγελίου,
884 2333 1200 2396 (Ἀναστὰς
1255 2335 1285 2386 ό
1341 2334 1555 2403 Ἰησοῦς
1608 2335 1846 2406 Χριστὸς

255 2420 420 2492 τερωῖ
449 2424 514 2493 τῇ
569 2423 762 2496 πρώτῃ
797 2424 1132 2480 Σαϐϐἀτων.-
1156 2445 1176 2476 »
1213 2424 1347 2489 Καὶ,
1392 2444 1412 2476 «
1463 2425 1669 2498 Τρίτην
1705 2425 1845 2497 ἠμέ-

259 2531 374 2584 ραν
415 2513 541 2582 ἄγει
598 2516 838 2585 σήμερον
872 2515 964 2584 ἀφ’
1027 2515 1087 2569 οὗ
1136 2515 1310 2571 ταῦτα
1369 2516 1608 2584 ἐγένετο.
1651 2537 1670 2570 »
1714 2516 1844 2584 Καὶ,

267 2621 295 2656 e
333 2604 601 2668 ’Δναστὰς
633 2607 660 2658 6
686 2603 897 2676 Ἰησοῦς
927 2606 991 2659 ἐκ
1015 2607 1227 2677 νεκρῶν
1252 2607 1382 2678 ἔστη
1416 2610 1475 2660 ἐν
1501 2608 1666 2680 538
1693 2609 1847 2678 μέσῳ

258 2699 386 2751 τῶν
437 2699 721 2769 μαθητῶν,
772 2701 866 2753 καὶ
915 2699 1065 2768 λέγει
1115 2700 1322 2764 αὐτοῖς,
1369 2702 1576 2771 Εἰρήνη
1630 2702 1783 2770 ὑμῖν.
1821 2719 1841 2753 »

259 2792 408 2853 Καὶ.
453 2811 471 2845 ι
508 2793 816 2862 Μνήσθητι,
863 2793 1062 2862 Κύριε,
1091 2793 1167 2856 ώς
1219 2793 1480 2861 ἐλάλησεν
1515 2794 1646 2864 ἡμῖν
1681 2794 1739 2844 ἐν
1778 2794 1848 2863 τῇ

261 2885 555 2955 Γαλιλαίᾳ,
585 2885 761 2952 λέγων
790 2885 873 2938 δτι
903 2888 994 2938 Δεῖ
1021 2886 1113 2939 τὸν
1146 2886 1276 2939 Υῑὸν
1305 2885 1400 2938 τοῦ
1427 2884 1718 2956 ἀνθρώπου
1747 2901 1851 2938 πα-

269 2977 570 3047 ραδοθῆναι
619 2979 700 3039 είς
757 2981 948 3047 χεῖρας
994 2976 1299 3048 ἀνθρώπων
1345 2978 1710 3049 ἁμαρτωλῶν,
1755 2978 1852 3032 καὶ

267 3068 676 3139 σταυρωθῆναι,
701 3070 795 3122 καὶ
821 3073 890 3140 τῇ
923 3070 1084 3141 τρίτῃ
1116 3072 1301 3143 ἡμέρᾳ
1325 3071 1652 3156 ἁναστσῆναι.
1687 3091 1702 3123 ι

346 3163 457 3216 Kal
481 3163 816 3252 ἁνελίᾷντα
860 3166 950 3230 εὶς
975 3163 1114 3230 τοὺς
1144 3165 1442 3231 οὐρανοὺς
1482 3165 1582 3218 καὶ
1617 3163 1850 3225 καθεζό-

266 3269 462 3322 μενον
513 3253 581 3306 ἐκ
610 3251 830 3317 δεξιῶν
856 3253 965 3308 τοῦ
1008 3255 1262 3322 Πατρός.
1318 3255 1677 3322 Εὑαγγελίου,
1721 3273 1740 3306 ι
1781 3256 1850 3307 '0

267 3367 472 3420 cilixus
511 3375 647 3421 est.»
715 3367 915 3422 Paulus
951 3383 966 3420 :
1003 3367 1343 3422 «Crucifixus
1397 3379 1479 3424 est
1507 3379 1559 3424 et
1602 3370 1850 3438 sepultus

269 3467 327 3511 et
360 3457 661 3512 suscitatus
685 3457 771 3512 die
804 3459 966 3512 tertio
1000 3459 1303 3514 secundum
1337 3458 1713 3529 Scripturas.»

349 3547 550 3604 Passus
569 3561 616 3604 et
651 3550 884 3620 sepultus
912 3561 1010 3605 est.
1044 3551 1258 3622 Moyses
1285 3568 1300 3606 :
1331 3553 1583 3622 «Eritque
1609 3553 1718 3605 vita
1760 3562 1848 3606 tua

271 3656 540 3709 suspensa
597 3657 783 3697 coram
840 3643 1016 3697 oculis
1079 3643 1241 3699 tuis.»
1279 3642 1482 3696 Isaias:
1537 3641 1849 3711 «Tanquam

271 3746 450 3801 agnus
481 3732 549 3787 ad
599 3736 986 3788 mactationem
1037 3733 1236 3789 ductus
1257 3740 1396 3796 est,»
1448 3739 1546 3786 et:
1586 3731 1850 3800 «Tergnm

274 3838 459 3877 meum
491 3825 860 3892 castigandum
892 3823 1152 3894 praebui.»
1215 3823 1380 3877 David
1410 3840 1423 3875 :
1460 3840 1479 3873 «
1524 3821 1590 3876 Ut
1620 3823 1856 3891 castigo-1'

275 3925 554 3984 paratus.»
590 3915 888 3972 Zacharias
909 3916 1076 3981 «Quid
1114 3917 1216 3971 sibi
1245 3915 1437 3969 volunt
1457 3915 1685 3969 vulnera
1736 3914 1852 3970 haec

277 4007 333 4061 in
398 4008 656 4064 manibus
697 4008 847 4064 tuis?
889 4015 944 4063 et
993 4009 1371 4077 respondebit,
1409 4009 1732 4062 vulneratus
1759 4006 1854 4075 {iis

276 4112 398 4151 sum
475 4098 530 4152 in
601 4098 879 4154 domicilio
946 4114 1070 4154 meo
1126 4099 1351 4154 dilecto.
1387 4117 1407 4150 »
1461 4097 1851 4168 Evangelinm:

282 4187 567 4260 tOportuit
605 4190 681 4245 ita
710 4194 821 4260 pati
853 4191 1133 4246 Christum
1167 4203 1224 4246 et
1258 4192 1487 4246 introire
1522 4191 1576 4244 in
1620 4191 1850 4260 gloriam

277 4299 491 4338 suam.»
537 4283 896 4355 Evangelium
927 4301 943 4340 :
984 4284 1081 4338 «Et
1099 4285 1372 4354 Iosephus
1399 4299 1525 4339 cum
1552 4285 1856 4354 accepisset

277 4392 500 4446 corpus,
562 4377 789 4433 involvit
841 4377 892 4431 id
932 4377 1165 4433 sindone
1216 4392 1354 4447 pura
1385 4386 1441 4431 et
1474 4377 1765 4432 collocavit
1800 4376 1853 4430 in

277 4475 631 4522 monumento
693 4482 858 4534 novo,
889 4469 1036 4540 quod
1091 4469 1146 4524 in
1184 4484 1319 4524 saxo
1351 4469 1600 4525 excisum
1663 4476 1846 4524 erat.»

1950 1966 2086 2034 ἡμῖν
2109 1963 2346 2033 κηρύξαι
2374 1965 2452 2035 τῷ
2479 1964 2594 2034 λαῷ
2625 1964 2716 2018 καὶ
2743 1959 3225 2033 διαμαρτύρασθαι
3249 1959 3331 2011 ὅτι
3361 1957 3524 2016 οιύτός

1952 2057 2099 2110 ἐστιν
2128 2059 2156 2109 ό
2184 2057 2487 2126 ὡρισμένος
2511 2057 2615 2109 ὑπὸ
2646 2055 2737 2109 τοῦ
2767 2054 2905 2108 Θεοῦ
2944 2051 3138 2122 κριτὴς
3171 2050 3392 2116 ζώντων
3426 2048 3524 2100 καὶ

1951 2148 2116 2220 439
2151 2149 2382 2218 νεκρῶν.
2424 2167 2442 2200 »
2478 2148 2696 2217 Δανιὴλ,
2730 2165 2750 2198 «
2795 2145 3094 2215 Ἐθεώρουν
3123 2145 3228 2206 ἓως
3254 2135 3315 2194 οὗ
3344 2140 3523 2210 θρόνοι

1953 2242 2220 2311 ἐτέθησαν
2249 2243 2344 2297 καὶ
2369 2244 2396 2295 6
2427 2241 2667 2304 Παλαιὸς
2698 2241 2808 2293 τῶν
2838 2239 3062 2310 ἡμερῶν
3085 2237 3326 2295 ἐκάθισε,
3358 2252 3375 2284 »
3408 2233 3521 2296 καὶ,

1959 2352 1980 2386 «
2024 2332 2153 2386 Ἰδοὺ
2203 2335 2231 2387 6
2260 2333 2388 2395 Υἱὸς
2419 2333 2514 2385 τοῦ
2562 2331 2853 2401 ἀνθρώπου
2895 2332 2984 2383 ἐπὶ
3013 2328 3252 2398 νεφελῶν
3293 2324 3524 2394 ἐρχόμεο

1955 2441 2066 2490 νος,
2097 2444 2116 2477 »
2151 2425 2247 2478 καὶ
2282 2443 2300 2475 «
2335 2424 2480 2486 Ἕως
2507 2423 2601 2476 τοῦ
2639 2421 2876 2477 Ιιαλαιοῦ
2899 2422 3007 2473 τῶν
3039 2419 3267 2489 ἡμερῶν
3296 2417 3522 2485 ἔφθασε,

1955 2518 2052 2574 καὶ
2091 2516 2241 2585 αύτῷ
2276 2516 2494 2586 ἐδόθηὴ
2527 2516 2662 2584 τιμὴ
2693 2515 2789 2566 καὶ
2821 2515 2851 2583 ἡ
2879 2513 3118 2576 ἐξουσία.
3157 2529 3174 2561 »

2023 2609 2106 2668 Οὖ
2148 2610 2260 2678 τῆς
2305 2609 2632 2674 βασιλείας
2664 2608 2775 2660 οὐκ
2824 2606 2994 2660 ἔσται
3056 2603 3254 2668 τέλος.
3307 2600 3527 2665 Δανιὴλ,

1963 2720 1983 2754 t
2022 2702 2130 2754 Kal
2155 2701 2188 2768 ή
2226 2698 2475 2768 βασιλεία
2507 2696 2673 2750 αὐτοῦ
2699 2695 2938 2760 αἰώνιος,
2973 2694 3066 2746 καὶ
3095 2695 3127 2764 ἠ
3161 2691 3404 2762 βασιλεία
3435 2691 3528 2743 αύ-

1957 2791 2050 2844 τοῦ
2082 2790 2198 2859 λαῷ
2242 2790 2416 2859 ἑτέρῳ
2456 2788 2552 2858 ούχ
2583 2785 3049 2856 ὑποληφθὴσεται.
3093 2803 3110 2835 »
3171 2780 3526 2849 Εὑάγγελίου,

1966 2900 1984 2934 ι
2015 2882 2127 2934 Καὶ
2163 2880 2471 2949 βασιλεύσει
2498 2881 2587 2932 ἐπὶ
2616 2879 2710 2930 τὸν
2743 2873 2892 2930 οἷκον
2921 2875 3118 2930 Ἰακὼϐ
3147 2876 3226 2936 είς
3253 2873 3377 2934 τοὺς
3399 2871 3548 2940 αἰῶ-η

1959 2988 2077 3035 νας,
2104 2972 2200 3024 καὶ
2229 2971 2328 3040 τῆς
2355 2969 2639 3040 βασιλείας
2671 2966 2835 3020 αὐτοῦ
2867 2967 2968 3020 οὐκ
2991 2966 3146 3019 ἔσται
3179 2965 3350 3026 τέλος.
3402 2981 3420 3013 »

2029 3062 2104 3115 T6
2137 3061 2334 3131 ἐφεξῆς
2363 3061 2615 3114 ἐντεῦθεν
2641 3061 2735 3113 τοῦ
2765 3059 2910 3129 ἱεροῦ
2939 3057 3207 3128 συμϐόλου
3242 3058 3275 3126 ἡ
3306 3055 3533 3124 δευτέρα

1928 3156 2092 3224 -ἀγία
2122 3154 2217 3209 καὶ
2255 3155 2612 3224 οἰκουμενικὴ
2645 3153 2862 3216 σύνοδος
2892 3153 3217 3222 ἀπήρτισεν.

2022 3248 2133 3302 Kal
2157 3249 2247 3313 εὶς
2275 3247 2338 3301 τὸ
2378 3246 2620 3314 Πνεῦμα
2651 3246 2716 3298 τὸ
2749 3244 2944 3311 ἅγιον.
2982 3242 3340 3310 Εὑαγγελίου,
3373 3259 3391 3294 ι
3429 3241 3536 3294 Βα-

1954 3361 2302 3432 Evangeliunt
2326 3378 2339 3416 :
2366 3378 2384 3412 «
2422 3359 2685 3414 Dominus
2714 3357 2901 3429 igitur,
2926 3365 3211 3428 postquam
3228 3356 3537 3418 locutusest

1953 3468 2076 3507 cum
2135 3453 2222 3518 iis,
2276 3461 2565 3520 susceptus
2619 3459 2702 3506 est
2757 3453 2809 3504 in
2870 3451 3041 3506 oculos
3067 3460 3121 3504 ct
3149 3450 3402 3507 consedit
3467 3449 3534 3502 ad

1954 3545 2198 3599 dextram
2233 3543 2378 3596 Dei.»
2416 3541 2517 3596 Et:
2552 3561 2573 3594 «
2611 3542 2848 3606 Accidit,
2891 3550 2979 3608 ut,
3029 3542 3158 3595 dum
3190 3541 3538 3596 benediceret

1955 3629 2022 3686 iis
2045 3674 2058 3697 ,
2091 3633 2402 3700 disiunctus
2443 3632 2511 3685 ab
2545 3631 2635 3697 iis,
2674 3646 2892 3685 sursum
2936 3630 3170 3684 ferretur
3196 3629 3246 3683 in
3279 3630 3530 3684 casinum

2029 3723 2097 3777 Et
2125 3724 2316 3776 iterum
2360 3731 2609 3776 venturus
2632 3730 2707 3774 est
2729 3737 2848 3775 cum
2881 3720 3074 3790 gloria,
3101 3721 3347 3790 judicare
3390 3723 3529 3775 vivos

1959 3827 2006 3870 et
2033 3824 2282 3868 mortuos.
2315 3813 2484 3867 Aela:
2529 3811 2674 3866 «Viri
2710 3811 2942 3876 Galilzei,
2971 3812 3101 3882 quid
3129 3813 3285 3867 statis
3319 3813 3535 3867 intuen-

1960 3915 2042 3958 tes
2080 3905 2132 3957 in
2163 3904 2358 3958 caelum
2384 3904 2406 3956 ?
2433 3901 2592 3957 Jesus
2625 3902 2733 3969 hic,
2762 3905 2855 3974 qui
2892 3903 3203 3973 disiunctus
3233 3919 3262 3958 a
3298 3904 3454 3958 vobis
3483 3913 3538 3958 et

1959 4009 2175 4050 sursum
2236 4001 2481 4063 receptus
2528 4003 2612 4048 est
2667 3994 2721 4048 in
2779 3996 2998 4060 calum,
3062 3995 3258 4050 iterum
3334 3997 3533 4056 veniet.

1958 4084 2421 4154 quemadmodum
2468 4084 2682 4139 vidistis
2726 4100 2850 4138 eum
2899 4101 3060 4140 ascen
3086 4089 3283 4140 lentem
3330 4086 3383 4139 in
3420 4101 3536 4143 ca:-

1957 4177 2122 4232 lum.»
2160 4176 2543 4248 Evangelium:
2581 4181 2746 4233 «Tum
2770 4179 3023 4234 videbitis
3055 4179 3260 4234 Filium
3296 4179 3536 4234 hominis
3617 4225 3624 4232 .

1959 4272 2270 4324 venientem
2311 4286 2435 4324 cum
2475 4272 2645 4341 gloria
2682 4272 2738 4327 in
2768 4272 3048 4338 nubibus;
3085 4277 3138 4328 et
3173 4283 3290 4327 tum
3323 4272 3538 4330 sedebit

1959 4359 2129 4416 Filius
2190 4361 2430 4417 hominis
2480 4361 2534 4416 in
2599 4363 2794 4417 throno
2860 4364 3043 4433 gloria:
3093 4375 3312 4430 suaet
3338 4380 3538 4436 cogen-

1959 4465 2048 4509 tur
2114 4470 2297 4509 coram
2356 4470 2420 4509 eo
2471 4471 2663 4512 omnes
2716 4466 2926 4524 gentes.
2967 4477 2986 4509 »
3026 4459 3160 4513 Acta
3198 4475 3211 4512 :
3255 4457 3384 4524 «Qui
3417 4460 3535 4512 edi-

277 4561 344 4614 Ει
377 4576 390 4612 ε
427 4561 798 4630 «Acceperunt
821 4560 988 4630 igitur
1013 4575 1214 4630 corpus
1241 4551 1372 4617 Iesu
1403 4571 1456 4614 et
1482 4561 1850 4616 οιινῑηιειιυηι
1884 4545 1932 4605 D
1958 4564 2080 4602 mus
2110 4557 2164 4602 et
2189 4548 2431 4604 bibimus
2478 4563 2601 4603 cum
2632 4563 2696 4603 eo
2727 4565 2757 4602 e
2800 4550 3034 4606 mortuis
3065 4550 3356 4618 suscitato,
3400 4567 3529 4604 rur-

278 4652 330 4705 id
357 4651 537 4706 linteis
567 4667 692 4706 cum
716 4653 1078 4718 aromatibus,
1111 4653 1255 4707 sicut
1279 4667 1396 4707 mos
1426 4661 1511 4707 est
1533 4650 1736 4706 Judmis
1769 4651 1868 4728 fu-_

276 4758 492 4798 iterare.
517 4741 646 4797 Erat
665 4752 846 4798 auten»
869 4743 1064 4798 hortus
1087 4742 1144 4796 in
1173 4756 1240 4796 eo
1261 4743 1405 4807 loco,
1431 4742 1522 4795 ubi
1547 4740 1853 4796 cruxiﬁxus

277 4835 474 4898 fuerat,
527 4846 578 4890 et
608 4836 660 4890 in
696 4836 856 4891 horto
887 4842 1314 4890 monumentum
1376 4849 1606 4900 novum,
1643 4834 1698 4888 in
1736 4848 1852 4904 quo

276 4938 436 4978 nemo
467 4923 594 4978 dum
630 4927 839 4992 positus
872 4933 1044 4978 erat.»

350 5017 419 5072 Et
436 5020 720 5072 resurrexit
746 5019 900 5072 tertio
921 5018 1004 5073 die
1017 5007 1302 5072 secundum
1327 5018 1657 5086 δαήμονι-αδ.
1680 5015 1857 5070 Evan-

277 5111 478 5179 gelium
511 5127 526 5166 :
566 5129 585 5163 «
616 5110 940 5166 Resurrexit
984 5110 1145 5166 Jesus
1179 5111 1436 5166 Christus
1479 5124 1640 5165 mane
1674 5108 1854 5178 primo

279 5200 368 5254 die
417 5200 825 5255 hebdomadis.»
862 5199 959 5255 Et:
996 5201 1152 5256 «Dies
1209 5201 1408 5255 tertius
1439 5200 1598 5254 hodie
1632 5208 1738 5261 est,
1776 5213 1848 5252 ex

277 5305 388 5360 quo
419 5291 534 5345 haec
569 5289 711 5344 facta
732 5297 912 5344 sunt.»
937 5299 994 5344 et
1022 5309 1035 5344 :
1069 5309 1089 5343 ι
1126 5291 1287 5346 Jesus
1312 5306 1436 5345 cum
1456 5288 1854 5344 resnrrexisset

277 5383 591 5447 emortuis,
644 5382 784 5436 inter
847 5381 1058 5437 medios
1119 5382 1421 5451 discipulos
1462 5397 1592 5436 suos
1655 5379 1852 5446 adfuit,

280 5475 529 5541 dixitque
580 5472 671 5540 iis,
707 5472 817 5527 Pax
855 5479 973 5527 esto
1028 5471 1371 5527 vobiscum.»
1399 5480 1490 5525 et:
1528 5469 1851 5534 «Memento,

285 5562 536 5628 Domine,
560 5563 766 5618 dixisse
795 5577 920 5616 eum
953 5561 1112 5617 nobis
1147 5562 1202 5616 in
1252 5562 1494 5625 Galilzea,
1522 5560 1718 5615 Filium
1755 5560 1856 5614 ho-

285 5653 450 5707 minis
467 5663 722 5721 oportere
741 5653 881 5707 tradi
914 5653 966 5707 in
993 5668 1188 5708 manus
1205 5653 1488 5708 hominum
1511 5651 1855 5723 peccantium

285 5756 338 5800 et
362 5745 603 5815 crnciligi
623 5755 676 5800 et
705 5745 796 5800 die
823 5745 985 5801 tertio
1024 5760 1361 5814 resurgere”
1637 5819 1640 5821 Δ

353 5837 424 5892 Et
457 5839 693 5893 ascendit
723 5838 791 5892 ad
819 5839 996 5908 cwlos,
1031 5847 1078 5893 et
1111 5841 1250 5893 sedet
1278 5839 1346 5892 ad
1380 5838 1622 5891 dextram
1653 5833 1854 5909 Patris,

937 5943 974 5966 ’κ

1959 4655 2193 4708 sumque
2256 4640 2414 4695 nobis
2458 4639 2756 4701 mandavit,
2793 4653 2853 4694 ut
2912 4641 3297 4696 nuntiaremus
3339 4645 3537 4711 populo

1957 4739 2011 4786 et
2040 4740 2386 4795 testaremnr,
2417 4745 2539 4786 sese
2561 4746 2679 4786 esse
2713 4747 2742 4784 a
2767 4731 2877 4785 Deo
2903 4733 3264 4785 constitutum
3289 4732 3534 4799 judicent

1959 4822 2255 4878 viventium
2286 4833 2340 4877 et
2373 4832 2739 4877 mortuorum.
2779 4840 2796 4873 »
2837 4822 3022 4876 Daniel
3054 4838 3067 4874 :
3114 4841 3132 4873 «
3175 4807 3437 4876 Videbam
3469 4839 3536 4876 eo

1955 4930 2152 4985 usque,
2180 4914 2272 4969 ubi
2306 4915 2486 4967 throni
2513 4915 2796 4969 constituti
2827 4923 2985 4967 erant
3021 4923 3074 4967 et
3116 4913 3391 4982 Antiqutts
3425 4915 3538 4968 die—

1956 5023 2076 5062 rum
2111 5007 2409 5070 consedit,»
2441 5013 2533 5060 et:
2576 5024 2594 5056 «
2629 5005 2768 5059 Ecce
2801 5004 2997 5058 Filium
3034 5005 3274 5058 hominis
3308 5005 3537 5058 venieno

1955 5110 2122 5164 tem,»
2153 5108 2244 5154 et:
2287 5099 2504 5170 «Usque
2538 5099 2668 5153 dum
2701 5098 2976 5166 Antiquus
3008 5095 3218 5150 dierum
3252 5096 3463 5152 veniret
3483 5106 3537 5151 et

1958 5194 2132 5247 honor
2165 5193 2214 5246 ei
2245 5207 2309 5247 ac
2337 5201 2581 5261 potestas
2613 5191 2892 5244 daretur.»

2027 5284 2192 5352 Cujus
2232 5286 2378 5355 regni
2415 5301 2519 5338 non
2570 5286 2670 5338 erit
2718 5283 2862 5348 ﬁnis.
2895 5283 3118 5338 Daniel:
3158 5301 3176 5336 «
3209 5282 3274 5339 Et
3298 5299 3533 5354 regnum

1956 5379 2074 5448 ejus
2107 5389 2370 5432 atternutn
2404 5379 2531 5440 erit.
2589 5392 2688 5430 nec
2733 5377 2926 5430 aliena:
2964 5378 3113 5448 genti
3145 5377 3528 5446 subjicietur.»

1958 5471 2348 5541 Evangelium:
2389 5488 2407 5521 ς
2450 5469 2513 5523 Ει
2571 5469 2816 5536 regnabit
2876 5469 2928 5522 in
2987 5469 3152 5525 domo
3202 5468 3391 5526 Jacobi
3439 5485 3536 5540 per

1957 5564 2138 5618 omnia
2159 5562 2376 5625 sarcula,
2412 5575 2510 5614 nec
2543 5563 2649 5615 erit
2678 5562 2800 5614 linis
2825 5562 2973 5632 regni
3004 5564 3178 5632 ejus.»

2027 5651 2158 5717 Qua:
2181 5653 2305 5705 hinc
2323 5651 2571 5720 sequitur
2599 5658 2770 5706 sancti
2793 5651 3036 5720 Symboli
3061 5668 3208 5721 pars,
3229 5667 3260 5706 a
3285 5651 3523 5706 secunda

1958 5751 2144 5796 sancta
2184 5751 2236 5795 et
2273 5741 2612 5798 (ecumenica
2654 5743 2860 5812 synodo
2888 5741 3071 5795 addita
3107 5749 3209 5794 est.

2033 5835 2104 5890 Et
2159 5837 2212 5890 iu
2239 5835 2502 5907 Spiritum
2556 5849 2826 5891 sanetum.
2867 5833 3252 5906 Evangelium:
3295 5831 3529 5905 tBap'J-
