  <div class='ocr_page' id='page_1' title='image "/cluster/home/n/w/nwhite01/storage/ocr_20150623/156/hvd.32044019208438/764.png"; bbox 0 0 3960 6560; ppageno 0'>
   <div class='ocr_carea' id='block_1_1' title="bbox 258 423 393 492">
    <p class='ocr_par' dir='ltr' id='par_1_1' title="bbox 258 423 393 492">
     <span class='ocr_line' id='line_1_1' title="bbox 258 423 393 492; baseline -0.015 0"><span class='ocrx_word' id='word_1_1' title='bbox 258 423 393 492; x_wconf 72' lang='grc'><strong>1001</strong></span> 
     </span>
    </p>
   </div>
   <div class='ocr_carea' id='block_1_2' title="bbox 1311 420 2464 486">
    <p class='ocr_par' dir='ltr' id='par_1_2' title="bbox 1311 420 2464 486">
     <span class='ocr_line' id='line_1_2' title="bbox 1311 420 2464 486; baseline -0.004 -3"><span class='ocrx_word' id='word_1_2' title='bbox 1311 424 1746 486; x_wconf 71' lang='lat' dir='ltr'><strong>CHRONICON</strong></span> <span class='ocrx_word' id='word_1_3' title='bbox 1788 422 2054 484; x_wconf 71' lang='lat' dir='ltr'><strong>MAIUS.</strong></span> <span class='ocrx_word' id='word_1_4' title='bbox 2082 446 2150 457; x_wconf 90' lang='lat'><strong>—</strong></span> <span class='ocrx_word' id='word_1_5' title='bbox 2178 421 2321 481; x_wconf 81' lang='lat' dir='ltr'><strong>LIB.</strong></span> <span class='ocrx_word' id='word_1_6' title='bbox 2364 420 2464 480; x_wconf 75' lang='grc' dir='ltr'><strong>ιν.</strong></span> 
     </span>
    </p>
   </div>
   <div class='ocr_carea' id='block_1_3' title="bbox 3350 414 3485 481">
    <p class='ocr_par' dir='ltr' id='par_1_3' title="bbox 3350 414 3485 481">
     <span class='ocr_line' id='line_1_3' title="bbox 3350 414 3485 481; baseline 0.03 -5"><span class='ocrx_word' id='word_1_7' title='bbox 3350 414 3485 481; x_wconf 73' lang='grc'><strong>1002</strong></span> 
     </span>
    </p>
   </div>
   <div class='ocr_carea' id='block_1_4' title="bbox 251 527 3490 605">
    <p class='ocr_par' dir='ltr' id='par_1_4' title="bbox 251 527 3490 605">
     <span class='ocr_line' id='line_1_4' title="bbox 251 527 3490 605; baseline -0.003 -14"><span class='ocrx_word' id='word_1_8' title='bbox 251 538 424 592; x_wconf 70' lang='grc' dir='ltr'><strong>αὐτοῦ</strong></span> <span class='ocrx_word' id='word_1_9' title='bbox 454 535 548 590; x_wconf 70' lang='grc' dir='ltr'><strong>καὶ</strong></span> <span class='ocrx_word' id='word_1_10' title='bbox 577 535 904 604; x_wconf 71' lang='grc' dir='ltr'><strong>φυγέτωσαν</strong></span> <span class='ocrx_word' id='word_1_11' title='bbox 947 534 1056 590; x_wconf 78' lang='grc' dir='ltr'><strong>ἀπὺ</strong></span> <span class='ocrx_word' id='word_1_12' title='bbox 1101 534 1396 605; x_wconf 80' lang='grc' dir='ltr'><strong>προσώπου</strong></span> <span class='ocrx_word' id='word_1_13' title='bbox 1427 534 1598 589; x_wconf 79' lang='grc' dir='ltr'><strong>αὑτοῦ</strong></span> <span class='ocrx_word' id='word_1_14' title='bbox 1647 534 1698 586; x_wconf 88' lang='grc' dir='ltr'><strong>οί</strong></span> <span class='ocrx_word' id='word_1_15' title='bbox 1735 551 1822 602; x_wconf 77' lang='grc' dir='ltr'><strong>μι-</strong></span> <span class='ocrx_word' id='word_1_16' title='bbox 1854 539 1895 592; x_wconf 80' lang='grc' dir='ltr'><strong>Α</strong></span> <span class='ocrx_word' id='word_1_17' title='bbox 1929 549 2026 594; x_wconf 76' lang='grc' dir='ltr'><strong>ρας</strong></span> <span class='ocrx_word' id='word_1_18' title='bbox 2053 530 2216 601; x_wconf 64' lang='grc'><strong>429</strong></span> <span class='ocrx_word' id='word_1_19' title='bbox 2248 528 2416 584; x_wconf 72' lang='grc' dir='ltr'><strong>αὐτοῦ</strong></span> <span class='ocrx_word' id='word_1_20' title='bbox 2452 527 2705 583; x_wconf 70' lang='grc' dir='ltr'><strong>ἐκέλευσε</strong></span> <span class='ocrx_word' id='word_1_21' title='bbox 2736 527 2953 595; x_wconf 74' lang='grc' dir='ltr'><strong>δοθῆναι</strong></span> <span class='ocrx_word' id='word_1_22' title='bbox 2984 527 3134 598; x_wconf 78' lang='grc' dir='ltr'><strong>αύτῷ</strong></span> <span class='ocrx_word' id='word_1_23' title='bbox 3167 529 3336 582; x_wconf 76' lang='grc' dir='ltr'><strong>ἵππον</strong></span> <span class='ocrx_word' id='word_1_24' title='bbox 3369 533 3490 582; x_wconf 74' lang='grc' dir='ltr'><strong>τινὰ</strong></span> 
     </span>
    </p>
   </div>
   <div class='ocr_carea' id='block_1_5' title="bbox 253 624 1818 696">
    <p class='ocr_par' dir='ltr' id='par_1_5' title="bbox 253 624 1818 696">
     <span class='ocr_line' id='line_1_5' title="bbox 253 624 1818 696; baseline -0.004 -14"><span class='ocrx_word' id='word_1_25' title='bbox 253 629 478 691; x_wconf 81' lang='grc' dir='ltr'><strong>σοῦντες</strong></span> <span class='ocrx_word' id='word_1_26' title='bbox 513 627 697 680; x_wconf 78' lang='grc' dir='ltr'><strong>αὐτόν.</strong></span> <span class='ocrx_word' id='word_1_27' title='bbox 737 646 757 678; x_wconf 78' lang='grc' dir='ltr'><strong>ι</strong></span> <span class='ocrx_word' id='word_1_28' title='bbox 793 627 902 679; x_wconf 72' lang='grc' dir='ltr'><strong>Καὶ</strong></span> <span class='ocrx_word' id='word_1_29' title='bbox 925 625 1119 680; x_wconf 84' lang='grc' dir='ltr'><strong>τούτου</strong></span> <span class='ocrx_word' id='word_1_30' title='bbox 1153 625 1452 696; x_wconf 76' lang='grc' dir='ltr'><strong>γενομένου</strong></span> <span class='ocrx_word' id='word_1_31' title='bbox 1481 626 1556 688; x_wconf 82' lang='grc' dir='ltr'><strong>ὡς</strong></span> <span class='ocrx_word' id='word_1_32' title='bbox 1586 624 1818 694; x_wconf 70' lang='grc' dir='ltr'><strong>ἡκούσαι</strong></span> 
     </span>
    </p>
   </div>
   <div class='ocr_carea' id='block_1_6' title="bbox 249 716 1821 792">
    <p class='ocr_par' dir='ltr' id='par_1_6' title="bbox 249 716 1821 792">
     <span class='ocr_line' id='line_1_6' title="bbox 249 716 1821 792; baseline -0.004 -18"><span class='ocrx_word' id='word_1_33' title='bbox 249 737 358 792; x_wconf 82' lang='grc' dir='ltr'><strong>μιν</strong></span> <span class='ocrx_word' id='word_1_34' title='bbox 384 721 536 790; x_wconf 84' lang='grc' dir='ltr'><strong>παρά</strong></span> <span class='ocrx_word' id='word_1_35' title='bbox 559 737 746 784; x_wconf 89' lang='grc' dir='ltr'><strong>τινων,</strong></span> <span class='ocrx_word' id='word_1_36' title='bbox 777 719 859 772; x_wconf 80' lang='grc' dir='ltr'><strong>ὅτι</strong></span> <span class='ocrx_word' id='word_1_37' title='bbox 890 719 984 772; x_wconf 79' lang='grc' dir='ltr'><strong>καὶ</strong></span> <span class='ocrx_word' id='word_1_38' title='bbox 1011 719 1040 771; x_wconf 86' lang='grc' dir='ltr'><strong>ό</strong></span> <span class='ocrx_word' id='word_1_39' title='bbox 1067 717 1334 787; x_wconf 80' lang='grc' dir='ltr'><strong>δεσπότης</strong></span> <span class='ocrx_word' id='word_1_40' title='bbox 1364 716 1661 786; x_wconf 78' lang='grc' dir='ltr'><strong>ἀπέπεμψε</strong></span> <span class='ocrx_word' id='word_1_41' title='bbox 1686 717 1821 784; x_wconf 77' lang='grc' dir='ltr'><strong>πρὸς</strong></span> 
     </span>
    </p>
   </div>
   <div class='ocr_carea' id='block_1_7' title="bbox 249 805 1822 881">
    <p class='ocr_par' dir='ltr' id='par_1_7' title="bbox 249 805 1822 881">
     <span class='ocr_line' id='line_1_7' title="bbox 249 805 1822 881; baseline -0.004 -18"><span class='ocrx_word' id='word_1_42' title='bbox 249 811 344 865; x_wconf 75' lang='grc' dir='ltr'><strong>τὸν</strong></span> <span class='ocrx_word' id='word_1_43' title='bbox 367 811 591 880; x_wconf 80' lang='grc' dir='ltr'><strong>ἀμηρᾶν</strong></span> <span class='ocrx_word' id='word_1_44' title='bbox 622 811 726 880; x_wconf 74' lang='grc' dir='ltr'><strong>τὴν</strong></span> <span class='ocrx_word' id='word_1_45' title='bbox 753 809 920 881; x_wconf 63' lang='grc'><strong>428</strong></span> <span class='ocrx_word' id='word_1_46' title='bbox 946 808 1230 880; x_wconf 88' lang='grc' dir='ltr'><strong>πρόσοδον.</strong></span> <span class='ocrx_word' id='word_1_47' title='bbox 1263 807 1340 877; x_wconf 74' lang='grc' dir='ltr'><strong>μὴ</strong></span> <span class='ocrx_word' id='word_1_48' title='bbox 1371 806 1543 860; x_wconf 83' lang='grc' dir='ltr'><strong>θέλων</strong></span> <span class='ocrx_word' id='word_1_49' title='bbox 1573 807 1655 858; x_wconf 70' lang='grc' dir='ltr'><strong>ἑτι</strong></span> <span class='ocrx_word' id='word_1_50' title='bbox 1679 805 1822 874; x_wconf 78' lang='grc' dir='ltr'><strong>ἔχειν</strong></span> 
     </span>
    </p>
   </div>
   <div class='ocr_carea' id='block_1_8' title="bbox 248 895 1818 972">
    <p class='ocr_par' dir='ltr' id='par_1_8' title="bbox 248 895 1818 972">
     <span class='ocr_line' id='line_1_8' title="bbox 248 895 1818 972; baseline -0.004 -16"><span class='ocrx_word' id='word_1_51' title='bbox 248 903 311 956; x_wconf 76' lang='grc' dir='ltr'><strong>τὸ</strong></span> <span class='ocrx_word' id='word_1_52' title='bbox 345 901 510 972; x_wconf 80' lang='grc' dir='ltr'>βάρος</span> <span class='ocrx_word' id='word_1_53' title='bbox 538 902 567 955; x_wconf 87' lang='grc' dir='ltr'><strong>δ</strong></span> <span class='ocrx_word' id='word_1_54' title='bbox 595 897 742 971; x_wconf 75' lang='grc' dir='ltr'><strong>εἶχεν</strong></span> <span class='ocrx_word' id='word_1_55' title='bbox 774 904 854 962; x_wconf 82' lang='grc' dir='ltr'><strong>είς</strong></span> <span class='ocrx_word' id='word_1_56' title='bbox 895 901 959 953; x_wconf 86' lang='grc' dir='ltr'><strong>τδ</strong></span> <span class='ocrx_word' id='word_1_57' title='bbox 990 899 1375 970; x_wconf 78' lang='grc' dir='ltr'><strong>στρατόπεδον,</strong></span> <span class='ocrx_word' id='word_1_58' title='bbox 1410 895 1584 952; x_wconf 80' lang='grc' dir='ltr'><strong>εἰπὼν</strong></span> <span class='ocrx_word' id='word_1_59' title='bbox 1608 896 1782 958; x_wconf 76' lang='grc' dir='ltr'><strong>οὕτως</strong></span> <span class='ocrx_word' id='word_1_60' title='bbox 1803 911 1818 925; x_wconf 91' lang='grc'><strong>·</strong></span> 
     </span>
    </p>
   </div>
   <div class='ocr_carea' id='block_1_9' title="bbox 253 989 1823 1065">
    <p class='ocr_par' dir='ltr' id='par_1_9' title="bbox 253 989 1823 1065">
     <span class='ocr_line' id='line_1_9' title="bbox 253 989 1823 1065; baseline -0.004 -18"><span class='ocrx_word' id='word_1_61' title='bbox 253 1015 275 1047; x_wconf 78' lang='grc' dir='ltr'><strong>ε</strong></span> <span class='ocrx_word' id='word_1_62' title='bbox 329 995 470 1064; x_wconf 80' lang='grc' dir='ltr'><strong>Ἐγὼ</strong></span> <span class='ocrx_word' id='word_1_63' title='bbox 515 996 632 1065; x_wconf 82' lang='grc' dir='ltr'><strong>ειμι</strong></span> <span class='ocrx_word' id='word_1_64' title='bbox 661 995 840 1065; x_wconf 71' lang='grc' dir='ltr'><strong>γέρων</strong></span> <span class='ocrx_word' id='word_1_65' title='bbox 890 994 987 1048; x_wconf 81' lang='grc' dir='ltr'><strong>καὶ</strong></span> <span class='ocrx_word' id='word_1_66' title='bbox 1024 993 1277 1063; x_wconf 72' lang='grc' dir='ltr'><strong>ἀσθενὴς,</strong></span> <span class='ocrx_word' id='word_1_67' title='bbox 1326 992 1420 1044; x_wconf 71' lang='grc' dir='ltr'><strong>καὶ</strong></span> <span class='ocrx_word' id='word_1_68' title='bbox 1463 993 1493 1043; x_wconf 79' lang='grc' dir='ltr'><strong>δ</strong></span> <span class='ocrx_word' id='word_1_69' title='bbox 1530 989 1823 1058; x_wconf 75' lang='grc' dir='ltr'><strong>ἐκπληρῶν</strong></span> 
     </span>
    </p>
   </div>
   <div class='ocr_carea' id='block_1_10' title="bbox 247 1081 1820 1159">
    <p class='ocr_par' dir='ltr' id='par_1_10' title="bbox 247 1081 1820 1159">
     <span class='ocr_line' id='line_1_10' title="bbox 247 1081 1820 1159; baseline -0.006 -17"><span class='ocrx_word' id='word_1_70' title='bbox 247 1089 350 1159; x_wconf 78' lang='grc' dir='ltr'><strong>τὴν</strong></span> <span class='ocrx_word' id='word_1_71' title='bbox 381 1087 704 1157; x_wconf 78' lang='grc' dir='ltr'><strong>δουλοσύνην</strong></span> <span class='ocrx_word' id='word_1_72' title='bbox 730 1086 969 1140; x_wconf 71' lang='grc' dir='ltr'><strong>ἀπέθανε</strong></span> <span class='ocrx_word' id='word_1_73' title='bbox 995 1101 1011 1118; x_wconf 68' lang='grc' dir='ltr'><strong>ο</strong></span> <span class='ocrx_word' id='word_1_74' title='bbox 1052 1086 1240 1138; x_wconf 68' lang='grc' dir='ltr'><strong>λοιπὸν</strong></span> <span class='ocrx_word' id='word_1_75' title='bbox 1271 1086 1304 1153; x_wconf 75' lang='grc' dir='ltr'>ἡ</span> <span class='ocrx_word' id='word_1_76' title='bbox 1356 1083 1528 1152; x_wconf 84' lang='grc' dir='ltr'><strong>πολλὴ</strong></span> <span class='ocrx_word' id='word_1_77' title='bbox 1559 1081 1820 1152; x_wconf 87' lang='grc' dir='ltr'><strong>πρόσοδος</strong></span> 
     </span>
    </p>
   </div>
   <div class='ocr_carea' id='block_1_11' title="bbox 247 1171 1822 1250">
    <p class='ocr_par' dir='ltr' id='par_1_11' title="bbox 247 1171 1822 1250">
     <span class='ocr_line' id='line_1_11' title="bbox 247 1171 1822 1250; baseline -0.008 -17"><span class='ocrx_word' id='word_1_78' title='bbox 247 1180 462 1250; x_wconf 85' lang='grc' dir='ltr'><strong>δοθήτω</strong></span> <span class='ocrx_word' id='word_1_79' title='bbox 491 1181 627 1233; x_wconf 83' lang='grc' dir='ltr'><strong>ὅπου</strong></span> <span class='ocrx_word' id='word_1_80' title='bbox 663 1179 710 1232; x_wconf 85' lang='grc' dir='ltr'><strong>δ’</strong></span> <span class='ocrx_word' id='word_1_81' title='bbox 739 1178 806 1232; x_wconf 77' lang='grc' dir='ltr'><strong>ἂν</strong></span> <span class='ocrx_word' id='word_1_82' title='bbox 834 1176 1116 1248; x_wconf 81' lang='grc' dir='ltr'><strong>κελεύσῃς,</strong></span> <span class='ocrx_word' id='word_1_83' title='bbox 1146 1175 1274 1244; x_wconf 76' lang='grc' dir='ltr'><strong>ἐμοὶ</strong></span> <span class='ocrx_word' id='word_1_84' title='bbox 1315 1175 1372 1227; x_wconf 82' lang='grc' dir='ltr'><strong>δὲ</strong></span> <span class='ocrx_word' id='word_1_85' title='bbox 1403 1173 1619 1242; x_wconf 84' lang='grc' dir='ltr'><strong>δοθήτω</strong></span> <span class='ocrx_word' id='word_1_86' title='bbox 1660 1171 1822 1241; x_wconf 89' lang='grc' dir='ltr'><strong>μόνον</strong></span> 
     </span>
    </p>
   </div>
   <div class='ocr_carea' id='block_1_12' title="bbox 246 1261 1824 1342">
    <p class='ocr_par' dir='ltr' id='par_1_12' title="bbox 246 1261 1824 1342">
     <span class='ocr_line' id='line_1_12' title="bbox 246 1261 1824 1342; baseline -0.008 -17"><span class='ocrx_word' id='word_1_87' title='bbox 246 1273 310 1326; x_wconf 79' lang='grc' dir='ltr'><strong>τὸ</strong></span> <span class='ocrx_word' id='word_1_88' title='bbox 340 1271 545 1342; x_wconf 80' lang='grc' dir='ltr'><strong>ἀρκοῦν</strong></span> <span class='ocrx_word' id='word_1_89' title='bbox 569 1272 708 1340; x_wconf 76' lang='grc' dir='ltr'><strong>πρὸς</strong></span> <span class='ocrx_word' id='word_1_90' title='bbox 745 1270 808 1323; x_wconf 83' lang='grc' dir='ltr'><strong>τὸ</strong></span> <span class='ocrx_word' id='word_1_91' title='bbox 837 1270 937 1340; x_wconf 79' lang='grc' dir='ltr'><strong>ζῇν</strong></span> <span class='ocrx_word' id='word_1_92' title='bbox 977 1286 1045 1338; x_wconf 85' lang='grc' dir='ltr'><strong>με</strong></span> <span class='ocrx_word' id='word_1_93' title='bbox 1070 1267 1384 1336; x_wconf 78' lang='grc' dir='ltr'><strong>καθήμενον</strong></span> <span class='ocrx_word' id='word_1_94' title='bbox 1421 1261 1656 1316; x_wconf 74' lang='grc' dir='ltr'><strong>ἐνταῦθα</strong></span> <span class='ocrx_word' id='word_1_95' title='bbox 1684 1261 1824 1330; x_wconf 75' lang='grc' dir='ltr'><strong>μετά</strong></span> 
     </span>
    </p>
   </div>
   <div class='ocr_carea' id='block_1_13' title="bbox 246 1355 1826 1431">
    <p class='ocr_par' dir='ltr' id='par_1_13' title="bbox 246 1355 1826 1431">
     <span class='ocr_line' id='line_1_13' title="bbox 246 1355 1826 1431; baseline -0.007 -15"><span class='ocrx_word' id='word_1_96' title='bbox 246 1379 412 1417; x_wconf 83' lang='grc' dir='ltr'><strong>τινων</strong></span> <span class='ocrx_word' id='word_1_97' title='bbox 442 1363 662 1431; x_wconf 77' lang='grc' dir='ltr'><strong>ὀλίγων.</strong></span> <span class='ocrx_word' id='word_1_98' title='bbox 701 1380 722 1414; x_wconf 79' lang='grc' dir='ltr'><strong>ι</strong></span> <span class='ocrx_word' id='word_1_99' title='bbox 767 1363 826 1416; x_wconf 89' lang='grc'><strong>’0</strong></span> <span class='ocrx_word' id='word_1_100' title='bbox 853 1358 951 1415; x_wconf 72' lang='grc' dir='ltr'><strong>οὖν</strong></span> <span class='ocrx_word' id='word_1_101' title='bbox 982 1361 1205 1431; x_wconf 82' lang='grc' dir='ltr'><strong>ἀμηρᾶς</strong></span> <span class='ocrx_word' id='word_1_102' title='bbox 1240 1356 1612 1426; x_wconf 81' lang='grc' dir='ltr'><strong>ἀπεκρίνατο·</strong></span> <span class='ocrx_word' id='word_1_103' title='bbox 1652 1373 1671 1406; x_wconf 79' lang='grc' dir='ltr'><strong>ι</strong></span> <span class='ocrx_word' id='word_1_104' title='bbox 1713 1355 1826 1406; x_wconf 84' lang='grc' dir='ltr'><strong>Κα-</strong></span> 
     </span>
    </p>
   </div>
   <div class='ocr_carea' id='block_1_14' title="bbox 246 1444 1817 1524">
    <p class='ocr_par' dir='ltr' id='par_1_14' title="bbox 246 1444 1817 1524">
     <span class='ocr_line' id='line_1_14' title="bbox 246 1444 1817 1524; baseline -0.008 -18"><span class='ocrx_word' id='word_1_105' title='bbox 246 1453 360 1518; x_wconf 83' lang='grc' dir='ltr'><strong>λῶς</strong></span> <span class='ocrx_word' id='word_1_106' title='bbox 395 1453 510 1524; x_wconf 84' lang='grc' dir='ltr'><strong>ἔχει</strong></span> <span class='ocrx_word' id='word_1_107' title='bbox 533 1468 549 1485; x_wconf 78' lang='grc' dir='ltr'><strong>ο</strong></span> <span class='ocrx_word' id='word_1_108' title='bbox 577 1452 965 1523; x_wconf 82' lang='grc' dir='ltr'><strong>διαχωρισάτω</strong></span> <span class='ocrx_word' id='word_1_109' title='bbox 991 1452 1021 1504; x_wconf 86' lang='grc' dir='ltr'><strong>ό</strong></span> <span class='ocrx_word' id='word_1_110' title='bbox 1049 1451 1322 1519; x_wconf 73' lang='grc' dir='ltr'><strong>δεσπότης</strong></span> <span class='ocrx_word' id='word_1_111' title='bbox 1359 1445 1456 1509; x_wconf 75' lang='grc' dir='ltr'><strong>οὓς</strong></span> <span class='ocrx_word' id='word_1_112' title='bbox 1485 1444 1761 1516; x_wconf 87' lang='grc' dir='ltr'><strong>βούλεται,</strong></span> <span class='ocrx_word' id='word_1_113' title='bbox 1798 1461 1817 1494; x_wconf 80' lang='grc' dir='ltr'><strong>ι</strong></span> 
     </span>
    </p>
   </div>
   <div class='ocr_carea' id='block_1_15' title="bbox 243 1539 1823 1618">
    <p class='ocr_par' dir='ltr' id='par_1_15' title="bbox 243 1539 1823 1618">
     <span class='ocr_line' id='line_1_15' title="bbox 243 1539 1823 1618; baseline -0.01 -15"><span class='ocrx_word' id='word_1_114' title='bbox 243 1550 345 1604; x_wconf 79' lang='grc' dir='ltr'><strong>καὶ</strong></span> <span class='ocrx_word' id='word_1_115' title='bbox 371 1548 615 1618; x_wconf 81' lang='grc' dir='ltr'><strong>χωρίσας</strong></span> <span class='ocrx_word' id='word_1_116' title='bbox 653 1547 852 1600; x_wconf 84' lang='grc' dir='ltr'><strong>δέδωκε</strong></span> <span class='ocrx_word' id='word_1_117' title='bbox 883 1545 1022 1614; x_wconf 73' lang='grc' dir='ltr'><strong>πρὸς</strong></span> <span class='ocrx_word' id='word_1_118' title='bbox 1051 1543 1214 1597; x_wconf 78' lang='grc' dir='ltr'><strong>αὐτὸν</strong></span> <span class='ocrx_word' id='word_1_119' title='bbox 1251 1541 1451 1610; x_wconf 64' lang='grc' dir='ltr'><strong>ἆσπραι</strong></span> <span class='ocrx_word' id='word_1_120' title='bbox 1482 1539 1823 1606; x_wconf 76' lang='grc' dir='ltr'><strong>πεντήκοντα</strong></span> 
     </span>
    </p>
   </div>
   <div class='ocr_carea' id='block_1_16' title="bbox 246 1629 1818 1712">
    <p class='ocr_par' dir='ltr' id='par_1_16' title="bbox 246 1629 1818 1712">
     <span class='ocr_line' id='line_1_16' title="bbox 246 1629 1818 1712; baseline -0.01 -17"><span class='ocrx_word' id='word_1_121' title='bbox 246 1641 514 1712; x_wconf 80' lang='grc' dir='ltr'><strong>χιλιάδας,</strong></span> <span class='ocrx_word' id='word_1_122' title='bbox 567 1639 656 1692; x_wconf 81' lang='grc' dir='ltr'><strong>ῐνα</strong></span> <span class='ocrx_word' id='word_1_123' title='bbox 687 1638 786 1709; x_wconf 70' lang='grc' dir='ltr'><strong>ἔχῃ</strong></span> <span class='ocrx_word' id='word_1_124' title='bbox 818 1639 884 1689; x_wconf 69' lang='grc' dir='ltr'><strong>ἑκ</strong></span> <span class='ocrx_word' id='word_1_125' title='bbox 935 1635 1031 1688; x_wconf 85' lang='grc' dir='ltr'><strong>τοῦ</strong></span> <span class='ocrx_word' id='word_1_126' title='bbox 1080 1632 1379 1705; x_wconf 86' lang='grc' dir='ltr'><strong>κομερκίου</strong></span> <span class='ocrx_word' id='word_1_127' title='bbox 1405 1629 1498 1684; x_wconf 87' lang='grc' dir='ltr'><strong>τοῦ</strong></span> <span class='ocrx_word' id='word_1_128' title='bbox 1547 1629 1818 1698; x_wconf 78' lang='grc' dir='ltr'><strong>ἀλεύρουο</strong></span> 
     </span>
    </p>
   </div>
   <div class='ocr_carea' id='block_1_17' title="bbox 241 1721 1823 1796">
    <p class='ocr_par' dir='ltr' id='par_1_17' title="bbox 241 1721 1823 1796">
     <span class='ocr_line' id='line_1_17' title="bbox 241 1721 1823 1796; baseline -0.008 -11"><span class='ocrx_word' id='word_1_129' title='bbox 241 1732 375 1794; x_wconf 71' lang='grc' dir='ltr'><strong>τοὺς</strong></span> <span class='ocrx_word' id='word_1_130' title='bbox 411 1731 470 1785; x_wconf 76' lang='grc' dir='ltr'><strong>δὲ</strong></span> <span class='ocrx_word' id='word_1_131' title='bbox 500 1729 756 1792; x_wconf 86' lang='grc' dir='ltr'><strong>πλείονας</strong></span> <span class='ocrx_word' id='word_1_132' title='bbox 789 1727 900 1780; x_wconf 85' lang='grc' dir='ltr'><strong>τῶν</strong></span> <span class='ocrx_word' id='word_1_133' title='bbox 932 1725 1261 1796; x_wconf 74' lang='grc' dir='ltr'><strong>ὑποχειρίων</strong></span> <span class='ocrx_word' id='word_1_134' title='bbox 1299 1721 1466 1776; x_wconf 83' lang='grc' dir='ltr'><strong>αὑτοῦ</strong></span> <span class='ocrx_word' id='word_1_135' title='bbox 1500 1721 1823 1792; x_wconf 73' lang='grc' dir='ltr'><strong>περιορίσας</strong></span> 
     </span>
    </p>
   </div>
   <div class='ocr_carea' id='block_1_18' title="bbox 241 1812 1819 1894">
    <p class='ocr_par' dir='ltr' id='par_1_18' title="bbox 241 1812 1819 1894">
     <span class='ocr_line' id='line_1_18' title="bbox 241 1812 1819 1894; baseline -0.007 -17"><span class='ocrx_word' id='word_1_136' title='bbox 241 1826 462 1894; x_wconf 77' lang='grc' dir='ltr'><strong>ἀπῆρεν</strong></span> <span class='ocrx_word' id='word_1_137' title='bbox 498 1822 584 1874; x_wconf 75' lang='grc' dir='ltr'><strong>ἵνα</strong></span> <span class='ocrx_word' id='word_1_138' title='bbox 614 1819 984 1892; x_wconf 84' lang='grc' dir='ltr'><strong>εύρίσκωνται</strong></span> <span class='ocrx_word' id='word_1_139' title='bbox 1013 1818 1072 1870; x_wconf 78' lang='grc' dir='ltr'><strong>ὲν</strong></span> <span class='ocrx_word' id='word_1_140' title='bbox 1103 1818 1170 1887; x_wconf 75' lang='grc' dir='ltr'><strong>τῇ</strong></span> <span class='ocrx_word' id='word_1_141' title='bbox 1219 1812 1819 1868; x_wconf 74' lang='grc' dir='ltr'><strong>Κωνσταντινουπόλει.</strong></span> 
     </span>
    </p>
   </div>
   <div class='ocr_carea' id='block_1_19' title="bbox 246 1903 1819 1979">
    <p class='ocr_par' dir='ltr' id='par_1_19' title="bbox 246 1903 1819 1979">
     <span class='ocr_line' id='line_1_19' title="bbox 246 1903 1819 1979; baseline -0.009 -10"><span class='ocrx_word' id='word_1_142' title='bbox 246 1916 438 1968; x_wconf 78' lang='grc' dir='ltr'><strong>Ἀλλοι</strong></span> <span class='ocrx_word' id='word_1_143' title='bbox 485 1914 543 1967; x_wconf 79' lang='grc' dir='ltr'><strong>δὲ</strong></span> <span class='ocrx_word' id='word_1_144' title='bbox 589 1907 746 1966; x_wconf 74' lang='grc' dir='ltr'><strong>εἷπον</strong></span> <span class='ocrx_word' id='word_1_145' title='bbox 773 1911 952 1972; x_wconf 75' lang='grc' dir='ltr'><strong>ἄλλως</strong></span> <span class='ocrx_word' id='word_1_146' title='bbox 991 1909 1239 1979; x_wconf 76' lang='grc' dir='ltr'><strong>γέγονεν,</strong></span> <span class='ocrx_word' id='word_1_147' title='bbox 1279 1907 1362 1959; x_wconf 84' lang='grc' dir='ltr'><strong>δτι</strong></span> <span class='ocrx_word' id='word_1_148' title='bbox 1393 1907 1422 1959; x_wconf 84' lang='grc' dir='ltr'><strong>ό</strong></span> <span class='ocrx_word' id='word_1_149' title='bbox 1471 1904 1583 1958; x_wconf 81' lang='grc' dir='ltr'><strong>τῶν</strong></span> <span class='ocrx_word' id='word_1_150' title='bbox 1634 1903 1819 1956; x_wconf 87' lang='grc' dir='ltr'><strong>κακῶν</strong></span> 
     </span>
    </p>
   </div>
   <div class='ocr_carea' id='block_1_20' title="bbox 243 1995 1820 2075">
    <p class='ocr_par' dir='ltr' id='par_1_20' title="bbox 243 1995 1820 2075">
     <span class='ocr_line' id='line_1_20' title="bbox 243 1995 1820 2075; baseline -0.008 -14"><span class='ocrx_word' id='word_1_151' title='bbox 243 2009 504 2062; x_wconf 80' lang='grc' dir='ltr'><strong>ἁπάντων</strong></span> <span class='ocrx_word' id='word_1_152' title='bbox 533 2004 842 2075; x_wconf 62' lang='grc' dir='ltr'><strong>ἐφευρετὴς</strong></span> <span class='ocrx_word' id='word_1_153' title='bbox 888 2001 1171 2062; x_wconf 77' lang='grc' dir='ltr'><strong>Ματθαϊος</strong></span> <span class='ocrx_word' id='word_1_154' title='bbox 1205 2000 1234 2052; x_wconf 83' lang='grc' dir='ltr'><strong>ό</strong></span> <span class='ocrx_word' id='word_1_155' title='bbox 1267 1998 1506 2068; x_wconf 81' lang='grc' dir='ltr'><strong>’Δσάνης</strong></span> <span class='ocrx_word' id='word_1_156' title='bbox 1539 1995 1681 2068; x_wconf 85' lang='grc' dir='ltr'><strong>μετὰ</strong></span> <span class='ocrx_word' id='word_1_157' title='bbox 1711 1995 1820 2048; x_wconf 85' lang='grc' dir='ltr'><strong>τῶν</strong></span> 
     </span>
    </p>
   </div>
   <div class='ocr_carea' id='block_1_21' title="bbox 240 2085 1822 2169">
    <p class='ocr_par' dir='ltr' id='par_1_21' title="bbox 240 2085 1822 2169">
     <span class='ocr_line' id='line_1_21' title="bbox 240 2085 1822 2169; baseline -0.006 -17"><span class='ocrx_word' id='word_1_158' title='bbox 240 2099 478 2169; x_wconf 74' lang='grc' dir='ltr'><strong>ἐχόντων</strong></span> <span class='ocrx_word' id='word_1_159' title='bbox 527 2099 630 2166; x_wconf 83' lang='grc' dir='ltr'><strong>τὴν</strong></span> <span class='ocrx_word' id='word_1_160' title='bbox 678 2096 777 2162; x_wconf 80' lang='grc' dir='ltr'><strong>τῆς</strong></span> <span class='ocrx_word' id='word_1_161' title='bbox 829 2094 994 2148; x_wconf 78' lang='grc' dir='ltr'><strong>Δῖνου</strong></span> <span class='ocrx_word' id='word_1_162' title='bbox 1041 2091 1237 2161; x_wconf 71' lang='grc' dir='ltr'><strong>ἁλικην</strong></span> <span class='ocrx_word' id='word_1_163' title='bbox 1272 2089 1478 2160; x_wconf 74' lang='grc' dir='ltr'><strong>κλέψας</strong></span> <span class='ocrx_word' id='word_1_164' title='bbox 1516 2087 1642 2144; x_wconf 81' lang='grc' dir='ltr'><strong>τινὰ</strong></span> <span class='ocrx_word' id='word_1_165' title='bbox 1685 2085 1822 2158; x_wconf 53' lang='lat' dir='ltr'><strong>xpu-</strong></span> 
     </span>
    </p>
   </div>
   <div class='ocr_carea' id='block_1_22' title="bbox 247 2180 1818 2262">
    <p class='ocr_par' dir='ltr' id='par_1_22' title="bbox 247 2180 1818 2262">
     <span class='ocr_line' id='line_1_22' title="bbox 247 2180 1818 2262; baseline -0.008 -17"><span class='ocrx_word' id='word_1_166' title='bbox 247 2208 395 2262; x_wconf 88' lang='grc' dir='ltr'><strong>ματα</strong></span> <span class='ocrx_word' id='word_1_167' title='bbox 447 2191 526 2260; x_wconf 72' lang='grc' dir='ltr'><strong>μὴ</strong></span> <span class='ocrx_word' id='word_1_168' title='bbox 555 2188 756 2252; x_wconf 75' lang='grc' dir='ltr'><strong>εἰδότος</strong></span> <span class='ocrx_word' id='word_1_169' title='bbox 788 2186 883 2242; x_wconf 87' lang='grc' dir='ltr'><strong>τοῦ</strong></span> <span class='ocrx_word' id='word_1_170' title='bbox 911 2185 1204 2250; x_wconf 81' lang='grc' dir='ltr'><strong>δεσπότου,</strong></span> <span class='ocrx_word' id='word_1_171' title='bbox 1246 2182 1342 2237; x_wconf 76' lang='grc' dir='ltr'><strong>καὶ</strong></span> <span class='ocrx_word' id='word_1_172' title='bbox 1373 2181 1535 2235; x_wconf 88' lang='grc' dir='ltr'><strong>τοῦτο</strong></span> <span class='ocrx_word' id='word_1_173' title='bbox 1573 2180 1760 2252; x_wconf 82' lang='grc' dir='ltr'><strong>μαθὼν</strong></span> <span class='ocrx_word' id='word_1_174' title='bbox 1789 2180 1818 2230; x_wconf 83' lang='grc' dir='ltr'>ὁ</span> 
     </span>
    </p>
   </div>
   <div class='ocr_carea' id='block_1_23' title="bbox 240 2271 1820 2352">
    <p class='ocr_par' dir='ltr' id='par_1_23' title="bbox 240 2271 1820 2352">
     <span class='ocr_line' id='line_1_23' title="bbox 240 2271 1820 2352; baseline -0.009 -16"><span class='ocrx_word' id='word_1_175' title='bbox 240 2283 466 2352; x_wconf 78' lang='grc' dir='ltr'><strong>ἁμηρᾶς</strong></span> <span class='ocrx_word' id='word_1_176' title='bbox 493 2279 763 2349; x_wconf 74' lang='grc' dir='ltr'><strong>ἐϐουλήθη</strong></span> <span class='ocrx_word' id='word_1_177' title='bbox 793 2275 990 2332; x_wconf 79' lang='grc' dir='ltr'><strong>πιάσαι</strong></span> <span class='ocrx_word' id='word_1_178' title='bbox 1018 2275 1113 2328; x_wconf 78' lang='grc' dir='ltr'><strong>τὸν</strong></span> <span class='ocrx_word' id='word_1_179' title='bbox 1143 2273 1432 2344; x_wconf 68' lang='grc' dir='ltr'><strong>εἰρημένον</strong></span> <span class='ocrx_word' id='word_1_180' title='bbox 1465 2271 1699 2340; x_wconf 81' lang='grc' dir='ltr'><strong>’Δσάνην</strong></span> <span class='ocrx_word' id='word_1_181' title='bbox 1723 2271 1820 2323; x_wconf 72' lang='grc' dir='ltr'><strong>καὶ</strong></span> 
     </span>
    </p>
   </div>
   <div class='ocr_carea' id='block_1_24' title="bbox 243 2356 1816 2434">
    <p class='ocr_par' dir='ltr' id='par_1_24' title="bbox 243 2356 1816 2434">
     <span class='ocr_line' id='line_1_24' title="bbox 243 2356 1816 2434; baseline -0.01 -6"><span class='ocrx_word' id='word_1_182' title='bbox 243 2356 679 2428; x_wconf 77' lang='grc' dir='ltr'><strong>ἀνασκολοπίσαι</strong></span> <span class='ocrx_word' id='word_1_183' title='bbox 723 2371 910 2434; x_wconf 82' lang='grc' dir='ltr'><strong>αὑτὸν,</strong></span> <span class='ocrx_word' id='word_1_184' title='bbox 951 2371 980 2422; x_wconf 74' lang='grc' dir='ltr'><strong>δ</strong></span> <span class='ocrx_word' id='word_1_185' title='bbox 1019 2369 1078 2421; x_wconf 68' lang='grc' dir='ltr'><strong>δι</strong></span> <span class='ocrx_word' id='word_1_186' title='bbox 1104 2367 1338 2434; x_wconf 80' lang='grc' dir='ltr'><strong>’Δσάνης</strong></span> <span class='ocrx_word' id='word_1_187' title='bbox 1389 2364 1452 2416; x_wconf 76' lang='grc' dir='ltr'><strong>ιχ</strong></span> <span class='ocrx_word' id='word_1_188' title='bbox 1496 2361 1594 2416; x_wconf 86' lang='grc' dir='ltr'><strong>τοῦ</strong></span> <span class='ocrx_word' id='word_1_189' title='bbox 1623 2363 1816 2431; x_wconf 76' lang='grc' dir='ltr'><strong>φόϐου,</strong></span> 
     </span>
    </p>
   </div>
   <div class='ocr_carea' id='block_1_25' title="bbox 241 2450 1816 2532">
    <p class='ocr_par' dir='ltr' id='par_1_25' title="bbox 241 2450 1816 2532">
     <span class='ocr_line' id='line_1_25' title="bbox 241 2450 1816 2532; baseline -0.01 -15"><span class='ocrx_word' id='word_1_190' title='bbox 241 2463 377 2518; x_wconf 77' lang='grc' dir='ltr'><strong>ινθα</strong></span> <span class='ocrx_word' id='word_1_191' title='bbox 414 2459 503 2532; x_wconf 78' lang='grc' dir='ltr'><strong>ἦν,</strong></span> <span class='ocrx_word' id='word_1_192' title='bbox 560 2460 861 2530; x_wconf 75' lang='grc' dir='ltr'><strong>ἁπέψυξεν.</strong></span> <span class='ocrx_word' id='word_1_193' title='bbox 917 2459 977 2511; x_wconf 87' lang='lat'><strong>&#39;0</strong></span> <span class='ocrx_word' id='word_1_194' title='bbox 1007 2457 1063 2510; x_wconf 70' lang='grc' dir='ltr'><strong>δὲ</strong></span> <span class='ocrx_word' id='word_1_195' title='bbox 1100 2455 1324 2526; x_wconf 75' lang='grc' dir='ltr'><strong>ἀμηρᾱς</strong></span> <span class='ocrx_word' id='word_1_196' title='bbox 1372 2450 1696 2506; x_wconf 73' lang='grc' dir='ltr'><strong>ὑποπτεύων</strong></span> <span class='ocrx_word' id='word_1_197' title='bbox 1739 2451 1816 2522; x_wconf 81' lang='grc' dir='ltr'><strong>μή</strong></span> 
     </span>
    </p>
   </div>
   <div class='ocr_carea' id='block_1_26' title="bbox 240 2537 1883 2622">
    <p class='ocr_par' dir='ltr' id='par_1_26' title="bbox 240 2537 1883 2622">
     <span class='ocr_line' id='line_1_26' title="bbox 240 2537 1883 2622; baseline -0.009 -13"><span class='ocrx_word' id='word_1_198' title='bbox 240 2573 328 2610; x_wconf 88' lang='grc' dir='ltr'><strong>τοι</strong></span> <span class='ocrx_word' id='word_1_199' title='bbox 365 2556 460 2608; x_wconf 77' lang='grc' dir='ltr'><strong>καὶ</strong></span> <span class='ocrx_word' id='word_1_200' title='bbox 489 2555 516 2607; x_wconf 85' lang='grc' dir='ltr'><strong>ό</strong></span> <span class='ocrx_word' id='word_1_201' title='bbox 548 2553 815 2622; x_wconf 79' lang='grc' dir='ltr'><strong>δεσπότης</strong></span> <span class='ocrx_word' id='word_1_202' title='bbox 848 2551 906 2604; x_wconf 73' lang='grc' dir='ltr'><strong>ιν</strong></span> <span class='ocrx_word' id='word_1_203' title='bbox 933 2552 1004 2620; x_wconf 74' lang='grc' dir='ltr'><strong>τῇ</strong></span> <span class='ocrx_word' id='word_1_204' title='bbox 1053 2546 1280 2618; x_wconf 77' lang='grc' dir='ltr'><strong>τοιαύτῃ</strong></span> <span class='ocrx_word' id='word_1_205' title='bbox 1309 2543 1590 2615; x_wconf 76' lang='grc' dir='ltr'><strong>συμϐουλῇ</strong></span> <span class='ocrx_word' id='word_1_206' title='bbox 1620 2537 1688 2612; x_wconf 74' lang='grc' dir='ltr'><strong>ἦν</strong></span> <span class='ocrx_word' id='word_1_207' title='bbox 1723 2547 1820 2595; x_wconf 79' lang='grc' dir='ltr'><strong>καὶ</strong></span> <span class='ocrx_word' id='word_1_208' title='bbox 1880 2613 1883 2615; x_wconf 90' lang='lat'><em>_</em></span> 
     </span>
    </p>
   </div>
   <div class='ocr_carea' id='block_1_27' title="bbox 241 2630 1818 2719">
    <p class='ocr_par' dir='ltr' id='par_1_27' title="bbox 241 2630 1818 2719">
     <span class='ocr_line' id='line_1_27' title="bbox 241 2630 1818 2719; baseline -0.01 -18"><span class='ocrx_word' id='word_1_209' title='bbox 241 2647 617 2719; x_wconf 73' lang='grc' dir='ltr'><strong>δραπετεύσῃ,</strong></span> <span class='ocrx_word' id='word_1_210' title='bbox 657 2643 924 2715; x_wconf 70' lang='grc' dir='ltr'><strong>ὲξὼρισεν</strong></span> <span class='ocrx_word' id='word_1_211' title='bbox 969 2642 1027 2693; x_wconf 78' lang='lat' dir='ltr'><strong>tv</strong></span> <span class='ocrx_word' id='word_1_212' title='bbox 1051 2638 1130 2710; x_wconf 82' lang='grc' dir='ltr'><strong>τῷ</strong></span> <span class='ocrx_word' id='word_1_213' title='bbox 1152 2637 1522 2708; x_wconf 85' lang='grc' dir='ltr'><strong>Διδυμοτείχῳ</strong></span> <span class='ocrx_word' id='word_1_214' title='bbox 1565 2635 1662 2690; x_wconf 79' lang='grc' dir='ltr'><strong>καὶ</strong></span> <span class='ocrx_word' id='word_1_215' title='bbox 1682 2630 1818 2707; x_wconf 77' lang='grc' dir='ltr'><strong>ἦρεν</strong></span> 
     </span>
    </p>
   </div>
   <div class='ocr_carea' id='block_1_28' title="bbox 241 2728 1814 2806">
    <p class='ocr_par' dir='ltr' id='par_1_28' title="bbox 241 2728 1814 2806">
     <span class='ocr_line' id='line_1_28' title="bbox 241 2728 1814 2806; baseline -0.003 -15"><span class='ocrx_word' id='word_1_216' title='bbox 241 2738 407 2791; x_wconf 82' lang='grc' dir='ltr'><strong>αὑτοῦ</strong></span> <span class='ocrx_word' id='word_1_217' title='bbox 443 2738 553 2790; x_wconf 77' lang='grc' dir='ltr'><strong>πᾶν</strong></span> <span class='ocrx_word' id='word_1_218' title='bbox 604 2735 939 2806; x_wconf 80' lang='grc' dir='ltr'><strong>σιτηρέσιον,</strong></span> <span class='ocrx_word' id='word_1_219' title='bbox 988 2733 1084 2785; x_wconf 72' lang='grc' dir='ltr'><strong>καὶ</strong></span> <span class='ocrx_word' id='word_1_220' title='bbox 1125 2731 1268 2785; x_wconf 83' lang='grc' dir='ltr'><strong>οὕτω</strong></span> <span class='ocrx_word' id='word_1_221' title='bbox 1313 2729 1502 2793; x_wconf 85' lang='grc' dir='ltr'><strong>κακῶς</strong></span> <span class='ocrx_word' id='word_1_222' title='bbox 1558 2728 1814 2786; x_wconf 85' lang='grc' dir='ltr'><strong>διέκειτο.</strong></span> 
     </span>
    </p>
   </div>
   <div class='ocr_carea' id='block_1_29' title="bbox 239 2820 1815 2901">
    <p class='ocr_par' dir='ltr' id='par_1_29' title="bbox 239 2820 1815 2901">
     <span class='ocr_line' id='line_1_29' title="bbox 239 2820 1815 2901; baseline -0.006 -17"><span class='ocrx_word' id='word_1_223' title='bbox 239 2831 358 2901; x_wconf 79' lang='grc' dir='ltr'><strong>Μιᾷ</strong></span> <span class='ocrx_word' id='word_1_224' title='bbox 393 2825 488 2884; x_wconf 79' lang='grc' dir='ltr'><strong>οῦν</strong></span> <span class='ocrx_word' id='word_1_225' title='bbox 516 2830 626 2882; x_wconf 85' lang='grc' dir='ltr'><strong>τῶν</strong></span> <span class='ocrx_word' id='word_1_226' title='bbox 654 2826 880 2898; x_wconf 63' lang='grc' dir='ltr'><strong>⁴ἡμερῶν</strong></span> <span class='ocrx_word' id='word_1_227' title='bbox 919 2820 1341 2895; x_wconf 70' lang='grc' dir='ltr'><strong>ὲρχομένου“τοῦ</strong></span> <span class='ocrx_word' id='word_1_228' title='bbox 1370 2823 1563 2892; x_wconf 81' lang='grc' dir='ltr'><strong>ἀμηρᾶ</strong></span> <span class='ocrx_word' id='word_1_229' title='bbox 1590 2822 1700 2875; x_wconf 73' lang='grc' dir='ltr'><strong>ἀπὸ</strong></span> <span class='ocrx_word' id='word_1_230' title='bbox 1722 2821 1815 2876; x_wconf 89' lang='grc' dir='ltr'><strong>τοῦ</strong></span> 
     </span>
    </p>
   </div>
   <div class='ocr_carea' id='block_1_30' title="bbox 238 2913 1814 2992">
    <p class='ocr_par' dir='ltr' id='par_1_30' title="bbox 238 2913 1814 2992">
     <span class='ocr_line' id='line_1_30' title="bbox 238 2913 1814 2992; baseline -0.006 -17"><span class='ocrx_word' id='word_1_231' title='bbox 238 2922 508 2992; x_wconf 80' lang='grc' dir='ltr'><strong>κυνηγίου</strong></span> <span class='ocrx_word' id='word_1_232' title='bbox 562 2919 661 2974; x_wconf 81' lang='grc' dir='ltr'><strong>καὶ</strong></span> <span class='ocrx_word' id='word_1_233' title='bbox 693 2918 982 2988; x_wconf 86' lang='grc' dir='ltr'><strong>μέλλοντος</strong></span> <span class='ocrx_word' id='word_1_234' title='bbox 1025 2915 1258 2969; x_wconf 77' lang='grc' dir='ltr'><strong>διελθεῖν</strong></span> <span class='ocrx_word' id='word_1_235' title='bbox 1295 2913 1416 2967; x_wconf 79' lang='grc' dir='ltr'><strong>ὅθεν</strong></span> <span class='ocrx_word' id='word_1_236' title='bbox 1447 2914 1476 2965; x_wconf 78' lang='grc' dir='ltr'><strong>ὁ</strong></span> <span class='ocrx_word' id='word_1_237' title='bbox 1523 2913 1814 2984; x_wconf 80' lang='grc' dir='ltr'><strong>εἰρημένος</strong></span> 
     </span>
    </p>
   </div>
   <div class='ocr_carea' id='block_1_31' title="bbox 237 3004 1816 3084">
    <p class='ocr_par' dir='ltr' id='par_1_31' title="bbox 237 3004 1816 3084">
     <span class='ocr_line' id='line_1_31' title="bbox 237 3004 1816 3084; baseline -0.006 -18"><span class='ocrx_word' id='word_1_238' title='bbox 237 3013 507 3084; x_wconf 80' lang='grc' dir='ltr'><strong>δεσπότης</strong></span> <span class='ocrx_word' id='word_1_239' title='bbox 546 3008 638 3082; x_wconf 80' lang='grc' dir='ltr'><strong>ἦν,</strong></span> <span class='ocrx_word' id='word_1_240' title='bbox 690 3009 916 3080; x_wconf 70' lang='grc' dir='ltr'><strong>εξῆλθεν</strong></span> <span class='ocrx_word' id='word_1_241' title='bbox 968 3010 996 3061; x_wconf 84' lang='grc' dir='ltr'><strong>ὁ</strong></span> <span class='ocrx_word' id='word_1_242' title='bbox 1029 3007 1296 3077; x_wconf 83' lang='grc' dir='ltr'><strong>δεσπότης</strong></span> <span class='ocrx_word' id='word_1_243' title='bbox 1340 3004 1681 3075; x_wconf 78' lang='grc' dir='ltr'><strong>πεζηπορῶν</strong></span> <span class='ocrx_word' id='word_1_244' title='bbox 1719 3005 1816 3057; x_wconf 76' lang='grc' dir='ltr'><strong>καὶ</strong></span> 
     </span>
    </p>
   </div>
   <div class='ocr_carea' id='block_1_32' title="bbox 240 3094 1813 3172">
    <p class='ocr_par' dir='ltr' id='par_1_32' title="bbox 240 3094 1813 3172">
     <span class='ocr_line' id='line_1_32' title="bbox 240 3094 1813 3172; baseline -0.008 -14"><span class='ocrx_word' id='word_1_245' title='bbox 240 3103 588 3172; x_wconf 72' lang='grc' dir='ltr'><strong>συναντήσας</strong></span> <span class='ocrx_word' id='word_1_246' title='bbox 626 3097 1011 3168; x_wconf 77' lang='grc' dir='ltr'><strong>προσεκύνησε</strong></span> <span class='ocrx_word' id='word_1_247' title='bbox 1037 3095 1131 3150; x_wconf 83' lang='grc' dir='ltr'><strong>τὸν</strong></span> <span class='ocrx_word' id='word_1_248' title='bbox 1163 3097 1389 3168; x_wconf 81' lang='grc' dir='ltr'><strong>ἀμηρᾶν</strong></span> <span class='ocrx_word' id='word_1_249' title='bbox 1417 3095 1511 3148; x_wconf 81' lang='grc' dir='ltr'><strong>τὸν</strong></span> <span class='ocrx_word' id='word_1_250' title='bbox 1539 3094 1634 3148; x_wconf 70' lang='grc' dir='ltr'><strong>καὶ</strong></span> <span class='ocrx_word' id='word_1_251' title='bbox 1665 3110 1813 3163; x_wconf 82' lang='grc' dir='ltr'><strong>γαμ-</strong></span> 
     </span>
    </p>
   </div>
   <div class='ocr_carea' id='block_1_33' title="bbox 1922 616 3492 692">
    <p class='ocr_par' dir='ltr' id='par_1_33' title="bbox 1922 616 3492 692">
     <span class='ocr_line' id='line_1_33' title="bbox 1922 616 3492 692; baseline -0.003 -20"><span class='ocrx_word' id='word_1_252' title='bbox 1922 623 1986 672; x_wconf 62' lang='lat' dir='ltr'><strong>tu</strong></span> <span class='ocrx_word' id='word_1_253' title='bbox 2015 622 2124 674; x_wconf 85' lang='grc' dir='ltr'><strong>τῶν</strong></span> <span class='ocrx_word' id='word_1_254' title='bbox 2163 621 2522 677; x_wconf 83' lang='grc' dir='ltr'><strong>αύθεντικῶν.</strong></span> <span class='ocrx_word' id='word_1_255' title='bbox 2554 621 2665 674; x_wconf 73' lang='grc' dir='ltr'><strong>Καὶ</strong></span> <span class='ocrx_word' id='word_1_256' title='bbox 2713 619 2921 684; x_wconf 75' lang='grc' dir='ltr'><strong>ἀναϐὰς</strong></span> <span class='ocrx_word' id='word_1_257' title='bbox 2948 616 3082 692; x_wconf 78' lang='grc' dir='ltr'><strong>ἦλθε</strong></span> <span class='ocrx_word' id='word_1_258' title='bbox 3112 624 3209 674; x_wconf 64' lang='grc' dir='ltr'><strong>σὺν</strong></span> <span class='ocrx_word' id='word_1_259' title='bbox 3252 621 3401 688; x_wconf 87' lang='grc' dir='ltr'><strong>αύτῷ</strong></span> <span class='ocrx_word' id='word_1_260' title='bbox 3435 624 3492 673; x_wconf 78' lang='grc' dir='ltr'><strong>ὲν</strong></span> 
     </span>
    </p>
   </div>
   <div class='ocr_carea' id='block_1_34' title="bbox 1922 712 3486 783">
    <p class='ocr_par' dir='ltr' id='par_1_34' title="bbox 1922 712 3486 783">
     <span class='ocr_line' id='line_1_34' title="bbox 1922 712 3486 783; baseline 0.001 -19"><span class='ocrx_word' id='word_1_261' title='bbox 1922 715 1991 781; x_wconf 73' lang='grc' dir='ltr'><strong>τῇ</strong></span> <span class='ocrx_word' id='word_1_262' title='bbox 2022 712 2510 783; x_wconf 82' lang='grc' dir='ltr'><strong>Ἀνδριανουπόλει,</strong></span> <span class='ocrx_word' id='word_1_263' title='bbox 2540 714 2634 766; x_wconf 70' lang='grc' dir='ltr'><strong>καὶ</strong></span> <span class='ocrx_word' id='word_1_264' title='bbox 2653 717 2734 776; x_wconf 80' lang='grc' dir='ltr'><strong>εἰς</strong></span> <span class='ocrx_word' id='word_1_265' title='bbox 2751 713 3061 782; x_wconf 83' lang='grc' dir='ltr'><strong>σιτηρέσιον</strong></span> <span class='ocrx_word' id='word_1_266' title='bbox 3081 713 3311 768; x_wconf 81' lang='grc' dir='ltr'><strong>δέδωκεν</strong></span> <span class='ocrx_word' id='word_1_267' title='bbox 3334 715 3486 782; x_wconf 88' lang='grc' dir='ltr'><strong>αύτῷ</strong></span> 
     </span>
    </p>
   </div>
   <div class='ocr_carea' id='block_1_35' title="bbox 1923 801 3491 874">
    <p class='ocr_par' dir='ltr' id='par_1_35' title="bbox 1923 801 3491 874">
     <span class='ocr_line' id='line_1_35' title="bbox 1923 801 3491 874; baseline 0.001 -18"><span class='ocrx_word' id='word_1_268' title='bbox 1923 803 2110 872; x_wconf 78' lang='grc' dir='ltr'><strong>ἆσπρα</strong></span> <span class='ocrx_word' id='word_1_269' title='bbox 2137 801 2384 871; x_wconf 76' lang='grc' dir='ltr'><strong>χιλιάδας</strong></span> <span class='ocrx_word' id='word_1_270' title='bbox 2421 804 2765 874; x_wconf 82' lang='grc' dir='ltr'><strong>πεντήκοντα</strong></span> <span class='ocrx_word' id='word_1_271' title='bbox 2807 806 2869 856; x_wconf 77' lang='grc' dir='ltr'><strong>ἐκ</strong></span> <span class='ocrx_word' id='word_1_272' title='bbox 2905 804 2997 856; x_wconf 87' lang='grc' dir='ltr'><strong>τοῦ</strong></span> <span class='ocrx_word' id='word_1_273' title='bbox 3047 804 3347 873; x_wconf 77' lang='grc' dir='ltr'><strong>κομερκίου</strong></span> <span class='ocrx_word' id='word_1_274' title='bbox 3396 805 3491 858; x_wconf 86' lang='grc' dir='ltr'><strong>τοῦ</strong></span> 
     </span>
    </p>
   </div>
   <div class='ocr_carea' id='block_1_36' title="bbox 1923 895 2930 968">
    <p class='ocr_par' dir='ltr' id='par_1_36' title="bbox 1923 895 2930 968">
     <span class='ocr_line' id='line_1_36' title="bbox 1923 895 2930 968; baseline 0.002 -19"><span class='ocrx_word' id='word_1_275' title='bbox 1923 895 2175 966; x_wconf 74' lang='grc' dir='ltr'><strong>ἀλεύρου.</strong></span> <span class='ocrx_word' id='word_1_276' title='bbox 2213 898 2324 950; x_wconf 71' lang='grc' dir='ltr'><strong>Καὶ</strong></span> <span class='ocrx_word' id='word_1_277' title='bbox 2355 897 2512 951; x_wconf 69' lang='grc' dir='ltr'><strong>τοῦτο</strong></span> <span class='ocrx_word' id='word_1_278' title='bbox 2544 897 2930 968; x_wconf 81' lang='grc' dir='ltr'><strong>ἀληθέστερον.</strong></span> 
     </span>
    </p>
   </div>
   <div class='ocr_carea' id='block_1_37' title="bbox 1994 988 3498 1061">
    <p class='ocr_par' dir='ltr' id='par_1_37' title="bbox 1994 988 3498 1061">
     <span class='ocr_line' id='line_1_37' title="bbox 1994 988 3498 1061; baseline 0.001 -21"><span class='ocrx_word' id='word_1_279' title='bbox 1994 988 2102 1040; x_wconf 89' lang='grc' dir='ltr'><strong>Τοῦ</strong></span> <span class='ocrx_word' id='word_1_280' title='bbox 2117 988 2164 1041; x_wconf 80' lang='grc' dir='ltr'><strong>δ’</strong></span> <span class='ocrx_word' id='word_1_281' title='bbox 2184 989 2350 1043; x_wconf 78' lang='grc' dir='ltr'><strong>αὐτοῦ</strong></span> <span class='ocrx_word' id='word_1_282' title='bbox 2368 991 2560 1060; x_wconf 82' lang='grc' dir='ltr'><strong>χρόνου</strong></span> <span class='ocrx_word' id='word_1_283' title='bbox 2584 989 2660 1058; x_wconf 80' lang='grc' dir='ltr'><strong>τῷ</strong></span> <span class='ocrx_word' id='word_1_284' title='bbox 2692 990 2840 1061; x_wconf 85' lang='grc' dir='ltr'><strong>θέρει</strong></span> <span class='ocrx_word' id='word_1_285' title='bbox 2864 991 3105 1058; x_wconf 77' lang='grc' dir='ltr'><strong>ἐγεγόνει</strong></span> <span class='ocrx_word' id='word_1_286' title='bbox 3130 993 3368 1060; x_wconf 77' lang='grc' dir='ltr'><strong>τοσαύτη</strong></span> <span class='ocrx_word' id='word_1_287' title='bbox 3387 990 3498 1042; x_wconf 73' lang='grc' dir='ltr'><strong>λοι-</strong></span> 
     </span>
    </p>
   </div>
   <div class='ocr_carea' id='block_1_38' title="bbox 1929 1081 3496 1152">
    <p class='ocr_par' dir='ltr' id='par_1_38' title="bbox 1929 1081 3496 1152">
     <span class='ocr_line' id='line_1_38' title="bbox 1929 1081 3496 1152; baseline 0.002 -19"><span class='ocrx_word' id='word_1_288' title='bbox 1929 1081 2110 1152; x_wconf 80' lang='grc' dir='ltr'><strong>μώδης</strong></span> <span class='ocrx_word' id='word_1_289' title='bbox 2133 1084 2287 1145; x_wconf 83' lang='grc' dir='ltr'><strong>νόσος</strong></span> <span class='ocrx_word' id='word_1_290' title='bbox 2312 1082 2367 1134; x_wconf 75' lang='grc' dir='ltr'><strong>ἐν</strong></span> <span class='ocrx_word' id='word_1_291' title='bbox 2383 1100 2442 1136; x_wconf 82' lang='grc' dir='ltr'><strong>τε</strong></span> <span class='ocrx_word' id='word_1_292' title='bbox 2463 1086 2526 1152; x_wconf 75' lang='grc' dir='ltr'><strong>τῇ</strong></span> <span class='ocrx_word' id='word_1_293' title='bbox 2553 1084 3496 1152; x_wconf 72' lang='grc' dir='ltr'><strong>Κωνστειντινουπόλει,“Δνδριανου-</strong></span> 
     </span>
    </p>
   </div>
   <div class='ocr_carea' id='block_1_39' title="bbox 1926 1173 3499 1246">
    <p class='ocr_par' dir='ltr' id='par_1_39' title="bbox 1926 1173 3499 1246">
     <span class='ocr_line' id='line_1_39' title="bbox 1926 1173 3499 1246; baseline 0.003 -21"><span class='ocrx_word' id='word_1_294' title='bbox 1926 1173 2195 1227; x_wconf 74' lang='grc' dir='ltr'><strong>πόλεωιαὶ⁸</strong></span> <span class='ocrx_word' id='word_1_295' title='bbox 2217 1175 2613 1228; x_wconf 77' lang='grc' dir='ltr'><strong>Καλλιουπόλει</strong></span> <span class='ocrx_word' id='word_1_296' title='bbox 2643 1177 2738 1229; x_wconf 73' lang='grc' dir='ltr'><strong>καὶ</strong></span> <span class='ocrx_word' id='word_1_297' title='bbox 2766 1179 2885 1239; x_wconf 83' lang='grc' dir='ltr'><strong>ταῖς</strong></span> <span class='ocrx_word' id='word_1_298' title='bbox 2919 1177 3081 1246; x_wconf 80' lang='grc' dir='ltr'><strong>πέριξ</strong></span> <span class='ocrx_word' id='word_1_299' title='bbox 3110 1177 3288 1230; x_wconf 77' lang='grc' dir='ltr'><strong>αὐτῶν</strong></span> <span class='ocrx_word' id='word_1_300' title='bbox 3310 1177 3499 1229; x_wconf 81' lang='grc' dir='ltr'><strong>πόλεσι</strong></span> 
     </span>
    </p>
   </div>
   <div class='ocr_carea' id='block_1_40' title="bbox 1927 1265 3499 1337">
    <p class='ocr_par' dir='ltr' id='par_1_40' title="bbox 1927 1265 3499 1337">
     <span class='ocr_line' id='line_1_40' title="bbox 1927 1265 3499 1337; baseline 0.001 -19"><span class='ocrx_word' id='word_1_301' title='bbox 1927 1267 2024 1319; x_wconf 77' lang='grc' dir='ltr'><strong>καὶ</strong></span> <span class='ocrx_word' id='word_1_302' title='bbox 2045 1265 2280 1336; x_wconf 84' lang='grc' dir='ltr'><strong>κώμαις.</strong></span> <span class='ocrx_word' id='word_1_303' title='bbox 2308 1268 2498 1322; x_wconf 75' lang='grc' dir='ltr'><strong>ἄστεσί</strong></span> <span class='ocrx_word' id='word_1_304' title='bbox 2523 1286 2580 1320; x_wconf 87' lang='grc' dir='ltr'><strong>τε</strong></span> <span class='ocrx_word' id='word_1_305' title='bbox 2603 1270 2697 1320; x_wconf 74' lang='grc' dir='ltr'><strong>καὶ</strong></span> <span class='ocrx_word' id='word_1_306' title='bbox 2729 1269 2958 1337; x_wconf 85' lang='grc' dir='ltr'><strong>χώραις,</strong></span> <span class='ocrx_word' id='word_1_307' title='bbox 2981 1269 3068 1321; x_wconf 81' lang='grc' dir='ltr'><strong>οἶα</strong></span> <span class='ocrx_word' id='word_1_308' title='bbox 3092 1269 3153 1320; x_wconf 77' lang='grc' dir='ltr'><strong>ού</strong></span> <span class='ocrx_word' id='word_1_309' title='bbox 3180 1271 3402 1336; x_wconf 75' lang='grc' dir='ltr'><strong>γέγονεν</strong></span> <span class='ocrx_word' id='word_1_310' title='bbox 3441 1270 3499 1320; x_wconf 74' lang='grc' dir='ltr'><strong>εν</strong></span> 
     </span>
    </p>
   </div>
   <div class='ocr_carea' id='block_1_41' title="bbox 1925 1359 3499 1430">
    <p class='ocr_par' dir='ltr' id='par_1_41' title="bbox 1925 1359 3499 1430">
     <span class='ocr_line' id='line_1_41' title="bbox 1925 1359 3499 1430; baseline 0.003 -20"><span class='ocrx_word' id='word_1_311' title='bbox 1925 1359 2035 1420; x_wconf 79' lang='grc' dir='ltr'><strong>τοϊς</strong></span> <span class='ocrx_word' id='word_1_312' title='bbox 2085 1359 2422 1428; x_wconf 83' lang='grc' dir='ltr'><strong>παρελθοῦσι</strong></span> <span class='ocrx_word' id='word_1_313' title='bbox 2457 1359 2672 1429; x_wconf 81' lang='grc' dir='ltr'><strong>χρόνοις</strong></span> <span class='ocrx_word' id='word_1_314' title='bbox 2725 1363 2787 1412; x_wconf 87' lang='grc' dir='ltr'><strong>ὲκ</strong></span> <span class='ocrx_word' id='word_1_315' title='bbox 2841 1360 3042 1412; x_wconf 71' lang='grc' dir='ltr'><strong>πελλοῦ</strong></span> <span class='ocrx_word' id='word_1_316' title='bbox 3090 1362 3306 1430; x_wconf 89' lang='grc' dir='ltr'><strong>καιροῦ,</strong></span> <span class='ocrx_word' id='word_1_317' title='bbox 3356 1361 3499 1414; x_wconf 82' lang='grc' dir='ltr'><strong>ὥστε</strong></span> 
     </span>
    </p>
   </div>
   <div class='ocr_carea' id='block_1_42' title="bbox 1925 1449 3590 1521">
    <p class='ocr_par' dir='ltr' id='par_1_42' title="bbox 1925 1449 3590 1521">
     <span class='ocr_line' id='line_1_42' title="bbox 1925 1449 3590 1521; baseline 0.001 -21"><span class='ocrx_word' id='word_1_318' title='bbox 1925 1449 2279 1520; x_wconf 79' lang='grc' dir='ltr'><strong>τεθνήκασιν,</strong></span> <span class='ocrx_word' id='word_1_319' title='bbox 2318 1449 2399 1512; x_wconf 80' lang='grc' dir='ltr'><strong>ὥς</strong></span> <span class='ocrx_word' id='word_1_320' title='bbox 2425 1468 2579 1520; x_wconf 83' lang='grc' dir='ltr'><strong>φασι,</strong></span> <span class='ocrx_word' id='word_1_321' title='bbox 2631 1451 2891 1521; x_wconf 79' lang='grc' dir='ltr'><strong>μυριάδες</strong></span> <span class='ocrx_word' id='word_1_322' title='bbox 2936 1451 3130 1505; x_wconf 76' lang='grc' dir='ltr'><strong>πολλαὶ</strong></span> <span class='ocrx_word' id='word_1_323' title='bbox 3169 1451 3498 1520; x_wconf 82' lang='grc' dir='ltr'><strong>ἀνθρώπων,</strong></span> <span class='ocrx_word' id='word_1_324' title='bbox 3585 1467 3590 1472; x_wconf 76' lang='grc'><strong><em>“</em></strong></span> 
     </span>
    </p>
   </div>
   <div class='ocr_carea' id='block_1_43' title="bbox 1925 1537 3496 1613">
    <p class='ocr_par' dir='ltr' id='par_1_43' title="bbox 1925 1537 3496 1613">
     <span class='ocr_line' id='line_1_43' title="bbox 1925 1537 3496 1613; baseline 0.002 -22"><span class='ocrx_word' id='word_1_325' title='bbox 1925 1540 1986 1591; x_wconf 89' lang='grc' dir='ltr'><strong>ού</strong></span> <span class='ocrx_word' id='word_1_326' title='bbox 2021 1541 2285 1610; x_wconf 82' lang='grc' dir='ltr'><strong>χιλιάδες.</strong></span> <span class='ocrx_word' id='word_1_327' title='bbox 2314 1541 2406 1594; x_wconf 84' lang='grc' dir='ltr'><strong>Ἐν</strong></span> <span class='ocrx_word' id='word_1_328' title='bbox 2435 1537 2514 1603; x_wconf 74' lang='grc' dir='ltr'><strong>οἷς</strong></span> <span class='ocrx_word' id='word_1_329' title='bbox 2544 1544 2600 1596; x_wconf 79' lang='grc' dir='ltr'><strong>δὲ</strong></span> <span class='ocrx_word' id='word_1_330' title='bbox 2635 1544 2728 1595; x_wconf 75' lang='grc' dir='ltr'><strong>καὶ</strong></span> <span class='ocrx_word' id='word_1_331' title='bbox 2756 1545 2788 1610; x_wconf 77' lang='grc' dir='ltr'><strong>η</strong></span> <span class='ocrx_word' id='word_1_332' title='bbox 2817 1542 2912 1595; x_wconf 90' lang='grc' dir='ltr'><strong>τοῦ</strong></span> <span class='ocrx_word' id='word_1_333' title='bbox 2955 1543 3215 1596; x_wconf 77' lang='grc' dir='ltr'><strong>δεσπότου</strong></span> <span class='ocrx_word' id='word_1_334' title='bbox 3243 1542 3496 1613; x_wconf 76' lang='grc' dir='ltr'><strong>θυγάτηρ</strong></span> 
     </span>
    </p>
   </div>
   <div class='ocr_carea' id='block_1_44' title="bbox 1924 1633 2746 1703">
    <p class='ocr_par' dir='ltr' id='par_1_44' title="bbox 1924 1633 2746 1703">
     <span class='ocr_line' id='line_1_44' title="bbox 1924 1633 2746 1703; baseline 0.004 -19"><span class='ocrx_word' id='word_1_335' title='bbox 1924 1633 1958 1701; x_wconf 82' lang='grc' dir='ltr'><strong>ἡ</strong></span> <span class='ocrx_word' id='word_1_336' title='bbox 1994 1633 2282 1702; x_wconf 76' lang='grc' dir='ltr'><strong>ἁμήρισσα</strong></span> <span class='ocrx_word' id='word_1_337' title='bbox 2323 1635 2583 1686; x_wconf 78' lang='grc' dir='ltr'><strong>ἀπεθανε.</strong></span> <span class='ocrx_word' id='word_1_338' title='bbox 2743 1699 2746 1703; x_wconf 89' lang='lat'><strong>_</strong></span> 
     </span>
    </p>
   </div>
   <div class='ocr_carea' id='block_1_45' title="bbox 1996 1722 3498 1798">
    <p class='ocr_par' dir='ltr' id='par_1_45' title="bbox 1996 1722 3498 1798">
     <span class='ocr_line' id='line_1_45' title="bbox 1996 1722 3498 1798; baseline -0.001 -22"><span class='ocrx_word' id='word_1_339' title='bbox 1996 1722 2104 1776; x_wconf 90' lang='grc' dir='ltr'><strong>Τοῦ</strong></span> <span class='ocrx_word' id='word_1_340' title='bbox 2158 1725 2215 1778; x_wconf 67' lang='grc' dir='ltr'><strong>δὲ</strong></span> <span class='ocrx_word' id='word_1_341' title='bbox 2261 1727 2452 1796; x_wconf 55' lang='grc' dir='ltr'><strong>,ςέοᾷ</strong></span> <span class='ocrx_word' id='word_1_342' title='bbox 2513 1725 2667 1790; x_wconf 81' lang='grc' dir='ltr'><strong>ἔτους</strong></span> <span class='ocrx_word' id='word_1_343' title='bbox 2718 1726 3012 1798; x_wconf 76' lang='grc' dir='ltr'><strong>Νοεμϐρίῳ</strong></span> <span class='ocrx_word' id='word_1_344' title='bbox 3065 1730 3198 1796; x_wconf 78' lang='grc' dir='ltr'><strong>μηνὶ</strong></span> <span class='ocrx_word' id='word_1_345' title='bbox 3251 1723 3498 1794; x_wconf 77' lang='grc' dir='ltr'><strong>ἀπῆλθον</strong></span> 
     </span>
    </p>
   </div>
   <div class='ocr_carea' id='block_1_46' title="bbox 1924 1816 3499 1890">
    <p class='ocr_par' dir='ltr' id='par_1_46' title="bbox 1924 1816 3499 1890">
     <span class='ocr_line' id='line_1_46' title="bbox 1924 1816 3499 1890; baseline 0.002 -21"><span class='ocrx_word' id='word_1_346' title='bbox 1924 1816 2083 1885; x_wconf 80' lang='grc' dir='ltr'><strong>κάγὼ</strong></span> <span class='ocrx_word' id='word_1_347' title='bbox 2109 1819 2188 1880; x_wconf 90' lang='grc' dir='ltr'><strong>είς</strong></span> <span class='ocrx_word' id='word_1_348' title='bbox 2219 1819 2318 1887; x_wconf 83' lang='grc' dir='ltr'><strong>τὴν</strong></span> <span class='ocrx_word' id='word_1_349' title='bbox 2348 1818 2510 1886; x_wconf 82' lang='grc' dir='ltr'><strong>ἁγίαν</strong></span> <span class='ocrx_word' id='word_1_350' title='bbox 2535 1819 2772 1890; x_wconf 86' lang='grc' dir='ltr'><strong>Μαύραν</strong></span> <span class='ocrx_word' id='word_1_351' title='bbox 2802 1821 3168 1890; x_wconf 85' lang='grc' dir='ltr'><strong>παρακινήσει</strong></span> <span class='ocrx_word' id='word_1_352' title='bbox 3211 1819 3309 1890; x_wconf 80' lang='grc' dir='ltr'><strong>τῆς</strong></span> <span class='ocrx_word' id='word_1_353' title='bbox 3341 1819 3499 1888; x_wconf 67' lang='grc' dir='ltr'><strong>βασις-</strong></span> 
     </span>
    </p>
   </div>
   <div class='ocr_carea' id='block_1_47' title="bbox 1927 1908 3496 1981">
    <p class='ocr_par' dir='ltr' id='par_1_47' title="bbox 1927 1908 3496 1981">
     <span class='ocr_line' id='line_1_47' title="bbox 1927 1908 3496 1981; baseline 0 -21"><span class='ocrx_word' id='word_1_354' title='bbox 1927 1908 2122 1978; x_wconf 89' lang='grc' dir='ltr'><strong>λίσσης</strong></span> <span class='ocrx_word' id='word_1_355' title='bbox 2173 1909 2372 1980; x_wconf 87' lang='grc' dir='ltr'><strong>κυρίας</strong></span> <span class='ocrx_word' id='word_1_356' title='bbox 2407 1910 2632 1981; x_wconf 78' lang='grc' dir='ltr'><strong>Ἑλένης</strong></span> <span class='ocrx_word' id='word_1_357' title='bbox 2671 1913 2767 1964; x_wconf 66' lang='grc' dir='ltr'><strong>καὶ</strong></span> <span class='ocrx_word' id='word_1_358' title='bbox 2801 1912 3066 1980; x_wconf 65' lang='grc' dir='ltr'><strong>πενθεροῦ</strong></span> <span class='ocrx_word' id='word_1_359' title='bbox 3099 1910 3192 1964; x_wconf 87' lang='grc' dir='ltr'><strong>τοῦ</strong></span> <span class='ocrx_word' id='word_1_360' title='bbox 3232 1910 3496 1964; x_wconf 83' lang='grc' dir='ltr'><strong>αύθέντου</strong></span> 
     </span>
    </p>
   </div>
   <div class='ocr_carea' id='block_1_48' title="bbox 1923 1999 3496 2072">
    <p class='ocr_par' dir='ltr' id='par_1_48' title="bbox 1923 1999 3496 2072">
     <span class='ocr_line' id='line_1_48' title="bbox 1923 1999 3496 2072; baseline 0 -20"><span class='ocrx_word' id='word_1_361' title='bbox 1923 1999 2018 2052; x_wconf 91' lang='grc' dir='ltr'><strong>τοῦ</strong></span> <span class='ocrx_word' id='word_1_362' title='bbox 2055 2001 2221 2053; x_wconf 85' lang='grc' dir='ltr'><strong>τόπου</strong></span> <span class='ocrx_word' id='word_1_363' title='bbox 2271 2001 2488 2054; x_wconf 89' lang='grc' dir='ltr'><strong>ὲκείνου</strong></span> <span class='ocrx_word' id='word_1_364' title='bbox 2535 2005 2641 2072; x_wconf 79' lang='grc' dir='ltr'><strong>κὺρ</strong></span> <span class='ocrx_word' id='word_1_365' title='bbox 2671 2002 2997 2070; x_wconf 80' lang='grc' dir='ltr'><strong>Λεονάρδου,</strong></span> <span class='ocrx_word' id='word_1_366' title='bbox 3027 2001 3117 2053; x_wconf 83' lang='grc' dir='ltr'><strong>ἴνα</strong></span> <span class='ocrx_word' id='word_1_367' title='bbox 3153 2001 3248 2052; x_wconf 71' lang='grc' dir='ltr'><strong>καὶ</strong></span> <span class='ocrx_word' id='word_1_368' title='bbox 3291 2001 3384 2053; x_wconf 83' lang='grc' dir='ltr'><strong>τὸν</strong></span> <span class='ocrx_word' id='word_1_369' title='bbox 3412 2000 3496 2052; x_wconf 79' lang='grc' dir='ltr'><strong>τό·</strong></span> 
     </span>
    </p>
   </div>
   <div class='ocr_carea' id='block_1_49' title="bbox 1923 2091 3493 2163">
    <p class='ocr_par' dir='ltr' id='par_1_49' title="bbox 1923 2091 3493 2163">
     <span class='ocr_line' id='line_1_49' title="bbox 1923 2091 3493 2163; baseline 0 -19"><span class='ocrx_word' id='word_1_370' title='bbox 1923 2107 2026 2145; x_wconf 81' lang='grc' dir='ltr'><strong>πον</strong></span> <span class='ocrx_word' id='word_1_371' title='bbox 2070 2094 2251 2145; x_wconf 71' lang='grc' dir='ltr'><strong>ἐκεῖσε</strong></span> <span class='ocrx_word' id='word_1_372' title='bbox 2284 2093 2681 2162; x_wconf 80' lang='grc' dir='ltr'><strong>ἀναθεωρὴσω,</strong></span> <span class='ocrx_word' id='word_1_373' title='bbox 2715 2097 2808 2147; x_wconf 68' lang='grc' dir='ltr'><strong>καὶ</strong></span> <span class='ocrx_word' id='word_1_374' title='bbox 2839 2095 2915 2156; x_wconf 84' lang='grc' dir='ltr'><strong>ὡς</strong></span> <span class='ocrx_word' id='word_1_375' title='bbox 2957 2092 3120 2163; x_wconf 76' lang='grc' dir='ltr'><strong>δῆθεν</strong></span> <span class='ocrx_word' id='word_1_376' title='bbox 3149 2092 3371 2163; x_wconf 75' lang='grc' dir='ltr'><strong>ἀνεψιοῦ</strong></span> <span class='ocrx_word' id='word_1_377' title='bbox 3399 2091 3493 2144; x_wconf 87' lang='grc' dir='ltr'><strong>τοῦ</strong></span> 
     </span>
    </p>
   </div>
   <div class='ocr_carea' id='block_1_50' title="bbox 1924 2184 3496 2257">
    <p class='ocr_par' dir='ltr' id='par_1_50' title="bbox 1924 2184 3496 2257">
     <span class='ocr_line' id='line_1_50' title="bbox 1924 2184 3496 2257; baseline -0.001 -21"><span class='ocrx_word' id='word_1_378' title='bbox 1924 2185 2230 2255; x_wconf 74' lang='grc' dir='ltr'><strong>μακαρίτου</strong></span> <span class='ocrx_word' id='word_1_379' title='bbox 2248 2184 2342 2239; x_wconf 90' lang='grc' dir='ltr'><strong>τοῦ</strong></span> <span class='ocrx_word' id='word_1_380' title='bbox 2372 2186 2632 2239; x_wconf 80' lang='grc' dir='ltr'><strong>αύθέντου</strong></span> <span class='ocrx_word' id='word_1_381' title='bbox 2656 2204 2760 2257; x_wconf 88' lang='grc' dir='ltr'><strong>μου</strong></span> <span class='ocrx_word' id='word_1_382' title='bbox 2800 2186 2894 2240; x_wconf 89' lang='grc' dir='ltr'><strong>τοῦ</strong></span> <span class='ocrx_word' id='word_1_383' title='bbox 2923 2186 3188 2257; x_wconf 68' lang='grc' dir='ltr'><strong>βασιλέως</strong></span> <span class='ocrx_word' id='word_1_384' title='bbox 3211 2187 3316 2255; x_wconf 67' lang='grc' dir='ltr'><strong>κύρ</strong></span> <span class='ocrx_word' id='word_1_385' title='bbox 3341 2186 3496 2238; x_wconf 83' lang='grc' dir='ltr'><strong>Κων-</strong></span> 
     </span>
    </p>
   </div>
   <div class='ocr_carea' id='block_1_51' title="bbox 1923 2277 3492 2348">
    <p class='ocr_par' dir='ltr' id='par_1_51' title="bbox 1923 2277 3492 2348">
     <span class='ocr_line' id='line_1_51' title="bbox 1923 2277 3492 2348; baseline 0.008 -22"><span class='ocrx_word' id='word_1_386' title='bbox 1923 2277 2205 2328; x_wconf 88' lang='grc' dir='ltr'><strong>σταντίνου</strong></span> <span class='ocrx_word' id='word_1_387' title='bbox 2231 2277 2326 2329; x_wconf 76' lang='grc' dir='ltr'><strong>καὶ</strong></span> <span class='ocrx_word' id='word_1_388' title='bbox 2357 2278 2498 2348; x_wconf 81' lang='grc' dir='ltr'><strong>ὑπὲρ</strong></span> <span class='ocrx_word' id='word_1_389' title='bbox 2528 2277 2622 2330; x_wconf 90' lang='grc' dir='ltr'><strong>τοῦ</strong></span> <span class='ocrx_word' id='word_1_390' title='bbox 2657 2279 2862 2348; x_wconf 75' lang='grc' dir='ltr'><strong>πατρὸς</strong></span> <span class='ocrx_word' id='word_1_391' title='bbox 2887 2278 3054 2332; x_wconf 86' lang='grc' dir='ltr'><strong>αὑτοῦ</strong></span> <span class='ocrx_word' id='word_1_392' title='bbox 3089 2278 3355 2337; x_wconf 76' lang='grc' dir='ltr'><strong>παθόντος</strong></span> <span class='ocrx_word' id='word_1_393' title='bbox 3391 2295 3420 2346; x_wconf 75' lang='grc' dir='ltr'><strong>μ</strong></span> <span class='ocrx_word' id='word_1_394' title='bbox 3431 2294 3492 2329; x_wconf 84' lang='grc' dir='ltr'><strong>ου</strong></span> 
     </span>
    </p>
   </div>
   <div class='ocr_carea' id='block_1_52' title="bbox 1921 2365 3490 2439">
    <p class='ocr_par' dir='ltr' id='par_1_52' title="bbox 1921 2365 3490 2439">
     <span class='ocr_line' id='line_1_52' title="bbox 1921 2365 3490 2439; baseline 0.003 -22"><span class='ocrx_word' id='word_1_395' title='bbox 1921 2365 2127 2433; x_wconf 82' lang='grc' dir='ltr'><strong>ζημίαν</strong></span> <span class='ocrx_word' id='word_1_396' title='bbox 2157 2367 2449 2439; x_wconf 82' lang='grc' dir='ltr'><strong>μεγίστην,</strong></span> <span class='ocrx_word' id='word_1_397' title='bbox 2477 2369 2553 2432; x_wconf 83' lang='grc' dir='ltr'><strong>ὡς</strong></span> <span class='ocrx_word' id='word_1_398' title='bbox 2587 2370 2977 2438; x_wconf 79' lang='grc' dir='ltr'><strong>ἑπροεδήλωσα</strong></span> <span class='ocrx_word' id='word_1_399' title='bbox 3027 2370 3085 2421; x_wconf 74' lang='grc' dir='ltr'><strong>ὲν</strong></span> <span class='ocrx_word' id='word_1_400' title='bbox 3114 2368 3192 2438; x_wconf 83' lang='grc' dir='ltr'><strong>τῷ</strong></span> <span class='ocrx_word' id='word_1_401' title='bbox 3229 2367 3313 2438; x_wconf 83' lang='grc' dir='ltr'><strong>λη’</strong></span> <span class='ocrx_word' id='word_1_402' title='bbox 3359 2367 3490 2428; x_wconf 80' lang='grc' dir='ltr'><strong>ἔτει.</strong></span> 
     </span>
    </p>
   </div>
   <div class='ocr_carea' id='block_1_53' title="bbox 1888 2455 3494 2528">
    <p class='ocr_par' dir='ltr' id='par_1_53' title="bbox 1888 2455 3494 2528">
     <span class='ocr_line' id='line_1_53' title="bbox 1888 2455 3494 2528; baseline 0.001 -22"><span class='ocrx_word' id='word_1_403' title='bbox 1888 2455 2010 2521; x_wconf 39' lang='grc' dir='ltr'><strong>,ἵνα</strong></span> <span class='ocrx_word' id='word_1_404' title='bbox 2033 2455 2333 2511; x_wconf 79' lang='grc' dir='ltr'><strong>ἀπολαύσω</strong></span> <span class='ocrx_word' id='word_1_405' title='bbox 2362 2457 2505 2520; x_wconf 80' lang='grc' dir='ltr'><strong>τινδς</strong></span> <span class='ocrx_word' id='word_1_406' title='bbox 2559 2459 2883 2528; x_wconf 80' lang='grc' dir='ltr'><strong>εὐεργεσίας</strong></span> <span class='ocrx_word' id='word_1_407' title='bbox 2930 2460 3150 2528; x_wconf 77' lang='grc' dir='ltr'><strong>ἑτησίου</strong></span> <span class='ocrx_word' id='word_1_408' title='bbox 3196 2458 3270 2521; x_wconf 80' lang='grc' dir='ltr'><strong>ὡς</strong></span> <span class='ocrx_word' id='word_1_409' title='bbox 3312 2459 3494 2527; x_wconf 79' lang='grc' dir='ltr'><strong>γέρων</strong></span> 
     </span>
    </p>
   </div>
   <div class='ocr_carea' id='block_1_54' title="bbox 1921 2545 3489 2619">
    <p class='ocr_par' dir='ltr' id='par_1_54' title="bbox 1921 2545 3489 2619">
     <span class='ocr_line' id='line_1_54' title="bbox 1921 2545 3489 2619; baseline 0 -21"><span class='ocrx_word' id='word_1_410' title='bbox 1921 2546 2014 2598; x_wconf 77' lang='grc' dir='ltr'><strong>καὶ</strong></span> <span class='ocrx_word' id='word_1_411' title='bbox 2069 2545 2304 2617; x_wconf 71' lang='grc' dir='ltr'><strong>ἀσθενὴς</strong></span> <span class='ocrx_word' id='word_1_412' title='bbox 2357 2549 2452 2602; x_wconf 76' lang='grc' dir='ltr'><strong>καὶ</strong></span> <span class='ocrx_word' id='word_1_413' title='bbox 2488 2550 2704 2619; x_wconf 77' lang='grc' dir='ltr'><strong>πτωχὸς</strong></span> <span class='ocrx_word' id='word_1_414' title='bbox 2758 2548 2869 2601; x_wconf 71' lang='grc' dir='ltr'><strong>ἀπὸ</strong></span> <span class='ocrx_word' id='word_1_415' title='bbox 2930 2550 3028 2619; x_wconf 74' lang='grc' dir='ltr'><strong>τῆς</strong></span> <span class='ocrx_word' id='word_1_416' title='bbox 3087 2548 3489 2618; x_wconf 78' lang='grc' dir='ltr'><strong>αἰχμαλωσίας.</strong></span> 
     </span>
    </p>
   </div>
   <div class='ocr_carea' id='block_1_55' title="bbox 1933 2637 3490 2710">
    <p class='ocr_par' dir='ltr' id='par_1_55' title="bbox 1933 2637 3490 2710">
     <span class='ocr_line' id='line_1_55' title="bbox 1933 2637 3490 2710; baseline 0.001 -20"><span class='ocrx_word' id='word_1_417' title='bbox 1933 2637 2379 2708; x_wconf 76' lang='grc' dir='ltr'><strong>Ἐπαναστρέψας</strong></span> <span class='ocrx_word' id='word_1_418' title='bbox 2406 2639 2462 2692; x_wconf 80' lang='grc' dir='ltr'><strong>δὲ</strong></span> <span class='ocrx_word' id='word_1_419' title='bbox 2500 2642 2565 2709; x_wconf 76' lang='grc' dir='ltr'><strong>τῇ</strong></span> <span class='ocrx_word' id='word_1_420' title='bbox 2600 2640 2682 2710; x_wconf 75' lang='grc' dir='ltr'><strong>κβ¹</strong></span> <span class='ocrx_word' id='word_1_421' title='bbox 2721 2640 2814 2692; x_wconf 82' lang='grc' dir='ltr'><strong>τοῦ</strong></span> <span class='ocrx_word' id='word_1_422' title='bbox 2850 2639 3038 2704; x_wconf 76' lang='grc' dir='ltr'><strong>αὐτοῦ,</strong></span> <span class='ocrx_word' id='word_1_423' title='bbox 3075 2640 3265 2708; x_wconf 78' lang='grc' dir='ltr'><strong>ἐντελῆ</strong></span> <span class='ocrx_word' id='word_1_424' title='bbox 3307 2641 3490 2692; x_wconf 72' lang='grc' dir='ltr'><strong>πάντα</strong></span> 
     </span>
    </p>
   </div>
   <div class='ocr_carea' id='block_1_56' title="bbox 1921 2729 3492 2804">
    <p class='ocr_par' dir='ltr' id='par_1_56' title="bbox 1921 2729 3492 2804">
     <span class='ocr_line' id='line_1_56' title="bbox 1921 2729 3492 2804; baseline 0.001 -21"><span class='ocrx_word' id='word_1_425' title='bbox 1921 2729 2049 2783; x_wconf 82' lang='grc' dir='ltr'><strong>ίδὼν</strong></span> <span class='ocrx_word' id='word_1_426' title='bbox 2081 2731 2173 2782; x_wconf 67' lang='grc' dir='ltr'><strong>καὶ</strong></span> <span class='ocrx_word' id='word_1_427' title='bbox 2201 2732 2540 2796; x_wconf 84' lang='grc' dir='ltr'><strong>ἀπολαύσας,</strong></span> <span class='ocrx_word' id='word_1_428' title='bbox 2574 2733 2705 2786; x_wconf 83' lang='grc' dir='ltr'><strong>ἄνευ</strong></span> <span class='ocrx_word' id='word_1_429' title='bbox 2741 2732 2839 2786; x_wconf 86' lang='grc' dir='ltr'><strong>τοῦ</strong></span> <span class='ocrx_word' id='word_1_430' title='bbox 2872 2733 3163 2804; x_wconf 77' lang='grc' dir='ltr'><strong>ῦπερέχειν</strong></span> <span class='ocrx_word' id='word_1_431' title='bbox 3194 2734 3249 2784; x_wconf 74' lang='grc' dir='ltr'><strong>ὲν</strong></span> <span class='ocrx_word' id='word_1_432' title='bbox 3281 2733 3356 2800; x_wconf 85' lang='grc' dir='ltr'><strong>τῷ</strong></span> <span class='ocrx_word' id='word_1_433' title='bbox 3390 2750 3492 2802; x_wconf 77' lang='grc' dir='ltr'><strong>μα.</strong></span> 
     </span>
    </p>
   </div>
   <div class='ocr_carea' id='block_1_57' title="bbox 1922 2820 3491 2894">
    <p class='ocr_par' dir='ltr' id='par_1_57' title="bbox 1922 2820 3491 2894">
     <span class='ocr_line' id='line_1_57' title="bbox 1922 2820 3491 2894; baseline -0.002 -20"><span class='ocrx_word' id='word_1_434' title='bbox 1922 2820 2218 2892; x_wconf 85' lang='grc' dir='ltr'><strong>στραῖδιαῷ</strong></span> <span class='ocrx_word' id='word_1_435' title='bbox 2256 2822 2405 2887; x_wconf 79' lang='grc' dir='ltr'><strong>γένει</strong></span> <span class='ocrx_word' id='word_1_436' title='bbox 2451 2823 2554 2893; x_wconf 80' lang='grc' dir='ltr'><strong>τὴν</strong></span> <span class='ocrx_word' id='word_1_437' title='bbox 2592 2825 2774 2876; x_wconf 71' lang='grc' dir='ltr'><strong>πᾶσαν</strong></span> <span class='ocrx_word' id='word_1_438' title='bbox 2806 2823 2982 2894; x_wconf 75' lang='grc' dir='ltr'><strong>ἀρχὴν</strong></span> <span class='ocrx_word' id='word_1_439' title='bbox 3033 2823 3229 2876; x_wconf 83' lang='grc' dir='ltr'><strong>αὑτοῦ·</strong></span> <span class='ocrx_word' id='word_1_440' title='bbox 3277 2823 3359 2874; x_wconf 82' lang='grc' dir='ltr'><strong>δεῖ</strong></span> <span class='ocrx_word' id='word_1_441' title='bbox 3383 2824 3491 2891; x_wconf 67' lang='grc' dir='ltr'><strong>γᾶρ</strong></span> 
     </span>
    </p>
   </div>
   <div class='ocr_carea' id='block_1_58' title="bbox 1917 2915 3491 2986">
    <p class='ocr_par' dir='ltr' id='par_1_58' title="bbox 1917 2915 3491 2986">
     <span class='ocr_line' id='line_1_58' title="bbox 1917 2915 3491 2986; baseline 0 -20"><span class='ocrx_word' id='word_1_442' title='bbox 1917 2915 2028 2976; x_wconf 83' lang='grc' dir='ltr'><strong>τοῖς</strong></span> <span class='ocrx_word' id='word_1_443' title='bbox 2063 2915 2390 2984; x_wconf 78' lang='grc' dir='ltr'><strong>ἀρχομένοις</strong></span> <span class='ocrx_word' id='word_1_444' title='bbox 2423 2915 2802 2985; x_wconf 71' lang='grc' dir='ltr'><strong>ἐξομοιοῦσθαι</strong></span> <span class='ocrx_word' id='word_1_445' title='bbox 2833 2919 2945 2979; x_wconf 78' lang='grc' dir='ltr'><strong>τοῖς</strong></span> <span class='ocrx_word' id='word_1_446' title='bbox 2986 2916 3234 2986; x_wconf 78' lang='grc' dir='ltr'><strong>ἄρχουσι.</strong></span> <span class='ocrx_word' id='word_1_447' title='bbox 3274 2917 3381 2971; x_wconf 70' lang='grc' dir='ltr'><strong>Καὶ</strong></span> <span class='ocrx_word' id='word_1_448' title='bbox 3413 2916 3491 2984; x_wconf 69' lang='grc' dir='ltr'><strong>τῷ</strong></span> 
     </span>
    </p>
   </div>
   <div class='ocr_carea' id='block_1_59' title="bbox 1924 3006 3490 3080">
    <p class='ocr_par' dir='ltr' id='par_1_59' title="bbox 1924 3006 3490 3080">
     <span class='ocr_line' id='line_1_59' title="bbox 1924 3006 3490 3080; baseline 0 -20"><span class='ocrx_word' id='word_1_449' title='bbox 1924 3006 2248 3078; x_wconf 74' lang='grc' dir='ltr'><strong>Ἰανουαρίῳ</strong></span> <span class='ocrx_word' id='word_1_450' title='bbox 2296 3007 2461 3078; x_wconf 65' lang='grc'><strong>430</strong></span> <span class='ocrx_word' id='word_1_451' title='bbox 2497 3009 2632 3080; x_wconf 71' lang='grc' dir='ltr'><strong>μηνὶ</strong></span> <span class='ocrx_word' id='word_1_452' title='bbox 2660 3008 2752 3063; x_wconf 84' lang='grc' dir='ltr'><strong>τοῦ</strong></span> <span class='ocrx_word' id='word_1_453' title='bbox 2796 3009 2964 3062; x_wconf 85' lang='grc' dir='ltr'><strong>αὑτοῦ</strong></span> <span class='ocrx_word' id='word_1_454' title='bbox 3014 3009 3168 3073; x_wconf 77' lang='grc' dir='ltr'><strong>ἔτους</strong></span> <span class='ocrx_word' id='word_1_455' title='bbox 3201 3009 3298 3061; x_wconf 71' lang='grc' dir='ltr'><strong>καὶ</strong></span> <span class='ocrx_word' id='word_1_456' title='bbox 3327 3011 3352 3060; x_wconf 87' lang='grc' dir='ltr'><strong>ό</strong></span> <span class='ocrx_word' id='word_1_457' title='bbox 3392 3009 3490 3077; x_wconf 71' lang='grc' dir='ltr'><strong>τῆς</strong></span> 
     </span>
    </p>
   </div>
   <div class='ocr_carea' id='block_1_60' title="bbox 1930 3095 3488 3171">
    <p class='ocr_par' dir='ltr' id='par_1_60' title="bbox 1930 3095 3488 3171">
     <span class='ocr_line' id='line_1_60' title="bbox 1930 3095 3488 3171; baseline 0 -21"><span class='ocrx_word' id='word_1_458' title='bbox 1930 3095 2278 3160; x_wconf 78' lang='grc' dir='ltr'><strong>Ἀλσανιτξας</strong></span> <span class='ocrx_word' id='word_1_459' title='bbox 2327 3099 2596 3170; x_wconf 78' lang='grc' dir='ltr'><strong>αὐθέντης</strong></span> <span class='ocrx_word' id='word_1_460' title='bbox 2629 3101 2854 3170; x_wconf 73' lang='grc' dir='ltr'><strong>ὀνόματι</strong></span> <span class='ocrx_word' id='word_1_461' title='bbox 2891 3099 3212 3171; x_wconf 83' lang='grc' dir='ltr'><strong>Σκαντάρης</strong></span> <span class='ocrx_word' id='word_1_462' title='bbox 3256 3099 3488 3166; x_wconf 61' lang='grc' dir='ltr'><strong>τέθνηκε</strong></span> 
     </span>
    </p>
   </div>
   <div class='ocr_carea' id='block_1_61' title="bbox 236 3183 3488 3264">
    <p class='ocr_par' dir='ltr' id='par_1_61' title="bbox 236 3183 3488 3264">
     <span class='ocr_line' id='line_1_61' title="bbox 236 3183 3488 3264; baseline -0.002 -18"><span class='ocrx_word' id='word_1_463' title='bbox 236 3194 370 3264; x_wconf 78' lang='grc' dir='ltr'><strong>δρὸν</strong></span> <span class='ocrx_word' id='word_1_464' title='bbox 397 3192 586 3247; x_wconf 76' lang='grc' dir='ltr'><strong>αὐτοῦ.</strong></span> <span class='ocrx_word' id='word_1_465' title='bbox 616 3191 766 3246; x_wconf 75' lang='grc' dir='ltr'><strong>Ἰδὼν</strong></span> <span class='ocrx_word' id='word_1_466' title='bbox 793 3190 850 3243; x_wconf 67' lang='grc' dir='ltr'><strong>δὲ</strong></span> <span class='ocrx_word' id='word_1_467' title='bbox 873 3189 1068 3243; x_wconf 86' lang='grc' dir='ltr'><strong>τοῦτον</strong></span> <span class='ocrx_word' id='word_1_468' title='bbox 1093 3191 1120 3242; x_wconf 83' lang='grc' dir='ltr'><strong>ὁ</strong></span> <span class='ocrx_word' id='word_1_469' title='bbox 1154 3188 1377 3258; x_wconf 81' lang='grc' dir='ltr'><strong>ἀμηρᾶς</strong></span> <span class='ocrx_word' id='word_1_470' title='bbox 1401 3187 1812 3258; x_wconf 85' lang='grc' dir='ltr'><strong>περιπατοῦντα</strong></span> <span class='ocrx_word' id='word_1_471' title='bbox 1838 3183 1884 3248; x_wconf 86' lang='lat' dir='ltr'><strong><em>C</em></strong></span> <span class='ocrx_word' id='word_1_472' title='bbox 1917 3189 2134 3259; x_wconf 78' lang='grc' dir='ltr'><strong>φυσικῷ</strong></span> <span class='ocrx_word' id='word_1_473' title='bbox 2169 3190 2406 3260; x_wconf 76' lang='grc' dir='ltr'><strong>θανάτῳ,</strong></span> <span class='ocrx_word' id='word_1_474' title='bbox 2441 3192 2537 3245; x_wconf 73' lang='grc' dir='ltr'><strong>καὶ</strong></span> <span class='ocrx_word' id='word_1_475' title='bbox 2566 3191 2626 3245; x_wconf 82' lang='grc' dir='ltr'><strong>τὸ</strong></span> <span class='ocrx_word' id='word_1_476' title='bbox 2661 3192 2760 3262; x_wconf 76' lang='grc' dir='ltr'><strong>μὲν</strong></span> <span class='ocrx_word' id='word_1_477' title='bbox 2793 3193 2884 3246; x_wconf 83' lang='grc' dir='ltr'><strong>τοῦ</strong></span> <span class='ocrx_word' id='word_1_478' title='bbox 2920 3193 3092 3246; x_wconf 89' lang='grc' dir='ltr'><strong>τόπου</strong></span> <span class='ocrx_word' id='word_1_479' title='bbox 3131 3193 3226 3245; x_wconf 74' lang='grc' dir='ltr'><strong>καὶ</strong></span> <span class='ocrx_word' id='word_1_480' title='bbox 3251 3192 3349 3261; x_wconf 74' lang='grc' dir='ltr'><strong>τῆς</strong></span> <span class='ocrx_word' id='word_1_481' title='bbox 3389 3191 3488 3243; x_wconf 86' lang='grc' dir='ltr'><strong>αὑ-</strong></span> 
     </span>
    </p>
   </div>
   <div class='ocr_carea' id='block_1_62' title="bbox 235 3271 1804 3362">
    <p class='ocr_par' dir='ltr' id='par_1_62' title="bbox 235 3271 1804 3362">
     <span class='ocr_line' id='line_1_62' title="bbox 235 3271 1804 3362; baseline -0.007 -24"><span class='ocrx_word' id='word_1_482' title='bbox 235 3283 484 3355; x_wconf 75' lang='grc' dir='ltr'><strong>ὲλυπηθη</strong></span> <span class='ocrx_word' id='word_1_483' title='bbox 520 3282 748 3352; x_wconf 78' lang='grc' dir='ltr'><strong>σφόδρα,</strong></span> <span class='ocrx_word' id='word_1_484' title='bbox 771 3271 883 3333; x_wconf 66' lang='grc' dir='ltr'><strong>’καὶ</strong></span> <span class='ocrx_word' id='word_1_485' title='bbox 920 3278 1121 3351; x_wconf 81' lang='grc' dir='ltr'><strong>μᾶλλον</strong></span> <span class='ocrx_word' id='word_1_486' title='bbox 1162 3275 1582 3362; x_wconf 57' lang='grc' dir='ltr'><strong>σπλαγχνισθεὶς</strong></span> <span class='ocrx_word' id='word_1_487' title='bbox 1625 3276 1685 3329; x_wconf 82' lang='grc' dir='ltr'><strong>τὸ</strong></span> <span class='ocrx_word' id='word_1_488' title='bbox 1705 3277 1804 3347; x_wconf 77' lang='grc' dir='ltr'><strong>γῆ-</strong></span> 
     </span>
    </p>
   </div>
   <div class='ocr_carea' id='block_1_63' title="bbox 232 3456 1805 3531">
    <p class='ocr_par' dir='ltr' id='par_1_63' title="bbox 232 3456 1805 3531">
     <span class='ocr_line' id='line_1_63' title="bbox 232 3456 1805 3531; baseline -0.003 -15"><span class='ocrx_word' id='word_1_489' title='bbox 232 3461 376 3531; x_wconf 89' lang='lat' dir='ltr'><strong>ejus,</strong></span> <span class='ocrx_word' id='word_1_490' title='bbox 405 3461 496 3530; x_wconf 88' lang='lat' dir='ltr'><strong>qui</strong></span> <span class='ocrx_word' id='word_1_491' title='bbox 525 3459 766 3514; x_wconf 74' lang='lat' dir='ltr'><strong>oderunt</strong></span> <span class='ocrx_word' id='word_1_492' title='bbox 786 3472 933 3513; x_wconf 90' lang='lat' dir='ltr'><strong>eum.</strong></span> <span class='ocrx_word' id='word_1_493' title='bbox 970 3474 991 3508; x_wconf 79' lang='grc' dir='ltr'><strong>ι</strong></span> <span class='ocrx_word' id='word_1_494' title='bbox 1021 3456 1165 3523; x_wconf 73' lang='lat' dir='ltr'><strong>Mox,</strong></span> <span class='ocrx_word' id='word_1_495' title='bbox 1199 3465 1258 3511; x_wconf 91' lang='lat' dir='ltr'><strong>ut</strong></span> <span class='ocrx_word' id='word_1_496' title='bbox 1281 3471 1312 3511; x_wconf 91' lang='lat' dir='ltr'><strong>e</strong></span> <span class='ocrx_word' id='word_1_497' title='bbox 1343 3456 1670 3526; x_wconf 80' lang='lat' dir='ltr'><strong>quibusdam</strong></span> <span class='ocrx_word' id='word_1_498' title='bbox 1708 3471 1805 3512; x_wconf 80' lang='lat' dir='ltr'><strong>co-</strong></span> 
     </span>
    </p>
   </div>
   <div class='ocr_carea' id='block_1_64' title="bbox 230 3547 1803 3624">
    <p class='ocr_par' dir='ltr' id='par_1_64' title="bbox 230 3547 1803 3624">
     <span class='ocr_line' id='line_1_64' title="bbox 230 3547 1803 3624; baseline -0.001 -18"><span class='ocrx_word' id='word_1_499' title='bbox 230 3552 416 3624; x_wconf 86' lang='lat' dir='ltr'><strong>gnovi,</strong></span> <span class='ocrx_word' id='word_1_500' title='bbox 443 3551 741 3606; x_wconf 85' lang='lat' dir='ltr'><strong>Demetrius</strong></span> <span class='ocrx_word' id='word_1_501' title='bbox 771 3549 1016 3620; x_wconf 84' lang='lat' dir='ltr'><strong>despota,</strong></span> <span class='ocrx_word' id='word_1_502' title='bbox 1074 3565 1182 3604; x_wconf 86' lang='lat' dir='ltr'><strong>non</strong></span> <span class='ocrx_word' id='word_1_503' title='bbox 1203 3547 1316 3617; x_wconf 87' lang='lat' dir='ltr'><strong>jam</strong></span> <span class='ocrx_word' id='word_1_504' title='bbox 1371 3550 1584 3603; x_wconf 62' lang='lat' dir='ltr'><strong>militiae</strong></span> <span class='ocrx_word' id='word_1_505' title='bbox 1627 3551 1803 3604; x_wconf 89' lang='lat' dir='ltr'><strong>mole-</strong></span> 
     </span>
    </p>
   </div>
   <div class='ocr_carea' id='block_1_65' title="bbox 227 3643 1800 3708">
    <p class='ocr_par' dir='ltr' id='par_1_65' title="bbox 227 3643 1800 3708">
     <span class='ocr_line' id='line_1_65' title="bbox 227 3643 1800 3708; baseline -0.002 -7"><span class='ocrx_word' id='word_1_506' title='bbox 227 3647 393 3701; x_wconf 86' lang='lat' dir='ltr'><strong>stiam</strong></span> <span class='ocrx_word' id='word_1_507' title='bbox 413 3654 780 3708; x_wconf 85' lang='lat' dir='ltr'><strong>sustenturus,</strong></span> <span class='ocrx_word' id='word_1_508' title='bbox 797 3657 994 3698; x_wconf 73' lang='lat' dir='ltr'><strong>amem</strong></span> <span class='ocrx_word' id='word_1_509' title='bbox 1011 3643 1218 3698; x_wconf 87' lang='lat' dir='ltr'><strong>reditus</strong></span> <span class='ocrx_word' id='word_1_510' title='bbox 1245 3643 1460 3699; x_wconf 88' lang='lat' dir='ltr'><strong>remisit</strong></span> <span class='ocrx_word' id='word_1_511' title='bbox 1482 3643 1568 3699; x_wconf 87' lang='lat' dir='ltr'><strong>bis</strong></span> <span class='ocrx_word' id='word_1_512' title='bbox 1587 3643 1800 3699; x_wconf 77' lang='lat' dir='ltr'><strong>verbis:</strong></span> 
     </span>
    </p>
   </div>
   <div class='ocr_carea' id='block_1_66' title="bbox 233 3736 1806 3805">
    <p class='ocr_par' dir='ltr' id='par_1_66' title="bbox 233 3736 1806 3805">
     <span class='ocr_line' id='line_1_66' title="bbox 233 3736 1806 3805; baseline -0.001 -14"><span class='ocrx_word' id='word_1_513' title='bbox 233 3736 450 3793; x_wconf 63' lang='lat' dir='ltr'><strong>«Senex</strong></span> <span class='ocrx_word' id='word_1_514' title='bbox 481 3753 600 3794; x_wconf 84' lang='lat' dir='ltr'><strong>sum</strong></span> <span class='ocrx_word' id='word_1_515' title='bbox 637 3745 693 3793; x_wconf 89' lang='lat' dir='ltr'><strong>et</strong></span> <span class='ocrx_word' id='word_1_516' title='bbox 722 3737 999 3802; x_wconf 81' lang='lat' dir='ltr'><strong>inﬁrmus,</strong></span> <span class='ocrx_word' id='word_1_517' title='bbox 1030 3745 1085 3791; x_wconf 89' lang='lat' dir='ltr'><strong>et</strong></span> <span class='ocrx_word' id='word_1_518' title='bbox 1133 3736 1356 3800; x_wconf 86' lang='lat' dir='ltr'><strong>occidit,</strong></span> <span class='ocrx_word' id='word_1_519' title='bbox 1404 3737 1497 3805; x_wconf 87' lang='lat' dir='ltr'><strong>qui</strong></span> <span class='ocrx_word' id='word_1_520' title='bbox 1521 3736 1618 3791; x_wconf 90' lang='lat' dir='ltr'><strong>tibi</strong></span> <span class='ocrx_word' id='word_1_521' title='bbox 1685 3752 1806 3790; x_wconf 46' lang='lat' dir='ltr'><strong>scr-</strong></span> 
     </span>
    </p>
   </div>
   <div class='ocr_carea' id='block_1_67' title="bbox 224 3827 1800 3901">
    <p class='ocr_par' dir='ltr' id='par_1_67' title="bbox 224 3827 1800 3901">
     <span class='ocr_line' id='line_1_67' title="bbox 224 3827 1800 3901; baseline -0.003 -15"><span class='ocrx_word' id='word_1_522' title='bbox 224 3831 433 3886; x_wconf 77' lang='lat' dir='ltr'><strong>viebat.</strong></span> <span class='ocrx_word' id='word_1_523' title='bbox 453 3830 642 3901; x_wconf 85' lang='lat' dir='ltr'><strong>Itaque</strong></span> <span class='ocrx_word' id='word_1_524' title='bbox 678 3829 847 3884; x_wconf 86' lang='lat' dir='ltr'><strong>multa</strong></span> <span class='ocrx_word' id='word_1_525' title='bbox 870 3828 992 3882; x_wconf 69' lang='lat' dir='ltr'><strong>haec</strong></span> <span class='ocrx_word' id='word_1_526' title='bbox 1049 3827 1306 3898; x_wconf 85' lang='lat' dir='ltr'><strong>pecunia,</strong></span> <span class='ocrx_word' id='word_1_527' title='bbox 1357 3842 1468 3898; x_wconf 89' lang='lat' dir='ltr'><strong>quo</strong></span> <span class='ocrx_word' id='word_1_528' title='bbox 1517 3828 1636 3881; x_wconf 90' lang='lat' dir='ltr'><strong>loco</strong></span> <span class='ocrx_word' id='word_1_529' title='bbox 1698 3842 1800 3882; x_wconf 57' lang='lat' dir='ltr'><strong>vo.</strong></span> 
     </span>
    </p>
   </div>
   <div class='ocr_carea' id='block_1_68' title="bbox 227 3920 1799 3994">
    <p class='ocr_par' dir='ltr' id='par_1_68' title="bbox 227 3920 1799 3994">
     <span class='ocr_line' id='line_1_68' title="bbox 227 3920 1799 3994; baseline -0.003 -15"><span class='ocrx_word' id='word_1_530' title='bbox 227 3923 421 3988; x_wconf 89' lang='lat' dir='ltr'><strong>lueris,</strong></span> <span class='ocrx_word' id='word_1_531' title='bbox 459 3922 720 3992; x_wconf 73' lang='lat' dir='ltr'><strong>pendetur</strong></span> <span class='ocrx_word' id='word_1_532' title='bbox 749 3937 763 3975; x_wconf 89' lang='lat'><strong>:</strong></span> <span class='ocrx_word' id='word_1_533' title='bbox 797 3921 931 3975; x_wconf 87' lang='lat' dir='ltr'><strong>mihi</strong></span> <span class='ocrx_word' id='word_1_534' title='bbox 963 3921 1144 3985; x_wconf 85' lang='lat' dir='ltr'><strong>detur,</strong></span> <span class='ocrx_word' id='word_1_535' title='bbox 1175 3931 1441 3989; x_wconf 86' lang='lat' dir='ltr'><strong>quantum</strong></span> <span class='ocrx_word' id='word_1_536' title='bbox 1469 3921 1536 3975; x_wconf 87' lang='lat' dir='ltr'><strong>ad</strong></span> <span class='ocrx_word' id='word_1_537' title='bbox 1594 3920 1799 3994; x_wconf 70' lang='lat' dir='ltr'><strong>victum</strong></span> 
     </span>
    </p>
   </div>
   <div class='ocr_carea' id='block_1_69' title="bbox 225 4011 1806 4082">
    <p class='ocr_par' dir='ltr' id='par_1_69' title="bbox 225 4011 1806 4082">
     <span class='ocr_line' id='line_1_69' title="bbox 225 4011 1806 4082; baseline -0.003 -12"><span class='ocrx_word' id='word_1_538' title='bbox 225 4014 481 4079; x_wconf 81' lang='lat' dir='ltr'><strong>sulliciat,</strong></span> <span class='ocrx_word' id='word_1_539' title='bbox 513 4029 637 4067; x_wconf 92' lang='lat' dir='ltr'><strong>cum</strong></span> <span class='ocrx_word' id='word_1_540' title='bbox 674 4013 860 4082; x_wconf 83' lang='lat' dir='ltr'><strong>paucis</strong></span> <span class='ocrx_word' id='word_1_541' title='bbox 882 4011 971 4067; x_wconf 90' lang='lat' dir='ltr'><strong>hic</strong></span> <span class='ocrx_word' id='word_1_542' title='bbox 1003 4012 1244 4082; x_wconf 86' lang='lat' dir='ltr'><strong>degenti.</strong></span> <span class='ocrx_word' id='word_1_543' title='bbox 1273 4030 1292 4062; x_wconf 79' lang='grc' dir='ltr'><strong>ι</strong></span> <span class='ocrx_word' id='word_1_544' title='bbox 1329 4011 1626 4082; x_wconf 80' lang='lat' dir='ltr'><strong>Respondit</strong></span> <span class='ocrx_word' id='word_1_545' title='bbox 1655 4026 1806 4066; x_wconf 82' lang='lat' dir='ltr'><strong>ame-</strong></span> 
     </span>
    </p>
   </div>
   <div class='ocr_carea' id='block_1_70' title="bbox 225 4102 1802 4182">
    <p class='ocr_par' dir='ltr' id='par_1_70' title="bbox 225 4102 1802 4182">
     <span class='ocr_line' id='line_1_70' title="bbox 225 4102 1802 4182; baseline -0.003 -20"><span class='ocrx_word' id='word_1_546' title='bbox 225 4121 321 4162; x_wconf 86' lang='lat' dir='ltr'><strong>ras</strong></span> <span class='ocrx_word' id='word_1_547' title='bbox 356 4124 371 4160; x_wconf 86' lang='lat'><strong>:</strong></span> <span class='ocrx_word' id='word_1_548' title='bbox 416 4107 589 4182; x_wconf 65' lang='lat' dir='ltr'><strong>«pene</strong></span> <span class='ocrx_word' id='word_1_549' title='bbox 620 4119 706 4159; x_wconf 88' lang='lat' dir='ltr'><strong>res</strong></span> <span class='ocrx_word' id='word_1_550' title='bbox 729 4103 891 4158; x_wconf 85' lang='lat' dir='ltr'><strong>habet</strong></span> <span class='ocrx_word' id='word_1_551' title='bbox 927 4119 944 4158; x_wconf 87' lang='lat'><strong>:</strong></span> <span class='ocrx_word' id='word_1_552' title='bbox 975 4111 1227 4174; x_wconf 85' lang='lat' dir='ltr'><strong>segreget</strong></span> <span class='ocrx_word' id='word_1_553' title='bbox 1250 4103 1478 4172; x_wconf 85' lang='lat' dir='ltr'><strong>despota</strong></span> <span class='ocrx_word' id='word_1_554' title='bbox 1525 4118 1556 4157; x_wconf 92' lang='lat' dir='ltr'><strong>a</strong></span> <span class='ocrx_word' id='word_1_555' title='bbox 1593 4117 1654 4158; x_wconf 81' lang='lat' dir='ltr'><strong>se</strong></span> <span class='ocrx_word' id='word_1_556' title='bbox 1675 4102 1802 4158; x_wconf 89' lang='lat' dir='ltr'><strong>licet</strong></span> 
     </span>
    </p>
   </div>
   <div class='ocr_carea' id='block_1_71' title="bbox 225 4194 1799 4266">
    <p class='ocr_par' dir='ltr' id='par_1_71' title="bbox 225 4194 1799 4266">
     <span class='ocr_line' id='line_1_71' title="bbox 225 4194 1799 4266; baseline -0.003 -15"><span class='ocrx_word' id='word_1_557' title='bbox 225 4211 369 4266; x_wconf 85' lang='lat' dir='ltr'><strong>quos</strong></span> <span class='ocrx_word' id='word_1_558' title='bbox 401 4196 477 4250; x_wconf 90' lang='lat' dir='ltr'><strong>illi</strong></span> <span class='ocrx_word' id='word_1_559' title='bbox 540 4195 750 4265; x_wconf 86' lang='lat' dir='ltr'><strong>placet;</strong></span> <span class='ocrx_word' id='word_1_560' title='bbox 786 4212 805 4246; x_wconf 77' lang='grc' dir='ltr'><strong>ι</strong></span> <span class='ocrx_word' id='word_1_561' title='bbox 845 4194 1105 4264; x_wconf 74' lang='lat' dir='ltr'><strong>deditque</strong></span> <span class='ocrx_word' id='word_1_562' title='bbox 1169 4201 1464 4264; x_wconf 77' lang='lat' dir='ltr'><strong>segregate</strong></span> <span class='ocrx_word' id='word_1_563' title='bbox 1511 4207 1799 4262; x_wconf 88' lang='lat' dir='ltr'><strong>asprorum</strong></span> 
     </span>
    </p>
   </div>
   <div class='ocr_carea' id='block_1_72' title="bbox 225 4283 1796 4357">
    <p class='ocr_par' dir='ltr' id='par_1_72' title="bbox 225 4283 1796 4357">
     <span class='ocr_line' id='line_1_72' title="bbox 225 4283 1796 4357; baseline -0.003 -15"><span class='ocrx_word' id='word_1_564' title='bbox 225 4288 622 4357; x_wconf 83' lang='lat' dir='ltr'><strong>quinquaginta</strong></span> <span class='ocrx_word' id='word_1_565' title='bbox 654 4287 846 4350; x_wconf 87' lang='lat' dir='ltr'><strong>millia,</strong></span> <span class='ocrx_word' id='word_1_566' title='bbox 879 4300 910 4338; x_wconf 91' lang='lat' dir='ltr'><strong>e</strong></span> <span class='ocrx_word' id='word_1_567' title='bbox 951 4284 1308 4354; x_wconf 78' lang='lat' dir='ltr'><strong>vectigalibus</strong></span> <span class='ocrx_word' id='word_1_568' title='bbox 1330 4284 1714 4339; x_wconf 80' lang='lat' dir='ltr'><strong>frumentariis</strong></span> <span class='ocrx_word' id='word_1_569' title='bbox 1745 4283 1796 4338; x_wconf 90' lang='lat' dir='ltr'><strong>ei</strong></span> 
     </span>
    </p>
   </div>
   <div class='ocr_carea' id='block_1_73' title="bbox 223 4375 1798 4452">
    <p class='ocr_par' dir='ltr' id='par_1_73' title="bbox 223 4375 1798 4452">
     <span class='ocr_line' id='line_1_73' title="bbox 223 4375 1798 4452; baseline -0.002 -18"><span class='ocrx_word' id='word_1_570' title='bbox 223 4379 534 4452; x_wconf 75' lang='lat' dir='ltr'><strong>pendentia,</strong></span> <span class='ocrx_word' id='word_1_571' title='bbox 560 4379 835 4450; x_wconf 87' lang='lat' dir='ltr'><strong>plerisque</strong></span> <span class='ocrx_word' id='word_1_572' title='bbox 873 4375 1140 4432; x_wconf 85' lang='lat' dir='ltr'><strong>ministris</strong></span> <span class='ocrx_word' id='word_1_573' title='bbox 1201 4376 1324 4448; x_wconf 87' lang='lat' dir='ltr'><strong>ejus</strong></span> <span class='ocrx_word' id='word_1_574' title='bbox 1387 4375 1543 4448; x_wconf 88' lang='lat' dir='ltr'><strong>Cpoli</strong></span> <span class='ocrx_word' id='word_1_575' title='bbox 1597 4377 1798 4444; x_wconf 87' lang='lat' dir='ltr'><strong>degere</strong></span> 
     </span>
    </p>
   </div>
   <div class='ocr_carea' id='block_1_74' title="bbox 219 4467 1796 4542">
    <p class='ocr_par' dir='ltr' id='par_1_74' title="bbox 219 4467 1796 4542">
     <span class='ocr_line' id='line_1_74' title="bbox 219 4467 1796 4542; baseline -0.004 -16"><span class='ocrx_word' id='word_1_576' title='bbox 219 4471 413 4542; x_wconf 81' lang='lat' dir='ltr'><strong>jussis.</strong></span> <span class='ocrx_word' id='word_1_577' title='bbox 445 4471 550 4525; x_wconf 77' lang='lat' dir='ltr'><strong>Alii</strong></span> <span class='ocrx_word' id='word_1_578' title='bbox 600 4485 713 4525; x_wconf 89' lang='lat' dir='ltr'><strong>rem</strong></span> <span class='ocrx_word' id='word_1_579' title='bbox 761 4469 922 4524; x_wconf 84' lang='lat' dir='ltr'><strong>aliter</strong></span> <span class='ocrx_word' id='word_1_580' title='bbox 978 4479 1251 4522; x_wconf 87' lang='lat' dir='ltr'><strong>narrant:</strong></span> <span class='ocrx_word' id='word_1_581' title='bbox 1313 4483 1510 4537; x_wconf 85' lang='lat' dir='ltr'><strong>nempe</strong></span> <span class='ocrx_word' id='word_1_582' title='bbox 1552 4467 1796 4522; x_wconf 84' lang='lat' dir='ltr'><strong>omnium</strong></span> 
     </span>
    </p>
   </div>
   <div class='ocr_carea' id='block_1_75' title="bbox 224 4558 1880 4656">
    <p class='ocr_par' dir='ltr' id='par_1_75' title="bbox 224 4558 1880 4656">
     <span class='ocr_line' id='line_1_75' title="bbox 224 4558 1880 4656; baseline -0.005 -36"><span class='ocrx_word' id='word_1_583' title='bbox 224 4563 497 4620; x_wconf 84' lang='lat' dir='ltr'><strong>malorum</strong></span> <span class='ocrx_word' id='word_1_584' title='bbox 525 4568 806 4615; x_wconf 85' lang='lat' dir='ltr'><strong>auctorem</strong></span> <span class='ocrx_word' id='word_1_585' title='bbox 853 4558 1166 4613; x_wconf 77' lang='lat' dir='ltr'><strong>Mattlueum</strong></span> <span class='ocrx_word' id='word_1_586' title='bbox 1218 4559 1455 4645; x_wconf 77' lang='lat' dir='ltr'><strong>Asanern</strong></span> <span class='ocrx_word' id='word_1_587' title='bbox 1494 4573 1620 4613; x_wconf 90' lang='lat' dir='ltr'><strong>cum</strong></span> <span class='ocrx_word' id='word_1_588' title='bbox 1675 4559 1796 4627; x_wconf 85' lang='lat' dir='ltr'><strong>qni-</strong></span> <span class='ocrx_word' id='word_1_589' title='bbox 1832 4599 1880 4656; x_wconf 82' lang='lat' dir='ltr'>D</span> 
     </span>
    </p>
   </div>
   <div class='ocr_carea' id='block_1_76' title="bbox 222 4634 1792 4722">
    <p class='ocr_par' dir='ltr' id='par_1_76' title="bbox 222 4634 1792 4722">
     <span class='ocr_line' id='line_1_76' title="bbox 222 4634 1792 4722; baseline -0.004 -12"><span class='ocrx_word' id='word_1_590' title='bbox 222 4653 485 4717; x_wconf 82' lang='lat' dir='ltr'><strong>busdam,</strong></span> <span class='ocrx_word' id='word_1_591' title='bbox 543 4651 638 4722; x_wconf 85' lang='lat' dir='ltr'><strong>qui</strong></span> <span class='ocrx_word' id='word_1_592' title='bbox 714 4650 920 4704; x_wconf 83' lang='lat' dir='ltr'><strong>salinas</strong></span> <span class='ocrx_word' id='word_1_593' title='bbox 960 4649 1092 4703; x_wconf 64' lang='grc' dir='ltr'><strong>Δειιὶ</strong></span> <span class='ocrx_word' id='word_1_594' title='bbox 1141 4634 1441 4712; x_wconf 45' lang='lat' dir='ltr'><strong>tenebant...</strong></span> <span class='ocrx_word' id='word_1_595' title='bbox 1529 4651 1792 4718; x_wconf 82' lang='lat' dir='ltr'><strong>pecunias</strong></span> 
     </span>
    </p>
   </div>
   <div class='ocr_carea' id='block_1_77' title="bbox 223 4737 1804 4814">
    <p class='ocr_par' dir='ltr' id='par_1_77' title="bbox 223 4737 1804 4814">
     <span class='ocr_line' id='line_1_77' title="bbox 223 4737 1804 4814; baseline -0.004 -15"><span class='ocrx_word' id='word_1_596' title='bbox 223 4743 491 4814; x_wconf 87' lang='lat' dir='ltr'><strong>quasdam</strong></span> <span class='ocrx_word' id='word_1_597' title='bbox 516 4743 757 4796; x_wconf 81' lang='lat' dir='ltr'><strong>furatum</strong></span> <span class='ocrx_word' id='word_1_598' title='bbox 787 4754 930 4800; x_wconf 84' lang='lat' dir='ltr'><strong>esse.</strong></span> <span class='ocrx_word' id='word_1_599' title='bbox 953 4738 1128 4794; x_wconf 88' lang='lat' dir='ltr'><strong>inscio</strong></span> <span class='ocrx_word' id='word_1_600' title='bbox 1144 4740 1396 4808; x_wconf 79' lang='lat' dir='ltr'><strong>deSpota.</strong></span> <span class='ocrx_word' id='word_1_601' title='bbox 1425 4737 1482 4791; x_wconf 85' lang='lat' dir='ltr'><strong>ld</strong></span> <span class='ocrx_word' id='word_1_602' title='bbox 1527 4740 1618 4794; x_wconf 89' lang='lat' dir='ltr'><strong>ubi</strong></span> <span class='ocrx_word' id='word_1_603' title='bbox 1648 4755 1804 4794; x_wconf 86' lang='lat' dir='ltr'><strong>com-</strong></span> 
     </span>
    </p>
   </div>
   <div class='ocr_carea' id='block_1_78' title="bbox 221 4829 1798 4908">
    <p class='ocr_par' dir='ltr' id='par_1_78' title="bbox 221 4829 1798 4908">
     <span class='ocr_line' id='line_1_78' title="bbox 221 4829 1798 4908; baseline -0.003 -18"><span class='ocrx_word' id='word_1_604' title='bbox 221 4837 463 4908; x_wconf 86' lang='lat' dir='ltr'><strong>perisset</strong></span> <span class='ocrx_word' id='word_1_605' title='bbox 509 4847 764 4892; x_wconf 86' lang='lat' dir='ltr'><strong>ameras,</strong></span> <span class='ocrx_word' id='word_1_606' title='bbox 825 4829 1070 4884; x_wconf 89' lang='lat' dir='ltr'><strong>voluisse</strong></span> <span class='ocrx_word' id='word_1_607' title='bbox 1135 4842 1263 4882; x_wconf 87' lang='lat' dir='ltr'><strong>eum</strong></span> <span class='ocrx_word' id='word_1_608' title='bbox 1318 4830 1556 4885; x_wconf 81' lang='lat' dir='ltr'><strong>Asanem</strong></span> <span class='ocrx_word' id='word_1_609' title='bbox 1642 4831 1798 4886; x_wconf 89' lang='lat' dir='ltr'><strong>illum</strong></span> 
     </span>
    </p>
   </div>
   <div class='ocr_carea' id='block_1_79' title="bbox 222 4915 1803 4990">
    <p class='ocr_par' dir='ltr' id='par_1_79' title="bbox 222 4915 1803 4990">
     <span class='ocr_line' id='line_1_79' title="bbox 222 4915 1803 4990; baseline -0.002 -13"><span class='ocrx_word' id='word_1_610' title='bbox 222 4921 690 4990; x_wconf 83' lang='lat' dir='ltr'><strong>comprehendere</strong></span> <span class='ocrx_word' id='word_1_611' title='bbox 743 4926 798 4971; x_wconf 86' lang='lat' dir='ltr'><strong>et</strong></span> <span class='ocrx_word' id='word_1_612' title='bbox 853 4916 978 4985; x_wconf 85' lang='lat' dir='ltr'><strong>palo</strong></span> <span class='ocrx_word' id='word_1_613' title='bbox 1039 4915 1410 4984; x_wconf 73' lang='lat' dir='ltr'><strong>transﬁgere:</strong></span> <span class='ocrx_word' id='word_1_614' title='bbox 1467 4920 1610 4973; x_wconf 88' lang='lat' dir='ltr'><strong>unde</strong></span> <span class='ocrx_word' id='word_1_615' title='bbox 1656 4931 1803 4974; x_wconf 89' lang='lat' dir='ltr'><strong>metu</strong></span> 
     </span>
    </p>
   </div>
   <div class='ocr_carea' id='block_1_80' title="bbox 221 5008 1806 5085">
    <p class='ocr_par' dir='ltr' id='par_1_80' title="bbox 221 5008 1806 5085">
     <span class='ocr_line' id='line_1_80' title="bbox 221 5008 1806 5085; baseline -0.006 -17"><span class='ocrx_word' id='word_1_616' title='bbox 221 5013 537 5085; x_wconf 86' lang='lat' dir='ltr'><strong>perculsum</strong></span> <span class='ocrx_word' id='word_1_617' title='bbox 571 5011 808 5067; x_wconf 80' lang='lat' dir='ltr'><strong>Asanem</strong></span> <span class='ocrx_word' id='word_1_618' title='bbox 859 5009 1008 5062; x_wconf 86' lang='lat' dir='ltr'><strong>illico</strong></span> <span class='ocrx_word' id='word_1_619' title='bbox 1045 5008 1372 5078; x_wconf 80' lang='lat' dir='ltr'><strong>exspirasse.</strong></span> <span class='ocrx_word' id='word_1_620' title='bbox 1423 5009 1675 5065; x_wconf 81' lang='lat' dir='ltr'><strong>Ameram</strong></span> <span class='ocrx_word' id='word_1_621' title='bbox 1712 5027 1806 5065; x_wconf 89' lang='lat' dir='ltr'><strong>an.</strong></span> 
     </span>
    </p>
   </div>
   <div class='ocr_carea' id='block_1_81' title="bbox 169 5103 1803 5178">
    <p class='ocr_par' dir='ltr' id='par_1_81' title="bbox 169 5103 1803 5178">
     <span class='ocr_line' id='line_1_81' title="bbox 169 5103 1803 5178; baseline -0.003 -14"><span class='ocrx_word' id='word_1_622' title='bbox 169 5117 171 5120; x_wconf 72' lang='lat'><em>‘</em></span> <span class='ocrx_word' id='word_1_623' title='bbox 223 5121 334 5166; x_wconf 89' lang='lat' dir='ltr'><strong>tem</strong></span> <span class='ocrx_word' id='word_1_624' title='bbox 368 5107 732 5178; x_wconf 86' lang='lat' dir='ltr'><strong>suspicatum,</strong></span> <span class='ocrx_word' id='word_1_625' title='bbox 761 5105 1044 5173; x_wconf 77' lang='lat' dir='ltr'><strong>despotam</strong></span> <span class='ocrx_word' id='word_1_626' title='bbox 1073 5103 1193 5173; x_wconf 87' lang='lat' dir='ltr'><strong>ejus</strong></span> <span class='ocrx_word' id='word_1_627' title='bbox 1225 5103 1441 5158; x_wconf 83' lang='lat' dir='ltr'><strong>consilii</strong></span> <span class='ocrx_word' id='word_1_628' title='bbox 1475 5104 1803 5174; x_wconf 86' lang='lat' dir='ltr'><strong>participem</strong></span> 
     </span>
    </p>
   </div>
   <div class='ocr_carea' id='block_1_82' title="bbox 220 5195 1806 5271">
    <p class='ocr_par' dir='ltr' id='par_1_82' title="bbox 220 5195 1806 5271">
     <span class='ocr_line' id='line_1_82' title="bbox 220 5195 1806 5271; baseline -0.006 -13"><span class='ocrx_word' id='word_1_629' title='bbox 220 5212 277 5258; x_wconf 85' lang='lat' dir='ltr'><strong>et</strong></span> <span class='ocrx_word' id='word_1_630' title='bbox 301 5201 430 5271; x_wconf 78' lang='lat' dir='ltr'><strong>fuga</strong></span> <span class='ocrx_word' id='word_1_631' title='bbox 459 5201 692 5254; x_wconf 84' lang='lat' dir='ltr'><strong>salutem</strong></span> <span class='ocrx_word' id='word_1_632' title='bbox 720 5196 1073 5266; x_wconf 72' lang='lat' dir='ltr'><strong>qua-siturum</strong></span> <span class='ocrx_word' id='word_1_633' title='bbox 1104 5209 1247 5259; x_wconf 85' lang='lat' dir='ltr'><strong>esse,</strong></span> <span class='ocrx_word' id='word_1_634' title='bbox 1297 5209 1446 5258; x_wconf 88' lang='lat' dir='ltr'><strong>eum,</strong></span> <span class='ocrx_word' id='word_1_635' title='bbox 1506 5195 1806 5266; x_wconf 83' lang='lat' dir='ltr'><strong>DidymOti-</strong></span> 
     </span>
    </p>
   </div>
   <div class='ocr_carea' id='block_1_83' title="bbox 223 5285 1805 5361">
    <p class='ocr_par' dir='ltr' id='par_1_83' title="bbox 223 5285 1805 5361">
     <span class='ocr_line' id='line_1_83' title="bbox 223 5285 1805 5361; baseline -0.004 -12"><span class='ocrx_word' id='word_1_636' title='bbox 223 5296 390 5350; x_wconf 89' lang='lat' dir='ltr'><strong>chum</strong></span> <span class='ocrx_word' id='word_1_637' title='bbox 423 5291 744 5361; x_wconf 84' lang='lat' dir='ltr'><strong>relegatum,</strong></span> <span class='ocrx_word' id='word_1_638' title='bbox 785 5286 938 5340; x_wconf 85' lang='lat' dir='ltr'><strong>omni</strong></span> <span class='ocrx_word' id='word_1_639' title='bbox 970 5285 1236 5354; x_wconf 83' lang='lat' dir='ltr'><strong>stipendio</strong></span> <span class='ocrx_word' id='word_1_640' title='bbox 1266 5285 1554 5356; x_wconf 78' lang='lat' dir='ltr'><strong>Spoliasse,</strong></span> <span class='ocrx_word' id='word_1_641' title='bbox 1619 5298 1672 5342; x_wconf 88' lang='lat' dir='ltr'><strong>ct</strong></span> <span class='ocrx_word' id='word_1_642' title='bbox 1732 5290 1805 5343; x_wconf 84' lang='lat' dir='ltr'><strong>ita</strong></span> 
     </span>
    </p>
   </div>
   <div class='ocr_carea' id='block_1_84' title="bbox 225 5379 1804 5447">
    <p class='ocr_par' dir='ltr' id='par_1_84' title="bbox 225 5379 1804 5447">
     <span class='ocr_line' id='line_1_84' title="bbox 225 5379 1804 5447; baseline -0.003 -6"><span class='ocrx_word' id='word_1_643' title='bbox 225 5385 369 5441; x_wconf 85' lang='lat' dir='ltr'><strong>male</strong></span> <span class='ocrx_word' id='word_1_644' title='bbox 401 5384 684 5436; x_wconf 87' lang='lat' dir='ltr'><strong>multasse.</strong></span> <span class='ocrx_word' id='word_1_645' title='bbox 723 5379 1011 5444; x_wconf 76' lang='lat' dir='ltr'><strong>Quondam</strong></span> <span class='ocrx_word' id='word_1_646' title='bbox 1049 5387 1257 5441; x_wconf 85' lang='lat' dir='ltr'><strong>autem.</strong></span> <span class='ocrx_word' id='word_1_647' title='bbox 1313 5394 1438 5432; x_wconf 89' lang='lat' dir='ltr'><strong>cum</strong></span> <span class='ocrx_word' id='word_1_648' title='bbox 1485 5396 1723 5447; x_wconf 77' lang='lat' dir='ltr'><strong>auteras,</strong></span> <span class='ocrx_word' id='word_1_649' title='bbox 1775 5398 1804 5436; x_wconf 87' lang='lat' dir='ltr'><strong>a</strong></span> 
     </span>
    </p>
   </div>
   <div class='ocr_carea' id='block_1_85' title="bbox 224 5470 1805 5543">
    <p class='ocr_par' dir='ltr' id='par_1_85' title="bbox 224 5470 1805 5543">
     <span class='ocr_line' id='line_1_85' title="bbox 224 5470 1805 5543; baseline -0.001 -13"><span class='ocrx_word' id='word_1_650' title='bbox 224 5476 521 5532; x_wconf 77' lang='lat' dir='ltr'><strong>venatione</strong></span> <span class='ocrx_word' id='word_1_651' title='bbox 553 5473 790 5534; x_wconf 87' lang='lat' dir='ltr'><strong>rediens,</strong></span> <span class='ocrx_word' id='word_1_652' title='bbox 823 5470 1159 5524; x_wconf 85' lang='lat' dir='ltr'><strong>transiturus</strong></span> <span class='ocrx_word' id='word_1_653' title='bbox 1219 5481 1386 5536; x_wconf 86' lang='lat' dir='ltr'><strong>esset,</strong></span> <span class='ocrx_word' id='word_1_654' title='bbox 1437 5474 1529 5527; x_wconf 90' lang='lat' dir='ltr'><strong>ubi</strong></span> <span class='ocrx_word' id='word_1_655' title='bbox 1577 5474 1805 5543; x_wconf 86' lang='lat' dir='ltr'><strong>despota</strong></span> 
     </span>
    </p>
   </div>
   <div class='ocr_carea' id='block_1_86' title="bbox 223 5561 1807 5633">
    <p class='ocr_par' dir='ltr' id='par_1_86' title="bbox 223 5561 1807 5633">
     <span class='ocr_line' id='line_1_86' title="bbox 223 5561 1807 5633; baseline -0.003 -7"><span class='ocrx_word' id='word_1_656' title='bbox 223 5569 460 5630; x_wconf 73' lang='lat' dir='ltr'><strong>viveret,</strong></span> <span class='ocrx_word' id='word_1_657' title='bbox 496 5566 641 5618; x_wconf 90' lang='lat' dir='ltr'><strong>hunc</strong></span> <span class='ocrx_word' id='word_1_658' title='bbox 677 5561 908 5633; x_wconf 79' lang='lat' dir='ltr'><strong>pedibus</strong></span> <span class='ocrx_word' id='word_1_659' title='bbox 933 5561 1150 5614; x_wconf 78' lang='lat' dir='ltr'><strong>obviam</strong></span> <span class='ocrx_word' id='word_1_660' title='bbox 1185 5564 1548 5631; x_wconf 78' lang='lat' dir='ltr'><strong>processisse.</strong></span> <span class='ocrx_word' id='word_1_661' title='bbox 1575 5576 1630 5621; x_wconf 89' lang='lat' dir='ltr'><strong>et</strong></span> <span class='ocrx_word' id='word_1_662' title='bbox 1655 5582 1807 5621; x_wconf 84' lang='lat' dir='ltr'><strong>ame-</strong></span> 
     </span>
    </p>
   </div>
   <div class='ocr_carea' id='block_1_87' title="bbox 228 5653 1804 5729">
    <p class='ocr_par' dir='ltr' id='par_1_87' title="bbox 228 5653 1804 5729">
     <span class='ocr_line' id='line_1_87' title="bbox 228 5653 1804 5729; baseline -0.003 -12"><span class='ocrx_word' id='word_1_663' title='bbox 228 5677 370 5725; x_wconf 84' lang='lat' dir='ltr'><strong>ram,</strong></span> <span class='ocrx_word' id='word_1_664' title='bbox 407 5671 669 5729; x_wconf 79' lang='lat' dir='ltr'><strong>generum</strong></span> <span class='ocrx_word' id='word_1_665' title='bbox 716 5669 902 5714; x_wconf 87' lang='lat' dir='ltr'><strong>suum.</strong></span> <span class='ocrx_word' id='word_1_666' title='bbox 927 5655 1218 5718; x_wconf 78' lang='lat' dir='ltr'><strong>adorasse;</strong></span> <span class='ocrx_word' id='word_1_667' title='bbox 1255 5653 1410 5707; x_wconf 91' lang='lat' dir='ltr'><strong>illum</strong></span> <span class='ocrx_word' id='word_1_668' title='bbox 1434 5671 1558 5710; x_wconf 87' lang='lat' dir='ltr'><strong>cum</strong></span> <span class='ocrx_word' id='word_1_669' title='bbox 1611 5660 1804 5712; x_wconf 82' lang='lat' dir='ltr'><strong>ambu-</strong></span> 
     </span>
    </p>
   </div>
   <div class='ocr_carea' id='block_1_88' title="bbox 234 5745 1808 5815">
    <p class='ocr_par' dir='ltr' id='par_1_88' title="bbox 234 5745 1808 5815">
     <span class='ocr_line' id='line_1_88' title="bbox 234 5745 1808 5815; baseline -0.001 -8"><span class='ocrx_word' id='word_1_670' title='bbox 234 5754 438 5808; x_wconf 87' lang='lat' dir='ltr'><strong>lantem</strong></span> <span class='ocrx_word' id='word_1_671' title='bbox 491 5763 618 5803; x_wconf 90' lang='lat' dir='ltr'><strong>eum</strong></span> <span class='ocrx_word' id='word_1_672' title='bbox 689 5745 919 5810; x_wconf 85' lang='lat' dir='ltr'><strong>videret,</strong></span> <span class='ocrx_word' id='word_1_673' title='bbox 974 5746 1328 5802; x_wconf 78' lang='lat' dir='ltr'><strong>vehementer</strong></span> <span class='ocrx_word' id='word_1_674' title='bbox 1389 5747 1689 5815; x_wconf 87' lang='lat' dir='ltr'><strong>tristatum,</strong></span> <span class='ocrx_word' id='word_1_675' title='bbox 1754 5760 1808 5806; x_wconf 89' lang='lat' dir='ltr'><strong>ct</strong></span> 
     </span>
    </p>
   </div>
   <div class='ocr_carea' id='block_1_89' title="bbox 232 5836 1806 5916">
    <p class='ocr_par' dir='ltr' id='par_1_89' title="bbox 232 5836 1806 5916">
     <span class='ocr_line' id='line_1_89' title="bbox 232 5836 1806 5916; baseline 0.002 -19"><span class='ocrx_word' id='word_1_676' title='bbox 232 5843 412 5916; x_wconf 83' lang='lat' dir='ltr'><strong>magis</strong></span> <span class='ocrx_word' id='word_1_677' title='bbox 456 5841 622 5900; x_wconf 87' lang='lat' dir='ltr'><strong>etiam</strong></span> <span class='ocrx_word' id='word_1_678' title='bbox 683 5836 928 5906; x_wconf 76' lang='lat' dir='ltr'><strong>ejusdem</strong></span> <span class='ocrx_word' id='word_1_679' title='bbox 979 5845 1316 5893; x_wconf 85' lang='lat' dir='ltr'><strong>senectutem</strong></span> <span class='ocrx_word' id='word_1_680' title='bbox 1362 5840 1806 5900; x_wconf 80' lang='lat' dir='ltr'><strong>commiseratum</strong></span> 
     </span>
    </p>
   </div>
   <div class='ocr_carea' id='block_1_90' title="bbox 568 5929 1220 5997">
    <p class='ocr_par' dir='ltr' id='par_1_90' title="bbox 568 5929 1220 5997">
     <span class='ocr_line' id='line_1_90' title="bbox 568 5929 1220 5997; baseline -0.011 0"><span class='ocrx_word' id='word_1_681' title='bbox 568 5937 842 5997; x_wconf 68' lang='lat' dir='ltr'><strong>Pamon.</strong></span> <span class='ocrx_word' id='word_1_682' title='bbox 883 5936 1000 5994; x_wconf 79' lang='lat' dir='ltr'><strong>Gn.</strong></span> <span class='ocrx_word' id='word_1_683' title='bbox 1045 5929 1220 5992; x_wconf 66' lang='lat' dir='ltr'><strong>CLVI</strong></span> 
     </span>
    </p>
   </div>
   <div class='ocr_carea' id='block_1_91' title="bbox 1911 3279 3488 3355">
    <p class='ocr_par' dir='ltr' id='par_1_91' title="bbox 1911 3279 3488 3355">
     <span class='ocr_line' id='line_1_91' title="bbox 1911 3279 3488 3355; baseline 0 -21"><span class='ocrx_word' id='word_1_684' title='bbox 1911 3279 2129 3346; x_wconf 79' lang='grc' dir='ltr'><strong>θεντίσς</strong></span> <span class='ocrx_word' id='word_1_685' title='bbox 2155 3283 2464 3354; x_wconf 77' lang='grc' dir='ltr'><strong>παρέλαϐεν</strong></span> <span class='ocrx_word' id='word_1_686' title='bbox 2490 3285 2522 3353; x_wconf 79' lang='grc' dir='ltr'>ἡ</span> <span class='ocrx_word' id='word_1_687' title='bbox 2549 3283 2812 3340; x_wconf 81' lang='grc' dir='ltr'><strong>αύθεντία</strong></span> <span class='ocrx_word' id='word_1_688' title='bbox 2835 3283 2936 3355; x_wconf 78' lang='grc' dir='ltr'><strong>τῆς</strong></span> <span class='ocrx_word' id='word_1_689' title='bbox 2978 3283 3244 3349; x_wconf 80' lang='grc' dir='ltr'><strong>Ἐνετίας,</strong></span> <span class='ocrx_word' id='word_1_690' title='bbox 3280 3284 3342 3335; x_wconf 80' lang='grc' dir='ltr'><strong>τὸ</strong></span> <span class='ocrx_word' id='word_1_691' title='bbox 3369 3283 3424 3335; x_wconf 76' lang='grc' dir='ltr'><strong>δὲ</strong></span> <span class='ocrx_word' id='word_1_692' title='bbox 3460 3285 3488 3335; x_wconf 81' lang='grc' dir='ltr'><strong>ό</strong></span> 
     </span>
    </p>
   </div>
   <div class='ocr_carea' id='block_1_92' title="bbox 1905 3459 3477 3532">
    <p class='ocr_par' dir='ltr' id='par_1_92' title="bbox 1905 3459 3477 3532">
     <span class='ocr_line' id='line_1_92' title="bbox 1905 3459 3477 3532; baseline -0.003 -16"><span class='ocrx_word' id='word_1_693' title='bbox 1905 3462 1972 3516; x_wconf 88' lang='lat' dir='ltr'><strong>de</strong></span> <span class='ocrx_word' id='word_1_694' title='bbox 1999 3460 2158 3532; x_wconf 88' lang='lat' dir='ltr'><strong>equis</strong></span> <span class='ocrx_word' id='word_1_695' title='bbox 2189 3459 2354 3532; x_wconf 84' lang='lat' dir='ltr'><strong>regiis</strong></span> <span class='ocrx_word' id='word_1_696' title='bbox 2417 3477 2591 3516; x_wconf 87' lang='lat' dir='ltr'><strong>unum</strong></span> <span class='ocrx_word' id='word_1_697' title='bbox 2635 3461 2686 3516; x_wconf 90' lang='lat' dir='ltr'><strong>ei</strong></span> <span class='ocrx_word' id='word_1_698' title='bbox 2743 3460 2971 3530; x_wconf 72' lang='lat' dir='ltr'><strong>przcberi</strong></span> <span class='ocrx_word' id='word_1_699' title='bbox 3014 3461 3302 3530; x_wconf 78' lang='lat' dir='ltr'><strong>jussisse:</strong></span> <span class='ocrx_word' id='word_1_700' title='bbox 3363 3474 3477 3527; x_wconf 88' lang='lat' dir='ltr'><strong>quo</strong></span> 
     </span>
    </p>
   </div>
   <div class='ocr_carea' id='block_1_93' title="bbox 1902 3554 3483 3624">
    <p class='ocr_par' dir='ltr' id='par_1_93' title="bbox 1902 3554 3483 3624">
     <span class='ocr_line' id='line_1_93' title="bbox 1902 3554 3483 3624; baseline 0.001 -17"><span class='ocrx_word' id='word_1_701' title='bbox 1902 3567 2262 3616; x_wconf 67' lang='lat' dir='ltr'><strong>conscenso.</strong></span> <span class='ocrx_word' id='word_1_702' title='bbox 2315 3554 2596 3623; x_wconf 83' lang='lat' dir='ltr'><strong>despotam</strong></span> <span class='ocrx_word' id='word_1_703' title='bbox 2657 3569 2782 3610; x_wconf 90' lang='lat' dir='ltr'><strong>cum</strong></span> <span class='ocrx_word' id='word_1_704' title='bbox 2838 3569 3020 3608; x_wconf 84' lang='lat' dir='ltr'><strong>atnera</strong></span> <span class='ocrx_word' id='word_1_705' title='bbox 3073 3554 3483 3624; x_wconf 67' lang='lat' dir='ltr'><strong>Ailrianopolim</strong></span> 
     </span>
    </p>
   </div>
   <div class='ocr_carea' id='block_1_94' title="bbox 1909 3645 3486 3716">
    <p class='ocr_par' dir='ltr' id='par_1_94' title="bbox 1909 3645 3486 3716">
     <span class='ocr_line' id='line_1_94' title="bbox 1909 3645 3486 3716; baseline 0 -18"><span class='ocrx_word' id='word_1_706' title='bbox 1909 3645 2135 3710; x_wconf 82' lang='lat' dir='ltr'><strong>abiisse,</strong></span> <span class='ocrx_word' id='word_1_707' title='bbox 2179 3645 2364 3716; x_wconf 87' lang='lat' dir='ltr'><strong>ibique</strong></span> <span class='ocrx_word' id='word_1_708' title='bbox 2403 3647 2458 3700; x_wconf 91' lang='lat' dir='ltr'><strong>in</strong></span> <span class='ocrx_word' id='word_1_709' title='bbox 2488 3649 2692 3701; x_wconf 85' lang='lat' dir='ltr'><strong>victum</strong></span> <span class='ocrx_word' id='word_1_710' title='bbox 2748 3647 3004 3701; x_wconf 82' lang='lat' dir='ltr'><strong>habuisse</strong></span> <span class='ocrx_word' id='word_1_711' title='bbox 3053 3661 3086 3700; x_wconf 88' lang='lat' dir='ltr'><strong>e</strong></span> <span class='ocrx_word' id='word_1_712' title='bbox 3130 3646 3486 3716; x_wconf 77' lang='lat' dir='ltr'><strong>vectigalibus</strong></span> 
     </span>
    </p>
   </div>
   <div class='ocr_carea' id='block_1_95' title="bbox 1907 3731 3485 3805">
    <p class='ocr_par' dir='ltr' id='par_1_95' title="bbox 1907 3731 3485 3805">
     <span class='ocr_line' id='line_1_95' title="bbox 1907 3731 3485 3805; baseline 0.001 -19"><span class='ocrx_word' id='word_1_713' title='bbox 1907 3731 2275 3789; x_wconf 76' lang='lat' dir='ltr'><strong>frumentariis</strong></span> <span class='ocrx_word' id='word_1_714' title='bbox 2333 3750 2618 3804; x_wconf 86' lang='lat' dir='ltr'><strong>asprorum</strong></span> <span class='ocrx_word' id='word_1_715' title='bbox 2643 3735 3040 3805; x_wconf 69' lang='lat' dir='ltr'><strong>quinquaginta</strong></span> <span class='ocrx_word' id='word_1_716' title='bbox 3082 3734 3274 3787; x_wconf 79' lang='lat' dir='ltr'><strong>millia.</strong></span> <span class='ocrx_word' id='word_1_717' title='bbox 3309 3736 3485 3802; x_wconf 81' lang='lat' dir='ltr'><strong>Atque</strong></span> 
     </span>
    </p>
   </div>
   <div class='ocr_carea' id='block_1_96' title="bbox 1909 3824 2953 3896">
    <p class='ocr_par' dir='ltr' id='par_1_96' title="bbox 1909 3824 2953 3896">
     <span class='ocr_line' id='line_1_96' title="bbox 1909 3824 2953 3896; baseline 0.002 -18"><span class='ocrx_word' id='word_1_718' title='bbox 1909 3825 2023 3880; x_wconf 70' lang='lat' dir='ltr'><strong>haec</strong></span> <span class='ocrx_word' id='word_1_719' title='bbox 2051 3824 2268 3896; x_wconf 88' lang='lat' dir='ltr'><strong>quidem</strong></span> <span class='ocrx_word' id='word_1_720' title='bbox 2310 3828 2554 3881; x_wconf 87' lang='lat' dir='ltr'><strong>narratio</strong></span> <span class='ocrx_word' id='word_1_721' title='bbox 2610 3827 2789 3880; x_wconf 86' lang='lat' dir='ltr'><strong>verior</strong></span> <span class='ocrx_word' id='word_1_722' title='bbox 2847 3837 2953 3880; x_wconf 86' lang='lat' dir='ltr'><strong>est.</strong></span> 
     </span>
    </p>
   </div>
   <div class='ocr_carea' id='block_1_97' title="bbox 1975 3916 3482 3988">
    <p class='ocr_par' dir='ltr' id='par_1_97' title="bbox 1975 3916 3482 3988">
     <span class='ocr_line' id='line_1_97' title="bbox 1975 3916 3482 3988; baseline -0.005 -16"><span class='ocrx_word' id='word_1_723' title='bbox 1975 3917 2186 3973; x_wconf 64' lang='lat' dir='ltr'><strong>Estate</strong></span> <span class='ocrx_word' id='word_1_724' title='bbox 2227 3918 2469 3988; x_wconf 84' lang='lat' dir='ltr'><strong>ejusdem</strong></span> <span class='ocrx_word' id='word_1_725' title='bbox 2493 3919 2621 3973; x_wconf 88' lang='lat' dir='ltr'><strong>anni</strong></span> <span class='ocrx_word' id='word_1_726' title='bbox 2638 3916 2872 3988; x_wconf 86' lang='lat' dir='ltr'><strong>Cpolim,</strong></span> <span class='ocrx_word' id='word_1_727' title='bbox 2897 3916 3339 3983; x_wconf 71' lang='lat' dir='ltr'><strong>Atlriannpnlim.</strong></span> <span class='ocrx_word' id='word_1_728' title='bbox 3359 3916 3482 3970; x_wconf 73' lang='lat' dir='ltr'><strong>Cal-</strong></span> 
     </span>
    </p>
   </div>
   <div class='ocr_carea' id='block_1_98' title="bbox 1905 4007 3482 4078">
    <p class='ocr_par' dir='ltr' id='par_1_98' title="bbox 1905 4007 3482 4078">
     <span class='ocr_line' id='line_1_98' title="bbox 1905 4007 3482 4078; baseline -0.001 -17"><span class='ocrx_word' id='word_1_729' title='bbox 1905 4007 2169 4076; x_wconf 87' lang='lat' dir='ltr'><strong>liopulirn,</strong></span> <span class='ocrx_word' id='word_1_730' title='bbox 2192 4019 2246 4064; x_wconf 80' lang='lat' dir='ltr'><strong>et</strong></span> <span class='ocrx_word' id='word_1_731' title='bbox 2269 4010 2532 4064; x_wconf 77' lang='lat' dir='ltr'><strong>ﬁnitimas</strong></span> <span class='ocrx_word' id='word_1_732' title='bbox 2557 4011 2716 4065; x_wconf 85' lang='lat' dir='ltr'><strong>nrbes</strong></span> <span class='ocrx_word' id='word_1_733' title='bbox 2735 4019 2790 4064; x_wconf 89' lang='lat' dir='ltr'><strong>et</strong></span> <span class='ocrx_word' id='word_1_734' title='bbox 2822 4012 2991 4074; x_wconf 85' lang='lat' dir='ltr'><strong>vicus,</strong></span> <span class='ocrx_word' id='word_1_735' title='bbox 3012 4009 3208 4078; x_wconf 76' lang='lat' dir='ltr'><strong>Oppida</strong></span> <span class='ocrx_word' id='word_1_736' title='bbox 3230 4019 3283 4061; x_wconf 88' lang='lat' dir='ltr'><strong>et</strong></span> <span class='ocrx_word' id='word_1_737' title='bbox 3311 4010 3482 4077; x_wconf 73' lang='lat' dir='ltr'><strong>regiu-</strong></span> 
     </span>
    </p>
   </div>
   <div class='ocr_carea' id='block_1_99' title="bbox 1907 4101 3482 4172">
    <p class='ocr_par' dir='ltr' id='par_1_99' title="bbox 1907 4101 3482 4172">
     <span class='ocr_line' id='line_1_99' title="bbox 1907 4101 3482 4172; baseline -0.003 -18"><span class='ocrx_word' id='word_1_738' title='bbox 1907 4116 2006 4156; x_wconf 70' lang='lat' dir='ltr'><strong>nes</strong></span> <span class='ocrx_word' id='word_1_739' title='bbox 2063 4101 2373 4169; x_wconf 73' lang='lat' dir='ltr'><strong>pestilentia</strong></span> <span class='ocrx_word' id='word_1_740' title='bbox 2414 4103 2634 4166; x_wconf 77' lang='lat' dir='ltr'><strong>invasit,</strong></span> <span class='ocrx_word' id='word_1_741' title='bbox 2677 4103 2857 4172; x_wconf 79' lang='lat' dir='ltr'><strong>qualis</strong></span> <span class='ocrx_word' id='word_1_742' title='bbox 2882 4104 3043 4172; x_wconf 88' lang='lat' dir='ltr'><strong>longo</strong></span> <span class='ocrx_word' id='word_1_743' title='bbox 3066 4105 3326 4170; x_wconf 77' lang='lat' dir='ltr'><strong>temporis</strong></span> <span class='ocrx_word' id='word_1_744' title='bbox 3358 4119 3419 4168; x_wconf 79' lang='lat' dir='ltr'><strong>sp</strong></span> <span class='ocrx_word' id='word_1_745' title='bbox 3441 4123 3482 4146; x_wconf 84' lang='grc' dir='ltr'><strong>ι-</strong></span> 
     </span>
    </p>
   </div>
   <div class='ocr_carea' id='block_1_100' title="bbox 1907 4195 3476 4264">
    <p class='ocr_par' dir='ltr' id='par_1_100' title="bbox 1907 4195 3476 4264">
     <span class='ocr_line' id='line_1_100' title="bbox 1907 4195 3476 4264; baseline -0.001 -17"><span class='ocrx_word' id='word_1_746' title='bbox 1907 4195 1985 4248; x_wconf 86' lang='lat' dir='ltr'><strong>lio</strong></span> <span class='ocrx_word' id='word_1_747' title='bbox 2013 4211 2121 4248; x_wconf 90' lang='lat' dir='ltr'><strong>non</strong></span> <span class='ocrx_word' id='word_1_748' title='bbox 2157 4195 2352 4259; x_wconf 89' lang='lat' dir='ltr'><strong>luerat,</strong></span> <span class='ocrx_word' id='word_1_749' title='bbox 2401 4195 2471 4247; x_wconf 88' lang='lat' dir='ltr'><strong>ita</strong></span> <span class='ocrx_word' id='word_1_750' title='bbox 2510 4204 2566 4248; x_wconf 91' lang='lat' dir='ltr'><strong>nt</strong></span> <span class='ocrx_word' id='word_1_751' title='bbox 2599 4197 2795 4249; x_wconf 85' lang='lat' dir='ltr'><strong>multas</strong></span> <span class='ocrx_word' id='word_1_752' title='bbox 2829 4197 3111 4248; x_wconf 89' lang='lat' dir='ltr'><strong>hominum</strong></span> <span class='ocrx_word' id='word_1_753' title='bbox 3182 4195 3476 4264; x_wconf 69' lang='grc' dir='ltr'><strong>ιιι)ἰ·ἱ;ιι1ι’δ,</strong></span> 
     </span>
    </p>
   </div>
   <div class='ocr_carea' id='block_1_101' title="bbox 1906 4285 3478 4354">
    <p class='ocr_par' dir='ltr' id='par_1_101' title="bbox 1906 4285 3478 4354">
     <span class='ocr_line' id='line_1_101' title="bbox 1906 4285 3478 4354; baseline -0.001 -14"><span class='ocrx_word' id='word_1_754' title='bbox 1906 4286 2102 4340; x_wconf 87' lang='lat' dir='ltr'><strong>nedum</strong></span> <span class='ocrx_word' id='word_1_755' title='bbox 2135 4285 2425 4349; x_wconf 84' lang='lat' dir='ltr'><strong>cbillades,</strong></span> <span class='ocrx_word' id='word_1_756' title='bbox 2452 4301 2482 4340; x_wconf 90' lang='lat' dir='ltr'><strong>e</strong></span> <span class='ocrx_word' id='word_1_757' title='bbox 2499 4285 2677 4339; x_wconf 78' lang='lat' dir='ltr'><strong>medio</strong></span> <span class='ocrx_word' id='word_1_758' title='bbox 2703 4286 2904 4341; x_wconf 87' lang='lat' dir='ltr'><strong>abiisse</strong></span> <span class='ocrx_word' id='word_1_759' title='bbox 2923 4285 3110 4340; x_wconf 84' lang='lat' dir='ltr'><strong>dicant</strong></span> <span class='ocrx_word' id='word_1_760' title='bbox 3133 4304 3145 4339; x_wconf 89' lang='lat'><strong>:</strong></span> <span class='ocrx_word' id='word_1_761' title='bbox 3167 4288 3220 4339; x_wconf 91' lang='lat' dir='ltr'><strong>in</strong></span> <span class='ocrx_word' id='word_1_762' title='bbox 3246 4301 3478 4354; x_wconf 80' lang='lat' dir='ltr'><strong>quorum</strong></span> 
     </span>
    </p>
   </div>
   <div class='ocr_carea' id='block_1_102' title="bbox 1904 4377 3048 4444">
    <p class='ocr_par' dir='ltr' id='par_1_102' title="bbox 1904 4377 3048 4444">
     <span class='ocr_line' id='line_1_102' title="bbox 1904 4377 3048 4444; baseline 0.003 -14"><span class='ocrx_word' id='word_1_763' title='bbox 1904 4391 2133 4431; x_wconf 90' lang='lat' dir='ltr'><strong>numero</strong></span> <span class='ocrx_word' id='word_1_764' title='bbox 2158 4377 2441 4439; x_wconf 86' lang='lat' dir='ltr'><strong>amerissa,</strong></span> <span class='ocrx_word' id='word_1_765' title='bbox 2471 4378 2710 4444; x_wconf 77' lang='lat' dir='ltr'><strong>despota:</strong></span> <span class='ocrx_word' id='word_1_766' title='bbox 2752 4379 2880 4444; x_wconf 86' lang='lat' dir='ltr'><strong>lilia,</strong></span> <span class='ocrx_word' id='word_1_767' title='bbox 2907 4389 3048 4434; x_wconf 84' lang='lat' dir='ltr'><strong>erat.</strong></span> 
     </span>
    </p>
   </div>
   <div class='ocr_carea' id='block_1_103' title="bbox 1974 4467 3476 4534">
    <p class='ocr_par' dir='ltr' id='par_1_103' title="bbox 1974 4467 3476 4534">
     <span class='ocr_line' id='line_1_103' title="bbox 1974 4467 3476 4534; baseline 0.001 -13"><span class='ocrx_word' id='word_1_768' title='bbox 1974 4467 2115 4521; x_wconf 83' lang='lat' dir='ltr'><strong>Anni</strong></span> <span class='ocrx_word' id='word_1_769' title='bbox 2149 4467 2288 4522; x_wconf 82' lang='lat'><strong>6976</strong></span> <span class='ocrx_word' id='word_1_770' title='bbox 2347 4473 2536 4523; x_wconf 85' lang='lat' dir='ltr'><strong>mense</strong></span> <span class='ocrx_word' id='word_1_771' title='bbox 2581 4468 2878 4524; x_wconf 80' lang='lat' dir='ltr'><strong>Novembri</strong></span> <span class='ocrx_word' id='word_1_772' title='bbox 2921 4479 3168 4534; x_wconf 78' lang='lat' dir='ltr'><strong>sanctam</strong></span> <span class='ocrx_word' id='word_1_773' title='bbox 3232 4468 3476 4523; x_wconf 86' lang='lat' dir='ltr'><strong>Mauram</strong></span> 
     </span>
    </p>
   </div>
   <div class='ocr_carea' id='block_1_104' title="bbox 1905 4553 3481 4631">
    <p class='ocr_par' dir='ltr' id='par_1_104' title="bbox 1905 4553 3481 4631">
     <span class='ocr_line' id='line_1_104' title="bbox 1905 4553 3481 4631; baseline 0.001 -18"><span class='ocrx_word' id='word_1_774' title='bbox 1905 4559 2172 4624; x_wconf 85' lang='lat' dir='ltr'><strong>concessi,</strong></span> <span class='ocrx_word' id='word_1_775' title='bbox 2209 4558 2415 4614; x_wconf 83' lang='lat' dir='ltr'><strong>Helena</strong></span> <span class='ocrx_word' id='word_1_776' title='bbox 2452 4561 2640 4626; x_wconf 81' lang='lat' dir='ltr'><strong>regina</strong></span> <span class='ocrx_word' id='word_1_777' title='bbox 2675 4553 2728 4616; x_wconf 80' lang='lat' dir='ltr'><strong>et</strong></span> <span class='ocrx_word' id='word_1_778' title='bbox 2765 4560 3058 4625; x_wconf 72' lang='lat' dir='ltr'><strong>Leonardi,</strong></span> <span class='ocrx_word' id='word_1_779' title='bbox 3081 4563 3277 4631; x_wconf 66' lang='lat' dir='ltr'><strong>princij</strong></span> <span class='ocrx_word' id='word_1_780' title='bbox 3301 4563 3344 4616; x_wconf 89' lang='lat' dir='ltr'><strong>is</strong></span> <span class='ocrx_word' id='word_1_781' title='bbox 3363 4563 3481 4630; x_wconf 83' lang='lat' dir='ltr'><strong>ejus</strong></span> 
     </span>
    </p>
   </div>
   <div class='ocr_carea' id='block_1_105' title="bbox 1907 4651 3476 4714">
    <p class='ocr_par' dir='ltr' id='par_1_105' title="bbox 1907 4651 3476 4714">
     <span class='ocr_line' id='line_1_105' title="bbox 1907 4651 3476 4714; baseline 0.002 -11"><span class='ocrx_word' id='word_1_782' title='bbox 1907 4651 2035 4714; x_wconf 86' lang='lat' dir='ltr'><strong>loci,</strong></span> <span class='ocrx_word' id='word_1_783' title='bbox 2067 4664 2262 4704; x_wconf 79' lang='lat' dir='ltr'><strong>socero</strong></span> <span class='ocrx_word' id='word_1_784' title='bbox 2293 4651 2636 4714; x_wconf 83' lang='lat' dir='ltr'><strong>auctoribus,</strong></span> <span class='ocrx_word' id='word_1_785' title='bbox 2672 4663 2727 4705; x_wconf 88' lang='lat' dir='ltr'><strong>ut</strong></span> <span class='ocrx_word' id='word_1_786' title='bbox 2759 4668 2868 4705; x_wconf 83' lang='lat' dir='ltr'><strong>non</strong></span> <span class='ocrx_word' id='word_1_787' title='bbox 2895 4653 3068 4706; x_wconf 82' lang='lat' dir='ltr'><strong>solum</strong></span> <span class='ocrx_word' id='word_1_788' title='bbox 3112 4655 3295 4706; x_wconf 86' lang='lat' dir='ltr'><strong>locum</strong></span> <span class='ocrx_word' id='word_1_789' title='bbox 3350 4671 3476 4706; x_wconf 72' lang='lat' dir='ltr'><strong>eunt</strong></span> 
     </span>
    </p>
   </div>
   <div class='ocr_carea' id='block_1_106' title="bbox 1905 4742 3478 4809">
    <p class='ocr_par' dir='ltr' id='par_1_106' title="bbox 1905 4742 3478 4809">
     <span class='ocr_line' id='line_1_106' title="bbox 1905 4742 3478 4809; baseline 0.002 -15"><span class='ocrx_word' id='word_1_790' title='bbox 1905 4742 2222 4806; x_wconf 87' lang='lat' dir='ltr'><strong>rcviserem,</strong></span> <span class='ocrx_word' id='word_1_791' title='bbox 2248 4743 2342 4797; x_wconf 86' lang='lat' dir='ltr'><strong>sed</strong></span> <span class='ocrx_word' id='word_1_792' title='bbox 2371 4746 2562 4803; x_wconf 86' lang='lat' dir='ltr'><strong>etiam.</strong></span> <span class='ocrx_word' id='word_1_793' title='bbox 2616 4759 2740 4798; x_wconf 93' lang='lat' dir='ltr'><strong>cum</strong></span> <span class='ocrx_word' id='word_1_794' title='bbox 2773 4745 2863 4798; x_wconf 85' lang='lat' dir='ltr'><strong>illc</strong></span> <span class='ocrx_word' id='word_1_795' title='bbox 2926 4746 3064 4796; x_wconf 87' lang='lat' dir='ltr'><strong>beati</strong></span> <span class='ocrx_word' id='word_1_796' title='bbox 3101 4747 3204 4798; x_wconf 92' lang='lat' dir='ltr'><strong>mei</strong></span> <span class='ocrx_word' id='word_1_797' title='bbox 3249 4745 3478 4809; x_wconf 85' lang='lat' dir='ltr'><strong>domini,</strong></span> 
     </span>
    </p>
   </div>
   <div class='ocr_carea' id='block_1_107' title="bbox 1903 4831 3478 4899">
    <p class='ocr_par' dir='ltr' id='par_1_107' title="bbox 1903 4831 3478 4899">
     <span class='ocr_line' id='line_1_107' title="bbox 1903 4831 3478 4899; baseline 0 -15"><span class='ocrx_word' id='word_1_798' title='bbox 1903 4831 2248 4884; x_wconf 77' lang='lat' dir='ltr'><strong>Constantini</strong></span> <span class='ocrx_word' id='word_1_799' title='bbox 2278 4831 2651 4899; x_wconf 84' lang='lat' dir='ltr'><strong>imperatoris,</strong></span> <span class='ocrx_word' id='word_1_800' title='bbox 2683 4832 3054 4884; x_wconf 85' lang='lat' dir='ltr'><strong>consobrinus</strong></span> <span class='ocrx_word' id='word_1_801' title='bbox 3077 4841 3224 4885; x_wconf 84' lang='lat' dir='ltr'><strong>esset</strong></span> <span class='ocrx_word' id='word_1_802' title='bbox 3257 4841 3309 4884; x_wconf 91' lang='lat' dir='ltr'><strong>et</strong></span> <span class='ocrx_word' id='word_1_803' title='bbox 3337 4846 3478 4896; x_wconf 79' lang='lat' dir='ltr'><strong>gra-</strong></span> 
     </span>
    </p>
   </div>
   <div class='ocr_carea' id='block_1_108' title="bbox 1907 4921 3476 4992">
    <p class='ocr_par' dir='ltr' id='par_1_108' title="bbox 1907 4921 3476 4992">
     <span class='ocr_line' id='line_1_108' title="bbox 1907 4921 3476 4992; baseline -0.001 -18"><span class='ocrx_word' id='word_1_804' title='bbox 1907 4922 2191 4975; x_wconf 78' lang='lat' dir='ltr'><strong>vissimam</strong></span> <span class='ocrx_word' id='word_1_805' title='bbox 2228 4921 2495 4986; x_wconf 69' lang='lat' dir='ltr'><strong>tulissem,</strong></span> <span class='ocrx_word' id='word_1_806' title='bbox 2537 4930 2595 4974; x_wconf 91' lang='lat' dir='ltr'><strong>ut</strong></span> <span class='ocrx_word' id='word_1_807' title='bbox 2624 4937 2787 4992; x_wconf 83' lang='lat' dir='ltr'><strong>supra</strong></span> <span class='ocrx_word' id='word_1_808' title='bbox 2827 4921 3072 4983; x_wconf 79' lang='lat' dir='ltr'><strong>narravi,</strong></span> <span class='ocrx_word' id='word_1_809' title='bbox 3107 4921 3476 4975; x_wconf 76' lang='lat' dir='ltr'><strong>calamitatem</strong></span> 
     </span>
    </p>
   </div>
   <div class='ocr_carea' id='block_1_109' title="bbox 1908 5011 3480 5080">
    <p class='ocr_par' dir='ltr' id='par_1_109' title="bbox 1908 5011 3480 5080">
     <span class='ocr_line' id='line_1_109' title="bbox 1908 5011 3480 5080; baseline 0 -17"><span class='ocrx_word' id='word_1_810' title='bbox 1908 5022 2128 5080; x_wconf 82' lang='lat' dir='ltr'><strong>propter</strong></span> <span class='ocrx_word' id='word_1_811' title='bbox 2157 5011 2278 5079; x_wconf 88' lang='lat' dir='ltr'><strong>ejus</strong></span> <span class='ocrx_word' id='word_1_812' title='bbox 2316 5021 2549 5080; x_wconf 83' lang='lat' dir='ltr'><strong>patrem,</strong></span> <span class='ocrx_word' id='word_1_813' title='bbox 2582 5028 2728 5064; x_wconf 87' lang='lat' dir='ltr'><strong>anno</strong></span> <span class='ocrx_word' id='word_1_814' title='bbox 2761 5013 2938 5068; x_wconf 62' lang='lat' dir='ltr'><strong>aetatis</strong></span> <span class='ocrx_word' id='word_1_815' title='bbox 2974 5013 3068 5069; x_wconf 80' lang='lat'><strong>53.</strong></span> <span class='ocrx_word' id='word_1_816' title='bbox 3105 5015 3336 5080; x_wconf 83' lang='lat' dir='ltr'><strong>pecunia</strong></span> <span class='ocrx_word' id='word_1_817' title='bbox 3382 5012 3480 5063; x_wconf 75' lang='lat' dir='ltr'><strong>all-</strong></span> 
     </span>
    </p>
   </div>
   <div class='ocr_carea' id='block_1_110' title="bbox 1907 5081 3481 5171">
    <p class='ocr_par' dir='ltr' id='par_1_110' title="bbox 1907 5081 3481 5171">
     <span class='ocr_line' id='line_1_110' title="bbox 1907 5081 3481 5171; baseline 0.003 -19"><span class='ocrx_word' id='word_1_818' title='bbox 1907 5117 2011 5170; x_wconf 87' lang='lat' dir='ltr'><strong>qna</strong></span> <span class='ocrx_word' id='word_1_819' title='bbox 2048 5081 2232 5156; x_wconf 74' lang='lat' dir='ltr'><strong>annua</strong></span> <span class='ocrx_word' id='word_1_820' title='bbox 2285 5103 2420 5155; x_wconf 89' lang='lat' dir='ltr'><strong>mihi</strong></span> <span class='ocrx_word' id='word_1_821' title='bbox 2453 5104 2890 5155; x_wconf 68' lang='lat' dir='ltr'><strong>constituerezttr</strong></span> <span class='ocrx_word' id='word_1_822' title='bbox 2919 5111 3110 5171; x_wconf 81' lang='lat' dir='ltr'><strong>utpme</strong></span> <span class='ocrx_word' id='word_1_823' title='bbox 3139 5103 3255 5155; x_wconf 85' lang='lat' dir='ltr'><strong>seni</strong></span> <span class='ocrx_word' id='word_1_824' title='bbox 3287 5111 3342 5156; x_wconf 88' lang='lat' dir='ltr'><strong>et</strong></span> <span class='ocrx_word' id='word_1_825' title='bbox 3393 5103 3481 5156; x_wconf 81' lang='lat' dir='ltr'><strong>in-</strong></span> 
     </span>
    </p>
   </div>
   <div class='ocr_carea' id='block_1_111' title="bbox 1907 5176 3482 5262">
    <p class='ocr_par' dir='ltr' id='par_1_111' title="bbox 1907 5176 3482 5262">
     <span class='ocr_line' id='line_1_111' title="bbox 1907 5176 3482 5262; baseline 0.003 -18"><span class='ocrx_word' id='word_1_826' title='bbox 1907 5193 2066 5245; x_wconf 87' lang='lat' dir='ltr'><strong>lirmo</strong></span> <span class='ocrx_word' id='word_1_827' title='bbox 2099 5201 2154 5244; x_wconf 91' lang='lat' dir='ltr'><strong>et</strong></span> <span class='ocrx_word' id='word_1_828' title='bbox 2189 5207 2365 5260; x_wconf 79' lang='lat' dir='ltr'><strong>egeno</strong></span> <span class='ocrx_word' id='word_1_829' title='bbox 2397 5209 2427 5247; x_wconf 88' lang='lat' dir='ltr'><strong>e</strong></span> <span class='ocrx_word' id='word_1_830' title='bbox 2457 5194 2802 5262; x_wconf 80' lang='lat' dir='ltr'><strong>captivitate.</strong></span> <span class='ocrx_word' id='word_1_831' title='bbox 2843 5176 3121 5248; x_wconf 75' lang='lat' dir='ltr'><strong>Reversus</strong></span> <span class='ocrx_word' id='word_1_832' title='bbox 3149 5211 3268 5247; x_wconf 84' lang='lat' dir='ltr'><strong>sum</strong></span> <span class='ocrx_word' id='word_1_833' title='bbox 3307 5196 3392 5248; x_wconf 86' lang='lat' dir='ltr'><strong>die</strong></span> <span class='ocrx_word' id='word_1_834' title='bbox 3413 5195 3482 5248; x_wconf 68' lang='lat'><strong>22</strong></span> 
     </span>
    </p>
   </div>
   <div class='ocr_carea' id='block_1_112' title="bbox 1909 5283 3480 5354">
    <p class='ocr_par' dir='ltr' id='par_1_112' title="bbox 1909 5283 3480 5354">
     <span class='ocr_line' id='line_1_112' title="bbox 1909 5283 3480 5354; baseline 0.003 -19"><span class='ocrx_word' id='word_1_835' title='bbox 1909 5283 2115 5338; x_wconf 87' lang='lat' dir='ltr'><strong>mensis</strong></span> <span class='ocrx_word' id='word_1_836' title='bbox 2141 5283 2412 5352; x_wconf 84' lang='lat' dir='ltr'><strong>ejusdem,</strong></span> <span class='ocrx_word' id='word_1_837' title='bbox 2446 5285 2628 5338; x_wconf 84' lang='lat' dir='ltr'><strong>omnia</strong></span> <span class='ocrx_word' id='word_1_838' title='bbox 2667 5284 2910 5354; x_wconf 74' lang='lat' dir='ltr'><strong>perfecta</strong></span> <span class='ocrx_word' id='word_1_839' title='bbox 2947 5295 3161 5350; x_wconf 86' lang='lat' dir='ltr'><strong>nactus,</strong></span> <span class='ocrx_word' id='word_1_840' title='bbox 3201 5286 3303 5338; x_wconf 86' lang='lat' dir='ltr'><strong>nisi</strong></span> <span class='ocrx_word' id='word_1_841' title='bbox 3333 5288 3480 5354; x_wconf 81' lang='lat' dir='ltr'><strong>quod</strong></span> 
     </span>
    </p>
   </div>
   <div class='ocr_carea' id='block_1_113' title="bbox 1908 5376 3476 5448">
    <p class='ocr_par' dir='ltr' id='par_1_113' title="bbox 1908 5376 3476 5448">
     <span class='ocr_line' id='line_1_113' title="bbox 1908 5376 3476 5448; baseline 0.001 -19"><span class='ocrx_word' id='word_1_842' title='bbox 1908 5376 1963 5429; x_wconf 88' lang='lat' dir='ltr'><strong>in</strong></span> <span class='ocrx_word' id='word_1_843' title='bbox 1993 5387 2152 5446; x_wconf 78' lang='lat' dir='ltr'><strong>gente</strong></span> <span class='ocrx_word' id='word_1_844' title='bbox 2186 5376 2592 5432; x_wconf 74' lang='lat' dir='ltr'><strong>Mnstraidiensi</strong></span> <span class='ocrx_word' id='word_1_845' title='bbox 2636 5393 2800 5430; x_wconf 88' lang='lat' dir='ltr'><strong>omne</strong></span> <span class='ocrx_word' id='word_1_846' title='bbox 2855 5379 2975 5444; x_wconf 86' lang='lat' dir='ltr'><strong>ejus</strong></span> <span class='ocrx_word' id='word_1_847' title='bbox 3007 5379 3277 5448; x_wconf 81' lang='lat' dir='ltr'><strong>reliquum</strong></span> <span class='ocrx_word' id='word_1_848' title='bbox 3311 5380 3476 5447; x_wconf 79' lang='lat' dir='ltr'><strong>impc-</strong></span> 
     </span>
    </p>
   </div>
   <div class='ocr_carea' id='block_1_114' title="bbox 1909 5469 3482 5540">
    <p class='ocr_par' dir='ltr' id='par_1_114' title="bbox 1909 5469 3482 5540">
     <span class='ocr_line' id='line_1_114' title="bbox 1909 5469 3482 5540; baseline 0.001 -19"><span class='ocrx_word' id='word_1_849' title='bbox 1909 5469 2047 5522; x_wconf 84' lang='lat' dir='ltr'><strong>rimu</strong></span> <span class='ocrx_word' id='word_1_850' title='bbox 2091 5470 2522 5534; x_wconf 85' lang='lat' dir='ltr'><strong>continebatur;</strong></span> <span class='ocrx_word' id='word_1_851' title='bbox 2567 5479 2784 5538; x_wconf 86' lang='lat' dir='ltr'><strong>oportet</strong></span> <span class='ocrx_word' id='word_1_852' title='bbox 2821 5471 2967 5523; x_wconf 89' lang='lat' dir='ltr'><strong>enim</strong></span> <span class='ocrx_word' id='word_1_853' title='bbox 3015 5472 3108 5540; x_wconf 82' lang='lat' dir='ltr'><strong>qui</strong></span> <span class='ocrx_word' id='word_1_854' title='bbox 3148 5478 3344 5537; x_wconf 74' lang='lat' dir='ltr'><strong>regunt</strong></span> <span class='ocrx_word' id='word_1_855' title='bbox 3407 5469 3482 5523; x_wconf 89' lang='lat' dir='ltr'><strong>si-</strong></span> 
     </span>
    </p>
   </div>
   <div class='ocr_carea' id='block_1_115' title="bbox 1910 5559 3483 5630">
    <p class='ocr_par' dir='ltr' id='par_1_115' title="bbox 1910 5559 3483 5630">
     <span class='ocr_line' id='line_1_115' title="bbox 1910 5559 3483 5630; baseline -0.001 -16"><span class='ocrx_word' id='word_1_856' title='bbox 1910 5562 2064 5615; x_wconf 88' lang='lat' dir='ltr'><strong>miles</strong></span> <span class='ocrx_word' id='word_1_857' title='bbox 2092 5561 2328 5614; x_wconf 84' lang='lat' dir='ltr'><strong>cvadaut</strong></span> <span class='ocrx_word' id='word_1_858' title='bbox 2373 5560 2440 5613; x_wconf 88' lang='lat' dir='ltr'><strong>iis</strong></span> <span class='ocrx_word' id='word_1_859' title='bbox 2483 5563 2576 5628; x_wconf 89' lang='lat' dir='ltr'><strong>qui</strong></span> <span class='ocrx_word' id='word_1_860' title='bbox 2635 5571 2921 5630; x_wconf 82' lang='lat' dir='ltr'><strong>reguntur.</strong></span> <span class='ocrx_word' id='word_1_861' title='bbox 2976 5559 3159 5614; x_wconf 81' lang='lat' dir='ltr'><strong>Mense</strong></span> <span class='ocrx_word' id='word_1_862' title='bbox 3221 5559 3483 5615; x_wconf 83' lang='lat' dir='ltr'><strong>Januario</strong></span> 
     </span>
    </p>
   </div>
   <div class='ocr_carea' id='block_1_116' title="bbox 1908 5652 3482 5722">
    <p class='ocr_par' dir='ltr' id='par_1_116' title="bbox 1908 5652 3482 5722">
     <span class='ocr_line' id='line_1_116' title="bbox 1908 5652 3482 5722; baseline 0 -16"><span class='ocrx_word' id='word_1_863' title='bbox 1908 5655 2148 5721; x_wconf 87' lang='lat' dir='ltr'><strong>ejusdem</strong></span> <span class='ocrx_word' id='word_1_864' title='bbox 2215 5654 2344 5708; x_wconf 89' lang='lat' dir='ltr'><strong>anui</strong></span> <span class='ocrx_word' id='word_1_865' title='bbox 2428 5655 2806 5706; x_wconf 78' lang='lat' dir='ltr'><strong>Albanitarnm</strong></span> <span class='ocrx_word' id='word_1_866' title='bbox 2855 5654 3112 5722; x_wconf 78' lang='lat' dir='ltr'><strong>princeps</strong></span> <span class='ocrx_word' id='word_1_867' title='bbox 3187 5652 3482 5706; x_wconf 80' lang='lat' dir='ltr'><strong>Seantarcs</strong></span> 
     </span>
    </p>
   </div>
   <div class='ocr_carea' id='block_1_117' title="bbox 1909 5744 3486 5816">
    <p class='ocr_par' dir='ltr' id='par_1_117' title="bbox 1909 5744 3486 5816">
     <span class='ocr_line' id='line_1_117' title="bbox 1909 5744 3486 5816; baseline -0.001 -17"><span class='ocrx_word' id='word_1_868' title='bbox 1909 5747 2100 5799; x_wconf 87' lang='lat' dir='ltr'><strong>morho</strong></span> <span class='ocrx_word' id='word_1_869' title='bbox 2130 5745 2285 5807; x_wconf 90' lang='lat' dir='ltr'><strong>obiit,</strong></span> <span class='ocrx_word' id='word_1_870' title='bbox 2315 5746 2473 5816; x_wconf 78' lang='lat' dir='ltr'><strong>cujus</strong></span> <span class='ocrx_word' id='word_1_871' title='bbox 2504 5747 2741 5815; x_wconf 77' lang='lat' dir='ltr'><strong>regionis</strong></span> <span class='ocrx_word' id='word_1_872' title='bbox 2777 5755 2833 5800; x_wconf 90' lang='lat' dir='ltr'><strong>ct</strong></span> <span class='ocrx_word' id='word_1_873' title='bbox 2859 5744 3086 5799; x_wconf 77' lang='lat' dir='ltr'><strong>duminii</strong></span> <span class='ocrx_word' id='word_1_874' title='bbox 3121 5752 3333 5815; x_wconf 87' lang='lat' dir='ltr'><strong>partem</strong></span> <span class='ocrx_word' id='word_1_875' title='bbox 3369 5758 3486 5797; x_wconf 86' lang='lat' dir='ltr'><strong>res-</strong></span> 
     </span>
    </p>
   </div>
   <div class='ocr_carea' id='block_1_118' title="bbox 1911 5839 3484 5913">
    <p class='ocr_par' dir='ltr' id='par_1_118' title="bbox 1911 5839 3484 5913">
     <span class='ocr_line' id='line_1_118' title="bbox 1911 5839 3484 5913; baseline 0.001 -17"><span class='ocrx_word' id='word_1_876' title='bbox 1911 5841 2519 5913; x_wconf 74' lang='lat' dir='ltr'><strong>publica&#39;Venetorum.</strong></span> <span class='ocrx_word' id='word_1_877' title='bbox 2581 5852 2790 5911; x_wconf 78' lang='lat' dir='ltr'><strong>partem</strong></span> <span class='ocrx_word' id='word_1_878' title='bbox 2849 5843 3058 5896; x_wconf 78' lang='lat' dir='ltr'><strong>sororis</strong></span> <span class='ocrx_word' id='word_1_879' title='bbox 3105 5841 3280 5912; x_wconf 83' lang='lat' dir='ltr'><strong>ipsius</strong></span> <span class='ocrx_word' id='word_1_880' title='bbox 3341 5839 3484 5897; x_wconf 72' lang='lat' dir='ltr'><strong>titius</strong></span> 
     </span>
    </p>
   </div>
   <div class='ocr_carea' id='block_1_119' title="bbox 2965 5939 3045 5998">
    <p class='ocr_par' dir='ltr' id='par_1_119' title="bbox 2965 5939 3045 5998">
     <span class='ocr_line' id='line_1_119' title="bbox 2965 5939 3045 5998; baseline 0 0"><span class='ocrx_word' id='word_1_881' title='bbox 2965 5939 3045 5998; x_wconf 79' lang='lat'><strong>32</strong></span> 
     </span>
    </p>
   </div>
  </div>
