3960 6556
490 431 625 499 10οἶ

1661 399 2014 484 'oEoueu
2054 421 2473 483 summm

3595 429 3734 494 10οι

481 554 582 618 τῆς
615 537 851 618 άδελφῆς
876 546 1040 602 αὑτοῦ
1075 545 1185 608 υίὸς
1218 542 1457 613 Τοῦρκος
1490 541 1564 592 ὢν
1586 541 1734 609 παρὰ
1765 538 1839 609 τῷ
1869 536 2062 609 ἁμηρᾷ
2090 541 2136 598 Α
2163 540 2258 591 καὶ
2285 542 2312 592 6
2339 541 2541 610 κόσμος
2567 558 2632 594 σε
2654 542 2753 595 οὐκ
2778 542 2940 610 ἔγνω,
2975 561 2992 594 1
3021 546 3137 609 καὶ,
3177 565 3194 595 1
3231 546 3374 616 Πρὸς
3396 547 3487 598 τὸν
3513 547 3735 616 Πατέρα

482 645 684 712 ἐστάλη
720 641 848 711 παρ’
875 639 1109 693 ἐκείνου.

553 735 685 790 Ἀπὸ
745 734 802 786 δὲ
860 731 953 785 τοῦ
1002 730 1251 800 ἡμίσεως
1306 728 1468 798 εαρος
1518 724 1612 778 τοῦ
1653 721 2058 791 αὑτοῦδηλον-

482 828 566 880 ὁτι
597 829 788 893 ,ςιὶοςν
817 825 974 888 ἔτους
1017 822 1112 875 καὶ
1158 823 1265 891 ὅλῳ
1325 819 1402 889 τῷ
1436 818 1585 888 θέρει
1637 811 2058 873 διαϐιϐάσαντος

488 939 590 990 μου
624 919 814 980 κακῶς
842 918 950 970 ἀπὸ
975 915 1073 983 τῆς
1106 913 1370 983 συνήθους
1407 908 1694 969 ἀσθενείαις
1727 904 1820 956 τοῦ
1856 906 2059 974 ῥευμαο

484 1013 703 1082 τισμοῦ,
737 1011 872 1065 ἀλλὰ
902 1009 967 1078 δὴ
1008 1010 1102 1061 καὶ
1131 1007 1238 1059 τῶν
1279 1002 1559 1073 κοσμικῶν
1593 1017 1694 1069 μου
1734 996 2058 1066 φορεμάτων

479 1103 840 1156 διαλυθέντων
900 1100 1022 1168 ἱερὰ
1077 1095 1564 1166 ὲρασοφορήσαμεν
1614 1093 1676 1160 τῇ
1742 1086 1933 1159 πρώτῃ
1964 1084 2057 1138 τοῦ

481 1193 792 1264 Αὐγούστου
821 1191 1010 1261 μηνὸς,
1042 1189 1134 1241 καὶ
1167 1189 1284 1239 ἀντὶ
1311 1186 1580 1252 Γεώργιος
1613 1180 1905 1250 ι’ρηγὸριος
1934 1192 2059 1245 μετ-

481 1286 837 1356 ωνομάσθην,
864 1284 983 1334 ἀντὶ
1014 1281 1070 1332 δὶ
1107 1278 1294 1346 Ἑλένη
1322 1277 1354 1345 ἡ
1392 1276 1496 1343 ἐμὴ
1551 1271 1803 1332 σύνευνος
1837 1269 2058 1338 Εύπρα-

480 1382 589 1446 ξία,
637 1375 928 1436 δεδωκότες
970 1373 1186 1442 πρῶτον
1226 1371 1323 1439 τήν
1378 1372 1456 1429 εἰς
1493 1367 1625 1416 Θεὸν
1678 1363 1775 1431 τῆς
1822 1361 2057 1422 πίστεως

477 1471 636 1541 ἡμῶν
665 1466 978 1538 ὁμολογίαν,
1033 1463 1106 1525 ὡς
1140 1461 1258 1522 ἔθος
1289 1460 1406 1511 ἐστὶ
1444 1459 1555 1517 τοῖς
1607 1453 1909 1524 ὀρθοδόξοις
1964 1467 2054 1518 με-

477 1561 882 1632 ταλαμϐάνουσι
906 1557 966 1609 τὸ
997 1555 1286 1625 μοναχικὸν
1315 1551 1520 1620 σχῆμα.
1554 1547 1663 1599 Καὶ
1694 1545 1862 1607 οὕτως
1889 1543 2060 1613 ἠρξά-

482 1673 590 1725 μην
630 1653 844 1722 πρῶτον
906 1651 1004 1718 μὲν
1050 1648 1108 1699 τὸ
1140 1645 1296 1712 ἆγιον
1343 1640 1614 1709 σύμϐολον
1666 1635 1846 1698 καλῶς
1894 1634 2054 1687 ἐκθέ-

483 1750 627 1810 σθαι,
666 1747 759 1798 καὶ
791 1743 914 1796 ὅθεν
953 1741 1014 1792 τὸ
1060 1739 1350 1808 ἱερώτατον
1391 1732 1546 1802 παρὰ
1584 1730 1693 1782 τῶν
1745 1729 1905 1782 θείων
1940 1729 2056 1781 Πα-

481 1843 652 1909 τέρων
686 1834 942 1901 συνετέθη
976 1830 1270 1899 σύμδολον,
1305 1827 1392 1878 ῐνα
1419 1824 1638 1892 γνῶμεν
1661 1820 1736 1884 ὡς
1764 1819 1873 1874 οὐδ’
1901 1819 2054 1871 αὐτοὶ

480 1934 538 1998 ἐξ
571 1926 770 1991 αὐτῶν,
791 1925 906 1976 ἀλλ’
940 1925 1002 1975 ὲκ
1037 1921 1146 1972 τῶν
1179 1918 1338 1970 θείων
1365 1914 1630 1986 χρησμῶν
1664 1910 2051 1981 ὲρανισάμενοι

479 2025 576 2086 τὰς
624 2023 811 2090 ῥήσεις
837 2034 896 2070 τε
945 2015 1040 2068 καὶ
1088 2012 1186 2083 τὴν
1218 2011 1423 2078 γνῶσιν
1477 2004 1887 2073 εύσεόοφρόνως
1921 2003 2049 2056 αὐτὸ

485 2112 912 2183 συνεγράψαντο.
953 2106 1150 2176 Σχεδὸν
1175 2099 1268 2157 οὖν
1316 2103 1488 2156 πᾶσαι
1519 2097 1684 2154 αὑτοῦ
1735 2097 1880 2150 θείου
1915 2113 2054 2165 συμ-

482 2208 638 2260 66).ου
685 2205 872 2275 ῥήσεις
905 2202 967 2252 ὲκ
1009 2200 1115 2250 τῶν
1162 2195 1334 2264 ἁγίων
1361 2193 1466 2245 del.
1503 2187 1756 2262 Γραφΐὺν,
1801 2188 1878 2251 ὡς
1906 2185 2050 2239 κατὰ

486 2303 654 2368 μέρος
689 2296 1005 2368 ῥηθήσεται.

554 2367 836 2444 Πιστεύω.
882 2381 1211 2450 Εὖαγγέλιον
1247 2394 1259 2407 ·
1301 2397 1318 2429 1
1363 2373 1648 2437 Πιστεύεις
1693 2375 1772 2436 εἰς
1801 2371 1895 2425 τὸν
1923 2367 2050 2422 Υίὸν

481 2485 575 2538 τοῦ
613 2480 771 2554 43]⁵
824 2476 959 2529 Θεοῦ
991 2491 1003 2504 ·
1056 2473 1170 2538 καὶ,
1214 2490 1232 2522 1
1276 2468 1563 2523 Πιστεύετε
1614 2467 1691 2528 εἰς
1751 2464 1843 2554 τὸν
1892 2461 2046 2524 Θεὸν,

485 2576 582 2629 καὶ
617 2551 695 2634 εἷς
755 2569 853 2638 ἐμὲ
898 2563 1207 2618 πιστεύετε.
1243 2580 1260 2610 1
1307 2556 1650 2619 Ἀπόστολος,
1687 2572 1703 2604 1
1754 2551 2086 2605 Πίστευσον.

484 2669 562 2730 είς
607 2664 698 2716 τὸν
721 2661 922 2730 Κύριον
949 2654 1185 2726 Ἰησοῦν.
1231 2671 1249 2704 1

553 2756 656 2817 Εις
685 2751 793 2804 ἕνα
830 2745 998 2802 Θεόν.
1052 2743 1404 2811 Εὐαγγέλιον,
1437 2759 1454 2791 1
1487 2739 1606 2790 Ἵνα
1647 2735 1955 2805 γινώσκωσι
1991 2751 2048 2786 σε

483 2847 574 2900 τὸν
607 2843 769 2915 μόνον
810 2838 1062 2909 ἀληθινὸν
1109 2835 1264 2888 Θεόν.
1299 2851 1316 2884 1
1350 2829 1726 2898 Ἀδελφόθεος,
1760 2847 1778 2879 1
1820 2829 2050 2880 Πίστευε

483 2942 564 2992 ὅτι
598 2941 626 2990 6
658 2935 790 2997 Θεὸς
823 2934 959 2986 ἐστι.
997 2949 1016 2982 1
1056 2927 1288 2989 Παῦλος,
1332 2945 1349 2978 1
1397 2926 1506 2978 Καὶ
1547 2923 1699 2994 ἡμῶν
1738 2920 1916 2982 Θεὸςὸ
1945 2922 2055 2971 [lae

485 3033 611 3099 τὴρ,
641 3028 700 3092 ἐξ
731 3021 790 3080 οῦ
839 3027 906 3078 τὰ
941 3024 1140 3086 πάντα,
1177 3019 1271 3071 καὶ
1319 3020 1475 3086 ἡμεῖς
1525 3017 1581 3080 ἐξ
1614 3013 1801 3077 αὐτοῦ,
1829 3011 1923 3064 καὶ
1973 3001 2050 3072 εἷς

487 3120 690 3188 Κύριος
722 3117 931 3187 Ἰησοῦς
968 3113 1223 3184 Χριστὸς,
1255 3109 1324 3164 δι’
1355 3105 1415 3163 οὗ
1447 3112 1509 3164 τὰ
1550 3111 1743 3161 πάντα.
1787 3126 1805 3159 1

557 3210 813 3276 Πατέρα.
860 3206 1214 3274 Εὑαγγέλιον,
1249 3223 1266 3256 1
1317 3200 1615 3256 Ἀναϐαίνω
1653 3202 1789 3268 πρὸς
1819 3198 1908 3252 τὸν
1939 3197 2052 3250 Πα-

487 3309 623 3380 τέρα
658 3324 760 3375 μου
794 3305 887 3358 καὶ
941 3301 1160 3369 Πατέρα
1195 3299 1372 3368 ὑμῶν,
1412 3317 1431 3349 1
1472 3295 1584 3359 καὶ,
1626 3313 1644 3346 1
1695 3294 1877 3361 Πάτερ
1907 3292 2052 3360 ἅγιε,

491 3488 690 3553 Turca,
719 3486 809 3556 qui
840 3481 981 3552 apud
1030 3494 1268 3535 ameram
1330 3477 1548 3531 vivebat
1577 3519 1591 3543 ,
1627 3474 1828 3530 missus
1862 3472 1929 3528 ab
1963 3487 2056 3527 eo-

493 3584 643 3647 dem,
672 3576 986 3646 occupavit.

558 3675 605 3728 A
637 3669 818 3726 medio
860 3681 991 3721 vere
1041 3663 1168 3718 anni
1213 3662 1479 3732 ejusdem,
1530 3658 1581 3712 id
1633 3667 1715 3713 est
1745 3657 1905 3722 6976,
1957 3670 2054 3725 per

490 3775 656 3820 totam
686 3769 929 3816 mstatem
961 3756 1099 3810 male
1124 3753 1474 3809 conflictatus
1502 3749 1694 3805 morbo
1717 3763 1859 3814 meo,
1886 3749 2055 3802 rheu-

491 3858 766 3917 matismo,
789 3867 913 3906 cum
945 3847 1238 3904 saeculares
1265 3855 1445 3899 vestes
1468 3858 1600 3896 meae
1628 3842 1821 3895 lacera:
1852 3846 2053 3904 essent,

492 3946 816 4001 vestimenta
867 3955 1020 3994 sacra
1083 3937 1237 3991 indui
1288 3936 1466 4004 primo
1515 3933 1600 3987 die
1658 3930 1908 4000 Augusti,
1957 3944 2056 4000 pro

490 4039 723 4104 Georgio
773 4034 1066 4102 Gregorius
1101 4029 1422 4100 appellatus,
1463 4025 1701 4094 itemque
1736 4037 1877 4077 uxor
1912 4035 2053 4085 mea,

493 4131 762 4201 Eupraxia
798 4142 894 4197 pro
935 4123 1139 4179 llelena
1177 4113 1347 4182 dicta,
1385 4117 1793 4189 prolessiante,
1849 4125 1907 4169 ut
1936 4129 2054 4169 mos

489 4234 573 4279 est
606 4218 934 4278 orthodoxis
963 4213 1341 4268 monachicum
1393 4211 1639 4263 habitum
1675 4206 2054 4268 iuduentibus,

497 4315 621 4368 ﬁdei
667 4321 865 4366 nostra:
897 4306 1422 4372 fonnulamJtaque
1466 4301 1608 4355 intra
1631 4309 1881 4354 sanctum
1908 4312 2057 4367 sym-

492 4405 675 4459 bolum
713 4411 968 4457 accurate
1003 4397 1286 4469 proposui,
1328 4393 1644 4462 signiﬁcans
1695 4390 1879 4455 simul,
1914 4389 2057 4443 unde

2078 3163 2124 3227 Ω

2160 653 2262 704 μου
2319 637 2681 706 πορεύσομαι,
2732 657 2749 688 1
2787 639 2900 702 καὶ,
2945 658 2963 690 1
3011 640 3306 709 Ἐρωτήσω
3360 641 3450 693 τὸν
3509 641 3730 710 Πατέρα

2161 747 2288 799 μου,
2327 748 2343 780 1
2398 732 2514 794 καὶ,
2553 749 2570 782 1
2607 732 2787 801 Πάτερ
2825 749 2946 801 μου,
2983 733 3063 796 εἰς
3110 735 3297 803 χεῖράς
3356 751 3449 786 σου
3493 735 3734 804 παρατί-

2159 819 2295 890 θημι
2334 823 2394 873 τὸ
2455 822 2671 890 πνεῦμά
2721 840 2845 891 μου,
2897 841 2915 873 1
2959 830 3072 886 xz",
3120 843 3141 874 1
3181 826 3254 876 (νῦ
3309 826 3547 890 δύνας,σαι
3605 829 3733 895 άρτι

2158 913 2540 978 παρακαλέσαι
2569 915 2658 964 τὸν
2692 916 2908 986 Πατέρα
2943 935 3067 980 μου.
3113 937 3129 967 1
3165 918 3394 986 Πέτρος,
3434 937 3452 966 1
3491 918 3735 985 Εὐλογη-

2159 1002 2246 1063 τὸς
2277 1005 2302 1054 6
2331 1002 2460 1065 Θεὸς
2495 1005 2587 1056 καὶ
2623 1004 2810 1074 Πατὴρ
2836 1006 2933 1058 τοῦ
2970 1009 3172 1076 Κυρέου
3197 1008 3357 1075 ἡμῶν
3396 1007 3575 1074 Ἰησοῦ
3602 1009 3735 1076 Χρε-

2159 1092 2308 1146 στοῦ.
2350 1112 2368 1146 1
2423 1095 2653 1158 Παῦλος,
2700 1115 2718 1147 1
2757 1097 2816 1149 '0
2865 1099 2995 1161 Θεὸς
3027 1101 3119 1151 nl.
3151 1101 3341 1169 Πατὴρ
3386 1097 3481 1151 τοῦ
3523 1101 3730 1169 Κυρίου

2130 1185 2316 1253 ’ἡμῶν
2349 1185 2526 1254 Ἰησοῦ
2559 1187 2823 1257 Χριστοῦ.
2853 1207 2872 1240 1

2230 1278 2708 1346 Παντοκρὰτορα.
2760 1281 3056 1349 Ζαχαρίας,
3102 1299 3122 1332 1
3163 1282 3298 1334 Τάδε
3344 1281 3492 1350 λέγει
3527 1285 3735 1352 Κύριος

2111 1425 2114 1430 _
2159 1371 2580 1439 παντοκράτωρ,
2619 1388 2636 1421 1
2677 1373 2790 1433 καὶ,
2825 1389 2844 1422 1
2902 1373 3024 1424 Ἐπὶ
3078 1375 3171 1426 τὸν
3201 1371 3352 1426 οἷκον
3401 1376 3494 1427 τοῦ
3519 1377 3730 1445 Κυρίου

2160 1461 2620 1530 παντοκράτορος,
2663 1478 2682 1512 1
2732 1461 2846 1526 καὶ,
2897 1480 2915 1513 1
2958 1462 3120 1529 Λέγει
3170 1465 3373 1533 Κύριος
3413 1467 3733 1533 παντοκράο

2158 1568 2289 1622 τωρ.
2331 1571 2349 1603 1
2386 1550 2670 1621 Ἰεζεκιὴλ,
2713 1571 2731 1604 1
2769 1553 2998 1607 Ἀδωναῒ
3032 1555 3233 1625 Κύριε,
3269 1573 3288 1605 ι
3316 1557 3343 1608 ὃ
3373 1559 3492 1608 ἐστι
3533 1575 3732 1610 παντο-

2159 1645 2398 1714 κράτωρ.
2439 1646 2548 1698 Καὶ
2583 1647 2642 1697 τὸ
2667 1645 2896 1700 Σαϐαὼθ
2923 1647 2980 1701 δὲ
3010 1649 3404 1717 παντοκράτωρ
3429 1650 3730 1718 ἑρμηνεύε-

2157 1752 2270 1796 ται,
2303 1737 2332 1788 ὸ
2363 1739 2510 1809 πάσῃ
2542 1741 2606 1807 τῇ
2637 1739 2830 1806 Τριάδι
2865 1740 3236 1810 ἀνατίθησινὸ
3269 1740 3502 1804 Ἡσαΐας
3525 1742 3724 1808 λέγων,

2166 1845 2185 1877 1
2220 1827 2431 1895 Ἀγιος,
2483 1828 2655 1896 ἇγιος,
2709 1829 2864 1898 ἅγιος
2912 1832 3116 1901 Κύριος
3167 1832 3422 1887 Σαϐαὼθ.
3475 1853 3493 1886 1
3551 1837 3728 1901 Εὐαγ-

2158 1919 2362 1988 γελῐου,
2404 1941 2423 1973 1
2470 1922 2658 1992 Πατὴρ
2687 1921 2781 1975 τοῦ
2813 1924 3044 1993 ούρανοῦ
3070 1926 3164 1977 καὶ
3186 1925 3436 1996 τξςςγῆς.
3473 1946 3502 1977 -1
3542 1929 3720 1989 Δαεῖδ,

2164 2030 2182 2063 1
2225 2013 2346 2065 Ὅτι
2398 2014 2454 2064 ὲν
2487 2015 2552 2083 τῇ
2603 2017 2747 2084 χειρὶ
2801 2015 2964 2068 αὑτοῦ
3012 2016 3079 2070 τὰ
3135 2017 3348 2087 πέρατα
3384 2022 3481 2089 τῆς
3531 2019 3658 2086 τῆς.
3697 2038 3715 2071 1

2170 2101 2534 2171 Ἐπιστήθιος,
2569 2121 2588 2154 1
2634 2101 2692 2156 '0
2717 2103 2790 2156 ὢν
2813 2107 2909 2159 καὶ
2929 2109 2955 2158 6
2981 2102 3050 2177 ἦν
3083 2108 3176 2158 καὶ
3204 2109 3233 2159 ὁ
3266 2108 3561 2177 ἐρχόμενος
3591 2125 3722 2160 ταν-

2157 2194 2461 2264 τοχράτωρ.
2502 2211 2521 2245 1

2225 2285 2386 2356 5.32
2417 2267 2682 2354 Ποιηέὴν
2705 2289 2965 2355 ούρανοῦ
2993 2291 3090 2344 καὶ
3119 2290 3552 2360 γῆς-Μωυσέως,
3585 2311 3603 2344 1
3633 2293 3717 2346 Ἕν

2157 2377 2298 2446 ἀρχῇ
2333 2378 2590 2446 ἐποίησεν
2626 2382 2654 2432 6
2709 2379 2840 2441 Θεὸς
2876 2383 2965 2432 τὸν
2995 2384 3224 2451 οὐρανὸν
3263 2384 3357 2436 καὶ
3400 2386 3498 2452 τὴν
3529 2386 3651 2453 γῆν.
3692 2405 3708 2436 1

2158 2469 2510 2539 Εύαγγελίου,
2549 2488 2567 2521 1
2626 2473 2803 2542 Πάτερ
2853 2473 3022 2542 Κύριε
3072 2475 3166 2528 τοῦ
3215 2477 3447 2547 ούρανοῦ
3494 2481 3589 2531 καὶ
3626 2479 3717 2546 τῆς

2157 2578 2280 2628 γης·
2317 2579 2336 2612 ι

2242 2655 2496 2722 Ὁρατῶν
2517 2673 2580 2708 τε
2601 2656 2842 2710 πάντων
2863 2659 2958 2711 καὶ
2991 2658 3278 2726 ἀοράτων.
3299 2659 3532 2726 Παῦλος,
3562 2681 3579 2712 1
3601 2662 3719 2714 Εἴτε

2158 2747 2328 2817 ὁρατὰ
2354 2751 2463 2801 εἴτε
2510 2751 2740 2820 ἀόρατα,
2775 2752 2952 2804 πάντα
2982 2751 3047 2805 δι’
3096 2754 3264 2806 αὐτοῦ
3310 2759 3405 2806 καὶ
3458 2758 3538 2818 εἰς
3571 2757 3720 2808 αὐτὸν

2159 2841 2424 2908 ἔκτισται,
2459 2843 2522 2894 ὲκ
2553 2842 2646 2895 τοῦ
2681 2844 2893 2912 Πατρὸς
2921 2845 3163 2914 δηλονότι
3187 2849 3276 2898 διὰ
3300 2847 3394 2900 τοῦ
3424 2848 3716 2917 Χριστοῦ.»

2173 2931 2232 2985 ’0
2265 2933 2428 2985 Δαϐὶδ
2455 2936 2554 2998 ὅτι,
2591 2953 2608 2985 1
2651 2936 2815 2998 Αὐτὸς
2846 2933 2987 3001 εἷπε,
3040 2941 3133 2990 καὶ
3181 2938 3550 3008 ἐγεννήθησαν
3579 2957 3592 2971 ·
3625 2941 3725 2993 αύ-

2159 3023 2246 3082 τὸς
2283 3024 2519 3076 ὲνετείλα
2537 3043 2607 3087 ιο,
2641 3028 2730 3078 καὶ
2763 3025 3114 3097 ἐκτίσθησαν.
3159 3048 3176 3081 1

2230 3116 2335 3169 Kal
2366 3119 2450 3181 εἰς
2479 3117 2586 3171 ἕνα
2615 3121 2834 3186 Κύριον
2863 3119 3107 3184 ἰησοῖον
3139 3121 3419 3188 Χριστὸν,
3450 3121 3554 3175 τὸν
3589 3124 3726 3176 ﬁer

2157 3211 2264 3264 τοῦ
2297 3211 2443 3264 Θεοῦ
2471 3213 2578 3264 τὸν
2603 3213 2924 3281 μονογενῆ.
2973 3211 3204 3275 Παύλου,
3245 3233 3262 3265 1
3303 3215 3414 3267 Καὶ
3467 3217 3596 3284 ἡμῖν
3646 3211 3727 3278 εἷς

2153 3304 2289 3367 Θεὸς
2319 3305 2347 3356 6
2402 3305 2590 3375 Πατὴρ
2632 3306 2732 3357 καὶ
2781 3300 2860 3368 εἷς
2915 3305 3117 3374 Κύριος
3148 3305 3360 3376 Ἰησοῦς
3406 3307 3664 3376 Χριστός.
3699 3326 3721 3359 1

2158 3487 2209 3532 et
2255 3477 2489 3531 mundus
2542 3491 2647 3530 nou
2696 3477 2916 3547 agnovit
2953 3488 3023 3542 te,
3065 3496 3084 3529 1
3148 3488 3252 3534 et:
3297 3498 3317 3530 1
3359 3480 3439 3533 Ad
3507 3482 3722 3535 Patrem

2157 3589 2336 3629 meum
2393 3573 2736 3643 proﬁciscar,
2797 3591 2814 3624 1
2881 3581 2989 3627 et:
3037 3591 3055 3622 1
3097 3571 3456 3640 lnterrogabo
3511 3570 3723 3625 Patre;-

2159 3683 2362 3729 meum,
2395 3684 2414 3717 1
2462 3675 2515 3719 et
2555 3682 2618 3718 :i
2666 3664 2734 3718 Mi
2765 3663 2947 3729 Pater,
3005 3665 3056 3718 in
3115 3679 3314 3718 manus
3396 3674 3520 3719 tuas
3573 3664 3718 3717 trado

2157 3758 2406 3826 Spiritum
2434 3774 2636 3818 meum.
2667 3776 2684 3809 1
2712 3765 2765 3812 et
2790 3775 2802 3810 :
2834 3775 2850 3808 1
2887 3756 3006 3810 Non
3034 3770 3198 3825 posse
3225 3770 3312 3809 me
3337 3769 3482 3808 nunc
3513 3754 3722 3823 precari

2157 3847 2374 3902 Patrem
2416 3862 2618 3901 meum.
2665 3865 2682 3898 1
2726 3846 2963 3902 Petrus:
3001 3866 3019 3898 1
3080 3846 3410 3902 Benedictus
3472 3847 3613 3901 Deus
3671 3856 3724 3901 et

2160 3938 2318 3994 Pater
2335 3938 2548 3992 Domini
2579 3940 2750 3994 nostri
2778 3939 2908 3994 Jesn
2933 3937 3159 3994 Christi.
3197 3955 3215 3990 1
3252 3940 3459 3994 Paulus
3485 3954 3502 3995 :
3538 3957 3556 3991 1
3586 3939 3722 3994 Deus

2158 4040 2210 4086 et
2239 4031 2395 4084 Pater
2425 4029 2640 4083 Domini
2670 4030 2838 4084 nostri
2872 4029 3002 4084 Iesu
3029 4030 3257 4087 Christi.
3303 4048 3324 4080 ι

2231 4121 2669 4190 Omnipotcntem.
2697 4120 2990 4175 Zacharias
3023 4135 3039 4174 :
3072 4137 3091 4171 1
3129 4119 3255 4174 Ηίεο
3279 4119 3414 4174 dicit
3453 4119 3722 4174 Dominus

2158 4214 2524 4282 omnipotens,
2566 4231 2584 4263 1
2619 4222 2672 4266 et
2709 4229 2723 4265 :
2760 4232 2775 4263 1
2801 4214 2858 4265 ln
2877 4213 3096 4267 domum
3130 4212 3346 4264 Domini
3374 4213 3724 4280 omnipoten-

2161 4305 2250 4370 tis,
2292 4323 2309 4356 1
2331 4313 2384 4359 et
2413 4322 2426 4358 :
2453 4322 2471 4355 1
2509 4304 2646 4358 Dicit
2679 4304 2936 4360 Dominus
2966 4306 3332 4370 omnipotens.
3363 4324 3380 4356 1
3415 4304 3674 4357 lezechiel
3707 4320 3722 4356 :

2161 4414 2182 4446 1
2208 4394 2439 4458 Adonai,
2459 4393 2688 4448 Domine
2715 4414 2732 4446 1
2759 4396 2806 4447 id
2826 4406 2930 4457 est,
2951 4396 3316 4463 omnipotens.
3337 4395 3466 4448 Item
3485 4395 3722 4447 Sabaoth

499 4514 528 4552 a
563 4497 767 4552 divinis
796 4494 1043 4563 patribus
1079 4489 1439 4558 compositum
1468 4485 1652 4547 fuerit,
1673 4491 1729 4536 ut
1749 4494 2054 4551 cognosca-
2084 4499 2134 4558 Β
2158 4485 2583 4552 omnipotentem
2617 4485 2912 4552 signiﬁcat,
2947 4487 3090 4553 quod
3119 4497 3541 4555 cognomentum
3567 4489 3720 4537 omni

498 4603 746 4654 mus,eos
763 4584 1072 4653 symbolum
1094 4598 1198 4635 non
1215 4596 1277 4634 ex
1293 4579 1510 4648 ingenio
1528 4592 1624 4630 suo
1638 4574 2052 4644 conscripsisse,

491 4683 584 4736 sed
617 4696 646 4734 ο
676 4679 848 4734 sacris
877 4677 1073 4730 litteris
1105 4673 1407 4728 verecunde
1434 4667 1680 4723 collectis
1721 4667 2055 4722 testimoniis

493 4783 546 4825 it
591 4774 781 4825 hausta
813 4783 992 4823 τοι-11111
1024 4767 1329 4822 divinarum
1354 4760 1599 4816 scientia.
1622 4754 1894 4810 Nimirum
1916 4770 2057 4824 sym-

493 4863 602 4917 boli
651 4861 820 4916 divini
850 4861 1008 4913 verba
1050 4866 1258 4910 tantum
1284 4867 1394 4906 non
1415 4850 1598 4905 omnia
1620 4863 1650 4903 e
1668 4847 1838 4902 sacris
1864 4845 2057 4899 litteris

492 4956 807 5023 deprompta
832 4959 980 5016 sunt,
1011 4945 1313 5018 utsingulis
1335 4942 1470 4996 locis
1489 4957 1518 4994 a
1540 4955 1624 4994 me
1641 4939 2054 5008 significabitur.

563 5046 754 5101 Credo.
791 5041 1136 5111 Evangelium
1193 5057 1206 5095 :
1245 5057 1260 5089 1
1299 5035 1488 5090 Credis
1531 5034 1582 5086 in
1619 5031 1816 5085 Filium
1877 5028 1992 5091 Dei,
2033 5046 2050 5080 1

491 5148 583 5190 et:
628 5156 644 5188 1
686 5135 922 5190 Creditis
974 5134 1027 5186 iu
1063 5129 1254 5191 Deum,
1315 5127 1476 5182 etiam
1532 5124 1586 5176 in
1622 5139 1705 5177 me
1755 5121 1981 5177 credite.
2029 5137 2049 5170 1

493 5228 810 5296 Apostolus,
851 5243 867 5275 1
893 5223 1066 5278 Crede
1100 5221 1152 5274 in
1185 5219 1371 5275 Jesum
1397 5214 1708 5271 Dominum.
1751 5231 1768 5264 1

565 5313 632 5368 In
665 5330 824 5367 unum
856 5312 1042 5364 Deum.
1071 5308 1424 5376 Evangelium
1457 5323 1470 5358 :
1511 5324 1529 5356 1
1560 5304 1980 5374 Utcognoscant
2006 5309 2056 5354 te

495 5421 660 5461 unum
684 5420 867 5458 rerum
892 5402 1079 5456 Deum.
1110 5421 1128 5453 ι
1159 5399 1347 5455 Frater
1369 5397 1614 5450 Domini:
1652 5394 1851 5449 «Crede
1885 5394 2051 5447 Deum

492 5513 634 5552 esse.
670 5515 687 5548 1
727 5487 960 5549 Paulus:
1001 5512 1018 5545 1
1047 5495 1121 5548 Ac
1144 5492 1284 5546 Deus
1313 5499 1497 5544 noster
1519 5491 1696 5549 l’atcr,
1718 5501 1781 5540 ex
1803 5501 1911 5553 quo
1935 5498 2055 5538 om-

494 5585 580 5641 nia
614 5598 665 5642 et
698 5603 796 5642 nos
825 5602 888 5641 ex
925 5584 1036 5651 illo,
1064 5595 1115 5639 et
1135 5600 1274 5639 unus
1306 5582 1569 5636 Dominus
1600 5583 1760 5634 Jesus
1779 5576 2054 5643 Christus,

496 5698 592 5750 per
631 5698 790 5751 quem
823 5678 1026 5734 omnia.
1058 5697 1076 5729 1

564 5773 801 5826 Patrem.
865 5769 1270 5840 Evangelium:
1334 5787 1351 5819 1
1410 5764 1657 5821 Ascendo
1711 5762 1772 5815 ad
1831 5761 2048 5815 Patrem

494 5877 672 5916 meum
703 5871 753 5916 et
789 5869 991 5930 patrem
1018 5868 1261 5914 vestrum
1306 5874 1318 5910 :
1349 5875 1366 5908 1
1403 5867 1455 5911 et
1490 5874 1502 5909 :
1545 5873 1562 5907 1
1625 5853 1825 5908 Sancte
1866 5851 2045 5919 Pater,

2159 4575 2412 4631 Trinitati
2445 4574 2611 4630 Isaias
2635 4577 2823 4630 tribuit
2857 4577 2938 4631 liis
2963 4577 3143 4631 verbis
3180 4595 3193 4630 :
3235 4596 3253 4627 1
3283 4576 3538 4642 Sanctus,
3565 4592 3722 4630 sanc-

2159 4675 2284 4732 tus,
2347 4677 2567 4723 sanctus
2627 4666 2889 4720 Dominus
2947 4666 3206 4721 Sabaoth.
3244 4687 3262 4719 1
3320 4665 3715 4734 Erangelinm:

2164 4776 2182 4810 1
2223 4758 2384 4812 Pater
2416 4759 2542 4814 εαξῑί
2594 4770 2648 4814 et
2695 4771 2874 4814 terra).
2917 4778 2933 4809 1
2993 4752 3161 4813 David
3190 4778 3204 4813 :
3235 4778 3254 4810 1
3303 4759 3359 4812 ln
3397 4775 3561 4813 manu
3597 4760 3713 4828 «jus

2160 4849 2374 4903 termini
2406 4860 2584 4904 terra}.
2625 4868 2643 4902 1
2697 4851 2802 4915 Qui
2863 4852 2914 4903 in
2964 4862 3184 4918 pectore
3217 4849 3429 4903 Domini
3465 4851 3665 4920 quievit
3701 4870 3714 4903 :

2164 4958 2182 4991 1
2215 4938 2315 5005 Qui
2351 4948 2453 5005 est,
2480 4949 2597 4994 erat
2625 4949 2678 4995 et
2711 4941 2815 4994 erit
2844 4941 3210 5008 omnipotens.
3240 4960 3258 4992 1

2230 5031 2512 5086 Factorem
2547 5032 2662 5086 ειείί
2694 5044 2740 5086 et
2767 5044 2940 5086 ten-ir.
2981 5033 3236 5104 Moyses:
3277 5050 3296 5084 1
3337 5032 3396 5086 In
3453 5031 3715 5100 principio

2161 5122 2303 5178 Deus
2329 5123 2451 5178 fecit
2486 5125 2685 5178 caelum
2725 5134 2780 5178 et
2807 5134 3028 5177 terram.
3061 5142 3078 5174 1
3108 5125 3467 5193 Evangelinm
3504 5142 3516 5177 :
3549 5141 3568 5173 1
3619 5121 3717 5175 Pa-

2161 5223 2263 5278 ter,
2302 5213 2526 5267 Domine
2563 5213 2687 5268 cceli
2717 5222 2772 5268 et
2803 5223 2980 5267 terrae.
3021 5231 3039 5264 1

2241 5305 2533 5359 Visibilium
2556 5309 2786 5360 omnium
2809 5319 2856 5361 et
2875 5308 3247 5363 invisibilium.
3273 5307 3474 5362 Paulus
3503 5325 3516 5359 :
3546 5325 3566 5359 1
3594 5306 3719 5360 Sive

2160 5399 2396 5452 visibilia
2431 5400 2546 5452 sive
2585 5399 2904 5462 invisibilia,
2931 5401 3114 5452 omnia
3140 5417 3233 5467 per
3267 5416 3390 5453 eum
3424 5410 3476 5454 et
3505 5403 3569 5452 ad
3593 5415 3716 5452 eum

2162 5493 2300 5546 facta
2332 5500 2475 5554 sunt,
2511 5506 2539 5544 a
2571 5493 2733 5546 l‘atre
2764 5492 2970 5547 sciliCet
2997 5509 3093 5562 per
3124 5493 3428 5547 Christum.
3459 5511 3475 5544 1
3508 5491 3677 5544 David
3705 5510 3719 5545 :

2166 5582 2312 5652 «ipse
2341 5582 2555 5642 dixit,et
2580 5591 2704 5634 nata
2727 5590 2873 5646 sunt;
2904 5583 3272 5651 ipsejussit,et
3297 5582 3510 5634 vendita
3533 5592 3712 5635 suum

2233 5673 2299 5726 Et
2330 5675 2378 5724 in
2397 5689 2555 5724 unum
2583 5670 2863 5724 Dominum
2886 5671 3064 5724 Iesum
3083 5673 3373 5733 Christum,
3392 5670 3598 5724 Filium
3627 5672 3721 5725 Dei

2162 5764 2510 5832 unigenitum.
2537 5760 2740 5815 Paulus
2772 5779 2789 5815 :
2833 5781 2851 5813 1
2891 5762 3061 5816 Nobis
3089 5771 3171 5816 est
3194 5777 3334 5815 unus
3367 5761 3506 5814 Deus
3542 5764 3717 5822 I‘aier.

2159 5861 2213 5909 ct
2255 5867 2394 5906 unus
2432 5851 2694 5907 Dominus
2719 5851 2876 5908 Jcsus
2924 5852 3193 5906 Christus.
3249 5872 3266 5904 1
3319 5851 3670 5916 Εναιιιιοὶἰιιιι)
3704 5870 3717 5905 :
