3960 6598
319 477 453 542 1065

1325 479 1787 542 ‘CHIiONlCON
1825 480 2091 540 MAIUS.
2121 503 2189 514 —
2219 476 2364 537 LIB.
2402 475 2500 534 TV.

3401 457 3542 528 1036

301 594 663 662 Εὑαγγελιου,
689 612 708 646 3
738 589 862 646 Ἵνα
888 595 1202 663 γινώσκωσί
1234 614 1292 649 σε
1323 599 1414 650 ’ὢν
1436 599 1688 667 ἀληθινὸν
1713 597 1865 656 Θεὸν,
1905 601 1944 655 Α
2047 595 2196 648 Θεὸν
2223 591 2518 660 ἀληθινὸν
2541 590 2608 640 ἐκ
2638 587 2785 641 Θεοῦ
2825 583 3140 651 ἀληθινοῦ.
3172 581 3280 635 Τοῦ
3319 582 3544 651 ἠγαπηο

303 686 402 739 καὶ
434 685 492 737 ὃν
521 684 845 746 ἀπέστειλας
880 684 1092 752 Ἰησοῦν
1124 687 1383 754 Χριστόν.
1418 704 1436 736 3
1483 685 1614 747 Kal,
1653 702 1671 734 3
1719 683 1792 736 Σὺ
1824 677 1874 734 εἷ

301 778 331 827 ὁ
361 776 597 844 Χριστὸς
619 776 646 828 ό
681 775 807 834 Υἱὸς
831 774 926 827 τοῦ
960 773 1096 828 Θεοῦ
1121 776 1213 828 τοῦ
1245 775 1468 838 ζῶντος.
1513 792 1531 826 3
1578 777 1708 836 Kal.
1745 791 1763 824 3
1801 772 1872 826 Σὺ

302 861 358 920 εἷ
384 870 411 919 6
446 865 572 930 Υἱός
601 884 706 936 μου
741 867 770 920 6
819 867 1171 934 ἀγαπητός..)
1211 867 1340 927 Kal,
1381 884 1399 918 3
1452 865 1624 932 Κάγὼ
1655 863 1875 935 ἑώρακα

304 963 401 1012 καὶ
452 963 791 1014 πεπίστευκα
820 961 902 1014 ὅτι
934 954 1085 1024 οὗτός
1143 961 1290 1012 ἐστιν
1317 963 1343 1010 6
1393 959 1627 1028 Χριστὸς
1667 960 1696 1010 6
1745 957 1874 1019 Υἱὸς

305 1052 404 1105 ’τοῦ
436 1051 590 1105 Θεοῦ.
633 1071 654 1103 3
692 1052 824 1117 Καὶ,
863 1071 881 1104 ι
920 1052 991 1106 Σὺ
1027 1051 1302 1114 πιστεύεις
1339 1053 1418 1114 εἰς
1464 1053 1556 1104 τὸν
1601 1051 1728 1104 Υἱὸν
1782 1048 1875 1103 τοῦ

306 1143 468 1196 Θεοῦ.
515 1162 535 1194 3
569 1144 700 1207 Καὶ,
741 1143 971 1196 .ιἸ“αῦτα
1014 1143 1325 1214 γέγραπται
1377 1144 1463 1196 ἵνα
1510 1143 1878 1195 πιστεύσωσιν

306 1235 392 1287 ὅτι
417 1227 567 1296 οὗτός
600 1236 806 1288 ὲστιυό
851 1235 1087 1305 Χριστὸς
1115 1235 1143 1286 6
1176 1235 1301 1298 Υόὺς
1346 1234 1442 1288 τοῦ
1487 1233 1644 1287 Θεοῦ.
1685 1251 1704 1285 3
1747 1234 1876 1294 Kal,

317 1346 337 1378 3
390 1327 450 1379 Ὀ
492 1328 790 1396 μονογενὴς
822 1327 970 1389 Υἱὸς,
1003 1329 1032 1380 6
1067 1325 1142 1379 ὢν
1172 1328 1252 1389 εις
1279 1327 1370 1379 τὸν
1399 1327 1596 1379 κόλπον
1625 1325 1717 1377 τοῦ
1769 1326 1880 1376 Πα-

305 1417 459 1482 ςτρὸς,
487 1420 692 1484 ἐκεῖνος
737 1417 1068 1486 ἐξηγήσατο.
1101 1437 1130 1471 3
1171 1420 1300 1482 Kal,
1339 1436 1358 1470 3
1417 1416 1608 1480 Οὕτως
1658 1418 1880 1486 ἠγαπη-

309 1525 406 1560 σεν
429 1512 456 1562 6
484 1509 614 1571 Θεὸς
643 1511 733 1562 τὸν
761 1511 996 1579 κόσμον,
1016 1511 1160 1564 ῶστε
1191 1511 1282 1563 τὸν
1321 1510 1445 1564 Υιὸν
1477 1510 1641 1562 αὑτοῦ
1667 1511 1756 1562 τὸν
1785 1527 1882 1578 μο-

303 1599 507 1665 ,νογενῆ
540 1599 729 1652 ἔδωκε.
757 1619 775 1651 3
798 1603 905 1658 Kal
930 1602 958 1652 6
978 1602 1358 1670 ἠγαπημένος,
1392 1621 1411 1654 3
1445 1601 1556 1656 Ἵνα
1576 1602 1882 1672 γινώσκητε

313 1693 441 1758 περὶ
470 1691 562 1743 τοῦ
590 1691 916 1761 μονογενοῦς
954 1693 1110 1752 rios.
1139 1713 1162 1746 3

389 1783 506 1837 Τὸν
531 1785 601 1838 ἐκ
653 1785 758 1838 τοῦ
813 1789 1039 1855 Πατριξς
1069 1787 1432 1854 γεννηθέντα
1485 1787 1598 1856 πρὸ
1642 1787 1886 1841 πάντων

1979 689 2161 758 μένου,
2195 706 2213 738 ι
2243 681 2410 746 Οὗτός
2440 685 2586 736 ἐστιν
2621 682 2649 734 6
2680 677 2934 749 ἀληθινὸς
2975 677 3105 738 Θεὸς
3140 677 3235 728 καὶ
3268 675 3380 744 ζωὴ
3411 676 3546 758 αἰών

1978 755 2141 843 νιος,»
2174 781 2288 840 καὶ,
2323 797 2340 828 3
2365 776 2562 845 Ἐσμὲν
2591 776 2650 827 ὲν
2673 773 2748 843 τῷ
2776 770 3040 841 ἀληθινῷ,
3068 771 3123 822 ὲν
3147 768 3353 838 τῷΥἱῷ
3383 755 3547 821 αῦτοῦ

1977 871 2154 940 Ἰησοῦ
2199 870 2442 940 Χριστῷ.
2475 886 2493 918 3
2541 864 2896 934 Ιοῖῦαγγελῑου,
2952 882 2970 913 3
3007 861 3150 931 Ἐγώ
3192 861 3307 930 εἰμι
3355 861 3388 928 ἡ
3415 860 3546 927 ἀλή·

1976 962 2418 1023 θειαδοῐῐαύλου,
2451 981 2468 1012 3
2500 961 2656 1013 Κατὰ
2679 959 2778 1028 τὴν
2807 957 3126 1025 ἐπιφάνειαν
3153 953 3250 1021 τῆς
3275 951 3433 1024 δόξης
3455 952 3550 1006 τοῦ

1980 1057 2222 1125 μεγάλου
2253 1053 2390 1106 Θεοῦ
2423 1053 2518 1105 καὶ
2550 1050 2804 1119 Σωτῆρος
2837 1049 2993 1117 ἡμῶν
3024 1047 3201 1116 Ἰησοῦ
3230 1043 3492 1112 Χριστοῦ.
3529 1061 3549 1096 3

2049 1146 2452 1213 Γεννηθέντα.
2501 1143 2838 1213 Παροιμιῶν,
2875 1161 2892 1192 3
2934 1142 3046 1209 Πρὸ
3073 1141 3129 1192 δὲ
3176 1139 3388 1194 πάντων
3437 1135 3559 1205 βουσ-

1977 1241 2086 1292 νῶν
2116 1240 2282 1308 γεννᾷ
2324 1256 2413 1306 με.
2451 1257 2468 1288 3
2507 1235 2872 1304 E6ayysllou,
2910 1251 2930 1286 3
2967 1231 3111 1300 Ἐγὼ
3133 1233 3212 1294 εἰς
3239 1230 3399 1283 τοῦτο
3431 1229 3558 1294 ὲλήο

1977 1333 2115 1385 λυοα
2153 1332 2246 1384 καὶ
2277 1332 2357 1391 εἰς
2386 1329 2546 1384 τοῦτο
2575 1330 2938 1396 γεγέννημαι.
2963 1345 2993 1382 .3
3028 1325 3136 1378 Τοῦ
3166 1323 3554 1393 ἠγαπημένον,

1985 1442 2006 1474 3
2047 1423 2106 1477 Ὀ
2125 1424 2353 1490 ἀγαπῶν
2378 1425 2468 1474 τὸν
2498 1403 2862 1491 γεννήσαντα,
2900 1420 3092 1490 ἀγαπᾷ
3122 1419 3218 1472 καὶ
3249 1419 3344 1469 τὸν
3366 1430 3552 1482 γεγεν·

1981 1517 2214 1585 νημένον
2239 1515 2299 1579 ἐξ
2339 1514 2525 1568 αὑτοῦ.
2561 1532 2580 1563 3

2054 1607 2217 1679 434
2243 1609 2324 1660 Οὐ
2352 1607 2696 1670 ποιηθέντα.
2718 1585 3054 1672 Γεγέννηται
3081 1601 3212 1673 γὰρ,
3237 1601 3299 1654 06
3334 1599 3564 1669 πεποίη-

1983 1717 2073 1750 ται
2098 1701 2233 1766 μετὰ
2259 1699 2366 1750 τῶν
2391 1699 2732 1763 κτισμάτων,
2761 1698 2844 1749 ὅτι
2877 1695 3040 1755 αὐτὸς
3064 1695 3281 1748 πάντων
3305 1690 3558 1758 ποιητής.

1989 1790 2223 1851 Παύλου,
2260 1807 2278 1840 ι
2317 1788 2395 1840 Δι’
2426 1783 2487 1841 06
2541 1787 2792 1849 καὶτοὺς
2844 1787 3049 1849 αἰῶνας
3099 1785 3344 1853 ἐποίησε.
3381 1801 3408 1832 .3
3452 1781 3564 1848 Τῆς

313 1875 434 1928 τῶν
460 1877 708 1930 αἰώνων.
746 1878 1101 1945 Εὐαγγελίου,
1134 1897 1152 1929 3
1195 1881 1309 1942 Πᾶς
1334 1882 1358 1932 6
1386 1881 1618 1947 ἀγαπῶν
1646 1881 1739 1933 τὸν
1761 1898 1886 1950 γεν-
1917 1924 1960 1950 ι,
1989 1880 2211 1944 Σοφξας,
2251 1897 2269 1930 3
2315 1880 2375 1930 't)
2407 1880 2640 1946 ποιήσας
2675 1878 2743 1930 τὰ
2773 1878 2950 1929 πάντα
2977 1877 3032 1927 ὲν
3066 1875 3209 1944 λόγῳ
3250 1890 3364 1926 σου.
3405 1890 3424 1923 3

316 1966 576 2035 νήσαντα,
612 1964 772 2036 6,33
803 1968 993 2038 ἀγαπᾷ
1026 1969 1118 2022 καλ⁵
1147 1969 1237 2021 τὸν
1262 1971 1660 2039 γεγεννημένον
1685 1971 1745 2035 ἐξ
1791 1971 1888 2023 a6-

316 2054 434 2109 τοῦ.
470 2075 489 2107 3
526 2058 656 2122 Kal,
686 2076 704 2108 3
748 2058 862 2110 Νῦν
905 2059 1125 2124 δόξασόν
1172 2078 1238 2128 με
1267 2064 1334 2132 τῇ
1364 2062 1490 2133 δόξῃ
1605 2058 1752 2131 εἶχον
1785 2063 1890 2131 1:96

300 2147 412 2201 ποῦ
439 2149 530 2203 τὸν
562 2149 768 2219 κόσμον
796 2145 936 2204 εἰναι
966 2152 1121 2222 παρὰ
1146 2155 1248 2216 col,
1284 2172 1302 2206 3
1337 2155 1454 2220 καὶ,
1487 2173 1505 2206 3
1529 2155 1616 2207 Ἑν
1653 2156 1796 2224 ἀρχῇ
1823 2151 1890 2224 ἦν

317 2242 346 2291 6
375 2234 570 2308 Λόγος,
605 2261 624 2294 3
664 2244 778 2305 καὶ,
817 2244 916 2296 3'0
943 2243 1018 2298 ῶν
1045 2247 1100 2298 ὲν
1123 2247 1240 2308 τοῖς
1273 2246 1492 2310 κόλποις
1527 2246 1623 2298 τοῦ
1655 2247 1888 2316 Πατρός,

236 2353 250 2364 ·
317 2335 438 2396 sul,
471 2351 491 2386 3
541 2334 600 2388 '0
629 2331 694 2405 ἢν
725 2335 820 2387 ἀπ’
845 2335 1047 2405 ἀρχῆς.
1079 2355 1098 2388 3
1146 2337 1492 2404 Ἀποστόλου,
1526 2357 1545 2390 3
1583 2337 1704 2390 Ἐπ’
1733 2338 1890 2406 ἐσχα-

320 2416 430 2476 των
461 2425 569 2476 τῶν
601 2425 829 2494 ἡμερῶν
864 2426 1070 2479 τούτων
1112 2427 1376 2496 ἐλάλησεν
1406 2430 1538 2498 ἡμῖν
1569 2431 1626 2480 ὲν
1658 2429 1793 2498 Υῐῷ,
1824 2429 1891 2482 δι’

320 2518 381 2578 οὗ
423 2519 514 2570 καὶ
559 2521 686 2572 106:
718 2519 921 2583 αἰῶνας
979 2522 1226 2592 ἐποίησε.
1274 2542 1292 2573 3
1331 2522 1670 2592 Παροιμιῶν,
1723 2541 1741 2574 ι
1780 2523 1894 2594 Πρὸ

319 2600 414 2660 τοῦ
449 2608 649 2666 αἰῶνος
669 2610 1004 2678 ἐθεμελίωσέ
1038 2630 1127 2681 με,
1158 2613 1262 2681 πρὸ
1293 2614 1349 2667 δὲ
1375 2614 1595 2668 πάντων
1625 2614 1734 2666 τῶν
1769 2614 1894 2685 βου·

325 2701 433 2752 νῶν
482 2704 645 2772 γεννᾷ
701 2720 791 2770 με.
856 2722 874 2754 3
926 2705 1286 2773 Εὐαγγελίου,
1325 2725 1343 2758 3
1378 2707 1476 2760 Ἐκ
1525 2707 1618 2760 τοῦ
1681 2708 1895 2777 Πατρδς

321 2793 551 2864 ἐξῆλθον
586 2796 680 2848 καὶ
708 2797 853 2864 ἥκω,
893 2815 910 2847 3
953 2797 1070 2862 καὶ,
1107 2817 1128 2850 3
1164 2797 1424 2868 Ἐξῆλθον
1451 2801 1517 2853 ὲκ
1544 2798 1639 2852 τοῦ
1682 2800 1894 2870 Πατρὶς

317 2888 419 2941 ι)ιαί
446 2887 677 2958 ἐλήλυθα
705 2888 789 2950 εἰς
816 2888 909 2940 τὸν
943 2889 1167 2956 κόσμον.
1213 2908 1232 2941 3

385 2974 525 3041 Φῶς
551 2979 620 3030 ἐκ
673 2985 884 3046 φωτός.
929 2979 1291 3048 Εὐαγγελεου,
1342 2999 1360 3032 ι
1401 2982 1518 3035 Ἵνα
1569 2985 1897 3055 μαρτυρήσῃ

329 3072 454 3140 περὶ
489 3070 583 3123 τοῦ
635 3072 830 3138 φωτὸς,
867 3089 887 3123 ι
940 3073 1056 3136 καὶ,
1096 3091 1117 3125 3
1149 3069 1256 3126 Ἦν
1298 3073 1358 3128 τὸ
1397 3075 1510 3141 φῶς
1561 3075 1839 3146 ἀληθινὸν,
1870 3077 1899 3130 6

325 3159 743 3229 φωτίζειπάντα
772 3161 1062 3232 ἄνθρωπον
1078 3165 1375 3234 ἐρχόμενον
1402 3168 1483 3229 εις
1505 3166 1596 3218 τὸν
1623 3168 1849 3238 κόσμον.
1872 3185 1892 3220 3

2069 1971 2430 2040 Ὀμοούσιον
2457 1968 2535 2034 τῷ
2584 1969 2788 2038 ΠατρΙ.
2824 1968 3184 2036 Εὑαγγελίου,
3223 1985 3242 2018 3
3284 1966 3428 2032 Ἐγὼ
3473 1963 3566 2015 καὶ

1989 2064 2017 2115 6
2042 2063 2232 2132 Πατήρ
2263 2079 2365 2132 μου
2397 2062 2458 2114 ἓν
2487 2062 2679 2130 ἔσμεν,
2713 2078 2732 2112 3
2763 2061 2878 2123 καὶ,
2913 2078 2931 2111 ι
2965 2059 3079 2113 οὐκ
3100 2058 3304 2122 οἴδατε,
3337 2058 3419 2108 ὅτι
3453 2054 3564 2121 ἐγὼ

1988 2155 2049 2209 ὲν
2076 2159 2154 2224 τῷ
2195 2155 2371 2224 Πατρὶ
2397 2154 2491 2207 καὶ
2519 2155 2546 2206 6
2575 2152 2759 2222 Πατὴρ
2794 2154 2852 2204 ἐν
2881 2153 3045 2220 ὲμοὶς
3083 2170 3101 2201 3
3147 2149 3262 2212 καὶ,
3303 2169 3321 2200 ι
3374 2149 3432 2200 Ὀ
3463 2149 3565 2200 ἐω-

1995 2243 2178 2315 ρακώς
2213 2262 2279 2312 με
2305 2243 2521 2314 ἑώρακε
2553 2243 2643 2296 τὸν
2670 2243 2914 2312 Πατέρα.
2951 2261 2970 2294 3
3017 2240 3254 2304 Παύλου,
3295 2257 3314 2290 ι
3359 2241 3454 2301 ’ος
3487 2236 3566 2290 ὣν

1993 2336 2332 2405 ἀπαύγασμα
2371 2336 2466 2404 τῆς
2495 2334 2654 2402 δόξης
2698 2336 2794 2387 καὶ
2839 2333 3132 2404 χαρακτὴρ
3183 2337 3282 2400 τῆς
3322 2333 3565 2384 ὑποστά-

1993 2446 2128 2492 σεως
2165 2427 2354 2491 αὑτοῦ,
2393 2446 2412 2478 3
2447 2429 2565 2490 καὶ,
2608 2447 2625 2478 3
2673 2430 2766 2488 '0;
2809 2428 2866 2478 ὲν
2915 2429 3094 2495 μορφῇ
3126 2424 3258 2477 Θεοῦ
3303 2424 3566 2493 ὑπάρχων

1991 2523 2092 2593 οὐχ
2120 2522 2416 2590 ἁρπαγμὸν
2443 2521 2693 2591 ἡγήσατο
2722 2519 2782 2572 16
2819 2515 2960 2572 εἶναι
2995 2519 3084 2570 ica
3119 2517 3260 2585 Θεῷ,
3293 2515 3407 2567 ἀλλ’
3437 2517 3567 2568 tau:

1994 2617 2086 2670 τὸν
2119 2615 2353 2668 ὲκένωσε
2394 2613 2609 2685 μορφὴν
2644 2613 2835 2666 δούλου
2858 2610 3059 2664 λαϐὼν.
3099 2629 3118 2661 3

2065 2711 2149 2760 Δι’
2180 2701 2252 2763 οὗ
2281 2708 2354 2761 τὰ
2402 2706 2598 2760 πάντα
2623 2703 2886 2774 ἐγένετο.
2932 2702 3170 2760 Παύλου.
3203 2718 3221 2751 ι
3262 2703 3338 2753 Δι’
3377 2695 3436 2753 οῦ
3465 2701 3569 2758 ,καὶ

1994 2799 2124 2861 τοὺς
2151 2799 2356 2860 αἰῶνας
2382 2798 2627 2867 ἐποίησε,
2674 2815 2694 2850 3
2732 2799 2844 2859 καὶ,
2886 2812 2904 2845 ι
2941 2795 3123 2848 Πάντα
3158 2793 3227 2846 δι’
3263 2791 3432 2845 αὑτοῦ
3474 2792 3570 2844 καὶ

1995 2893 2078 2954 εἰς
2108 2892 2271 2944 αὑτὸν
2317 2890 2584 2952 ἔκτισται,
2620 2908 2637 2941 3
2678 2892 2794 2949 καὶ.
2839 2905 2857 2938 ι
2906 2887 3077 2948 Αὐτός
3126 2887 3243 2938 ἐστι
3291 2883 3398 2953 πρὸ
3432 2883 3568 2934 πάνο

1997 3003 2128 3048 των,
2161 2984 2343 3038 καὶτὰ
2381 2982 2558 3035 πάντα
2586 2983 2643 3034 ὲν
2685 2980 2833 3049 αὐτῷ
2874 2979 3226 3048 συνέστηκεν.
3264 2995 3282 3028 3
3319 2977 3571 3042 Εὖαγγερ-

1999 3077 2136 3138 λῑου,
2176 3093 2198 3128 3
2247 3073 2434 3128 Πάντα
2463 3074 2532 3127 δι’
2571 3071 2739 3126 αὐτοῦ
2779 3071 3019 3140 ἐγένετο,
3069 3071 3164 3122 καὶ
3197 3069 3365 3138 χωρὶς
3403 3066 3569 3124 αὐτοῦ

2002 3169 2218 3236 ὲγένετο
2246 3167 2368 3221 οὐδὲ
2417 3167 2476 3219 ἓν
2499 3164 2528 3218 6
2576 3165 2789 3234 γέγονε.
2827 3182 2855 3218 _3
2896 3163 3240 3233 Παροιμιῶν,
3275 3180 3292 3212 3
3324 3160 3442 3231 Πρὸ
3474 3159 3570 3213 τοῦ

323 3251 512 3315 Δαὸλδ,
540 3271 562 3303 3
597 3252 690 3306 Ἐν
723 3253 800 3322 τῷ
829 3253 967 3321 φωτί
993 3270 1087 3307 σου
1121 3255 1367 3325 ὀψόμεθα
1413 3256 1549 3326 φῶς.
1589 3276 1611 3311 3
1657 3259 1894 3325 Παύλου,
1919 3250 1968 3314 C
1999 3259 2198 3323 αἰῶνος
2228 3257 2560 3329 ἐθεμελίωσέ
2596 3273 2686 3327 με.
2724 3274 2743 3308 3
2775 3257 2947 3309 Τοῦτο
2972 3255 3028 3308 δὲ
3061 3255 3160 3324 τὴν
3192 3256 3250 3306 ἐν
3286 3251 3363 3322 τῷ
3399 3253 3573 3320 Πατρὶ

337 3361 358 3396 3
406 3345 502 3406 ’ος
527 3343 602 3398 ῶν
627 3344 970 3416 ἀπαύγασμα
998 3347 1099 3416 τῆς
1125 3349 1302 3420 δόξης.
1341 3368 1360 3402 3

329 3541 356 3576 3
389 3516 904 3594 Ut‘cngnoscantte
952 3541 1143 3582 verum
1196 3529 1366 3583 Deum
1399 3538 1454 3583 et
1505 3546 1668 3602 quem
1696 3536 1897 3590 misisti

333 3613 513 3670 Iesum
540 3618 839 3685 Christum,
875 3604 989 3674 »ἐι
1016 3639 1029 3674 :
1064 3639 1082 3671 3
1118 3619 1198 3677 Tu
1225 3638 1284 3677 es
1305 3623 1580 3690 Christus,
1606 3624 1778 3682 Filius
1806 3628 1900 3682 Dei

333 3707 462 3772 vivi,
515 3727 538 3760 3
569 3718 664 3764 et:
702 3730 722 3762 3
767 3709 848 3764 Tu
885 3726 945 3766 es
980 3711 1154 3768 Filius
1204 3729 1361 3768 meus
1413 3715 1670 3770 dilectus.
1711 3735 1730 3768 3
1770 3727 1824 3772 et
1884 3737 1897 3774 :

329 3817 356 3859 ,3
390 3797 501 3869 Ego
527 3801 635 3854 vidi
663 3810 716 3856 et
741 3803 971 3869 credidi,
1021 3805 1168 3860 hunc
1218 3820 1340 3860 esse
1362 3806 1649 3861 Christum
1699 3807 1898 3868 Filium

333 3887 449 3954 Dei,
485 3907 504 3940 3
543 3900 631 3945 et:
663 3908 687 3944 .3
723 3891 914 3948 Credis
946 3893 997 3946 in
1033 3893 1228 3955 Filium
1256 3896 1374 3957 Dei,
1416 3915 1436 3948 3
1476 3910 1528 3951 et
1565 3914 1579 3952 :
1619 3917 1637 3950 3
1683 3898 1898 3969 Scripta

334 3982 451 4036 haec
479 3990 626 4045 sunt,
655 3992 711 4034 ut
733 3984 978 4048 credant,
1015 3984 1161 4039 hunc
1195 4001 1318 4042 esse
1357 3986 1639 4043 Christum
1699 3989 1899 4044 Filium

327 4073 453 4139 Dei,
487 4093 506 4125 3
539 4083 594 4129 et
627 4093 641 4130 :
678 4095 697 4127 3
730 4075 1056 4146 Unigenitus
1081 4078 1278 4139 Filius.
1310 4081 1402 4148 qui
1431 4089 1514 4135 est
1551 4081 1605 4134 in
1638 4082 1762 4137 sinu
1803 4083 1906 4138 Pa-

335 4167 457 4229 tris,
491 4165 579 4218 ille
616 4166 774 4221 nobis
817 4170 1095 4237 exposuit.
1125 4187 1144 4222 3
1187 4168 1250 4221 Et
1283 4186 1296 4220 :
1335 4189 1353 4222 3
1385 4170 1536 4224 Adeo
1561 4171 1704 4226 Deus
1740 4187 1902 4226 mun-

335 4257 462 4308 dum
494 4257 704 4320 dilexit,
734 4267 792 4313 ut
819 4259 1033 4314 dederit
1058 4261 1400 4330 unigenitum
1419 4261 1620 4318 Filium
1653 4281 1840 4320 suum.
1877 4285 1897 4319 3

331 4347 402 4401 Et
427 4349 698 4403 dilectus:
738 4369 755 4402 3
797 4349 864 4406 Ut
889 4354 1234 4423 cognoscatis
1255 4355 1452 4409 Filium
1481 4358 1849 4425 unigenitum.
1878 4380 1897 4412 3

411 4442 474 4492 Et
496 4457 559 4494 ex
591 4441 751 4496 Patre
781 4455 1083 4512 generatum
1105 4458 1227 4500 ante
1261 4450 1439 4501 omnia
1467 4449 1686 4503 arcula.
1724 4451 1899 4504 Evan—

337 4533 536 4600 gelium
574 4551 585 4585 :
620 4552 638 4584 3
676 4533 779 4600 Qui
811 4546 1196 4604 generatorem
1234 4549 1403 4603 amat,
1439 4550 1586 4596 amat
1615 4544 1780 4597 etiam
1809 4559 1899 4613 ge.

338 4635 584 4677 neratum
612 4642 674 4678 ex
696 4640 783 4690 eo,
815 4645 834 4677 3
862 4636 946 4680 ct:
986 4646 1006 4678 3
1033 4626 1285 4682 Gloritica
1309 4645 1392 4682 me
1419 4645 1480 4684 ea
1506 4633 1698 4700 gloria,
1729 4651 1895 4704 quam

339 4716 500 4768 habui
532 4715 671 4783 apud
703 4726 765 4769 te
832 4725 955 4770 ante
1011 4719 1270 4774 mundum
1315 4723 1622 4788 conditum,
1666 4743 1684 4775 3
1726 4737 1779 4779 et
1819 4746 1830 4781 :
1873 4747 1892 4779 3

301 4813 304 4815 “
337 4805 395 4858 ιιι
431 4807 699 4875 principio
730 4817 848 4860 erat
881 4807 1139 4871 Verbum,
1179 4829 1198 4860 3
1229 4819 1326 4865 et:
1359 4829 1376 4860 3
1406 4811 1508 4877 Qui
1539 4822 1658 4867 erat
1693 4816 1745 4868 in
1775 4818 1900 4871 sinu

341 4898 538 4959 Patris,
571 4918 590 4950 3
627 4909 680 4952 et
723 4915 736 4951 :
789 4920 806 4951 3
848 4901 947 4964 Qui
981 4911 1097 4953 erat
1125 4901 1249 4953 inde
1280 4917 1309 4958 a
1363 4903 1656 4972 principio.
1689 4923 1711 4955 π
1762 4907 1905 4974 Apo-

343 4993 518 5046 stolus
554 5008 567 5044 :
610 5009 628 5040 3
667 4991 936 5046 Extremis
970 4991 1054 5049 his
1095 4993 1289 5046 diebus
1344 4994 1558 5048 locutus
1585 5006 1668 5049 est
1709 4998 1894 5050 nobis-

339 5099 458 5137 cum
497 5085 548 5136 in
583 5083 739 5145 Filio,
776 5099 870 5151 per
886 5099 1047 5151 quem
1081 5086 1276 5139 saecula
1313 5087 1578 5141 condidit.
1615 5107 1632 5138 3
1663 5088 1894 5144 Prover-

341 5177 424 5226 bia
451 5194 463 5227 ;
502 5193 520 5224 3
555 5169 694 5228 Ante
714 5175 912 5228 sarcula
941 5175 1186 5228 condidit
1229 5192 1335 5241 me,
1367 5189 1492 5232 ante
1522 5194 1713 5234 omnes
1737 5181 1904 5235 colles

342 5268 507 5336 g'gnit
531 5282 669 5328 me.3
701 5265 1085 5335 Evangeliuin:
1115 5284 1133 5317 3
1162 5269 1200 5320 Ε
1224 5267 1381 5322 Patre
1415 5270 1522 5324 exii
1557 5279 1609 5324 et
1638 5273 1854 5335 adsum,
1881 5291 1901 5324 3

342 5370 391 5410 et
434 5375 446 5408 :
489 5377 506 5408 3
551 5359 671 5412 Ειίἰ
704 5375 734 5412 e
765 5357 949 5422 Patre,
980 5369 1035 5412 et
1062 5360 1192 5413 veni
1222 5360 1274 5413 in
1307 5360 1450 5415 hunc
1473 5364 1758 5417 mundum.
1793 5383 1812 5415 3

322 5485 328 5490 ι
411 5453 606 5506 Lumen
635 5456 698 5506 de
723 5453 935 5506 lumine.
1001 5452 1384 5521 Evangelium:
1450 5453 1550 5508 illi.
1612 5465 1904 5510 testaretttr

347 5545 407 5598 de
446 5546 703 5605 lumine,3
731 5556 784 5598 et
816 5543 974 5600 3Erat
1009 5559 1193 5596 verum
1265 5544 1445 5599 lumen
1499 5547 1644 5615 quod
1677 5547 1911 5606 illustrat

346 5652 558 5692 umnem
594 5635 870 5690 hominem
917 5636 1008 5704 qui
1041 5637 1093 5688 in
1148 5637 1414 5689 mundum
1447 5638 1616 5692 venit.
1652 5656 1670 5690 3
1709 5639 1908 5694 David:

353 5729 442 5781 3lu
480 5729 684 5782 lumine
725 5737 817 5789 tuo
865 5728 1171 5783 videbimus
1234 5726 1472 5782 Iunten.3
1503 5728 1745 5788 Paulus:
1775 5729 1911 5796 ιριιί

350 5831 466 5875 erat
499 5820 756 5889 splendor
785 5835 1141 5889 repercussus
1176 5820 1414 5891 gloriam

417 5911 585 5972 Deum
641 5929 822 5968 verum
881 5913 947 5967 de
1009 5912 1118 5967 Deo
1169 5929 1311 5970 vero.
1349 5913 1618 5971 Dilectus:
1664 5913 1801 5971 _3llic
1831 5925 1915 5976 est

2005 3354 2272 3424 μαρτυρεῐ
2316 3353 2416 3421 τῆς
2442 3349 2625 3419 ζώσης
2671 3349 2862 3416 σοφίας
2893 3347 3056 3401 αὑτοῦ
3089 3349 3194 3415 πρὸ
3244 3346 3436 3406 αἰῶνος
3476 3348 3573 3396 καὶ

1995 3528 2145 3582 Deus
2205 3543 2367 3580 verus
2418 3536 2470 3578 et
2505 3526 2612 3577 vita
2655 3532 2912 3584 :eterna,3
2953 3530 3001 3574 et
3045 3536 3057 3570 :
3101 3519 3334 3572 3Sumus
3362 3517 3414 3570 in
3445 3531 3572 3582 vero

2003 3619 2135 3682 Deo,
2175 3619 2228 3670 in
2294 3616 2429 3670 Filio
2483 3617 2602 3682 ejus
2648 3613 2778 3668 Jesu
2819 3612 3063 3670 Christo.
3097 3629 3122 3664 3
3177 3609 3570 3677 Evangeliuiu:

2009 3731 2027 3763 3
2062 3711 2171 3779 Ego
2205 3726 2324 3764 sum
2361 3709 2584 3764 veritas.
2609 3724 2630 3758 3
2665 3706 2905 3760 Paulus:
2941 3725 2958 3756 3
2992 3703 3096 3758 Per
3126 3705 3420 3756 adventum
3460 3701 3577 3769 glo-

2004 3805 2098 3859 riae
2135 3803 2311 3872 magni
2339 3800 2430 3854 Dei
2461 3809 2515 3854 et
2545 3798 2850 3854 Salvatoris
2885 3797 3058 3850 nostri
3081 3793 3212 3849 Jesu
3239 3794 3498 3850 Chiistia

2070 3892 2344 3948 Genitnm.
2385 3886 2678 3944 Proverbia
2707 3904 2722 3940 :
2778 3885 2946 3939 3Ante
2975 3899 3166 3939 omnes
3207 3883 3375 3935 Colles
3407 3881 3576 3950 gignit

2005 4001 2144 4038 mea
2180 3983 2541 4050 Evangelinm
2575 3995 2591 4033 :
2627 3976 2775 4045 3Ego
2815 3975 2881 4033 ad
2914 3976 3015 4028 hoc
3043 3975 3162 4030 veni
3186 3972 3323 4026 etad
3353 3973 3450 4024 hor
3485 3988 3577 4040 ge-

2005 4075 2151 4130 nitus
2179 4089 2354 4127 suum
2392 4071 2664 4125 Dilectus:
2702 4067 2837 4134 3Qui
2867 4067 3170 4137 genitorem
3201 4073 3369 4127 amat,
3407 4063 3574 4116 etiam

2005 4167 2246 4237 genitum
2270 4179 2336 4218 ex
2353 4178 2472 4218 eo..3

2075 4258 2192 4313 Non
2221 4258 2441 4326 factum.
2479 4255 2710 4312 Genitus
2749 4253 2895 4309 enim
2947 4262 3029 4306 est
3054 4291 3067 4314 ,
3091 4265 3202 4314 non
3242 4250 3416 4302 factus
3447 4264 3572 4303 cum

2005 4353 2291 4414 creaturis,
2332 4350 2459 4421 quia
2487 4351 2604 4420 ipse
2632 4348 2882 4404 omnium
2944 4353 3164 4400 creator
3193 4351 3296 4396 est.
3333 4341 3570 4394 I’aulus:

2010 4447 2145 4500 3Per
2173 4459 2332 4514 quem
2364 4445 2528 4498 etiam
2570 4441 2771 4496 saecula
2806 4437 3102 4494 condidit.3
3133 4434 3300 4490 Liber
3334 4434 3572 4504 Sapien-

2003 4541 2138 4596 tiae:
2177 4559 2195 4592 3
2229 4539 2332 4606 Qui
2364 4546 2558 4594 cuncta
2594 4536 2724 4591 fecit
2755 4537 2808 4589 in
2846 4534 3068 4588 nomine
3099 4543 3211 4586 tuo.
3245 4550 3265 4584 3

2081 4629 2591 4688 Consubslantialem
2607 4627 2779 4680 Patri.
2803 4623 3148 4693 Evangelium
3171 4642 3188 4673 3
3204 4621 3312 4690 Ego
3337 4634 3390 4675 et
3416 4619 3579 4675 Pater

2007 4735 2180 4770 unum
2242 4734 2457 4781 sumus,
2488 4737 2505 4766 3
2540 4726 2628 4771 et:
2668 4717 2779 4770 3An
2815 4713 3065 4774 nescitis,
3100 4726 3184 4764 ine
3212 4712 3263 4764 in
3305 4711 3487 4774 Pulre,
3525 4721 3574 4764 et

1997 4810 2218 4864 Patrem
2244 4809 2296 4862 in
2347 4823 2431 4862 me
2471 4822 2651 4867 esse,3
2701 4819 2802 4860 et:
2847 4823 2864 4856 3
2905 4806 3006 4870 Qui
3047 4820 3133 4857 me
3173 4807 3329 4868 vidit,
3361 4805 3575 4856 Patrem

2005 4899 2193 4952 vidit.3
2249 4899 2488 4956 Paulus:
2549 4894 2680 4968 ιριί
2736 4907 2819 4949 est
2877 4894 3136 4964 splendor
3200 4910 3564 4963 repercussus

2007 4987 2194 5058 gloria:
2246 4997 2298 5040 et
2320 4971 2600 5041 character
2627 5001 2872 5055 persouze
2897 4986 3074 5053 ejus,3
3125 4991 3179 5037 et
3208 5001 3221 5037 :
3258 5004 3274 5036 3
3314 4984 3416 5048 Qui
3450 5002 3576 5040 cum

2006 5089 2150 5135 esset
2182 5081 2234 5133 in
2267 5079 2442 5142 forma
2496 5080 2612 5140 Dei,
2650 5063 2898 5147 rapinam
2935 5093 3054 5136 esse
3087 5093 3192 5130 non
3221 5079 3574 5143 existimavit,

2008 5175 2152 5246 quod
2194 5171 2304 5226 Deo
2336 5188 2432 5242 par
2453 5181 2619 5238 esset,
2658 5173 2750 5226 sed
2785 5171 2902 5239 ipse
2935 5185 3056 5225 sese
3083 5171 3355 5239 spoliavit,
3402 5170 3576 5227 forma

2010 5266 2151 5321 servi
2179 5265 2384 5318 induta.
2401 5283 2419 5315 3

2085 5357 2188 5411 Per
2209 5374 2361 5428 quem
2387 5359 2566 5412 omnia
2594 5363 2738 5428 ,ἀτια
2791 5367 2933 5412 sunt.
2972 5356 3210 5411 Paulus:
3259 5356 3391 5410 3Per
3415 5371 3576 5427 quem

2010 5451 2209 5503 saecula
2242 5449 2418 5514 fecit,3
2447 5459 2498 5503 et
2524 5466 2537 5503 :
2569 5469 2585 5500 3
2607 5449 2816 5504 Cunrta
2851 5465 2945 5518 per
2973 5466 3098 5504 eum
3130 5459 3183 5503 et
3203 5450 3268 5503 ad
3295 5466 3418 5504 eum
3441 5463 3577 5504 cons

2011 5547 2118 5599 dita
2157 5553 2303 5604 sunt,
2341 5561 2360 5594 3
2398 5551 2493 5596 et:
2533 5543 2686 5611 3lpse
2716 5553 2842 5597 ante
2868 5544 3052 5596 omnia
3085 5553 3189 5609 est,
3227 5553 3280 5598 et
3312 5546 3494 5598 omnia
3523 5545 3575 5596 in

2013 5637 2132 5706 ipso
2165 5635 2528 5689 consistunt»
2565 5636 2952 5704 Evangelium:
2995 5633 3236 5690 3Cuncta
3269 5649 3362 5704 per
3399 5635 3576 5703 ipsum

2014 5730 2151 5780 l‘acta
2172 5736 2298 5780 sunt
2323 5733 2377 5778 et
2395 5717 2511 5778 siué
2533 5726 2653 5794 ipso
2671 5726 2805 5778 nihil
2835 5725 3037 5780 factum
3059 5735 3162 5785 est.
3189 5723 3337 5793 quod
3368 5721 3574 5777 iactum

2013 5827 2148 5873 εει.»
2186 5815 2510 5873 Proverbia:
2550 5818 2719 5871 3Aute
2763 5819 2965 5872 smcula
3010 5817 3255 5870 condidit
3291 5829 3432 5869 mea
3467 5812 3580 5871 Hoc

2015 5923 2198 5971 autem
2223 5913 2359 5970 viva:
2389 5913 2668 5982 sapientiae
2707 5915 2826 5981 ejus
2855 5915 2907 5968 in
2939 5912 3100 5968 Patre
3125 5920 3251 5969 ante
3285 5925 3447 5968 omne
3462 5925 3583 6006 ig-
