3960 6592
288 404 426 470 ῙὊῖὶ

1315 419 1770 482 CIIRONICON
1802 421 2071 485 MAJUS.
2105 445 2177 462 ·-
2232 429 2379 493 LIB.
2430 431 2530 492 IV.

3398 423 3536 488 1οιη

288 521 609 614 ἐσταυρώθη
633 523 727 579 xal
751 520 833 578 ἔτι
859 527 1036 602 ἐτάφη
1066 535 1160 588 καὶ
1176 534 1586 607 ὄτι-ἐγήγερται
1612 537 1678 606 τῇ
1708 535 1866 608 τρίτῃ
1896 543 1942 600 Α
1974 539 2074 608 μὲν
2098 536 2193 595 οὖν
2228 542 2434 613 Κύριος
2468 543 2607 614 μετὰ
2651 543 2711 598 τὸ
2760 545 2990 614 λαλῆσαι
3042 545 3222 607 αὐτοῖς
3257 543 3533 612 ἀνελήφθη

286 612 475 684 ἡμέρᾳ
504 619 640 672 κατὰ
663 619 762 682 τὰς
791 621 1033 692 Γραφάς.
1072 645 1091 678 »
1521 697 1524 700 ,

366 710 478 764 Kal
532 715 802 770 παθόντα
853 720 952 773 καὶ
1014 723 1298 792 ταφέντα.
1345 721 1645 787 Μωῦσέως,
1686 741 1706 774 ι
1761 723 1871 776 Kal

287 798 444 851 ἔσται
483 802 514 872 ἡ
547 803 658 873 ζωή
714 823 808 860 σου
856 814 1184 884 κρεμαμένη
1230 813 1491 866 ἀπέναντι
1525 813 1634 866 τῶν
1672 812 1870 881 ὀφθαλ-

293 890 560 970 μῶνὶσου.
610 914 629 946 »
691 897 942 964 Ἡσαΐου,
994 921 1013 954 «
1059 904 1146 967 Ὠς
1188 903 1460 974 πρόϐατον
1507 905 1600 957 ἐπὶ
1655 903 1872 974 σφαγὴν

284 982 458 1053 ἤχθη,
497 1002 514 1036 ι
555 987 670 1066 κα),
701 1005 722 1040 t
755 988 857 1044 Τὸν
876 994 1044 1048 νῶτόν
1080 1013 1181 1064 μου
1206 995 1385 1050 ἔδωκα
1411 997 1491 1059 εἰς
1524 996 1816 1066 μάστιγας.
1846 1013 1866 1047 »

287 1077 478 1144 Δαίῆδ,
514 1097 533 1130 «
573 1063 697 1135 ’ότι
744 1083 856 1151 ἐγὼ
909 1087 989 1150 είς
1033 1063 1308 1156 μόιστιγας
1359 1063 1600 1160 ἐτοιμθςο
1642 1107 1662 1142 ³
1698 1089 1871 1158 ΖαΧα⁶

288 1172 440 1241 ρίου,
481 1193 498 1226 «
535 1173 601 1227 Τί
644 1176 700 1228 al
744 1179 954 1246 πληγαὶ
1001 1175 1159 1235 αὗται
1213 1183 1486 1266 αναμέσον
1526 1183 1635 1235 τῶν
1668 1183 1874 1253 χειρῶν

291 1280 428 1328 eoo;
471 1267 563 1318 καὶ
596 1269 714 1337 ἐρεῖ
743 1268 807 1331 ἃς
858 1272 1106 1344 ἐπλήγην
1135 1275 1192 1326 ἐν
1222 1274 1300 1344 τῷ
1330 1274 1465 1345 οῐκῳ
1498 1274 1576 1344 τῷ
1604 1267 1874 1342 ἀγαπητῷ

295 1371 425 1422 μου.
469 1375 488 1407 ι
530 1357 884 1428 Εύαγγελίου,
919 1381 938 1414 «
996 1363 1121 1418 Ὅτι
1164 1365 1272 1418 ἔδει
1317 1365 1492 1430 οὓτως
1541 1367 1736 1420 παθεῖν
1782 1365 1874 1417 τὸν

289 1445 536 1516 Χριστὸν
567 1451 660 1502 καὶ
696 1453 961 1507 εἰσελθεῖν
987 1457 1068 1519 είς
1107 1459 1203 1528 τὴν
1225 1455 1386 1522 δόξαν
1415 1457 1608 1512 αὐτοῦ.
1646 1477 1665 1511 s
1699 1457 1876 1526 Εὐαγ-

290 1540 508 1608 γελίου,
548 1559 568 1592 «
613 1542 725 1596 Kal
773 1544 954 1599 λαϐὼν
992 1548 1054 1601 τὸ
1113 1549 1274 1618 σῶμα
1329 1551 1357 1603 6
1390 1548 1587 1619 Ἰωσὴφ
1637 1549 1878 1615 ἐτύλιξεν

223 1673 234 1684 .
293 1631 434 1684 αὐτὸ
473 1632 670 1685 σινδόνι
715 1635 959 1708 καθαρᾷ,
993 1639 1088 1692 καὶ
1120 1639 1316 1708 ῐθηκεν
1350 1640 1483 1694 αὐτὸ
1524 1641 1584 1692 ἐν
1617 1640 1874 1712 μνημείῳ

295 1723 474 1793 καινῷ
494 1724 522 1777 δ
548 1720 616 1796 ἦν
645 1726 1087 1798 λελατομημένον
1111 1733 1174 1785 ἐκ
1201 1733 1428 1803 πέτρας.
1458 1751 1477 1784 ι
1508 1733 1641 1796 Kal,
1671 1751 1689 1784 ι
1720 1732 1877 1786 Ἕλαο

1971 632 2052 694 είς
2077 632 2202 696 τοὺς
2227 635 2490 701 οὐρανοὺς
2515 637 2609 688 καὶ
2633 635 2883 690 ἐκάθισεν
2915 637 2978 689 ἐκ
3004 635 3192 699 δεξιῶν
3222 635 3314 688 τοῦ
3343 634 3532 686 Θεοῦ.»

1975 723 2107 788 Kal,
2138 741 2157 775 t
2199 724 2448 793 Ἐγένετο
2479 728 2536 780 ἐν
2559 727 2638 795 τῷ
2659 728 2900 794 εὐλογεῖν
2921 726 3083 780 αύτδν
3115 725 3334 789 αὐτοὺς,
3357 725 3537 783 διέστη

1973 815 2068 868 ἀπ’
2097 816 2277 869 αὐτῶν
2310 818 2402 870 καὶ
2440 817 2732 886 ἀνεφέρετο
2758 818 2836 880 είς
2862 819 2952 871 τὸν
2983 819 3230 886 οὐρανόν.
3269 836 3287 868 »

2045 908 2151 964 Kal
2182 909 2372 964 πάλιν
2409 911 2735 980 ἐρχόμενον
2774 911 2927 980 μετὰ
2953 910 3140 976 δόξης
3183 910 3378 978 κρῖναι
3407 908 3543 969 ζῶν-

1973 1019 2082 1068 τας
2118 1000 2217 1055 καί
2263 1003 2538 1071 νεκρούς.
2590 1004 2870 1073 Πράξεων,
2912 1023 2930 1054 «
2971 1003 3198 1070 ’Ἄνδρες
3247 1001 3542 1062 Γαλιλαῖοι,

1976 1094 2028 1148 τί
2087 1093 2352 1163 ἑστήκατε
2407 1093 2696 1162 βλέποντες
2737 1095 2817 1158 είς
2883 1094 2974 1146 τὸν
3028 1091 3288 1162 ούρανόν;
3320 1091 3487 1152 Οὗτος
3518 1093 3546 1141 6

1992 1186 2195 1256 Ἰησοῦς
2220 1190 2248 1240 6
2275 1187 2608 1257 ἀναληφθεὶς
2641 1186 2733 1255 ἀφ’
2767 1185 2921 1256 ὑμῶν
2944 1187 3022 1248 εἰς
3053 1184 3141 1238 τὸν
3173 1183 3424 1254 οὐρανὸν,
3456 1175 3548 1234 ob-

1978 1298 2070 1344 τος
2121 1280 2404 1334 ἐλεύσεται
2445 1279 2627 1342 πάλιν,
2676 1279 2734 1331 ὃν
2784 1279 2988 1348 τρόπον
3030 1276 3330 1331 ἐθεάσασθε
3385 1275 3548 1327 αὑτὸν

1978 1371 2341 1440 ἀνερχόμενον
2375 1370 2456 1432 είς
2498 1369 2588 1421 τὸν
2622 1368 2871 1434 οὐρανόν.
2922 1386 2944 1419 »
2973 1366 3334 1434 Εύαγγελίου,
3381 1382 3399 1415 «
3436 1363 3550 1417 Kal

1977 1460 2095 1513 τότε
2118 1459 2315 1528 ὄψεσθε
2348 1460 2438 1514 τὸν
2471 1461 2595 1513 Υίον
2626 1459 2717 1513 τοῦ
2757 1459 3046 1530 ἀνθρώπου
3079 1459 3374 1528 ἐρχόμενον
3411 1456 3550 1524 μετὰ

1979 1551 2137 1621 δόξης
2168 1552 2262 1604 ἐπὶ
2292 1551 2402 1605 τῶν
2425 1550 2666 1621 νεφελῶν
2685 1568 2700 1585 ο
2733 1551 2827 1604 καὶ
2849 1552 2972 1604 τότε
3003 1550 3219 1604 καθίσει
3250 1552 3276 1602 6
3305 1549 3432 1610 Υίὺς
3455 1549 3552 1600 άν-

1980 1643 2201 1713 θρὼπου
2231 1643 2324 1696 ἐπὶ
2351 1643 2541 1713 θρόνου
2573 1643 2730 1708 δόξης
2769 1642 2956 1706 αὑτοῦ,
2988 1641 3080 1696 καὶ
3118 1641 3548 1712 συναχθήσονται

1979 1736 2288 1808 ἔμπροσθεν
2320 1738 2486 1791 αὐτοῦ
2517 1739 2695 1790 πάντα
2728 1736 2793 1790 tit
2829 1737 2980 1806 ἔθνη.
3023 1755 3043 1788 »
3080 1735 3362 1804 Πράξεων,
3404 1751 3421 1784 ι
3458 1731 3550 1784 οῖ-

294 1817 395 1868 δον
427 1815 520 1870 οὖν
547 1818 609 1872 τὸ
641 1820 801 1890 σῶμα
823 1821 917 1876 τοῦ
941 1823 1118 1895 Ἰησοῦ
1144 1827 1238 1879 καὶ
1262 1825 1459 1897 ἔδησαν
1483 1825 1614 1881 αὐτὸ
1643 1825 1876 1890 ὀθονίοις
1916 1895 1940 1897 ᾼ
1979 1844 2125 1889 τινες
2162 1829 2540 1896 συνεφάγομεν
2584 1827 2677 1880 καὶ
2727 1826 3056 1895 συνεπίομεν
3103 1824 3251 1894 αύτῷ
3288 1824 3427 1892 μετὰ
3487 1822 3549 1874 τδ

299 1907 442 1978 μετὰ
471 1910 580 1963 τῶν
599 1912 932 1983 ἀρωμάτων,
961 1915 1144 1979 καθὼς
1169 1917 1289 1981 ἔθος
1319 1895 1439 1972 ἐστὶ
1459 1919 1571 1980 τοῖς
1595 1917 1872 1982 Ἰουδαίοις
1910 1895 1950 1951 Β
1979 1919 2276 1984 ἀναστῆναι
2307 1895 2471 1972 αὐτὸν
2499 1921 2560 1972 ἐκ
2587 1917 2818 1987 νεκρῶν,
2851 1917 2948 1970 καὶ
2978 1917 3141 1970 πάλιν
3175 1915 3553 1986 παρήγγειλεν

295 2001 664 2070 ἐνταφιάζειν.
696 1999 806 2060 Ἦν
861 2007 919 2060 δὲ
958 2009 1016 2060 ἐν
1059 2008 1138 2078 τῷ
1181 2010 1330 2078 τόπῳ
1359 2010 1496 2065 ὅπου
1550 2008 1869 2080 ἐσταυρώθη

295 2096 496 2163 κῆπος,
528 2097 624 2150 καὶ
652 2097 711 2151 ἐν
749 2099 827 2168 τῷ
867 2102 1029 2173 κήπῳ
1056 2103 1324 2174 μνημεῖον
1363 2103 1570 2168 καινὸν,
1619 2105 1677 2156 ἐν
1704 2095 1749 2172 ᾧ
1777 2102 1870 2155 ού-

294 2185 446 2240 δέπω
478 2187 648 2250 ούδεὶς
679 2189 860 2260 ἐτέθη.
903 2209 922 2242 ι
1480 2239 1482 2241 .

369 2279 476 2332 Kal
507 2280 858 2337 ἀναστάντα
885 2283 960 2353 τῇ
992 2287 1159 2354 τρίτῃ
1189 2287 1380 2356 ἡμέρᾳ
1403 2284 1556 2340 κατὰ
1589 2287 1696 2353 τὰς
1723 2288 1875 2356 Γρα-

294 2370 438 2440 sedc.
489 2373 850 2443 Εὖαγγελίου,
911 2377 1228 2441 «Ἀναστὰς
1283 2379 1313 2431 6
1369 2379 1582 2448 Ἰησοῦς
1635 2380 1873 2452 Χριστὸς

295 2463 447 2534 τιρωῖ
477 2467 542 2536 τῇ
597 2466 789 2539 πρώτῃ
825 2467 1142 2523 Σαδσάτων.
1183 2489 1204 2521 »
1241 2469 1375 2534 Kal,
1419 2489 1438 2521 ι
1490 2469 1696 2543 Τρίτην
1733 2470 1872 2542 ὴμέ-

298 2572 401 2626 ραν
442 2556 569 2626 ἄγει
626 2560 866 2628 σήμερον
899 2559 992 2628 ἀφ’
1053 2559 1114 2613 οὗ
1163 2559 1337 2615 ταῦτα
1396 2561 1636 2630 ἐγένετο.
1677 2581 1698 2614 »
1741 2561 1872 2629 Kal,

304 2664 326 2698 ε
361 2647 629 2710 Ἀναστὰς
659 2650 688 2701 6
713 2647 924 2719 Ἰησοῦς
954 2650 1018 2703 ιιι
1041 2651 1254 2721 νεκρῶν
1279 2651 1410 2722 ἔστη
1443 2655 1502 2705 ἐν
1527 2653 1693 2725 Αθε
1719 2655 1874 2724 μέσῳ

297 2742 412 2794 τῶν
463 2743 748 2812 μαθητῶν,
799 2745 894 2797 καὶ
942 2743 1092 2812 λέγει
1142 2744 1350 2808 αὐτοῖς,
1396 2747 1603 2816 Είρηνη
1657 2748 1809 2816 ὑμῖν.
1848 2765 1868 2799 »

297 2835 434 2896 Kal,
480 2854 497 2887 «
535 2836 843 2905 Μνήσθητι,
889 2836 1090 2906 Κύριε,
1117 2837 1194 2900 ὡς
1246 2837 1506 2906 ἐλάλησεν
1542 2839 1673 2909 ἡμῖν
1708 2839 1766 2890 ἐν
1804 2840 1874 2909 τῇ

297 2927 582 2998 Γαλιλαίᾳ,
612 2929 788 2995 λέγων
817 2929 900 2982 δτι
930 2932 1022 2982 Δεῖ
1047 2930 1140 2983 τὸν
1173 2930 1304 2983 Υίὸν
1332 2930 1426 2984 τοῦ
1453 2929 1745 3001 ἀνθρώπου
1773 2947 1877 2984 πα-

303 3020 596 3089 ραδοθῆναι
644 3023 726 3083 είς
783 3024 974 3090 χεῖρας
1020 3020 1326 3093 ἀνθρώπων
1371 3024 1736 3094 ἁμαρτωλῶν,
1781 3024 1877 3078 xal

301 3111 702 3182 σταυρωθῆναι,
727 3113 820 3166 καὶ
847 3117 915 3184 τῇ
949 3114 1110 3186 τρίτῃ
1143 3117 1327 3188 ἡμέρᾳ
1351 3116 1678 3202 ἀνασξῆναι.
1713 3136 1728 3169 ι

372 3206 483 3259 Kal
507 3207 842 3295 ἀνελεᾷντα
886 3210 976 3273 εἰς
1001 3207 1140 3274 τοὺς
1170 3211 1468 3275 οὐρανοὺς
1508 3211 1607 3264 καί
1643 3209 1875 3271 καθεζύ-
1900 3241 1964 3311 ϐε

299 3311 487 3364 μενον
539 3296 607 3348 ἐκ
635 3294 856 3360 δεξιῶν
882 3296 991 3352 τοῦ
1034 3299 1288 3366 Πατρός.
1344 3299 1702 3368 Εὐαγγελίου,
1747 3318 1765 3352 ι
1807 3301 1875 3354 '0

299 3409 498 3462 ciiixns
537 3418 672 3463 est.»
740 3410 941 3465 Paulus
976 3427 991 3464 :
1029 3411 1368 3467 «Cruciflxus
1421 3424 1504 3468 cst
1532 3423 1583 3468 et
1627 3415 1875 3483 sepultus

300 3509 352 3554 et
385 3499 686 3555 suscitatus
710 3501 796 3555 die
829 3503 992 3557 tertio
1025 3503 1328 3558 secundum
1362 3503 1738 3574 Scripturas.»

374 3590 575 3646 Passus
593 3603 641 3646 et
676 3594 910 3662 sepultus
937 3605 1035 3649 est.
1069 3595 1282 3666 Moyses
1309 3613 1324 3652 :
1355 3597 1607 3666 «Eritqne
1634 3598 1743 3652 vita
1784 3608 1872 3652 tua

301 3698 564 3752 suspensa
621 3700 808 3740 coram
865 3687 1040 3742 oculis
1104 3688 1266 3744 tuis.»
1303 3687 1506 3741 Isaias:
1561 3687 1873 3757 «Tanquam

299 3787 474 3844 agnus
506 3775 573 3830 ad
623 3779 1010 3831 maetationem
1061 3778 1260 3833 ductus
1281 3785 1420 3841 est,»
1472 3785 1571 3832 et:
1611 3777 1874 3845 «Ter-gum

302 3880 484 3920 meum
514 3868 886 3936 castigandum
917 3868 1176 3938 praebui.»
1239 3867 1404 3923 David
1434 3886 1447 3921 :
1485 3886 1504 3919 «
1549 3866 1615 3923 Ut
1644 3869 1880 3938 rastigvr

302 3967 578 4026 paratus.»
614 3958 912 4016 Zacharias
933 3960 1100 4024 «Quid
1138 3962 1240 4016 sibi
1269 3961 1461 4014 volunt
1481 3961 1708 4015 vulnera
1759 3961 1876 4016 haec

302 4048 356 4103 in
421 4050 679 4107 manibus
721 4051 871 4107 tuis?
913 4059 968 4107 et
1017 4053 1394 4122 respondebit,
1433 4055 1756 4108 vulneratus
1783 4053 1878 4121 Siis

301 4154 421 4193 sum
499 4140 554 4194 in
624 4141 902 4197 domicilio
970 4157 1092 4198 meo
1149 4143 1374 4198 dilecto.
1410 4162 1430 4196 »
1485 4143 1875 4214 Evangelium:

306 4230 591 4301 «Oportuit
629 4233 704 4288 ita
733 4237 845 4303 pati
875 4235 1157 4290 Christum
1190 4247 1247 4290 et
1281 4237 1510 4291 introire
1545 4237 1599 4290 in
1643 4237 1872 4306 gloriam

301 4341 514 4381 suam.»
561 4325 920 4398 Evangeliunt
951 4345 966 4383 :
1007 4327 1395 4399 «EtJosephus
1423 4345 1548 4384 cum
1574 4331 1878 4400 accepisset

301 4435 522 4488 corpus,
585 4420 812 4476 involvit
864 4420 914 4474 id
954 4421 1188 4476 sindone
1239 4437 1376 4492 pura
1407 4431 1464 4476 et
1497 4423 1787 4477 collocavit
1822 4423 1875 4476 in

301 4517 654 4565 monumento
716 4525 880 4577 novo,
911 4513 1058 4582 quod
1115 4513 1168 4568 in
1207 4529 1342 4569 saxo
1374 4514 1623 4570 excisum
1685 4522 1867 4569 erat.»

1979 2012 2114 2080 ἡμῖν
2137 2009 2373 2080 κηρύξαι
2403 2011 2480 2082 τῷ
2507 2011 2622 2082 λαῷ
2653 2012 2745 2065 καὶ
2772 2007 3252 2080 διαμαρτύρασθαι
3277 2008 3359 2060 ὅτι
3389 2007 3551 2065 αὑτός

1979 2103 2127 2156 ἐστιν
2156 2105 2184 2156 6
2212 2103 2515 2172 ὡρισμένος
2539 2103 2643 2156 ὑπὸ
2674 2102 2766 2156 τοῦ
2795 2101 2934 2155 Θεοῦ
2973 2099 3166 2170 κριτὴς
3198 2098 3420 2164 ζώντων
3454 2098 3552 2149 καὶ

1979 2195 2144 2266 439
2179 2196 2410 2265 νεκρῶν.
2453 2215 2471 2248 s
2506 2195 2724 2264 Δανιὴλ,
2759 2213 2778 2245 «
2823 2193 3121 2263 Ἐθεώρουν
3151 2193 3256 2254 ἓως
3282 2183 3343 2242 οὗ
3371 2189 3550 2259 θρόνοι

1981 2288 2248 2357 ἐτέθησαν
2277 2290 2371 2343 καὶ
2397 2291 2424 2342 6
2455 2288 2694 2350 Παλαιὸς
2726 2289 2836 2340 τῶν
2866 2287 3089 2358 ἡμερῶν
3113 2285 3354 2345 ἐκάθισε,
3385 2301 3403 2332 »
3435 2283 3548 2345 καὶ,

1987 2399 2007 2432 ι
2051 2379 2181 2433 Ἰδοὺ
2231 2382 2259 2434 6
2288 2380 2416 2442 Υἱὸς
2446 2380 2542 2432 τοῦ
2590 2379 2880 2448 ἀνθρώπου
2923 2380 3012 2430 ἐπὶ
3040 2376 3279 2446 νεφελῶν
3320 2373 3552 2444 ἐρχόμε·

1983 2487 2093 2536 νος,
2124 2490 2143 2523 »
2178 2471 2274 2524 καὶ⁵
2310 2490 2328 2522 «
2362 2471 2507 2533 Ἕως
2534 2471 2628 2523 τοῦ
2665 2469 2904 2525 Παλαιοῦ
2927 2470 3034 2522 τῶν
3067 2468 3294 2537 ἡμερῶν
3323 2466 3549 2534 ἔφθασε,

1982 2564 2079 2619 καὶ
2118 2563 2268 2632 αύτῷ
2303 2563 2520 2633 ἐδόθη-ἡ
2554 2563 2690 2632 τιμὴ
2721 2563 2816 2614 καὶ
2848 2563 2879 2631 ἡ
2907 2561 3146 2624 ἐξουσία.
3183 2578 3202 2610 »

2050 2655 2133 2713 Οὗ
2175 2657 2286 2724 τῆς
2331 2656 2659 2720 βασιλείας
2691 2655 2802 2708 οὐκ
2851 2655 3022 2708 ἔσται
3083 2653 3281 2717 τέλος.
3334 2650 3554 2715 Δανιὴλ,

1990 2765 2010 2799 t
2051 2747 2214 2814 Καὶή
2253 2745 2502 2815 βασιλεία
2534 2744 2700 2797 αὐτοῦ
2725 2743 2966 2809 αίώνιος,
3000 2743 3093 2795 καὶ
3122 2744 3154 2814 ἡ
3187 2741 3430 2811 βασιλεία
3461 2741 3555 2792 αύ-

1983 2837 2077 2890 τοῦ
2109 2835 2225 2905 λαῷ
2268 2837 2442 2906 ἐτέρῳ
2483 2835 2579 2905 οὐχ
2611 2834 3076 2905 ύποληφθήσεται.
3119 2851 3137 2884 »
3197 2829 3554 2898 Eiixyysliou,

1992 2947 2011 2980 ι
2042 2928 2153 2980 Kal
2189 2927 2497 2996 βασιλεύσει
2524 2928 2614 2979 ἐπὶ
2642 2926 2737 2978 τὸν
2769 2921 2919 2978 οἶκον
2947 2924 3144 2978 Ἰακὼδ
3173 2925 3253 2985 είς
3279 2923 3404 2984 τοὺς
3426 2920 3576 2990 αἰῶ-κ

1985 3034 2104 3082 νας,
2130 3019 2226 3070 καὶ
2255 3018 2354 3086 τῆς
2382 3016 2665 3086 βασιλείας
2698 3014 2861 3068 αὑτοῦ
2893 3016 2994 3068 οὐκ
3017 3015 3171 3067 ἔσται
3205 3014 3376 3076 τέλος.
3427 3031 3446 3063 »

2056 3109 2130 3162 Τὸ
2163 3107 2360 3178 ἐφεξῆς
2389 3108 2641 3161 ἐντεῦθεν
2667 3108 2760 3160 τοῦ
2791 3107 2936 3176 ίεροῦ
2965 3106 3233 3178 συμϐόλου
3267 3107 3300 3176 ἡ
3332 3105 3558 3174 δευτέρα

1985 3202 2118 3270 ἁγία
2148 3201 2242 3256 καὶ
2281 3202 2637 3272 οίκουμενικὴ
2671 3201 2888 3264 σύνοδος
2918 3202 3243 3272 ἀπήρτισεν.

2047 3294 2159 3349 Kal
2183 3296 2272 3360 εἰς
2301 3294 2364 3348 τὸ
2403 3293 2645 3362 Πνεῦμα
2676 3294 2742 3347 τὸ
2774 3293 2970 3360 ἅγιον.
3007 3292 3365 3360 Εὑαγγελίου,
3397 3310 3416 3344 «
3454 3292 3561 3345 Ba-

1979 3407 2328 3478 Evangeliunt
2351 3426 2364 3463 :
2391 3425 2409 3459 «
2447 3407 2710 3462 Dominus
2739 3407 2926 3478 igitur,
2951 3415 3236 3478 postquam
3252 3406 3561 3468 locutusest

1977 3514 2100 3553 cum
2160 3500 2246 3565 iis,
2301 3509 2590 3567 susceptus
2643 3507 2726 3554 est
2781 3503 2833 3553 in
2894 3501 3066 3555 caelos
3092 3509 3146 3553 et
3173 3501 3426 3558 consedit
3491 3500 3559 3553 ad

1979 3591 2222 3645 dextram
2257 3590 2403 3643 Dei.»
2441 3589 2542 3644 Et;
2577 3609 2597 3641 «
2636 3591 2872 3655 Accidit,
2916 3600 3002 3658 ut,
3053 3592 3183 3645 dum
3214 3591 3562 3646 benediceret

1979 3676 2046 3732 iis
2069 3721 2082 3744 ,
2115 3680 2426 3747 disiunctus
2467 3679 2535 3732 ab
2570 3679 2660 3745 iis,
2699 3695 2917 3734 sursum
2960 3680 3194 3733 ferretur
3220 3680 3270 3733 in
3303 3681 3554 3734 ccelumt»

2053 3770 2122 3824 Et
2149 3771 2341 3824 iterum
2384 3779 2634 3823 venturus
2657 3779 2731 3823 est
2754 3787 2872 3823 cum
2905 3770 3098 3839 gloria,
3125 3771 3371 3840 judicare
3415 3774 3553 3826 vivos

1983 3873 2030 3917 et
2057 3871 2306 3915 mortuos.
2338 3861 2508 3916 Acta:
2554 3859 2698 3915 «Viri
2735 3860 2966 3925 Galiltei,
2995 3862 3124 3931 quid
3152 3863 3309 3917 statis
3342 3865 3558 3918 intuen-

1983 3962 2065 4005 tes
2103 3953 2156 4004 in
2186 3951 2382 4006 caelum
2408 3951 2431 4004 ?
2457 3949 2617 4006 Jesus
2649 3951 2757 4017 hic,
2786 3953 2879 4022 qui
2916 3953 3226 4022 disiunctus
3256 3970 3285 4008 a
3322 3955 3478 4009 vobis
3507 3965 3562 4009 et

1981 4056 2199 4096 sursum
2260 4049 2504 4111 receptus
2552 4051 2636 4096 est
2691 4043 2745 4097 in
2803 4045 3022 4109 coelum,
3085 4045 3282 4099 iterum
3357 4047 3556 4108 veniet.

1981 4131 2444 4201 quemadmodum
2491 4132 2706 4188 vidistis
2749 4149 2873 4187 enm
2922 4150 3083 4189 ascen
3109 4139 3306 4190 lentem
3353 4137 3406 4190 in
3443 4152 3559 4194 ca:-

1980 4224 2144 4279 lum.»
2183 4224 2566 4295 Evangelinm:
2604 4229 2769 4281 tTnm
2793 4228 3046 4283 videbitis
3078 4229 3282 4283 Filium
3317 4230 3558 4284 hominis
3641 4277 3646 4282 .

1981 4319 2292 4372 venientem
2334 4335 2458 4372 cum
2498 4321 2668 4389 gloria
2705 4321 2760 4375 in
2791 4321 3070 4387 nubibus;
3107 4327 3160 4377 et
3195 4332 3312 4376 tum
3345 4323 3560 4380 sedebit

1981 4406 2152 4463 Filius
2213 4410 2452 4465 hominis
2503 4410 2556 4464 in
2621 4411 2818 4466 throno
2883 4413 3065 4482 gloria:
3115 4425 3333 4479 suaa,ct
3360 4431 3560 4486 cogen-

1981 4511 2070 4556 tur
2136 4518 2320 4556 coram
2378 4518 2442 4558 eo
2494 4519 2685 4560 omnes
2737 4515 2948 4572 gentes.
2988 4525 3007 4558 »
3047 4508 3181 4562 Acta
3220 4524 3233 4561 :
3277 4507 3406 4574 «Qui
3439 4510 3557 4562 edi-

301 4603 366 4655 i-jt
399 4619 412 4654 :
449 4603 820 4672 «Acceperunt
843 4603 1011 4673 igitur
1036 4619 1236 4674 corpus
1264 4597 1394 4661 Iesu
1425 4615 1479 4658 et
1504 4606 1872 4660 obvinxerunt
1905 4592 1954 4650 D
1979 4610 2102 4649 mus
2131 4603 2186 4649 et
2212 4595 2453 4651 bibimus
2500 4611 2622 4651 cum
2653 4612 2718 4651 eo
2749 4613 2778 4651 e
2822 4600 3056 4654 mortuis
3086 4600 3378 4668 suscitato,
3421 4618 3550 4655 rur-

300 4694 352 4747 id
379 4694 559 4748 linteis
589 4709 713 4749 cum
739 4696 1100 4763 aromatibus,
1134 4697 1277 4752 sicut
1301 4711 1418 4750 nios
1448 4705 1533 4752 est
1555 4695 1756 4751 Judmis
1791 4696 1890 4774 ιἰι-⁸

299 4800 514 4840 nerare.
539 4783 667 4839 Erat
687 4795 868 4841 autem
891 4787 1086 4842 hortus
1109 4786 1165 4841 in
1194 4801 1261 4842 eo
1283 4787 1426 4852 loco,
1453 4786 1544 4840 ubi
1569 4785 1875 4841 cruxiﬁxus

299 4877 496 4939 fuerat,
547 4889 600 4932 et
629 4879 682 4932 in
717 4879 877 4934 horto
910 4887 1335 4935 monumentum
1398 4893 1628 4944 novum,
1665 4880 1719 4933 in
1757 4894 1872 4949 quo

298 4981 458 5020 nemo
487 4966 616 5020 dum
651 4971 861 5036 positus
893 4977 1027 5022 erat.
1047 4987 1066 5020 »

371 5060 440 5114 Et
457 5063 741 5114 resurrexit
766 5063 920 5116 tertio
941 5062 1025 5117 die
1037 5052 1323 5117 secundum
1347 5063 1678 5131 Scriptores.
1702 5061 1878 5116 Evan-

299 5153 499 5221 gelium
532 5170 547 5209 :
587 5173 606 5206 «
637 5153 961 5209 Resurrexit
1005 5155 1165 5210 Jesus
1200 5155 1458 5212 Christus
1500 5170 1661 5210 mane
1695 5154 1875 5224 primo

301 5243 388 5297 die
437 5242 845 5298 hebdomadis.»
883 5243 980 5298 Et:
1015 5245 1172 5300 «Dies
1229 5246 1428 5300 tertius
1461 5245 1619 5299 hodie
1652 5254 1758 5307 est,
1796 5259 1868 5299 ex

297 5347 407 5402 quo
439 5333 554 5388 haec
589 5332 731 5386 facta
752 5341 932 5387 sunta
958 5343 1014 5388 et
1042 5353 1054 5388 :
1089 5353 1110 5387 «
1146 5334 1307 5390 Jesns
1333 5352 1456 5390 cum
1477 5335 1874 5390 resurresisset

298 5425 611 5489 emortuis,
664 5425 804 5479 inter
867 5425 1078 5480 medios
1139 5426 1442 5496 discipulos
1482 5443 1612 5482 suos
1675 5425 1871 5493 adfuit,

299 5517 549 5584 dixitque
600 5515 691 5583 iis,
727 5515 837 5570 Pax
874 5523 993 5570 esto
1047 5515 1391 5572 vobiscum.»
1419 5526 1510 5572 et:
1547 5515 1870 5580 «Memento,

305 5605 556 5671 Domine,
580 5605 786 5660 dixisse
814 5620 938 5660 eum
972 5606 1132 5660 nobis
1167 5606 1220 5660 in
1272 5607 1514 5671 Galilaea,
1541 5606 1737 5661 Filium
1774 5607 1875 5662 hoc

304 5697 468 5751 minis
485 5706 741 5764 oportere
761 5696 901 5750 tradi
933 5697 985 5750 in
1011 5713 1206 5752 manus
1224 5697 1508 5752 hominum
1530 5699 1874 5768 peccantium

304 5799 357 5843 ct
381 5788 622 5858 crnciligi
641 5797 696 5843 et
725 5789 814 5844 die
841 5789 1004 5844 tertio
1043 5804 1380 5858 resurgere.»
1656 5863 1659 5866 _

371 5879 442 5934 Et
475 5882 712 5936 ascendit
741 5882 810 5936 ad
837 5882 1014 5952 caelos,
1050 5891 1096 5937 et
1130 5885 1269 5937 sedet
1296 5883 1365 5936 ad
1397 5882 1641 5936 dextram
1672 5879 1872 5954 Patris,

957 5989 990 6010 θ’

1980 4702 2215 4755 sumque
2278 4687 2436 4742 nobis
2479 4687 2778 4750 mandavit,
2814 4701 2874 4742 ut
2934 4691 3318 4746 nuntiaremus
3360 4696 3558 4762 populo

1978 4786 2032 4832 et
2061 4786 2407 4842 testaremnr,
2438 4793 2560 4833 sese
2582 4794 2700 4834 esse
2733 4795 2763 4832 a
2788 4779 2898 4834 Deo
2923 4782 3286 4835 constitutum
3311 4784 3555 4851 judicent

1980 4870 2276 4925 viventium
2307 4881 2362 4925 et
2394 4879 2760 4926 mortuorum.
2800 4889 2817 4921 »
2857 4871 3043 4926 Daniel
3075 4888 3088 4924 :
3135 4891 3154 4923 «
3197 4858 3458 4927 Videbam
3491 4892 3556 4929 eo

1976 4977 2173 5032 usque,
2201 4962 2292 5017 ubi
2327 4963 2507 5016 throni
2533 4964 2817 5018 constituti
2847 4973 3006 5017 erant
3043 4973 3096 5017 ct
3138 4963 3412 5033 Antiqnus
3446 4967 3560 5020 die—

1977 5069 2097 5108 rum
2131 5055 2430 5117 consedit,»
2461 5063 2553 5108 et:
2596 5073 2614 5105 «
2649 5055 2788 5108 Ecce
2821 5053 3018 5108 Filium
3055 5055 3296 5110 hominis
3329 5057 3558 5110 venien-

1976 5157 2142 5211 tem,»
2173 5156 2264 5201 et:
2308 5147 2524 5218 «Usque
2558 5148 2687 5202 dum
2721 5149 2997 5217 Antiquos
3029 5146 3239 5201 dierum
3274 5148 3558 5204 venirctet

1978 5241 2152 5294 honor
2185 5241 2233 5294 ei
2265 5255 2329 5294 ac
2357 5250 2600 5309 potestas
2633 5241 2912 5295 daretur.»

2047 5332 2212 5400 Cujus
2251 5334 2398 5403 regni
2435 5350 2539 5386 non
2589 5335 2689 5387 erit
2737 5333 2882 5398 ﬁnis.
2914 5335 3138 5389 Daniel:
3178 5353 3196 5387 t
3229 5333 3296 5389 Et
3318 5349 3553 5405 regnum

1975 5426 2094 5495 ejus
2126 5437 2390 5480 aeternum
2424 5428 2550 5489 erit,
2608 5441 2707 5480 nec
2752 5427 2946 5480 alienre
2983 5429 3133 5498 genti
3165 5428 3548 5496 subjicietur.»

1977 5520 2367 5589 Evangelium:
2409 5537 2426 5570 ς
2469 5518 2532 5572 Et
2589 5519 2835 5585 regnabit
2895 5519 2947 5572 in
3007 5519 3172 5575 domo
3221 5519 3411 5576 Jacobi
3459 5537 3556 5591 per

1975 5612 2157 5666 omnia
2179 5611 2396 5673 smcula.
2431 5625 2529 5664 nec
2561 5612 2667 5664 erit
2697 5611 2818 5664 linis
2843 5611 2992 5681 regni
3023 5613 3197 5682 ejus.»

2047 5700 2177 5765 Quae
2200 5702 2324 5754 hinc
2343 5701 2589 5768 sequitur
2617 5707 2788 5755 sancti
2811 5699 3055 5769 Symboli
3080 5717 3227 5770 pars.
3249 5717 3279 5756 a
3303 5703 3543 5757 secunda

1977 5799 2162 5844 sancta
2203 5800 2254 5844 et
2293 5791 2630 5847 (ecunienica
2671 5792 2878 5861 synodo
2906 5790 3089 5845 addita
3125 5801 3228 5845 est.

2051 5883 2122 5937 Et
2176 5885 2231 5938 in
2257 5884 2520 5956 Spiritum
2573 5898 2844 5941 sanctum.
2885 5883 3270 5957 Evangelium:
3313 5882 3548 5959 «Bapti-
