3960 6590
273 414 411 481 i013
1266 406 1718 470 CIIRONICON

1783 409 2060 470 MAJUS.
2098 431 2168 443 —
2204 407 2348 468 LIB.
2387 407 2481 467 IV.

3377 397 3529 465 illi!

345 523 447 586 Εἰς
470 519 615 589 μίαν
663 513 845 585 ἁγίαν
894 516 1235 584 καθολικὴν
1282 521 1383 572 καὶ
1427 519 1849 585 ἀποστο.1ικὴν
1876 521 1922 578 Α
1951 518 2083 571 υἱῶν
2113 517 2207 571 τοῦ
2250 516 2385 569 Θεοῦ
2434 514 2735 583 ἐκδέχεται.
2778 529 2796 561 1
2842 508 3199 576 Εὐαγγελίου,
3248 527 3265 560 ι
3304 509 3433 563 Ὀτε
3474 511 3524 565 οἱ

284 611 675 677 Ἐκκλησίαν.
715 606 929 679 ’Ὠσπερ
954 610 1238 664 καθολικαὶ
1284 612 1566 665 ἐπιστολαὶ
1606 614 1665 665 αἱ
1701 612 1842 666 ἑπτά

268 703 349 764 ὡς
377 703 455 764 εις
488 702 695 772 πάντας
724 703 946 766 πιστοὺς
985 704 1281 772 γραφεῖσαι
1323 703 1541 765 κοινῶς,
1579 702 1721 757 οὕτω
1750 704 1843 758 καὶ

268 769 540 862 καθολικῆ
574 787 871 858 Ἐκκλησία
898 787 1060 861 442
1168 792 1384 843 πάντων
1423 788 1722 860 ὀρθοδόξων
1752 787 1845 857 γέ-

266 894 540 948 γραπται,
575 876 815 942 Παύλου,
849 897 867 929 1
927 878 986 931 Ὀ
1038 881 1269 949 ποιήσας
1313 879 1381 933 τὰ
1429 880 1715 952 ἀμφότερα
1764 881 1842 945 ἓν,

266 972 368 1024 καὶ
424 967 505 1033 είς
536 968 758 1038 Κύριος,
816 968 913 1038 μία
961 969 1166 1033 πίστις,
1212 970 1271 1023 ἓν
1317 971 1619 1043 βάπτισμα.
1662 974 1843 1036 1.Kal,

274 1080 297 1114 1
344 1062 590 1130 Ἀδελφοὶ
615 1061 761 1130 ἀγιοι
791 1062 885 1115 καὶ
920 1062 1438 1134 ἐποικοδομηθέντες
1466 1065 1559 1119 ἐπὶ
1587 1066 1664 1136 τῷ
1689 1066 1847 1136 θεμε-

263 1151 374 1223 λίῳ
401 1154 509 1206 τῶν
556 1153 871 1207 ἀποστόλων
902 1153 995 1207 καὶ
1051 1140 1368 1225 προφητῶν,
1401 1156 1551 1221 ὄντος
1592 1158 1847 1227 ἀκρογω-

263 1246 449 1297 νιαίου
488 1245 656 1298 αὑτοῦ
692 1246 874 1317 Ἰησοῦ
911 1248 1169 1317 Χριστοῦ.
1211 1268 1231 1301 1
1257 1247 1381 1312 Kal,
1419 1269 1436 1301 1
1486 1250 1675 1318 Ὑμεῖς
1722 1252 1845 1305 ἐστὲ

263 1341 436 1413 σῶμα
465 1339 723 1412 Χριστοῦ,
767 1341 883 1396 καὶι
898 1342 1031 1412 μέλη
1080 1344 1142 1394 ὲκ
1186 1342 1406 1413 μέρους.
1458 1363 1476 1396 1
1518 1346 1646 1408 Kal,
1682 1362 1700 1396 1
1738 1343 1845 1409 Οῦς

266 1436 376 1505 μὲν
411 1433 560 1487 ἔθετο
601 1435 631 1487 ὁ
676 1434 806 1497 Θεὸς
832 1435 891 1486 ὲν
931 1436 996 1505 τῇ
1023 1433 1318 1506 Ἐκκλησία
1349 1436 1566 1507 πρῶτον
1609 1437 1843 1490 ἀποστὸο

261 1524 421 1587 λους.
439 1522 691 1593 δεύτερον
721 1526 1028 1596 προφήτας,
1050 1525 1233 1595 τρίτον
1256 1527 1631 1591 διδασκάλους.
1663 1545 1680 1578 1
1700 1529 1850 1592 Καὶ,

268 1637 293 1670 1
338 1617 457 1671 Ἵνα
511 1615 864 1686 οίκοδομῆται
916 1618 952 1686 ἡ
982 1616 1299 1687 Ἐκκλησία.
1352 1635 1370 1670 1
1415 1620 1543 1682 Καὶ,
1586 1637 1606 1671 1
1656 1619 1848 1688 Ὑμεῖς

262 1708 401 1763 ἐστὲ
438 1708 563 1771 ναδς
607 1685 740 1761 Θεοῦ
791 1685 1016 1772 ζῶντος.
1048 1727 1068 1761 1
1108 1685 1238 1772 καὶ,
1281 1728 1299 1761 1
1337 1710 1431 1773 Εἰς
1479 1685 1848 1783 καταρτισμὸν

259 1799 377 1869 τῆς
410 1799 765 1871 Ἐκκλησίας.
806 1818 827 1852 1
865 1799 998 1866 Kal,
1038 1818 1058 1852 1
1097 1800 1290 1866 Ὀντος
1319 1802 1712 1872 ἀκρογωνιαίου
1750 1786 1847 1857 αὺο

1948 609 2481 681 νεκροὶοάκούσονται
2511 607 2610 672 τῆς
2634 603 2817 675 φωνῆς
2840 601 2932 655 τοῦ
2955 601 3086 655 Υίοῦ
3113 600 3208 654 τοῦ
3240 601 3399 667 Θεοῦ,
3430 601 3524 655 καὶ

1950 703 1999 755 οἱ
2024 700 2358 760 ἀκούσαντες
2388 698 2671 766 ζήσονται.
2712 713 2730 745 1
3268 730 3277 731 κ

2021 791 2129 846 Καὶ
2156 789 2309 856 (cuip-
2362 787 2468 841 τοῦ
2494 787 2832 856 μέλλοντός
2887 783 3125 847 αίῶνος.
3160 782 3525 850 Εὐάγγελῖου,

1958 903 1977 937 1
2029 884 2088 935 '0
2127 882 2303 952 μισῶν
2333 880 2432 951 τὴν
2454 877 2638 948 ψυχὴν
2669 877 2835 930 αὐτοῦ
2894 877 2953 928 ὲν
2983 875 3061 943 τῷ
3110 874 3304 946 κόσμῳ
3351 874 3530 941 τούτῳ

1952 975 2031 1036 εἰς
2060 971 2206 1042 ζωὴν
2234 970 2454 1023 αἰώνιον
2472 965 2699 1035 φυλάξει
2728 966 2923 1036 αὐτήν.
2963 985 2981 1017 1
3007 965 3269 1034 Πράξεων
3292 1003 3308 1026 ,
3344 983 3362 1016 1
3396 967 3529 1017 Δια-

1952 1066 2253 1134 λεγομένου
2282 1063 2338 1115 δὲ
2373 1059 2541 1115 αὐτοῦ
2580 1059 2711 1130 περὶ
2767 1058 3121 1127 δικαιοσύνης
3182 1060 3280 1111 καὶ
3323 1059 3531 1140 €711.01:-

1952 1157 2105 1219 τείας
2143 1156 2241 1210 καὶ
2278 1154 2371 1209 τοῦ
2427 1154 2698 1224 κρίματος
2750 1150 2840 1205 τοῦ
2887 1151 3178 1221 μέλλοντος
3219 1152 3467 1204 ἔσεσθαι.
3504 1171 3521 1202 1

1963 1251 2214 1314 Ἡσαΐου,
2271 1268 2289 1300 1
2332 1247 2527 1317 Πατὴρ,
2569 1243 2665 1299 τοῦ
2705 1245 2988 1314 μέλλοντος
3034 1243 3250 1307 αίῶνος.
3294 1263 3312 1295 1
3353 1246 3532 1311 Εὐαγ-

1954 1341 2172 1412 γελίου,
2234 1361 2253 1394 1
2321 1340 2466 1409 Ἐγὼ
2525 1339 2581 1392 δὲ
2640 1336 2718 1401 ζῶ
2773 1339 2863 1392 διὰ
2915 1337 3007 1391 τὸν
3061 1339 3303 1407 Πατέρα,
3347 1338 3444 1392 καὶ
3502 1341 3531 1392 ὀ

1953 1434 2183 1507 τρώγων
2228 1451 2296 1503 με
2335 1433 2563 1501 ζήσεται
2589 1431 2659 1483 δι’
2692 1431 2811 1499 ἐμέ.
2859 1448 2877 1481 1
2914 1431 3025 1483 Kal.
3051 1469 3067 1493 ,
3106 1447 3124 1479 1
3156 1429 3298 1497 Ἐγώ
3324 1431 3441 1498 ἐίμι
3494 1435 3528 1499 ὴ

1953 1528 2252 1591 ἀνάστασις
2284 1527 2378 1580 καὶ
2409 1528 2442 1595 ἡ
2474 1525 2610 1595 ζωή.
2656 1544 2673 1577 1
2711 1524 2822 1578 Kal
2848 1567 2861 1589 ,
2893 1522 3345 1579 «Ἂπελεύσονται
3381 1516 3528 1577 οῦτοι

1954 1623 2037 1683 εἰς
2057 1620 2279 1673 κόλασιν
2299 1618 2540 1682 αἰώνιον,
2572 1618 2623 1671 οἱ
2645 1617 2703 1671 δὲ
2732 1616 2933 1671 δίκαιοι
2958 1617 3039 1680 είς
3063 1616 3208 1685 ζωὴν
3230 1614 3469 1670 αἰώνιον.
3504 1634 3523 1666 1

2027 1712 2239 1781 Ἀμήν.
2271 1711 2345 1765 Τὸ
2379 1710 2436 1763 δὲ
2466 1710 2616 1779 ἀμὴν
2647 1710 2852 1772 παντὸς
2907 1707 3004 1762 τοῦ
3042 1708 3190 1777 ἱεροῦ
3249 1709 3527 1778 συμϐόλου

1955 1804 2080 1860 ἐστὶ
2114 1804 2473 1875 βεϐαιωτικὸν
2518 1802 2614 1856 καὶ
2646 1806 2887 1872 σφραγὶς
2944 1801 3039 1855 κοιλ⁵
3073 1795 3185 1855 οἷόν
3243 1819 3327 1866 τις
3377 1784 3551 1865 κλεῖς1

261 1890 371 1981 τοῦ
423 1889 600 1981 Ἰησοῦ
636 1891 872 1981 Χριστοῦ
898 1907 913 1923 ο
954 1893 1012 1981 ὲν
1040 1883 1083 1960 ᾦ
1111 1893 1219 1981 καὶ,
1254 1893 1413 1963 ὑμεῖς
1456 1895 1851 1965 συνοικοδομεῇ
1882 1925 1927 1981 Β
1964 1900 2330 1956 ἀποκλείουσα
2344 1897 2468 1960 τοὺς
2491 1895 2715 1963 ἔξωθεν,
2734 1896 2831 1951 καὶ
2858 1895 3210 1963 φυλάττουσα
3228 1896 3303 1957 ὡς
3317 1896 3531 1967 ταμείῳ

263 1977 414 2033 σθε·

275 2072 641 2145 Ἕκκλησίας.
678 2092 699 2125 1
1656 2124 1669 2129 -

357 2164 663 2236 Ὀμολογῶ
689 2164 760 2219 ἐν
793 2164 1117 2237 βάπτισμα
1142 2168 1230 2233 εις
1260 2167 1484 2238 ἄφεσιν
1525 2169 1849 2239 ἁμαρτιῶν.

261 2258 518 2326 Παύλου,
556 2276 575 2311 1
616 2258 984 2331 Ὀμολόγησον
1009 2259 1107 2333 τὴν
1127 2262 1300 2332 καλὴν
1333 2263 1641 2333 ὁμολογίαν.
1669 2282 1687 2317 1
1716 2264 1852 2329 Kal,

271 2370 301 2403 σ
345 2349 559 2422 Καρδίᾳ
590 2350 688 2421 μὲν
719 2349 1037 2404 πιστεύεται
1085 2353 1167 2416 είς
1208 2352 1582 2424 δικαιοσύνην,
1619 2355 1853 2426 στόματι

262 2441 335 2496 δὲ
372 2442 716 2512 ὁμολογεῖται
758 2445 840 2508 είς
891 2447 1203 2516 σωτηρίαν.,
1233 2463 1255 2497 1
1297 2462 1315 2498 1
1356 2442 1452 2509 Εἷς
1491 2446 1702 2517 κύριος,
1756 2449 1854 2517 μία

269 2533 481 2599 πίστις,
531 2533 589 2587 ἓν
640 2534 950 2605 βάπτισμα.
1004 2536 1367 2605 Εὑαγγελίου,
1421 2556 1440 2589 1
1492 2538 1855 2604 Βαπτίζοντες

267 2609 476 2689 αὖτοὺς
526 2628 607 2691 είς
635 2627 829 2696 ἄφεσιν
876 2628 1183 2699 ἁμαρτιῶν.
1226 2647 1243 2682 1
1285 2648 1315 2682 1‘
1343 2628 1705 2693 Βαπτίζοντες
1752 2629 1855 2683 αὐ·-

267 2720 405 2782 τοὺς
434 2720 515 2782 εἰς
545 2720 606 2772 τό
635 2716 807 2790 ὄνομα
837 2719 932 2773 τοῦ
967 2720 1183 2791 Πατρὸς
1225 2721 1322 2775 καὶ
1352 2720 1448 2775 τοῦ
1484 2719 1616 2775 Υίοῦ
1646 2719 1853 2775 καὶτοῦ

272 2810 435 2878 ἁγίου
463 2807 801 2879 Πνεύματος.
844 2829 866 2863 1

354 2902 681 2972 Προσδοκῶ
704 2903 1053 2959 ἀνάστασιν
1075 2904 1327 2975 νεκρῶν.
1357 2906 1639 2976 Πράξεων,
1670 2924 1688 2958 1
1718 2905 1855 2977 Περὶ

274 2997 495 3061 ἐλπίδος
549 2997 642 3050 καὶ
684 2997 1036 3061 ἀναστάσεως
1098 2997 1310 3066 νεκρῶν
1357 2996 1468 3065 ἐγὼ
1506 2997 1787 3069 κρίνομαι.
1827 3014 1851 3048 1

287 3090 539 3153 Ἡσαΐου,
576 3109 596 3142 1
629 3091 1057 3160 Ἀναστήσονται
1093 3091 1141 3142 οἱ
1172 3090 1361 3160 νεκροὶ
1402 3090 1497 3143 καὶ
1530 3089 1857 3160 ἐγερθήσον-

273 3198 371 3234 ται
404 3182 450 3234 oi
481 3183 536 3233 ἐν
567 3183 679 3244 τοῖς
707 3180 1017 3252 μνημείοις.
1052 3199 1070 3232 1
1102 3181 1386 3250 Πράξεων,
1429 3198 1448 3233 1
1492 3180 1557 3233 'H
1583 3180 1692 3248 γὰρ
1715 3180 1851 3232 ἀπο-

456 1980 554 2035 καὶ
594 1980 757 2045 αὐτὸς
805 1980 1017 2051 ὲστινῆ
1064 1980 1275 2053 κεφαλὴ
1320 1980 1415 2037 τοῦ
1464 1982 1717 2055 σώματος
1751 1984 1851 2054 τῆς
1906 1980 1915 1981 ί
1955 1991 2066 2046 τινὶ
2095 1989 2370 2059 καλλίστῳ
2391 1991 2492 2058 τῆς
2530 1986 2864 2057 Ἐκκλησίας
2890 1986 2981 2041 τὸν
3013 1988 3114 2056 τῆς
3144 1985 3389 2052 ,πίστεως
3429 1991 3529 2060 θη·

1958 2084 2183 2154 σαυρδν,
2215 2082 2305 2137 ἵνα
2326 2080 2403 2152 μή
2434 2081 2515 2144 τίς
2533 2098 2588 2135 τι
2622 2082 2686 2133 ὲκ
2709 2079 2899 2133 τούτου
2926 2080 3199 2153 ἀφέληται
3229 2082 3263 2153 ἢ
3289 2083 3446 2138 νόθον
3475 2103 3531 2139 τι

1956 2176 2328 2247 ἐπεισαγάγῃ.

2029 2267 2174 2320 Αὐτὸ
2191 2266 2251 2320 τὸ
2277 2266 2418 2320 θεῖον
2449 2268 2539 2321 κατ
2581 2266 2899 2336 ἱερώτατον
2934 2269 3032 2322 καὶ
3083 2266 3300 2323 τέλειον
3338 2269 3534 2323 πάντο-

1959 2359 2049 2412 θεν
2077 2359 2176 2427 τῆς
2209 2358 2495 2423 εὐσεϐείας
2554 2360 2712 2427 ἡμῶν
2773 2362 3025 2429 σημεῖον,
3074 2360 3173 2431 τὴν
3236 2362 3534 2431 ὁμολογίαν

1955 2451 2065 2504 τῶν
2096 2450 2375 2518 πατέρων,
2401 2450 2491 2503 τὸν
2514 2453 2640 2520 ὅρον
2668 2452 2768 2516 τῆς
2800 2450 3038 2522 ἀληθοῦς
3066 2454 3226 2522 ἡμῶν
3271 2455 3535 2516 πίστεως,

1957 2541 2433 2614 ὲνστερνιζὸμενοι
2478 2545 2599 2605 ταῖς
2654 2541 2859 2611 ψυχαῖς
2920 2543 3014 2597 καὶ
3060 2544 3126 2614 τῇ
3183 2542 3397 2615 γλώττῃ
3437 2547 3534 2601 καὶ

1956 2635 2166 2707 χείλεσι
2203 2637 2344 2706 μετά
2375 2636 2693 2707 παρῤησίας
2744 2634 3164 2706 ὁμολογοῦντες,
3224 2636 3324 2708 τὴν
3364 2637 3531 2706 ἀσινῆ

1958 2730 2018 2783 ὲν
2045 2730 2241 2793 αὐταῖς
2268 2730 2361 2784 καὶ
2390 2728 2684 2797 ἀκίϐδηλον
2716 2730 2810 2783 καὶ
2855 2730 2968 2783 ἀπα
2979 2730 3324 2799 ράθραυστον
3355 2732 3535 2801 πάντη

1957 2820 2032 2883 ὡς
2064 2819 2417 2890 θεοφορήτων
2474 2820 2569 2873 καὶ
2629 2819 2996 2885 θεοδοξὰστων
3052 2819 3149 2874 καὶ
3201 2819 3538 2890 θεοκινήτων

1958 2912 2219 2982 Πατέρων
2253 2912 2412 2982 ἱερὰν
2632 2911 2961 2984 παραθήκην
3012 2913 3179 2983 μέχρι
3206 2913 3397 2976 τέλους
3438 2929 3540 2982 φυ-

1956 3001 2232 3073 λάξωμεν,
2264 3002 2351 3056 ἵνα
2377 3006 2500 3066 ταῖς
2528 3002 2859 3073 πρεσϐείαις
2885 3002 2997 3055 τῶν
3043 3002 3170 3055 ὲκθε
3183 3003 3360 3071 μένων
3407 3003 3539 3056 αὐτὸ

1956 3095 2055 3150 καὶ
2088 3094 2442 3164 φυλαξάντων
2467 3093 2641 3163 ἁγίων
2670 3096 2763 3149 καὶ
2814 3094 2924 3148 τῶν
2970 3094 3079 3166 πρὸ
3127 3096 3332 3159 αὐτῶν,
3368 3094 3428 3161 ἐξ
3459 3089 3537 3147 ῶν

1957 3188 2056 3259 τὴν
2094 3189 2300 3258 γνῶσιν
2356 3205 2506 3243 ουτοι
2558 3187 2653 3242 τοῦ
2711 3188 2986 3257 συμϐόλου
3042 3187 3398 3256 παρέλαϐον,
3443 3188 3540 3240 καὶ

276 3271 601 3380 καραδοκία.
622 3271 725 3344 τῆς
787 3273 1019 3345 κτίᾳεως
1056 3271 1155 3343 τὴν
1181 3270 1523 3340 ἀποκάλυψιν
1564 3269 1727 3343 443
1747 3270 1854 3323 τῶν
1881 3288 1926 3348 c
1961 3284 2183 3337 πάντων
2214 3280 2350 3352 ὁμοῦ
2413 3280 2524 3333 τῶν
2558 3280 2754 3349 ἁγίων,
2792 3280 2900 3333 τῶν
2955 3279 3114 3349 ἱερῶν
3155 3279 3407 3348 ἀγγέλων
3449 3279 3534 3332 λι-

356 3449 425 3504 Ει
453 3465 616 3503 unam
637 3456 880 3504 sanctam
897 3449 1208 3505 catholicam
1232 3459 1282 3504 et
1304 3450 1650 3520 apostolicam
1673 3449 1853 3505 Eccle-

279 3544 443 3598 sium.
473 3541 628 3597 Sicut
651 3542 938 3597 catholica:
965 3552 1094 3598 sunt
1117 3551 1325 3611 septem
1361 3544 1609 3613 epistolae
1633 3543 1699 3599 ad
1735 3559 1855 3598 om-

282 3650 383 3691 nes
405 3634 597 3690 ﬁdeles
622 3633 837 3703 scriptae
876 3634 1265 3699 communiter,
1304 3635 1377 3687 ita
1404 3634 1567 3689 etiam
1607 3634 1851 3688 omnium

282 3726 720 3781 orthodoxorum
750 3724 994 3780 Ecclesia
1026 3725 1299 3780 catholica
1352 3726 1581 3782 dicitur.
1612 3725 1849 3782 Paulus:

289 3818 397 3879 ds,
430 3815 522 3885 qui
556 3815 771 3869 diversa
805 3815 1142 3880 conciliavit,
1164 3825 1217 3871 et
1246 3833 1388 3874 unus
1414 3817 1705 3884 Dominus,
1746 3831 1857 3873 una

289 3909 446 3970 ﬁdes,
504 3921 672 3961 unum
711 3906 1037 3977 baptisma»
1069 3906 1172 3962 Et:
1205 3905 1459 3963 1Fratres
1493 3909 1668 3963 saneti
1693 3916 1746 3964 et
1763 3925 1856 3963 su-

285 3998 583 4075 perstructi
609 4014 772 4068 super
793 3997 1209 4053 fundamentum
1236 3999 1612 4069 apostolorum
1643 4009 1695 4054 et
1729 4014 1852 4069 pro-

286 4090 573 4168 phetarum
598 4089 903 4143 exsistente
948 4090 1060 4143 imo
1098 4089 1275 4159 lapide
1301 4090 1548 4160 angnlari
1580 4090 1698 4161 ipso
1725 4089 1852 4146 Jesu

287 4185 560 4241 Christo»
589 4179 690 4237 Et:
721 4179 861 4237 1V’os
901 4182 1032 4238 estis
1065 4197 1263 4252 corpus
1292 4181 1496 4239 Christi
1536 4191 1590 4237 et
1606 4183 1855 4251 singula-

288 4276 384 4332 tim
412 4275 713 4331 membra»
749 4273 815 4330 Et
843 4293 856 4328 :
898 4275 1076 4343 1Quos
1099 4272 1244 4329 Deus
1268 4276 1552 4330 constituit
1585 4276 1641 4330 in
1671 4276 1858 4331 Eccle-

288 4371 370 4426 sia
421 4369 652 4440 primum
713 4367 1015 4437 apostolos,
1063 4366 1261 4421 deinde
1314 4367 1631 4437 prephetas,
1683 4367 1846 4422 tertio

228 4512 241 4515 -
289 4464 639 4534 discipulos»
670 4459 763 4515 Et:
797 4458 897 4515 1Ut
925 4446 1225 4515 aediﬁcetur
1252 4460 1550 4517 Ecclesia»
1578 4460 1641 4516 Et
1669 4478 1684 4516 :
1710 4458 1853 4516 1Vos

288 4556 425 4610 estis
452 4555 713 4623 templum
739 4552 830 4608 Dei
864 4554 1025 4607 vivi»
1063 4552 1129 4607 Et
1169 4570 1182 4606 :
1220 4552 1329 4606 1Ad
1358 4552 1743 4622 perfectionem
1766 4566 1858 4607 ee-

1953 3458 2188 3514 sollicite
2271 3466 2554 3525 exspectat
2609 3458 2998 3513 revelationem
3083 3456 3319 3511 ﬁliorum
3382 3459 3531 3512 Dei»

1953 3550 2343 3620 Evangelium:
2382 3550 2546 3605 1C.qu
2571 3550 2772 3603 mortui
2797 3550 3025 3604 audient
3054 3563 3239 3604 vocem
3269 3548 3393 3603 Filii
3422 3549 3538 3615 Dei,

1954 3650 2007 3697 et
2036 3642 2238 3703 vivent,
2258 3641 2352 3710 qui
2387 3640 2699 3695 audiverint
2739 3654 2916 3694 eam»

2028 3731 2095 3787 Et
2125 3732 2289 3787 vitam
2318 3732 2521 3786 venturi
2539 3732 2740 3785 sa'culi.
2777 3730 3129 3799 Evangelium
3164 3747 3179 3786 :
3215 3751 3234 3786 1
3281 3731 3384 3800 Qui
3426 3736 3541 3791 odit

1956 3828 2193 3881 animam
2225 3839 2381 3880 suam
2407 3824 2461 3878 in
2481 3823 2585 3878 hoc
2608 3828 2829 3886 mundo,
2857 3826 2921 3879 ad
2948 3824 3110 3879 vitam
3137 3834 3395 3880 aeternam
3416 3843 3537 3884 eam

1955 3916 2216 3972 servabit.
2255 3933 2273 3967 1
2306 3915 2479 3969 Acta:
2512 3931 2530 3964 1
2568 3913 2886 3981 Disputante
2908 3920 3090 3967 autem
3123 3913 3213 3968 illo
3239 3915 3305 3969 de
3332 3916 3539 3980 iustitia

1953 4013 2009 4062 et
2034 4003 2390 4073 temperantia
2414 4011 2467 4056 et
2506 4002 2713 4072 judicio
2745 4002 2948 4056 futuro.
3003 4003 3262 4058 1lsaias:
3297 4020 3316 4054 1
3377 4003 3542 4060 Pater

1956 4101 2140 4157 saeculi
2175 4099 2366 4180 futuri.
2408 4117 2425 4150 1
2457 4097 2807 4167 Evangelium
2834 4116 2847 4152 :
2882 4116 2900 4149 1
2934 4100 3048 4167 Ego
3070 4097 3216 4165 vivo,
3247 4107 3301 4154 et
3334 4099 3429 4170 qui
3451 4115 3539 4155 me

1957 4194 2157 4257 ederit,
2186 4191 2326 4246 vivet
2352 4206 2446 4261 per
2478 4205 2584 4245 me.
2618 4209 2637 4244 1
2677 4189 2746 4244 Et
2778 4208 2793 4245 :
2833 4211 2852 4243 1
2887 4189 3000 4259 Ego
3029 4204 3149 4246 sum
3205 4193 3539 4248 resurrectio

1956 4296 2010 4341 et
2041 4285 2170 4342 vita.
2207 4302 2226 4336 1
2257 4283 2324 4338 Et
2346 4300 2360 4337 :
2386 4301 2404 4334 1
2431 4282 2673 4336 Abihunt
2692 4281 2744 4334 hi
2767 4280 2833 4335 ad
2859 4295 3076 4351 poenam
3100 4284 3537 4353 aeternam,justi

1958 4384 2139 4432 autem
2159 4373 2227 4429 ad
2256 4374 2422 4427 vitam
2449 4382 2734 4429 aeternam.
2776 4391 2797 4424 1

2028 4471 2216 4523 Amen.
2249 4466 2582 4521 Vocabulum
2631 4463 3013 4532 Amenjotius
3058 4460 3235 4522 sancti
3291 4464 3537 4538 Symholi

1959 4559 2306 4617 conﬁrmatio
2335 4568 2391 4614 et
2419 4557 2655 4628 sigillum
2684 4565 2747 4613 et
2777 4557 2933 4627 quasi
2963 4557 3140 4615 clavis
3161 4558 3410 4629 quaedam
3430 4569 3535 4625 est,

289 4647 526 4710 clesim»
565 4654 653 4701 et:
699 4664 717 4698 1
752 4643 1063 4701 Exsistenle
1104 4644 1214 4697 imo
1244 4644 1422 4714 lapide
1456 4644 1701 4713 angulari
1734 4645 1855 4714 ipso
1886 4632 1936 4691 D
1961 4667 2068 4723 qua
2097 4651 2308 4707 externi
2337 4651 2695 4706 sccluduntur
2713 4658 2766 4704 et
2791 4658 3051 4720 tanquam
3103 4652 3356 4706 conclavi
3415 4652 3538 4722 pul-

287 4739 416 4796 Jesu
440 4738 683 4806 Christo,
710 4739 763 4794 in
795 4754 906 4808 quo
934 4754 1030 4793 vos
1054 4737 1421 4792 aediﬁcamiui.
1442 4739 1619 4807 Atque
1642 4737 1757 4806 ipse
1773 4747 1857 4793 est

164 4885 178 4897 ,
287 4839 454 4901 caput
476 4831 720 4901 corporis
745 4829 1022 4885 Ecclesiae.
1058 4847 1076 4881 1

362 4921 627 4993 Conﬁteor
644 4939 807 4976 unum
839 4922 1101 4991 baptisma
1143 4922 1199 4974 in
1230 4906 1588 4975 remissione»:
1614 4930 1855 4988 peccato-

1960 4744 2232 4800 cherrima
2262 4743 2521 4798 Ecclesiae
2545 4751 2797 4797 servatur
2821 4743 3115 4797 thesaurus
3148 4742 3296 4806 ﬁdei.
3322 4758 3393 4799 ne
3413 4744 3537 4814 quis

1959 4835 2084 4890 inde
2104 4834 2232 4902 quid
2259 4832 2493 4897 aulerat,
2520 4841 2614 4886 aut
2639 4832 2877 4886 alienum
2907 4832 3034 4903 quid
3067 4832 3288 4890 inferat.

2030 4925 2284 4980 Divinum
2322 4926 2429 4979 hoc
2458 4924 2865 4980 sanctissimum
2900 4933 2952 4979 et
2976 4924 3209 4980 omniex
3243 4934 3395 4995 parte
3418 4943 3539 4996 per-

288 5033 430 5071 rum.
466 5014 699 5070 Paulus:
738 5012 1044 5068 1Conﬁtere
1081 5014 1367 5084 pulchram
1388 5011 1849 5067 confessionem»
1959 5018 2162 5074 rectum
2191 5017 2413 5087 pietatis
2444 5028 2649 5074 nostra:
2701 5017 2940 5087 signum,
2982 5016 3393 5073 confessionem
3440 5034 3538 5089 pa-

228 5095 240 5104 ’
290 5110 358 5165 Et
385 5125 399 5164 :
444 5108 671 5162 1Auimo
696 5107 972 5162 credimus
1003 5107 1071 5160 ad
1100 5095 1506 5175 justitiam,'ore
1529 5106 1855 5173 conﬁtemur
1959 5117 2127 5174 trum,
2165 5108 2533 5164 deﬁnitionem
2565 5123 2708 5164 veras
2735 5118 2942 5164 nostra!
2973 5107 3122 5171 ﬁdei,
3177 5116 3362 5163 mente
3407 5125 3540 5164 conc

290 5202 357 5256 ad
390 5199 802 5256 salvationem»
845 5196 1031 5255 1Unus
1059 5197 1342 5264 Dominus,
1373 5214 1476 5252 una
1504 5198 1656 5265 ﬁdes,
1689 5213 1855 5265 unum
1959 5199 2267 5254 siderantes
2297 5215 2359 5254 ac
2391 5199 2576 5269 lingua
2610 5207 2664 5255 et
2685 5199 2847 5257 labiis
2875 5199 3043 5255 libere
3070 5201 3416 5269 proﬁtentes,
3450 5202 3539 5254 in-

292 5296 616 5362 liaptisma»
674 5293 1022 5363 Evangelium
1056 5312 1070 5349 :
1121 5292 1497 5363 1Bnptizantes
1539 5306 1634 5347 eos
1678 5292 1745 5346 ad
1782 5306 1861 5346 re-
1958 5292 2225 5346 violatum
2261 5291 2313 5346 in
2342 5292 2527 5347 animo
2555 5301 2611 5346 et
2635 5292 2910 5348 sincerum
2943 5301 2997 5348 et
3019 5292 3392 5363 incorruptum
3419 5308 3541 5347 om-

294 5387 611 5440 missionem
671 5395 1080 5456 peccatorum»
1141 5384 1519 5454 1Baptizantes
1561 5396 1655 5439 eos
1679 5382 1732 5437 in
1763 5396 1861 5436 no-
1960 5382 2093 5436 nino
2124 5397 2341 5450 semper
2363 5382 2755 5454 servabimusa
2792 5383 3056 5440 Patribus
3110 5385 3297 5441 divino
3324 5385 3536 5455 Spiritu

293 5478 437 5532 mine
469 5475 645 5531 Patris
670 5483 724 5530 et
756 5474 881 5555 Filii
898 5483 950 5528 et
972 5473 1216 5544 Spiritus
1250 5473 1446 5528 sancti.
1480 5490 1500 5523 1
1961 5474 2183 5540 aﬂlatis,
2223 5473 2465 5529 incitatis
2510 5484 2565 5529 et
2626 5476 2882 5545 gloriosis
2936 5487 3223 5548 acceptum
3286 5488 3535 5533 sanctum

358 5567 619 5639 Exspecto
657 5566 1087 5620 resurrectionem
1146 5573 1495 5618 mortuorum.
1538 5563 1674 5619 Acta
1696 5602 1710 5617 .
1750 5563 1859 5618 1De
1964 5567 2186 5636 pignus,
2218 5575 2297 5629 ut,
2331 5566 2563 5629 sanctis,
2594 5566 2686 5635 qui
2720 5567 2772 5620 id
2821 5579 3226 5638 proposuerunt
3261 5578 3316 5624 et
3352 5584 3539 5625 εει-νον

297 5676 394 5731 spe
442 5671 494 5714 et
541 5659 950 5714 resurrectione
1013 5663 1355 5710 mortuorum
1412 5671 1514 5725 ego
1566 5655 1804 5727 judicor.
1835 5675 1854 5709 1
1965 5666 2192 5723 runt,et
2222 5656 2579 5727 iis,aquibus
2606 5658 2660 5713 hi
2689 5660 3538 5732 notitiamsymbolihabuerunt,

297 5753 499 5809 Isaias:
535 5749 868 5821 1Resurgent
888 5748 1086 5803 mortui
1104 5759 1160 5803 et
1183 5747 1598 5804 suscitabuntur
1619 5749 1711 5819 qui
1735 5758 1864 5804 sunt
1969 5750 2181 5806 sanctis
2206 5749 2445 5820 denique
2469 5751 2724 5806 omnibus
2746 5752 3192 5821 deprecantibus,
3225 5761 3281 5807 et
3304 5752 3539 5807 interce-

298 5846 353 5902 iu
382 5844 697 5916 sepulcris»
724 5843 890 5898 Acta:
923 5840 1166 5898 1Eteuim
1223 5824 1459 5898 mundus
1489 5841 1577 5897 hic
1611 5841 1864 5901 conditus
1970 5841 2224 5900 dentibus
2253 5843 2460 5913 angelis
2490 5853 2542 5901 et
2565 5842 2733 5903 Matre
2761 5844 3064 5903 Salvatoris
3095 5845 3271 5902 nostri
3334 5854 3391 5901 et
3440 5843 3538 5902 Dei
