3960 6590
253 414 394 488 Ῑῖῖίὶῖ

1276 406 1721 479 ειΙίιοΝΙεοΝ
1762 408 2034 480 M‘AJ’Us.
2071 441 2141 454 -
2183 420 2329 480 LIB.
2380 409 2479 481 1v.

3354 412 3501 479 102⁵2

247 532 464 602 λίεθρον
480 533 539 584 τί»
582 527 775 596 Κσφᾶν
814 494 1116 597 λεγόμενον
1171 529 1271 599 τῆς
1314 531 1663 601 Χερρονήσου
1712 531 1814 598 τῆς
1842 535 1888 591 Α
1915 532 2015 601 τῆς
2046 532 2410 595 ἀναπαύσεως
2438 532 2548 583 τῶν
2576 528 2809 601 ἀνδρῶν,
2832 516 2905 595 ὥς
2929 532 2956 583 ὁ
2988 520 3133 593 θεῖος
3163 527 3290 581 Ἰὼσ
3316 542 3487 600 προσα-

245 626 309 678 tv
350 623 427 693 τῷ
486 618 763 691 Tamper.
808 619 903 690 Τῷ
946 620 1003 674 δὲ
1055 621 1206 691 θέρει
1255 621 1352 674 τοῦ
1412 622 1601 692 ,ς’ῇπᾶ
1656 620 1811 684 ἔτους

231 717 491 795 ἀπῆλθεν
520 714 803 795 κατάἰτῆςη
837 714 1075 784 Βλαχίας
1116 714 1259 795 μετὰ
1309 714 1493 781 πάσης
1525 714 1625 783 τῆς
1652 713 1813 767 δυνά-

234 814 388 874 μεως
416 792 606 858 αὑτοῦ.
630 792 721 874 Ἰίῷ
766 792 824 857 δὲ
876 794 1242 872 Σεπτεμϐρίῳ
1283 802 1378 854 τοῦ
1423 795 1622 868 ’ςὲπέ
1654 802 1811 864 ιτονς

229 895 580 966 ἐπέστρεψεν
626 897 690 948 ἐκ
746 895 844 964 τῆς
896 894 1136 964 Βλαχίας
1208 892 1412 962 μᾶλλον
1467 888 1727 962 ἡττηθεὶς
1773 891 1807 964 ἢ

229 990 509 1056 ἡττήσας,
547 988 642 1042 καὶ
671 987 766 1041 τὸν
830 988 930 1057 μὲν
988 986 1426 1056 μπεηλέρμπεην
1471 984 1683 1053 ἀφῆκεν
1751 984 1810 1036 ἐν

223 1080 304 1147 τῇ
363 1079 536 1152 Σοφίᾳ
587 1079 768 1144 πόλει,
811 1079 975 1143 αὐτὸς
1025 1078 1084 1131 δὲ
1126 1073 1291 1150 ἦλθεν
1344 1079 1424 1140 si;
1463 1075 1811 1143 Ἀνδριανού-

219 1173 414 1228 πολιν.

302 1262 414 1316 τοῦ
450 1264 498 1317 δ’
527 1262 695 1316 αὑτοῦ
746 1261 899 1325 ἔτους
946 1264 1013 1333 τῇ
1069 1262 1263 1333 πρώτῃ
1319 1261 1414 1315 τοῦ
1457 1260 1803 1330 Ὀκτωδρίου

219 1355 406 1428 μηνὸς
435 1355 640 1425 ἐπῆλθέ
670 1372 759 1425 μοι
807 1354 1188 1425 ῥευματισμδς
1222 1354 1301 1414 είς
1343 1370 1402 1407 τε
1437 1351 1534 1424 τὴν
1564 1340 1808 1425 κεφαλὴν

212 1451 329 1503 καὶ
353 1449 423 1503 τὰ
451 1449 676 1517 γόνατα,
705 1447 803 1501 καὶ
850 1444 1049 1515 ἐξῆλθὲ
1082 1462 1185 1513 μου
1231 1444 1327 1498 τοῦ
1393 1444 1662 1513 στόματος
1709 1445 1809 1498 καὶ
1838 1482 1841 1485 ι

218 1542 386 1612 ῥινὸς
416 1543 515 1595 καὶ
554 1540 735 1594 ὠτίων
767 1540 1022 1598 τοσοῦτος
1047 1537 1248 1608 χυμὸς,
1285 1536 1424 1589 ὥστε
1459 1534 1807 1604 ἁπελπίσθην

212 1633 387 1703 παρὰ
419 1632 664 1695 πάντων,
709 1630 803 1685 καλ⁸
845 1631 967 1700 τρὶς
1018 1628 1127 1681 τῶν
1166 1628 1453 1698 ἀχράντων
1487 1627 1811 1697 μυστηρίων

215 1725 556 1795 μετέλαϐονο
594 1726 733 1795 ὅπερ
763 1724 858 1777 καὶ
882 1722 994 1776 εῑθε
1023 1738 1113 1790 μοι
1152 1719 1388 1789 ἐπῆλθεν
1423 1721 1451 1772 ὁ
1488 1719 1738 1784 θάνατος,
1772 1719 1806 1790 ἡ

213 1816 502 1886 θεραπεία
552 1817 777 1868 πάντων
827 1813 938 1866 τῶν
972 1812 1096 1883 ἐμοὶ
1137 1811 1440 1882 δυσχερῶν,
1483 1811 1692 1881 γήρους
1744 1826 1804 1863 τε

212 1909 326 1963 καὶ
353 1908 641 1970 ἀσθενείας
674 1908 771 1960 καὶ
811 1907 912 1974 τῆς
954 1905 1178 1967 ἐνδείας.
1221 1906 1300 1958 Οὐ
1342 1906 1503 1976 μόνον
1556 1905 1665 1975 γὰρ
1691 1903 1809 1957 τῶν

213 2000 445 2055 πολλῶν
484 1999 669 2056 καλῶν
716 1999 812 2052 καὶ
842 1998 1093 2068 συνήθων
1126 1998 1235 2051 τῶν
1265 1999 1332 2051 ἔκ
1361 1998 1614 2068 νεότητος
1644 1996 1802 2049 ὑστε-

214 2087 468 2158 ρημένος
503 2089 672 2159 ήμην,
705 2086 844 2140 ἀλλὰ
892 2085 988 2140 καὶ
1033 2086 1213 2139 αὐτῶν
1259 2085 1324 2155 δὴ
1348 2086 1458 2137 τῶν
1484 2086 1804 2152 αναγκαίων

209 2181 329 2251 τῆς
364 2170 743 2250 καθημερινῆς
770 2179 996 2247 τροφῆς.
1031 2173 1203 2247 Οἶμαι
1232 2178 1313 2231 δτι
1337 2179 1380 2247 ή
1414 2177 1661 2247 ὑπομονὴ
1691 2176 1802 2230 τῶν

210 2270 491 2325 το¹ιούτων
516 2273 612 2323 καὶ
657 2271 690 2341 ὴ
744 2271 882 2340 πρὸς
905 2270 1037 2322 Θεὸν
1075 2269 1400 2340 εὐχαριστία
1424 2266 1568 2323 θεοῦ
1604 2269 1798 2339 χάριτι

213 2356 384 2410 αἰτία
429 2357 617 2426 μέλλει
666 2353 814 2410 εἶναι
870 2359 953 2416 είς
1001 2358 1061 2409 τὸ
1102 2357 1464 2428 συγχωρῆσαί
1506 2376 1597 2428 μοι
1631 2357 1802 2411 πολλὰ

210 2448 338 2501 τῶν
366 2448 442 2511 ὡς
492 2449 629 2518 πρὸς
680 2447 846 2503 αὐτὸν
892 2448 1157 2501 ενπταισα·
1185 2449 1305 2502 οὐδὲ
1348 2448 1455 2519 γὰρ
1482 2449 1708 2517 γέγονεν
1743 2449 1800 2501 ὲν

208 2541 305 2612 τῷ
361 2540 461 2612 βίῳ
513 2542 821 2613 ἁμάρτημα
878 2542 999 2595 οὐδὲ
1063 2542 1263 2612 πρᾶξις
1308 2540 1433 2595 οὔτε
1476 2541 1611 2611 ἄλλη
1652 2544 1799 2596 πᾶσα

212 2634 400 2688 κακία
442 2634 510 2706 ἣν
560 2633 671 2703 ἐγὼ
724 2634 825 2688 οὐκ
881 2634 1286 2707 ἐπλημμέλησα
1341 2637 1370 2688 6
1439 2638 1657 2703 ἀνάξιος
1705 2638 1800 2692 καὶ

209 2725 434 2789 ἄθλιος,
471 2728 614 2779 κατὰ
648 2725 774 2780 νοῦν
814 2729 909 2781 καὶ
958 2727 1115 2795 λόγον
1148 2746 1235 2782 κα.
1274 2730 1622 2800 προαίρεσιν,
1653 2730 1798 2785 θέσει

208 2834 289 2871 τε
321 2819 416 2871 καὶ
469 2818 664 2890 γνώμη
716 2819 814 2873 καὶ
862 2819 1059 2890 πράξει
1093 2819 1487 2892 ὲξαμαρτήσας
1515 2822 1591 2884 ὠς
1624 2823 1799 2887 οὐδεὶς

215 2909 387 2973 ἄλλος
432 2910 677 2964 πώποτε.
710 2911 903 2981 Ὅμως
947 2911 1248 2982 λυτρωθείς
1276 2911 1379 2967 τοῦ
1422 2914 1654 2969 Θανάτου
1685 2932 1799 2968 κω-

215 3001 326 3071 φὸς
376 2998 538 3073 452
567 3003 899 3071 ἑναπέμεινα
954 3005 1016 3059 ἐκ
1070 3005 1171 3074 τῆς
1204 3005 1463 3076 τοιαύτης
1514 3007 1799 3071 ἀσθενείας

217 3094 390 3164 μέχρι
422 3093 642 3158 πολλοῦ,
676 3094 750 3157 ὡς
785 3096 907 3149 οὐδὲ
946 3100 1015 3150 τὰ
1052 3096 1279 3167 πλησίον
1306 3115 1408 3167 μου
1447 3102 1796 3168 σημαντήρια

1913 622 2236 691 ηγόρευσεν,
2291 623 2520 693 ἐδεήθην
2550 621 2725 687 οὕτως
2775 622 2870 676 τοῦ
2903 622 3063 675 Θεοῦ’
3098 641 3116 673 ι
3150 621 3292 674 Ἀλλ’
3316 621 3372 674 εἴ
3397 640 3485 691 με,

1913 714 2133 785 Σῶτερ,
2172 715 2388 786 ἀνάγκη
2424 716 2617 769 παθεΐν
2661 716 2767 785 (τίς
2806 716 2914 786 γὰρ
2959 710 3068 767 οἶδε
3097 714 3160 767 τὸ
3188 714 3349 782 βάθος
3380 715 3489 766 τῶν

1913 806 2389 877 σῶν’κριμάτων;
2438 807 2541 876 τῆς
2578 808 2679 876 μὲν
2721 808 2823 876 σῆς
2877 806 3292 877 φιλανθρωπίας
3318 808 3487 860 οἱονεί

1914 915 2018 968 μου
2062 898 2131 951 τὰ
2179 898 2330 970 πάθη
2381 900 2859 969 βδελ.υττομένης,ι
2898 899 2999 968 τῆς
3032 899 3089 951 δὲ
3137 900 3488 969 δικαιοσύνης

1910 989 2131 1061 δρώσης
2168 992 2231 1046 τὸ
2264 993 2519 1060 ἑαυτῆς),
2541 994 2622 1055 είς
2664 991 2797 1060 γοῦν
2828 991 2919 1044 τὸν
2947 991 3303 1061 ἐκδεχόμενον
3333 990 3488 1059 λῆξιν

1908 1082 2067 1135 τόνδε
2098 1083 2293 1153 χρόνον
2325 1083 2513 1137 δοῦναι
2539 1083 2697 1149 δίκην
2726 1084 2850 1153 ἐμοὶ
2886 1084 3172 1153 παράσχου
3195 1124 3210 1146 ,
3242 1084 3376 1135 ἀλλὰ
3412 1086 3486 1152 μὴ

1910 1174 1992 1236 είς
2050 1174 2145 1226 τδν
2203 1175 2474 1244 μέλλοντα
2525 1175 2618 1226 τὸν
2676 1174 3007 1243 ἀπέραντον,
3058 1162 3185 1226 ἔνθα
3236 1173 3337 1225 οὐκ
3369 1172 3487 1224 ἐστι

1915 1264 2263 1335 πραγμάτων
2294 1263 2766 1327 ἀποκατάστασις.
2826 1264 3093 1318 Ἐνταῦθα
3142 1264 3323 1316 τοίνυν
3357 1265 3490 1316 ἀνα·
3531 1312 3534 1316 _
3585 1341 3587 1344 ρ

1908 1348 2179 1427 καθάρας,
2215 1355 2389 1413 ἅπασι
2439 1357 2789 1427 χρησάμενος
2822 1358 2937 1418 τοῖς
2970 1355 3051 1417 είς
3093 1354 3254 1408 τοῦτο
3286 1354 3488 1426 φέρου-

1910 1462 2018 1513 σιν,
2048 1445 2197 1500 οὕτω
2250 1447 2355 1500 τῶν
2400 1446 2530 1516 τῇδε
2581 1447 2929 1517 μεταστήσας
2984 1444 3221 1511 ἀξίωσον
3268 1461 3336 1513 με
3390 1445 3486 1497 τοῦ

1911 1538 1987 1609 μὴ
2021 1539 2130 1591 τῶν
2158 1539 2266 1590 σῶν
2314 1540 2569 1591 ἐκπεσεῖν
2623 1555 2692 1608 με
2723 1537 3028 1609 οικτιρμῶν
3065 1539 3125 1590 ὲν
3160 1539 3229 1607 τῇ
3255 1536 3489 1608 δευτέρᾳ

1906 1647 1968 1684 τε
1999 1633 2089 1685 καὶ
2119 1635 2325 1705 φρικτῇ
2362 1632 2651 1703 παρουσίᾳ·
2675 1648 2793 1685 σου.
2829 1647 2860 1683 ιι

1980 1722 2072 1794 Τῷ
2116 1724 2173 1778 δὲ
2216 1724 2365 1795 θέρει
2392 1726 2485 1778 τοῦ
2526 1723 2694 1777 αὐτοῦ
2750 1724 2906 1789 ἔτους
2951 1725 3146 1790 εςῇπέ
3192 1723 3223 1775 δ
3258 1721 3492 1792 ἁμηρᾶςςι
3552 1738 3564 1749 ·

1908 1816 2240 1879 ἀποστείλας
2276 1817 2530 1871 πλεῖστον
2593 1815 2957 1885 στρατόπεδον
3002 1815 3146 1869 κατὰ
3193 1814 3286 1867 τοῦ
3331 1814 3485 1866 Ναυ-

1906 1909 2145 1973 πάκτου,
2177 1910 2268 1963 ἴνα
2317 1910 2615 1983 παραλάϐῃ
2669 1901 2852 1970 αὐτὸν.
2889 1904 3011 1962 εἶτα
3059 1908 3141 1970 εἰς
3190 1907 3294 1978 τὴν
3322 1907 3487 1974 ἁγίαν

1903 2001 2141 2072 Μαύραν
2166 2001 2395 2073 ἐπέλθῃο
2445 2002 2573 2056 ὅθεν
2610 2002 2837 2072 βοηθείᾳ
2871 1998 3175 2054 Θεοῦόῦτε
3212 1999 3305 2053 τὸν
3329 1998 3485 2052 Ναύ-

1903 2108 2111 2146 πακτον
2141 2095 2415 2164 παρέλαόε
2446 2094 2523 2163 τῷ
2554 2093 2705 2163 αὐτῷ
2729 2090 3005 2154 ἔτει,οῦτε
3027 2091 3170 2145 κατὰ
3195 2093 3295 2161 τῆς
3324 2089 3488 2159 ἁγίας

1901 2182 2136 2251 Μαύρας
2171 2179 2358 2255 ἦλθεν,
2390 2185 2511 2238 ἀλλ’
2545 2186 2887 2255 ὑπέστρεψεν
2920 2185 3229 2254 ἄπρακτος.

1972 2275 2140 2339 Τέλος
2188 2277 2285 2330 τοῦ
2322 2278 2593 2348 παρόντος
2630 2278 2908 2348 ἱστορικοῦ
2953 2278 3074 2348 ἢτοι
3104 2274 3364 2348 χρονικοῦ
3397 2274 3500 2345 βι-·

1904 2367 2079 2433 ϐλίου,
2109 2365 2244 2440 παρ’
2270 2369 2407 2439 ἐμοῦ
2447 2369 2544 2423 τοῦ
2600 2372 2968 2440 συγγραφέως
3004 2368 3235 2440 ποιηθὲν
3264 2360 3482 2439 αἰτήσει

1900 2464 2068 2517 τινῶν
2102 2465 2339 2534 εὐγενῶν
2574 2466 2979 2537 Κερκυραίων,
3014 2464 3497 2536 παρακαλούντων·

1904 2572 1971 2628 με
2004 2555 2091 2609 ἴνα
2131 2557 2207 2628 μὴ
2241 2560 2423 2629 σιωπῇ
2462 2557 2787 2628 παραλείψω
2813 2556 2850 2611 ἃ
2876 2555 2995 2610 οῖδα
3025 2556 3478 2626 ὀφθαλμοφανῶς

1899 2648 1997 2702 καὶ
2037 2649 2251 2721 ἥκουσα
2283 2652 2379 2702 καὶ
2418 2650 2727 2719 ἀνέγνωκα.
2763 2650 3069 2725 Καὶᾼοῦτως
3100 2649 3318 2720 ἔγραψα
3357 2650 3483 2703 ἰδιοά

1898 2743 2100 2813 χείρως
2132 2744 2225 2796 καὶ
2272 2742 2534 2797 ἀπέδωσα
2576 2743 2681 2796 ἀνὰ
2720 2746 2914 2812 χεῖρας
2947 2741 3044 2795 τοῦ
3077 2741 3495 2795 εὐλαϐεστὰτουί

1902 2835 2093 2906 ἱερέως
2123 2837 2233 2907 κὺρ
2285 2836 2597 2890 ’Δντωνίου.
2632 2836 2746 2891 Καὶ
2785 2838 2836 2889 oi
2887 2833 3361 2902 ἀναγινώσκοντες
3388 2834 3497 2887 εὗρ’

1899 2926 2063 2996 χεσθὲ
2098 2945 2189 2997 μοι
2237 2927 2329 2982 διὰ
2356 2928 2450 2981 τὸν
2498 2926 2728 2999 Κύριον,
2765 2928 2818 2980 ει
2861 2926 3021 2981 ἐλαθέ
3049 2942 3141 2980 τι·
3196 2926 3259 2982 τὸ
3297 2926 3493 2996 γῆρας»

1898 3019 2008 3090 γὰρ
2048 3021 2111 3073 τὸ
2159 3023 2293 3090 ἐμὸν
2344 3022 2437 3074 καὶ
2489 3022 2527 3092 ἡ
2581 3020 2734 3092 δεινὴ
2783 3019 3047 3074 ἀσθένεια
3080 3020 3181 3074 οὐκ
3225 3021 3379 3073 εἴασέ
3410 3036 3492 3089 με»

1898 3113 2082 3177 καλῶς
2132 3113 2453 3183 διορθῶσαι.
2504 3113 2753 3185 Ἐγράφη
2811 3108 2906 3168 οὖν
2958 3112 3073 3166 ἔτει
3104 3111 3183 3182 τῷ
3235 3112 3345 3165 ἀπὸ
3381 3112 3479 3181 τῆς

212 3186 441 3255 ἢκουον.
480 3187 588 3239 Καὶ
644 3186 729 3238 ἵνα
782 3188 862 3251 είς
909 3188 1010 3258 τὴν
1038 3188 1151 3242 ἄνω
1180 3189 1440 3259 πρόνοιαν
1487 3189 1789 3258 ἀπαλλαγῶ
1818 3212 1859 3270 ο
1894 3207 2128 3270 κτίσεως
2171 3207 2383 3277 κόσμου
2427 3207 2658 3274 ,ςῇπςθν
2694 3207 2943 3277 Μαρτίου
2991 3204 3111 3272 ae"
3146 3204 3479 3266 ινδικτιῶνος

220 3278 369 3346 μετᾶ
396 3278 456 3330 τὸ
475 3278 771 3348 παρελθεῖν
816 3280 912 3342 τὰς
958 3280 1448 3351 ὲναπολειφθείσας
1482 3300 1572 3352 μοι
1598 3285 1785 3335 τοιαύ·

210 3371 550 3441 ταςήμέρας
583 3372 682 3439 τῆς
718 3369 887 3440 ζωῆς,
919 3371 1237 3436 ἐπελθόντος
1267 3390 1369 3444 μου
1397 3372 1494 3426 τοῦ
1527 3372 1789 3439 θανάτου,

212 3474 328 3538 tate
350 3482 478 3537 anni
504 3483 645 3539 6984
675 3485 729 3538 in
762 3483 1071 3540 Valachiam
1100 3485 1380 3556 profectus
1407 3495 1492 3541 est
1517 3501 1639 3541 eum
1667 3502 1787 3541 om-

210 3574 380 3631 nibus
409 3576 582 3645 copiis
608 3576 724 3632 suis
756 3593 771 3628 :
803 3577 946 3632 unde
971 3578 1102 3633 anni
1133 3579 1419 3648 sequentis
1451 3594 1640 3635 mense
1672 3580 1775 3634 Se-

209 3669 450 3738 ptembri
474 3670 651 3724 victus
676 3669 865 3739 magis,
892 3686 1054 3740 quam
1078 3671 1254 3726 victor
1281 3671 1460 3737 rediit,
1479 3681 1557 3734 et,
1575 3672 1787 3743 begler-

209 3760 353 3831 bego
369 3760 422 3814 in
441 3761 575 3816 urbe
597 3761 796 3831 Sophia
817 3762 1027 3828 relicto,
1052 3762 1163 3832 ipse
1180 3763 1589 3833 Adrianopolim
1614 3767 1783 3820 venit.

287 3857 427 3909 Anni
459 3856 703 3920 ejusdem
740 3853 995 3911 Octobris
1023 3857 1109 3912 die
1137 3843 1316 3925 primo
1344 3859 1782 3915 rheumatismus

208 3955 376 4015 caput
395 3947 524 4000 mihi
548 3957 600 4001 et
620 3963 797 4018 genua
823 3948 1041 4014 invasit,
1060 3948 1321 4020 misitque
1342 3959 1549 4005 tantum
1572 3953 1784 4023 pituita:

207 4054 277 4095 ex
307 4053 424 4103 ore,
466 4041 697 4095 naribus
726 4049 782 4095 et
814 4042 1063 4104 auribus,
1113 4052 1171 4096 ut
1203 4059 1395 4098 omnes
1418 4044 1781 4115 desperarent

208 4131 281 4185 de
303 4131 478 4183 salute
510 4145 629 4184 mea
670 4140 725 4185 et
762 4141 844 4184 ter
876 4134 1150 4202 particeps
1183 4133 1365 4187 liorem
1405 4135 1783 4192 immaculato-

206 4235 333 4274 rutn
380 4222 788 4293 mysteriorum.
843 4220 1062 4277 Utinam
1114 4240 1200 4279 me
1246 4224 1562 4282 abstulisset
1608 4243 1779 4295 mors,

206 4312 479 4368 medicina
519 4323 575 4369 et
615 4317 835 4385 requies
884 4316 1154 4371 malorum
1205 4333 1450 4374 meorum
1504 4324 1776 4387 oumium,

207 4404 527 4468 senectutis,
562 4405 899 4461 inﬁrmitatis
937 4414 993 4460 et
1040 4407 1259 4477 inopiae.
1295 4407 1510 4464 Etenim
1546 4427 1653 4467 non
1682 4429 1775 4469 so-

205 4494 319 4547 lum
340 4497 527 4550 multis
546 4499 768 4565 optimis
794 4498 944 4565 viris,
963 4514 1195 4568 quorum
1221 4504 1619 4563 consuetudine
1643 4522 1778 4563 usus

204 4601 359 4638 eram
397 4580 521 4642 inde
551 4590 619 4642 ab
649 4589 1037 4656 adolescentia,
1072 4592 1168 4646 sed
1199 4593 1363 4647 etiam
1393 4596 1556 4649 rebus
1603 4597 1670 4651 ad
1707 4599 1785 4652 vi-

202 4685 354 4731 ctum
374 4679 754 4747 quotidianum
782 4675 1109 4736 necessariis
1140 4686 1382 4753 privatus
1406 4702 1579 4743 eram.
1602 4689 1787 4758 Spero

204 4779 480 4825 tantorum
534 4773 801 4827 malorum
846 4777 1117 4842 patientis
1147 4786 1202 4831 et
1248 4788 1403 4848 grato
1451 4796 1578 4850 erga
1606 4783 1770 4836 Deum

199 4861 413 4928 animo,
454 4862 574 4931 ipso
617 4862 883 4933 propitio,
926 4865 1141 4920 veniam
1216 4884 1303 4922 me
1352 4871 1779 4938 impetraturum

197 4970 326 5010 esse
356 4955 563 5020 multis,
594 4954 795 5025 quibus
820 4971 944 5011 eum
991 4956 1218 5024 olfendi,
1252 4968 1515 5030 peccatis.
1552 4962 1768 5019 Nullum

197 5046 348 5102 enim
376 5055 459 5101 est
492 5047 545 5101 in
588 5051 695 5103 vita
740 5052 974 5105 humana
1013 5063 1296 5121 peccatum
1350 5056 1431 5109 vel
1477 5055 1768 5126 ﬂagitium,

197 5153 303 5192 nec
333 5138 441 5193 ulla
487 5140 710 5195 omnino
741 5143 1009 5212 nequitia,
1058 5160 1220 5213 quam
1267 5161 1368 5216 ego
1418 5148 1673 5217 indiguus
1716 5160 1772 5206 et

197 5230 367 5284 miser
398 5232 752 5301 cogitatione,
794 5236 964 5289 verbo
990 5244 1045 5289 et
1076 5236 1354 5292 voluntate
1392 5253 1499 5294 non
1532 5242 1770 5296 commi-

194 5321 384 5381 serim.
420 5324 515 5392 qui
553 5323 789 5394 judicio,
843 5325 1136 5396 proposito
1162 5336 1218 5382 et
1256 5329 1473 5385 actione
1520 5334 1768 5401 peccavi,

193 5421 462 5479 quantum
518 5430 683 5471 nemo
738 5432 978 5486 unquam
1028 5428 1177 5473 ante.
1232 5418 1438 5477 Verum
1484 5426 1781 5487 enimvero.

194 5500 526 5559 liberatuset
562 5517 761 5572 morte,
811 5525 874 5563 ex
923 5509 1020 5564 illo
1060 5511 1254 5566 morbo
1296 5513 1391 5568 diu
1448 5516 1521 5570 ita
1567 5518 1768 5574 surdus

191 5596 401 5660 mansi,
439 5608 498 5650 ut
526 5613 594 5652 ne
622 5600 746 5667 ejus
777 5600 1020 5670 quidem,
1055 5604 1150 5672 qui
1189 5619 1357 5675 prope
1399 5621 1484 5661 me
1515 5608 1769 5682 loquere-

191 5698 307 5751 tur,
335 5691 497 5744 verba
528 5691 799 5748 audirem.
830 5695 1007 5764 Atque
1040 5706 1098 5750 ut
1135 5699 1201 5752 ad
1229 5714 1545 5767 supremam
1577 5704 1764 5772 provi-

1896 3299 2211 3395 ἑνδεκάτης.

1897 3520 2021 3561 eam
2051 3507 2207 3562 divus
2229 3506 2404 3564 Jobus
2434 3507 2747 3578 appellavit,
2778 3507 3013 3577 SOpEtus,
3048 3506 3124 3561 ita
3155 3504 3326 3561 Deum
3352 3517 3478 3574 prc-

1898 3608 2057 3655 c’atus
2087 3616 2207 3655 sum
2247 3620 2260 3655 :
2309 3619 2328 3652 ι
2355 3599 2587 3667 Quodsi,
2636 3600 2911 3664 Salvator,
2958 3599 3070 3669 pati
3128 3615 3214 3653 me
3251 3608 3491 3653 incesse

1896 3696 1982 3743 est
2031 3688 2176 3760 (quis
2207 3688 2354 3743 enim
2389 3689 2540 3743 novit
2574 3688 2926 3742 altitudinem
2955 3686 3290 3758 jurliriorum
3353 3694 3477 3739 tuo-

1897 3785 2068 3839 rum?
2093 3783 2363 3852 siquidem
2385 3770 2713 3854 benignitas
2739 3792 2831 3836 tua
2868 3786 3168 3836 detestatur
3219 3782 3485 3835 miserias

1898 3891 2072 3941 meas,
2124 3876 2344 3945 justitia
2398 3888 2580 3930 autem
2640 3875 2792 3941 facit,
2835 3875 2983 3945 quod
3041 3890 3202 3929 suum
3242 3874 3367 3942 est),
3416 3873 3475 3927 in

1897 3980 2110 4039 tempus
2143 3972 2268 4034 hoc,
2299 3968 2445 4037 quod
2496 3968 2657 4023 tinem
2697 3968 2879 4032 habet,
2916 3967 3094 4036 pinnis
3137 3982 3224 4021 me
3272 3969 3477 4032 multa,

1898 4071 2009 4111 non
2062 4057 2115 4109 in
2167 4057 2412 4111 futurum
2447 4068 2686 4126 tempus,
2720 4057 2876 4126 cujus
2929 4056 3114 4112 nullus
3142 4056 3291 4120 linis,
3325 4057 3479 4111 nulla

1899 4163 2086 4201 rerum
2114 4149 2387 4215 reparatio
2415 4159 2518 4204 est.
2550 4147 2650 4202 llic
2682 4149 2847 4217 igitur
2875 4164 3001 4203 cum
3034 4165 3118 4203 me
3143 4149 3477 4219 purgaveris

1895 4258 2028 4295 usus
2068 4242 2311 4296 miseriis
2357 4242 2637 4305 omnibus,
2682 4258 2805 4311 qua:
2843 4242 2952 4298 huc
2998 4243 3228 4307 faciunt,
3271 4243 3348 4300 ita
3383 4259 3471 4297 me

1893 4334 2023 4391 hinc
2059 4334 2360 4390 transferre
2397 4336 2646 4403 dignare,
2683 4346 2747 4390 ut-
2787 4352 2898 4391 non
2946 4336 3200 4391 excidam
3252 4338 3469 4392 miseri-

1893 4428 2080 4493 cordia
2113 4436 2206 4482 tna
2237 4429 2291 4482 in
2320 4430 2494 4482 altero
2529 4438 2621 4482 tuo
2643 4439 2697 4482 et
2729 4430 2979 4483 horribili
3008 4433 3267 4485 adventu.
3297 4448 3318 4481 ι

1962 4520 2177 4577 Αὲειιιιο
2212 4523 2340 4575 anni
2375 4520 2517 4577 (i985
2562 4537 2777 4576 aureras
2837 4524 3109 4592 ingentem
3163 4524 3465 4579 exercitum

1890 4612 2063 4678 misit,
2120 4616 2214 4681 qui
2261 4612 2606 4684 Naupactum
2656 4627 2903 4684 Caperet,
2941 4616 3140 4670 deinde
3187 4616 3468 4689 invaderet

1882 4700 2144 4757 Sanctam
2196 4703 2463 4758 Mauram.
2505 4705 2701 4759 Verum
2748 4708 3047 4761 auxiliante
3096 4708 3206 4762 Deo
3258 4709 3491 4764 factum'

1878 4803 1984 4857 est,
2015 4804 2073 4848 ut
2104 4810 2205 4847 nec
2234 4794 2571 4864 Naupactum
2595 4798 2889 4866 subjicerct
2915 4813 2980 4851 eo
3007 4815 3171 4862 anno,
3194 4815 3297 4854 nec
3328 4800 3467 4855 San-

1878 4894 2025 4938 etam
2068 4884 2306 4939 Mauram
2356 4887 2690 4951 adoriretur,
2743 4890 2836 4943 sed
2874 4904 2931 4943 re
2982 4890 3184 4945 infecta
3235 4892 3455 4947 rediret.

1952 4975 2105 5032 Finis
2142 4978 2263 5031 libri
2301 4979 2460 5047 hujus
2503 4980 2748 5033 historici
2798 4981 2914 5034 sive
2963 4982 3247 5047 chronici,
3299 4999 3460 5052 quem

1879 5084 1980 5140 ego
2046 5080 2233 5138 rogatu
2306 5070 2569 5123 nobilium
2627 5073 2989 5138 quorumdam
3044 5072 3459 5143 Corcyraeorum

1875 5160 2205 5229 conscripsi,
2242 5161 2337 5230 qui
2384 5161 2819 5217 cohortabantur
2864 5178 2971 5225 me,
3022 5171 3079 5217 ut
3123 5180 3190 5218 ne
3237 5164 3459 5220 silentio

1874 5266 2207 5322 premerem,
2235 5268 2358 5323 qua:
2395 5253 2659 5310 vidissem
2701 5256 2901 5320 oculis,
2949 5255 3253 5322 audissem,
3294 5257 3465 5327 legis-'

1873 5359 2012 5402 sem.
2061 5345 2251 5416 Itaque
2284 5362 2451 5401 manu
2505 5363 2625 5402 mea
2678 5347 2794 5404 haec
2838 5350 3034 5419 scripsi
3078 5358 3132 5405 et
3171 5349 3225 5404 in
3264 5367 3469 5407 manus»

1872 5437 2177 5492 sacerdotis
2205 5438 2604 5519 religiosissimi
2642 5439 2868 5495 Antonii
2905 5443 3130 5498 tradidi.
3164 5443 3469 5511 Lectores;

1848 5512 2142 5599 ignoscite
2175 5531 2306 5585 mihi
2349 5546 2447 5601 per
2488 5512 2804 5600 Dominum,
2842 5534 2889 5589 si
2926 5535 3060 5605 quid
3098 5537 3464 5605 pratermisi:

1871 5621 2137 5678 Senectus
2171 5623 2317 5677 enim
2362 5633 2416 5697 et
2446 5640 2660 5680 sunnna
2693 5626 2998 5681 inﬁrmitas
3024 5643 3142 5682 mea
3177 5643 3282 5682 non
3314 5629 3471 5683 siver

1869 5722 1996 5766 runt
2054 5729 2140 5767 me
2201 5723 2455 5770 accurate
2505 5717 2693 5772 omnia
2755 5718 3060 5773 elaborare.
3128 5717 3468 5773 Scribebatn'

187 5781 432 5876 dentiam
465 5795 788 5848 reverterer,
817 5790 1111 5857 pra-teritis
1141 5792 1243 5857 his,
1273 5792 1368 5863 qui
1400 5795 1532 5847 mihi
1567 5797 1761 5866 reliqui
1866 5818 2011 5857 anno
2045 5822 2073 5856 a
2102 5804 2304 5874 mundo
2334 5807 2555 5864 condito
2584 5809 2748 5876 6986,
2786 5811 2989 5867 mensis
3025 5811 3198 5865 Martii
3234 5811 3323 5867 die
3355 5810 3464 5876 90,-

188 5883 347 5940 sunt,
372 5873 564 5931 diebus
599 5877 740 5943 vitae,
775 5888 827 5932 et
864 5890 1059 5944 morte,
1092 5883 1335 5952 requiete
1364 5885 1668 5955 hominum,
1703 5897 1761 5943 ut

1866 5895 2163 5953 indictione
2189 5897 2498 5955 undecima.
