3960 6570
271 397 406 464 1041

1537 423 1978 492 CHRONICON
2020 433 2289 494 MINUS.
2320 506 2324 509 _

3389 425 3536 492 tot!

265 515 361 568 καὶ
415 516 917 586 καδαλτκεύσαντες
951 525 1094 594 μετά
1120 526 1379 600 πλείστης
1419 534 1502 586 ὅτι
1542 539 1716 606 χαρᾶς
1759 539 1853 592 καὶ
1880 535 1926 595 Α
1957 544 2155 611 γισμδς
2187 541 2294 605 ἔως
2322 532 2386 594 οὗ
2437 541 2610 594 πολλά
2647 540 2917 603 κοπιάσας
2962 541 3055 593 καὶ
3107 539 3344 608 μεθύσχς
3379 540 3532 611 (πολ-

259 607 359 660 ⁴τοῦ
396 608 514 672 ἑνὸς
551 613 753 681 μέρους
779 615 869 668 καὶ
900 616 996 669 τοῦ
1041 618 1203 673 ἄλλου
1234 623 1506 694 ἐσέόημεν
1536 629 1617 691 εἰς
1650 631 1708 682 τὸ
1744 632 1845 684 κάο

261 714 428 767 στρον
455 703 551 755 καὶ
586 703 749 775 μέχρι
798 707 907 758 τῶν
953 711 1032 772 εἰς
1061 711 1153 764 τὸν
1189 714 1318 768 ναὸν
1362 718 1456 770 τοῦ
1492 720 1650 788 ἁγίου
1679 724 1846 776 Νικο-

261 791 396 845 λάου
457 797 737 865 ὀσπητίων
788 801 1127 872 ἀπήλθομεν,
1177 809 1278 876 τῆς
1342 810 1441 877 μὲν
1487 812 1608 865 ὁδοῦ
1661 817 1843 883 πάσης

260 889 727 956 κατεστρωμένης
758 893 979 948 πάντων
1025 897 1235 952 ἀνθέων
1269 904 1364 954 καὶ
1409 904 1708 975 εὐκοσμίας
1751 914 1844 964 καὶ

260 976 377 1030 ἀπὸ
418 981 486 1032 τὰ
523 983 586 1032 ἐκ
620 982 812 1048 δεξιῶν
864 989 962 1040 καὶ
997 988 1306 1062 ἀριστερῶν
1337 996 1574 1067 ὀσπήτια
1622 1002 1845 1058 πάντων

261 1069 544 1166 ρεομένων
575 1072 663 1125 διὰ
700 1077 1171 1149 ῥοδοσταμμάτων
1201 1085 1297 1138 καὶ
1350 1087 1519 1156 ῥόδων
1553 1093 1647 1144 καὶ
1684 1111 1844 1166 τρια-

260 1161 650 1230 κονταφύλλων
671 1184 683 1194 ·
715 1165 867 1240 [150]
903 1173 1012 1224 ἀπὸ
1057 1174 1105 1228 δ’
1132 1176 1343 1232 ἀνωθεν
1385 1180 1481 1233 τοῦ
1515 1161 1733 1240 Κουλᾶ-
1753 1187 1842 1242 διά

263 1251 479 1303 σκευῶν
513 1258 606 1307 καὶ
634 1258 929 1331 τζαγγρῶν
962 1266 1150 1330 κακῶς
1191 1270 1553 1342 δεξιουμένων
1585 1279 1752 1348 ἡμᾶς,
1793 1285 1842 1336 εἰ

260 1345 356 1396 καὶ
377 1346 530 1399 οὐδέν
557 1367 608 1404 τι
636 1352 878 1425 ἔϐλαψαν
902 1374 915 1388 ο
944 1360 994 1411 οί
1022 1361 1128 1432 γὰρ
1159 1363 1252 1416 τοῦ
1281 1345 1680 1437 μητροπολίτου
1705 1393 1842 1444 κραο

258 1440 525 1506 στήσαντες
543 1444 632 1496 τὸν
653 1447 888 1513 Κουλᾶν,
913 1451 993 1505 ἔτι
1014 1454 1179 1512 δὲκαὶ
1199 1461 1266 1511 τὰ
1287 1461 1586 1519 αὐθεντικά
1609 1469 1844 1538 πλησίον

259 1532 427 1584 αὐτοῦ
453 1537 687 1606 οσπήτια
710 1541 805 1593 καὶ
841 1549 1276 1617 σιταρχήσαντες
1310 1555 1404 1607 καὶ
1425 1556 1843 1628 ἀφιερώσαντες

259 1626 546 1696 κατέσχον,
591 1631 902 1700 ἐλπίζοντες
942 1639 1026 1691 ὅτι
1072 1641 1320 1708 ἐλθόντος
1356 1647 1450 1702 τοῦ
1503 1626 1841 1722 μητροπολίὲ

257 1734 378 1780 του.
417 1721 503 1775 διὰ
531 1723 721 1779 τούτου
767 1727 912 1792 ἕξειν
940 1731 1106 1786 πάλιν
1137 1735 1282 1808 ἅπερ
1322 1741 1416 1794 καὶ
1449 1721 1720 1814 πρότερον
1759 1744 1841 1801 εἴ·

256 1828 353 1880 χον
371 1828 388 1844 ο
414 1815 572 1883 ἡμῶν
595 1815 658 1907 δέ
685 1819 778 1872 ἐπὶ
801 1820 900 1892 τὴν
926 1822 1120 1894 αὔριον
1147 1831 1526 1900 συναχθέντων
1558 1837 1614 1889 ἐν
1645 1838 1722 1907 τῷ
1744 1841 1840 1892 τοῦ

257 1905 416 1973 ἁγίου
452 1906 726 1966 Νικολάου
759 1915 871 1984 ναῷ
907 1917 997 1969 καὶ
1031 1921 1232 1982 παντὸς
1255 1923 1350 1977 τοῦ
1377 1927 1473 1996 τῆς
1500 1905 1838 1999 χώραςὴλαοῦ

254 1997 554 2054 δεδώκασιν
582 2003 748 2073 ὅρκον
775 2007 856 2059 ὅτι
888 2008 954 2061 νά
981 2003 1082 2064 ὦσι
1114 2016 1296 2068 πιστοὶ
1325 2017 1500 2073 δοῦλοι
1529 2021 1624 2074 τοῦ
1648 2024 1842 2080 αὐθενι-

253 2090 352 2155 τδς
379 2093 538 2163 ἡμῶν
566 2095 661 2149 τοῦ
683 2098 946 2155 δεσπότου
969 2121 982 2134 ο
1015 2107 1113 2158 καὶ
1144 2107 1246 2174 ἐμὲ
1282 2111 1363 2173 είς
1389 2114 1634 2185 κεφαλὴν
1658 2119 1837 2174 αὐτῶν

255 2182 533 2254 ἐζήτησαν
557 2204 572 2219 ο
616 2189 860 2258 ἥκουσαν
886 2194 969 2260 δὲ,
994 2197 1074 2249 ὅτι
1116 2201 1211 2251 καὶ
1246 2200 1342 2256 δύο
1385 2205 1481 2258 καὶ
1517 2182 1678 2261 πλέον
1707 2211 1836 2263 τούο

418 2280 509 2372 ¹τὸν
555 2285 966 2354 χρεωστοῦμεν,
1003 2291 1098 2356 καὶ
1139 2291 1230 2346 διὰ
1271 2295 1369 2365 τὴν
1417 2298 1572 2367 ὑμῶν
1621 2303 1836 2372 αῖτησιν

255 2365 398 2462 θέλω
426 2364 594 2438 ἦσθε»
623 2373 787 2437 αὐτὸς
817 2378 898 2440 είς
932 2380 1178 2452 κεφαλὴν
1215 2364 1388 2454 ὐμῶν.
1423 2364 1532 2443 Καὶ
1560 2395 1625 2462 τῇ
1669 2364 1832 2462 ηὐτοῦ

267 2455 490 2511 Ἰουνίου
534 2463 704 2533 μηνὸς
739 2468 1083 2536 περάσαντός
1115 2488 1216 2540 μου
1251 2476 1332 2538 είς
1364 2476 1455 2529 τὸν
1477 2477 1830 2545 Ναύπακτον,

255 2551 346 2605 ἵνα
388 2556 466 2618 εἰς
508 2557 595 2610 τὸν
644 2558 870 2628 βασιλέα
906 2564 1126 2634 πρῶτον
1165 2569 1409 2641 ἀπέλθω,
1461 2573 1546 2626 ἶνα
1583 2576 1835 2640 κάκεῖνος

251 2645 325 2698 τὰ
361 2649 442 2710 εἰς
498 2651 596 2720 τὴν
638 2653 860 2725 Πάτραν
899 2660 1462 2734 παρακολουθήσαντα
1505 2669 1650 2740 μάθῃ
1680 2687 1692 2698 ·
1736 2666 1834 2723 εἶτ’

252 2741 352 2833 ἀπ’
381 2743 558 2798 ἐκεῖσε
599 2749 738 2816 μετὰ
779 2751 871 2804 καὶ
904 2754 1166 2824 ἄρχοντος
1217 2758 1386 2812 αὐτοῦ
1425 2761 1506 2823 εἰς
1549 2764 1638 2816 τὸν
1685 2764 1835 2833 ἀμη-

434 2836 530 2889 καὶ
581 2840 686 2932 γάρ
727 2844 868 2896 κατά
918 2849 1020 2918 τὴν
1049 2846 1091 2902 δ’
1125 2848 1220 2903 τοῦ
1268 2851 1434 2905 αὐτοῦ
1465 2855 1672 2924 μηνὸς,
1709 2860 1765 2910 ἐν

254 2923 562 3019 φθάσαντες
617 2931 918 3003 ἐμείναμεν
971 2938 1032 2990 ἐν
1083 2939 1161 3009 τῷ
1206 2940 1302 2994 τοῦ
1361 2943 1518 3010 ἁγίου
1579 2923 1831 3019 Ἀνδρέοῦ

252 3017 390 3086 ναῷ,
429 3019 537 3073 ἰδοὺ
587 3023 685 3077 καὶ
726 3025 834 3078 ἀπὸ
879 3029 971 3083 τὸν
1017 3030 1353 3085 Ναύπακτον
1405 3017 1832 3104 ἐπέρασαν-δύο

251 3109 516 3180 Τοῦρκοι,
551 3116 580 3168 6
627 3117 728 3186 μὲν
771 3119 865 3172 τοῦ
900 3125 1118 3192 άμηρά,
1176 3127 1205 3178 6
1234 3126 1290 3179 δὲ
1339 3127 1433 3180 τοῦ
1480 3127 1827 3200 Τουραχάνη,

252 3203 509 3271 λέγοντες
539 3209 768 3279 ὁρισμὸν
799 3213 881 3266 ὅτι
921 3215 1022 3286 τὴν
1066 3217 1289 3288 Πάτραν
1316 3219 1402 3273 ἵνα
1433 3222 1509 3292 μὴ
1537 3222 1834 3294 ἐπάρωμεν
1859 3245 1903 3306 C

255 3297 430 3368 αὐτήν
457 3313 470 3328 °
515 3300 565 3353 οί
591 3301 655 3372 δὴ
688 3304 850 3358 πάλιν
896 3306 1247 3379 ὑπέστρεψαν
1300 3313 1420 3380 μετ’
1461 3313 1598 3384 ἐμοῦ
1637 3316 1835 3368 ἀπολοο

248 3392 380 3460 ⁸τίαν
413 3392 691 3461 λαϐόντες,
721 3397 827 3463 ὅτι,
863 3401 983 3453 ἐπεὶ
1009 3404 1038 3455 6
1077 3403 1268 3473 παρὼν
1299 3405 1482 3476 ἄρχων
1529 3408 1662 3477 ἐμοῦ
1695 3409 1833 3462 ὀπά-

248 3500 339 3550 γει
373 3488 454 3550 εἰς
481 3487 572 3541 τόν
618 3489 847 3560 ἀδελφόν
909 3511 1014 3563 μου
1046 3495 1140 3550 τὸν
1177 3496 1352 3566 μέγαν
1389 3501 1633 3570 ἀμηράν,
1674 3499 1827 3573 [151]

246 3580 328 3642 ὡς
360 3580 428 3633 ἂν
471 3582 655 3654 ὁρίσῃ,
707 3583 936 3656 θέλομεν
973 3588 1242 3659 ποιήσειν.
1290 3591 1379 3654 Ὠς
1418 3588 1511 3646 οὖν
1559 3594 1834 3663 περάσαν-

247 3687 342 3735 τες
375 3673 435 3726 ἐν
463 3673 542 3742 τῷ
574 3675 895 3748 Ναυπάκτῳ
945 3679 1266 3751 ἐμείναμεν,
1299 3681 1444 3753 πρωῒ
1495 3685 1713 3747 σκοτίας
1741 3684 1834 3738 οῦ-

249 3780 372 3833 σης,
410 3765 518 3820 ἰδοὺ
568 3770 746 3821 ἐκεῖσε
781 3770 876 3822 καὶ
911 3772 939 3824 ό
982 3772 1230 3825 παλαιῶν
1268 3775 1499 3845 Πατρῶν
1552 3794 1832 3848 μητροπο-

243 3856 438 3928 λίτης,
504 3861 847 3933 Παντοῦλφος
901 3865 1298 3931 Μαλατέστας,
1359 3868 1496 3938 μετὰ
1559 3870 1829 3941 κατέργου

245 3949 632 4005 Καταλανικοῦ
651 3948 826 4024 ιῆλθεν
851 3969 866 3985 ⁸
895 3955 1244 4026 διερχόμενος
1267 3957 1376 4028 γάρ
1403 3958 1480 4021 ὡς
1504 3959 1672 4028 ἔμαθε
1701 3961 1830 4029 περὶ

241 4043 314 4096 τὰ
341 4045 606 4114 νησύδρια
648 4045 718 4099 τὰ
755 4049 921 4116 μέσον
960 4047 1064 4117 τῆς
1106 4047 1250 4115 ὁδοῦ,
1302 4051 1386 4102 ὅτι
1431 4051 1588 4122 ἐδόθη
1622 4053 1683 4106 τὸ
1734 4051 1832 4105 κά-

248 4154 414 4208 στρον
447 4138 585 4208 πρὸς
617 4139 706 4192 τὸν
752 4140 1043 4209 δεσπότην,
1095 4141 1293 4198 ἐτι-ίασε
1343 4143 1444 4215 τὴν
1476 4145 1700 4215 λιδέραν
1734 4146 1828 4200 τοῦ

251 4233 456 4302 μέρους
506 4234 601 4286 τοῦ
652 4234 1012 4298 Ναυπάκτου,
1063 4236 1147 4289 ἵνα
1178 4237 1398 4307 πρῶτον
1443 4239 1602 4293 τοῦτο
1647 4241 1829 4302 καλῶς

249 4323 400 4396 μάθῃ
421 4325 496 4388 ὡς
525 4326 744 4395 ἐγένετο
764 4344 778 4359 ·
799 4329 1021 4400 ἐδέησεν
1041 4325 1133 4384 οὖν
1156 4333 1436 4400 ἐπιμεῖναι
1453 4334 1622 4402 κάμοὶ
1649 4337 1826 4389 ἐκεῖσε

241 4416 338 4468 καὶ
367 4417 468 4486 τὴν
512 4417 723 4488 αὐριον,
759 4419 846 4472 ἵνα
886 4420 1111 4490 πρῶτον
1161 4423 1388 4493 μηνύσω
1416 4423 1576 4477 τοῦτο
1623 4426 1701 4496 τῷ
1728 4429 1827 4480 αὐ-

244 4508 408 4581 θέντῃ
442 4528 572 4582 μου,
614 4513 754 4584 ὅπερ
806 4517 901 4568 καὶ
942 4515 1134 4584 γέγονε
1157 4533 1171 4549 ο
1203 4518 1300 4570 καὶ
1345 4519 1478 4590 παρ’
1508 4519 1642 4590 ἐμοῦ
1668 4521 1827 4574 τοῦτο

1950 635 2106 698 λάκις
2144 637 2238 688 καὶ
2288 635 2560 696 ἀκουσίως
2616 633 2903 704 ἐμέθυσα),
2935 633 3225 695 κάκείνους
3273 632 3532 685 τοσοῦτον

1950 729 2031 781 ὅτι
2063 727 2258 797 άπῆρά
2296 744 2420 790 τους
2451 729 2520 781 τὰ
2574 726 2799 796 χαρτία.
2845 727 2939 778 καὶ
2970 726 3256 792 ἀνέγνωσα
3301 727 3392 777 καὶ
3441 742 3536 792 με·

1948 820 2226 888 τέγραψα,
2265 822 2495 874 κάκεῖνα
2544 819 2708 873 πάλιν
2742 819 3022 872 ἐδούλωσα
3054 819 3142 871 καὶ
3187 819 3382 888 ἀφῆκα
3409 834 3425 848 ⁸
3456 820 3532 878 ὡς

1947 911 2003 964 δέ
2035 911 2249 980 ἔφθασα
2292 915 2371 974 εἰς
2403 914 2501 980 τὴν
2539 912 2712 976 πόλιν,
2769 911 2925 981 ἐδόθη
2966 929 3054 978 μοι
3104 912 3534 978 συναποκρισιά-

1953 1021 2072 1073 ρης,
2108 1003 2258 1076 [155]
2291 1005 2520 1072 Μάρκος
2554 1003 2938 1069 Παλαιολόγος,
2967 1006 2994 1054 6
3028 1004 3270 1071 ¹’1αγρος,
3319 1004 3346 1053 6
3376 1003 3532 1055 ὓστε-

1951 1113 2043 1166 ρον
2073 1097 2533 1166 πρωτοστράτωρ,
2558 1095 2680 1147 τότε
2702 1095 2758 1148 δέ
2783 1095 3345 1164 πρωτοῦεστιαρίτης,
3366 1093 3531 1145 πλέον

1949 1188 2233 1248 ἀνατεθεὶς
2285 1183 2426 1242 εἴναι
2486 1189 2624 1241 κατά
2662 1190 2759 1257 τῆς
2817 1185 3065 1249 δουλείας
3119 1203 3240 1254 μου,
3300 1185 3332 1256 ἢ
3385 1186 3527 1254 ὑπὲρ

1947 1278 2120 1344 αὐτῆς
2143 1294 2158 1310 ο
2193 1279 2292 1331 οὐκ
2319 1273 2436 1332 οἶδα
2460 1279 2516 1332 δὲ
2543 1279 2673 1332 ἀλλο
2699 1295 2752 1332 τι
2788 1281 2984 1342 αἴτιον,
3033 1276 3150 1329 ἀλλ’
3183 1277 3214 1346 ἢ
3243 1276 3305 1329 τὸ
3333 1276 3528 1343 φθόνος

1947 1371 2045 1422 οὐκ
2065 1367 2170 1422 οἶδε
2200 1372 2476 1442 προτιμᾷν
2497 1371 2560 1423 τὸ
2589 1371 2872 1440 συμφέρον
2900 1388 2912 1401 ·
2947 1369 3280 1429 ἀπελθόντες
3313 1367 3359 1420 δ’
3385 1368 3523 1436 ὁμοῦ

1947 1463 2026 1524 εἰς
2075 1461 2166 1514 τὸν
2197 1463 2442 1532 ἀμηράν,
2496 1463 2794 1532 ἀπήραμεν
2837 1461 3160 1524 ἀπολογίαν,
3211 1461 3297 1513 ἵνα
3339 1461 3528 1514 δώσω·-

1951 1569 2049 1622 μεν
2095 1553 2265 1621 αὐτὴν
2300 1548 2381 1616 οἷς
2421 1549 2604 1623 εῐχον’
2658 1555 3096 1627 ἀπελογησάμην
3143 1549 3237 1608 οὖν
3279 1554 3359 1624 τῷ
3405 1554 3528 1607 τότε

1948 1643 2151 1714 πρώτῳ
2187 1644 2373 1718 βιζίρῃ
2414 1648 2507 1701 καὶ
2541 1647 2787 1718 ἄρχοντι,
2832 1648 2909 1718 τῷ
2940 1647 3180 1720 Μπραῖμ
3213 1650 3414 1720 Πασίᾳ,
3443 1650 3526 1702 ὅτι

1945 1737 2106 1790 τοῦτο
2142 1737 2254 1803 ἐγὼ
2278 1737 2368 1790 τὸν
2411 1740 2680 1809 αὐθέντην
2708 1759 2811 1811 μου
2842 1741 2997 1795 οὐδὲν
3025 1741 3212 1810 τολμῶ
3243 1743 3332 1795 ῖνα
3362 1741 3524 1805 εἴπω,

1945 1827 2064 1880 ἀλλ’
2101 1830 2228 1881 ἐπεὶ
2249 1830 2460 1893 ἐκεῖνος
2486 1831 2841 1899 ὁπωσδήποτε
2890 1833 3162 1904 ἀρχονταν
3191 1833 3359 1888 αὑτοῦ
3388 1835 3525 1886 ἀπέ·

1945 1921 2124 1973 στειλε
2161 1923 2298 1990 πρὸς
2338 1921 2430 1976 τὸν
2463 1923 2640 1992 μέγαν
2673 1925 2962 1995 αὐθέντην,
3006 1927 3115 1980 ίδοὺ
3149 1926 3214 1990 ἃς
3247 1926 3408 1999 ὁρίσῃ
3432 1931 3525 1980 καὶ

1941 2011 1970 2063 6
2005 2010 2273 2083 αὐθέντης
2308 2013 2544 2068 σκλάδον
2571 2032 2661 2067 του
2693 2016 2789 2068 καὶ
2827 2015 2894 2078 ἃς
2925 2015 3056 2087 ἔλθῃ
3093 2015 3216 2084 μετ’
3238 2016 3399 2086 ἐμοῦ,
3432 2019 3525 2069 καὶ

1941 2100 2008 2165 ἃς
2040 2103 2168 2174 είπῃ
2200 2103 2330 2167 τοὺς
2363 2105 2626 2176 ὁρισμοὺς
2661 2106 2755 2158 τοῦ
2798 2104 3037 2176 μεγάλου
3083 2107 3383 2170 αὐθεντός·
3427 2107 3525 2160 καὶ

1939 2193 2161 2264 ἔστερξε
2200 2196 2358 2249 τοῦτο
2390 2199 2485 2250 καὶ
2517 2191 2639 2250 εἶπε
2659 2192 2679 2226 ’”
2703 2199 2948 2269 Φρόνιμα
2985 2200 3078 2251 καὶ
3110 2199 3256 2252 καλὰ
3290 2199 3480 2267 λέγετε
3505 2216 3520 2230 ⁸

1937 2288 2030 2341 τοῦ
2093 2290 2308 2360 Ἰάγρου
2358 2291 2502 2353 ἰδίως
2562 2291 2907 2354 σκώπτοντος
2955 2292 3115 2346 τοῦτο
3167 2295 3246 2358 είς
3293 2293 3392 2363 ἐμὲ
3445 2294 3520 2356 ώς

1937 2385 2219 2455 ἄπρακτον
2275 2386 2366 2438 καὶ
2429 2385 2592 2455 μόνον
2649 2386 2980 2454 ἐπιζήμιον·
3018 2384 3131 2454 ἐγὼ
3182 2385 3320 2439 Θεοῦ
3371 2385 3522 2440 εὐδο-

1938 2479 2184 2543 κοῦντος,
2219 2477 2431 2548 ἔπραξα
2466 2477 2624 2530 τοῦτο
2649 2480 2738 2530 καὶ
2762 2477 2956 2547 ἀπῆρα
2994 2478 3518 2549 Ἀρχοντόσκλαϐον.

1938 2571 2034 2624 καὶ
2063 2566 2132 2640 ἦν
2175 2570 2331 2623 τοῦτο
2360 2570 2573 2640 πρῶτον
2603 2569 2778 2622 αἴτιον
2815 2567 2908 2622 τοῦ
2938 2569 3126 2623 λαϐεῖν
3156 2569 3256 2640 τὴν
3297 2571 3523 2639 διόρθωο

1937 2681 2024 2716 σιν
2058 2665 2117 2717 τὸ
2145 2667 2272 2735 περὶ
2306 2667 2402 2735 τῆς
2432 2666 2673 2736 Πάτρας.

2672 2765 2770 2814 υλν.

2007 2848 2156 2920 [154]
2190 2851 2298 2903 Καὶ
2353 2852 2429 2922 τῷ
2474 2853 2558 2923 λη’
2603 2854 2712 2907 ἔτει
2765 2854 2824 2905 ἐν
2874 2853 3008 2924 μηνὶ
3058 2847 3379 2922 Σεπτεϐρίῳ
3436 2852 3518 2914 είς

1933 2944 2059 3006 τοὺς
2090 2945 2410 3013 κρατικοὺς,
2451 2945 2695 3014 ἔπραξαν
2721 2945 2781 2998 τὸ
2816 2943 3156 2998 συνοικέσιον
3193 2942 3290 2996 τοῦ
3321 2941 3517 2995 αὐθεν-

1933 3036 2201 3088 τοπούλου
2235 3037 2426 3105 Θωμά.
2474 3038 2524 3090 οἱ
2559 3037 2885 3104 αὐτάδελφοι
2937 3035 3102 3090 αὐτοῦ
3134 3037 3184 3090 οἱ
3229 3035 3515 3101 δεσπόται,

1938 3126 2077 3195 μετὰ
2106 3124 2205 3193 τῆς
2239 3126 2512 3194 θυγατρὸς
2539 3127 2635 3178 τοῦ
2679 3129 2981 3198 πρίγκιπος
3024 3127 3225 3196 Ἀσάνη
3272 3126 3522 3196 Ζαχαρία

1936 3216 2030 3270 τοῦ
2093 3217 2477 3287 Κεντηρίωνος
2503 3234 2515 3248 ·
2551 3211 2596 3285 ᾧ
2626 3217 2691 3289 δὴ
2736 3219 2866 3288 μηνὶ
2911 3218 3069 3285 κάγὼ
3109 3217 3274 3270 πάλιν
3319 3215 3520 3270 ἐπανέ-

1941 3307 2149 3376 στρεψα
2194 3309 2275 3371 εἰς
2303 3309 2370 3360 τά
2395 3309 2678 3377 Τρίκκαλα
2707 3310 2847 3379 πρὸς
2899 3309 2989 3362 τὸν
3021 3308 3378 3380 Τουραχάνην
3421 3309 3518 3362 καὶ

1937 3399 2036 3467 τὴν
2066 3398 2195 3468 περὶ
2225 3399 2323 3468 τῆς
2375 3399 2597 3470 Πάτρας
2633 3399 2884 3454 δουλείαν
2912 3400 3140 3464 τελείως
3176 3399 3472 3467 διώρθωσα
3499 3414 3516 3429 ’

1936 3493 2032 3544 καὶ
2065 3491 2143 3559 τῷ
2174 3491 2322 3560 αὐτῷ
2371 3492 2485 3544 ἔτει
2538 3495 2596 3544 ἐν
2632 3494 2765 3559 μηνὶ
2802 3492 3100 3564 Νοεμὸρίῳ
3131 3494 3164 3564 ἡ
3222 3491 3516 3563 βασίλισσα

1936 3581 2080 3650 κυρά
2122 3581 2376 3653 Θεοδώρα
2407 3585 2488 3646 εἰς
2527 3582 2588 3636 τὸ
2622 3584 2928 3652 Στάμοιρον
2964 3583 3334 3652 εὐρισκομένη
3384 3583 3519 3635 ἀπέο

1937 3675 2089 3740 θάνε,
2115 3676 2496 3746 καταλείψασα
2525 3675 2707 3746 λύπην
2738 3677 2941 3744 πολλὴν
2977 3677 3072 3728 καὶ
3104 3676 3184 3738 είς
3225 3675 3314 3727 τὸν
3345 3675 3517 3744 ἄνδρα

1935 3769 2106 3840 αὐτῆς
2137 3771 2234 3823 καὶ
2260 3771 2341 3832 εἰς
2371 3771 2521 3840 ἡμᾶς
2551 3768 2679 3832 τοὺς
2711 3769 2944 3831 οἰκείους
2978 3765 3144 3820 αὐτοῦ
3177 3765 3265 3819 διά
3289 3764 3352 3817 τὸ
3373 3761 3514 3818 εἶναι

1935 3861 2106 3932 αὐτὴν
2142 3861 2468 3931 καλλίστην.
2516 3863 2724 3930 Ἐτάφη
2753 3860 2808 3913 δὲ
2846 3861 3011 3930 μέχρι
3062 3857 3207 3922 τινὸς
3250 3859 3332 3921 είς
3383 3858 3515 3928 μίαν

1932 3955 2042 4008 τῶν
2088 3953 2396 4024 ἐκκλησιῶν
2444 3956 2542 4025 τῆς
2585 3953 2625 4004 Γ
2629 3951 2970 4024 λαρέντζας·
2999 3951 3095 4006 καὶ
3149 3948 3288 4021 μετά
3339 3949 3515 4004 ταῦτα

1933 4049 2158 4118 άπῆγαν
2189 4048 2359 4120 αὐτὴν
2396 4048 2476 4110 είς
2503 4047 2602 4116 τὴν
2631 4049 2688 4099 ἐν
2720 4045 2798 4116 τῷ
2818 4044 3090 4118 Μυζηθρᾷ
3114 4043 3208 4098 τοῦ
3236 4044 3515 4098 Ζωοδότου

1935 4143 2127 4212 μονήν.
2177 4140 2289 4193 Καὶ
2315 4140 2395 4211 τῷ
2445 4140 2801 4208 Ἰαννουαρίῳ
2834 4139 2968 4210 μηνὶ
3011 4137 3107 4194 τοῦ
3147 4137 3315 4192 αὐτοῦ
3356 4135 3513 4198 ἔτους

1931 4236 2203 4306 εὐλογήθη
2229 4235 2327 4288 καὶ
2366 4237 2394 4288 6
2441 4233 2876 4297 αὐθεντόπουλος
2907 4234 3014 4304 κίιρ
3052 4233 3257 4302 Θωμᾶς
3305 4233 3388 4294 εἰς
3420 4231 3514 4284 τὸν

1930 4327 2232 4400 Μυζηθρᾶν
2275 4329 2448 4398 κυράν
2501 4328 2887 4398 Αίκατερήναν
2935 4326 3036 4397 τὴν
3082 4325 3362 4396 θυγατέρα
3412 4324 3510 4379 τοῦ

1933 4420 2192 4492 ῥηθέντος
2228 4422 2548 4493 πρίγκιπος.
2589 4421 2668 4491 Τῇ
2711 4421 2767 4473 δὲ
2798 4425 2890 4485 κς⁸
2924 4420 3172 4489 Μαρτίου
3211 4418 3308 4472 τοῦ
3340 4418 3512 4474 αὐτοῦ

1932 4511 2086 4575 ἔτους
2115 4514 2302 4585 ἡμέρα
2335 4514 2428 4568 καὶ
2455 4513 2575 4584 ὥρᾳ
2603 4511 2738 4566 ὀποῦ
2784 4512 2852 4582 μὲ
2891 4511 3126 4566 ἐπίασαν
3151 4514 3204 4565 οἱ
3233 4513 3512 4582 Πατρηνοὶ

242 4600 466 4668 πρῶτον
513 4601 717 4672 ἔμαθεν
742 4617 757 4632 ⁶
791 4605 887 4658 καὶ
930 4605 1187 4674 δεύτερον
1234 4608 1320 4660 ἵνα
1367 4610 1482 4674 καὶ,
1516 4611 1600 4670 τίς
1632 4613 1659 4663 ὀ
1699 4612 1820 4663 ἐπί-
1853 4611 1899 4668 ι)
1931 4604 2309 4674 ἀπερχομένου
2347 4623 2451 4674 μου
2487 4607 2569 4669 εὶς
2607 4605 2667 4657 τὸ
2704 4606 3041 4660 δεσποτάτον
3079 4608 3154 4668 ὡς
3181 4603 3511 4675 ἀποκρισιαο

243 4709 451 4756 σκοπος
507 4697 672 4748 αὐτοῦ
718 4695 782 4768 δὴ
835 4696 929 4750 τοῦ
984 4699 1430 4768 μητροπολίτου,
1478 4702 1540 4753 τὺ
1592 4702 1818 4754 δυνατὸν

242 4784 444 4853 μάθω*
499 4787 666 4855 μέσον
705 4787 764 4841 δὲ
815 4793 1115 4858 γενομένου
1162 4792 1258 4843 καὶ
1304 4791 1398 4844 τοῦ
1456 4792 1818 4864 Μπερνάρδου

239 4875 596 4949 Μαρτζέλλου
627 4881 843 4933 ἐκείνου
874 4881 1187 4936 καπετάνου
1216 4884 1573 4950 Ναυπάκτου,
1604 4886 1820 4955 εἴδομεν

241 4975 338 5023 καὶ
371 4971 670 5042 ἀλλήλους’
702 4971 763 5026 δν
802 4972 928 5026 ἰδὼν
973 4974 1262 5044 ἐθαύμασα
1295 4977 1377 5029 ὅτι
1422 4977 1638 5048 διέφερε
1685 4981 1821 5034 πάν-

238 5083 351 5119 των
386 5065 693 5135 ἀνθρώπων
718 5069 796 5128 εἰς
823 5067 884 5121 τὸ
915 5068 1160 5140 δυσειδὴς
1205 5066 1347 5124 εἶναι
1371 5085 1388 5102 ⁶
1426 5072 1698 5136 ἐξετάζων
1728 5068 1822 5127 οὖν

241 5161 450 5222 ἐκεῖνος
483 5159 538 5212 τί
570 5159 835 5230 βούλομαι
875 5162 1105 5232 ποιῆσαι
1137 5165 1217 5227 είς
1247 5165 1339 5217 τὸν
1381 5165 1627 5235 ἀμηράν,
1661 5165 1822 5234 κάγὼ

243 5252 476 5316 ἐκεῖνον,
512 5251 567 5304 τί
598 5254 742 5308 κατά
766 5255 865 5324 τῆς
896 5254 1136 5326 Πάτρας,
1162 5256 1351 5327 ἀπῆρα
1379 5259 1490 5325 ἐγὼ
1524 5259 1655 5329 παρ’
1682 5261 1823 5312 ἐκεί-

246 5358 364 5405 νου,
399 5342 462 5394 τὺ
495 5341 559 5413 δὴ
592 5343 910 5413 λεγόμενον,
947 5346 1309 5414 κουκουζέλα,
1346 5349 1556 5418 ἐκεῖνος
1600 5351 1657 5405 δὲ
1691 5354 1821 5423 παρ’

244 5433 383 5504 ἐμοῦ
448 5434 608 5506 βρύα.
644 5437 832 5506 Ὅμως
865 5437 1117 5502 δεδωκὼς
1163 5441 1192 5492 6
1254 5443 1664 5520 μητροπολίτης
1708 5446 1824 5508 τοῖς

249 5523 508 5587 σκλάεοις
533 5527 732 5596 χαρτία
764 5528 902 5597 πρός
943 5545 1002 5580 τε
1032 5529 1125 5582 τὸν
1167 5530 1391 5603 ἀιιηρᾶν
1429 5531 1523 5584 καὶ
1568 5531 1661 5584 τὸν
1691 5533 1825 5586 Του-

250 5617 498 5687 ραχάνην
529 5617 697 5670 πολὺν
726 5618 988 5689 λογισμὸν
1020 5620 1279 5675 ἐνέϐαλεν
1321 5624 1401 5686 εἰς
1431 5624 1548 5692 ἐμὲ,
1583 5624 1656 5695 μή
1693 5641 1823 5677 ποτε

248 5709 596 5779 ὑπισχνεῖται
653 5710 836 5764 δοῦναι
895 5711 1189 5767 καστέλλιά
1240 5731 1366 5767 τινα
1417 5718 1515 5783 τῆς
1567 5715 1824 5785 Πάτρας,

250 5799 404 5873 [152]
460 5803 620 5871 ειπερ
667 5803 830 5856 αὐτὸν
877 5803 1143 5876 βοηθήσῃ,
1193 5806 1280 5858 ἵνα
1333 5807 1514 5878 ἐπάρῃ
1563 5808 1823 5878 αὐτὴν,ἢ

251 5893 424 5954 πολλά
451 5911 574 5951 τινα
622 5896 884 5965 χρήματα
912 5911 925 5924 ο
963 5899 1051 5951 καὶ
1091 5899 1189 5951 οὐκ
1227 5899 1462 5952 ἔπαυσεν
1497 5902 1523 5953 6
1562 5901 1690 5965 ἐμὸς
1741 5900 1825 5953 λο-

1927 4697 2046 4768 ρίου
2080 4699 2310 4768 ζητήσει
2364 4699 2546 4750 αὐτῶν
2588 4698 2751 4750 ἕνεκα
2779 4699 3006 4769 εἰρήνης
3053 4698 3218 4766 μέσον
3267 4697 3359 4750 τοῦ
3388 4699 3512 4751 ἀνε-

1922 4789 2050 4859 ψιοῦ
2080 4790 2342 4842 δεσπότου
2369 4791 2462 4842 τοῦ
2499 4789 2778 4859 Καρόλλου
2814 4792 2910 4843 καὶ
2935 4787 3373 4856 γυναικαδέλφου
3411 4788 3508 4840 τοῦ

1923 4882 2186 4947 αὐθεντός
2215 4901 2339 4953 μου,
2376 4883 2471 4936 καὶ
2504 4883 2611 4934 τῶν
2645 4881 2896 4952 φυσικῶν
2938 4880 3074 4932 υἱῶν
3105 4879 3272 4933 αὐτοῦ
3309 4881 3374 4951 δὴ
3409 4879 3506 4933 τοῦ

1924 4975 2231 5047 Καρόλλου,
2275 4974 2424 5047 [155]
2468 4975 2738 5045 Ἑρκούλα
2767 4973 2862 5027 καὶ
2902 4971 3161 5026 Μενώνου
3185 4985 3202 5002 ο
3240 4971 3507 5041 ἐποίησαν

1925 5067 2034 5137 γάρ
2063 5068 2320 5137 ἐνόρκους
2353 5068 2702 5136 συμφωνίας,
2732 5066 2836 5126 ὅτι,
2865 5066 2918 5119 εῐ
2941 5081 2995 5118 τι
3027 5064 3135 5134 ἀρα
3171 5065 3262 5118 καί⁸
3297 5062 3508 5133 διακρίε

1924 5176 2007 5214 νει
2033 5162 2060 5212 6
2088 5159 2316 5229 ζητήσει
2342 5159 2503 5227 ἡμῶν
2536 5157 2751 5220 σταλεὶς
2775 5159 2956 5228 ἄρχων
2981 5155 3077 5209 τοῦ
3113 5154 3375 5208 δεσπότου
3400 5153 3505 5223 κὺρ

1926 5247 2340 5303 Κωνσταντίνου
2397 5249 2477 5312 εἰς
2538 5247 2606 5300 τά
2661 5249 2826 5318 μέσον
2888 5246 3045 5318 ἡμῶν
3091 5245 3503 5314 διαφερόμενα,

1926 5342 2223 5412 στέρξομεν
2252 5343 2346 5395 καὶ
2393 5341 2680 5413 ἀμφότερα
2716 5340 2785 5394 τά
2831 5340 2972 5412 μέρη
3007 5341 3150 5394 κατά
3178 5338 3246 5393 τὰ
3276 5338 3507 5409 πλησίον

1927 5435 2196 5505 νησύδρια
2225 5436 2326 5504 τῆς
2359 5435 2522 5501 ἁγίας
2553 5435 2786 5504 Μαύρας
2808 5451 2820 5464 ·
2848 5434 3100 5504 ἀπήρασί
3144 5451 3214 5504 με
3241 5433 3289 5486 οἰ
3321 5433 3507 5486 Κατα-

1925 5527 2076 5580 λάνοι
2111 5527 2248 5596 μετά
2282 5526 2494 5580 πολλῶν
2523 5525 2618 5579 καὶ
2641 5525 2947 5596 ἀνθρώπων
2982 5527 3078 5580 καὶ⁸
3104 5525 3316 5579 σκευῶν
3341 5523 3506 5576 πολυ-

1927 5623 2110 5688 τίμιον
2141 5620 2269 5674 ὄντα
2325 5637 2416 5690 με,
2456 5622 2550 5673 καὶ
2597 5621 2976 5688 κρατήσαντες
3023 5619 3189 5688 μέχρι
3234 5614 3384 5677 τινὸς
3411 5615 3506 5668 καὶ

1927 5711 2310 5778 ἀπαγαγόντες
2369 5709 2534 5780 μέχρι
2569 5709 2663 5763 καὶ
2692 5709 2790 5778 τῆς
2838 5708 3200 5775 Κεφαλωνίας
3227 5706 3303 5768 ὠς
3344 5704 3505 5770 δῆθεν

1932 5804 2267 5871 περάσοντες
2299 5804 2379 5866 είς
2408 5803 2478 5856 τὰ
2507 5803 2638 5872 περὶ
2670 5801 2769 5872 τὴν
2805 5802 2949 5854 Νέαν
2980 5800 3158 5860 πόλιν,
3188 5796 3339 5860 τέλος
3375 5798 3506 5868 ἐγυ-

1936 5901 2165 5968 ρίταμεν
2212 5903 2288 5963 εἰς
2338 5899 2439 5969 τὴν
2487 5901 2866 5969 Γλαρέντςαν·
2906 5899 2999 5952 καὶ
3053 5892 3364 5964 ἐπούλησαν
3415 5895 3511 5948 καὶ
