4202 6444
696 336 764 402 tt
1823 333 2223 394 MANUELIS
2272 332 2799 396 cnnrsowm
3857 340 3922 404 ιε

3889 390 3921 406 α

689 449 850 503 Natat
877 444 1088 506 Jovius,
1123 443 1264 496 nulla
1299 457 1462 512 opera
1498 451 1692 511 praeter
1725 443 1864 498 Artis
1892 447 2254 516 grammatica:
2287 449 2492 516 regulas
2520 449 2596 517 (ά)
2627 448 2891 517 gravioris
2912 448 3172 503 doctrinm
3216 463 3564 507 monumenta
3607 453 3920 525 reliquisse.

690 539 802 606 Ego
830 537 1001 605 ipsius
1033 534 1472 600 comparationem
1492 533 1676 584 veteris
1699 542 1748 585 et
1793 549 1937 587 novre
1963 533 2162 598 Rome,
2189 548 2288 588 nec
2323 549 2429 588 non
2469 533 2769 602 Epistolas,
2823 536 3049 590 alteram
3071 537 3136 588 ad
3193 535 3458 592 Joannem
3509 541 3923 612 Chrysoloram.

691 628 916 680 alteram
950 623 1016 676 ad
1050 620 1377 674 Demetrium
1424 617 1834 689 Chrysoloram,
1864 619 2051 674 Graece
2082 622 2316 690 scriptas
2367 621 2804 690 elegantissime,
2871 620 3207 690 editasquea
3243 622 3404 678 Petro
3428 624 3717 682 Lambecio
3737 629 3789 681 in
3823 643 3921 697 po-

690 725 895 770 strema
931 707 1119 763 Codini
1147 706 1507 774 impressione
1541 706 1612 759 De
1640 705 2048 776 antiquitatibus
2083 707 2707 774 Constantinopolitanis,
2739 707 2914 762 Paris.
2951 706 3109 771 1665,
3142 708 3240 763 l'ol.
3277 705 3416 781 [ωε.
3472 712 3616 766 inter
3659 717 3917 784 scriptor.

692 801 918 870 Byzant.
944 797 1130 849 histor.
1169 803 1300 847 tom.
1327 791 1515 854 XVIII,
1547 809 1600 861 p.
1637 794 1728 858 81,
1753 794 1838 848 ed.
1868 791 2082 865 Venet.]
2116 811 2214 850 nec
2239 811 2342 849 non
2373 796 2681 852 Tractatum
2703 800 2766 851 de
2803 800 3141 867 processiane
3192 799 3428 869 Spiritus
3487 807 3660 858 sancti
3725 816 3918 861 contra

691 888 930 944 Graecos.
965 885 1204 943 brevem,
1238 880 1332 933 sed
1370 881 1505 932 satis
1528 887 1748 932 acutum
1788 889 1844 932 et
1875 879 2110 934 solidum
2171 880 2294 950 legi.

2264 883 2294 935 i.
2362 882 2604 953 Incipit:
2670 885 2973 958 Ῥωμαίᾳις
3039 888 3324 955 γράφωνὸ
3380 893 3655 958 μακάριος
3705 894 3923 956 Παῦλος

695 975 844 1044 περὶε
874 971 966 1023 τοῦ
1000 970 1158 1036 ἁγίου
1186 965 1527 1036 Πνεύματος,
1547 965 1732 1034 φησιν.
1769 966 1864 1021 His
1894 967 2032 1021 adde
2077 965 2354 1022 Versionen

2264 985 2376 1022 nem
2412 969 2651 1025 Gra'cam
2683 956 2917 1041 liturgite
2947 970 3009 1026 S.
3052 973 3290 1043 Gregorii
3314 956 3484 1046 papae,
3521 956 3584 1031 de
3620 993 3725 1044 qua
3776 979 3919 1034 infra

694 1082 746 1131 ι).
779 1061 898 1116 700.
943 1060 1153 1129 (Fam)
1186 1057 1422 1124 Mosqua:
1445 1056 1496 1107 in
1522 1054 1643 1107 cod.
1677 1055 1867 1123 synod.
1893 1055 1998 1108 502
2019 1071 2076 1108 n.
2105 1055 2194 1120 62,
2226 1055 2367 1109 Man.
2392 1057 2642 1128 Chrysol.
2680 1057 2752 1111 De
2786 1061 3112 1127 processiane
3134 1059 3364 1128 Spiritus
3396 1065 3588 1116 sancti.
3609 1064 3733 1118 Inc.
3747 1065 3924 1118 Τοῦτο

694 1150 748 1202 δὲ
777 1150 872 1200 καὶ
903 1146 962 1209 ἐξ
996 1144 1427 1212 ἀναντιρρήτων.
1454 1139 1518 1194 V.
1556 1140 1791 1194 Matthari
1835 1139 2000 1193 Notit.
2037 1142 2196 1196 codd.
2231 1139 2324 1194 Gr.

2261 1141 2324 1194 ir.
2355 1141 2525 1209 Mosq.
2581 1145 2764 1212 p.198.
2804 1175 2875 1185 -—
2905 1143 3048 1198 Idem
3077 1161 3213 1215 Opus
3244 1146 3419 1203 Paris.
3477 1150 3531 1203 in
3582 1150 3712 1203 bibl.
3764 1150 3920 1218 publ.

693 1235 819 1290 cod.
855 1233 1009 1287 1500.
1036 1261 1106 1271 -—
1127 1230 1239 1284 Ibid
1279 1228 1588 1281 Encomium
1626 1228 1898 1295 utriusque
1931 1227 2129 1289 Roma,
2157 1226 2210 1278 in
2236 1226 2392 1280 codd.
2427 1227 2591 1292 2012,
2624 1246 2682 1284 n.
2708 1231 2761 1294 2,
2793 1241 2845 1286 et
2875 1230 3035 1285 2968.
3057 1263 3126 1270 —
3158 1233 3466 1288 Erotemata
3515 1236 3645 1289 ibid.
3676 1237 3729 1289 in
3759 1237 3919 1289 codd.

691 1326 854 1388 2609,
883 1340 938 1377 n.
974 1324 1025 1385 1,
1059 1321 1261 1390 passim
1292 1319 1433 1371 inter
1459 1319 1631 1371 lineas
1678 1319 2049 1386 interpretatio
2074 1316 2190 1368 Lat.
2218 1316 2378 1380 2610,
2405 1332 2456 1369 n.
2494 1318 2539 1380 l,
2573 1325 2625 1370 et
2647 1319 2805 1371 2611.
2863 1348 2930 1359 -—
2975 1317 3147 1371 Venet.
3188 1320 3239 1372 in
3289 1321 3417 1374 bibl.
3466 1321 3729 1374 Marcian.
3789 1322 3919 1375 cod.

696 1396 818 1468 157.
849 1410 924 1464 De
950 1423 1180 1476 process.
1217 1405 1410 1474 Spirit.
1439 1413 1608 1458 sanct.
1642 1402 1763 1460 Cat.
1795 1404 1954 1458 codd.
1986 1403 2081 1457 Gr.
2116 1404 2276 1456 Marc.
2310 1418 2361 1471 p.
2399 1405 2488 1463 89.
2521 1434 2584 1443 —-
2617 1405 2691 1458 Ib.
2720 1406 2771 1458 in
2797 1406 2919 1460 cod.
2943 1406 3032 1471 58,
3072 1405 3309 1461 Missalis
3368 1406 3590 1462 Romani
3623 1419 3761 1462 orat.
3814 1409 3914 1462 Gr.

694 1511 746 1553 et
772 1499 916 1552 Ordo
947 1497 1149 1557 Missae,
1188 1510 1300 1548 sec.
1333 1493 1495 1546 ritum
1537 1491 1768 1546 Roman.
1803 1493 1876 1558 (v.
1913 1490 2036 1544 cod.
2081 1490 2148 1544 57
2176 1501 2229 1543 et
2264 1506 2346 1558 sq.
2371 1491 2436 1543 In
2468 1490 2588 1544 Cat.
2628 1490 2788 1544 codd.
2814 1490 2909 1545 Gr.
2936 1491 3104 1546 Marc.
3132 1508 3185 1561 p.
3214 1494 3328 1560 26.)
3357 1496 3583 1549 redditae
3615 1511 3644 1548 a
3675 1496 3926 1550 ﬂanuele

694 1587 1015 1657 Chrysolora
1051 1599 1066 1634 :
1099 1585 1164 1635 de
1195 1582 1393 1649 quibus
1424 1582 1582 1633 docte
1612 1582 1877 1648 pleneque
1904 1580 2146 1646 disputat
2173 1579 2274 1631 cel.
2304 1575 2508 1638 Μαι-θη.
2554 1578 2608 1629 in
2629 1577 2768 1630 Bibl.
2824 1594 2924 1632 ms.
2959 1575 3125 1631 Gr.et
3176 1578 3394 1644 Latina,
3461 1590 3594 1636 tom.
3627 1585 3668 1646 1,
3722 1598 3774 1650 p.
3852 1582 3927 1636 50

694 1691 815 1742 sqq.
853 1702 920 1713 -—
946 1669 1256 1722 Erotemata
1293 1666 1463 1722 Oxon.
1495 1668 1546 1720 in
1576 1667 1698 1720 cod.
1735 1667 1784 1728 I,
1829 1665 2053 1719 Barorc.
2083 1693 2150 1703 —
2177 1663 2297 1718 Sec.
2335 1664 2628 1718 Montfauc.
2663 1662 2804 1716 Bibl.
2859 1664 3099 1718 biblioth.
3129 1683 3256 1720 mss.
3283 1664 3614 1729 Erotemata,
3647 1683 3700 1737 p.
3738 1669 3808 1723 54
3848 1669 3916 1734 D,

695 1780 748 1832 p.
767 1764 837 1817 55
863 1763 927 1814 Α.
963 1757 1137 1811 Roma:
1173 1759 1225 1809 in
1264 1756 1392 1810 bibl.
1429 1755 1626 1823 reginae
1659 1755 1866 1808 Suecia:
1892 1755 1944 1807 in
1983 1753 2266 1814 Vaticana,
2304 1767 2355 1822 p.
2391 1752 2491 1804 l75
2521 1750 2628 1814 E.,'
2665 1754 2715 1803 in
2746 1752 2876 1805 bibl.
2913 1752 3232 1819 Barberina,
3291 1754 3434 1810 Man.
3464 1755 3718 1825 Chrysol.
3770 1749 3925 1822 qua:-

694 1855 841 1913 dam,
867 1864 921 1917 p.
957 1847 1054 1900 187
1088 1845 1189 1908 C.;
1234 1843 1364 1897 ibid.
1400 1844 1452 1896 in
1495 1842 1614 1896 cod.
1645 1842 1904 1898 Ottobon.
1932 1871 2000 1881 —
2027 1857 2077 1910 p.
2109 1841 2213 1894 200
2244 1840 2306 1893 A.
2338 1839 2474 1892 Ibid.
2517 1839 2569 1892 in
2630 1838 2768 1894 Bibl.
2817 1839 2972 1898 Patr.
3006 1839 3064 1895 S.
3090 1841 3663 1914 Bssilii,Chrysolora:
3693 1847 3925 1912 epistola

694 1940 760 1991 ad
788 1936 988 1990 Anton.
1014 1933 1080 1987 de
1112 1931 1331 1992 Ascula,
1365 1938 1416 1984 et
1455 1930 1617 1997 hujus
1642 1930 1952 2000 responsio,
1979 1946 2032 2000 p.
2067 1928 2172 1986 495
2195 1929 2255 1983 C.
2289 1928 2342 1980 in
2373 1926 2504 1982 bibl.
2550 1927 2809 1981 Ambros.
2846 1921 3065 1982 Mediol.
3100 1930 3435 1984 theoremata
3466 1939 3517 1984 et
3542 1934 3924 1998 grammatica,

697 2035 906 2094 quater.
941 2053 1010 2063 ——
1045 2020 1384 2088 Comparatio
1406 2021 1587 2074 veteris
1614 2028 1662 2072 et
1701 2034 1847 2073 novte
1887 2017 2087 2086 Romw,
2121 2033 2174 2087 p.
2206 2016 2311 2070 255
2347 2014 2414 2079 D,
2443 2013 2548 2067 256
2585 2012 2654 2075 ι),
2685 2013 2790 2068 266
2832 2014 2896 2079 D,
2941 2016 3044 2069 557
3077 2016 3248 2070 et558
3300 2014 3364 2070 B.
3394 2015 3639 2070 Florent.
3682 2018 3734 2072 in
3789 2019 3924 2074 bibl.

695 2114 956 2166 Laurent.
991 2107 1183 2161 Medic.
1213 2138 1275 2148 —
1305 2107 1649 2177 Chrysolorm
1673 2104 2026 2168 Qutestiones,
2051 2120 2105 2172 p.
2130 2103 2234 2158 769
2298 2101 2372 2156 Ι).
2404 2099 2587 2154 Paris.
2619 2102 2672 2154 in
2709 2103 2838 2156 bibl.
2873 2105 3019 2171 publ.
3069 2134 3138 2145 —
3170 2103 3250 2158 Ib.
3285 2119 3340 2174 p.
3374 2105 3463 2168 55,
3495 2107 3547 2158 in
3581 2105 3707 2158 cod.
3741 2104 3922 2160 Vatic.

697 2194 857 2256 1874,
890 2193 1021 2248 bibl.
1051 2191 1179 2259 Reg.
1210 2190 1439 2250 Sne-cite,
1469 2187 1622 2240 Plato
1671 2190 1744 2240 De
1773 2189 2063 2255 republica,
2094 2186 2212 2238 Lat.
2251 2201 2345 2254 per
2367 2186 2510 2240 Man.
2541 2187 2956 2258 Chrysoloram,
2985 2199 3036 2242 et
3064 2205 3117 2258 p.
3147 2191 3240 2254 56,
3297 2207 3350 2244 n.
3387 2192 3542 2248 I886.
3572 2191 3709 2245 Ibid.
3749 2191 3926 2246 Fran-

697 2279 1092 2338 cisciAleardi,
1121 2276 1476 2337 Veronensis,
1506 2273 1815 2328 Translatio
1850 2276 2171 2327 laudationis
2223 2276 2362 2328 urbis
2397 2269 2575 2330 Rome
2625 2287 2673 2329 et
2703 2274 2936 2340 ,CPolis,
2993 2289 3216 2332 auctore
3265 2277 3408 2333 Man.
3465 2279 3794 2350 Chrysdlora
3856 2281 3926 2334 ad

697 2369 1012 2424 Galeazium
1041 2364 1310 2418 Siorziam
1343 2361 1532 2431 (conf.
1567 2359 1840 2415 Mabillon.
1875 2362 1926 2414 in
1951 2360 2130 2412 Museo
2165 2360 2294 2413 Ital.
2341 2372 2471 2415 tom.
2508 2361 2546 2423 l,
2577 2379 2629 2431 p.
2658 2363 2807 2431 98.);
2839 2365 2914 2418 ih.
2957 2380 3008 2434 p.
3050 2364 3109 2419 91
3154 2365 3215 2418 Β.
3253 2365 3305 2418 in
3333 2367 3464 2420 bibl.
3507 2369 3657 2420 Alex.
3695 2367 3924 2431 Petavii,

698 2461 750 2512 in
785 2456 953 2509 Vatic.
981 2455 1156 2523 ejusd.
1185 2453 1248 2504 ad
1285 2449 1711 2523 Constantinum
1745 2450 1933 2516 imper.
1975 2447 2232 2500 Laudatia
2265 2446 2429 2502 (ἱροί.
2482 2457 2532 2502 et
2566 2448 2767 2513 Roma,
2801 2450 3099 2519 interprete
3122 2451 3319 2507 Franc.
3377 2451 3543 2508 Leon.
3606 2453 3916 2508 Veronensi

699 2546 890 2599 nis.—
1002 2522 1138 2593 1525
1161 2538 1228 2591 Ε.
1268 2541 1318 2590 in
1355 2522 1486 2590 bibl.
1523 2535 1723 2589 Mazar.
1765 2535 1888 2588 cod.
1941 2533 2062 2598 I57,
2100 2534 2174 2586 De
2217 2537 2543 2602 processiune
2575 2535 2762 2604 Spirit.
2828 2540 3021 2591 sancti.
3047 2569 3111 2582 --
3180 2555 3233 2608 p.
3270 2541 3404 2593 1526
3457 2541 3518 2594 C.
3571 2542 3625 2594 in
3681 2542 3812 2595 bibl.
3859 2543 3928 2596 de

697 2631 919 2694 Mesme,
965 2628 1106 2680 Man.
1133 2624 1514 2695 Chrysoloras,
1550 2636 1654 2674 non
1677 2621 1862 2674 addito
1887 2622 2067 2689 operis
2096 2626 2338 2674 nomine.
2380 2651 2450 2660 —
2482 2624 2616 2677 Ibid.
2657 2641 2708 2692 p.
2749 2623 2855 2679 507
2889 2625 2956 2686 D,
3008 2626 3203 2692 Lipsiae
3260 2629 3312 2678 in
3361 2628 3491 2681 bibl.
3555 2624 3807 2693 Paulina,
3868 2637 3927 2682 et

698 2736 752 2790 ν.
775 2717 879 2773 917
910 2719 972 2769 Α.
995 2717 1045 2767 in
1071 2715 1198 2767 bibl.
1232 2713 1380 2781 pubi.
1406 2710 1582 2765 Paris.
1622 2725 1676 2762 n.
1715 2710 1910 2772 10542,
1941 2710 2171 2763 Andrea:
2209 2707 2409 2763 Juliani
2438 2726 2534 2778 pro
2570 2709 2710 2763 Man.
2737 2712 2990 2782 Chrysol.
3056 2713 3247 2768 Oratio
3272 2713 3544 2771 funebris.
3578 2746 3640 2757 -—
3677 2716 3929 2780 Quatuor

700 2807 972 2877 Epistola’,
1012 2803 1298 2859 Florentia:
1331 2803 1381 2854 in
1408 2799 1541 2852 bibl.
1571 2797 1855 2861 Laurent.,
1893 2801 2015 2851 cod.
2047 2799 2135 2858 20,
2167 2815 2221 2850 ιι.
2255 2798 2305 2855 1.
2330 2796 2385 2858 2,
2410 2796 2443 2848 5
2472 2806 2523 2849 ct
2549 2797 2601 2862 6,
2634 2799 2769 2866 plut.
2794 2799 2846 2860 6,
2877 2809 3040 2869 atque
3069 2800 3275 2854 cod.23
3302 2801 3436 2868 plut.
3473 2803 3553 2857 59.
3599 2801 3659 2858 V.
3691 2802 3926 2858 Bandin.

701 2897 818 2948 (lat.
849 2893 1008 2948 codd.
1057 2891 1149 2946 Gr.
1191 2889 1353 2944 Laur.
1392 2887 1432 2948 Ι,
1489 2903 1542 2956 p.
1577 2886 1699 2952 159,
1729 2896 1782 2940 et
1835 2886 1888 2939 in
1951 2885 2058 2937 vol.
2091 2883 2154 2946 Il,
2197 2895 2254 2950 p.
2290 2880 2386 2935 541
2444 2881 2530 2952 (V.
2587 2897 2771 2952 supra,
2798 2885 2901 2939 vol.
2962 2884 3063 2948 Vl,
3097 2903 3151 2956 p.
3208 2883 3310 2942 526
3369 2890 3537 2958 sqq.).
3580 2898 3634 2944 et
3695 2891 3763 2945 de
3802 2889 3928 2944 Pal-

703 2985 845 3035 lante
898 2979 1142 3042 Strozza,
1171 2977 1264 3046 qui
1299 2976 1349 3026 in
1383 2973 1585 3028 Graicis
1649 2969 1849 3024 litteris
1909 2969 2188 3025 audiverat
2253 2967 2935 3027 Manuelem.V.enmdem
2988 2975 3039 3025 in
3075 2973 3362 3040 Specimine
3424 2977 3645 3030 litterat.
3686 2977 3925 3032 Flareut.

703 3079 831 3122 tom.
869 3066 909 3130 l,
935 3084 985 3135 p.
1017 3067 1079 3117 't'l
1117 3082 1198 3134 sq.
1229 3092 1297 3104 —-
1337 3064 1498 3118 Mich.
1530 3061 1798 3131 Apostolii
1831 3061 1964 3131 Epp.
1998 3062 2064 3114 ad
2092 3060 2382 3113 Manualem
2400 3069 2453 3112 et
2485 3057 2745 3112 Joannem
2787 3060 3162 3130 Chrysolaras,
3198 3061 3426 3117 Vindob.
3451 3066 3501 3116 in
3537 3067 3658 3119 cod.
3681 3066 3750 3120 69
3783 3083 3835 3118 n.
3861 3066 3920 3122 6.

705 3155 765 3207 ν.
802 3154 1053 3207 Lambec.
1088 3152 1197 3215 VII,
1240 3166 1291 3218 p.
1326 3150 1450 3202 249.
1491 3179 1556 3187 -
1580 3146 1852 3200 Ferrariae
1881 3161 2014 3198 mss.
2047 3145 2720 3214 Epitome-Grammaticte',
2745 3151 3058 3216 compositae.
3086 3165 3115 3201 a
3150 3151 3297 3204 Man.
3353 3151 3608 3221 Chrysol.
3636 3163 3690 3206 et
3745 3154 3925 3222 ejusd.

707 3242 1028 3295 l-Irotemata.
1068 3238 1130 3293 V.
1163 3239 1357 3294 Franc.
1379 3238 1576 3290 Anton.
1613 3232 1910 3298 Zachariar,
1937 3231 2289 3286 Iterlitterar.
2308 3251 2398 3302 per
2432 3235 2674 3299 Italiam,
2708 3233 2896 3287 Venet.
2940 3234 3097 3300 1762,
3125 3237 3177 3300 4,
3209 3251 3261 3306 ρ.
3305 3236 3404 3289 157
3433 3249 3486 3290 et
3527 3238 3648 3305 158,
3717 3257 3774 3293 n.
3816 3240 3849 3294 9
3872 3249 3930 3295 et

707 3330 788 3383 10.
820 3328 1034 3394 (Hane)

778 3417 929 3468 Alius
960 3422 1043 3467 est
1071 3410 1310 3464 Joannes
1345 3407 1726 3478 Chrysoloras,
1763 3409 1828 3461 ad
1861 3423 2019 3477 quem
2046 3419 2262 3462 exstant
2291 3409 2541 3476 EpistoLe
2570 3410 2840 3462 Manuelis
2896 3407 3241 3475 Chrysolora:
3269 3419 3322 3462 et
3352 3409 3641 3477 Nicephori
3676 3414 3932 3483 Gregorte

703 3505 769 3555 de
837 3501 1136 3568 eclipsibus
1218 3497 1532 3553 solaribus:
1617 3497 1931 3564 cujusillud
1986 3504 2070 3551 est
2150 3499 2358 3566 princip

2275 3497 2474 3566 cipium
2521 3513 2533 3546 :
2586 3495 2699 3561 Τὴν
2758 3496 2857 3563 μὲν
2907 3495 3235 3564 παροιμίαν,
3300 3498 3387 3548 ἀει
3443 3515 3496 3550 τι
3561 3501 3763 3568 Λιϐύη,
3823 3503 3925 3569 φά-

706 3604 965 3640 σκουσαν.
1004 3589 1083 3639 An
1124 3585 1324 3654 aliquid
1346 3579 1648 3650 scripserit.
1691 3583 1826 3635 clam
1861 3599 1945 3636 me
1976 3591 2075 3636 est.
2112 3583 2176 3635 Et
2217 3584 2354 3635 forte
2390 3583 2477 3635 ille
2500 3594 2606 3642 est.
2631 3581 2789 3649 cujus
2813 3582 3057 3635 meminit
3086 3582 3355 3650 Georgius
3383 3584 3631 3640 Phranza
3665 3604 3772 3641 non
3810 3592 3934 3644 sine

706 3676 864 3744 laude
890 3710 906 3739 ,
941 3674 1200 3743 quamvis
1229 3672 1415 3735 addat,
1441 3685 1564 3722 eum
1607 3672 2002 3724 sententiarum
2041 3671 2330 3734 Barlaami,
2368 3671 2616 3724 monachi
2651 3670 2889 3732 Calabri,
2946 3681 3293 3737 sectatorem,
3332 3688 3358 3724 a
3390 3673 3654 3743 Gregorio
3709 3677 3930 3732 Palsma

705 3767 871 3819 fuisse
907 3776 1248 3831 oppressum,
1276 3760 1369 3812 lib.
1402 3774 1440 3822 I,
1463 3772 1584 3824 cap.
1632 3757 1718 3810 I2.
1751 3757 1903 3822 Quod
1928 3757 2126 3810 Joanni
2169 3757 2521 3826 Chrysolorte.
2545 3756 2726 3808 eadem
2749 3756 3013 3819 sentienti,
3052 3756 3362 3825 dicendique
3386 3769 3435 3812 et
3499 3762 3813 3826 disputandi
3859 3767 3934 3819 si-

706 3853 899 3903 militer
933 3852 1057 3901 bene
1096 3849 1268 3917 perita
1288 3846 1500 3915 perinde
1526 3846 1676 3912 fecit.
1712 3847 1775 3899 Et
1808 3861 1972 3914 supra
2008 3848 2074 3899 de
2122 3846 2351 3899 Calabro
2375 3843 2670 3908 scripserat
2700 3859 2714 3894 :
2780 3839 3171 3897 Persuasibilia
3213 3848 3364 3899 verba
3392 3855 3440 3899 et
3481 3865 3647 3916 nugas
3705 3850 3928 3906 Calabri

707 3934 984 3988 I’elo’tnam
1017 3935 1175 3986 veluti
1197 3948 1519 3985 aranearum
1550 3932 1682 3984 telas
1711 3933 2045 3986 discussisse.
2077 3930 2212 3992 Etsi,
2246 3945 2366 3998 qua:
2391 3930 2456 3983 de
2485 3928 2697 3982 Joanne
2718 3927 2852 3983 dicit
2878 3928 3358 3996 Protovestiarius,
3409 3936 3475 3988 ad
3505 3935 3809 3991 Manuelem
3841 3955 3931 3993 re-

705 4021 844 4073 ferat
871 4017 1107 4072 Jacobus
1136 4018 1437 4072 Pontanus.
1469 4017 1565 4072 Hic
1586 4015 1826 4072 J0annes
1858 4033 2017 4072 socer
2057 4016 2162 4068 fuit
2195 4016 2327 4084 (non
2351 4017 2570 4071 Manuel
2591 4016 2972 4085 Chrysoloras,
3000 4028 3058 4072 ut
3091 4019 3282 4072 Vossio
3308 4030 3360 4073 et
3396 4023 3516 4074 aliis
3557 4029 3928 4094 persuasum),

707 4107 988 4162 Francisci
1020 4108 1286 4174 Pbilelphi
1316 4108 1415 4159 viri
1443 4107 1753 4160 clarissimi.
1790 4105 1944 4174 (Vide
1976 4103 2227 4159 Giornale
2268 4105 2330 4158 de
2355 4105 2585 4157 lctlerati
2620 4101 2857 4166 d‘ltulia,
2902 4113 3034 4156 tom.
3071 4104 3206 4168 XIV,
3238 4123 3289 4174 p.
3324 4109 3426 4161 519
3456 4126 3576 4176 sqq.
3614 4113 3664 4163 in
3697 4112 3931 4178 Aposto-

707 4194 740 4245 li
795 4191 924 4247 Zeni
965 4193 1188 4246 Dissert.
1217 4193 1504 4254 Vossiante,
1543 4201 1675 4242 tom.
1710 4189 1751 4250 1,
1775 4206 1829 4258 p.
1856 4192 2008 4259 276.)
2036 4193 2113 4245 Ad
2147 4194 2394 4246 eumdem
2418 4189 2681 4244 Joannem
2719 4191 2958 4258 Epistola
2994 4191 3271 4246 Michaelis
3297 4197 3562 4260 Apostolii
3590 4197 3747 4255 CPoli
3780 4202 3929 4264 data,

704 4295 806 4330 ms.
837 4281 888 4330 in
921 4281 1050 4330 bibl.
1078 4281 1346 4330 Caesarea.
1380 4276 1596 4345 (Fam)
1635 4278 1688 4329 In
1720 4278 1842 4330 cod.
1879 4278 1948 4331 69
1984 4297 2037 4330 n.
2066 4278 2117 4332 6.
2163 4277 2221 4330 γ.
2249 4278 2504 4332 Lambec.
2537 4277 2643 4340 VII,
2669 4293 2717 4344 p.
2745 4278 2870 4342 249,
2899 4276 3105 4332 Kollar.
3152 4280 3308 4332 Coni.
3350 4281 3579 4334 Hodium
3616 4287 3648 4336 I.
3684 4299 3734 4337 c.
3801 4301 3924 4352 pag.

704 4367 770 4414 63
793 4378 910 4428 sqq.
945 4365 1035 4429 qui
1076 4373 1260 4430 postea
1292 4377 1411 4430 pag.
1437 4364 1507 4417 50
1550 4367 1668 4432 (per
1705 4379 1946 4418 errorem
2002 4365 2312 4434 typotlietac)
2330 4364 2505 4424 docet,
2551 4363 2636 4416 Jo.
2666 4363 3010 4433 Chrysolora:
3034 4365 3364 4435 discipulum
3390 4367 3552 4422 CPoti
3577 4381 3631 4423 et
3669 4387 3934 4440 generum

703 4449 872 4503 luisse
902 4447 1101 4502 Franc.
1128 4447 1469 4516 Philelphum
1508 4469 1521 4502 :
1564 4460 1614 4504 et
1670 4448 1873 4504 Muller.
1911 4451 1964 4504 in
1999 4450 2533 4520 Homonymoswpia,
2560 4465 2611 4516 ρ.
2638 4448 2758 4501 451.
2798 4449 3018 4518 (Hum)

775 4532 991 4586 Tertius
1014 4547 1094 4585 est
1122 4533 1430 4587 Demetrius
1453 4533 1833 4603 Chrysaloras,
1885 4537 2194 4603 φιλόσοφος,
2231 4537 2325 4589 καὶ
2356 4554 2434 4603 πει

2274 4537 2325 4589 αὶ
2356 4537 2485 4603 περὶ
2533 4537 2630 4602 τὴν
2674 4536 3074 4603 harpe/agatth
3119 4538 3451 4608 ἐπιστήμην,
3503 4542 3679 4602 ἄλλως
3727 4543 3785 4593 δὲ
3840 4545 3933 4596 καὶ

705 4619 856 4684 cllo;
906 4619 999 4669 τοῦ
1043 4620 1209 4684 σοφοῦ
1250 4619 1514 4686 βασιλέως
1551 4622 1830 4691 Μανουήλ·
1858 4622 2202 4691 Philosophus
2244 4632 2292 4676 et
2321 4641 2364 4677 at

2275 4632 2292 4674 t
2321 4623 2686 4677 astronomiae
2723 4622 2950 4674 scientite
2989 4639 3201 4689 operam
3236 4642 3458 4692 navans,
3485 4630 3593 4681 alio
3621 4632 3781 4684 etiam
3831 4648 3931 4684 no-

705 4707 842 4757 mine
865 4706 1111 4770 sapientis
1145 4707 1480 4774 imperatoris
1507 4706 2227 4772 lamtelispernecessarius.
2280 4709 2378 4763 Hic
2423 4709 2816 4774 interrogatus,
2847 4722 2913 4760 an
2963 4710 3167 4777 aliquid
3217 4713 3470 4766 scit-etes
3533 4719 3669 4769 artis
3740 4721 3930 4784 peritia

703 4793 844 4846 circa
877 4793 1142 4852 futurum,
1173 4794 1454 4860 respondit
1484 4811 1497 4847 :
1535 4794 1620 4856 Ὠς
1656 4797 1684 4847 ὁ
1717 4793 1944 4861 ascopa;
1968 4796 2348 4864 -Παλαιόλογος

2269 4813 2348 4864 τος
2405 4797 2588 4865 μέλλει
2655 4796 2904 4863 ποιήσειν
2935 4796 3032 4863 τὴν
3065 4798 3202 4864 μετὰ
3233 4795 3342 4850 τῶν
3403 4803 3649 4854 Λατίνων
3709 4805 3928 4867 ἕνωσιν,

702 4880 793 4932 καὶ
853 4880 1037 4946 μέλλει
1066 4879 1319 4945 γενέσθαι
1349 4881 1442 4930 καὶ
1477 4880 1612 4933 πολὺ
1671 4882 1842 4934 κακὸν
1888 4884 1967 4943 si;
1999 4885 2120 4945 τοὺς
2149 4883 2361 4952 Χριστιε

2274 4882 2510 4944 nmo-.3;
2536 4897 2550 4913 ⁸
2587 4880 2877 4943 Septimum
2904 4876 3257 4952 Paltcolognm
3289 4888 3542 4938 initurum
3597 4894 3933 4943 concordiam

704 4983 818 5019 cum
848 4965 1074 5024 Latinis,
1097 4981 1139 5016 et
1175 4969 1504 5028 postmodum
1535 4984 1780 5035 magnam
1813 4971 2173 5022 calamitatem
2201 4969 2526 5024 Christianis
2557 4970 2780 5019 maxime
2803 4969 3119 5020 exitiabilem
3155 4971 3408 5037 futuram.
3452 4971 3757 5041 Syropulus
3793 4987 3931 5027 sect.

703 5066 790 5123 In,
825 5069 945 5122 cap.
987 5054 1038 5108 8.
1069 5052 1163 5107 llic
1184 5052 1494 5110 Demetrius
1514 5057 1731 5125 scripsit
1763 5056 2043 5127 Dialogum
2073 5057 2168 5126 (e),
2200 5060 2250 5111 in
2279 5072 2387 5126 quo
2421 5058 2809 5125 colloquuntur
2835 5055 3095 5121 Thmnas,
3138 5056 3313 5123 Nilus,
3348 5059 3617 5128 Cydoues,
3641 5062 3939 5130 Glirysolo-

772 5222 850 5289 (ά)
874 5219 1031 5273 Conf.
1065 5219 1404 5289 qurenotavi
1449 5221 1653 5289 volunt.
1701 5218 1790 5281 Vl,
1825 5235 1878 5288 p.
1904 5219 2004 5273 481
2039 5218 2252 5288 (Fam)
2354 5219 2597 5273 tionibus
2621 5217 3079 5289 copioseagitnr,
3111 5226 3165 5270 et
3194 5220 3566 5289 quiteggscripsi
3615 5221 3668 5273 in
3721 5219 3934 5277 Introd.

702 5310 748 5347 s.
782 5285 895 5345 vol.
933 5289 1042 5351 VII,
1077 5285 1130 5356 ί).
1182 5288 1287 5341 802
1345 5304 1469 5358 sqq.
1526 5288 1613 5341 ed.
1672 5285 1840 5342 nov.'
1875 5291 1964 5342 ubi
2049 5285 2182 5340 nota
2225 5285 2257 5339 li
2356 5295 2409 5340 in
2451 5289 2592 5341 Hist.
2626 5287 2685 5338 L.
2718 5286 2809 5338 Gr.
2843 5285 2902 5347 ll,
2929 5298 3147 5358 parui.
3176 5302 3226 5351 p.
3262 5287 3366 5339 545
3390 5285 3507 5355 seq.
3532 5299 3694 5356 atque
3725 5293 3777 5342 in
3806 5309 3938 5357 sup-

704 5365 860 5431 plura
896 5361 962 5412 de
989 5372 1054 5431 eo
1077 5358 1302 5431 ejusque
1331 5356 1547 5425 scriptis
1574 5359 1886 5431 horumque
1934 5361 2056 5411 eod.
2097 5358 2252 5431 _Lau—
2356 5360 2515 5426 piem.
2545 5367 2771 5431 parun,
2799 5373 2849 5422 p.
2880 5357 2946 5431 62
2973 5372 3057 5431 sq.
3086 5356 3530 5431 [fratemataedd
3550 5360 3696 5431 _add.
3724 5375 3804 5429 gr.
3839 5356 3941 5411 Ar-

703 5424 843 5485 rent.
875 5427 1052 5481 attuli.
1087 5424 1300 5497 Jovium
1332 5424 1679 5494 quoqnejznn
1717 5424 1923 5480 erroris
1958 5428 2157 5496 arguit,
2203 5438 2257 5479 et
2355 5424 2779 5497 igentor.ﬂl506,_
2805 5431 2856 5485 8,
2883 5426 3057 5479 Paris.
3092 5425 3222 5478 1511
3265 5440 3319 5480 et
3349 5426 3503 5490 1512,
3535 5429 3589 5492 4,
3624 5424 3933 5497 ερ.’(;ουι--

703 5503 858 5568 plura
895 5496 1305 5568 Mau.Ghrysol.
1343 5497 1544 5568 scripta
1577 5494 2081 5568 recensuitllodius
2134 5499 2174 5568 _l.
2201 5511 2249 5547 c.
2357 5494 2789 5568 mantellum.)
3010 5564 3019 5568 _
3088 5564 3113 5568 _5
3281 5541 3285 5546 .

703 5562 756 5635 ii.
794 5567 856 5620 l9
886 5562 1185 5648 βιῳ-ΑΜ.
1216 5580 1403 5648 supra,
1429 5562 1665 5648 vol._lV_,
1717 5583 1770 5645 ρ..
1808 5565 1929 5629 665,
1978 5567 2031 5618 in
2066 5566 2256 5643 primis
2367 5635 2401 5648 ἢ
2426 5565 2928 5648 (ε)μ(ὶ‹›ιμ”.ηρυργθ.
2957 5564 3022 5616 ad
3087 5564 3418 5648 Demetrium
3441 5562 3570 5634 Cyil.
3603 5583 3661 5648 _n.
3729 5567 3823 5648 I_7;
3881 5577 3935 5619 et

704 5632 866 5704 supra
892 5637 994 5687 Vol.
1016 5634 1101 5700 Vl,
1133 5650 1185 5702 p.
1220 5634 1323 5687 525
1350 5649 1472 5702 sqq.
1505 5636 1593 5688 ubi
1620 5635 1688 5688 de
1714 5632 1832 5703 ejus
1849 5650 2001 5703 ουρ..
2023 5635 2258 5686 maxime

703 5711 769 5763 de
795 5707 939 5761 illius
974 5702 1366 5759 Eratematibus
1396 5708 1700 5775 horumque
1725 5705 1883 5760 codd.
1918 5714 2080 5773 atque
2140 5708 2256 5758 edi-

2364 5635 2590 5687 Bandin.
2627 5637 2658 5687 Ι.
2699 5634 2768 5685 ibi
2797 5632 2953 5694 cit.l,
3020 5648 3069 5698 p.
3130 5633 3218 5697 52,
3277 5632 3683 5697 animaduertit,
3746 5639 3908 5689 Deme

2369 5706 2533 5757 trium
2564 5702 2947 5770 Clirysoloram
3006 5704 3154 5757 ineo
3210 5703 3450 5770 eialogo'
3483 5707 3760 5767 disputare
3812 5721 3931 5758 cuiu
