4202 6444
749 401 813 463 15
1862 405 2255 465 MANUELIS
2284 405 2802 465 CURYSOLOll.E
3898 396 3968 460 16

818 508 939 562 llazc
971 510 1169 579 duplex
1204 514 1375 581 patria
1419 514 1547 582 quid
1583 513 1685 567 sibi
1720 514 1867 576 velit,
1899 514 2139 582 explicat
2171 512 2539 582 Epitaphium,
2574 515 2717 580 quod
2744 514 3102 582 Chrysoloras
3147 521 3331 565 noster
3380 510 3433 563 in
3476 510 3961 564 Dotnitticanorum

749 599 1091 653 monasterio
1121 601 1187 654 ad
1217 617 1364 654 aratn
1399 602 1449 653 in
1501 606 1631 655 urbe
1661 603 1973 656 Constantia
2015 612 2344 655 consecutus
2378 610 2461 653 est
2493 618 2505 650 :
2561 599 2773 652 Μαιηιεί
2808 601 3178 669 Chrysa/oras,
3214 602 3364 651 mites
3407 596 3963 665 Constantinopolita—

746 695 866 743 nus,
892 697 962 736 ea:
998 694 1195 739 vetusto
1234 702 1418 755 genere
1450 686 1825 750 Romanorum,
1858 688 1948 755 qui
1976 702 2095 739 cum
2138 683 2489 739 Constantino
2525 685 2843 751 imperatore
2884 686 3201 753 migraruut.
3241 683 3306 735 Et
3331 690 3455 751 post
3484 684 3732 752 quaedam
3768 701 3781 736 :

1236 799 1401 852 Roma
1432 817 1567 853 meos
1593 802 1767 869 genuit
1808 801 2037 867 majores
2079 814 2096 851 :
2136 815 2214 853 me
2245 799 2377 852 bona
2411 798 2566 852 tellus

1242 869 1538 939 Byzantina
1578 871 1721 922 tulit.
1766 911 1779 925 .
1826 910 1839 923 .
1883 909 1896 924 .

819 974 838 1027 1
870 1012 885 1027 .
928 975 1069 1037 Fuit,
1105 983 1162 1028 ut
1192 976 1245 1029 in
1300 978 1401 1030 hoc
1436 976 1721 1045 Epitaphio
1754 978 1976 1041 dicitur,
2013 976 2657 1046 Constantinopolitanus
2689 975 2861 1029 miles.
2894 974 3015 1040 Quo
3057 972 3320 1028 vocabulo
3352 973 3715 1042 scriptoribus
3741 972 3960 1031 Latinis

749 1063 1149 1117 recentioribus
1201 1080 1374 1133 eques,
1409 1065 1458 1118 id
1488 1072 1594 1126 est,
1639 1066 1912 1119 interdum
1948 1066 2129 1129 miles,
2171 1066 2267 1135 qui
2315 1079 2424 1118 non
2457 1064 2716 1133 peditem,
2758 1062 2849 1117 sed
2878 1062 3114 1130 equitem
3146 1061 3257 1129 agit
3290 1077 3304 1113 :
3344 1061 3613 1114 interdum
3655 1061 3819 1114 etiam
3854 1077 3957 1115 no-

750 1149 896 1214 bilis,
943 1164 1103 1219 quem
1139 1150 1378 1219 dignitas
1411 1153 1685 1220 equestris
1730 1162 1912 1215 ornat,
1949 1151 2198 1206 deootari
2231 1150 2388 1205 solet.
2423 1149 2747 1204 Guilielmus
2775 1147 2927 1203 Brito
2956 1148 3052 1202 lib;
3088 1162 3150 1202 ttt
3186 1147 3543 1217 Philippides,
3580 1162 3750 1202 versu
3782 1147 3966 1203 2&6“

748 1236 851 1290 247
886 1254 901 1290 :

1297 1364 1312 1378 .
1360 1365 1372 1378 .
1410 1326 1551 1378 solus
1581 1322 1931 1379 Garltmilicus
1966 1325 2117 1377 heros

1238 1392 1422 1448 Servat
1452 1411 1566 1447 eam
1602 1393 1839 1465 [urbem]
1874 1405 1921 1447 et
1955 1396 2111 1462 pauci
2138 1394 2335 1461 pedites
2367 1408 2484 1444 cum
2518 1391 2684 1444 milite
2721 1407 2863 1446 raro.

817 1506 935 1561 Lib.
973 1523 1046 1572 tv,
1074 1508 1353 1585 γει-θὴςὶ
1390 1518 1443 1562 et
1474 1509 1831 1578 quuentibtts
1861 1526 1873 1561 :

1243 1618 1344 1688 Sed
1380 1620 1526 1685 prius
1556 1634 1808 1688 expensas
1835 1620 2003 1671 tribus
2035 1619 2188 1670 annis
2221 1617 2546 1688 sufﬁcientes

1238 1686 1500 1740 Militibus
1533 1686 1775 1741 numerat
1803 1688 2097 1756 quingentis
2130 1688 2193 1739 de
2232 1687 2445 1753 propria
2475 1701 2547 1747 re,

1240 1758 1382 1809 Mille
1410 1759 1595 1826 quibus
1625 1757 1795 1811 decies
1828 1759 2024 1826 pedites
2058 1758 2344 1825 adjungere
2367 1765 2539 1809 curat.

818 1842 936 1896 Lib.
970 1860 1064 1907 vn,
1096 1860 1252 1897 verso
1292 1845 1320 1895 7
1355 1855 1408 1897 et
1437 1846 1794 1913 sequentibus
1834 1860 1848 1896 :

1235 1952 1545 2005 Intermissa
1573 1953 1712 2006 brevi
1745 1952 2086 2020 languescunt
2117 1951 2255 2004 bella
2287 1954 2482 2021 quiete,

1244 2022 1503 2087 Depositis
1531 2025 1732 2076 rediens
1770 2024 1933 2074 armis
1963 2024 2028 2073 ad
2054 2023 2268 2089 propria
2302 2023 2473 2083 miles,

1239 2089 1305 2142 Et
1334 2092 1563 2159 peditum
1595 2101 1783 2144 turma
1815 2107 1909 2143 sua
1940 2106 2064 2144 rura
2105 2092 2325 2145 revisere
2353 2090 2605 2158 gaudent.

827 2183 1091 2238 Henricus
1122 2186 1538 2252 Guodellingius
1570 2187 1624 2239 in
1652 2186 1985 2254 Appendice,
2028 2200 2191 2253 quam
2227 2184 2482 2237 Historia:
2512 2184 2811 2237 Austriacte
2840 2182 3123 2253 subiunxit
3154 2182 3373 2254 [Petrus
3403 2182 3726 2239 Lambecius
3764 2186 3863 2240 lib.
3897 2202 3961 2250 tt,

750 2282 1268 2327 commentariorum
1306 2273 1374 2327 de
1415 2274 1737 2327 bibliotheca
1767 2272 2012 2327 Caesarea
2049 2270 2472 2333 Vindobouettsi,
2508 2288 2626 2341 cap.
2660 2273 2714 2336 6,
2749 2269 3087 2342 publicavit],
3117 2272 3185 2324 de
3209 2271 3483 2325 Comitum
3515 2271 3957 2341 'l‘yrolinensiutn

753 2358 1101 2413 successione
1138 2378 1150 2412 :
1188 2360 1291 2412 llla
1324 2359 1694 2430 [Multeschia,
1731 2359 2029 2413 Carinthiaa
2060 2359 2191 2429 dux]
2220 2375 2334 2411 cum
2366 2358 2650 2412 baronibus
2675 2361 2786 2423 suis
2809 2358 3000 2411 habitis
3029 2358 3246 2413 occultis
3275 2361 3615 2421 tractatibus,
3645 2369 3694 2411 et
3724 2376 3957 2427 presser-

754 2444 845 2496 tim
873 2461 988 2497 cum
1022 2444 1337 2515 Engelmaro
1366 2448 1527 2499 milite
1560 2448 1761 2500 Athesis
1791 2445 1869 2518 [id
1902 2456 1986 2500 est
2015 2447 2236 2499 ditionis
2267 2448 2587 2519 Athesinie],
2624 2449 2787 2516 ejecta
2816 2447 3040 2501 Boltemo
3072 2448 3137 2500 de
3182 2450 3435 2501 comitatu
3472 2449 3695 2519 Tyrolis.
3728 2450 3964 2504 Ludovi-

752 2552 869 2586 cnm
904 2535 1256 2588 marchionem
1291 2534 1866 2605 Brandeuburgensem,
1900 2534 2148 2588 Ludovici
2201 2533 2393 2588 Bavari
2429 2537 2665 2602 pratdicti
2697 2537 2748 2587 in
2784 2552 2950 2603 regem
3009 2535 3162 2588 electi
3194 2535 3388 2602 ﬁlium,
3421 2537 3485 2589 de
3516 2539 3662 2604 facta
3689 2542 3741 2591 in
3769 2541 3963 2591 matri-

762 2622 992 2673 monium
1021 2625 1238 2689 uetepit.
1275 2622 1426 2674 Palis
1458 2621 1767 2675 Latinitatis
1802 2623 2124 2677 auctoribus
2160 2623 2348 2675 militia
2379 2607 2695 2674 nominatur
2725 2624 2841 2691 ipsa
2874 2623 3210 2687 nobilitas,id
3247 2632 3347 2685 est,
3371 2626 3641 2692 equestris
3666 2628 3819 2680 ordo.
3859 2626 3961 2679 Er-

752 2708 1057 2760 i-iiiolridus
1095 2708 1401 2761 Melicensis
1437 2708 1603 2761 abbas
1635 2710 1686 2760 in
1725 2710 1948 2762 historia
1982 2707 2167 2778 [quam
2205 2709 2393 2763 Petrus
2421 2708 2745 2762 Lambecius
2777 2709 2946 2762 edidit
2980 2710 3071 2780 lib.
3104 2724 3139 2762 ιι
3189 2710 3721 2764 Commentariorum
3757 2713 3824 2764 de
3869 2712 3958 2765 bi-

754 2795 1025 2850 bliotheca
1059 2794 1312 2849 Caesarea
1338 2794 1767 2862 Viodobonensi,
1793 2813 1911 2865 cap.
1952 2796 2033 2867 8.]
2065 2798 2130 2850 de
2155 2796 2472 2849 Colomautti
2506 2796 2762 2864 martyrio
2792 2805 2847 2847 et
2877 2789 3154 2848 miraculis
3181 2811 3194 2847 :
3230 2794 3404 2861 Hujus
3438 2805 3541 2846 tam
3572 2798 3819 2857 pra-clari
3844 2810 3961 2851 stu-

752 2883 1012 2950 pendique
1045 2883 1290 2937 miraculi
1317 2883 1459 2951 fama
1491 2883 1556 2934 ad
1588 2899 1741 2935 aures
1773 2883 1987 2937 Henrici
2009 2883 2324 2935 inarchionis
2354 2884 2580 2947 pervenit
2620 2882 2918 2933 rumoribus
2954 2882 3119 2933 allata
3146 2896 3162 2933 :
3199 2882 3287 2948 qui
3316 2886 3491 2933 statim
3529 2884 3705 2935 missis
3736 2885 3963 2937 clerico-

755 2986 870 3021 rum
900 2959 1171 3021 ordinibus
1199 2981 1245 3022 et
1282 2970 1598 3039 quibusdam
1629 2971 1829 3023 militia:
1857 2987 1967 3022 sua
1997 2970 2307 3037 primatibus
2340 2970 2607 3036 priet-epit,
2644 2978 2699 3019 ut
2736 2969 2788 3020 in
2816 2984 2965 3020 suam
2999 2969 3253 3020 civitatem
3286 2969 3567 3037 honoriﬁce
3605 2971 3959 3037 transferrent

757 3057 1027 3108 miraculis
1064 3058 1418 3124 glori/iculum
1452 3073 1665 3134 corpus.
1702 3058 1880 3122 Quare
1911 3057 2271 3126 Chrysoloras
2306 3065 2511 3117 uoster,
2541 3062 2598 3107 ut
2625 3070 2689 3107 ex
2731 3054 3111 3122 antiquissima
3151 3052 3522 3106 Romanorum
3559 3058 3830 3124 prosapia,
3860 3062 3957 3124 qui

754 3161 876 3195 tlllll
911 3146 1237 3209 imperatore
1264 3146 1629 3199 Constantino
1663 3145 1857 3214 Magno
1905 3143 2417 3213 Constantinopolin
2455 3142 2845 3210 tttigraverttnt,
2900 3142 3000 3192 l'uit
3032 3149 3211 3204 ortus,
3239 3141 3319 3194 sic
3357 3155 3479 3194 cum
3540 3142 3694 3195 tnilcs
3729 3145 3957 3206 dicitur,

753 3245 941 3298 ciues,
980 3231 1030 3282 id
1068 3242 1171 3291 est,
1207 3232 1415 3284 ordinis
1443 3233 1717 3300 equestris
1755 3234 1917 3283 hoino
1960 3231 2063 3283 dici
2094 3229 2419 3297 judicandus
2444 3237 2547 3281 est.
2581 3228 2818 3291 Accedit,
2846 3228 2990 3295 quod
3026 3242 3148 3279 eum
3209 3226 3377 3280 nobili
3408 3228 3570 3280 domo
3600 3238 3809 3292 natum,
3837 3232 3961 3297 qui-

754 3320 874 3370 dam
906 3319 1106 3371 diserte
1136 3329 1591 3372 commemorent.
1626 3317 1981 3373 Leonhardus
2008 3317 2221 3371 Brunus
2253 3318 2510 3370 At‘etittus
2541 3315 2592 3367 in
2618 3314 2860 3368 Historia
2892 3330 3063 3366 rerum
3092 3312 3449 3368 Italicarum:
3478 3312 3825 3384 Cltt‘ysoloras
3852 3316 3960 3386 Bg-

756 3405 1020 3469 saulinus,
1055 3408 1133 3457 vir
1164 3407 1305 3458 domi
1345 3409 1559 3462 nobilis.
1594 3408 1962 3461 llartmannus
1995 3406 2317 3459 Schedelius
2346 3405 2398 3456 itt
2426 3402 2700 3455 Chronico
2732 3420 2746 3455 :
2782 3400 2997 3454 Manuel
3030 3401 3379 3469 Cbt‘ysoloras
3416 3400 3743 3469 Byzantinus
3773 3417 3954 3470 patria

757 3491 1400 3560 Constantiuapolitanus,
1436 3496 1511 3547 vir
1545 3495 1685 3548 domi
1746 3494 1951 3546 nobilis.
1985 3478 2219 3545 Jacohus
2256 3490 2536 3558 Philippus
2567 3488 2821 3541 Forestus
2875 3486 3165 3555 Bergomas
3198 3489 3249 3541 in
3282 3486 3679 3541 Chrooicorum
3723 3488 3957 3559 Supple-

756 3586 936 3631 toeoto
964 3594 978 3629 :
1023 3576 1279 3631 Emanuel
1310 3577 1655 3648 Cltrysoloras
1691 3582 1903 3632 natione
1937 3579 2173 3641 Gra'ctis,
2206 3580 2381 3644 patria
2417 3577 2769 3645 Byzantinus,
2800 3577 2878 3627 vir
2912 3575 3055 3626 danti
3085 3576 3293 3627 nobilis.

826 3664 913 3716 Ill.
958 3662 1216 3732 Tempus,
1248 3680 1356 3734 quo
1385 3666 1740 3737 Chrysoloras
1789 3675 1972 3719 noster
2018 3666 2168 3725 vixit,
2198 3666 2357 3717 etiam
2391 3682 2419 3717 e
2445 3664 2776 3717 doctissimis
2806 3663 2933 3715 viris
2980 3663 3263 3716 noonullos
3300 3665 3456 3729 l'ugtt.
3492 3665 3647 3728 Quod
3694 3666 3738 3716 si
3786 3662 3958 3716 Jaco-

757 3750 881 3802 hnm
917 3748 1221 3805 Pootanum
1258 3756 1307 3804 in
1336 3754 1477 3806 notis
1506 3755 1571 3805 ad
1602 3752 1820 3821 Georgii
1854 3752 2109 3805 Phranza‘.
2138 3751 2458 3815 chronicon,
2500 3753 2697 3805 librum
2723 3767 2762 3817 t,
2798 3763 2960 3820 caput
2995 3752 3079 3815 η,
3113 3753 3386 3818 audimus,
3420 3751 3562 3804 inter
3594 3752 3715 3814 hos,
3745 3755 3833 3815 qtti
3874 3757 3959 3805 lu-

757 3852 899 3897 own,
935 3837 1076 3903 quod
1107 3836 1384 3890 Christum
1420 3840 1469 3890 in
1523 3848 1705 3891 monte
1733 3838 2113 3899 circumfulsit,
2152 3850 2421 3895 creatum.
2460 3852 2564 3889 non
2596 3838 2919 3898 iocreatttm,
2956 3838 3314 3903 allirntarunt,
3348 3842 3449 3891 sub
3482 3840 3809 3906 imperatore
3842 3844 3957 3892 An-

755 3924 982 3975 dronico
1008 3923 1310 3992 Palasologo
1339 3924 1577 3991 juniore,
1604 3927 1697 3993 qui
1729 3910 1912 3978 statim
1964 3939 2080 3991 post
2115 3922 2403 3975 concilium
2427 3938 2488 3975 ea
2521 3925 2586 3975 de
2620 3926 2992 3977 controversia
3024 3926 3377 3987 celebratum,
3406 3941 3546 3976 anno
3566 3924 3627 3979 C.
3665 3926 3815 3988 15M,
3841 3927 3955 3982 vita

755 3999 1009 4071 decessit,
1041 4012 1143 4065 fuit
1171 4012 1423 4066 celebris.
1465 4014 1711 4067 Phranza
1745 4015 1864 4068 loco
1895 4014 2062 4075 dicto,
2101 4015 2394 4081 interprete
2438 4010 2653 4061 laudato
2686 4007 2970 4063 Pontano:
3006 4010 3127 4062 Tum
3161 4027 3359 4074 quoque
3406 4013 3689 4065 uionacltus
3735 4014 3954 4080 quidam

756 4095 1004 4162 Calaber,
1033 4100 1129 4161 ait,
1160 4099 1333 4150 dictus
1369 4098 1714 4164 Barlaamus,
1746 4116 1810 4153 ex
1841 4099 2004 4153 Italia
2038 4097 2527 4162 Constantinopolin
2560 4095 2714 4156 venit,
2753 4098 2842 4162 qui
2885 4098 2935 4149 in
2964 4098 3231 4165 dogmatis
3265 4096 3578 4152 Latinorum
3606 4103 3953 4164 exercitatus,

757 4195 805 4235 et
841 4184 911 4236 ad
947 4200 1005 4236 ea
1035 4184 1373 4251 defendenda
1404 4186 1633 4239 disertus
1663 4188 1945 4239 admodum
1979 4196 2025 4239 et
2074 4186 2314 4254 eloquens
2342 4182 2444 4236 sibi
2499 4182 2787 4234 videbatur.
2824 4182 3099 4235 Asscrebat
3129 4185 3283 4246 idem,
3320 4187 3491 4237 lumen
3528 4186 3660 4237 illud
3689 4186 3743 4237 in
3782 4200 3961 4238 monte

761 4269 969 4323 Tlutbor
1013 4281 1249 4323 creatum
1302 4287 1435 4332 esse,
1475 4284 1788 4339 nostrosque
1815 4276 1882 4326 ad
1916 4273 2291 4339 disputandum
2328 4285 2478 4335 super
2513 4270 2606 4320 hoc
2661 4269 2925 4321 axiomate
2958 4273 3271 4336 provocabat
3334 4270 3613 4339 Negotium
3670 4274 3958 4337 imperator

759 4354 1127 4425 [Andronicus
1156 4355 1492 4425 Palaeologus
1515 4357 1720 4428 junior]
1755 4358 2001 4429 Gregorio
2030 4358 2259 4410 Palama:
2287 4356 2426 4408 dedit
2449 4359 2538 4423 qui
2568 4364 2687 4406 tunc
2710 4352 3213 4408 Thessalonicensem
3244 4356 3533 4410 Ecclesium
3560 4359 3955 4412 moderabatur.

760 4443 891 4494 Cum
930 4444 1020 4494 diu
1058 4445 1193 4495 inter
1225 4459 1279 4496 se
1310 4445 1508 4496 velitati
1538 4457 1729 4508 essent,
1760 4444 2128 4509 persuasibilia
2163 4441 2316 4495 verba
2348 4452 2395 4495 et
2430 4457 2593 4509 nugas
2627 4440 2838 4493 Calabri
2869 4438 3116 4493 Palamas
3166 4442 3301 4494 velut
3326 4458 3643 4496 aranearum
3678 4444 3809 4497 tclas
3844 4447 3956 4497 dis-

761 4531 941 4583 tttssil.
975 4532 1126 4595 Quod
1153 4529 1349 4584 .loanni
1382 4532 1715 4601 L'htysolora-
1741 4533 1923 4585 eadem
1955 4532 2217 4591 sentienti,
2248 4529 2554 4595 dicendique
2581 4543 2640 4578 ac
2665 4527 2969 4589 disputandi
2996 4529 3240 4580 similiter
3266 4530 3389 4581 bene
3417 4534 3600 4597 perito,
3640 4533 3851 4598 perinde
3874 4534 3955 4600 fe-

760 4618 848 4668 cit.
902 4619 983 4670 Ad
1016 4620 1128 4672 ha-c
1155 4618 1450 4682 Pontanus,
1482 4618 1678 4673 Joauni
1715 4618 2069 4687 Cltrysolorie,
2106 4627 2218 4670 tum
2253 4615 2380 4675 alia,
2411 4628 2530 4680 Qtttl:
2584 4622 2770 4665 nostro
2810 4610 3043 4665 Manueli
3070 4614 3401 4682 Chrysolora:
3432 4617 3782 4680 conveniunt,
3837 4628 3951 4670 tum

760 4707 920 4756 ciam
958 4704 1326 4773 Epitaphium,
1364 4709 1521 4774 cujus
1552 4706 1878 4759 mentionem
1908 4704 1934 4774 §
1966 4720 1979 4756 ι
2013 4704 2261 4762 reclinus,
2295 4701 2541 4754 attribuit
2570 4718 2583 4762 ;
2638 4699 2772 4760 sive,
2802 4701 2945 4767 quod
2984 4704 3315 4768 praenomina
3349 4717 3442 4769 per
3484 4703 3829 4757 oscitanliam
3859 4722 3958 4757 ne-

762 4792 1003 4860 glexerit,
1048 4793 1161 4845 sire.
1195 4794 1335 4858 quod
1377 4791 1634 4846 Joannem
1668 4792 1960 4844 Manuelem
2005 4789 2377 4859 Citrgsoloram
2410 4794 2653 4838 nostrum
2687 4783 2854 4837 fuisse
2880 4784 3083 4837 dirtum
3120 4801 3437 4852 persuasus,
3472 4804 3785 4854 praenomen
3819 4789 3957 4841 alti-

764 4896 881 4932 rum
916 4882 966 4931 in
1002 4879 1310 4947 Epitaphio,
1340 4878 1571 4933 alterum
1607 4894 1635 4931 a
1666 4878 1911 4931 Pltranza
1945 4877 2204 4930 omissum
2231 4873 2646 4927 existimaverit.

834 4963 920 5019 ιν.
957 4967 1025 5018 At
1059 4980 1206 5027 vero,
1264 4980 1436 5033 neque
1461 4964 1724 5019 Joannem
1761 4965 2058 5018 Manuelem
2107 4960 2491 5031 Chrysoloram
2528 4966 2769 5010 nOstrum
2806 4956 2972 5011 fuisse
3004 4960 3209 5012 dictum
3243 4963 3565 5025 rrpet'itttus,
3597 4972 3651 5015 et
3690 4960 3957 5015 Joannem

765 5052 1174 5120 Mauoelemqnc
1204 5050 1565 5120 Cltrysoloras
1599 5050 1769 5105 fuisse
1815 5051 2083 5111 diversos,
2116 5049 2230 5117 ipsa
2271 5058 2573 5114 temporum
2608 5042 3099 5107 indicatconditio.
3134 5045 3239 5099 Fac
3285 5048 3454 5111 enim,
3491 5048 3817 5114 imperatore
3848 5049 3961 5100 An-

764 5140 991 5193 dronico
1044 5137 1346 5206 Palieologo
1370 5136 1587 5204 juniore
1610 5138 1772 5190 vitam
1827 5136 2133 5197 claudente,
2169 5137 2217 5186 id
2253 5142 2355 5197 est,
2392 5146 2536 5183 anno
2568 5129 2630 5183 C.
2669 5130 2827 5192 1541.
2856 5129 3120 5185 Joannem
3153 5133 3537 5202 Chrysoloram
3566 5134 3635 5187 25
3663 5149 3957 5196 annorum,

766 5226 1016 5293 quamvis
1047 5234 1159 5277 tum
1192 5222 1501 5291 grandioris
1550 5224 1726 5275 aetatis
1759 5234 2085 5288 praesumere
2114 5233 2219 5272 non
2253 5228 2444 5285 praeter
2472 5230 2690 5269 causam
2727 5219 2946 5285 possis:
2980 5218 3382 5274 Constantiensi
3419 5221 3675 5284 concilio,
3707 5222 3771 5274 ad
3808 5222 3957 5289 quod

766 5312 975 5364 llanuel
1008 5311 1363 5381 Chrysoloras
1394 5319 1577 5363 noster
1609 5315 1970 5376 spectatorem
2001 5316 2223 5358 acturus
2256 5304 2505 5363 accessit,
2540 5312 2597 5354 ut
2640 5302 2777 5357 infra
2826 5307 3398 5370 commetnorabimus,
3433 5308 3647 5362 initium
3684 5308 3956 5376 capiente,

765 5401 817 5452 td
851 5408 954 5459 est,
995 5413 1123 5450 ann.
1155 5396 1217 5450 C.
1254 5395 1408 5457 14η,
1442 5395 1812 5448 centenarium
1845 5407 2027 5445 senem
2061 5390 2298 5443 habebis.

831 5481 899 5535 ν.
936 5481 1121 5551 Neque
1149 5480 1382 5533 Jacobus
1413 5480 1693 5533 Pontanus
1723 5478 1917 5541 solum,
1943 5478 2106 5529 etiam
2142 5473 2415 5527 Gerardus
2447 5472 2681 5527 Joannes
2724 5482 2938 5529 Vossius
2961 5475 3223 5529 Joannem
3257 5488 3418 5547 atque
3448 5476 3748 5532 Manuelem
3785 5479 3961 5550 Chry-

765 5570 976 5622 soloras
1010 5566 1317 5621 confundit.
1355 5563 1591 5633 Uterque
1623 5563 1922 5617 Manuelem
1956 5562 2338 5629 Chrysoloram
2369 5559 2645 5613 Francisci
2676 5561 2937 5629 Philclphi
2966 5578 3215 5615 socerum
3253 5564 3423 5617 fuisse
3463 5569 3643 5618 docet.
3681 5565 3965 5619 Pontanus

767 5659 886 5709 loco
914 5657 1095 5708 dicto:
1126 5651 1256 5721 Ejus
1290 5651 1574 5722 [Manut-lis
1602 5647 1961 5718 Cltrysolorae]
1994 5664 2164 5716 gener,
2194 5663 2295 5698 non
2323 5647 2610 5713 discipulus
2643 5651 2814 5712 modo,
2848 5650 2949 5711 fuit
2983 5649 3291 5703 Franciscus
3323 5651 3649 5716 Phile/phus,
3684 5652 3769 5704 cui
3802 5650 3966 5705 Theo-

766 5746 951 5797 doram
983 5741 1149 5808 ﬁliam
1182 5755 1399 5806 nuptum
1456 5738 1616 5789 dedit.
1647 5736 1871 5790 Vossius
1901 5736 1993 5790 lib.
2029 5752 2102 5801 tv,
2145 5736 2212 5787 De
2247 5736 2511 5788 historicis
2559 5735 2777 5797 Crazcis,
2826 5750 2945 5804 cap.
2986 5736 3091 5792 l9:
3133 5736 3347 5790 Mauucl
3388 5738 3739 5808 Cltrysoloras
3782 5737 3961 5789 Fran-
