4202 6444
236 426 302 488 17
1480 430 1660 491 ῊΤΑ
1702 431 1799 491 ΕΤ
1838 433 1895 490 Si

1790 433 1799 452 ·
1838 390 2180 492 δεῃιῐίΤΑ.
3384 431 3449 495 18

230 544 357 595 cisci
394 540 656 609 Philelphi
686 558 852 596 socer.
889 541 1015 597 Tant
1042 559 1156 596 eum
1180 543 1388 605 laudat,
1414 560 1567 612 quam
1605 543 1937 611 Philelphunt
1972 546 2231 612 vituperat
2262 543 2487 611 Poggius
2523 545 2693 611 prima
2721 545 2771 595 in
2812 543 3145 612 Philelphum
3174 546 3448 600 invectiru.

229 631 393 683 Certe
425 644 529 683 non
557 630 879 691 Mammium,
916 632 1007 683 sed
1039 629 1300 683 Joannem
1337 613 1722 699 Cbrysoloram
1761 631 2055 685 Francisco
2088 632 2374 699 Pliilelpbo
2412 632 2576 683 ﬁliam
2622 641 2921 697 stupratam
2957 633 3008 684 iu
3042 635 3451 687 matrimonium

230 716 473 778 dedisse,
496 716 735 772 Joannes
760 717 1093 772 Franciscns
1124 716 1361 784 Poggius
1405 719 1579 785 prima
1615 719 1666 770 in
1700 716 2057 771 Franciscnm
2086 718 2427 787 Pliilelpbum
2465 720 2737 770 invectiva
2771 719 2962 778 refert,
2994 735 3154 787 quem
3200 721 3271 771 ibi
3302 736 3454 771 com-

232 804 403 869 pellat
429 805 514 856 his
541 804 720 859 verbis
760 819 775 855 :
816 805 1010 857 Pulsus
1042 804 1166 856 olim
1192 802 1412 856 Patavio
1444 806 1687 870 turpiter,
1742 804 1828 855 ubi
1862 802 2221 872 Casparinum
2259 806 2535 865 audiebas,
2573 816 2793 871 propter
2825 805 3194 864 adolescentis,
3236 821 3337 871 quo
3369 806 3457 857 de-

226 888 464 951 peribas,
497 889 742 941 insanum
774 906 1029 951 amorem,
1063 889 1580 957 Constantinopolin,
1618 903 1868 957 tanquam
1896 892 1949 942 in
1983 892 2213 959 asylum,
2241 908 2428 959 egenus
2458 902 2613 957 atque
2644 894 2788 956 inops
2826 894 3133 960 confugisti.
3172 890 3377 943 Callide
3405 895 3457 944 id

228 973 441 1040 quidem
496 990 542 1027 et
600 984 796 1039 astute,
853 986 910 1028 ut
963 977 1030 1027 ad
1057 992 1118 1028 ea
1149 976 1263 1029 loca
1297 976 1496 1038 adires,
1540 978 1609 1027 ad
1655 992 1770 1044 qua:
1802 978 1957 1029 citius
1993 986 2198 1041 auctor,
2230 993 2385 1045 quam
2415 978 2558 1045 {mna
2597 978 2869 1036 scelerum,
2912 981 3216 1045 perveniret.
3263 977 3346 1030 Ibi
3399 981 3453 1029 in

228 1056 458 1111 Joannis
515 1060 844 1130 Chrysolorre
902 1062 1192 1114 doctissimi
1253 1071 1409 1129 atque
1464 1062 1687 1130 insignis
1752 1063 1941 1127 equitis
2000 1064 2464 1131 familiaritatem,
2528 1064 2760 1117 discendi
2822 1066 3169 1131 cupiditatem
3240 1080 3347 1127 ννω
3405 1074 3452 1114 Ic

230 1150 426 1212 ferens,
453 1147 758 1200 insinuasti.
792 1147 895 1211 Qui
936 1158 1029 1199 tua
1058 1148 1372 1200 verbositate
1410 1158 1600 1209 motus,
1642 1148 1798 1201 simul
1824 1148 2155 1202 mendicitate
2191 1160 2481 1201 commotus
2524 1148 2682 1220 [nihil
2713 1152 2848 1203 enim
2877 1167 2960 1211 eo,
2991 1160 3181 1217 praeter
3216 1152 3451 1217 linguam

230 1234 441 1284 inanem
466 1243 515 1285 et
550 1243 715 1285 cutem
736 1235 944 1285 aridam
967 1233 1326 1303 deportarasj,
1358 1242 1406 1286 te
1427 1234 1571 1286 domi
1598 1250 1709 1288 sua:
1739 1236 1950 1301 recepit,
1976 1236 2189 1301 ignarus
2218 1237 2425 1301 futuri;
2455 1239 2711 1303 hospitem
2745 1239 2880 1289 enim
2905 1238 3174 1299 pudicum,
3207 1253 3309 1287 non
3349 1236 3452 1286 l'a-

233 1322 402 1373 rident
435 1324 732 1375 adulterum
775 1339 829 1376 se
875 1333 1207 1392 recepturum
1240 1323 1476 1387 putabat.
1516 1325 1580 1375 At
1612 1333 1666 1374 tu
1696 1340 1814 1375 cum
1844 1326 2098 1391 regiones,
2142 1339 2241 1374 non
2278 1339 2468 1383 mores,
2504 1325 2863 1386 immutasses,
2897 1340 2957 1376 ne
2989 1328 3106 1391 quis
3145 1326 3289 1376 locus
3326 1332 3458 1374 esset

232 1424 432 1459 racuus
464 1410 749 1461 sceleribus
780 1410 905 1468 tuis,
936 1410 1048 1476 ejus
1086 1411 1336 1476 virginem
1367 1410 1535 1475 filiam
1568 1411 1846 1476 stuprasti.
1882 1411 1985 1460 tuis
2016 1409 2491 1475 pollicitationibus
2515 1422 2561 1461 et
2601 1411 2874 1463 blanditiis
2907 1412 3198 1475 deceptam.
3240 1408 3371 1463 Cum
3408 1424 3461 1459 re

232 1496 327 1546 ille
359 1497 539 1557 miser,
574 1496 663 1563 qui
691 1504 979 1561 serpentem
1023 1497 1163 1548 domi
1195 1497 1481 1556 nutrierat,
1516 1504 1766 1547 machum
1795 1494 1916 1559 filim
1954 1496 2389 1560 deprehendisset,
2423 1497 2485 1547 de
2515 1504 2563 1547 te
2591 1498 2952 1557 interﬁciendo
2986 1497 3267 1547 consilium
3304 1484 3457 1554 ceiiit.

234 1599 354 1632 cum
386 1592 441 1634 tu
467 1583 760 1649 aufugisses
792 1581 1040 1649 supplicii
1074 1592 1233 1633 metu.
1270 1581 1373 1635 Sed
1402 1583 1527 1649 quid
1564 1591 1735 1649 ageret
1770 1584 1843 1633 vir
1889 1583 2005 1632 licet
2046 1584 2273 1647 prudens
2298 1584 2323 1636 ?
2352 1582 2513 1647 Inops
2548 1584 2755 1635 consilii
2785 1594 2936 1643 erat;
2974 1583 3144 1634 scelus
3174 1584 3459 1638 detectum,

233 1672 381 1736 uirgo
411 1685 728 1733 compressa,
758 1673 851 1720 dos
876 1671 1075 1721 amissa
1101 1670 1438 1737 virginitatis.
1477 1667 1819 1721 Intercedunt
1849 1668 2028 1719 Italici
2054 1677 2392 1728 mercatores,
2420 1670 2722 1727 consulunt,
2764 1679 2814 1719 ut
2842 1684 2957 1719 eam
2987 1667 3333 1733 despondeat,
3364 1668 3459 1716 hoc

242 1756 477 1807 niaxime
509 1765 661 1823 pacto
694 1753 995 1807 ol'umbrari
1019 1764 1260 1818 putantes
1291 1755 1670 1821 turpitudinem
1704 1764 2016 1818 susceptam.
2067 1752 2250 1821 Itaque
2279 1755 2621 1823 Chrysoloras
2660 1771 2877 1807 nimi-ore
2905 1754 3193 1819 confectus,
3223 1757 3459 1805 commil-

236 1857 330 1891 sus
361 1842 623 1909 precibus,
656 1841 794 1893 malo
827 1850 1064 1895 coactus.
1103 1842 1273 1908 ﬁliam
1300 1843 1395 1893 tibi
1429 1840 1615 1908 nuptui
1650 1839 1792 1891 dedit
1826 1857 1856 1891 a
1889 1852 1934 1891 te
1960 1851 2285 1911 corruptam.
2312 1841 2388 1895 Ex
2415 1843 2614 1908 quibus
2640 1841 2799 1893 simul
2832 1851 2996 1907 patet.
3026 1840 3302 1891 FranciSt-i
3335 1837 3462 1889 Pni-

239 1925 406 1991 Iz-lpbi
449 1924 633 1995 [quem
664 1941 795 1980 ann.
826 1924 885 1978 C.
934 1926 1071 1979 1598
1103 1934 1288 1978 natum
1321 1940 1443 1979 esse
1483 1924 1722 1994 censtat]
1754 1940 2005 1978 socerum
2038 1924 2304 1979 Jomnem
2343 1926 2730 1995 Cbrysolorani
2756 1966 2770 1989 ,
2807 1934 2911 1978 non
2950 1928 3126 1988 illum,
3169 1925 3327 1992 cujus
3369 1942 3461 1977 su—

236 2029 339 2082 pra
376 2016 732 2078 meiuininus,
762 2029 906 2067 anno
936 2014 1141 2067 Christi
1183 2014 1310 2067 13M
1350 2015 1581 2078 clarum,
1615 2016 1706 2067 sed
1741 2013 1906 2065 alium
1955 2013 2122 2065 titulto
2154 2014 2428 2081 juniorcm
2465 2013 2651 2066 fuisse.

319 2098 403 2154 Vl.
436 2099 706 2155 Indicium
740 2102 939 2163 relatis,
973 2117 1079 2169 qua
1115 2110 1298 2154 noster
1330 2101 1689 2171 Cbrysoloras
1720 2100 1821 2154 fuit
1851 2112 2149 2168 superstes,
2184 2101 2479 2167 imperator
2502 2100 2742 2153 Joannes
2770 2101 3108 2168 Palmologns
3139 2100 3298 2152 nobis
3330 2115 3465 2165 pra-—

238 2187 355 2241 bet.
386 2189 466 2241 Ad
498 2190 641 2242 hunc
671 2189 814 2241 enim
853 2189 1067 2256 longam
1109 2190 1197 2240 ille
1232 2189 1453 2257 scripsit
1479 2187 1789 2255 epistolam,
1826 2203 1930 2253 qua
1962 2186 2477 2255 Constantinopolin
2517 2205 2639 2241 cum
2673 2190 2840 2240 Iloma
2876 2196 3173 2252 comparat.
3210 2184 3314 2236 Sed
3352 2186 3463 2237 duo

239 2274 465 2328 fuerunt
492 2276 853 2344 imperatores
880 2273 1122 2328 Joannes
1165 2273 1474 2338 Palatologi.
1511 2271 1686 2337 Prior,
1725 2272 2022 2326 Andronici
2056 2272 2343 2339 Palamlogi
2382 2274 2619 2341 junioris
2661 2273 2827 2333 (ilius,
2875 2271 3143 2323 Manuelis
3178 2270 3462 2339 Pabeologi

239 2360 434 2426 frater,
464 2362 757 2429 imperium
792 2362 896 2413 sub
926 2361 1293 2415 Cantacuzeni
1336 2361 1503 2414 tutela
1531 2376 1664 2429 puer
1698 2360 1898 2428 accepit

1803 2360 1903 2428 epit
1936 2376 2065 2414 anu.
2095 2359 2155 2413 C.
2194 2361 2321 2411 1541
2357 2379 2368 2411 :
2410 2362 2573 2410 vitam
2604 2375 2732 2411 anu.
2762 2359 2823 2412 C.
2856 2358 2982 2411 1591
3022 2360 3235 2409 clausa.
3274 2355 3462 2411 Poste—

241 2448 377 2511 rior,
425 2447 690 2506 Manuelis
714 2450 1001 2518 Palatologi
1043 2450 1204 2511 illius,
1243 2450 1538 2517 imperator
1569 2464 1696 2502 ann.
1734 2448 1795 2502 C.
1833 2448 1968 2501 1419
2002 2458 2244 2509 creatus,
2280 2464 2309 2501 e
2342 2448 2478 2499 vivis
2511 2462 2642 2499 ann.
2690 2448 2825 2499 1143
2852 2446 3109 2499 excessit.

327 2535 435 2590 γιι.
476 2535 802 2591 Posterioris
838 2535 1065 2591 Joannis
1094 2536 1377 2605 Palaeologi
1415 2538 1749 2606 temporibus
1771 2537 2132 2606 Cbrysoloras
2177 2547 2364 2588 noster
2387 2534 2606 2595 claruit,
2634 2534 2676 2584 si
2712 2535 3005 2587 nonnullos
3042 2552 3069 2589 e
3108 2537 3470 2602 scriptoribus

244 2625 643 2677 recentioribus
676 2624 949 2677 audimus.
980 2624 1129 2676 lntcr
1162 2628 1258 2677 bos
1292 2625 1641 2693 reperiuntur
1689 2625 1923 2679 Joannes
1959 2624 2224 2677 Henricus
2248 2623 2528 2675 Alstedius
2552 2632 2602 2675 et
2636 2621 2912 2676 Gerardus
2941 2622 3181 2678 Joannes
3209 2624 3467 2677 Vossius.

243 2710 337 2763 ωε
368 2711 419 2761 in
452 2710 716 2764 Thesauro
746 2710 1149 2777 Chronologico,
1182 2712 1530 2779 cbronologia
1561 2712 1647 2774 50,
1673 2728 1790 2779 quae
1812 2712 2252 2779 philosophorum
2278 2718 2381 2773 est,
2404 2708 2469 2761 ad
2503 2724 2629 2760 ann.
2650 2708 2707 2761 C.
2748 2709 2881 2761 illi)
2914 2725 2928 2761 :
2964 2708 3268 2762 Theodorus
3305 2711 3469 2765 Utica.

244 2797 501 2867 Georgius
530 2799 933 2867 Trapezu‘ntius,
969 2798 1227 2851 Emanuel
1252 2799 1619 2867 Chrysoloras,
1651 2809 1698 2851 et
1750 2798 2077 2851 Maturarius
2115 2798 2325 2864 ﬂorent.
2361 2796 2459 2848 llic.
2488 2794 2580 2847 lib.
2619 2809 2668 2847 tv
2702 2795 2772 2847 De
2803 2796 3070 2848 historicis
3106 2794 3328 2859 Gra’cis,
3354 2814 3471 2863 cap.

250 2883 319 2937 19
353 2902 367 2936 :
406 2887 556 2937 Anno
600 2886 736 2937 litt)
771 2901 831 2936 ac
858 2884 1098 2951 deinceps
1125 2885 1311 2951 ﬂoruit
1349 2884 1565 2937 Manuel
1601 2883 1975 2953 Chrysoloras.

323 2972 457 3028 VIII.
488 2974 592 3026 Sed
630 2985 855 3040 uterque
888 2973 1107 3041 longius
1136 2988 1165 3025 a
1198 2988 1328 3025 vero
1360 2972 1685 3040 digreditur,
1720 2987 1845 3025 cum
1873 2971 2235 3042 Clirysoloras
2272 2979 2457 3025 noster
2487 2971 2621 3023 adeo
2645 2985 2747 3023 non
2781 2984 2908 3022 ann.
2942 2969 3003 3023 C.
3033 2970 3164 3023 1410
3188 2973 3471 3033 ςιίη-ιιυτιι,

254 3072 317 3118 Ilt
353 3062 539 3115 multis
576 3062 731 3113 annis
764 3072 889 3114 ante
921 3072 1185 3125 mortuus,
1224 3075 1290 3115 ne
1318 3070 1431 3133 tum
1465 3060 1707 3128 quidem,
1730 3074 1851 3112 cum
1887 3058 2128 3112 Joannes
2160 3060 2495 3126 PalteOIOgus
2524 3058 2711 3126 junior
2741 3058 3007 3124 imperare
3045 3059 3231 3126 erepit,
3268 3059 3367 3111 hoc
3395 3069 3477 3111 cst

250 3163 384 3201 alin.
415 3148 478 3200 C.
515 3147 676 3211 1419,
708 3149 761 3199 in
801 3148 940 3199 vivis
973 3146 1245 3200 exstiterit
1285 3147 1469 3201 :sicut
1495 3161 1579 3208 ea,
1618 3162 1739 3214 qua:
1766 3160 1889 3199 mox
1929 3145 2244 3209 sileremus,
2279 3147 2589 3199 ostendent.

320 3234 414 3288 IX.
459 3238 513 3286 In
549 3235 748 3287 litteris
785 3234 946 3286 modo
980 3235 1233 3296 laudatis,
1268 3234 1331 3285 ad
1361 3232 1624 3286 Joannem
1652 3232 2013 3300 PalmoIOgum
2053 3234 2436 3300 imperatorem
2474 3232 2722 3296 scriptis,
2757 3231 3116 3301 Cbrysoloras
3150 3244 3355 3295 noster,
3382 3236 3476 3301 qui

253 3336 378 3377 aute
403 3321 681 3376 biennium
721 3322 773 3373 in
803 3320 1077 3373 Britannia
1110 3319 1342 3373 Londini
1375 3319 1572 3383 fuerat,
1613 3320 1669 3371 in
1700 3319 1830 3371 urbe
1864 3318 2033 3370 llouua
2066 3333 2123 3371 sc
2146 3319 2469 3371 commorari
2503 3329 2751 3372 testatur.
2787 3318 2857 3371 De
2879 3318 3091 3384 quibus,
3120 3320 3316 3386 inquit,
3354 3337 3480 3384 pro-

251 3412 413 3462 lgxius
449 3410 517 3461 ad
545 3418 591 3461 te
617 3409 943 3476 refcrendunt
976 3416 1111 3467 erat,
1146 3407 1337 3473 optime
1361 3411 1664 3471 imperator,
1699 3421 1759 3457 ea
1786 3404 1910 3457 aliis
1950 3405 2142 3458 litteris
2176 3406 2479 3472 perscripsi,
2518 3421 2646 3473 quas
2680 3423 2781 3457 una
2816 3422 2931 3457 cum
2966 3408 3101 3457 hisce
3131 3406 3197 3456 ad
3229 3417 3276 3457 te
3305 3408 3479 3469 per/3.-

255 3511 367 3548 tunt
403 3497 471 3548 iri
502 3505 626 3562 puto
654 3510 670 3546 .'
702 3495 827 3562 quin
864 3495 969 3545 into
1004 3509 1118 3545 cum
1153 3494 1322 3545 multa
1356 3493 1563 3559 quidem
1588 3494 1700 3560 jam
1725 3502 1845 3545 ante
1872 3492 1992 3544 hinc
2026 3496 2092 3544 ad
2125 3480 2183 3544 te
2213 3494 2536 3557 scripserim,
2566 3503 2613 3545 et
2647 3510 2747 3545 non
2777 3509 2946 3558 pauca
2971 3495 3129 3544 etiam
3162 3495 3477 3561 itupcrrintis

257 3589 453 3637 litteris
485 3600 501 3635 :
533 3584 731 3649 placuit
764 3596 942 3635 tamen
966 3583 1072 3634 ha’c
1106 3581 1419 3648 subjungere
1452 3582 1762 3649 voluptatis,
1796 3596 1896 3632 non
1933 3580 2186 3631 utilitatis
2221 3582 2397 3647 gratia
2438 3594 2454 3629 :
2490 3596 2641 3645 quam
2678 3596 2779 3631 non
2829 3574 3073 3647 exiguum
3118 3597 3194 3632 me
3220 3583 3480 3648 percipere

257 3674 449 3734 sentio,
480 3671 604 3722 dum
635 3686 746 3721 mea
773 3671 973 3737 scripta
994 3684 1159 3721 sacra:
1186 3680 1289 3721 tute
1322 3669 1592 3737 majestati
1622 3669 1803 3735 offero.
1831 3671 2104 3722 Materiam
2133 3686 2245 3721 veto
2268 3671 2540 3737 prmsentis
2561 3671 2860 3735 scriptionis
2886 3684 2947 3721 ει
2973 3673 3069 3721 hac
3102 3671 3226 3722 urbe
3246 3673 3479 3738 capiam,

256 3774 412 3825 quam
452 3767 607 3807 antea
640 3756 848 3823 quidem
878 3770 941 3805 ex
970 3754 1195 3806 aliorum
1227 3756 1572 3808 relationibus
1602 3756 1958 3819 admirabar;
1992 3758 2079 3808 sed
2112 3773 2249 3808 nunc
2287 3771 2351 3808 ex
2379 3758 2492 3823 ipsa
2522 3757 2840 3823 inspectione
2866 3758 3030 3809 multo
3052 3774 3163 3809 eam
3187 3758 3353 3827 magis
3381 3759 3480 3808 ad-

263 3844 569 3896 mirandam
594 3842 804 3910 judico,
840 3857 1000 3910 quam
1033 3857 1096 3893 ea:
1134 3841 1223 3903 iis,
1256 3857 1369 3908 quae
1403 3843 1465 3892 de
1494 3841 1587 3893 illa
1625 3853 1935 3906 narrantur,
1972 3842 2286 3908 simpliciter
2318 3844 2511 3911 aliquis
2543 3844 2821 3911 conjiciat.
2857 3843 3060 3896 lbidetn
3104 3853 3224 3910 post
3259 3846 3424 3894 multa
3463 3861 3476 3897 :

264 3932 381 3983 Duo
412 3939 585 3982 autem
620 3929 931 3992 luminaria,
972 3927 1048 3980 vel
1074 3926 1230 3989 soles,
1264 3936 1356 3979 aut
1385 3927 1537 3981 oculos
1574 3929 1798 3996 integros
1838 3929 1931 3982 Dei
1986 3931 2210 3999 gloriam
2241 3941 2571 3992 enarrantes,
2609 3930 2842 3993 Petrunt,
2873 3931 3111 3997 inquam,
3137 3940 3185 3980 et
3229 3928 3480 3990 Paulum,

260 4033 489 4084 quorum
524 4017 757 4085 reliquiae
789 4017 873 4068 hic
896 4017 1010 4068 sita:
1038 4024 1187 4078 sunt,
1217 4026 1265 4067 et
1299 4015 1367 4065 ad
1397 4031 1616 4081 quorum
1645 4028 1981 4069 monumenta
2022 4018 2127 4070 hazc
2158 4017 2351 4078 scribo,
2381 4018 2497 4081 quis
2539 4016 2694 4086 digne
2720 4015 3075 4069 admirabitur
3101 4016 3124 4068 ?
3155 4015 3276 4070 Post
3311 4017 3480 4069 multo

262 4106 525 4175 pauciora
560 4120 574 4160 :
614 4103 678 4157 Et
708 4104 962 4157 memoria
997 4101 1081 4154 hic
1108 4110 1278 4168 repeto
1309 4116 1552 4168 pompam
1594 4114 1641 4155 et
1672 4104 1901 4156 solemne
1936 4103 2151 4170 festum,
2188 4108 2325 4171 quod
2375 4103 2599 4157 Londini
2633 4105 2686 4156 in
2738 4103 3026 4156 Britannia
3085 4104 3249 4170 ipsius
3281 4104 3481 4156 externi

262 4194 431 4246 utaris
466 4191 745 4258 oceanique
775 4189 974 4253 insula,
998 4199 1123 4241 ante
1152 4189 1440 4255 biennium,
1470 4205 1549 4242 me
1576 4206 1636 4243 ac
1663 4192 1913 4243 comitatu
1939 4206 2047 4243 meo
2078 4201 2332 4258 prasente
2353 4202 2402 4246 et
2429 4201 2713 4260 spectante,
2740 4191 2804 4244 ab
2834 4192 2947 4260 ejus
2981 4191 3084 4243 loci
3122 4191 3311 4243 incolis
3338 4190 3484 4242 hisce

264 4279 519 4346 apostolis
550 4278 935 4331 celebrabatur.
2234 4322 2237 4325 λ

340 4367 410 4421 Χ.
489 4366 542 4421 lu
582 4367 791 4420 Italiam
827 4382 959 4422 vero
979 4366 1341 4437 Cbrysoloras
1375 4374 1584 4433 noster,
1634 4366 1702 4420 ab
1733 4367 2059 4435 imperatore
2096 4362 2304 4418 Joanne
2337 4362 2636 4431 Palzeologo
2667 4362 2735 4416 de
2763 4360 3158 4430 conquirendis
3216 4359 3479 4413 adversus

266 4457 481 4508 Turcas
513 4454 731 4508 auxiliis
758 4454 822 4509 ad
852 4454 1079 4523 populos
1108 4454 1337 4522 Europa:
1368 4455 1587 4513 missus.
1624 4455 1773 4509 venit
1809 4493 1823 4517 ,
1858 4461 1918 4506 ut
1972 4450 2169 4504 Paulus
2222 4448 2412 4504 Jovius
2445 4448 2497 4501 in
2527 4448 2815 4502 doctorum
2864 4450 3106 4499 virorum
3140 4446 3333 4515 elogiis
3366 4460 3485 4512 cap.

264 4546 337 4599 25
369 4544 593 4598 iudicat.
639 4541 696 4596 Is
730 4543 1018 4614 [Etuanuel
1049 4540 1461 4613 Cbrysoloras],
1492 4543 1590 4606 ait,
1620 4541 1880 4611 Byzantio
1910 4540 2182 4593 emissusa
2209 4536 2416 4590 Joanne
2440 4536 2776 4603 imperatore,
2809 4544 2861 4585 ut
2898 4534 3059 4585 totius
3092 4531 3316 4597 Europa:
3344 4548 3484 4600 reges

266 4632 539 4695 adeundo,
573 4632 813 4700 pereunti
849 4630 1067 4684 Grcecia:
1106 4640 1371 4681 maturam
1408 4644 1555 4695 opem
1581 4630 1912 4696 imploraret.

339 4720 431 4772 XI.
473 4718 667 4772 Sedem
705 4719 758 4771 in
794 4718 943 4771 Italia
967 4718 1185 4771 sibimet
1210 4716 1475 4786 ﬁgendam
1507 4731 1627 4770 esse
1654 4725 1827 4777 ratus,
1859 4717 2070 4769 litteras
2092 4713 2314 4769 Griecas
2337 4710 2694 4781 septingentis
2721 4710 2881 4764 anuis
2912 4709 3210 4776 neglectis,
3250 4708 3486 4775 primum

268 4805 535 4867 chetiis,
572 4820 690 4858 mox
727 4805 1037 4866 Florentiae,
1065 4812 1252 4871 postea
1294 4802 1501 4863 Romae,
1535 4802 1755 4855 tandem
1787 4801 1962 4856 Ticini
1998 4800 2224 4856 docebat
2258 4818 2273 4854 :
2306 4797 2646 4851 Leonardum
2680 4794 2922 4847 Bruuum
2984 4794 3291 4856 Aretinum,
3323 4790 3490 4844 Fran-

271 4897 478 4948 ciscum
503 4892 827 4955 Barbarum,
856 4892 1211 4945 Franciseum
1235 4889 1602 4958 Pbilelpbum,
1633 4889 1929 4957 Baptistam
1951 4888 2278 4950 Guarinum,
2304 4884 2569 4939 Joannem
2598 4881 2949 4934 Franciscum
2978 4879 3239 4947 Poggium
3270 4888 3322 4930 et
3352 4879 3495 4932 alios

274 4981 508 5036 babebat
539 4980 854 5047 discipulos.
881 4978 1119 5033 Joannes
1156 4977 1482 5032 Franciscus
1511 4976 1741 5046 Poggius
1777 4978 1830 5030 in
1860 4976 2208 5046 Cbrysolorae
2238 4973 2411 5027 nostri
2441 4972 2713 5024 tumulum
2747 4985 2760 5020 :

560 5092 661 5147 Hic
686 5104 761 5146 est
793 5093 1052 5147 Emanuel
1081 5095 1236 5160 situs,
2115 5090 2458 5160 Atticmante
2492 5084 2793 5160 reconditas.

554 5162 822 5216 Sermonis
859 5164 1015 5217 decus
1047 5155 1232 5227 Attici,
2116 5159 2213 5227 Res
2245 5157 2374 5227 belle
2397 5156 2588 5227 cecidit
2614 5155 2721 5227 tuis

557 5231 680 5297 Qui,
722 5235 845 5286 dum
877 5249 1108 5303 quererere
1136 5224 1279 5299 opem
1310 5233 1499 5303 patrii:
2124 5226 2290 5303 Yotis,
2320 5225 2595 5303 Eiitanuel,
2620 5224 2731 5303 solo

553 5292 761 5371 directa:
790 5292 982 5363 studet,
1008 5302 1107 5354 huc
1139 5292 1219 5355 iit.
1310 5292 1321 5303 ’
2113 5296 2507 5371 Cloitsecutusin
2546 5292 2685 5345 Italo

557 5362 656 5426 R'é;
690 5371 819 5424 belle
854 5373 1034 5424 cecidit
1063 5374 1166 5425 tuis
2113 5364 2393 5418 .Eternum
2419 5363 2574 5415 decus
2604 5379 2677 5417 es.
2702 5362 2795 5414 tibi

570 5442 735 5504 Votis,
765 5441 972 5501 Italia;
998 5443 1081 5493 hic
1118 5444 1214 5494 tibi
2116 5435 2288 5501 Quale
2325 5432 2528 5486 Gra'cia
2550 5448 2659 5504 _non
2690 5432 2855 5493 dedit,

554 5499 771 5580 Linguae
804 5499 1028 5565 restituit
1059 5513 1214 5565 decus
2118 5499 2212 5558 Bel

1101 5528 1214 5565 ecus
2118 5499 2265 5558 Bello
2295 5504 2503 5571 perdita
2537 5499 2760 5554 Cra-cia.

351 5622 673 5679 Leonardus
711 5621 922 5675 Brunus
955 5623 1212 5677 Aretinus
1243 5622 1295 5675 in
1333 5622 1575 5677 Historia
1604 5640 1778 5677 rerum
1820 5621 2134 5674 Italicarum
2161 5616 2244 5671 sui
2272 5614 2531 5682 temporis
2572 5633 2584 5667 :
2615 5612 2828 5665 Litterae
2848 5625 3048 5679 quoque
3079 5624 3167 5676 per
3197 5608 3353 5676 hujus
3377 5607 3501 5659 belli

282 5710 727 5779 intercapedines.
760 5710 1005 5763 mirabile
1033 5723 1284 5776 quantum
1312 5728 1403 5779 per
1431 5711 1645 5765 Italiam
1678 5711 1957 5768 increvere,
1985 5706 2261 5759 accedente
2286 5714 2409 5755 tunc
2440 5703 2664 5768 primum
2702 5700 2994 5769 cognitione
3031 5698 3331 5750 litterarum
3355 5694 3502 5748 (ira:-

281 5813 485 5859 curum,
524 5812 639 5867 qua:
670 5797 1008 5867 septingentis
1044 5799 1161 5867 jam
1191 5800 1341 5853 annis
1376 5801 1515 5869 apud
1543 5809 1743 5852 nostros
1768 5797 1999 5850 homines
2033 5794 2300 5848 desierunt
2330 5806 2437 5844 esse
2463 5790 2513 5843 in
2546 5806 2662 5844 usu.
2695 5787 2893 5841 Retulit
2926 5796 3097 5840 autem
3126 5783 3361 5838 Gra'cain
3385 5783 3498 5836 dis-
