4202 6444
758 427 827 493 19
1922 431 2329 493 MANUELIS
2354 432 2417 491 CI

2315 432 2887 495 ιςΗΒγεοιΟΒίΕ
3905 442 3974 501 20

748 546 1001 613 ciplinam
1031 546 1100 599 ad
1134 562 1225 599 nos
1252 544 1599 615 Cltrysoloras
1626 546 1942 615 Byzantius,
1977 550 2055 602 vir
2076 550 2219 603 domi
2250 550 2461 613 nobilis,
2494 568 2555 603 ac
2585 550 2883 603 litterarum
2908 548 3210 603 Gra'carum
3232 550 3603 616 peritissimus.
3647 549 3742 602 Hic
3763 552 3969 604 obsessa

748 652 779 683 ιι
811 632 989 685 Turcis
1020 634 1224 701 patria,
1274 631 1504 685 Venetias
1546 634 1680 684 mari
1709 634 1917 684 delatus
1950 635 2142 699 primo.
2187 650 2310 686 mox
2359 638 2545 688 audita
2593 640 2707 703 ejus
2744 638 2912 691 lania.
2944 640 3195 689 int-italus
3231 638 3446 704 benigne
3497 652 3557 687 ac
3592 638 3911 703 postulatus,
3946 654 3973 689 e

749 718 951 771 salario
989 720 1200 786 publico
1234 719 1455 785 a/fectus
1491 716 1819 771 Florentium
1854 723 2016 781 venit,
2049 722 2133 772 sui
2167 722 2371 787 copiam
2400 723 2679 791 juvenibus
2740 722 3091 775 exitibiturus.
3135 720 3245 790 Ego
3268 738 3358 789 per
3384 722 3437 773 id
3464 732 3663 790 tempus
3686 723 3803 790 juri
3830 724 3973 777 ciuili

748 822 962 871 operam
994 807 1209 864 dabam.
1244 823 1345 858 non
1374 806 1519 859 rudis
1553 818 1727 859 tamen
1761 818 2072 861 cwterorum
2110 808 2429 862 studiorum.
2469 808 2611 861 Nam
2647 821 2695 861 et
2724 820 2914 861 natura
2938 808 3233 877 ﬂagrabant
3268 808 3669 876 disciplinarum
3694 826 3893 867 amore.
3920 819 3971 862 et

746 892 1042 947 dialecticis
1079 910 1140 944 ac
1178 894 1473 945 rhetoribus
1505 910 1607 945 non
1638 910 1841 962 segnem
1871 909 2079 960 cperant
2105 895 2487 962 impenderam.
2520 893 2705 962 Itaque
2750 896 2805 947 in
2838 896 3060 947 adventu
3087 892 3423 962 Chrysolorte
3446 909 3633 961 anceps
3658 896 3863 961 quidem
3890 895 3973 962 fa-

746 989 861 1031 ctus
884 996 1024 1040 sum,
1052 998 1169 1033 cum
1200 991 1248 1032 et
1276 983 1511 1034 studium
1535 984 1679 1051 juris
1711 986 1948 1035 deserere
1994 984 2321 1052 ﬂagitiosum
2353 984 2623 1047 ducerem,
2659 992 2706 1035 et
2744 990 2946 1035 tantam
2984 982 3311 1034 occasionem
3344 981 3641 1033 litterarum
3668 981 3971 1035 Cra'caruus

745 1066 1145 1119 ediscendarum
1186 1070 1589 1134 prtetermittere
1623 1070 1790 1122 scelus
1833 1070 2217 1139 quodammodo
2267 1070 2580 1123 arbitrarer.
2620 1069 2821 1122 Ibidem
2873 1068 3035 1136 paulo
3076 1076 3243 1137 post:
3290 1067 3389 1122 His
3428 1070 3636 1120 tandem
3677 1068 3971 1120 rationibus

743 1164 1092 1222 expugnatus.
1130 1156 1462 1225 Chrysa/ora
1501 1174 1579 1209 me
1605 1150 1824 1221 tradidi,
1865 1168 2014 1211 tanto
2037 1158 2273 1212 discendi
2300 1156 2510 1217 ardore,
2544 1166 2601 1208 ut
2632 1172 2748 1223 quae
2778 1170 2869 1223 per
2894 1157 3031 1207 diem
3062 1155 3287 1222 uigilans
3313 1156 3673 1222 percepissem,
3709 1170 3771 1205 ea
3815 1165 3973 1207 noctu

743 1253 946 1306 quoque
984 1240 1250 1293 dormiens
1280 1244 1561 1308 agitarem.
1594 1243 1791 1295 lterum
1831 1246 2022 1311 paucis
2055 1245 2432 1312 interpositis:
2484 1244 2651 1311 Apud.
2688 1244 2825 1295 hunc
2860 1259 2953 1311 ego
3001 1244 3320 1311 magistrum
3354 1258 3515 1310 supra
3566 1242 3833 1295 biennium
3864 1243 3969 1309 fui,

742 1325 1020 1377 institutus
1043 1343 1170 1379 sane
1205 1328 1477 1394 probabili
1513 1338 1669 1391 atque
1700 1331 1897 1393 optima
1933 1330 2238 1397 disciplina.
2281 1332 2481 1385 Paulus
2509 1330 2699 1386 Jovius
2735 1332 2787 1383 in
2820 1332 3105 1385 doctorum
3153 1330 3390 1382 virorum
3446 1328 3663 1396 elogiis,
3694 1344 3813 1395 cap.
3844 1329 3913 1383 23
3952 1346 3967 1382 :

753 1406 977 1463 Venetiis
1011 1413 1261 1476 primum,
1296 1423 1343 1465 et
1375 1429 1500 1467 mox
1532 1413 1820 1467 Florentia:
1878 1414 2157 1483 Romteque
2192 1432 2253 1468 ac
2286 1416 2498 1471 demum
2532 1417 2721 1482 Ticini,
2750 1426 2995 1471 evocante
3022 1415 3231 1469 Joanne
3254 1413 3497 1469 Galeatio
3528 1416 3783 1483 principe,
3813 1413 3970 1468 Cra:-

742 1510 923 1546 curum
954 1497 1253 1549 litterarum
1283 1501 1518 1551 studium
1555 1502 1825 1562 excitavit,
1863 1512 2009 1553 tanta
2035 1502 2318 1567 felicitate,
2352 1516 2408 1556 ut
2448 1520 2511 1557 ea:
2536 1506 2650 1572 ejus
2681 1504 2861 1555 schola
2892 1519 3134 1564 summa,
3172 1517 3264 1553 nec
3300 1501 3417 1552 ideo
3461 1500 3755 1554 interitura:
3788 1500 3969 1553 laudis

740 1584 951 1650 ingenia
1001 1587 1336 1652 prodierint;
1380 1596 1439 1639 ut
1480 1590 1625 1658 queis
1657 1590 1802 1657 [uere
1849 1590 2159 1643 Leonardus
2212 1592 2479 1651 Aretmus,
2538 1590 2855 1643 Frauciscus
2886 1588 3181 1652 Barbarus,
3230 1586 3562 1655 Pitilelpltus,
3607 1586 3877 1647 Guarinus
3919 1598 3969 1638 et

740 1668 996 1737 Poggius.

785 1762 928 1819 'XII.
971 1766 1230 1834 Tempus,
1260 1783 1368 1836 quo
1385 1770 1747 1840 Chrysoloras
1772 1782 1960 1828 noster
1990 1774 2041 1826 in
2066 1773 2219 1828 Italia
2253 1775 2468 1831 litteras
2488 1774 2708 1829 Graecas
2734 1771 2978 1839 proﬁteri
3007 1771 3255 1836 emperit.
3294 1782 3401 1823 non
3431 1772 3690 1825 distincte
3714 1771 3967 1839 quidem,

739 1865 972 1907 attamen
1003 1856 1267 1921 indicant,
1298 1860 1387 1927 qui
1420 1862 1523 1914 sub
1554 1861 1844 1917 Bonifacio
1870 1863 1935 1916 IX
1977 1862 2046 1934 [is
2076 1864 2381 1918 Romanum
2428 1858 2805 1930 pontificatum
2835 1870 2979 1932 anno
3010 1856 3213 1910 Christi
3244 1856 3379 1910 I389
3402 1867 3614 1915 nat-tus.
3645 1873 3791 1912 anno
3810 1856 3971 1911 Chri-

738 1942 807 1994 sti
845 1942 981 1995 1491
1016 1954 1241 1997 mortem
1268 1946 1424 2016 obiit]
1458 1965 1574 2000 eam
1607 1964 1719 2003 rem
1756 1953 2038 2018 accepisse
2071 1953 2314 2004 tradunt.
2348 1949 2493 2003 Inter
2522 1948 2620 2000 bos
2657 1944 2898 2013 Baptista
2926 1943 3145 1997 Platina
3201 1943 3253 1995 in
3294 1942 3558 1997 Benil'acii
3615 1942 3684 1995 IX
3717 1944 3824 1996 vita
3855 1960 3869 1995 :
3900 1940 3970 1995 In

740 2030 907 2080 tantis
940 2038 1119 2081 autem
1152 2032 1328 2092 malis,
1363 2033 1552 2099 quibus
1596 2037 1861 2101 provincia
1889 2047 2070 2090 nostra
2127 2037 2504 2106 afﬂictabatur,
2542 2049 2703 2085 unum
2738 2040 2911 2084 tamen
2945 2031 3135 2081 bonum
3170 2031 3224 2081 in
3274 2027 3493 2082 Italiant
3528 2032 3799 2083 advectum
3858 2040 3963 2083 est.

737 2115 821 2167 Ad
858 2132 951 2169 nos
988 2116 1126 2167 enim
1152 2114 1501 2185 Chrysoloras
1538 2120 1835 2188 Byzantius
1866 2123 2073 2176 litteras
2111 2122 2325 2177 ercas
2353 2123 2558 2183 attulit,
2593 2136 2711 2189 qua:
2737 2120 2895 2171 annis
2920 2118 3033 2186 jam
3064 2118 3362 2185 quingentis
3402 2116 3517 2188 [alii
3568 2117 3964 2185 septingentis]

738 2204 792 2253 in
819 2200 945 2254 Itali
970 2205 1354 2257 conticuerunt.
1399 2203 1537 2259 Hinc
1568 2207 1767 2260 Grtrca:
1797 2206 2105 2277 Latineque
2129 2210 2321 2278 lingute
2349 2210 2537 2263 scholae
2561 2218 2759 2261 exortae
2807 2216 2949 2262 sunt.
3000 2204 3242 2271 Raphael
3298 2204 3519 2258 Mull‘eus
3573 2204 3963 2259 Volaterranus

738 2291 1272 2344 Canum-Marianum
1314 2294 1408 2347 lib.
1446 2310 1533 2347 ut
1562 2312 1576 2348 :
1620 2294 1731 2351 Hos
1766 2294 1952 2367 [Italos
1980 2314 2073 2366 per
2100 2297 2362 2353 Joannem
2396 2294 2796 2363 Ravennatem]
2825 2296 2896 2345 ita
2916 2293 3033 2361 jam
3062 2291 3268 2344 Latinis
3302 2289 3531 2359 legitime
3562 2290 3760 2343 litteris
3786 2292 3964 2343 imbu-

740 2388 815 2423 tm
854 2375 1107 2429 Emanuel
1131 2378 1474 2447 Chrysoloras
1500 2381 1678 2435 schola
1714 2400 1899 2437 rursus
1924 2388 2146 2453 excepit,
2180 2387 2269 2453 qui
2296 2393 2582 2455 prtereptor
2612 2382 2809 2436 Crtvra:
2836 2383 3031 2448 lingua:
3060 2377 3350 2448 Byzantius
3376 2394 3586 2446 genere,
3612 2378 3704 2431 sub
3741 2377 3966 2446 Bonifa-

737 2464 816 2517 rio
853 2463 934 2519 IX
970 2469 1024 2518 in
1053 2464 1275 2521 Italiam
1306 2479 1536 2534 uenerat,
1566 2472 1903 2543 primumque
1954 2473 2206 2538 Venetiis,
2233 2475 2418 2527 deinde
2454 2472 2741 2524 b'lorcntitc
2772 2471 2975 2521 docuit.

808 2575 951 2631 XIII.
981 2577 1376 2646 Quamobrem,
1411 2595 1535 2635 cum
1576 2580 1821 2638 Joannes
1867 2585 2207 2655 Palzeologus
2235 2585 2442 2645 senior,
2467 2584 2519 2637 id
2550 2591 2656 2644 est.
2687 2580 2979 2636 Andronici
3015 2579 3299 2647 Palasologi
3329 2579 3571 2646 jnnioris
3601 2580 3765 2643 Illius,
3810 2593 3961 2633 anno

733 2664 936 2719 Christi
973 2666 1112 2721 I389
1141 2668 1455 2737 Byzantinis
1485 2669 1859 2737 imperaverit.
1886 2688 2047 2736 quem
2083 2688 2211 2726 ann.
2245 2672 2307 2725 C.
2334 2670 2461 2725 1591
2497 2666 2767 2724 mortuum
2792 2667 3105 2734 ειη-ουσιαιιὶ
3141 2667 3394 2722 meliores
3420 2667 3642 2722 tradunt
3666 2708 3681 2730 ,
3714 2666 3847 2721 nihil
3874 2680 3962 2719 re-

738 2762 943 2819 pugnat
969 2754 1347 2824 cbronologia,
1377 2756 1671 2823 quominus
1693 2756 2049 2829 Chrysoloras
2080 2768 2263 2814 noster
2295 2774 2323 2811 a
2350 2757 2559 2812 Joanne
2582 2756 2884 2826 Palmologo
2908 2754 3123 2809 seniore
3148 2755 3438 2821 postremis
3464 2755 3563 2809 aevi
3595 2755 3677 2809 sui
3700 2753 3963 2821 tempori-

734 2839 837 2892 bus
862 2840 913 2892 in
945 2836 1290 2895 Occidentem
1318 2841 1383 2896 ad
1410 2842 1634 2910 auxilia,
1661 2858 1781 2913 qua
1815 2843 2010 2900 Turcis
2042 2853 2468 2915 apponerentur,
2501 2843 2806 2915 expetenda
2834 2843 3061 2907 missus,
3094 2841 3148 2897 in
3180 2840 3391 2897 Italiam
3438 2843 3542 2898 sub
3575 2840 3856 2896 Bonifacio
3888 2837 3961 2893 IX

733 2926 924 2981 venire
956 2929 1217 2997 potuerit.

807 3037 950 3092 XIV.
1017 3039 1235 3096 Annum
1268 3056 1426 3110 sane,
1456 3057 1569 3113 quo
1595 3044 1814 3102 Graecas
1839 3046 2054 3101 litteras
2090 3046 2144 3101 iu
2178 3046 2388 3101 Italiam
2422 3046 2787 3117 Cbrysoloras
2813 3043 3021 3109 retulit,
3052 3041 3315 3097 Bonifacii
3353 3041 3426 3097 IX
3475 3041 3715 3111 primum
3770 3039 3946 3095 fuisse

736 3124 937 3179 I‘anlus
970 3126 1202 3198 Langius
1231 3131 1283 3183 in
1316 3129 1579 3185 Chronico
1605 3131 1856 3187 Citicensi
1879 3135 2092 3197 statuit,
2118 3150 2240 3188 cum
2276 3135 2344 3189 ad
2375 3150 2503 3188 ann.
2531 3134 2593 3187 C.
2630 3132 2765 3187 I389
2793 3130 2987 3187 scribit
3018 3146 3034 3183 :
3069 3127 3266 3182 Eodem
3296 3145 3435 3182 anno
3470 3127 3820 3200 Cbrysoloras
3848 3128 3959 3197 By-

734 3220 978 3274 zantinus
1005 3221 1339 3289 disciplinam
1377 3222 1686 3278 Graecarum
1726 3225 2029 3281 litterarum
2054 3227 2110 3279 in
2146 3223 2365 3279 Italiam
2404 3221 2610 3283 retulit,
2636 3236 2754 3288 qua:
2787 3234 2881 3289 per
2910 3218 3265 3287 septingentos
3284 3216 3400 3282 jam
3434 3232 3602 3270 annos
3631 3215 3775 3282 apud
3803 3231 3954 3269 eam-

731 3306 848 3357 dem
886 3307 939 3359 in
968 3323 1068 3361 usu
1100 3324 1201 3361 non
1228 3311 1465 3375 fuerunt.

804 3418 918 3475 XV.
960 3421 1203 3487 Accedit,
1231 3422 1379 3491 quod
1403 3424 1625 3479 obsessa
1656 3439 1755 3493 per
1783 3423 1999 3478 Turcas
2027 3424 2203 3493 Cpoli,
2241 3434 2421 3479 terras
2449 3422 2669 3477 Italicas
2727 3420 3022 3473 intravisse
3054 3418 3441 3487 Chrysoloram
3491 3426 3762 3476 nostrum.
3816 3431 3958 3485 prae-

731 3516 1007 3573 ceptorem
1042 3524 1201 3563 suum
1236 3509 1555 3566 Leonardus
1593 3511 1809 3566 Brunus
1839 3512 2107 3566 Aretinus
2153 3513 2205 3565 In
2242 3510 2485 3565 Historia
2521 3525 2699 3562 rerum
2731 3506 3050 3560 Italicarum
3091 3506 3175 3559 sui
3214 3503 3477 3572 temporis
3512 3512 3714 3567 narret,
3750 3503 3845 3558 ubi
3884 3505 3956 3558 de

734 3596 899 3649 rebus
924 3604 1049 3650 ante
1082 3612 1287 3651 animm
1313 3598 1520 3653 Christi
1556 3600 1693 3653 I400
1726 3601 1896 3669 gestis
1926 3602 2036 3669 agit
2066 3616 2082 3656 :
2124 3613 2286 3668 quem
2327 3600 2505 3652 locum
2537 3594 2564 3666 ᾗ
2604 3595 2661 3648 11
2718 3594 3097 3664 produximus.
3135 3590 3298 3644 Certe
3334 3589 3615 3659 Bajazetes
3644 3589 3950 3643 Turcarum

733 3683 989 3750 princeps
1017 3683 1207 3751 Cpolin
1243 3700 1336 3751 per
1365 3686 1636 3754 integrum
1673 3686 2002 3740 decennium
2041 3683 2423 3739 obsidionibus
2468 3682 2705 3743 vexavit,
2740 3694 2975 3748 quarum
3010 3678 3225 3731 initium
3271 3676 3540 3746 Georgius
3577 3676 3826 3731 Pbranza
3859 3691 3951 3729 re-

733 3772 839 3820 t'ert
868 3768 933 3819 ad
963 3783 1166 3822 annum
1210 3770 1393 3824 mundi
1427 3769 1674 3825 Graecum
1707 3771 1868 3836 6900,
1902 3772 1955 3825 in
1988 3787 2148 3840 quem
2183 3771 2309 3824 anni
2348 3769 2673 3829 Christiani,
2703 3779 2753 3820 et
2788 3767 2917 3819 I39I
2957 3765 3160 3826 exitus,
3196 3772 3252 3817 et
3282 3764 3421 3819 I392
3450 3764 3778 3832 principium
3812 3762 3953 3815 inci-

730 3853 829 3905 dit.
864 3853 930 3907 At
963 3856 1124 3920 enim,
1165 3857 1241 3909 ait
1272 3856 1365 3911 lib.
1402 3872 1419 3910 ι
1449 3857 1730 3923 Chronici,
1763 3873 1883 3927 cap.
1920 3859 2007 3921 19,
2034 3858 2329 3927 interprete
2353 3854 2556 3909 Iacobo
2590 3856 2861 3914 Pontano,
2898 3854 3099 3917 videns,
3130 3850 3461 3923 [Bajazetes]
3499 3849 3795 3904 Manuelem
3822 3848 3953 3920 [Pa-

734 3938 1037 4007 Iacologunt,
1073 3957 1232 4010 quem
1268 3941 1502 3998 Joannes
1538 3943 1871 4015 Palaaologus
1898 3946 2085 4000 multis
2113 3955 2238 3998 ante
2265 3956 2494 3998 mortem
2525 3956 2679 3997 suam
2716 3939 2876 3993 annis
2899 3954 3282 3993 successorem
3312 3937 3713 4007 designaverat,
3741 3947 3953 3991 mortu-

733 4041 905 4096 usque
935 4043 1308 4101 successorem
1343 4029 1554 4101 habuit]
1586 4044 1909 4098 murosque
1960 4034 2248 4100 principes,
2276 4035 2339 4086 de
2371 4031 2560 4101 quibus
2589 4045 2770 4097 supra,
2804 4028 3067 4081 conventis
3097 4042 3197 4079 non
3232 4027 3458 4089 stetisse,
3496 4037 3550 4077 ut
3590 4042 3643 4079 se
3665 4040 3950 4093 sequeren-

730 4124 837 4178 tur,
876 4124 923 4167 et
962 4116 1147 4170 doctus
1175 4117 1241 4170 de
1272 4121 1533 4183 omnibus,
1562 4135 1678 4186 quis
1713 4120 1962 4173 adversus
1990 4136 2047 4173 se
2078 4119 2481 4181 deliberassent,
2514 4117 2705 4169 bellum
2741 4132 2895 4183 graue
2920 4114 3116 4167 indixit
3149 4127 3168 4165 :
3194 4123 3243 4166 et
3276 4129 3415 4166 anno
3446 4113 3630 4165 mundi
3660 4111 3799 4166 6900
3825 4112 3950 4165 urbi

733 4212 873 4254 terra
899 4205 1157 4267 marique,
1191 4205 1463 4259 obsidione
1485 4208 1722 4269 admota,
1758 4209 2073 4259 omnimodis
2098 4222 2210 4259 eam
2248 4208 2402 4272 longo
2443 4214 2670 4269 tempore
2706 4203 3044 4270 oppugnavit.
3090 4200 3224 4253 Cum
3256 4217 3315 4253 eo
3348 4217 3466 4253 cum
3495 4201 3732 4253 exercitu
3765 4216 3949 4268 perge-

731 4299 829 4352 ret,
867 4298 1061 4343 terram
1090 4290 1441 4361 Byzantinam
1470 4293 1807 4361 singulasque
1833 4294 2061 4362 regiones
2092 4293 2400 4361 grauissima
2434 4290 2679 4342 vastitate
2708 4290 2912 4356 afﬂixit,
2942 4288 3345 4355 suburbauaque
3389 4289 3567 4340 omnia
3595 4287 3837 4355 diripuit.
3879 4285 3949 4337 Et

728 4377 975 4443 quoniam
1015 4378 1157 4431 urbis
1180 4381 1497 4448 oppugnatio
1526 4396 1713 4448 parum
1736 4380 2065 4447 procedebat,
2102 4395 2335 4433 reversus
2360 4386 2437 4432 est
2467 4381 2702 4440 domum,
2723 4376 3049 4445 singulisque
3074 4377 3225 4429 annis
3254 4376 3397 4428 misit
3422 4376 3682 4428 exercitus
3712 4374 3948 4427 obsidio-

730 4480 947 4529 nemque
980 4466 1128 4517 illam
1159 4474 1265 4519 toto
1288 4466 1537 4520 decennio
1576 4469 1926 4521 continuauit.

801 4566 938 4622 XVI.
976 4568 1115 4634 Quin
1144 4570 1254 4624 imo
1282 4571 1465 4640 plures
1495 4572 1812 4641 scriptores.
1836 4586 2151 4641 quanquam
2195 4571 2445 4635 diversis,
2475 4580 2654 4625 tamen
2690 4570 2759 4625 iis
2811 4570 2992 4636 annis,
3047 4569 3250 4637 quibus
3300 4570 3615 4625 Bonifacius
3665 4572 3733 4626 IK
3786 4574 3943 4638 vixit,

727 4654 1074 4725 Chrysalum
1106 4658 1278 4711 nostri
1304 4658 1390 4712 vel
1422 4660 1717 4712 adventum
1755 4662 1807 4712 in
1848 4658 2083 4725 Italiam,
2121 4658 2202 4711 vel
2229 4660 2522 4712 excitatam
2553 4658 2605 4710 in
2636 4672 2699 4710 ea
2734 4657 2976 4710 scholam
3010 4656 3251 4711 Graecam
3283 4657 3590 4713 ascribunt.
3644 4658 3815 4727 Ilnjns
3843 4662 3947 4712 ini-

729 4742 863 4795 tium
903 4743 969 4797 ad
1000 4759 1201 4798 annum
1233 4744 1433 4800 Christi
1460 4745 1596 4800 I397
1638 4746 1800 4799 refert
1827 4743 2067 4799 Joannes
2093 4743 2407 4799 ansiensis
2436 4742 2531 4814 [ita
2566 4750 2791 4795 vocatur
2820 4758 2849 4795 a
2882 4742 3178 4797 Melchiore
3229 4743 3491 4798 Goldasto
3521 4744 3573 4797 in
3603 4758 3945 4799 commenta-

726 4830 823 4884 riis
841 4832 904 4883 de
929 4831 1207 4895 Bnhemia,
1233 4833 1326 4886 lib.
1346 4848 1418 4893 Iv.
1435 4848 1557 4902 cap.
1587 4834 1638 4898 ι,
1663 4831 1689 4903 ς
1712 4832 1801 4904 55]
1827 4834 1879 4886 in
1898 4848 2093 4901 magno
2113 4833 2383 4887 Chronico
2407 4828 2815 4897 Belgico:Anno
2842 4826 3208 4899 [millesimum
3242 4832 3677 4884 trecentesimum
3705 4846 3943 4899 nonage-

726 4917 925 4971 simum
996 4917 1233 4991 sestum]
1273 4921 1505 4988 sequenti
1532 4917 1877 4986 Cbrysoloras
1904 4918 2197 4989 Byzantius
2225 4916 2563 4984 disciplinant
2596 4914 2903 4970 Cra-carum
2933 4914 3233 4968 litterarum
3267 4918 3318 4968 in
3346 4916 3569 4970 Italiam
3596 4918 3795 4982 retulit,
3827 4935 3944 4988 qua:

728 5020 817 5071 per
846 5006 1200 5073 septingentos
1217 5005 1334 5073 jam
1363 5022 1528 5058 annos
1560 5006 1701 5070 apud
1728 5017 1933 5060 nostros
1960 5010 2193 5059 homines
2222 5008 2274 5060 in
2310 5019 2407 5056 usu
2440 5019 2544 5055 non
2575 5002 2885 5056 habebatur.
2919 5000 3018 5055 Cui
3050 5005 3336 5057 sententia:
3394 5005 3689 5058 subscribit
3740 5004 3942 5060 Sethus

723 5090 997 5144 Calvisius
1024 5094 1082 5145 in
1111 5107 1274 5160 opere
1300 5091 1685 5156 cbronologiCo
1713 5094 1777 5145 ad
1807 5108 1939 5146 ann.
1970 5092 2033 5147 C.
2075 5094 2231 5147 I397.
2270 5093 2348 5146 Ad
2380 5106 2583 5144 annum
2614 5091 2816 5144 Christi
2852 5090 2990 5144 I398
3026 5092 3193 5146 refert
3246 5090 3483 5145 Jacobus
3516 5090 3798 5160 Philippus
3832 5091 3939 5143 Fo-

723 5188 902 5231 restns
941 5178 1237 5245 Ilergmnas
1261 5181 1313 5231 in
1346 5178 1745 5233 Chronicorum
1786 5178 2179 5249 Supplementa
2209 5181 2274 5233 ad
2302 5181 2444 5235 hunc
2476 5195 2675 5234 annnm
2703 5198 2715 5233 :
2752 5179 3011 5234 Emanuel
3044 5181 3415 5252 Clirysoloras,
3457 5183 3666 5233 natione
3698 5180 3937 5247 σταται,

723 5266 897 5332 patria
930 5265 1285 5335 Byzantinus,
1311 5268 1389 5319 vir
1426 5268 1569 5319 domi
1612 5267 1823 5331 nobilis,
1850 5270 1940 5323 sed
1975 5271 2116 5321 omni
2154 5269 2390 5320 doctrina
2422 5278 2467 5319 et
2501 5270 2689 5321 virtute
2722 5269 2948 5322 nobilior
2980 5281 3136 5338 atque
3160 5272 3489 5338 prtt'clariot',
3520 5270 3703 5321 iisdem
3734 5278 3935 5337 tempo-

723 5353 869 5406 ribus
910 5351 1497 5419 Constantinopolitano
1522 5357 1694 5407 urbea
1728 5354 1906 5408 Turcis
1944 5357 2221 5408 durissime
2243 5364 2425 5407 vexata
2457 5363 2504 5406 et
2532 5356 2762 5419 obsessa,
2802 5372 2863 5408 ex
2881 5374 2940 5409 ea
2965 5360 3264 5425 profugiens
3301 5356 3536 5409 Venetias
3558 5358 3712 5419 venit,
3740 5366 3786 5408 et
3819 5367 3939 5408 tan-

727 5456 883 5507 quam
915 5442 1303 5493 eruditissimus
1338 5441 1527 5493 doctor
1556 5444 1763 5494 litteras
1797 5442 2009 5495 Cra'cas
2046 5444 2233 5495 ibidem
2281 5444 2461 5495 docere
2486 5444 2655 5509 coepit.
2688 5444 2763 5496 Ad
2807 5458 3006 5497 annum
3045 5444 3247 5497 Christi
3292 5445 3427 5498 I399
3457 5446 3619 5496 refe-rt
3650 5443 3936 5499 Mattltzeus

725 5526 1027 5580 I’altncrins
1057 5525 1427 5590 Florentinus,
1468 5528 1767 5581 Eusebiani
1801 5530 2055 5583 CbrOnici
2091 5534 2457 5587 Continuator.
2507 5531 2570 5580 ad
2605 5531 2748 5583 hunc
2783 5546 2980 5583 annum
3020 5550 3030 5582 :
3065 5530 3414 5599 Chrysolorus
3448 5530 3737 5599 Byzantius
3766 5532 3931 5582 disci-

720 5613 922 5677 plinam
942 5612 1245 5664 (lrwcarum
1268 5614 1559 5666 litterarum
1590 5616 1641 5667 in
1665 5615 1877 5669 Italiam
1910 5618 2109 5683 retulit,
2153 5635 2267 5685 quo!
2302 5639 2392 5690 per
2430 5623 2775 5689 septingentos
2804 5622 2915 5687 jam
2937 5639 3102 5674 annos
3123 5624 3263 5690 apud
3284 5634 3487 5674 nostros
3509 5624 3741 5673 homines
3764 5623 3812 5673 in
3842 5638 3939 5674 usu

721 5716 821 5751 non
847 5699 1158 5750 habebatur.
1184 5696 1321 5751 Iluic
1344 5700 1581 5757 calculos
1601 5717 1731 5756 suos
1752 5702 1955 5758 addunt
1994 5706 2343 5762 Christianus
2365 5708 2617 5763 Massa-us
2640 5711 3033 5763 Chronicorum
3059 5711 3196 5764 libro
3218 5727 3371 5769 xvm.
3403 5710 3467 5763 ad
3497 5726 3624 5763 ann.
3659 5708 3721 5764 C.
3754 5708 3888 5762 I399
3917 5726 3931 5765 :

722 5786 958 5841 Joannes
990 5783 1263 5841 Funccius
1298 5785 1349 5840 in
1381 5785 1746 5860 Chronologia
1778 5793 1842 5844 ad
1874 5807 2003 5847 ann.
2040 5792 2100 5845 C.
2141 5793 2276 5849 I599
2310 5812 2321 5849 :
2358 5797 2704 5853 Ahrahnmns
2742 5796 3111 5854 Ilucbolcerus
3138 5797 3191 5853 in
3221 5796 3402 5853 Indice
3429 5795 3838 5867 chronologico.
3864 5795 3931 5850 ad
