4202 6444
266 444 327 509 2i
1517 452 1695 511 VITA
1739 452 1835 511 ET
1874 452 2219 513 SCRIPTA.
3405 460 3475 523 22

266 578 391 615 ann.
423 560 485 616 C.
517 560 655 619 1599
688 580 700 615 :
729 562 926 619 Petrus
953 554 1254 632 0pmeerus
1296 561 1350 617 in
1407 561 1873 633 Chronographia,
1904 562 1971 617 ad
2003 578 2133 617 ann.
2163 563 2225 617 C.
2268 562 2403 618 I599
2440 582 2452 617 :
2483 560 2756 622 Aubertus
2801 567 3015 623 blirzeus
3046 569 3098 622 iu
3124 569 3383 625 Auctario
3408 571 3477 626 de

268 649 626 714 scriptoribus
652 651 1062 714 ecclesiasticis,
1091 664 1214 717 cap.
1250 651 1375 703 450.

332 733 499 790 XVII.
531 736 813 800 Potentia,
854 753 959 805 qua
983 737 1262 804 Bajazetes
1294 736 1597 807 Turearum
1634 744 1898 806 tyrannus
1944 738 2162 793 Graecos
2195 742 2492 809 premebat,
2527 744 2702 813 impar
2731 745 3467 814 Constantinapolitanorum

262 822 564 890 imperator
589 822 804 877 ﬂanuel
839 824 1175 893 Palaaologus
1205 824 1714 892 Constantinopolin
1745 824 2141 894 imperiumque
2175 826 2394 893 Joanni,
2435 828 2618 883 fratris
2652 832 2735 885 sui
2768 832 3061 885 Andronici
3097 833 3224 896 lilio,
3259 834 3347 886 cui
3373 834 3474 887 Ba-

259 908 463 973 jasetes
493 911 968 978 patroeinahatur,
1006 910 1374 979 relinquebat,
1410 921 1465 964 et
1494 913 1545 963 in
1574 911 1782 963 Italiam
1819 912 2126 979 migrabat:
2159 915 2248 967 ubi
2283 924 2394 966 tum
2430 916 2562 971 alias
2596 919 2646 970 in
2680 919 2866 982 urbes,
2906 928 3020 973 tum
3068 921 3229 974 etiam
3270 919 3473 972 Medio-

260 996 443 1047 lanum
478 997 743 1049 veniebat.
791 1000 969 1052 Ducas
999 996 1283 1052 Michaelis
1315 1012 1483 1067 nepos
1514 999 1567 1050 in
1606 996 1847 1051 Historia
1882 998 2209 1067 Byzantina,
2245 1016 2363 1069 cap.
2431 1003 2516 1067 ll,
2552 1004 2847 1074 interprete
2876 1006 3105 1060 lsmaele
3155 1006 3421 1059 Bullialdo
3455 1024 3469 1059 :

256 1081 378 1133 Iam
402 1084 495 1135 diu
521 1084 607 1137 ille
647 1082 971 1156 [Bajazetes]
994 1085 1181 1154 quibus
1206 1086 1411 1139 artibus
1443 1084 1937 1150 Constantinopolin
1972 1086 2265 1150 invaderet,
2291 1090 2469 1143 animo
2494 1092 2757 1143 versabat.
2789 1092 2907 1145 Non
2940 1094 3115 1144 omisit
3144 1095 3325 1159 itaque
3366 1108 3467 1145 no—

258 1185 374 1222 men
406 1171 681 1223 obtendere
710 1170 959 1236 Joannis,
989 1173 1079 1242 qui
1107 1172 1365 1226 Manuelis
1389 1189 1451 1227 es:
1481 1174 1650 1241 fratre
1677 1189 1833 1241 nepos
1858 1180 1997 1233 erat,
2021 1172 2268 1241 iubetque
2324 1173 2623 1229 Manuelent
2663 1178 2790 1231 urbe
2822 1179 3023 1241 cedere,
3054 1190 3099 1231 et
3127 1178 3386 1231 Joannem
3418 1180 3472 1230 in

256 1254 407 1307 illam
444 1258 732 1318 introduci,
761 1259 830 1309 ad
852 1274 1004 1326 quem
1038 1270 1243 1311 natura
1269 1260 1376 1328 lege
1398 1260 1672 1325 imperium
1702 1260 1997 1326 pertinebat
2024 1275 2043 1321 ;
2070 1261 2419 1328 pollicebatur
2444 1264 2661 1331 insuper
2709 1283 2821 1317 cum
2856 1267 3051 1319 civibus
3089 1266 3472 1318 Constantino-

254 1341 431 1408 poleos
456 1341 692 1411 deinceps
724 1360 778 1397 se
807 1344 1026 1411 paciﬁce
1047 1355 1314 1397 acturum.
1347 1346 1548 1398 Ibidem
1582 1346 1741 1410 paulo
1774 1353 1929 1411 post:
1967 1346 2185 1399 Manuel
2212 1349 2398 1401 deinde
2426 1366 2604 1403 coram
2633 1364 2765 1404 coetu
2790 1353 3043 1404 nobilium
3071 1354 3471 1419 primat-umque

251 1428 415 1493 plebis
447 1431 683 1482 oratione
712 1431 918 1490 habita,
952 1433 1213 1484 triremem
1245 1432 1546 1486 conscendit
1580 1448 1694 1483 cum
1725 1448 1888 1484 uxore
1927 1444 1975 1485 et
2010 1435 2211 1497 liberis,
2249 1436 2378 1487 urbe
2418 1438 2569 1488 cessit
2618 1446 2666 1489 et
2713 1439 2949 1500 imperio,
2983 1438 3285 1504 loannique
3328 1456 3472 1489 smn—

252 1533 394 1569 mam
427 1533 598 1571 rerum
630 1521 871 1574 tradidit.
898 1521 1092 1575 lterum
1114 1532 1235 1590 post
1250 1537 1419 1590 pauca
1453 1541 1462 1573 :
1493 1520 1719 1574 Navium
1754 1537 2065 1590 magnarum
2091 1538 2247 1572 unam
2271 1522 2587 1586 conscendit,
2607 1533 2655 1574 et
2682 1523 2915 1575 Venetiae
2944 1527 3168 1590 appulit,
3194 1524 3470 1575 lustrasil-

246 1619 346 1672 que
364 1606 600 1673 deinceps
628 1605 1005 1672 Mediolanum,
1032 1608 1283 1668 Genuam,
1314 1608 1660 1669 Florentiam,
1684 1608 2009 1669 Ferrariam,
2034 1616 2297 1675 totamque
2326 1605 2542 1659 Italiam
2570 1611 2886 1675 peragravit.
2916 1610 3176 1676 Georgius
3200 1608 3466 1673 Phranza,

250 1694 345 1746 lin.
387 1709 401 1745 ι
436 1693 716 1759 Chronici,
756 1712 877 1765 cap.
908 1697 978 1750 20
1006 1714 1017 1749 :
1055 1697 1309 1765 Tempore
1344 1699 1657 1766 procedente
1690 1697 1883 1763 cupido
1931 1699 2301 1763 imperatorem
2332 1698 2464 1759 cepit
2492 1698 2544 1747 in
2574 1696 2796 1749 Italiam
2823 1699 3215 1764 proﬁciscendi,
3240 1709 3287 1751 et
3312 1700 3469 1751 auxi-

252 1782 311 1831 tii
350 1780 573 1853 [contra
615 1782 849 1855 Turcas]
889 1785 1237 1854 implorandi.
1277 1786 1449 1841 Paulo
1488 1798 1653 1855 post:
1689 1787 1961 1843 Abiturus,
1992 1782 2254 1835 Joannem
2276 1797 2339 1833 ea:
2371 1782 2536 1849 fratre
2566 1795 2796 1850 nepotem
2832 1784 2901 1835 ad
2940 1786 3111 1836 urbem
3150 1785 3350 1837 interea
3384 1801 3468 1838 re-

247 1868 496 1935 gendam,
531 1880 580 1922 et
608 1871 858 1938 impetum
882 1874 1111 1935 hostium
1134 1874 1553 1940 propulsandum
1579 1873 1849 1941 relinquit.
1894 1871 2014 1940 Ipse
2052 1888 2169 1924 eum
2196 1870 2439 1937 despa’na
2478 1870 2695 1939 conjuge
2722 1873 2776 1923 in
2807 1872 3216 1937 Peloponnesum
3240 1873 3465 1935 solvens,

245 1953 459 2020 Sparta
494 1973 611 2010 eam
640 1959 779 2024 apud
834 1959 1057 2028 fratrem
1092 1960 1423 2013 Theodorum
1456 1960 1692 2027 deponit,
1719 1969 1768 2012 et
1798 1960 1855 2013 in
1883 1958 2104 2011 Italiam
2131 1973 2287 2026 porro
2320 1958 2707 2025 navigationem
2739 1958 2877 2010 subit
2906 1974 3009 2022 ;ac
3033 1958 3259 2026 primum
3306 1956 3466 2011 Vene-

245 2044 337 2094 tiis
367 2045 636 2096 erscendit
669 2055 827 2112 :post
865 2046 934 2099 ad
958 2047 1144 2100 ducem
1175 2047 1652 2101 Mediolanensium
1674 2048 1866 2115 pergit,
1903 2062 1935 2101 a
1962 2062 2063 2113 quo
2109 2043 2634 2111 honoriﬁcentissime
2680 2044 3203 2114 splendidissimeque
3254 2046 3464 2099 habitus

242 2139 294 2181 et
334 2132 635 2183 muneribus
664 2133 838 2186 cultus
867 2142 968 2190 est.

315 2214 509 2272 XVIII.
535 2217 617 2270 Ad
654 2218 957 2274 Manuelem
995 2220 1359 2290 Palaeologum
1393 2221 1778 2290 imperatorem
1816 2218 2200 2288 Chrysoloras,
2228 2217 2320 2285 qui
2357 2228 2469 2269 tum
2509 2219 2651 2286 apud
2684 2216 3029 2272 Florentinos
3066 2220 3281 2289 agebat,
3316 2220 3456 2272 invi-

242 2310 394 2358 tatus
425 2304 786 2359 Mediolanum
823 2308 1296 2376 proﬁciscebatur.
1336 2308 1651 2364 Leouarilus
1684 2308 1897 2361 Brunus
1928 2307 2183 2359 Aretinus
2211 2305 2263 2357 in
2298 2304 2540 2357 Historia
2578 2322 2750 2358 rerum
2786 2305 3106 2359 Italicarum
3140 2307 3223 2359 sui
3259 2316 3465 2375 tempo-

243 2392 319 2443 ris
359 2407 374 2441 :
410 2393 564 2457 Apud
592 2394 731 2445 hunc
750 2409 843 2462 ego
871 2396 1191 2463 magistrum
1222 2395 1543 2467 [Manuelem
1580 2395 1987 2465 Chrvwloram]
2030 2411 2189 2463 supra
2219 2395 2484 2447 biennium
2511 2394 2611 2460 fui,
2639 2394 2915 2446 institutus
2936 2410 3062 2446 sane
3093 2394 3351 2459 probabili
3381 2405 3462 2445 at-

238 2495 339 2545 que
364 2480 563 2546 optima
588 2481 891 2549 disciplina.
930 2482 1164 2537 Tandem
1200 2487 1515 2553 imperatore
1547 2484 1893 2536 Constantino
1910 2485 1965 2535 in
2000 2483 2218 2535 Italiam
2244 2482 2481 2544 advectu,
2505 2491 2873 2551 revocanteque
2897 2482 2964 2533 ad
2986 2499 3037 2535 se
3058 2481 3458 2549 Chrysolorum,

239 2568 368 2619 abiit
402 2567 492 2620 ille
511 2566 809 2634 Florentia,
842 2579 892 2623 et
926 2571 1282 2624 Mediolanum
1316 2573 1383 2624 ad
1420 2574 1786 2639 imperatorem
1818 2586 1974 2625 suum
2007 2586 2062 2623 se
2097 2569 2343 2622 contulit.

314 2651 458 2706 XIX.
496 2651 632 2708 Cum
667 2657 866 2721 quibus
891 2673 1034 2727 aegre
1073 2659 1458 2713 conciliaveris
1492 2658 1713 2711 Paulum
1741 2656 1981 2721 Iovium,
2013 2657 2129 2725 qui,
2155 2664 2441 2725 postquam
2474 2654 2823 2710 Tamerlanes
2862 2654 3046 2727 [etiam
3078 2655 3323 2711 Temires
3350 2656 3453 2708 dici

240 2740 462 2812 solitus]
496 2740 855 2797 Tartarorum
898 2762 989 2799 rex
1021 2745 1327 2817 Bajazetem
1361 2745 1662 2800 Turcarum
1693 2746 1995 2812 principem
2029 2746 2228 2796 vietum
2258 2744 2514 2811 cepisset,
2545 2744 2934 2813 Chrysoloram
2982 2745 3034 2796 in
3064 2744 3209 2796 Italia
3242 2741 3458 2796 Grai-cus

238 2830 456 2883 litteras
484 2830 715 2884 docendi
747 2833 1034 2886 consilium
1071 2835 1283 2901 cepisse
1314 2842 1499 2887 narrat
1530 2835 1583 2886 in
1637 2834 1921 2886 doctorum
1958 2831 2194 2884 virorum
2228 2830 2420 2899 elogiis
2455 2846 2577 2898 cap.
2618 2831 2685 2883 25
2724 2848 2735 2884 :
2766 2830 3014 2899 Ofﬁcium
3043 2831 3251 2898 quidem
3288 2828 3460 2901 [li-ga-

239 2914 326 2988 til,
371 2918 469 2977 ait,
506 2918 773 2971 laboriosa
798 2920 1223 2987 peregrinatione
1248 2921 1321 2973 ita
1348 2918 1597 2985 implevit,
1632 2928 1686 2970 nt
1719 2920 1769 2970 in
1806 2918 1966 2971 Italia
1997 2920 2323 2977 subsisteret,
2352 2916 2557 2970 Graecia
2588 2919 2789 2971 scilicet
2818 2919 3064 2985 praesenti
3092 2928 3228 2968 metu
3264 2918 3458 2969 libera-

239 3013 315 3067 ta,
347 3020 465 3055 cum
501 3003 833 3057 Tamerlanes
875 3016 1046 3058 terror
1082 3004 1307 3060 Orientis
1343 3004 1649 3073 Bajazetem
1686 3003 2079 3059 Othomannum
2111 3023 2142 3057 a
2189 3004 2414 3057 terribili
2446 3007 2709 3058 celeritate
2755 3005 2979 3074 fulguris
3012 3022 3295 3074 cognomen
3330 3004 3456 3056 ade-

234 3102 407 3161 ptum,
443 3095 513 3145 a'l
546 3092 766 3147 Stellam
800 3107 1023 3148 montem
1075 3097 1243 3148 vivum
1276 3096 1515 3161 cepisset.
1555 3093 1737 3161 Itaque
1768 3094 2113 3164 Chrysoloras
2146 3096 2264 3146 diro
2292 3090 2507 3145 Crwciw
2536 3094 2680 3145 hoste
2701 3092 2907 3145 sublato
2939 3090 3092 3144 la'tus
3120 3090 3454 3161 [Griecarum

235 3182 545 3235 litterarum
575 3184 820 3237 studium
855 3182 1139 3254 excitavit]
1196 3183 1421 3237 Venetiis
1450 3186 1701 3252 primum,
1734 3192 1780 3235 et
1816 3197 1936 3234 mox
1964 3178 2273 3241 Florentiae,
2303 3178 2581 3249 Romwgue
2611 3195 2672 3232 ac
2706 3179 2916 3231 demum
2948 3178 3139 3231 Ticini.
3172 3176 3459 3230 Tami-rla-

236 3286 333 3323 nes
365 3269 512 3322 enim
544 3269 850 3337 Bajazetem
882 3272 969 3325 die
992 3271 1121 3337 Julii
1154 3269 1245 3333 ‘28,
1272 3286 1414 3324 anno
1455 3271 1637 3323 mundi
1667 3269 1854 3323 Graeco
1885 3268 2044 3329 6910,
2073 3268 2271 3321 Christi
2302 3268 2459 3330 1402,
2493 3268 2660 3334 cepit,
2699 3266 3152 3334 quemadmodum
3187 3266 3456 3330 Georgius

233 3356 485 3411 Pbranza
518 3367 929 3412 commemorat.
981 3360 1112 3413 Nam
1142 3361 1231 3414 lib.
1266 3377 1280 3412 I
1338 3361 1594 3415 Clironiei
1624 3374 1745 3412 cum
1782 3356 2007 3410 dixisset
2036 3370 2151 3422 cap.
2186 3354 2245 3407 Ξι
2286 3372 2300 3407 τ
2329 3354 2567 3408 Manuele
2595 3356 2689 3407 hoc
2715 3354 3026 3420 imperante,
3062 3354 3183 3403 dum
3218 3354 3341 3403 urbs
3368 3352 3460 3403 ob-

232 3446 463 3508 sidetur,
495 3461 586 3514 ego
638 3444 692 3497 in
744 3446 909 3499 lucem
979 3448 1147 3501 editus
1199 3464 1335 3512 sum,
1386 3465 1523 3501 anno
1552 3456 1669 3513 post
1704 3445 1934 3497 homines
1968 3453 2114 3494 natos
2150 3442 2308 3505 6909,
2334 3444 2418 3494 die
2451 3444 2673 3509 Augusti
2699 3442 2765 3495 50
2800 3458 2816 3493 ;
2874 3442 2957 3496 his
2993 3440 3191 3495 ibidem
3223 3456 3346 3508 cap.
3382 3438 3457 3491 29

232 3533 521 3602 subiungit
556 3549 570 3585 :
609 3533 863 3586 Vicesimo
913 3542 1095 3587 octavo
1125 3532 1282 3598 Julii,
1336 3534 1567 3588 Temires
1601 3531 2054 3598 Massagetarum,
2118 3526 2403 3579 Persarum
2437 3538 2486 3581 et
2532 3528 2937 3596 Aquilonarium
2988 3528 3305 3596 Scytharum
3338 3542 3454 3588 rex,

229 3621 485 3673 Ameram
517 3618 816 3685 Bajazetem
841 3636 957 3672 cum
990 3635 1153 3673 uxore
1178 3631 1225 3673 et
1252 3620 1366 3687 ﬁlio
1403 3622 1572 3681 Mose,
1605 3619 1823 3682 aliisque
1850 3616 1987 3667 aula:
2019 3615 2355 3681 aptintatibus
2382 3634 2483 3670 non
2514 3616 2700 3682 paucis
2732 3619 2887 3685 cepit,
2919 3627 3215 3685 ‘totumqne
3247 3618 3455 3668 exerci-

231 3716 347 3759 tum
376 3706 527 3759 illius
551 3706 851 3775 dissipavit.
892 3709 971 3761 Ad
1008 3708 1263 3763 eumdem
1298 3724 1503 3761 annum
1538 3703 1881 3757 Tamerlauis
1921 3704 2057 3754 hanc
2088 3702 2374 3755 victoriam
2411 3702 2595 3774 [quam
2634 3704 2760 3758 aliis
2792 3706 2948 3759 annis
2995 3706 3085 3757 alii
3120 3705 3453 3758 recentiores

228 3791 535 3864 asCribunt]
574 3793 741 3849 refert
766 3792 1008 3850 Joannes
1043 3794 1405 3849 Lennclavius
1432 3794 1483 3847 in
1521 3794 1771 3847 Historiae
1806 3788 2247 3842 Musulmannicaz
2279 3789 2418 3843 libro
2454 3806 2564 3844 vn:
2604 3808 2725 3845 cum
2763 3808 2870 3860 quo
2928 3794 3274 3845 consentiunt
3309 3790 3453 3843 I’au-

226 3880 315 3934 lus
353 3864 679 3944 lnterianus,
713 3880 946 3935 Ubertus
975 3878 1203 3941 Folieta.
1235 3880 1430 3935 Petrus
1467 3880 1717 3943 Bzzarus,
1748 3878 2081 3947 Augustinus
2118 3876 2459 3931 Justiniauus
2513 3880 2567 3932 in
2601 3879 2774 3933 Rebus
2808 3878 3190 3943 Cannensibus,
3224 3889 3279 3933 et
3298 3877 3457 3931 Jaco-

226 3966 334 4021 bus
364 3964 580 4021 Gordus
615 3966 669 4020 in
710 3981 875 4035 opere
899 3967 1309 4037 chronologico.

297 4051 421 4107 XX.
453 4052 594 4107 Illud
620 4063 774 4108 extra
805 4055 1200 4109 dubitationem
1239 4052 1496 4123 positum,
1536 4059 1656 4120 post
1700 4050 2003 4118 Bajazetem
2039 4068 2067 4105 a
2104 4051 2426 4107 Tamerlane
2458 4061 2701 4120 captum,
2740 4053 2927 4108 multis
2956 4053 3116 4107 annis
3149 4052 3452 4122 Chrysalo-

225 4155 345 4194 ram
380 4148 631 4195 nostrum
686 4141 829 4196 intra
868 4140 1074 4196 Italiam
1108 4140 1449 4210 professione
1497 4140 1798 4193 litterarum
1833 4136 2141 4192 Gracaruin
2178 4139 2347 4193 fuisse
2385 4138 2653 4193 functum.
2698 4140 3057 4204 Constantina,
3090 4154 3199 4207 quo
3230 4155 3288 4193 se
3320 4154 3456 4192 con—

226 4231 454 4289 tulerat,
490 4236 550 4280 ut
599 4226 803 4282 ibidem
854 4226 1093 4292 concilii,
1126 4227 1269 4298 quod
1302 4225 1371 4281 de
1400 4227 1563 4280 trium
1603 4226 1767 4280 simul
1811 4225 2199 4279 exsistentium
2264 4226 2581 4294 pontiﬁcum
2636 4225 3010 4281 Romanorum
3050 4227 3451 4281 controversiis

225 4330 361 4369 ann.
391 4314 454 4371 (Ξ.
485 4314 622 4369 HM
659 4316 924 4370 celebrari
956 4314 1140 4384 erepit,
1173 4322 1542 4383 spectatorem
1577 4322 1783 4383 ageret,
1831 4312 1977 4366 diem
2009 4328 2326 4382 supremum
2364 4330 2509 4369 anno
2545 4315 2893 4384 imperatoris
2950 4315 3213 4369 Manuelis
3250 4313 3458 4368 Palico-

222 4402 333 4468 Ιοςί
370 4400 464 4461 24.
498 4400 700 4454 Christi
734 4400 873 4454 “l5
896 4401 1055 4454 obiit.
1091 4399 1334 4467 Raphael
1362 4398 1587 4454 Maﬂeus
1638 4398 2023 4453 Volaterranus
2071 4402 2592 4455 commentariorum
2637 4401 2731 4455 lib.
2764 4417 2855 4455 ut
2889 4420 2903 4456 :
2935 4402 3209 4455 Postremo
3242 4402 3297 4454 in
3326 4418 3454 4454 con-

220 4490 411 4541 cilium
442 4485 839 4542 Constantiense
865 4497 911 4541 et
946 4487 1053 4555 ipse
1076 4486 1364 4556 profectus,
1397 4486 1451 4539 in
1484 4486 1660 4538 eodem
1694 4486 1807 4538 loco
1839 4489 2131 4541 exstinctus
2158 4497 2251 4541 est.
2288 4487 2519 4544 Iacobus
2546 4489 2831 4559 Philippus
2861 4490 3119 4545 Forestus
3157 4489 3453 4557 Bergomas

220 4577 277 4629 in
312 4574 713 4637 Chronicorum
741 4559 1129 4643 Supplemento
1166 4572 1234 4626 ad
1261 4587 1389 4627 ann.
1424 4570 1488 4625 C.
1525 4572 1663 4627 1598
1696 4589 1709 4626 :
1749 4570 1983 4645 Indeque
2004 4576 2214 4628 curiam
2254 4573 2547 4629 Romanam
2598 4592 2717 4629 cum
2744 4586 2951 4629 secutus
2991 4578 3204 4645 fuisset,
3228 4586 3277 4627 et
3308 4577 3452 4644 apud

222 4664 619 4726 Constantiam,
650 4662 1007 4732 ubigenerale
1035 4661 1319 4715 concilium
1346 4660 1663 4725 celebratur,
1689 4664 1934 4716 accessit.
1969 4662 2169 4716 Ibidem
2206 4668 2365 4730 paulo
2391 4673 2513 4730 post
2537 4679 2553 4715 :
2580 4661 2909 4716 Constantite
2938 4664 3152 4717 tandem
3176 4663 3450 4731 deﬁciens,

218 4770 253 4805 α
296 4751 499 4821 Poggio
533 4748 845 4804 Florentino
877 4749 1131 4821 discipulo
1163 4764 1258 4801 suo
1296 4748 1559 4816 melli/tua
1591 4749 1829 4801 oratione
1866 4750 2235 4802 cohonestatus
2260 4758 2359 4803 est.
2383 4749 2514 4815 Quae
2544 4750 2768 4804 totidem
2817 4751 3002 4806 verbis
3036 4752 3088 4805 in
3121 4737 3449 4805 Chronicon

221 4854 388 4893 suum
429 4836 801 4891 llartmannus
838 4834 1160 4890 Schedelius
1193 4835 1488 4888 transtulit.
1522 4833 1723 4889 Paulus
1750 4832 1940 4889 Jovius
1970 4836 2022 4889 in
2056 4836 2340 4889 doctorum
2370 4836 2613 4890 virorum
2644 4837 2837 4905 elogiis
2872 4852 2995 4907 cap.
3016 4837 3097 4893 -25
3127 4856 3140 4890 :
3176 4836 3450 4890 Postremo

219 4944 343 4980 cum
378 4928 449 4981 ad
482 4926 770 4980 tollendam
803 4924 1310 4994 pseudopontiﬁcum
1341 4924 1751 4985 controversiam
1778 4923 1981 4976 indicta
2004 4922 2233 4992 synodus
2271 4923 2409 4975 tanti
2436 4925 2727 4990 spectaculi
2757 4923 3005 4988 cupidum
3034 4926 3327 4987 excit-isset,
3359 4940 3453 4978 ea:-

218 5026 502 5070 auctorato
536 5014 861 5069 Balthasare
890 5014 1079 5078 Cassa,
1108 5011 1435 5067 Constantia:
1459 5013 1679 5065 interiit.
1710 5011 1986 5066 Posterior
2017 5024 2142 5079 pars
2174 5008 2469 5078 Epitaphii,
2498 5010 2643 5079 quod
2678 5010 3025 5081 Chrysolorre
3055 5020 3245 5065 nostro
3279 5012 3332 5063 in
3361 5028 3452 5063 ur-

218 5104 288 5164 he
322 5100 650 5156 Constantia
678 5102 917 5170 positum
949 5108 1055 5166 est,
1086 5099 1247 5169 cujus
1279 5108 1486 5168 partem
1539 5099 1779 5166 priorem
1816 5096 1843 5167 θ
1872 5113 1886 5150 l
1924 5095 1976 5149 in
2010 5092 2248 5149 medium
2280 5096 2481 5164 protuli
2514 5111 2530 5150 :
2570 5096 2657 5150 Vir
2689 5097 3051 5162 doctissimus,
3080 5098 3439 5165 prudentissi-

211 5207 359 5251 mus,
392 5189 623 5256 optimus
657 5189 746 5257 qui
781 5198 1013 5256 tempore
1065 5186 1322 5256 generalis
1357 5184 1572 5238 concilii
1622 5183 2047 5238 Constantiensis
2094 5186 2234 5237 diem
2292 5184 2443 5249 obiit,
2480 5200 2542 5238 ea
2571 5185 2986 5251 existimatione,
3020 5197 3075 5238 ut
3112 5185 3177 5238 ab
3210 5186 3452 5239 omnibus

211 5278 513 5332 sacerdotio
544 5275 732 5346 dignus
762 5274 1059 5329 haberetur.
1095 5272 1192 5327 Die
1213 5273 1284 5329 25
1312 5273 1509 5342 Aprilis
1537 5272 1782 5325 conditus
1815 5284 1890 5324 est
1921 5288 2061 5324 anno
2096 5273 2252 5326 1MB.
