4202 6444
250 412 330 484 25
1334 422 1699 483 EPISTOLA
1742 426 1839 485 AD
1884 426 2241 487 IOANNEM
2278 426 2427 490 IMP.
3418 432 3497 498 26

248 523 458 583 ἔκεῐνον
486 528 546 596 ἐξ
576 531 853 598 Αἰγύπτου
875 532 969 585 καὶ
990 533 1193 601 Λιϐύης
1226 530 1388 597 εἶναι,
1424 536 1509 604 ἐφ’
1543 533 1608 606 ἧς
1632 540 1818 589 ἀκοιο·
1850 541 1897 597 Α

1850 541 1897 597 Α
1928 549 2021 593 aut
2058 540 2102 594 si
2140 540 2272 592 velis
2308 555 2371 592 ex
2394 538 2627 608 Egypto
2661 538 2741 591 vel
2768 538 2933 609 Libya
2968 553 3091 593 eum
3126 540 3297 597 fuisse
3324 558 3494 611 pona-

252 636 351 683 μεν
394 621 494 689 τὴν
540 622 891 692 Ἀλεξάνδρου
921 623 1103 687 πόλιν,
1158 626 1248 676 καὶ
1300 625 1410 677 τῶν
1464 627 1817 693 ὑμνουμένων

1924 643 2090 679 mus:
2142 628 2194 679 in
2228 643 2334 695 qua
2385 626 2808 680 Alexandrinam
2880 628 3180 691 civitatem,
3241 641 3294 683 et
3357 631 3495 683 inter

247 710 536 777 θεαμάτων
562 714 657 774 τὰς
686 715 1093 783 ἑκατομπύλους
1121 714 1300 784 Θήϐας
1332 717 1548 779 ὲκείνας
1582 719 1676 769 καὶ
1711 736 1814 769 rtu-

1920 717 2217 769 celebriora
2249 718 2555 785 spectaeu!a
2588 716 2803 770 Thebas
2857 718 2979 772 illas
3045 729 3261 772 centum
3324 724 3491 788 portis

248 804 487 870 ραμίδας
526 804 893 872 γεγενῆσθαι·
928 798 1002 857 ὧν
1052 806 1148 867 τάς
1193 809 1345 869 σκιὰς
1397 809 1665 875 ἀκούομεν
1699 810 1816 861 ὀδόν

1920 808 2150 876 inclytas
2182 822 2243 860 ac
2308 807 2617 878 pyramides
2676 808 2844 861 fuisse
2903 810 3201 863 audimus:
3258 826 3488 879 quarum

244 911 409 945 τινων
440 896 663 964 ἡμερῶν
691 898 765 958 ὼς
800 898 971 949 είπεῖν
1008 894 1168 961 εἶναι,
1196 899 1507 967 ἀνίσχοντος
1535 900 1631 952 τοῦ
1663 900 1813 969 ἡλίου

1920 899 2141 952 umbras
2174 900 2287 953 sole
2305 900 2583 953 exoriente
2611 909 2663 953 et
2705 901 2984 954 occidente
3020 902 3132 955 fere
3183 902 3250 957 ad
3286 904 3492 970 aliquot

245 987 340 1038 καὶ
372 986 631 1053 δυομένου
661 1006 674 1020 ·
706 989 798 1040 καὶ
826 981 901 1039 ὧν
935 992 1031 1058 μιᾷ
1064 991 1159 1042 καὶ
1197 993 1259 1059 τῇ
1296 994 1637 1063 σμικροτάτη
1664 992 1817 1057 λέγε-

1918 991 2125 1044 dierum
2157 992 2259 1044 iter
2303 992 2488 1062 projici
2552 994 2747 1045 aiunt:
2798 1002 2852 1046 et
2873 1009 3104 1063 quarum
3155 1011 3260 1049 una
3317 1011 3490 1064 eaque

242 1092 335 1127 ται
365 1078 462 1142 τὴν
509 1078 730 1145 Μέμφιν
765 1079 932 1150 αὐτὴν
970 1081 1065 1133 καὶ
1103 1083 1227 1145 τοὺς
1272 1083 1580 1150 περιοίκους
1609 1085 1814 1146 πάντας

241 1168 444 1227 τόπους
474 1169 529 1233 ἐξ
559 1170 783 1224 ἐκείνων
807 1173 915 1224 τῶν
946 1175 1153 1242 χρόνων
1181 1175 1260 1227 ἔτι
1300 1176 1394 1227 καὶ
1426 1176 1519 1229 νῦν
1547 1178 1685 1247 πρὸς
1709 1181 1813 1231 πᾶ-

244 1275 347 1310 σαν
386 1262 677 1330 Οἰκοδομὴν
703 1265 791 1314 ἴσα
847 1266 939 1317 καὶ
992 1267 1275 1334 λατομίαις
1323 1269 1581 1337 χρῆσθαι,
1611 1270 1703 1322 καὶ
1737 1272 1809 1338 μὴ

241 1350 581 1403 ἐπιλείπειν·
638 1353 835 1420 μᾶλλον
880 1354 935 1406 δὲ
973 1356 1156 1417 πόλεις
1187 1357 1311 1419 ὅλας
1361 1360 1456 1411 καὶ
1511 1360 1806 1423 συνοικίας,

242 1442 320 1503 ὥς
362 1460 547 1510 φασιν.
583 1444 641 1507 ἐξ
690 1446 861 1512 αὐτῆς
897 1447 1324 1512 οἰκοδομοῦντες,
1370 1450 1521 1517 μόλις
1553 1451 1723 1520 βραχύ
1757 1469 1810 1506 τι

244 1536 409 1603 μέρος
436 1535 643 1603 ἐκείνης
670 1538 1028 1605 ἀνηλωκέναι.
1058 1540 1214 1601 Εἰκὸς
1231 1540 1283 1591 δὲ
1312 1536 1379 1608 ἦν
1402 1542 1628 1603 ἐκεῖνον,
1659 1544 1807 1605 ὅστις

242 1627 373 1675 ποτε
404 1620 492 1692 ἦν,
526 1627 757 1680 πλέοντα
788 1631 864 1689 εἰς
906 1629 1123 1695 Τὠμην
1148 1632 1237 1683 καὶ
1261 1631 1347 1683 διὰ
1376 1632 1482 1683 τῶν
1512 1634 1686 1701 νήσων
1714 1636 1808 1688 καὶ

240 1717 347 1783 τῆς
389 1717 645 1780 Ἐλλάδος
675 1720 970 1789 ἀναχθῆναι
998 1738 1011 1751 ο
1050 1723 1142 1773 καὶ
1184 1724 1447 1791 πρότερον
1480 1724 1534 1776 δὲ
1573 1725 1717 1786 sub;
1740 1722 1809 1796 ἦν

241 1806 409 1857 αὐτὸν
442 1807 540 1876 τὴν
578 1809 802 1861 Ἐλλάδα
831 1810 979 1873 ἰδεῖν,
1015 1811 1108 1864 καὶ
1140 1812 1231 1864 τὸν
1270 1813 1369 1881 τῆς
1410 1814 1656 1878 Ἐλλάδος
1686 1818 1805 1869 τότε

239 1895 407 1961 ἑφθαὶ
424 1899 542 1965 μὸν,
595 1900 692 1962 τὰς
749 1900 976 1969 Ἀθήνας
1016 1902 1175 1967 λέγω.
1215 1904 1285 1955 Ἤ
1318 1922 1435 1956 τινα
1483 1906 1587 1957 ἔδει
1626 1906 1807 1957 τοῦτον

239 1987 353 2037 τῶν
386 1990 491 2039 ἀπὸ
550 1994 647 2058 τῆς
686 1992 933 2054 Ἑλλάδος
982 1989 1154 2045 εῖναι·
1212 1994 1305 2046 καὶ
1349 1995 1535 2047 τοῦτον
1584 1997 1645 2048 οὐ
1699 1998 1805 2050 τῶν

241 2080 337 2129 πο)
351 2080 458 2130 λῶν
489 2081 579 2131 καὶ
614 2081 857 2133 ἀθεάτων
886 2083 914 2146 ἢ
949 2085 1197 2150 ἀνηκόων
1229 2085 1335 2136 τῶν
1367 2087 1645 2145 τοιούτων.
1672 2089 1804 2140 ἀλλὰ

236 2170 348 2220 τῶν
385 2172 854 2239 πεπαιδευμένων,
902 2173 1036 2241 πρὸς
1082 2172 1192 2226 οἷον
1235 2178 1436 2227 ἐκεῖνόν
1480 2194 1536 2227 τε
1572 2178 1803 2245 γράφειν

235 2262 388 2323 εἰκὸς
414 2258 501 2331 ἦν,
531 2264 623 2316 καὶ
673 2266 834 2316 αὐτὸν
860 2269 968 2328 τοῖς
1001 2268 1262 2329 τοιούτοις
1289 2268 1522 2336 θεάμασι
1563 2275 1653 2321 καὶ
1685 2273 1801 2332 ταῖς

232 2354 517 2415 τοιαύταις
569 2356 901 2423 ἀποδημίαις
960 2359 1191 2426 χαίρειν.
1239 2360 1303 2410 Τί
1357 2361 1534 2411 τοίνυν
1587 2362 1693 2428 ἄρα
1733 2356 1800 2429 ἦν

234 2444 436 2510 ἐχεῖτο,
462 2445 488 2496 δ
538 2445 727 2497 τοῦτον
769 2447 1019 2499 τοσοῦτον
1064 2448 1287 2516 ἔμελλεν
1335 2452 1631 2518 ἑκπλῆξαις
1660 2452 1799 2505 ὥστε

233 2537 337 2604 τῆς
390 2537 641 2601 Ἑλλάδος
686 2539 778 2590 καὶ
807 2540 915 2592 τῶν
940 2541 999 2591 ὲν
1046 2541 1180 2610 αὐτῇ
1212 2542 1499 2610 θεαμάτων
1547 2543 1797 2595 ἐπιλαθέ-

233 2634 382 2689 σθαι,
423 2628 694 2697 θεώμενον
733 2626 819 2683 οἷα
845 2633 903 2682 οὐ
935 2633 1217 2701 πρότερον,
1254 2636 1344 2684 καὶ
1376 2635 1544 2700 αὐτῆς
1577 2635 1797 2686 καὶτῶν

234 2718 291 2769 ὲν
321 2718 460 2787 αὐτῇ
494 2719 660 2785 φίλων
709 2722 1159 2789 καταφρονῆσαι·
1193 2723 1400 2773 πείθειν
1435 2740 1492 2773 τε
1536 2724 1696 2775 αὐτὸν
1722 2726 1797 2787 ὼς

232 2808 334 2860 οὐκ
367 2809 482 2860 ἐστι
517 2810 587 2876 γῆ
624 2812 784 2880 αὐτὴ,
816 2808 948 2864 ἀλλὰ
979 2814 1208 2882 οὐρανοῦ
1253 2815 1419 2883 μέρος
1448 2831 1535 2878 τις
1570 2815 1795 2885 Εἴρηται

232 2894 351 2961 οὗν,
382 2900 479 2951 ὅττε
491 2917 520 2967 ρ
548 2896 720 2964 εἷπον,
746 2902 873 2972 παρ’
903 2904 1227 2972 ἀμφοτέρων
1251 2906 1358 2956 τῶν
1384 2905 1640 2971 γλωσσῶν
1670 2905 1795 2957 τού-

232 3007 342 3042 των
378 2992 614 3060 μέγιστα
648 2994 777 3063 περὶ
806 2996 995 3063 αὐτῆς.
1029 2991 1191 3062 Οἶμαι
1222 2996 1276 3047 δὲ
1311 2998 1403 3050 καὶ
1435 2996 1557 3055 τοὺς
1589 2997 1795 3067 βαρῦά-

235 3092 365 3144 ρους
391 3078 609 3143 αὐτοὺς,
638 3080 753 3130 ὅσοι
791 3080 863 3149 μὴ
884 3083 1226 3151 γραμμάτων
1251 3084 1525 3147 παντελῶς
1548 3087 1788 3155 ἄμοιροι,

1918 1085 2139 1137 minima
2180 1087 2352 1152 ipsam
2412 1085 2697 1152 Memphim
2728 1096 2890 1153 atque
2919 1087 3100 1140 omnia
3134 1087 3313 1142 vicina
3372 1089 3487 1143 loca

1910 1178 2019 1246 ja-n
2047 1178 2169 1230 inde
2195 1177 2262 1230 ab
2293 1177 2383 1229 illo
2408 1185 2648 1244 tempore
2680 1184 2731 1229 et
2766 1178 2942 1230 adhuc
2986 1187 3179 1231 nostra
3228 1190 3386 1231 aetate
3419 1180 3485 1231 ad

1914 1282 2295 1336 quamcunque
2325 1277 2655 1321 structuram
2708 1283 2811 1320 non
2846 1283 3006 1322 secus
3061 1283 3123 1321 ac
3178 1270 3488 1336 lapidicinis

1914 1361 1990 1413 uti
2029 1358 2290 1423 referunt,
2325 1360 2393 1412 ita
2452 1369 2629 1413 tamen
2669 1369 2722 1412 ut
2756 1374 3031 1427 nunquam
3067 1359 3320 1428 .dcileiat,
3354 1362 3484 1429 quin

1916 1452 2025 1503 imo
2063 1452 2301 1517 integris,
2338 1461 2394 1503 nt
2423 1452 2593 1514 aiunt,
2648 1452 2958 1506 civitatibus
3001 1452 3239 1520 vicisque
3300 1467 3364 1505 ex
3420 1469 3486 1507 ea

1912 1544 2245 1603 exstructis,
2303 1543 2385 1593 vix
2450 1543 2699 1607 exiguam
2762 1543 2879 1608 ejus
2950 1542 3271 1609 particulam
3351 1556 3478 1595 cou-

1911 1649 2213 1701 sua-psere.
2269 1632 2575 1686 Verisimile
2637 1645 2817 1686 autem
2861 1644 2994 1697 erat,
3040 1634 3353 1702 quicunque
3387 1633 3485 1686 de-

1911 1742 2057 1778 mum
2091 1725 2272 1788 fuerit,
2308 1726 2454 1778 illum
2502 1740 2622 1779 eum
2657 1724 2885 1778 Romam
2935 1726 3484 1791 navigareninsulas

1912 1831 1971 1868 ac
1993 1815 2253 1869 Graec-iam
2288 1816 2511 1870 obiissc.
2547 1815 2655 1869 Nec
2694 1832 2720 1869 a
2748 1832 2873 1869 vero
2920 1818 3174 1869 abhorret
3205 1832 3323 1867 eum
3369 1817 3477 1883 jam

1909 1914 2064 1958 antea
2094 1906 2373 1961 Graeciam
2413 1907 2791 1973 perlustrasse.
2829 1914 2881 1958 et
2929 1906 3149 1959 Gramine
3186 1916 3312 1956 tune
3344 1916 3480 1956 tem-

1911 1999 2057 2064 poris
2080 2000 2330 2057 ocellu'n,
2372 1998 2630 2050 Athenas.
2669 1995 2760 2047 Vel
2796 2013 2856 2048 ex
2899 1999 3008 2062 ijha
3036 1982 3239 2049 (Ii-eicio
3299 1996 3480 2047 oriun-

1906 2089 2033 2141 dum
2064 2103 2184 2140 esse
2213 2088 2496 2154 oportebat
2524 2104 2537 2150 ;
2563 2102 2737 2152 neque
2758 2088 2909 2137 illum
2937 2087 3000 2138 de
3031 2086 3191 2153 vulgo
3217 2087 3477 2153 aliquem,

1905 2177 1997 2244 qui
2062 2177 2370 2244 hujusmodi
2448 2191 2546 2228 nec
2603 2175 2825 2227 vidisset
2892 2191 2986 2227 nee
3030 2176 3328 2228 audivisset
3377 2191 3475 2226 un-

1904 2283 2064 2336 quam
2100 2309 2113 2328 .
2152 2271 2246 2321 sed
2303 2268 2589 2334 quemdam
2632 2283 2692 2319 ex
2743 2267 3155 2326 eruditiorihus,
3206 2254 3328 2317 eum
3366 2281 3476 2334 quo

1902 2358 2202 2411 litterarum
2288 2357 2678 2411 commercium
2750 2359 2797 2409 ei
2861 2358 3239 2418 intercederet,
3278 2366 3331 2409 et
3382 2354 3473 2424 qui

1904 2443 2018 2511 ipse
2050 2444 2318 2512 ejusmodi
2351 2446 2677 2512 spectaculis
2709 2455 2871 2512 atque
2925 2446 3211 2499 itineribus
3236 2448 3475 2499 delecta-

1900 2546 2071 2587 retur.
2100 2534 2367 2599 Quidnam
2433 2551 2563 2604 ergo
2626 2535 2754 2588 illud
2807 2545 2923 2588 erat
2965 2538 3107 2603 quod
3156 2539 3291 2589 adeo
3346 2555 3469 2590 eum

1902 2635 2080 2692 posset
2116 2625 2425 2693 pereellere,
2456 2638 2511 2677 ut
2563 2625 2783 2679 Grazeire
2834 2643 3125 2695 rerumque
3153 2629 3203 2681 in
3236 2625 3320 2681 ea
3349 2632 3470 2681 visu

1900 2715 2187 2784 dignarum
2219 2716 2657 2776 oblivisceretur,
2714 2716 2908 2769 videns
2957 2717 3136 2783 qualia
3184 2727 3309 2772 ante
3365 2736 3471 2773 non

1896 2806 2124 2869 viderat,
2153 2816 2206 2859 et
2258 2806 2451 2872 ipsam,
2480 2815 2534 2858 et
2565 2806 2784 2881 relictos
2810 2808 2863 2860 in
2892 2822 2954 2859 ea
2980 2809 3186 2862 amicos
3220 2818 3437 2863 contem
3456 2839 3470 2850 -

1896 2906 2050 2949 neret
2082 2936 2094 2956 ,
2135 2913 2196 2949 ac
2228 2898 2444 2951 sibimet
2496 2898 2848 2963 persuaderet
2891 2915 2997 2951 non
3047 2908 3241 2952 terram
3300 2902 3468 2961 illam.

1898 2988 1987 3041 sed
2014 2988 2133 3040 caeli
2161 2989 2480 3052 particulam
2511 2990 2803 3057 quamdam
2844 3004 2965 3043 esse
2996 2990 3019 3042 ?
3043 3006 3213 3058 quare
3240 2991 3292 3043 in
3319 3001 3470 3044 utra-

1895 3094 2021 3148 que,
2052 3087 2107 3129 ut
2136 3079 2265 3141 dixi,
2324 3080 2523 3147 lingua,
2582 3080 2818 3133 maxima
2850 3080 2917 3133 de
2961 3095 3022 3133 ea
3082 3082 3292 3148 prodita
3351 3080 3470 3134 fue-

235 3166 466 3219 πλεῖστα
496 3170 624 3238 περὶ
652 3171 822 3241 αὐτῆς
852 3172 993 3242 ἔχειν
1022 3177 1077 3224 ἐν
1110 3179 1469 3243 συγγραφαῖς.
1524 3178 1663 3229 Ἀλλ’
1687 3178 1795 3246 ἐγὼ
1821 3187 1863 3243 C

1821 3187 1863 3243 ο
1897 3176 2043 3222 runt.
2092 3167 2233 3233 Quin
2260 3178 2312 3221 et
2344 3167 2611 3222 Barbaros
2657 3170 2824 3237 ipsos.
2883 3178 3234 3237 quotcunque
3265 3170 3470 3223 Iittera'

238 3255 397 3325 ᾤμην
419 3257 591 3312 ταῦτα
617 3260 742 3327 παρ’
776 3262 998 3313 ἐκείνων
1028 3264 1163 3331 πρὸς
1192 3265 1494 3333 ὑπερϐολὴν
1520 3268 1796 3335 λέγεσθαι*

232 3350 328 3401 νῦν
360 3350 417 3402 δὲ
440 3351 551 3419 ὁρῶ
586 3354 752 3421 μηδὲν
782 3354 918 3422 πρὸς
952 3357 1255 3427 ὑπερϐολὴν
1286 3360 1539 3429 εἰρῆσθαι
1572 3362 1798 3415 τοιαῦτά

231 3441 336 3491 εἰσι
365 3442 436 3493 τὰ
466 3445 737 3512 ὁρώμενα.
770 3446 963 3499 Καίτοι
998 3452 1270 3518 μεμένηκε
1306 3452 1404 3518 μὲν
1432 3452 1584 3504 οὐδὲν
1613 3452 1797 3520 σχεδὸν

233 3530 376 3582 σῶον
406 3533 463 3583 ὲν
492 3534 650 3603 αὐτῇ,
684 3536 791 3587 οὐδ’
823 3537 887 3588 ἂν
936 3539 1117 3607 εὕροις
1145 3557 1196 3591 τι
1242 3541 1417 3595 ἀθῶον
1450 3543 1798 3596 παντάπασιν

232 3624 520 3691 ἐπηρείας,
564 3626 671 3677 τῶν
707 3628 805 3695 μὲν
848 3630 1169 3698 αὐτομάτων
1212 3632 1314 3684 ὑπὸ
1357 3635 1548 3700 χρόνου
1598 3640 1796 3706 κατερ-

230 3717 540 3783 ρυηκότων,
597 3709 704 3770 τῶν
738 3719 792 3769 δὲ
827 3720 983 3786 χερσί
1029 3738 1184 3773 τινων
1219 3722 1610 3791 βεϐιασμένων.
1650 3730 1796 3795 Συμ-

230 3803 438 3869 6ἐ6ηκε
479 3806 587 3871 γὰρ
614 3808 706 3857 καὶ
739 3806 931 3877 ταύτῃ,
961 3810 1097 3878 ὅπερ
1125 3811 1218 3861 καὶ
1245 3815 1308 3880 τῇ
1348 3815 1594 3883 ἡμετέρᾳ
1619 3816 1792 3878 πόλει,

228 3895 404 3961 αὐτὴν
441 3895 606 3961 ἑαυτῇ
637 3896 753 3947 ἀντὶ
788 3898 1062 3965 μετάλλων
1094 3901 1187 3951 καὶ
1213 3901 1486 3971 λατομιῶν
1514 3901 1674 3969 εἶναι,
1702 3908 1796 3958 καὶ

225 3984 365 4052 ὅπερ
414 3984 506 4034 ἐπὶ
549 3983 644 4036 τοῦ
692 3988 893 4047 παντὸς
939 3988 1129 4041 τούτου
1171 3990 1431 4060 λέγομεν,
1481 3994 1651 4063 αὐτὴν
1706 3996 1795 4063 ὑφ’

225 4076 427 4144 ἑαυτῆς
460 4076 755 4144 τρέφεσθαι
798 4079 894 4130 καὶ
923 4077 1270 4134 ἀναλοῦσθαι.
1319 4083 1585 4151 Κὲκμηκε
1636 4085 1692 4137 δὲ
1721 4084 1797 4149 ὡς

224 4169 404 4219 εἰπεῖν
434 4169 492 4219 ὲν
514 4169 681 4219 πᾶσι*
714 4169 965 4235 φαίνεται
989 4170 1043 4222 δὲ
1077 4172 1225 4240 ὅμως
1250 4173 1346 4226 καὶ
1380 4174 1436 4225 ὲν
1473 4176 1655 4239 αὐτοῖς
1684 4179 1795 4241 τοῖς

223 4260 495 4327 ἐρειπίοις
521 4260 613 4311 καὶ
646 4260 919 4325 κολωνοῖς,
949 4256 1037 4314 οἷα
1065 4262 1126 4327 ἐξ
1159 4266 1334 4334 ἀρχῆς
1365 4268 1583 4333 γέγονε,
1614 4268 1708 4321 καὶ
1733 4270 1794 4322 τὸ

222 4351 335 4402 τῶν
392 4350 720 4420 οίκοδομιῶν
780 4352 1011 4421 μέγεθος
1042 4355 1137 4406 καὶ
1186 4355 1402 4416 κάλλος.
1442 4358 1507 4409 Τί
1555 4358 1664 4427 γὰρ
1696 4360 1794 4412 οὐκ

221 4436 289 4507 ἦν
320 4442 432 4492 τῶν
462 4443 519 4494 ὲν
549 4442 686 4511 αὐτῇ
709 4443 905 4509 καλόν;
939 4445 1047 4497 Καὶ
1069 4446 1129 4496 οὐ
1154 4447 1313 4513 μόνον
1340 4427 1671 4516 συγκείμενα
1697 4452 1792 4502 καὶ

1902 3274 2020 3311 rum
2059 3274 2166 3311 non
2192 3260 2348 3325 plane
2392 3269 2644 3326 expertes
2674 3270 2822 3322 sunt,
2884 3260 3117 3327 plurima
3156 3262 3222 3314 de
3271 3261 3360 3314 illa
3413 3263 3468 3316 in

1898 3348 2115 3414 scriptis
2150 3349 2346 3401 habere
2381 3349 2655 3402 existimo.
2691 3348 2793 3402 Sed
2830 3364 2929 3417 ego
2981 3350 3074 3417 qui
3129 3351 3241 3403 haec
3272 3350 3337 3402 ad
3370 3350 3472 3419 hy-

1899 3424 2152 3506 perbolen
2206 3439 2368 3493 abiis
2418 3439 2523 3492 dici
2586 3440 2866 3507 putabam,
2929 3455 3072 3493 nunc
3118 3440 3252 3493 nihil
3304 3455 3467 3509 supra

1898 3543 2060 3596 quam
2092 3544 2179 3583 res
2216 3530 2375 3583 habet
2403 3529 2509 3582 diei
2555 3531 2710 3582 video
2742 3546 2756 3581 :
2798 3530 2924 3582 talia
2963 3541 3087 3583 sunt
3120 3545 3181 3582 ea
3235 3545 3355 3598 quae
3388 3530 3471 3581 vi-

1898 3619 2111 3673 dentur.
2147 3619 2294 3671 Licet
2335 3619 2467 3672 nihil
2532 3621 2700 3672 ferme
2739 3620 3004 3687 integrum
3058 3620 3372 3688 salvumque
3414 3621 3467 3673 in

1896 3724 1957 3763 ea
1985 3712 2346 3775 remanserit,
2389 3726 2486 3763 nec
2534 3710 2835 3779 quidquam
2886 3712 3111 3764 omnino
3150 3712 3220 3765 ab
3266 3712 3465 3780 injuria

1895 3801 2135 3854 immune
2156 3802 2396 3869 reperire
2420 3801 2577 3855 liceat
2606 3817 2765 3854 :cum
2794 3801 2899 3855 alia
2924 3801 3138 3871 quidem
3161 3818 3257 3856 sua
3275 3810 3468 3871 sponte

1896 3902 2007 3959 pra:
2036 3892 2295 3958 temporis
2316 3900 2584 3945 vetustate
2609 3891 2865 3957 collapsa,
2897 3892 2999 3944 alia
3030 3892 3297 3945 violentas
3328 3906 3463 3958 quo-

1898 3981 2142 4033 rumdam
2179 3996 2372 4034 manus
2394 3993 2614 4048 experta
2668 3980 2888 4033 fuerint.
2930 3980 3063 4033 Nam
3097 3990 3151 4035 et
3182 3981 3305 4034 huic
3343 3982 3465 4035 urbi

1898 4071 2035 4124 idem
2053 4073 2195 4139 quod
2226 4081 2426 4125 nostrae
2444 4072 2664 4133 accidit,
2695 4081 2751 4124 ut
2784 4072 2896 4139 ipsa
2920 4072 3021 4125 sibi
3044 4071 3383 4124 metallorum
3404 4087 3467 4125 ac

1858 4157 1862 4162 ’
1898 4163 2313 4232 lapicidinarum
2353 4163 2472 4216 loco
2494 4174 2637 4216 esset
2677 4179 2691 4215 :
2720 4171 2772 4215 et
2813 4162 2955 4230 quod
2984 4162 3049 4214 de
3080 4163 3331 4215 universo
3366 4164 3467 4217 hoc
3556 4209 3560 4214 .

1907 4256 2163 4318 dicimus,
2200 4255 2314 4322 ipsa
2340 4270 2367 4306 a
2399 4254 2575 4321 seipsa
2609 4252 2908 4306 nutriretur
2934 4260 2988 4305 et
3032 4262 3463 4307 consumeretur.

1897 4348 2101 4401 Deiecit
2120 4355 2299 4399 autem
2323 4346 2489 4399 ferme
2512 4346 2566 4398 in
2581 4342 2863 4399 omnibus:
2888 4344 3241 4398 nihilominus
3259 4345 3310 4396 in
3334 4345 3467 4412 ipsis

1896 4438 2061 4493 etiam
2111 4438 2284 4491 ruinis
2313 4452 2375 4490 ac
2406 4437 2694 4490 ruderibus
2722 4445 2965 4505 apparet,
2996 4436 3174 4503 qualis
3204 4434 3467 4503 principio

224 4531 598 4598 συνεστηκότα
619 4526 688 4601 ἦν
712 4532 821 4602 ἄρα
847 4535 1010 4598 καλά,
1031 4536 1165 4589 ἀλλὰ
1187 4539 1277 4588 καὶ
1306 4538 1642 4609 διαιρεθέντα
1666 4541 1806 4596 καλά
1834 4526 1883 4585 D

1803 4563 1806 4593 μ
1834 4526 1885 4585 D
1914 4532 2095 4598 fuerit,
2118 4542 2231 4585 tum
2261 4540 2654 4586 structurarum
2688 4532 3001 4601 magnitudo
3017 4540 3071 4584 et
3100 4530 3462 4599 pulchritudo.

222 4624 481 4688 φαίνεται
507 4637 521 4652 ⁸
561 4617 671 4674 οἷον
703 4622 955 4691 σώματος
980 4624 1102 4676 ὅλου
1134 4624 1322 4690 καλοῦ,
1347 4629 1469 4697 χεὶρ
1573 4628 1726 4693 ποῦς,
1754 4629 1786 4699 ἢ

221 4714 439 4783 κεφαλὴ
460 4714 598 4782 καλή
622 4729 637 4745 '
664 4715 755 4767 καὶ
776 4714 1013 4782 μεγάλου
1041 4713 1290 4785 σώματος
1315 4716 1547 4769 ἕκαστον
1564 4718 1669 4769 τῶν
1695 4735 1789 4785 με·

219 4804 327 4855 λῶν
357 4806 522 4871 μέγα.
548 4804 661 4857 Οὐκ
691 4804 844 4871 ὀλίγα
865 4804 920 4855 δὲ
942 4804 1119 4857 αὐτῶν
1142 4806 1235 4858 καὶ
1256 4807 1331 4874 τῷ
1362 4807 1598 4876 πλείστῳ
1630 4807 1788 4876 μέρει

224 4899 530 4963 μεμένηκε.
563 4896 672 4947 Καὶ
699 4894 867 4947 πολλά
905 4895 962 4947 δὲ
994 4894 1100 4947 τῶν
1133 4899 1192 4948 ὲν
1220 4901 1284 4966 τῇ
1329 4898 1536 4951 Ἐλλάδι
1568 4900 1788 4966 γεγονό-

220 5004 353 5048 των,
396 4987 469 5048 ὡς
526 4986 733 5038 ἔνεστιν
785 4986 893 5039 ἀπὸ
940 4988 1047 5038 τῶν
1099 4990 1156 5039 ὲν
1214 4990 1395 5048 αὐτοῖς
1448 4991 1788 5058 γραμμάτων

227 5078 379 5137 ἰδεῖν,
414 5077 473 5127 ὲν
524 5078 658 5144 αὐτῇ
690 5075 961 5128 δείκνυται
988 5092 1001 5105 ο
1034 5077 1208 5139 κίονες
1256 5079 1348 5129 καὶ
1386 5079 1522 5131 λίθοι
1551 5096 1788 5149 περιφα-

220 5171 357 5230 νεῖς,
394 5168 490 5219 καὶ
520 5170 711 5235 στῆλαι
748 5168 843 5220 καὶ
865 5168 1180 5236 ἀγάλματα,
1205 5171 1299 5220 καὶ
1328 5170 1660 5238 ἀνδριάντες,
1695 5171 1790 5224 καὶ

222 5259 534 5327 γράμματα
594 5259 823 5311 πλείστα
871 5256 1161 5325 Ἐλληνικά
1216 5258 1309 5312 τοῦ
1360 5260 1645 5313 καλλίστου
1694 5265 1788 5316 καὶ

223 5350 459 5417 ἀρχαίου
508 5348 701 5402 τύπου.
764 5348 941 5401 Πολλὰ
987 5351 1043 5404 δὲ
1075 5353 1166 5402 καὶ
1210 5352 1335 5418 τῇδε
1386 5354 1441 5403 ἐν
1477 5354 1610 5423 αὐτῇ
1660 5357 1788 5423 παρ’

236 5440 510 5508 Ἑλλήνων
540 5443 785 5508 γέγονεν,
820 5442 894 5503 ὼς
932 5442 1139 5508 ἔξεστιν
1176 5443 1282 5496 ἀπὸ
1322 5445 1429 5495 τῶν
1466 5447 1789 5514 ἐπιγραφῶν

229 5530 359 5581 ἰδεῖν
382 5548 395 5561 ι
428 5530 523 5583 καὶ
554 5530 802 5597 φαίνεται
834 5531 958 5594 τούς
981 5549 1038 5585 τε
1072 5532 1291 5593 πολίτας
1317 5534 1505 5601 αὐτῆς,
1536 5535 1610 5596 ὡς
1639 5536 1790 5604 παρὰ

222 5623 333 5672 τῶν
383 5622 635 5691 ίστοριῶν
683 5625 976 5693 ἀκούομεν,
1026 5626 1229 5693 σφόδρα
1287 5628 1398 5686 τοῖς
1457 5626 1789 5694 Ἑλληνικοῖς

224 5713 476 5782 ἥδεσθαι,
533 5716 626 5766 καὶ
659 5715 943 5778 πλείστους
974 5717 1077 5769 τῶν
1109 5718 1389 5786 ἡμετέρων
1432 5719 1699 5789 Ἕλληνας
1733 5723 1788 5773 ὲν

227 5802 365 5871 αὑτῇ
396 5803 668 5869 γενέσθαι.

1895 4623 2034 4690 Quid
2078 4624 2223 4677 enim
2247 4625 2300 4676 in
2324 4637 2387 4676 ea
2412 4637 2518 4675 non
2553 4620 2837 4689 pulchrum
2878 4619 3023 4674 fuit?
3054 4618 3164 4673 Nec
3186 4619 3360 4674 solum
3380 4619 3467 4672 in-

1894 4724 2041 4783 tegra
2069 4724 2121 4768 et
2143 4714 2427 4782 conjuncta
2447 4712 2670 4781 pulchra
2691 4721 2863 4775 erant,
2882 4711 2976 4766 sed
3000 4710 3226 4777 disjecta
3252 4723 3467 4778 quoque

1894 4822 1959 4860 ac
2003 4806 2174 4860 divisa
2207 4806 2431 4874 pulchra
2463 4812 2747 4872 apparent.
2775 4802 3244 4869 Quemadmodum
3278 4802 3330 4854 in
3384 4803 3466 4853 in-

1895 4907 2048 4966 tegro
2068 4912 2301 4965 corpore
2342 4897 2571 4964 pulchro
2629 4909 2822 4949 manus
2868 4894 2951 4949 vel
3002 4908 3135 4962 pes,
3169 4892 3253 4947 vel
3303 4896 3466 4962 caput

1897 4989 2179 5057 pulchrum
2204 4998 2327 5053 est;
2365 4997 2419 5040 et
2450 4989 2500 5038 in
2542 5000 2740 5052 magno
2789 4999 3014 5052 corpore
3043 4985 3464 5053 unumquodque

1896 5080 2197 5132 membrum
2232 5093 2507 5145 magnum.
2553 5078 2655 5129 Sed
2706 5090 2812 5128 non
2849 5089 3019 5143 pauca
3068 5077 3258 5126 horum
3303 5079 3461 5128 etiam

1896 5172 2130 5224 maxima
2157 5170 2242 5224 sui
2270 5179 2421 5238 parte
2466 5174 2845 5221 remanserunt
2869 5183 2884 5222 :
2913 5174 3025 5220 tum
3082 5166 3249 5219 multa
3276 5181 3462 5218 eormn

1894 5278 2013 5331 qua:
2045 5262 2096 5315 in
2133 5260 2341 5315 Graecia
2371 5260 2497 5313 olim
2524 5259 2806 5321 exstitere,
2840 5266 2899 5309 ut
2920 5273 2982 5311 ex
3013 5256 3463 5324 inscriptionibus

1896 5354 2081 5407 videre
2135 5353 2282 5416 licet,
2345 5352 2397 5405 in
2431 5367 2493 5404 ea
2554 5352 2851 5404 visuntur:
2917 5350 3205 5410 columnae,
3248 5348 3458 5416 lapides

1895 5444 2101 5507 eximii,
2138 5454 2352 5507 statuae,
2421 5444 2599 5511 signa,
2633 5442 2917 5510 imagines,
2967 5441 3321 5508 pluzimaaque
3376 5440 3459 5490 iri-

1896 5539 2219 5605 scriptiones
2263 5536 2483 5599 Graeca,
2531 5534 2910 5602 pulcherrimae
2960 5547 3021 5584 ac
3070 5532 3269 5584 veteris
3298 5540 3455 5583 notae.

1896 5629 2060 5683 Multa
2083 5643 2299 5698 quoque
2324 5629 2409 5681 hic
2440 5628 2490 5679 in
2532 5627 2651 5694 ipsa
2700 5623 2835 5677 urbe
2896 5638 2925 5676 a
2956 5622 3157 5676 Graecis
3206 5620 3344 5673 facta
3378 5620 3461 5672 fu-

1895 5736 2006 5783 ere,
2043 5730 2101 5775 ut
2127 5738 2190 5774 ex
2224 5718 2669 5787 inscriptionibus
2693 5716 2874 5768 videre
2904 5721 3009 5766 est.
3043 5713 3103 5764 Et
3139 5712 3283 5764 cives
3314 5710 3455 5777 ejus,

1897 5827 2045 5866 ntex
2118 5812 2358 5865 historiis
2412 5808 2809 5877 cognoscimus,
2872 5806 3223 5859 vehementer
3292 5806 3455 5857 rebus

226 5896 427 5950 Graecis
483 5896 650 5951 fuisse
684 5897 1387 5970 delectatos,plurimosque
1436 5910 1741 5958 nostrorum
1807 5906 2117 5960 Grzeeorum
2174 5907 2223 5957 in
2286 5918 2347 5957 ea
2381 5901 2578 5955 vixisse
2644 5908 2888 5966 apparet.
