  <div class='ocr_page' id='page_1' title='image "/cluster/home/n/w/nwhite01/storage/ocr_20150623/156/nnc1.0046980911/021.png"; bbox 0 0 4202 6444; ppageno 0'>
   <div class='ocr_carea' id='block_1_1' title="bbox 710 451 3958 546">
    <p class='ocr_par' dir='ltr' id='par_1_1' title="bbox 710 451 3958 546">
     <span class='ocr_line' id='line_1_1' title="bbox 710 451 3958 546; baseline 0.002 -34"><span class='ocrx_word' id='word_1_1' title='bbox 710 451 783 513; x_wconf 70' lang='lat'>2&#39;!</span> <span class='ocrx_word' id='word_1_2' title='bbox 1866 456 2262 518; x_wconf 85' lang='lat' dir='ltr'>MANUELIS</span> <span class='ocrx_word' id='word_1_3' title='bbox 2310 458 2834 546; x_wconf 69' lang='lat' dir='ltr'>CHRYSOLORB</span> <span class='ocrx_word' id='word_1_4' title='bbox 3886 461 3958 523; x_wconf 71' lang='lat'>23</span> 
     </span>
    </p>
   </div>
   <div class='ocr_carea' id='block_1_2' title="bbox 784 566 2297 644">
    <p class='ocr_par' dir='ltr' id='par_1_2' title="bbox 784 566 2288 639">
     <span class='ocr_line' id='line_1_2' title="bbox 784 566 2288 639; baseline 0.004 -21"><span class='ocrx_word' id='word_1_5' title='bbox 784 568 982 619; x_wconf 71' lang='lat' dir='ltr'>Verum</span> <span class='ocrx_word' id='word_1_6' title='bbox 1034 581 1140 619; x_wconf 87' lang='lat' dir='ltr'>non</span> <span class='ocrx_word' id='word_1_7' title='bbox 1171 581 1298 634; x_wconf 85' lang='lat' dir='ltr'>opes</span> <span class='ocrx_word' id='word_1_8' title='bbox 1331 566 1504 620; x_wconf 83' lang='lat' dir='ltr'>solum</span> <span class='ocrx_word' id='word_1_9' title='bbox 1563 577 1614 618; x_wconf 87' lang='lat' dir='ltr'>et</span> <span class='ocrx_word' id='word_1_10' title='bbox 1671 568 2066 635; x_wconf 72' lang='lat' dir='ltr'>dexteritatem,</span> <span class='ocrx_word' id='word_1_11' title='bbox 2125 581 2288 639; x_wconf 86' lang='lat' dir='ltr'>atque</span> 
     </span>
    </p>
   </div>
   <div class='ocr_carea' id='block_1_3' title="bbox 2389 566 3957 644">
    <p class='ocr_par' dir='ltr' id='par_1_3' title="bbox 2463 568 3957 644">
     <span class='ocr_line' id='line_1_3' title="bbox 2463 568 3957 644; baseline 0.001 -20"><span class='ocrx_word' id='word_1_12' title='bbox 2463 572 2536 624; x_wconf 85' lang='grc' dir='ltr'><strong>Οὐ</strong></span> <span class='ocrx_word' id='word_1_13' title='bbox 2573 571 2732 641; x_wconf 84' lang='grc' dir='ltr'>μόνον</span> <span class='ocrx_word' id='word_1_14' title='bbox 2783 571 2839 624; x_wconf 80' lang='grc' dir='ltr'>δὲ</span> <span class='ocrx_word' id='word_1_15' title='bbox 2878 570 2968 623; x_wconf 82' lang='grc' dir='ltr'>τὸν</span> <span class='ocrx_word' id='word_1_16' title='bbox 3023 568 3252 623; x_wconf 85' lang='grc' dir='ltr'>πλοῦτον</span> <span class='ocrx_word' id='word_1_17' title='bbox 3281 571 3383 624; x_wconf 78' lang='grc' dir='ltr'>’καὶ</span> <span class='ocrx_word' id='word_1_18' title='bbox 3432 570 3531 642; x_wconf 75' lang='grc' dir='ltr'>τὴν</span> <span class='ocrx_word' id='word_1_19' title='bbox 3583 571 3957 644; x_wconf 72' lang='grc' dir='ltr'>πολυχειρίαν,</span> 
     </span>
    </p>
   </div>
   <div class='ocr_carea' id='block_1_4' title="bbox 711 657 2279 726">
    <p class='ocr_par' dir='ltr' id='par_1_4' title="bbox 711 657 2279 726">
     <span class='ocr_line' id='line_1_4' title="bbox 711 657 2279 726; baseline 0.001 -16"><span class='ocrx_word' id='word_1_20' title='bbox 711 658 1027 719; x_wconf 81' lang='lat' dir='ltr'>artiﬁcium,</span> <span class='ocrx_word' id='word_1_21' title='bbox 1068 666 1161 709; x_wconf 91' lang='lat' dir='ltr'>aut</span> <span class='ocrx_word' id='word_1_22' title='bbox 1192 658 1235 709; x_wconf 89' lang='lat' dir='ltr'><strong>si</strong></span> <span class='ocrx_word' id='word_1_23' title='bbox 1270 657 1404 709; x_wconf 83' lang='lat' dir='ltr'>velis</span> <span class='ocrx_word' id='word_1_24' title='bbox 1433 657 1855 725; x_wconf 70' lang='lat' dir='ltr'>magnitudinem</span> <span class='ocrx_word' id='word_1_25' title='bbox 1912 675 1976 713; x_wconf 89' lang='lat' dir='ltr'>ac</span> <span class='ocrx_word' id='word_1_26' title='bbox 2024 663 2279 726; x_wconf 62' lang='lat' dir='ltr'>majestao</span> 
     </span>
    </p>
   </div>
   <div class='ocr_carea' id='block_1_5' title="bbox 710 748 2277 815">
    <p class='ocr_par' dir='ltr' id='par_1_5' title="bbox 710 748 2277 815">
     <span class='ocr_line' id='line_1_5' title="bbox 710 748 2277 815; baseline 0.001 -14"><span class='ocrx_word' id='word_1_27' title='bbox 710 758 842 811; x_wconf 68' lang='lat' dir='ltr'>tem,</span> <span class='ocrx_word' id='word_1_28' title='bbox 876 758 987 801; x_wconf 89' lang='lat' dir='ltr'>tum</span> <span class='ocrx_word' id='word_1_29' title='bbox 1021 749 1182 800; x_wconf 81' lang='lat' dir='ltr'>etiam</span> <span class='ocrx_word' id='word_1_30' title='bbox 1218 748 1586 815; x_wconf 81' lang='lat' dir='ltr'>prudentiam,</span> <span class='ocrx_word' id='word_1_31' title='bbox 1617 750 1987 814; x_wconf 81' lang='lat' dir='ltr'>splendorem,</span> <span class='ocrx_word' id='word_1_32' title='bbox 2009 762 2062 803; x_wconf 90' lang='lat' dir='ltr'>et</span> <span class='ocrx_word' id='word_1_33' title='bbox 2095 752 2277 803; x_wconf 72' lang='lat' dir='ltr'>luxum</span> 
     </span>
    </p>
   </div>
   <div class='ocr_carea' id='block_1_6' title="bbox 713 837 2277 906">
    <p class='ocr_par' dir='ltr' id='par_1_6' title="bbox 713 837 2277 906">
     <span class='ocr_line' id='line_1_6' title="bbox 713 837 2277 906; baseline 0.001 -16"><span class='ocrx_word' id='word_1_34' title='bbox 713 848 874 906; x_wconf 89' lang='lat' dir='ltr'>atque</span> <span class='ocrx_word' id='word_1_35' title='bbox 922 837 1291 906; x_wconf 78' lang='lat' dir='ltr'>profusionem</span> <span class='ocrx_word' id='word_1_36' title='bbox 1340 837 1488 890; x_wconf 87' lang='lat' dir='ltr'>urbis</span> <span class='ocrx_word' id='word_1_37' title='bbox 1518 853 1579 890; x_wconf 78' lang='lat' dir='ltr'>ex</span> <span class='ocrx_word' id='word_1_38' title='bbox 1626 839 1774 891; x_wconf 86' lang='lat' dir='ltr'>hisee</span> <span class='ocrx_word' id='word_1_39' title='bbox 1832 849 2277 902; x_wconf 85' lang='lat' dir='ltr'>statuarum,co-</span> 
     </span>
    </p>
   </div>
   <div class='ocr_carea' id='block_1_7' title="bbox 712 929 2280 996">
    <p class='ocr_par' dir='ltr' id='par_1_7' title="bbox 712 929 2280 996">
     <span class='ocr_line' id='line_1_7' title="bbox 712 929 2280 996; baseline 0.003 -16"><span class='ocrx_word' id='word_1_40' title='bbox 712 930 1040 988; x_wconf 86' lang='lat' dir='ltr'>lnmnarum,</span> <span class='ocrx_word' id='word_1_41' title='bbox 1101 929 1477 993; x_wconf 83' lang='lat' dir='ltr'>sepulcrorum</span> <span class='ocrx_word' id='word_1_42' title='bbox 1529 938 1691 996; x_wconf 88' lang='lat' dir='ltr'>atque</span> <span class='ocrx_word' id='word_1_43' title='bbox 1745 931 2097 984; x_wconf 76' lang='lat' dir='ltr'>aediﬁciorum</span> <span class='ocrx_word' id='word_1_44' title='bbox 2152 933 2280 984; x_wconf 86' lang='lat' dir='ltr'>reli-</span> 
     </span>
    </p>
   </div>
   <div class='ocr_carea' id='block_1_8' title="bbox 713 1020 2280 1089">
    <p class='ocr_par' dir='ltr' id='par_1_8' title="bbox 713 1020 2280 1089">
     <span class='ocr_line' id='line_1_8' title="bbox 713 1020 2280 1089; baseline 0.002 -19"><span class='ocrx_word' id='word_1_45' title='bbox 713 1021 855 1086; x_wconf 92' lang='lat' dir='ltr'>quiis</span> <span class='ocrx_word' id='word_1_46' title='bbox 883 1021 1190 1088; x_wconf 84' lang='lat' dir='ltr'>perspicere</span> <span class='ocrx_word' id='word_1_47' title='bbox 1245 1020 1403 1072; x_wconf 80' lang='lat' dir='ltr'>lieet:</span> <span class='ocrx_word' id='word_1_48' title='bbox 1450 1020 1543 1070; x_wconf 92' lang='lat' dir='ltr'>sed</span> <span class='ocrx_word' id='word_1_49' title='bbox 1579 1032 1630 1071; x_wconf 88' lang='lat' dir='ltr'>et</span> <span class='ocrx_word' id='word_1_50' title='bbox 1675 1022 2114 1089; x_wconf 76' lang='lat' dir='ltr'>superstitionem</span> <span class='ocrx_word' id='word_1_51' title='bbox 2163 1022 2280 1088; x_wconf 89' lang='lat' dir='ltr'>ejus</span> 
     </span>
    </p>
   </div>
   <div class='ocr_carea' id='block_1_9' title="bbox 709 1109 2283 1176">
    <p class='ocr_par' dir='ltr' id='par_1_9' title="bbox 709 1109 2283 1176">
     <span class='ocr_line' id='line_1_9' title="bbox 709 1109 2283 1176; baseline 0.001 -15"><span class='ocrx_word' id='word_1_52' title='bbox 709 1109 1316 1176; x_wconf 69' lang='lat' dir='ltr'>et&#39;magnanimitatem,</span> <span class='ocrx_word' id='word_1_53' title='bbox 1366 1119 1418 1160; x_wconf 79' lang='lat' dir='ltr'>et</span> <span class='ocrx_word' id='word_1_54' title='bbox 1471 1109 1850 1171; x_wconf 88' lang='lat' dir='ltr'>ambitionem,</span> <span class='ocrx_word' id='word_1_55' title='bbox 1909 1119 2027 1160; x_wconf 81' lang='lat' dir='ltr'>tum</span> <span class='ocrx_word' id='word_1_56' title='bbox 2065 1121 2283 1163; x_wconf 77' lang='lat' dir='ltr'>sonten-</span> 
     </span>
    </p>
   </div>
   <div class='ocr_carea' id='block_1_10' title="bbox 709 1199 2280 1265">
    <p class='ocr_par' dir='ltr' id='par_1_10' title="bbox 709 1199 2280 1265">
     <span class='ocr_line' id='line_1_10' title="bbox 709 1199 2280 1265; baseline -0.001 -11"><span class='ocrx_word' id='word_1_57' title='bbox 709 1202 863 1262; x_wconf 89' lang='lat' dir='ltr'>tiam,</span> <span class='ocrx_word' id='word_1_58' title='bbox 900 1199 1182 1261; x_wconf 71' lang='lat' dir='ltr'>victorias,</span> <span class='ocrx_word' id='word_1_59' title='bbox 1216 1207 1378 1265; x_wconf 90' lang='lat' dir='ltr'>atque</span> <span class='ocrx_word' id='word_1_60' title='bbox 1432 1200 1738 1251; x_wconf 77' lang='lat' dir='ltr'>universam</span> <span class='ocrx_word' id='word_1_61' title='bbox 1769 1200 2101 1261; x_wconf 70' lang='lat' dir='ltr'>felicitatem,</span> <span class='ocrx_word' id='word_1_62' title='bbox 2155 1201 2280 1254; x_wconf 87' lang='lat' dir='ltr'>item</span> 
     </span>
    </p>
   </div>
   <div class='ocr_carea' id='block_1_11' title="bbox 712 1290 2281 1359">
    <p class='ocr_par' dir='ltr' id='par_1_11' title="bbox 712 1290 2281 1359">
     <span class='ocr_line' id='line_1_11' title="bbox 712 1290 2281 1359; baseline 0 -15"><span class='ocrx_word' id='word_1_63' title='bbox 712 1292 1024 1358; x_wconf 82' lang='lat' dir='ltr'>imperium,</span> <span class='ocrx_word' id='word_1_64' title='bbox 1093 1290 1383 1357; x_wconf 81' lang='lat' dir='ltr'>dignitates</span> <span class='ocrx_word' id='word_1_65' title='bbox 1434 1300 1488 1343; x_wconf 90' lang='lat' dir='ltr'>et</span> <span class='ocrx_word' id='word_1_66' title='bbox 1544 1307 1820 1343; x_wconf 86' lang='lat' dir='ltr'>armorum</span> <span class='ocrx_word' id='word_1_67' title='bbox 1872 1292 2281 1359; x_wconf 83' lang='lat' dir='ltr'>peritiam.Nam</span> 
     </span>
    </p>
   </div>
   <div class='ocr_carea' id='block_1_12' title="bbox 709 1381 2285 1450">
    <p class='ocr_par' dir='ltr' id='par_1_12' title="bbox 709 1381 2285 1450">
     <span class='ocr_line' id='line_1_12' title="bbox 709 1381 2285 1450; baseline 0 -16"><span class='ocrx_word' id='word_1_68' title='bbox 709 1399 816 1435; x_wconf 92' lang='lat' dir='ltr'>non</span> <span class='ocrx_word' id='word_1_69' title='bbox 850 1382 1023 1435; x_wconf 89' lang='lat' dir='ltr'>solum</span> <span class='ocrx_word' id='word_1_70' title='bbox 1085 1381 1346 1434; x_wconf 81' lang='lat' dir='ltr'>sublimes</span> <span class='ocrx_word' id='word_1_71' title='bbox 1396 1383 1744 1450; x_wconf 79' lang='lat' dir='ltr'>aqmeduetus</span> <span class='ocrx_word' id='word_1_72' title='bbox 1772 1399 1801 1436; x_wconf 79' lang='grc' dir='ltr'>ο</span> <span class='ocrx_word' id='word_1_73' title='bbox 1835 1382 2130 1449; x_wconf 87' lang='lat' dir='ltr'>longinquo</span> <span class='ocrx_word' id='word_1_74' title='bbox 2185 1383 2285 1435; x_wconf 83' lang='lat' dir='ltr'>ad-</span> 
     </span>
    </p>
   </div>
   <div class='ocr_carea' id='block_1_13' title="bbox 708 1472 2282 1536">
    <p class='ocr_par' dir='ltr' id='par_1_13' title="bbox 708 1472 2282 1536">
     <span class='ocr_line' id='line_1_13' title="bbox 708 1472 2282 1536; baseline -0.001 -8"><span class='ocrx_word' id='word_1_75' title='bbox 708 1481 991 1528; x_wconf 79' lang='lat' dir='ltr'>ventantes</span> <span class='ocrx_word' id='word_1_76' title='bbox 1015 1472 1197 1525; x_wconf 88' lang='lat' dir='ltr'>videre</span> <span class='ocrx_word' id='word_1_77' title='bbox 1227 1473 1371 1536; x_wconf 90' lang='lat' dir='ltr'>licet,</span> <span class='ocrx_word' id='word_1_78' title='bbox 1407 1484 1759 1527; x_wconf 87' lang='lat' dir='ltr'>ctmnrorum</span> <span class='ocrx_word' id='word_1_79' title='bbox 1797 1475 2139 1535; x_wconf 89' lang='lat' dir='ltr'>crassitiem,</span> <span class='ocrx_word' id='word_1_80' title='bbox 2173 1485 2282 1527; x_wconf 91' lang='lat' dir='ltr'>tum</span> 
     </span>
    </p>
   </div>
   <div class='ocr_carea' id='block_1_14' title="bbox 709 1557 2288 1634">
    <p class='ocr_par' dir='ltr' id='par_1_14' title="bbox 709 1557 2288 1634">
     <span class='ocr_line' id='line_1_14' title="bbox 709 1557 2288 1634; baseline 0.001 -18"><span class='ocrx_word' id='word_1_81' title='bbox 709 1565 973 1632; x_wconf 83' lang='lat' dir='ltr'>porticus,</span> <span class='ocrx_word' id='word_1_82' title='bbox 1033 1557 1322 1631; x_wconf 65' lang='lat' dir='ltr'>regiaeque</span> <span class='ocrx_word' id='word_1_83' title='bbox 1375 1564 1538 1634; x_wconf 62' lang='lat' dir='ltr'>aedes,</span> <span class='ocrx_word' id='word_1_84' title='bbox 1600 1572 1653 1614; x_wconf 89' lang='lat' dir='ltr'>et</span> <span class='ocrx_word' id='word_1_85' title='bbox 1723 1564 1923 1621; x_wconf 87' lang='lat' dir='ltr'>curias.</span> <span class='ocrx_word' id='word_1_86' title='bbox 1955 1576 2008 1616; x_wconf 87' lang='lat' dir='ltr'>et</span> <span class='ocrx_word' id='word_1_87' title='bbox 2051 1563 2191 1624; x_wconf 78' lang='lat' dir='ltr'>iura,</span> <span class='ocrx_word' id='word_1_88' title='bbox 2233 1572 2288 1618; x_wconf 90' lang='lat' dir='ltr'>et</span> 
     </span>
    </p>
   </div>
   <div class='ocr_carea' id='block_1_15' title="bbox 712 1653 2284 1719">
    <p class='ocr_par' dir='ltr' id='par_1_15' title="bbox 712 1653 2284 1719">
     <span class='ocr_line' id='line_1_15' title="bbox 712 1653 2284 1719; baseline 0.001 -15"><span class='ocrx_word' id='word_1_89' title='bbox 712 1656 971 1718; x_wconf 76' lang='lat' dir='ltr'>thermas,</span> <span class='ocrx_word' id='word_1_90' title='bbox 997 1663 1049 1707; x_wconf 88' lang='lat' dir='ltr'>et</span> <span class='ocrx_word' id='word_1_91' title='bbox 1084 1656 1290 1707; x_wconf 85' lang='lat' dir='ltr'>theatra</span> <span class='ocrx_word' id='word_1_92' title='bbox 1324 1654 1390 1706; x_wconf 92' lang='lat' dir='ltr'>oh</span> <span class='ocrx_word' id='word_1_93' title='bbox 1423 1667 1733 1708; x_wconf 74' lang='lat' dir='ltr'>numerum.</span> <span class='ocrx_word' id='word_1_94' title='bbox 1779 1663 1828 1703; x_wconf 89' lang='lat' dir='ltr'>et</span> <span class='ocrx_word' id='word_1_95' title='bbox 1858 1653 2284 1719; x_wconf 79' lang='lat' dir='ltr'>magnitudinem</span> 
     </span>
    </p>
   </div>
   <div class='ocr_carea' id='block_1_16' title="bbox 712 1743 2286 1817">
    <p class='ocr_par' dir='ltr' id='par_1_16' title="bbox 712 1743 2286 1817">
     <span class='ocr_line' id='line_1_16' title="bbox 712 1743 2286 1817; baseline -0.003 -16"><span class='ocrx_word' id='word_1_96' title='bbox 712 1761 873 1816; x_wconf 88' lang='lat' dir='ltr'>atque</span> <span class='ocrx_word' id='word_1_97' title='bbox 916 1747 1377 1817; x_wconf 79' lang='lat' dir='ltr'>pulchritudinem</span> <span class='ocrx_word' id='word_1_98' title='bbox 1419 1745 1754 1810; x_wconf 88' lang='lat' dir='ltr'>conspicua:</span> <span class='ocrx_word' id='word_1_99' title='bbox 1802 1758 1986 1798; x_wconf 90' lang='lat' dir='ltr'>verum</span> <span class='ocrx_word' id='word_1_100' title='bbox 2009 1751 2061 1795; x_wconf 88' lang='lat' dir='ltr'>et</span> <span class='ocrx_word' id='word_1_101' title='bbox 2089 1743 2286 1810; x_wconf 87' lang='lat' dir='ltr'>templa</span> 
     </span>
    </p>
   </div>
   <div class='ocr_carea' id='block_1_17' title="bbox 711 1833 2290 1904">
    <p class='ocr_par' dir='ltr' id='par_1_17' title="bbox 711 1833 2290 1904">
     <span class='ocr_line' id='line_1_17' title="bbox 711 1833 2290 1904; baseline -0.005 -12"><span class='ocrx_word' id='word_1_102' title='bbox 711 1836 991 1904; x_wconf 81' lang='lat' dir='ltr'>Splendida</span> <span class='ocrx_word' id='word_1_103' title='bbox 1020 1836 1183 1889; x_wconf 80' lang='lat' dir='ltr'>multa</span> <span class='ocrx_word' id='word_1_104' title='bbox 1217 1845 1269 1887; x_wconf 88' lang='lat' dir='ltr'>et</span> <span class='ocrx_word' id='word_1_105' title='bbox 1322 1834 1646 1902; x_wconf 82' lang='lat' dir='ltr'>frequentia.</span> <span class='ocrx_word' id='word_1_106' title='bbox 1680 1834 1784 1885; x_wconf 86' lang='lat' dir='ltr'>alia</span> <span class='ocrx_word' id='word_1_107' title='bbox 1836 1833 1956 1885; x_wconf 88' lang='lat' dir='ltr'>aliis</span> <span class='ocrx_word' id='word_1_108' title='bbox 2013 1833 2290 1901; x_wconf 77' lang='lat' dir='ltr'>cegnmni-</span> 
     </span>
    </p>
   </div>
   <div class='ocr_carea' id='block_1_18' title="bbox 2384 660 3960 730">
    <p class='ocr_par' dir='ltr' id='par_1_18' title="bbox 2384 660 3960 730">
     <span class='ocr_line' id='line_1_18' title="bbox 2384 660 3960 730; baseline 0.004 -19"><span class='ocrx_word' id='word_1_109' title='bbox 2384 661 2482 712; x_wconf 81' lang='grc' dir='ltr'>καὶ</span> <span class='ocrx_word' id='word_1_110' title='bbox 2537 660 2638 729; x_wconf 81' lang='grc' dir='ltr'>τὴν</span> <span class='ocrx_word' id='word_1_111' title='bbox 2691 660 2907 729; x_wconf 72' lang='grc' dir='ltr'>τέχνην,</span> <span class='ocrx_word' id='word_1_112' title='bbox 2962 661 3012 712; x_wconf 83' lang='grc' dir='ltr'>εί</span> <span class='ocrx_word' id='word_1_113' title='bbox 3066 661 3123 712; x_wconf 78' lang='grc' dir='ltr'>δὲ</span> <span class='ocrx_word' id='word_1_114' title='bbox 3175 660 3356 730; x_wconf 78' lang='grc' dir='ltr'>βούλει</span> <span class='ocrx_word' id='word_1_115' title='bbox 3390 661 3450 713; x_wconf 73' lang='grc' dir='ltr'>τὸ</span> <span class='ocrx_word' id='word_1_116' title='bbox 3492 663 3722 730; x_wconf 83' lang='grc' dir='ltr'>μέγεθος</span> <span class='ocrx_word' id='word_1_117' title='bbox 3773 665 3870 716; x_wconf 78' lang='grc' dir='ltr'>καὶ</span> <span class='ocrx_word' id='word_1_118' title='bbox 3899 665 3960 718; x_wconf 86' lang='grc' dir='ltr'>τδ</span> 
     </span>
    </p>
   </div>
   <div class='ocr_carea' id='block_1_19' title="bbox 2387 750 3961 821">
    <p class='ocr_par' dir='ltr' id='par_1_19' title="bbox 2387 750 3961 821">
     <span class='ocr_line' id='line_1_19' title="bbox 2387 750 3961 821; baseline 0.005 -19"><span class='ocrx_word' id='word_1_119' title='bbox 2387 751 2628 819; x_wconf 84' lang='grc' dir='ltr'>ἀξίωμα,</span> <span class='ocrx_word' id='word_1_120' title='bbox 2661 751 2742 803; x_wconf 76' lang='grc' dir='ltr'>ἔτι</span> <span class='ocrx_word' id='word_1_121' title='bbox 2775 752 2833 803; x_wconf 88' lang='grc' dir='ltr'>δέ</span> <span class='ocrx_word' id='word_1_122' title='bbox 2865 751 2924 804; x_wconf 81' lang='grc' dir='ltr'>τὸ</span> <span class='ocrx_word' id='word_1_123' title='bbox 2965 750 3219 821; x_wconf 89' lang='grc' dir='ltr'>φρόνημα</span> <span class='ocrx_word' id='word_1_124' title='bbox 3255 753 3351 804; x_wconf 78' lang='grc' dir='ltr'>καὶ</span> <span class='ocrx_word' id='word_1_125' title='bbox 3389 752 3489 821; x_wconf 79' lang='grc' dir='ltr'>τὴν</span> <span class='ocrx_word' id='word_1_126' title='bbox 3519 753 3835 818; x_wconf 83' lang='grc' dir='ltr'>φιλοκαλίαν</span> <span class='ocrx_word' id='word_1_127' title='bbox 3868 757 3961 810; x_wconf 81' lang='grc' dir='ltr'>καὶ</span> 
     </span>
    </p>
   </div>
   <div class='ocr_carea' id='block_1_20' title="bbox 2385 841 3959 910">
    <p class='ocr_par' dir='ltr' id='par_1_20' title="bbox 2385 841 3959 910">
     <span class='ocr_line' id='line_1_20' title="bbox 2385 841 3959 910; baseline 0.004 -18"><span class='ocrx_word' id='word_1_128' title='bbox 2385 841 2662 910; x_wconf 78' lang='grc' dir='ltr'>ἁδρότητα</span> <span class='ocrx_word' id='word_1_129' title='bbox 2690 842 2783 894; x_wconf 77' lang='grc' dir='ltr'>καὶ</span> <span class='ocrx_word' id='word_1_130' title='bbox 2813 842 3167 895; x_wconf 78' lang='grc' dir='ltr'>πολυτέλειαν</span> <span class='ocrx_word' id='word_1_131' title='bbox 3190 843 3287 910; x_wconf 69' lang='grc' dir='ltr'>τῆς</span> <span class='ocrx_word' id='word_1_132' title='bbox 3306 842 3536 906; x_wconf 85' lang='grc' dir='ltr'>πόλεως,</span> <span class='ocrx_word' id='word_1_133' title='bbox 3559 844 3708 897; x_wconf 79' lang='grc' dir='ltr'>ἐστιν</span> <span class='ocrx_word' id='word_1_134' title='bbox 3727 845 3834 896; x_wconf 75' lang='grc' dir='ltr'>ἀπὸ</span> <span class='ocrx_word' id='word_1_135' title='bbox 3849 845 3959 898; x_wconf 88' lang='grc' dir='ltr'>τῶν</span> 
     </span>
    </p>
   </div>
   <div class='ocr_carea' id='block_1_21' title="bbox 2385 930 3960 1002">
    <p class='ocr_par' dir='ltr' id='par_1_21' title="bbox 2385 930 3960 1002">
     <span class='ocr_line' id='line_1_21' title="bbox 2385 930 3960 1002; baseline 0.004 -21"><span class='ocrx_word' id='word_1_136' title='bbox 2385 930 2654 998; x_wconf 80' lang='grc' dir='ltr'>λειψάνων</span> <span class='ocrx_word' id='word_1_137' title='bbox 2669 931 2879 985; x_wconf 87' lang='grc' dir='ltr'>τούτων</span> <span class='ocrx_word' id='word_1_138' title='bbox 2896 933 3005 985; x_wconf 91' lang='grc' dir='ltr'>τῶν</span> <span class='ocrx_word' id='word_1_139' title='bbox 3024 934 3382 1002; x_wconf 81' lang='grc' dir='ltr'>ἀνδριάντων,</span> <span class='ocrx_word' id='word_1_140' title='bbox 3404 935 3496 985; x_wconf 77' lang='grc' dir='ltr'>καὶ</span> <span class='ocrx_word' id='word_1_141' title='bbox 3519 936 3736 996; x_wconf 84' lang='grc' dir='ltr'>κιόνων,</span> <span class='ocrx_word' id='word_1_142' title='bbox 3755 936 3850 986; x_wconf 77' lang='grc' dir='ltr'>καὶ</span> <span class='ocrx_word' id='word_1_143' title='bbox 3864 937 3960 988; x_wconf 89' lang='grc' dir='ltr'>τά-</span> 
     </span>
    </p>
   </div>
   <div class='ocr_carea' id='block_1_22' title="bbox 2387 1023 3960 1094">
    <p class='ocr_par' dir='ltr' id='par_1_22' title="bbox 2387 1023 3960 1094">
     <span class='ocr_line' id='line_1_22' title="bbox 2387 1023 3960 1094; baseline 0.003 -20"><span class='ocrx_word' id='word_1_144' title='bbox 2387 1039 2523 1088; x_wconf 89' lang='grc' dir='ltr'>φων,</span> <span class='ocrx_word' id='word_1_145' title='bbox 2545 1024 2641 1075; x_wconf 79' lang='grc' dir='ltr'>καὶ</span> <span class='ocrx_word' id='word_1_146' title='bbox 2657 1023 3118 1092; x_wconf 82' lang='grc' dir='ltr'>οίκοδομῶνὶδεϊν,</span> <span class='ocrx_word' id='word_1_147' title='bbox 3141 1024 3276 1078; x_wconf 89' lang='grc' dir='ltr'>ἀλλά</span> <span class='ocrx_word' id='word_1_148' title='bbox 3299 1026 3392 1078; x_wconf 75' lang='grc' dir='ltr'>καὶ</span> <span class='ocrx_word' id='word_1_149' title='bbox 3417 1026 3517 1094; x_wconf 73' lang='grc' dir='ltr'>τὴν</span> <span class='ocrx_word' id='word_1_150' title='bbox 3534 1025 3960 1094; x_wconf 76' lang='grc' dir='ltr'>δεισιδαιμονίαν</span> 
     </span>
    </p>
   </div>
   <div class='ocr_carea' id='block_1_23' title="bbox 2383 1114 3960 1188">
    <p class='ocr_par' dir='ltr' id='par_1_23' title="bbox 2383 1114 3960 1188">
     <span class='ocr_line' id='line_1_23' title="bbox 2383 1114 3960 1188; baseline 0.004 -24"><span class='ocrx_word' id='word_1_151' title='bbox 2383 1114 2572 1182; x_wconf 80' lang='grc' dir='ltr'>αὐτῆς,</span> <span class='ocrx_word' id='word_1_152' title='bbox 2608 1115 2704 1166; x_wconf 80' lang='grc' dir='ltr'>καὶ</span> <span class='ocrx_word' id='word_1_153' title='bbox 2749 1115 2847 1184; x_wconf 77' lang='grc' dir='ltr'>τὴν</span> <span class='ocrx_word' id='word_1_154' title='bbox 2877 1117 3310 1188; x_wconf 82' lang='grc' dir='ltr'>μεγαλοψυχίαν.</span> <span class='ocrx_word' id='word_1_155' title='bbox 3347 1120 3442 1172; x_wconf 77' lang='grc' dir='ltr'>καὶ</span> <span class='ocrx_word' id='word_1_156' title='bbox 3491 1117 3828 1187; x_wconf 77' lang='grc' dir='ltr'>φιλοτιμίαν,</span> <span class='ocrx_word' id='word_1_157' title='bbox 3863 1122 3960 1171; x_wconf 79' lang='grc' dir='ltr'>καὶ</span> 
     </span>
    </p>
   </div>
   <div class='ocr_carea' id='block_1_24' title="bbox 2382 1201 3959 1276">
    <p class='ocr_par' dir='ltr' id='par_1_24' title="bbox 2382 1201 3959 1276">
     <span class='ocr_line' id='line_1_24' title="bbox 2382 1201 3959 1276; baseline 0.004 -24"><span class='ocrx_word' id='word_1_158' title='bbox 2382 1201 2482 1268; x_wconf 80' lang='grc' dir='ltr'>τὴν</span> <span class='ocrx_word' id='word_1_159' title='bbox 2511 1201 2758 1270; x_wconf 79' lang='grc' dir='ltr'>γνώμην,</span> <span class='ocrx_word' id='word_1_160' title='bbox 2800 1205 2894 1256; x_wconf 82' lang='grc' dir='ltr'>καὶ</span> <span class='ocrx_word' id='word_1_161' title='bbox 2930 1205 3028 1265; x_wconf 89' lang='grc' dir='ltr'>τάς</span> <span class='ocrx_word' id='word_1_162' title='bbox 3057 1206 3233 1270; x_wconf 90' lang='grc' dir='ltr'>νίκας,</span> <span class='ocrx_word' id='word_1_163' title='bbox 3278 1209 3372 1259; x_wconf 79' lang='grc' dir='ltr'>καὶ</span> <span class='ocrx_word' id='word_1_164' title='bbox 3412 1206 3511 1276; x_wconf 74' lang='grc' dir='ltr'>τὴν</span> <span class='ocrx_word' id='word_1_165' title='bbox 3555 1209 3740 1259; x_wconf 69' lang='grc' dir='ltr'>πᾶσαν</span> <span class='ocrx_word' id='word_1_166' title='bbox 3781 1206 3959 1259; x_wconf 78' lang='grc' dir='ltr'>εὐδαι-</span> 
     </span>
    </p>
   </div>
   <div class='ocr_carea' id='block_1_25' title="bbox 2388 1295 3960 1367">
    <p class='ocr_par' dir='ltr' id='par_1_25' title="bbox 2388 1295 3960 1367">
     <span class='ocr_line' id='line_1_25' title="bbox 2388 1295 3960 1367; baseline 0.004 -23"><span class='ocrx_word' id='word_1_167' title='bbox 2388 1295 2600 1360; x_wconf 81' lang='grc' dir='ltr'>μονίαν,</span> <span class='ocrx_word' id='word_1_168' title='bbox 2637 1298 2730 1346; x_wconf 74' lang='grc' dir='ltr'>καὶ</span> <span class='ocrx_word' id='word_1_169' title='bbox 2779 1296 3099 1363; x_wconf 76' lang='grc' dir='ltr'>ἠγεμονίαν,</span> <span class='ocrx_word' id='word_1_170' title='bbox 3138 1297 3234 1349; x_wconf 77' lang='grc' dir='ltr'>καὶ</span> <span class='ocrx_word' id='word_1_171' title='bbox 3277 1295 3456 1364; x_wconf 81' lang='grc' dir='ltr'>ἀξίαν,</span> <span class='ocrx_word' id='word_1_172' title='bbox 3497 1300 3588 1350; x_wconf 77' lang='grc' dir='ltr'>καὶ</span> <span class='ocrx_word' id='word_1_173' title='bbox 3626 1300 3725 1367; x_wconf 77' lang='grc' dir='ltr'>τὴν</span> <span class='ocrx_word' id='word_1_174' title='bbox 3757 1301 3816 1350; x_wconf 89' lang='grc' dir='ltr'>ἐν</span> <span class='ocrx_word' id='word_1_175' title='bbox 3848 1301 3960 1360; x_wconf 84' lang='grc' dir='ltr'>τοῖς</span> 
     </span>
    </p>
   </div>
   <div class='ocr_carea' id='block_1_26' title="bbox 2385 1386 3956 1458">
    <p class='ocr_par' dir='ltr' id='par_1_26' title="bbox 2385 1386 3956 1458">
     <span class='ocr_line' id='line_1_26' title="bbox 2385 1386 3956 1458; baseline 0.003 -20"><span class='ocrx_word' id='word_1_176' title='bbox 2385 1386 2571 1446; x_wconf 74' lang='grc' dir='ltr'>ὅπλοις</span> <span class='ocrx_word' id='word_1_177' title='bbox 2592 1388 2808 1455; x_wconf 78' lang='grc' dir='ltr'>πεῖραν.</span> <span class='ocrx_word' id='word_1_178' title='bbox 2834 1388 2906 1438; x_wconf 85' lang='grc' dir='ltr'>Οὐ</span> <span class='ocrx_word' id='word_1_179' title='bbox 2927 1388 3035 1455; x_wconf 76' lang='grc' dir='ltr'>γὰρ</span> <span class='ocrx_word' id='word_1_180' title='bbox 3061 1389 3220 1456; x_wconf 84' lang='grc' dir='ltr'>μόνον</span> <span class='ocrx_word' id='word_1_181' title='bbox 3246 1390 3496 1457; x_wconf 81' lang='grc' dir='ltr'>ἀγωγοὺς</span> <span class='ocrx_word' id='word_1_182' title='bbox 3516 1390 3720 1442; x_wconf 79' lang='grc' dir='ltr'>ὑδάτων</span> <span class='ocrx_word' id='word_1_183' title='bbox 3739 1389 3956 1458; x_wconf 84' lang='grc' dir='ltr'>ἀερίους</span> 
     </span>
    </p>
   </div>
   <div class='ocr_carea' id='block_1_27' title="bbox 2387 1474 3954 1548">
    <p class='ocr_par' dir='ltr' id='par_1_27' title="bbox 2387 1474 3954 1548">
     <span class='ocr_line' id='line_1_27' title="bbox 2387 1474 3954 1548; baseline 0.004 -22"><span class='ocrx_word' id='word_1_184' title='bbox 2387 1474 2597 1539; x_wconf 75' lang='grc' dir='ltr'>ἔξεστιν</span> <span class='ocrx_word' id='word_1_185' title='bbox 2619 1478 2750 1546; x_wconf 82' lang='grc' dir='ltr'>όρᾷν</span> <span class='ocrx_word' id='word_1_186' title='bbox 2776 1477 3058 1546; x_wconf 70' lang='grc' dir='ltr'>πόρρωθεν</span> <span class='ocrx_word' id='word_1_187' title='bbox 3081 1479 3414 1548; x_wconf 82' lang='grc' dir='ltr'>ἐρχομένων.</span> <span class='ocrx_word' id='word_1_188' title='bbox 3444 1481 3536 1532; x_wconf 85' lang='grc' dir='ltr'>καὶ</span> <span class='ocrx_word' id='word_1_189' title='bbox 3556 1482 3749 1548; x_wconf 81' lang='grc' dir='ltr'>τειχῶν</span> <span class='ocrx_word' id='word_1_190' title='bbox 3770 1482 3954 1547; x_wconf 86' lang='grc' dir='ltr'>δγκον,</span> 
     </span>
    </p>
   </div>
   <div class='ocr_carea' id='block_1_28' title="bbox 2388 1567 3961 1640">
    <p class='ocr_par' dir='ltr' id='par_1_28' title="bbox 2388 1567 3961 1640">
     <span class='ocr_line' id='line_1_28' title="bbox 2388 1567 3961 1640; baseline 0.005 -22"><span class='ocrx_word' id='word_1_191' title='bbox 2388 1568 2480 1618; x_wconf 70' lang='grc' dir='ltr'>καὶ</span> <span class='ocrx_word' id='word_1_192' title='bbox 2513 1567 2704 1631; x_wconf 85' lang='grc' dir='ltr'>στοῶν,</span> <span class='ocrx_word' id='word_1_193' title='bbox 2743 1569 2836 1621; x_wconf 77' lang='grc' dir='ltr'>καὶ</span> <span class='ocrx_word' id='word_1_194' title='bbox 2876 1569 3181 1636; x_wconf 84' lang='grc' dir='ltr'>βασιλείων,</span> <span class='ocrx_word' id='word_1_195' title='bbox 3216 1572 3308 1623; x_wconf 73' lang='grc' dir='ltr'>καὶ</span> <span class='ocrx_word' id='word_1_196' title='bbox 3335 1571 3762 1640; x_wconf 78' lang='grc' dir='ltr'>βουλευτηρίων,</span> <span class='ocrx_word' id='word_1_197' title='bbox 3797 1572 3877 1624; x_wconf 76' lang='grc' dir='ltr'>ἐτι</span> <span class='ocrx_word' id='word_1_198' title='bbox 3902 1575 3961 1626; x_wconf 75' lang='grc' dir='ltr'>δὲ</span> 
     </span>
    </p>
   </div>
   <div class='ocr_carea' id='block_1_29' title="bbox 2389 1657 3957 1732">
    <p class='ocr_par' dir='ltr' id='par_1_29' title="bbox 2389 1657 3957 1732">
     <span class='ocr_line' id='line_1_29' title="bbox 2389 1657 3957 1732; baseline 0.006 -25"><span class='ocrx_word' id='word_1_199' title='bbox 2389 1658 2620 1726; x_wconf 83' lang='grc' dir='ltr'>ἀγορῶν,</span> <span class='ocrx_word' id='word_1_200' title='bbox 2664 1660 2758 1712; x_wconf 81' lang='grc' dir='ltr'>καὶ</span> <span class='ocrx_word' id='word_1_201' title='bbox 2810 1657 3129 1727; x_wconf 82' lang='grc' dir='ltr'>βαλανείων,</span> <span class='ocrx_word' id='word_1_202' title='bbox 3172 1664 3266 1714; x_wconf 76' lang='grc' dir='ltr'>καὶ</span> <span class='ocrx_word' id='word_1_203' title='bbox 3321 1662 3568 1730; x_wconf 84' lang='grc' dir='ltr'>θεάτρων</span> <span class='ocrx_word' id='word_1_204' title='bbox 3610 1664 3816 1732; x_wconf 73' lang='grc' dir='ltr'>πλῆθός</span> <span class='ocrx_word' id='word_1_205' title='bbox 3873 1682 3957 1728; x_wconf 90' lang='grc' dir='ltr'>τε,</span> 
     </span>
    </p>
   </div>
   <div class='ocr_carea' id='block_1_30' title="bbox 2390 1749 3962 1823">
    <p class='ocr_par' dir='ltr' id='par_1_30' title="bbox 2390 1749 3962 1823">
     <span class='ocr_line' id='line_1_30' title="bbox 2390 1749 3962 1823; baseline 0.004 -24"><span class='ocrx_word' id='word_1_206' title='bbox 2390 1750 2485 1800; x_wconf 77' lang='grc' dir='ltr'>καὶ</span> <span class='ocrx_word' id='word_1_207' title='bbox 2525 1749 2775 1816; x_wconf 81' lang='grc' dir='ltr'>μέγεθος,</span> <span class='ocrx_word' id='word_1_208' title='bbox 2811 1751 2906 1803; x_wconf 76' lang='grc' dir='ltr'>καὶ</span> <span class='ocrx_word' id='word_1_209' title='bbox 2930 1751 3144 1813; x_wconf 69' lang='grc' dir='ltr'>κάλλος,</span> <span class='ocrx_word' id='word_1_210' title='bbox 3179 1753 3312 1804; x_wconf 82' lang='grc' dir='ltr'>ἀλλά</span> <span class='ocrx_word' id='word_1_211' title='bbox 3341 1753 3434 1805; x_wconf 78' lang='grc' dir='ltr'>καὶ</span> <span class='ocrx_word' id='word_1_212' title='bbox 3459 1753 3592 1815; x_wconf 90' lang='grc' dir='ltr'>νεὼς</span> <span class='ocrx_word' id='word_1_213' title='bbox 3636 1757 3962 1823; x_wconf 75' lang='grc' dir='ltr'>περιφανεῖς</span> 
     </span>
    </p>
   </div>
   <div class='ocr_carea' id='block_1_31' title="bbox 2391 1841 3964 1914">
    <p class='ocr_par' dir='ltr' id='par_1_31' title="bbox 2391 1841 3964 1914">
     <span class='ocr_line' id='line_1_31' title="bbox 2391 1841 3964 1914; baseline 0.004 -22"><span class='ocrx_word' id='word_1_214' title='bbox 2391 1841 2622 1904; x_wconf 85' lang='grc' dir='ltr'>πολλοὺς</span> <span class='ocrx_word' id='word_1_215' title='bbox 2670 1843 2764 1894; x_wconf 79' lang='grc' dir='ltr'>καὶ</span> <span class='ocrx_word' id='word_1_216' title='bbox 2810 1845 3073 1909; x_wconf 80' lang='grc' dir='ltr'>συνεχεῖς,</span> <span class='ocrx_word' id='word_1_217' title='bbox 3110 1845 3306 1907; x_wconf 76' lang='grc' dir='ltr'>ἄλλους</span> <span class='ocrx_word' id='word_1_218' title='bbox 3333 1845 3430 1898; x_wconf 84' lang='grc' dir='ltr'>ἀπ’</span> <span class='ocrx_word' id='word_1_219' title='bbox 3461 1845 3631 1913; x_wconf 75' lang='grc' dir='ltr'>ἄλλης</span> <span class='ocrx_word' id='word_1_220' title='bbox 3689 1864 3964 1914; x_wconf 82' lang='grc' dir='ltr'>προσηγο-</span> 
     </span>
    </p>
   </div>
   <div class='ocr_carea' id='block_1_32' title="bbox 715 1922 2297 2004">
    <p class='ocr_par' dir='ltr' id='par_1_32' title="bbox 715 1923 2286 1996">
     <span class='ocr_line' id='line_1_32' title="bbox 715 1923 2286 1996; baseline -0.003 -16"><span class='ocrx_word' id='word_1_221' title='bbox 715 1929 874 1982; x_wconf 90' lang='lat' dir='ltr'>nibus</span> <span class='ocrx_word' id='word_1_222' title='bbox 913 1924 1206 1996; x_wconf 79' lang='lat' dir='ltr'>insignita:</span> <span class='ocrx_word' id='word_1_223' title='bbox 1252 1927 1376 1978; x_wconf 79' lang='lat' dir='ltr'>item</span> <span class='ocrx_word' id='word_1_224' title='bbox 1413 1926 1558 1982; x_wconf 80' lang='lat' dir='ltr'>fana.</span> <span class='ocrx_word' id='word_1_225' title='bbox 1615 1927 1790 1993; x_wconf 78' lang='lat' dir='ltr'>signa,</span> <span class='ocrx_word' id='word_1_226' title='bbox 1821 1925 2105 1992; x_wconf 78' lang='lat' dir='ltr'>imagines,</span> <span class='ocrx_word' id='word_1_227' title='bbox 2131 1923 2286 1977; x_wconf 91' lang='lat' dir='ltr'>delu-</span> 
     </span>
    </p>
   </div>
   <div class='ocr_carea' id='block_1_33' title="bbox 2389 1922 3964 2004">
    <p class='ocr_par' dir='ltr' id='par_1_33' title="bbox 2394 1931 3964 2004">
     <span class='ocr_line' id='line_1_33' title="bbox 2394 1931 3964 2004; baseline 0.003 -21"><span class='ocrx_word' id='word_1_228' title='bbox 2394 1931 2513 2001; x_wconf 87' lang='grc' dir='ltr'>ρίας</span> <span class='ocrx_word' id='word_1_229' title='bbox 2558 1932 3003 2004; x_wconf 80' lang='grc' dir='ltr'>ὠνομασμένους,</span> <span class='ocrx_word' id='word_1_230' title='bbox 3041 1936 3136 1986; x_wconf 78' lang='grc' dir='ltr'>καὶ</span> <span class='ocrx_word' id='word_1_231' title='bbox 3186 1936 3326 2004; x_wconf 74' lang='grc' dir='ltr'>ἱερά,</span> <span class='ocrx_word' id='word_1_232' title='bbox 3357 1936 3450 1986; x_wconf 74' lang='grc' dir='ltr'>καὶ</span> <span class='ocrx_word' id='word_1_233' title='bbox 3505 1937 3818 2003; x_wconf 85' lang='grc' dir='ltr'>ἀγάλματα,</span> <span class='ocrx_word' id='word_1_234' title='bbox 3866 1938 3964 1988; x_wconf 75' lang='grc' dir='ltr'>καὶ</span> 
     </span>
    </p>
   </div>
   <div class='ocr_carea' id='block_1_34' title="bbox 717 2015 2290 2073">
    <p class='ocr_par' dir='ltr' id='par_1_34' title="bbox 717 2015 2290 2073">
     <span class='ocr_line' id='line_1_34' title="bbox 717 2015 2290 2073; baseline -0.003 -1"><span class='ocrx_word' id='word_1_235' title='bbox 717 2021 816 2073; x_wconf 88' lang='lat' dir='ltr'>bra</span> <span class='ocrx_word' id='word_1_236' title='bbox 847 2029 899 2072; x_wconf 90' lang='lat' dir='ltr'>et</span> <span class='ocrx_word' id='word_1_237' title='bbox 926 2029 1135 2071; x_wconf 82' lang='lat' dir='ltr'>statuas</span> <span class='ocrx_word' id='word_1_238' title='bbox 1168 2027 1405 2070; x_wconf 81' lang='lat' dir='ltr'>veterum</span> <span class='ocrx_word' id='word_1_239' title='bbox 1443 2018 1657 2069; x_wconf 89' lang='lat' dir='ltr'>illorum</span> <span class='ocrx_word' id='word_1_240' title='bbox 1698 2028 1751 2069; x_wconf 89' lang='lat' dir='ltr'>et</span> <span class='ocrx_word' id='word_1_241' title='bbox 1795 2017 2093 2069; x_wconf 81' lang='lat' dir='ltr'>illustrium</span> <span class='ocrx_word' id='word_1_242' title='bbox 2151 2015 2290 2068; x_wconf 89' lang='lat' dir='ltr'>viro-</span> 
     </span>
    </p>
   </div>
   <div class='ocr_carea' id='block_1_35' title="bbox 713 2107 2289 2177">
    <p class='ocr_par' dir='ltr' id='par_1_35' title="bbox 713 2107 2289 2177">
     <span class='ocr_line' id='line_1_35' title="bbox 713 2107 2289 2177; baseline -0.001 -13"><span class='ocrx_word' id='word_1_243' title='bbox 713 2126 857 2175; x_wconf 91' lang='lat' dir='ltr'>rum,</span> <span class='ocrx_word' id='word_1_244' title='bbox 887 2111 954 2164; x_wconf 78' lang='grc' dir='ltr'>οι)</span> <span class='ocrx_word' id='word_1_245' title='bbox 989 2111 1176 2162; x_wconf 73' lang='lat' dir='ltr'>merita</span> <span class='ocrx_word' id='word_1_246' title='bbox 1225 2124 1350 2177; x_wconf 87' lang='lat' dir='ltr'>erga</span> <span class='ocrx_word' id='word_1_247' title='bbox 1376 2108 1648 2161; x_wconf 87' lang='lat' dir='ltr'>civitatem</span> <span class='ocrx_word' id='word_1_248' title='bbox 1705 2123 1771 2158; x_wconf 82' lang='lat' dir='ltr'>ex</span> <span class='ocrx_word' id='word_1_249' title='bbox 1824 2107 2039 2175; x_wconf 87' lang='lat' dir='ltr'>publico</span> <span class='ocrx_word' id='word_1_250' title='bbox 2066 2108 2289 2175; x_wconf 87' lang='lat' dir='ltr'>positas,</span> 
     </span>
    </p>
   </div>
   <div class='ocr_carea' id='block_1_36' title="bbox 713 2203 2292 2267">
    <p class='ocr_par' dir='ltr' id='par_1_36' title="bbox 713 2203 2292 2267">
     <span class='ocr_line' id='line_1_36' title="bbox 713 2203 2292 2267; baseline -0.003 -8"><span class='ocrx_word' id='word_1_251' title='bbox 713 2207 791 2259; x_wconf 90' lang='lat' dir='ltr'>uti</span> <span class='ocrx_word' id='word_1_252' title='bbox 834 2205 997 2258; x_wconf 87' lang='lat' dir='ltr'>etiam</span> <span class='ocrx_word' id='word_1_253' title='bbox 1051 2204 1268 2256; x_wconf 89' lang='lat' dir='ltr'>virtutis</span> <span class='ocrx_word' id='word_1_254' title='bbox 1323 2210 1699 2261; x_wconf 81' lang='lat' dir='ltr'>rnonumenta.</span> <span class='ocrx_word' id='word_1_255' title='bbox 1752 2216 2025 2267; x_wconf 88' lang='lat' dir='ltr'>arcusque</span> <span class='ocrx_word' id='word_1_256' title='bbox 2099 2203 2292 2255; x_wconf 80' lang='lat' dir='ltr'>trium-</span> 
     </span>
    </p>
   </div>
   <div class='ocr_carea' id='block_1_37' title="bbox 713 2291 2290 2368">
    <p class='ocr_par' dir='ltr' id='par_1_37' title="bbox 713 2291 2290 2368">
     <span class='ocr_line' id='line_1_37' title="bbox 713 2291 2290 2368; baseline -0.004 -18"><span class='ocrx_word' id='word_1_257' title='bbox 713 2298 900 2368; x_wconf 87' lang='lat' dir='ltr'>phales</span> <span class='ocrx_word' id='word_1_258' title='bbox 967 2298 1018 2350; x_wconf 88' lang='lat' dir='ltr'>in</span> <span class='ocrx_word' id='word_1_259' title='bbox 1102 2294 1498 2361; x_wconf 81' lang='lat' dir='ltr'>triumphorum</span> <span class='ocrx_word' id='word_1_260' title='bbox 1573 2301 1626 2344; x_wconf 91' lang='lat' dir='ltr'>et</span> <span class='ocrx_word' id='word_1_261' title='bbox 1683 2307 2001 2360; x_wconf 85' lang='lat' dir='ltr'>pomparum</span> <span class='ocrx_word' id='word_1_262' title='bbox 2078 2291 2290 2344; x_wconf 86' lang='lat' dir='ltr'>illarum</span> 
     </span>
    </p>
   </div>
   <div class='ocr_carea' id='block_1_38' title="bbox 715 2382 2293 2451">
    <p class='ocr_par' dir='ltr' id='par_1_38' title="bbox 715 2382 2293 2451">
     <span class='ocr_line' id='line_1_38' title="bbox 715 2382 2293 2451; baseline -0.005 -9"><span class='ocrx_word' id='word_1_263' title='bbox 715 2389 1035 2442; x_wconf 86' lang='lat' dir='ltr'>memoriam</span> <span class='ocrx_word' id='word_1_264' title='bbox 1075 2393 1461 2439; x_wconf 78' lang='lat' dir='ltr'>ennstrtlctos:</span> <span class='ocrx_word' id='word_1_265' title='bbox 1499 2383 1697 2451; x_wconf 88' lang='lat' dir='ltr'>quibus</span> <span class='ocrx_word' id='word_1_266' title='bbox 1736 2382 1920 2450; x_wconf 71' lang='lat' dir='ltr'>praelia</span> <span class='ocrx_word' id='word_1_267' title='bbox 1949 2382 2092 2449; x_wconf 86' lang='lat' dir='ltr'>ipsa,</span> <span class='ocrx_word' id='word_1_268' title='bbox 2135 2397 2293 2434; x_wconf 86' lang='lat' dir='ltr'>man-</span> 
     </span>
    </p>
   </div>
   <div class='ocr_carea' id='block_1_39' title="bbox 713 2472 2286 2550">
    <p class='ocr_par' dir='ltr' id='par_1_39' title="bbox 713 2472 2286 2550">
     <span class='ocr_line' id='line_1_39' title="bbox 713 2472 2286 2550; baseline -0.006 -16"><span class='ocrx_word' id='word_1_269' title='bbox 713 2479 1124 2550; x_wconf 60' lang='lat' dir='ltr'>cipia,-spolia</span> <span class='ocrx_word' id='word_1_270' title='bbox 1180 2487 1232 2530; x_wconf 85' lang='lat' dir='ltr'>et</span> <span class='ocrx_word' id='word_1_271' title='bbox 1310 2476 1638 2528; x_wconf 75' lang='lat' dir='ltr'>mreniorum</span> <span class='ocrx_word' id='word_1_272' title='bbox 1709 2472 2141 2541; x_wconf 78' lang='lat' dir='ltr'>expugnationes</span> <span class='ocrx_word' id='word_1_273' title='bbox 2205 2474 2286 2525; x_wconf 93' lang='lat' dir='ltr'>in-</span> 
     </span>
    </p>
   </div>
   <div class='ocr_carea' id='block_1_40' title="bbox 715 2565 2291 2638">
    <p class='ocr_par' dir='ltr' id='par_1_40' title="bbox 715 2565 2291 2638">
     <span class='ocr_line' id='line_1_40' title="bbox 715 2565 2291 2638; baseline -0.007 -12"><span class='ocrx_word' id='word_1_274' title='bbox 715 2571 925 2638; x_wconf 72' lang='lat' dir='ltr'>Sculpla</span> <span class='ocrx_word' id='word_1_275' title='bbox 979 2567 1556 2624; x_wconf 80' lang='lat' dir='ltr'>sunt.Saeriliciorum</span> <span class='ocrx_word' id='word_1_276' title='bbox 1610 2574 1892 2632; x_wconf 70' lang='lat' dir='ltr'>praeterea,</span> <span class='ocrx_word' id='word_1_277' title='bbox 1927 2565 2291 2627; x_wconf 79' lang='lat' dir='ltr'>victimarum,</span> 
     </span>
    </p>
   </div>
   <div class='ocr_carea' id='block_1_41' title="bbox 717 2656 2290 2725">
    <p class='ocr_par' dir='ltr' id='par_1_41' title="bbox 717 2656 2290 2725">
     <span class='ocr_line' id='line_1_41' title="bbox 717 2656 2290 2725; baseline -0.007 -8"><span class='ocrx_word' id='word_1_278' title='bbox 717 2665 967 2718; x_wconf 87' lang='lat' dir='ltr'>altarium</span> <span class='ocrx_word' id='word_1_279' title='bbox 1005 2674 1058 2716; x_wconf 91' lang='lat' dir='ltr'>et</span> <span class='ocrx_word' id='word_1_280' title='bbox 1098 2661 1453 2715; x_wconf 89' lang='lat' dir='ltr'>donariorum</span> <span class='ocrx_word' id='word_1_281' title='bbox 1509 2660 1842 2725; x_wconf 87' lang='lat' dir='ltr'>sculpturas.</span> <span class='ocrx_word' id='word_1_282' title='bbox 1901 2656 1980 2709; x_wconf 84' lang='lat' dir='ltr'>Ad</span> <span class='ocrx_word' id='word_1_283' title='bbox 2036 2657 2151 2709; x_wconf 57' lang='lat' dir='ltr'>htec</span> <span class='ocrx_word' id='word_1_284' title='bbox 2185 2665 2290 2708; x_wconf 87' lang='lat' dir='ltr'>tam</span> 
     </span>
    </p>
   </div>
   <div class='ocr_carea' id='block_1_42' title="bbox 718 2751 2293 2820">
    <p class='ocr_par' dir='ltr' id='par_1_42' title="bbox 718 2751 2293 2820">
     <span class='ocr_line' id='line_1_42' title="bbox 718 2751 2293 2820; baseline -0.006 -12"><span class='ocrx_word' id='word_1_285' title='bbox 718 2756 940 2809; x_wconf 83' lang='lat' dir='ltr'>navales</span> <span class='ocrx_word' id='word_1_286' title='bbox 993 2768 1155 2820; x_wconf 78' lang='lat' dir='ltr'>quam</span> <span class='ocrx_word' id='word_1_287' title='bbox 1221 2751 1502 2820; x_wconf 79' lang='lat' dir='ltr'>pedestres</span> <span class='ocrx_word' id='word_1_288' title='bbox 1531 2760 1584 2803; x_wconf 90' lang='lat' dir='ltr'>et</span> <span class='ocrx_word' id='word_1_289' title='bbox 1643 2757 1927 2815; x_wconf 85' lang='lat' dir='ltr'>equestres</span> <span class='ocrx_word' id='word_1_290' title='bbox 1979 2762 2208 2816; x_wconf 83' lang='lat' dir='ltr'>pugnas,</span> <span class='ocrx_word' id='word_1_291' title='bbox 2240 2755 2293 2799; x_wconf 89' lang='lat' dir='ltr'>et</span> 
     </span>
    </p>
   </div>
   <div class='ocr_carea' id='block_1_43' title="bbox 718 2837 2295 2911">
    <p class='ocr_par' dir='ltr' id='par_1_43' title="bbox 718 2837 2295 2911">
     <span class='ocr_line' id='line_1_43' title="bbox 718 2837 2295 2911; baseline -0.006 -14"><span class='ocrx_word' id='word_1_292' title='bbox 718 2855 776 2897; x_wconf 89' lang='lat' dir='ltr'>ut</span> <span class='ocrx_word' id='word_1_293' title='bbox 806 2846 880 2897; x_wconf 88' lang='lat' dir='ltr'>ita</span> <span class='ocrx_word' id='word_1_294' title='bbox 910 2845 1107 2907; x_wconf 88' lang='lat' dir='ltr'>dicam,</span> <span class='ocrx_word' id='word_1_295' title='bbox 1148 2841 1517 2911; x_wconf 89' lang='lat' dir='ltr'>quodcunque</span> <span class='ocrx_word' id='word_1_296' title='bbox 1563 2840 1782 2893; x_wconf 86' lang='lat' dir='ltr'>tandem</span> <span class='ocrx_word' id='word_1_297' title='bbox 1849 2841 2043 2904; x_wconf 70' lang='lat' dir='ltr'>pugna:</span> <span class='ocrx_word' id='word_1_298' title='bbox 2094 2837 2295 2889; x_wconf 89' lang='lat' dir='ltr'>instru-</span> 
     </span>
    </p>
   </div>
   <div class='ocr_carea' id='block_1_44' title="bbox 718 2927 2283 2998">
    <p class='ocr_par' dir='ltr' id='par_1_44' title="bbox 718 2927 2283 2998">
     <span class='ocr_line' id='line_1_44' title="bbox 718 2927 2283 2998; baseline -0.007 -9"><span class='ocrx_word' id='word_1_299' title='bbox 718 2947 1030 2990; x_wconf 89' lang='lat' dir='ltr'>mentorum</span> <span class='ocrx_word' id='word_1_300' title='bbox 1097 2943 1484 2998; x_wconf 83' lang='lat' dir='ltr'>armorumque</span> <span class='ocrx_word' id='word_1_301' title='bbox 1556 2943 1772 2997; x_wconf 87' lang='lat' dir='ltr'>genus:</span> <span class='ocrx_word' id='word_1_302' title='bbox 1845 2928 1972 2980; x_wconf 86' lang='lat' dir='ltr'>item</span> <span class='ocrx_word' id='word_1_303' title='bbox 2024 2927 2283 2979; x_wconf 81' lang='lat' dir='ltr'>subactos</span> 
     </span>
    </p>
   </div>
   <div class='ocr_carea' id='block_1_45' title="bbox 721 3017 2296 3096">
    <p class='ocr_par' dir='ltr' id='par_1_45' title="bbox 721 3017 2296 3096">
     <span class='ocr_line' id='line_1_45' title="bbox 721 3017 2296 3096; baseline -0.007 -17"><span class='ocrx_word' id='word_1_304' title='bbox 721 3026 1015 3096; x_wconf 82' lang='lat' dir='ltr'>principes,</span> <span class='ocrx_word' id='word_1_305' title='bbox 1043 3023 1223 3078; x_wconf 85' lang='lat' dir='ltr'>Medos</span> <span class='ocrx_word' id='word_1_306' title='bbox 1268 3023 1407 3075; x_wconf 80' lang='lat' dir='ltr'>forte</span> <span class='ocrx_word' id='word_1_307' title='bbox 1435 3021 1530 3074; x_wconf 87' lang='lat' dir='ltr'>vel</span> <span class='ocrx_word' id='word_1_308' title='bbox 1590 3017 1808 3084; x_wconf 81' lang='lat' dir='ltr'>Persas,</span> <span class='ocrx_word' id='word_1_309' title='bbox 1839 3019 1921 3072; x_wconf 89' lang='lat' dir='ltr'>vel</span> <span class='ocrx_word' id='word_1_310' title='bbox 1967 3017 2167 3083; x_wconf 80' lang='lat' dir='ltr'>Iberos,</span> <span class='ocrx_word' id='word_1_311' title='bbox 2201 3024 2296 3069; x_wconf 85' lang='lat' dir='ltr'>aut</span> 
     </span>
    </p>
   </div>
   <div class='ocr_carea' id='block_1_46' title="bbox 717 3115 2295 3187">
    <p class='ocr_par' dir='ltr' id='par_1_46' title="bbox 717 3115 2295 3187">
     <span class='ocr_line' id='line_1_46' title="bbox 717 3115 2295 3187; baseline -0.004 -13"><span class='ocrx_word' id='word_1_312' title='bbox 717 3122 921 3184; x_wconf 85' lang='lat' dir='ltr'>Gallos,</span> <span class='ocrx_word' id='word_1_313' title='bbox 960 3119 1282 3187; x_wconf 81' lang='lat' dir='ltr'>Assyriosve</span> <span class='ocrx_word' id='word_1_314' title='bbox 1340 3131 1442 3170; x_wconf 90' lang='lat' dir='ltr'>suo</span> <span class='ocrx_word' id='word_1_315' title='bbox 1488 3130 1758 3183; x_wconf 87' lang='lat' dir='ltr'>quemque</span> <span class='ocrx_word' id='word_1_316' title='bbox 1815 3115 2002 3167; x_wconf 86' lang='lat' dir='ltr'>habitu</span> <span class='ocrx_word' id='word_1_317' title='bbox 2034 3131 2047 3166; x_wconf 90' lang='lat'><strong>:</strong></span> <span class='ocrx_word' id='word_1_318' title='bbox 2077 3122 2295 3182; x_wconf 88' lang='lat' dir='ltr'>gentes-</span> 
     </span>
    </p>
   </div>
   <div class='ocr_carea' id='block_1_47' title="bbox 718 3205 2291 3280">
    <p class='ocr_par' dir='ltr' id='par_1_47' title="bbox 718 3205 2291 3280">
     <span class='ocr_line' id='line_1_47' title="bbox 718 3205 2291 3280; baseline -0.005 -14"><span class='ocrx_word' id='word_1_319' title='bbox 718 3228 826 3280; x_wconf 89' lang='lat' dir='ltr'>que</span> <span class='ocrx_word' id='word_1_320' title='bbox 860 3213 1114 3265; x_wconf 85' lang='lat' dir='ltr'>subaetas</span> <span class='ocrx_word' id='word_1_321' title='bbox 1155 3218 1208 3262; x_wconf 89' lang='lat' dir='ltr'>et</span> <span class='ocrx_word' id='word_1_322' title='bbox 1258 3208 1656 3276; x_wconf 86' lang='lat' dir='ltr'>triumphantes</span> <span class='ocrx_word' id='word_1_323' title='bbox 1720 3208 1784 3259; x_wconf 84' lang='lat' dir='ltr'>de</span> <span class='ocrx_word' id='word_1_324' title='bbox 1830 3206 2019 3258; x_wconf 88' lang='lat' dir='ltr'>iisdem</span> <span class='ocrx_word' id='word_1_325' title='bbox 2057 3205 2291 3272; x_wconf 74' lang='lat' dir='ltr'>impexa-</span> 
     </span>
    </p>
   </div>
   <div class='ocr_carea' id='block_1_48' title="bbox 720 3268 2367 3366">
    <p class='ocr_par' dir='ltr' id='par_1_48' title="bbox 720 3268 2367 3366">
     <span class='ocr_line' id='line_1_48' title="bbox 720 3268 2367 3366; baseline -0.004 -12"><span class='ocrx_word' id='word_1_326' title='bbox 720 3311 888 3354; x_wconf 81' lang='lat' dir='ltr'>tores.</span> <span class='ocrx_word' id='word_1_327' title='bbox 916 3301 1046 3354; x_wconf 88' lang='lat' dir='ltr'>Item</span> <span class='ocrx_word' id='word_1_328' title='bbox 1073 3313 1269 3352; x_wconf 80' lang='lat' dir='ltr'>currus</span> <span class='ocrx_word' id='word_1_329' title='bbox 1301 3307 1353 3350; x_wconf 86' lang='lat' dir='ltr'>et</span> <span class='ocrx_word' id='word_1_330' title='bbox 1393 3296 1683 3366; x_wconf 82' lang='lat' dir='ltr'>quadrigas</span> <span class='ocrx_word' id='word_1_331' title='bbox 1723 3310 1848 3347; x_wconf 91' lang='lat' dir='ltr'>cum</span> <span class='ocrx_word' id='word_1_332' title='bbox 1918 3294 2143 3360; x_wconf 81' lang='lat' dir='ltr'>aurigis,</span> <span class='ocrx_word' id='word_1_333' title='bbox 2181 3303 2292 3348; x_wconf 88' lang='lat' dir='ltr'>tum</span> <span class='ocrx_word' id='word_1_334' title='bbox 2323 3268 2367 3326; x_wconf 64' lang='grc' dir='ltr'><strong><em>ε</em></strong></span> 
     </span>
    </p>
   </div>
   <div class='ocr_carea' id='block_1_49' title="bbox 720 3390 2300 3459">
    <p class='ocr_par' dir='ltr' id='par_1_49' title="bbox 720 3390 2300 3459">
     <span class='ocr_line' id='line_1_49' title="bbox 720 3390 2300 3459; baseline -0.004 -12"><span class='ocrx_word' id='word_1_335' title='bbox 720 3394 1012 3459; x_wconf 64' lang='lat' dir='ltr'>Stipatores</span> <span class='ocrx_word' id='word_1_336' title='bbox 1059 3406 1122 3443; x_wconf 88' lang='lat' dir='ltr'>ac</span> <span class='ocrx_word' id='word_1_337' title='bbox 1163 3393 1563 3457; x_wconf 89' lang='lat' dir='ltr'>subsequentes</span> <span class='ocrx_word' id='word_1_338' title='bbox 1611 3390 1888 3454; x_wconf 86' lang='lat' dir='ltr'>satellites,</span> <span class='ocrx_word' id='word_1_339' title='bbox 1918 3406 2017 3442; x_wconf 90' lang='lat' dir='ltr'>nec</span> <span class='ocrx_word' id='word_1_340' title='bbox 2076 3404 2178 3441; x_wconf 88' lang='lat' dir='ltr'>nou</span> <span class='ocrx_word' id='word_1_341' title='bbox 2202 3401 2300 3440; x_wconf 85' lang='lat' dir='ltr'>an-</span> 
     </span>
    </p>
   </div>
   <div class='ocr_carea' id='block_1_50' title="bbox 723 3479 2298 3550">
    <p class='ocr_par' dir='ltr' id='par_1_50' title="bbox 723 3479 2298 3550">
     <span class='ocr_line' id='line_1_50' title="bbox 723 3479 2298 3550; baseline -0.003 -13"><span class='ocrx_word' id='word_1_342' title='bbox 723 3483 1024 3537; x_wconf 73' lang='lat' dir='ltr'>lCCL‘dBlllia</span> <span class='ocrx_word' id='word_1_343' title='bbox 1049 3481 1220 3548; x_wconf 87' lang='lat' dir='ltr'>spolia</span> <span class='ocrx_word' id='word_1_344' title='bbox 1249 3483 1429 3533; x_wconf 85' lang='lat' dir='ltr'>omnia</span> <span class='ocrx_word' id='word_1_345' title='bbox 1465 3491 1724 3550; x_wconf 82' lang='lat' dir='ltr'>tanquam</span> <span class='ocrx_word' id='word_1_346' title='bbox 1766 3481 1884 3533; x_wconf 84' lang='lat' dir='ltr'>viva</span> <span class='ocrx_word' id='word_1_347' title='bbox 1918 3481 1970 3533; x_wconf 90' lang='lat' dir='ltr'>in</span> <span class='ocrx_word' id='word_1_348' title='bbox 2013 3479 2298 3548; x_wconf 74' lang='lat' dir='ltr'>eﬂigiebus</span> 
     </span>
    </p>
   </div>
   <div class='ocr_carea' id='block_1_51' title="bbox 721 3569 2300 3642">
    <p class='ocr_par' dir='ltr' id='par_1_51' title="bbox 721 3569 2300 3642">
     <span class='ocr_line' id='line_1_51' title="bbox 721 3569 2300 3642; baseline -0.006 -12"><span class='ocrx_word' id='word_1_349' title='bbox 721 3577 927 3641; x_wconf 83' lang='lat' dir='ltr'>vidcre,</span> <span class='ocrx_word' id='word_1_350' title='bbox 949 3585 1000 3630; x_wconf 85' lang='lat' dir='ltr'>et</span> <span class='ocrx_word' id='word_1_351' title='bbox 1060 3575 1188 3642; x_wconf 90' lang='lat' dir='ltr'>quid</span> <span class='ocrx_word' id='word_1_352' title='bbox 1243 3578 1668 3642; x_wconf 89' lang='lat' dir='ltr'>unumquodque</span> <span class='ocrx_word' id='word_1_353' title='bbox 1722 3574 1890 3628; x_wconf 83' lang='lat' dir='ltr'>fuerit</span> <span class='ocrx_word' id='word_1_354' title='bbox 1914 3590 1975 3626; x_wconf 74' lang='lat' dir='ltr'>ex</span> <span class='ocrx_word' id='word_1_355' title='bbox 2027 3569 2300 3637; x_wconf 69' lang='lat' dir='ltr'>adiunctis</span> 
     </span>
    </p>
   </div>
   <div class='ocr_carea' id='block_1_52' title="bbox 698 3665 2300 3733">
    <p class='ocr_par' dir='ltr' id='par_1_52' title="bbox 698 3665 2300 3733">
     <span class='ocr_line' id='line_1_52' title="bbox 698 3665 2300 3733; baseline -0.006 -11"><span class='ocrx_word' id='word_1_356' title='bbox 698 3669 925 3722; x_wconf 84' lang='lat' dir='ltr'>&#39;litteris</span> <span class='ocrx_word' id='word_1_357' title='bbox 954 3668 1277 3733; x_wconf 74' lang='lat' dir='ltr'>dignoscere</span> <span class='ocrx_word' id='word_1_358' title='bbox 1318 3667 1464 3720; x_wconf 76' lang='lat' dir='ltr'>lieut.</span> <span class='ocrx_word' id='word_1_359' title='bbox 1504 3665 1572 3718; x_wconf 89' lang='lat' dir='ltr'>Ut</span> <span class='ocrx_word' id='word_1_360' title='bbox 1638 3665 1928 3720; x_wconf 81' lang='lat' dir='ltr'>manifeste</span> <span class='ocrx_word' id='word_1_361' title='bbox 1978 3673 2142 3731; x_wconf 69' lang='lat' dir='ltr'>queat</span> <span class='ocrx_word' id='word_1_362' title='bbox 2179 3677 2300 3729; x_wconf 84' lang='lat' dir='ltr'>per-</span> 
     </span>
    </p>
   </div>
   <div class='ocr_carea' id='block_1_53' title="bbox 726 3757 2298 3828">
    <p class='ocr_par' dir='ltr' id='par_1_53' title="bbox 726 3757 2298 3828">
     <span class='ocr_line' id='line_1_53' title="bbox 726 3757 2298 3828; baseline -0.007 -14"><span class='ocrx_word' id='word_1_363' title='bbox 726 3762 888 3828; x_wconf 78' lang='lat' dir='ltr'>Spiei,</span> <span class='ocrx_word' id='word_1_364' title='bbox 927 3759 1131 3828; x_wconf 88' lang='lat' dir='ltr'>quibus</span> <span class='ocrx_word' id='word_1_365' title='bbox 1154 3757 1342 3817; x_wconf 70' lang='lat' dir='ltr'>armis,</span> <span class='ocrx_word' id='word_1_366' title='bbox 1368 3772 1584 3825; x_wconf 86' lang='lat' dir='ltr'>quoque</span> <span class='ocrx_word' id='word_1_367' title='bbox 1617 3758 1799 3810; x_wconf 86' lang='lat' dir='ltr'>bahitu</span> <span class='ocrx_word' id='word_1_368' title='bbox 1833 3757 1958 3826; x_wconf 87' lang='lat' dir='ltr'>olim</span> <span class='ocrx_word' id='word_1_369' title='bbox 1994 3763 2298 3813; x_wconf 89' lang='lat' dir='ltr'>uterentur,</span> 
     </span>
    </p>
   </div>
   <div class='ocr_carea' id='block_1_54' title="bbox 727 3844 2298 3918">
    <p class='ocr_par' dir='ltr' id='par_1_54' title="bbox 727 3844 2298 3918">
     <span class='ocr_line' id='line_1_54' title="bbox 727 3844 2298 3918; baseline -0.006 -14"><span class='ocrx_word' id='word_1_370' title='bbox 727 3853 924 3917; x_wconf 80' lang='lat' dir='ltr'>quilnts</span> <span class='ocrx_word' id='word_1_371' title='bbox 1003 3849 1379 3917; x_wconf 82' lang='lat' dir='ltr'>magistratum</span> <span class='ocrx_word' id='word_1_372' title='bbox 1426 3848 1756 3918; x_wconf 83' lang='lat' dir='ltr'>insignibus,</span> <span class='ocrx_word' id='word_1_373' title='bbox 1818 3847 2014 3915; x_wconf 88' lang='lat' dir='ltr'>quibus</span> <span class='ocrx_word' id='word_1_374' title='bbox 2061 3844 2298 3897; x_wconf 81' lang='lat' dir='ltr'>acierum</span> 
     </span>
    </p>
   </div>
   <div class='ocr_carea' id='block_1_55' title="bbox 727 3934 2291 4008">
    <p class='ocr_par' dir='ltr' id='par_1_55' title="bbox 727 3934 2291 4008">
     <span class='ocr_line' id='line_1_55' title="bbox 727 3934 2291 4008; baseline -0.006 -13"><span class='ocrx_word' id='word_1_375' title='bbox 727 3939 1180 3996; x_wconf 80' lang='lat' dir='ltr'>instructionibus</span> <span class='ocrx_word' id='word_1_376' title='bbox 1209 3949 1261 3992; x_wconf 89' lang='lat' dir='ltr'>et</span> <span class='ocrx_word' id='word_1_377' title='bbox 1298 3941 1512 4008; x_wconf 72' lang='lat' dir='ltr'>pugnis,</span> <span class='ocrx_word' id='word_1_378' title='bbox 1548 3939 1816 4006; x_wconf 89' lang='lat' dir='ltr'>queisque</span> <span class='ocrx_word' id='word_1_379' title='bbox 1843 3938 2007 3990; x_wconf 80' lang='lat' dir='ltr'>urbes</span> <span class='ocrx_word' id='word_1_380' title='bbox 2033 3934 2291 3989; x_wconf 83' lang='lat' dir='ltr'>obsiden-</span> 
     </span>
    </p>
   </div>
   <div class='ocr_carea' id='block_1_56' title="bbox 724 4030 2300 4100">
    <p class='ocr_par' dir='ltr' id='par_1_56' title="bbox 724 4030 2300 4100">
     <span class='ocr_line' id='line_1_56' title="bbox 724 4030 2300 4100; baseline -0.006 -12"><span class='ocrx_word' id='word_1_381' title='bbox 724 4038 781 4090; x_wconf 76' lang='lat' dir='ltr'>di</span> <span class='ocrx_word' id='word_1_382' title='bbox 813 4046 865 4090; x_wconf 84' lang='lat' dir='ltr'>et</span> <span class='ocrx_word' id='word_1_383' title='bbox 893 4045 1071 4089; x_wconf 89' lang='lat' dir='ltr'>castra</span> <span class='ocrx_word' id='word_1_384' title='bbox 1102 4035 1337 4087; x_wconf 82' lang='lat' dir='ltr'>metandi</span> <span class='ocrx_word' id='word_1_385' title='bbox 1367 4032 1540 4086; x_wconf 83' lang='lat' dir='ltr'>modis</span> <span class='ocrx_word' id='word_1_386' title='bbox 1579 4047 1592 4083; x_wconf 91' lang='lat'><strong>:</strong></span> <span class='ocrx_word' id='word_1_387' title='bbox 1628 4031 1826 4100; x_wconf 87' lang='lat' dir='ltr'>quibus</span> <span class='ocrx_word' id='word_1_388' title='bbox 1875 4030 2112 4096; x_wconf 89' lang='lat' dir='ltr'>denique</span> <span class='ocrx_word' id='word_1_389' title='bbox 2136 4041 2300 4080; x_wconf 82' lang='lat' dir='ltr'>orna-</span> 
     </span>
    </p>
   </div>
   <div class='ocr_carea' id='block_1_57' title="bbox 729 4118 2298 4194">
    <p class='ocr_par' dir='ltr' id='par_1_57' title="bbox 729 4118 2298 4194">
     <span class='ocr_line' id='line_1_57' title="bbox 729 4118 2298 4194; baseline -0.008 -12"><span class='ocrx_word' id='word_1_390' title='bbox 729 4128 928 4182; x_wconf 85' lang='lat' dir='ltr'>mentis</span> <span class='ocrx_word' id='word_1_391' title='bbox 959 4137 1142 4194; x_wconf 89' lang='lat' dir='ltr'>etquo</span> <span class='ocrx_word' id='word_1_392' title='bbox 1171 4125 1368 4178; x_wconf 82' lang='lat' dir='ltr'>amictu</span> <span class='ocrx_word' id='word_1_393' title='bbox 1401 4123 1606 4176; x_wconf 86' lang='lat' dir='ltr'>militiae</span> <span class='ocrx_word' id='word_1_394' title='bbox 1636 4123 1715 4176; x_wconf 89' lang='lat' dir='ltr'>vel</span> <span class='ocrx_word' id='word_1_395' title='bbox 1743 4121 1910 4186; x_wconf 88' lang='lat' dir='ltr'>domi,</span> <span class='ocrx_word' id='word_1_396' title='bbox 1959 4119 2012 4173; x_wconf 90' lang='lat' dir='ltr'>in</span> <span class='ocrx_word' id='word_1_397' title='bbox 2041 4118 2298 4181; x_wconf 81' lang='lat' dir='ltr'>comitiis,</span> 
     </span>
    </p>
   </div>
   <div class='ocr_carea' id='block_1_58' title="bbox 732 4209 2299 4281">
    <p class='ocr_par' dir='ltr' id='par_1_58' title="bbox 732 4209 2299 4281">
     <span class='ocr_line' id='line_1_58' title="bbox 732 4209 2299 4281; baseline -0.007 -10"><span class='ocrx_word' id='word_1_398' title='bbox 732 4221 815 4272; x_wconf 83' lang='lat' dir='ltr'>vel</span> <span class='ocrx_word' id='word_1_399' title='bbox 847 4222 899 4271; x_wconf 94' lang='lat' dir='ltr'>in</span> <span class='ocrx_word' id='word_1_400' title='bbox 957 4227 1171 4281; x_wconf 88' lang='lat' dir='ltr'>senatu,</span> <span class='ocrx_word' id='word_1_401' title='bbox 1227 4217 1312 4270; x_wconf 89' lang='lat' dir='ltr'>vel</span> <span class='ocrx_word' id='word_1_402' title='bbox 1361 4219 1522 4268; x_wconf 89' lang='lat' dir='ltr'>etiam</span> <span class='ocrx_word' id='word_1_403' title='bbox 1589 4215 1642 4266; x_wconf 93' lang='lat' dir='ltr'>in</span> <span class='ocrx_word' id='word_1_404' title='bbox 1710 4213 1871 4266; x_wconf 81' lang='lat' dir='ltr'>foro:</span> <span class='ocrx_word' id='word_1_405' title='bbox 1926 4213 1977 4263; x_wconf 95' lang='lat' dir='ltr'>in</span> <span class='ocrx_word' id='word_1_406' title='bbox 2047 4218 2211 4269; x_wconf 84' lang='lat' dir='ltr'>terra,</span> <span class='ocrx_word' id='word_1_407' title='bbox 2247 4209 2299 4260; x_wconf 94' lang='lat' dir='ltr'>in</span> 
     </span>
    </p>
   </div>
   <div class='ocr_carea' id='block_1_59' title="bbox 734 4297 2305 4372">
    <p class='ocr_par' dir='ltr' id='par_1_59' title="bbox 734 4297 2305 4372">
     <span class='ocr_line' id='line_1_59' title="bbox 734 4297 2305 4372; baseline -0.008 -10"><span class='ocrx_word' id='word_1_408' title='bbox 734 4311 870 4362; x_wconf 88' lang='lat' dir='ltr'>mari</span> <span class='ocrx_word' id='word_1_409' title='bbox 925 4309 1025 4362; x_wconf 84' lang='lat' dir='ltr'>iter</span> <span class='ocrx_word' id='word_1_410' title='bbox 1057 4307 1336 4369; x_wconf 82' lang='lat' dir='ltr'>facientes,</span> <span class='ocrx_word' id='word_1_411' title='bbox 1367 4306 1446 4358; x_wconf 91' lang='lat' dir='ltr'>vel</span> <span class='ocrx_word' id='word_1_412' title='bbox 1489 4306 1826 4372; x_wconf 76' lang='lat' dir='ltr'>navigantes,</span> <span class='ocrx_word' id='word_1_413' title='bbox 1861 4302 1975 4354; x_wconf 83' lang='lat' dir='ltr'>sive</span> <span class='ocrx_word' id='word_1_414' title='bbox 2030 4299 2176 4368; x_wconf 86' lang='lat' dir='ltr'>operi</span> <span class='ocrx_word' id='word_1_415' title='bbox 2226 4297 2305 4350; x_wconf 84' lang='lat' dir='ltr'>fa-</span> 
     </span>
    </p>
   </div>
   <div class='ocr_carea' id='block_1_60' title="bbox 732 4389 2302 4464">
    <p class='ocr_par' dir='ltr' id='par_1_60' title="bbox 732 4389 2302 4464">
     <span class='ocr_line' id='line_1_60' title="bbox 732 4389 2302 4464; baseline -0.009 -10"><span class='ocrx_word' id='word_1_416' title='bbox 732 4401 953 4464; x_wconf 88' lang='lat' dir='ltr'>ciendo,</span> <span class='ocrx_word' id='word_1_417' title='bbox 988 4400 1102 4455; x_wconf 89' lang='lat' dir='ltr'>sive</span> <span class='ocrx_word' id='word_1_418' title='bbox 1128 4397 1347 4464; x_wconf 90' lang='lat' dir='ltr'>corpori</span> <span class='ocrx_word' id='word_1_419' title='bbox 1378 4394 1683 4450; x_wconf 77' lang='lat' dir='ltr'>exercendo</span> <span class='ocrx_word' id='word_1_420' title='bbox 1712 4392 1928 4457; x_wconf 90' lang='lat' dir='ltr'>intenti,</span> <span class='ocrx_word' id='word_1_421' title='bbox 1983 4390 2097 4443; x_wconf 88' lang='lat' dir='ltr'>sive</span> <span class='ocrx_word' id='word_1_422' title='bbox 2144 4389 2302 4441; x_wconf 91' lang='lat' dir='ltr'>ludos</span> 
     </span>
    </p>
   </div>
   <div class='ocr_carea' id='block_1_61' title="bbox 735 4479 2304 4563">
    <p class='ocr_par' dir='ltr' id='par_1_61' title="bbox 735 4479 2304 4563">
     <span class='ocr_line' id='line_1_61' title="bbox 735 4479 2304 4563; baseline -0.01 -17"><span class='ocrx_word' id='word_1_423' title='bbox 735 4501 1066 4563; x_wconf 77' lang='lat' dir='ltr'>spectantes,</span> <span class='ocrx_word' id='word_1_424' title='bbox 1091 4492 1204 4544; x_wconf 86' lang='lat' dir='ltr'>sive</span> <span class='ocrx_word' id='word_1_425' title='bbox 1234 4489 1284 4542; x_wconf 93' lang='lat' dir='ltr'>in</span> <span class='ocrx_word' id='word_1_426' title='bbox 1312 4487 1688 4548; x_wconf 86' lang='lat' dir='ltr'>concionibus,</span> <span class='ocrx_word' id='word_1_427' title='bbox 1711 4485 1827 4538; x_wconf 68' lang='lat' dir='ltr'>sive</span> <span class='ocrx_word' id='word_1_428' title='bbox 1863 4483 1915 4534; x_wconf 88' lang='lat' dir='ltr'>in</span> <span class='ocrx_word' id='word_1_429' title='bbox 1945 4480 2196 4541; x_wconf 73' lang='lat' dir='ltr'>ofﬁcinis,</span> <span class='ocrx_word' id='word_1_430' title='bbox 2223 4479 2304 4532; x_wconf 90' lang='lat' dir='ltr'>id-</span> 
     </span>
    </p>
   </div>
   <div class='ocr_carea' id='block_1_62' title="bbox 2395 2023 3964 2095">
    <p class='ocr_par' dir='ltr' id='par_1_62' title="bbox 2395 2023 3964 2095">
     <span class='ocr_line' id='line_1_62' title="bbox 2395 2023 3964 2095; baseline 0 -19"><span class='ocrx_word' id='word_1_431' title='bbox 2395 2023 2742 2092; x_wconf 83' lang='grc' dir='ltr'>ἀνδριάντας,</span> <span class='ocrx_word' id='word_1_432' title='bbox 2796 2025 2892 2077; x_wconf 76' lang='grc' dir='ltr'>καὶ</span> <span class='ocrx_word' id='word_1_433' title='bbox 2929 2026 3153 2095; x_wconf 81' lang='grc' dir='ltr'>τεμένη.</span> <span class='ocrx_word' id='word_1_434' title='bbox 3197 2028 3291 2079; x_wconf 76' lang='grc' dir='ltr'>καὶ</span> <span class='ocrx_word' id='word_1_435' title='bbox 3326 2027 3527 2091; x_wconf 79' lang='grc' dir='ltr'>στήλας</span> <span class='ocrx_word' id='word_1_436' title='bbox 3562 2028 3670 2078; x_wconf 74' lang='grc' dir='ltr'>τῶν</span> <span class='ocrx_word' id='word_1_437' title='bbox 3714 2029 3964 2081; x_wconf 79' lang='grc' dir='ltr'>παλαιῶν</span> 
     </span>
    </p>
   </div>
   <div class='ocr_carea' id='block_1_63' title="bbox 2395 2115 3966 2187">
    <p class='ocr_par' dir='ltr' id='par_1_63' title="bbox 2395 2115 3966 2187">
     <span class='ocr_line' id='line_1_63' title="bbox 2395 2115 3966 2187; baseline 0.003 -22"><span class='ocrx_word' id='word_1_438' title='bbox 2395 2115 2622 2167; x_wconf 88' lang='grc' dir='ltr'>ἐκείνων</span> <span class='ocrx_word' id='word_1_439' title='bbox 2648 2116 2741 2168; x_wconf 75' lang='grc' dir='ltr'>καὶ</span> <span class='ocrx_word' id='word_1_440' title='bbox 2769 2117 3089 2186; x_wconf 76' lang='grc' dir='ltr'>περιφανῶν</span> <span class='ocrx_word' id='word_1_441' title='bbox 3113 2117 3343 2187; x_wconf 89' lang='grc' dir='ltr'>ἀνδρῶν,</span> <span class='ocrx_word' id='word_1_442' title='bbox 3378 2119 3430 2170; x_wconf 82' lang='grc' dir='ltr'>εί</span> <span class='ocrx_word' id='word_1_443' title='bbox 3465 2135 3546 2179; x_wconf 87' lang='grc' dir='ltr'>τις</span> <span class='ocrx_word' id='word_1_444' title='bbox 3576 2117 3717 2186; x_wconf 68' lang='grc' dir='ltr'>ὑπὲρ</span> <span class='ocrx_word' id='word_1_445' title='bbox 3743 2119 3837 2187; x_wconf 77' lang='grc' dir='ltr'>τῆς</span> <span class='ocrx_word' id='word_1_446' title='bbox 3869 2122 3966 2170; x_wconf 83' lang='grc' dir='ltr'>πό-</span> 
     </span>
    </p>
   </div>
   <div class='ocr_carea' id='block_1_64' title="bbox 2395 2203 3966 2278">
    <p class='ocr_par' dir='ltr' id='par_1_64' title="bbox 2395 2203 3966 2278">
     <span class='ocr_line' id='line_1_64' title="bbox 2395 2203 3966 2278; baseline 0.003 -22"><span class='ocrx_word' id='word_1_447' title='bbox 2395 2203 2529 2267; x_wconf 85' lang='grc' dir='ltr'>λεώς</span> <span class='ocrx_word' id='word_1_448' title='bbox 2560 2221 2614 2256; x_wconf 90' lang='grc' dir='ltr'>τι</span> <span class='ocrx_word' id='word_1_449' title='bbox 2647 2205 2960 2274; x_wconf 72' lang='grc' dir='ltr'>εἴργασται,</span> <span class='ocrx_word' id='word_1_450' title='bbox 2997 2207 3226 2270; x_wconf 85' lang='grc' dir='ltr'>ἐκείνοις</span> <span class='ocrx_word' id='word_1_451' title='bbox 3256 2210 3405 2278; x_wconf 85' lang='grc' dir='ltr'>παρά</span> <span class='ocrx_word' id='word_1_452' title='bbox 3439 2210 3530 2262; x_wconf 84' lang='grc' dir='ltr'>τοῦ</span> <span class='ocrx_word' id='word_1_453' title='bbox 3583 2210 3840 2278; x_wconf 73' lang='grc' dir='ltr'>δημοσίου</span> <span class='ocrx_word' id='word_1_454' title='bbox 3873 2225 3966 2275; x_wconf 80' lang='grc' dir='ltr'>γεο</span> 
     </span>
    </p>
   </div>
   <div class='ocr_carea' id='block_1_65' title="bbox 2394 2295 3965 2367">
    <p class='ocr_par' dir='ltr' id='par_1_65' title="bbox 2394 2295 3965 2367">
     <span class='ocr_line' id='line_1_65' title="bbox 2394 2295 3965 2367; baseline 0 -19"><span class='ocrx_word' id='word_1_455' title='bbox 2394 2295 2646 2363; x_wconf 85' lang='grc' dir='ltr'>νομένας,</span> <span class='ocrx_word' id='word_1_456' title='bbox 2678 2298 2771 2347; x_wconf 75' lang='grc' dir='ltr'>καὶ</span> <span class='ocrx_word' id='word_1_457' title='bbox 2800 2297 3067 2365; x_wconf 81' lang='grc' dir='ltr'>ἀριστεῖα,</span> <span class='ocrx_word' id='word_1_458' title='bbox 3096 2298 3188 2349; x_wconf 72' lang='grc' dir='ltr'>καὶ</span> <span class='ocrx_word' id='word_1_459' title='bbox 3221 2298 3467 2366; x_wconf 79' lang='grc' dir='ltr'>γεφύρας</span> <span class='ocrx_word' id='word_1_460' title='bbox 3501 2298 3858 2367; x_wconf 75' lang='grc' dir='ltr'>θριαμϐικὰς,</span> <span class='ocrx_word' id='word_1_461' title='bbox 3885 2298 3965 2358; x_wconf 85' lang='grc' dir='ltr'>είς</span> 
     </span>
    </p>
   </div>
   <div class='ocr_carea' id='block_1_66' title="bbox 2397 2387 3966 2457">
    <p class='ocr_par' dir='ltr' id='par_1_66' title="bbox 2397 2387 3966 2457">
     <span class='ocr_line' id='line_1_66' title="bbox 2397 2387 3966 2457; baseline 0.001 -19"><span class='ocrx_word' id='word_1_462' title='bbox 2397 2387 2694 2455; x_wconf 83' lang='grc' dir='ltr'>ὑπόμνημα</span> <span class='ocrx_word' id='word_1_463' title='bbox 2724 2388 2834 2439; x_wconf 91' lang='grc' dir='ltr'>τῶν</span> <span class='ocrx_word' id='word_1_464' title='bbox 2865 2387 3153 2457; x_wconf 75' lang='grc' dir='ltr'>θριάμϐων</span> <span class='ocrx_word' id='word_1_465' title='bbox 3202 2389 3427 2440; x_wconf 84' lang='grc' dir='ltr'>ἐκείνων</span> <span class='ocrx_word' id='word_1_466' title='bbox 3459 2390 3550 2440; x_wconf 78' lang='grc' dir='ltr'>καὶ</span> <span class='ocrx_word' id='word_1_467' title='bbox 3583 2389 3692 2441; x_wconf 86' lang='grc' dir='ltr'>τῶν</span> <span class='ocrx_word' id='word_1_468' title='bbox 3728 2387 3966 2457; x_wconf 83' lang='grc' dir='ltr'>πομπῶν</span> 
     </span>
    </p>
   </div>
   <div class='ocr_carea' id='block_1_67' title="bbox 2396 2477 3965 2547">
    <p class='ocr_par' dir='ltr' id='par_1_67' title="bbox 2396 2477 3965 2547">
     <span class='ocr_line' id='line_1_67' title="bbox 2396 2477 3965 2547; baseline 0.001 -18"><span class='ocrx_word' id='word_1_469' title='bbox 2396 2477 2797 2546; x_wconf 71' lang='grc' dir='ltr'>πεποιημένας,</span> <span class='ocrx_word' id='word_1_470' title='bbox 2831 2477 3014 2531; x_wconf 86' lang='grc' dir='ltr'>αὐτῶν</span> <span class='ocrx_word' id='word_1_471' title='bbox 3045 2478 3153 2531; x_wconf 89' lang='grc' dir='ltr'>τῶν</span> <span class='ocrx_word' id='word_1_472' title='bbox 3188 2478 3457 2546; x_wconf 76' lang='grc' dir='ltr'>πολέμων,</span> <span class='ocrx_word' id='word_1_473' title='bbox 3493 2480 3587 2531; x_wconf 74' lang='grc' dir='ltr'>καὶ</span> <span class='ocrx_word' id='word_1_474' title='bbox 3617 2479 3725 2530; x_wconf 90' lang='grc' dir='ltr'>τῶν</span> <span class='ocrx_word' id='word_1_475' title='bbox 3753 2480 3965 2547; x_wconf 73' lang='grc' dir='ltr'>αἰχμα-</span> 
     </span>
    </p>
   </div>
   <div class='ocr_carea' id='block_1_68' title="bbox 2393 2568 3968 2638">
    <p class='ocr_par' dir='ltr' id='par_1_68' title="bbox 2393 2568 3968 2638">
     <span class='ocr_line' id='line_1_68' title="bbox 2393 2568 3968 2638; baseline 0.002 -20"><span class='ocrx_word' id='word_1_476' title='bbox 2393 2568 2603 2632; x_wconf 81' lang='grc' dir='ltr'>λώτων,</span> <span class='ocrx_word' id='word_1_477' title='bbox 2646 2571 2738 2621; x_wconf 82' lang='grc' dir='ltr'>καὶ</span> <span class='ocrx_word' id='word_1_478' title='bbox 2789 2569 2897 2621; x_wconf 92' lang='grc' dir='ltr'>τῶν</span> <span class='ocrx_word' id='word_1_479' title='bbox 2951 2568 3234 2637; x_wconf 80' lang='grc' dir='ltr'>λαφύρων,</span> <span class='ocrx_word' id='word_1_480' title='bbox 3282 2571 3378 2622; x_wconf 78' lang='grc' dir='ltr'>καὶ</span> <span class='ocrx_word' id='word_1_481' title='bbox 3435 2569 3543 2621; x_wconf 92' lang='grc' dir='ltr'>τῶν</span> <span class='ocrx_word' id='word_1_482' title='bbox 3597 2568 3968 2638; x_wconf 79' lang='grc' dir='ltr'>τειχομαχιῶν</span> 
     </span>
    </p>
   </div>
   <div class='ocr_carea' id='block_1_69' title="bbox 2397 2658 3970 2730">
    <p class='ocr_par' dir='ltr' id='par_1_69' title="bbox 2397 2658 3970 2730">
     <span class='ocr_line' id='line_1_69' title="bbox 2397 2658 3970 2730; baseline 0 -19"><span class='ocrx_word' id='word_1_483' title='bbox 2397 2659 2912 2728; x_wconf 81' lang='grc' dir='ltr'>ἐγκεκολαμμένων,</span> <span class='ocrx_word' id='word_1_484' title='bbox 2960 2660 3038 2712; x_wconf 78' lang='grc' dir='ltr'>ἔτι</span> <span class='ocrx_word' id='word_1_485' title='bbox 3073 2660 3128 2712; x_wconf 86' lang='grc' dir='ltr'>δέ</span> <span class='ocrx_word' id='word_1_486' title='bbox 3171 2661 3383 2730; x_wconf 73' lang='grc' dir='ltr'>ἱερείων</span> <span class='ocrx_word' id='word_1_487' title='bbox 3413 2663 3471 2713; x_wconf 82' lang='grc' dir='ltr'>ἐν</span> <span class='ocrx_word' id='word_1_488' title='bbox 3522 2659 3714 2720; x_wconf 84' lang='grc' dir='ltr'>αὑταῖς</span> <span class='ocrx_word' id='word_1_489' title='bbox 3745 2663 3838 2713; x_wconf 77' lang='grc' dir='ltr'>καὶ</span> <span class='ocrx_word' id='word_1_490' title='bbox 3874 2658 3970 2711; x_wconf 87' lang='grc' dir='ltr'>θυ-</span> 
     </span>
    </p>
   </div>
   <div class='ocr_carea' id='block_1_70' title="bbox 2399 2750 3969 2820">
    <p class='ocr_par' dir='ltr' id='par_1_70' title="bbox 2399 2750 3969 2820">
     <span class='ocr_line' id='line_1_70' title="bbox 2399 2750 3969 2820; baseline 0 -18"><span class='ocrx_word' id='word_1_491' title='bbox 2399 2752 2528 2802; x_wconf 89' lang='grc' dir='ltr'>σιῶν</span> <span class='ocrx_word' id='word_1_492' title='bbox 2567 2751 2659 2802; x_wconf 73' lang='grc' dir='ltr'>καὶ</span> <span class='ocrx_word' id='word_1_493' title='bbox 2703 2750 2901 2818; x_wconf 88' lang='grc' dir='ltr'>βωμῶν</span> <span class='ocrx_word' id='word_1_494' title='bbox 2928 2751 3142 2819; x_wconf 83' lang='grc' dir='ltr'>γλυφὰς</span> <span class='ocrx_word' id='word_1_495' title='bbox 3177 2753 3272 2804; x_wconf 78' lang='grc' dir='ltr'>καὶ</span> <span class='ocrx_word' id='word_1_496' title='bbox 3319 2751 3707 2820; x_wconf 80' lang='grc' dir='ltr'>ἀναθημάτων.</span> <span class='ocrx_word' id='word_1_497' title='bbox 3741 2751 3884 2814; x_wconf 57' lang='lat' dir='ltr'>&quot;pb;</span> <span class='ocrx_word' id='word_1_498' title='bbox 3911 2751 3969 2802; x_wconf 72' lang='grc' dir='ltr'>δέ</span> 
     </span>
    </p>
   </div>
   <div class='ocr_carea' id='block_1_71' title="bbox 2396 2840 3968 2909">
    <p class='ocr_par' dir='ltr' id='par_1_71' title="bbox 2396 2840 3968 2909">
     <span class='ocr_line' id='line_1_71' title="bbox 2396 2840 3968 2909; baseline 0 -17"><span class='ocrx_word' id='word_1_499' title='bbox 2396 2841 2612 2901; x_wconf 76' lang='grc' dir='ltr'>τούτοις</span> <span class='ocrx_word' id='word_1_500' title='bbox 2659 2842 2992 2909; x_wconf 84' lang='grc' dir='ltr'>ναυμαχίας.</span> <span class='ocrx_word' id='word_1_501' title='bbox 3028 2840 3124 2892; x_wconf 78' lang='grc' dir='ltr'>καὶ</span> <span class='ocrx_word' id='word_1_502' title='bbox 3177 2840 3544 2909; x_wconf 81' lang='grc' dir='ltr'>πεζομαχίας,</span> <span class='ocrx_word' id='word_1_503' title='bbox 3576 2843 3670 2893; x_wconf 76' lang='grc' dir='ltr'>καὶ</span> <span class='ocrx_word' id='word_1_504' title='bbox 3722 2844 3968 2909; x_wconf 77' lang='grc' dir='ltr'>ἱππομα-</span> 
     </span>
    </p>
   </div>
   <div class='ocr_carea' id='block_1_72' title="bbox 2398 2924 3973 3002">
    <p class='ocr_par' dir='ltr' id='par_1_72' title="bbox 2398 2924 3973 3002">
     <span class='ocr_line' id='line_1_72' title="bbox 2398 2924 3973 3002; baseline 0.002 -21"><span class='ocrx_word' id='word_1_505' title='bbox 2398 2932 2544 2999; x_wconf 88' lang='grc' dir='ltr'>χίας,</span> <span class='ocrx_word' id='word_1_506' title='bbox 2582 2924 2675 2983; x_wconf 80' lang='grc' dir='ltr'>καὶ</span> <span class='ocrx_word' id='word_1_507' title='bbox 2703 2933 2813 2983; x_wconf 86' lang='grc' dir='ltr'>πᾶν</span> <span class='ocrx_word' id='word_1_508' title='bbox 2839 2929 2998 2995; x_wconf 75' lang='grc' dir='ltr'>εἶδος,</span> <span class='ocrx_word' id='word_1_509' title='bbox 3035 2932 3108 2993; x_wconf 87' lang='grc' dir='ltr'>ὼς</span> <span class='ocrx_word' id='word_1_510' title='bbox 3139 2933 3336 2996; x_wconf 84' lang='grc' dir='ltr'>είπεῐν,</span> <span class='ocrx_word' id='word_1_511' title='bbox 3363 2933 3566 3000; x_wconf 83' lang='grc' dir='ltr'>μάχης,</span> <span class='ocrx_word' id='word_1_512' title='bbox 3594 2933 3687 2984; x_wconf 69' lang='grc' dir='ltr'>καὶ</span> <span class='ocrx_word' id='word_1_513' title='bbox 3719 2949 3973 3002; x_wconf 75' lang='grc' dir='ltr'>μηχανηι</span> 
     </span>
    </p>
   </div>
   <div class='ocr_carea' id='block_1_73' title="bbox 2402 3022 3968 3092">
    <p class='ocr_par' dir='ltr' id='par_1_73' title="bbox 2402 3022 3968 3092">
     <span class='ocr_line' id='line_1_73' title="bbox 2402 3022 3968 3092; baseline 0.002 -18"><span class='ocrx_word' id='word_1_514' title='bbox 2402 3024 2589 3090; x_wconf 82' lang='grc' dir='ltr'>μάτων</span> <span class='ocrx_word' id='word_1_515' title='bbox 2609 3039 2666 3073; x_wconf 90' lang='grc' dir='ltr'>τε</span> <span class='ocrx_word' id='word_1_516' title='bbox 2696 3025 2787 3074; x_wconf 77' lang='grc' dir='ltr'>καὶ</span> <span class='ocrx_word' id='word_1_517' title='bbox 2819 3022 3018 3085; x_wconf 82' lang='grc' dir='ltr'>ὅπλων,</span> <span class='ocrx_word' id='word_1_518' title='bbox 3048 3025 3144 3078; x_wconf 75' lang='grc' dir='ltr'>καὶ</span> <span class='ocrx_word' id='word_1_519' title='bbox 3180 3024 3303 3084; x_wconf 83' lang='grc' dir='ltr'>τοὺς</span> <span class='ocrx_word' id='word_1_520' title='bbox 3328 3024 3679 3092; x_wconf 80' lang='grc' dir='ltr'>ὑπηγμένους</span> <span class='ocrx_word' id='word_1_521' title='bbox 3701 3024 3968 3088; x_wconf 83' lang='grc' dir='ltr'>δυνάστας</span> 
     </span>
    </p>
   </div>
   <div class='ocr_carea' id='block_1_74' title="bbox 2397 3112 3962 3182">
    <p class='ocr_par' dir='ltr' id='par_1_74' title="bbox 2397 3112 3962 3182">
     <span class='ocr_line' id='line_1_74' title="bbox 2397 3112 3962 3182; baseline 0.001 -18"><span class='ocrx_word' id='word_1_522' title='bbox 2397 3113 2614 3181; x_wconf 86' lang='grc' dir='ltr'>Μήδους</span> <span class='ocrx_word' id='word_1_523' title='bbox 2646 3113 2822 3180; x_wconf 75' lang='grc' dir='ltr'>τυχὸν,</span> <span class='ocrx_word' id='word_1_524' title='bbox 2855 3112 2890 3180; x_wconf 76' lang='grc' dir='ltr'>ἢ</span> <span class='ocrx_word' id='word_1_525' title='bbox 2925 3113 3157 3180; x_wconf 78' lang='grc' dir='ltr'>Πέρσας,</span> <span class='ocrx_word' id='word_1_526' title='bbox 3192 3113 3226 3180; x_wconf 80' lang='grc' dir='ltr'><strong>ἢ</strong></span> <span class='ocrx_word' id='word_1_527' title='bbox 3266 3112 3516 3182; x_wconf 75' lang='grc' dir='ltr'>Ἴϐηρας,</span> <span class='ocrx_word' id='word_1_528' title='bbox 3549 3113 3580 3178; x_wconf 75' lang='grc' dir='ltr'>ἢ</span> <span class='ocrx_word' id='word_1_529' title='bbox 3633 3113 3894 3174; x_wconf 75' lang='grc' dir='ltr'>Κελτοὺς,</span> <span class='ocrx_word' id='word_1_530' title='bbox 3930 3112 3962 3180; x_wconf 74' lang='grc' dir='ltr'>ἢ</span> 
     </span>
    </p>
   </div>
   <div class='ocr_carea' id='block_1_75' title="bbox 2412 3204 3968 3273">
    <p class='ocr_par' dir='ltr' id='par_1_75' title="bbox 2412 3204 3968 3273">
     <span class='ocr_line' id='line_1_75' title="bbox 2412 3204 3968 3273; baseline -0.001 -17"><span class='ocrx_word' id='word_1_531' title='bbox 2412 3205 2753 3272; x_wconf 82' lang='grc' dir='ltr'>Ἀσσυρίους,</span> <span class='ocrx_word' id='word_1_532' title='bbox 2784 3204 2926 3258; x_wconf 85' lang='grc' dir='ltr'>κατά</span> <span class='ocrx_word' id='word_1_533' title='bbox 2973 3205 3069 3273; x_wconf 79' lang='grc' dir='ltr'>τὴν</span> <span class='ocrx_word' id='word_1_534' title='bbox 3111 3205 3290 3257; x_wconf 85' lang='grc' dir='ltr'>αὐτῶν</span> <span class='ocrx_word' id='word_1_535' title='bbox 3333 3206 3526 3272; x_wconf 84' lang='grc' dir='ltr'>στολὴν</span> <span class='ocrx_word' id='word_1_536' title='bbox 3575 3204 3836 3266; x_wconf 87' lang='grc' dir='ltr'>ἐκάστους</span> <span class='ocrx_word' id='word_1_537' title='bbox 3871 3204 3968 3255; x_wconf 75' lang='grc' dir='ltr'>καὶ</span> 
     </span>
    </p>
   </div>
   <div class='ocr_carea' id='block_1_76' title="bbox 2398 3293 3966 3363">
    <p class='ocr_par' dir='ltr' id='par_1_76' title="bbox 2398 3293 3966 3363">
     <span class='ocr_line' id='line_1_76' title="bbox 2398 3293 3966 3363; baseline 0.001 -20"><span class='ocrx_word' id='word_1_538' title='bbox 2398 3294 2465 3345; x_wconf 88' lang='grc' dir='ltr'>τά</span> <span class='ocrx_word' id='word_1_539' title='bbox 2493 3294 2866 3361; x_wconf 80' lang='grc' dir='ltr'>δεδουλωμένα</span> <span class='ocrx_word' id='word_1_540' title='bbox 2893 3293 3047 3360; x_wconf 76' lang='grc' dir='ltr'>γένη,</span> <span class='ocrx_word' id='word_1_541' title='bbox 3091 3293 3185 3346; x_wconf 80' lang='grc' dir='ltr'>καὶ</span> <span class='ocrx_word' id='word_1_542' title='bbox 3225 3294 3349 3356; x_wconf 83' lang='grc' dir='ltr'>τοὺς</span> <span class='ocrx_word' id='word_1_543' title='bbox 3390 3293 3827 3363; x_wconf 82' lang='grc' dir='ltr'>θριαμϐεύοντας</span> <span class='ocrx_word' id='word_1_544' title='bbox 3873 3294 3966 3344; x_wconf 80' lang='grc' dir='ltr'>ἐπὶ</span> 
     </span>
    </p>
   </div>
   <div class='ocr_carea' id='block_1_77' title="bbox 2397 3381 3962 3454">
    <p class='ocr_par' dir='ltr' id='par_1_77' title="bbox 2397 3381 3962 3454">
     <span class='ocr_line' id='line_1_77' title="bbox 2397 3381 3962 3454; baseline 0.003 -22"><span class='ocrx_word' id='word_1_545' title='bbox 2397 3381 2606 3442; x_wconf 82' lang='grc' dir='ltr'>τούτοις</span> <span class='ocrx_word' id='word_1_546' title='bbox 2640 3383 3002 3450; x_wconf 75' lang='grc' dir='ltr'>στρατηγοὺς,</span> <span class='ocrx_word' id='word_1_547' title='bbox 3032 3381 3207 3434; x_wconf 80' lang='grc' dir='ltr'>καὶτὸ</span> <span class='ocrx_word' id='word_1_548' title='bbox 3237 3383 3414 3451; x_wconf 75' lang='grc' dir='ltr'>ἆρμα,</span> <span class='ocrx_word' id='word_1_549' title='bbox 3448 3386 3543 3435; x_wconf 75' lang='grc' dir='ltr'>καὶ</span> <span class='ocrx_word' id='word_1_550' title='bbox 3567 3384 3636 3434; x_wconf 76' lang='grc' dir='ltr'>τὰ</span> <span class='ocrx_word' id='word_1_551' title='bbox 3661 3385 3962 3454; x_wconf 78' lang='grc' dir='ltr'>τέθριππα,</span> 
     </span>
    </p>
   </div>
   <div class='ocr_carea' id='block_1_78' title="bbox 2398 3472 3967 3543">
    <p class='ocr_par' dir='ltr' id='par_1_78' title="bbox 2398 3472 3967 3543">
     <span class='ocr_line' id='line_1_78' title="bbox 2398 3472 3967 3543; baseline 0.002 -19"><span class='ocrx_word' id='word_1_552' title='bbox 2398 3472 2648 3534; x_wconf 72' lang='grc' dir='ltr'>καὶτοὺς</span> <span class='ocrx_word' id='word_1_553' title='bbox 2695 3474 2946 3541; x_wconf 77' lang='grc' dir='ltr'>ἡνιόχους</span> <span class='ocrx_word' id='word_1_554' title='bbox 2992 3473 3086 3525; x_wconf 82' lang='grc' dir='ltr'>καὶ</span> <span class='ocrx_word' id='word_1_555' title='bbox 3136 3473 3263 3534; x_wconf 85' lang='grc' dir='ltr'>τοὺς</span> <span class='ocrx_word' id='word_1_556' title='bbox 3307 3475 3660 3543; x_wconf 70' lang='grc' dir='ltr'>δορυφόρους,</span> <span class='ocrx_word' id='word_1_557' title='bbox 3698 3475 3792 3527; x_wconf 72' lang='grc' dir='ltr'>καὶ</span> <span class='ocrx_word' id='word_1_558' title='bbox 3839 3477 3967 3538; x_wconf 78' lang='grc' dir='ltr'>τοὺς</span> 
     </span>
    </p>
   </div>
   <div class='ocr_carea' id='block_1_79' title="bbox 2401 3563 3973 3632">
    <p class='ocr_par' dir='ltr' id='par_1_79' title="bbox 2401 3563 3973 3632">
     <span class='ocr_line' id='line_1_79' title="bbox 2401 3563 3973 3632; baseline 0.003 -18"><span class='ocrx_word' id='word_1_559' title='bbox 2401 3563 2702 3631; x_wconf 79' lang='grc' dir='ltr'>ἑπομένους</span> <span class='ocrx_word' id='word_1_560' title='bbox 2732 3563 3018 3631; x_wconf 82' lang='grc' dir='ltr'>λοχαγοὺς,</span> <span class='ocrx_word' id='word_1_561' title='bbox 3042 3564 3134 3614; x_wconf 80' lang='grc' dir='ltr'>καὶ</span> <span class='ocrx_word' id='word_1_562' title='bbox 3156 3563 3224 3615; x_wconf 81' lang='grc' dir='ltr'>τὰ</span> <span class='ocrx_word' id='word_1_563' title='bbox 3253 3564 3510 3632; x_wconf 76' lang='grc' dir='ltr'>προϊόντα</span> <span class='ocrx_word' id='word_1_564' title='bbox 3534 3564 3727 3629; x_wconf 83' lang='grc' dir='ltr'>σκῦλα,</span> <span class='ocrx_word' id='word_1_565' title='bbox 3755 3566 3973 3619; x_wconf 73' lang='grc' dir='ltr'>ἅπαντα</span> 
     </span>
    </p>
   </div>
   <div class='ocr_carea' id='block_1_80' title="bbox 2401 3651 3976 3718">
    <p class='ocr_par' dir='ltr' id='par_1_80' title="bbox 2401 3651 3976 3718">
     <span class='ocr_line' id='line_1_80' title="bbox 2401 3651 3976 3718; baseline 0.002 -14"><span class='ocrx_word' id='word_1_566' title='bbox 2401 3653 2602 3704; x_wconf 76' lang='grc' dir='ltr'>ὡσανεὶ</span> <span class='ocrx_word' id='word_1_567' title='bbox 2622 3651 2798 3714; x_wconf 79' lang='grc' dir='ltr'>ζῶντα</span> <span class='ocrx_word' id='word_1_568' title='bbox 2825 3654 2918 3705; x_wconf 78' lang='grc' dir='ltr'>ἐπὶ</span> <span class='ocrx_word' id='word_1_569' title='bbox 2946 3654 3053 3704; x_wconf 89' lang='grc' dir='ltr'>τῶν</span> <span class='ocrx_word' id='word_1_570' title='bbox 3083 3652 3308 3705; x_wconf 72' lang='grc' dir='ltr'>εἰκόνων</span> <span class='ocrx_word' id='word_1_571' title='bbox 3338 3652 3484 3705; x_wconf 78' lang='grc' dir='ltr'>ἐστιν</span> <span class='ocrx_word' id='word_1_572' title='bbox 3519 3653 3668 3718; x_wconf 79' lang='grc' dir='ltr'>ίδείν,</span> <span class='ocrx_word' id='word_1_573' title='bbox 3708 3657 3802 3705; x_wconf 81' lang='grc' dir='ltr'>καὶ</span> <span class='ocrx_word' id='word_1_574' title='bbox 3834 3671 3976 3707; x_wconf 89' lang='grc' dir='ltr'>συν·</span> 
     </span>
    </p>
   </div>
   <div class='ocr_carea' id='block_1_81' title="bbox 2406 3738 3971 3813">
    <p class='ocr_par' dir='ltr' id='par_1_81' title="bbox 2406 3738 3971 3813">
     <span class='ocr_line' id='line_1_81' title="bbox 2406 3738 3971 3813; baseline 0 -17"><span class='ocrx_word' id='word_1_575' title='bbox 2406 3749 2546 3796; x_wconf 80' lang='grc' dir='ltr'>εἶναι</span> <span class='ocrx_word' id='word_1_576' title='bbox 2574 3747 2627 3795; x_wconf 84' lang='grc' dir='ltr'>τί</span> <span class='ocrx_word' id='word_1_577' title='bbox 2660 3743 2889 3796; x_wconf 76' lang='grc' dir='ltr'>ἕκαστον</span> <span class='ocrx_word' id='word_1_578' title='bbox 2934 3738 3001 3812; x_wconf 79' lang='grc' dir='ltr'>ἦν</span> <span class='ocrx_word' id='word_1_579' title='bbox 3031 3743 3119 3796; x_wconf 79' lang='grc' dir='ltr'>διὰ</span> <span class='ocrx_word' id='word_1_580' title='bbox 3151 3743 3261 3795; x_wconf 89' lang='grc' dir='ltr'>τῶν</span> <span class='ocrx_word' id='word_1_581' title='bbox 3292 3746 3349 3796; x_wconf 90' lang='grc' dir='ltr'>ἐν</span> <span class='ocrx_word' id='word_1_582' title='bbox 3379 3745 3562 3806; x_wconf 83' lang='grc' dir='ltr'>αὐτοῖς</span> <span class='ocrx_word' id='word_1_583' title='bbox 3595 3744 3971 3813; x_wconf 83' lang='grc' dir='ltr'>γραμμάτων·</span> 
     </span>
    </p>
   </div>
   <div class='ocr_carea' id='block_1_82' title="bbox 2403 3835 3975 3905">
    <p class='ocr_par' dir='ltr' id='par_1_82' title="bbox 2403 3835 3975 3905">
     <span class='ocr_line' id='line_1_82' title="bbox 2403 3835 3975 3905; baseline 0.001 -16"><span class='ocrx_word' id='word_1_584' title='bbox 2403 3837 2545 3890; x_wconf 85' lang='grc' dir='ltr'>ὥστε</span> <span class='ocrx_word' id='word_1_585' title='bbox 2573 3836 2837 3888; x_wconf 88' lang='grc' dir='ltr'>δύνασθαι</span> <span class='ocrx_word' id='word_1_586' title='bbox 2873 3835 3061 3900; x_wconf 84' lang='grc' dir='ltr'>σαφῶς</span> <span class='ocrx_word' id='word_1_587' title='bbox 3092 3835 3227 3905; x_wconf 80' lang='grc' dir='ltr'>ὁρᾷν</span> <span class='ocrx_word' id='word_1_588' title='bbox 3265 3837 3374 3888; x_wconf 82' lang='grc' dir='ltr'>τίσι</span> <span class='ocrx_word' id='word_1_589' title='bbox 3413 3835 3512 3904; x_wconf 88' lang='grc' dir='ltr'>μὲν</span> <span class='ocrx_word' id='word_1_590' title='bbox 3540 3835 3747 3898; x_wconf 83' lang='grc' dir='ltr'>ὅπλοις,</span> <span class='ocrx_word' id='word_1_591' title='bbox 3775 3836 3975 3901; x_wconf 52' lang='lat' dir='ltr'>stat,“</span> 
     </span>
    </p>
   </div>
   <div class='ocr_carea' id='block_1_83' title="bbox 2405 3924 3975 3994">
    <p class='ocr_par' dir='ltr' id='par_1_83' title="bbox 2405 3924 3975 3994">
     <span class='ocr_line' id='line_1_83' title="bbox 2405 3924 3975 3994; baseline -0.001 -15"><span class='ocrx_word' id='word_1_592' title='bbox 2405 3926 2619 3986; x_wconf 80' lang='grc' dir='ltr'>στολαῖς</span> <span class='ocrx_word' id='word_1_593' title='bbox 2651 3925 2891 3993; x_wconf 90' lang='grc' dir='ltr'>ἐχρῶντο</span> <span class='ocrx_word' id='word_1_594' title='bbox 2936 3925 2997 3977; x_wconf 85' lang='grc' dir='ltr'>τὸ</span> <span class='ocrx_word' id='word_1_595' title='bbox 3025 3924 3271 3988; x_wconf 88' lang='grc' dir='ltr'>παλαιὸν,</span> <span class='ocrx_word' id='word_1_596' title='bbox 3299 3924 3407 3977; x_wconf 90' lang='grc' dir='ltr'>τίσι</span> <span class='ocrx_word' id='word_1_597' title='bbox 3433 3924 3491 3978; x_wconf 81' lang='grc' dir='ltr'>δὲ</span> <span class='ocrx_word' id='word_1_598' title='bbox 3539 3927 3832 3994; x_wconf 77' lang='grc' dir='ltr'>ἐπισήμοις</span> <span class='ocrx_word' id='word_1_599' title='bbox 3864 3927 3975 3978; x_wconf 89' lang='grc' dir='ltr'>τῶν</span> 
     </span>
    </p>
   </div>
   <div class='ocr_carea' id='block_1_84' title="bbox 2402 4015 3973 4085">
    <p class='ocr_par' dir='ltr' id='par_1_84' title="bbox 2402 4015 3973 4085">
     <span class='ocr_line' id='line_1_84' title="bbox 2402 4015 3973 4085; baseline 0 -16"><span class='ocrx_word' id='word_1_600' title='bbox 2402 4015 2606 4085; x_wconf 86' lang='grc' dir='ltr'>ἀρχῶν,</span> <span class='ocrx_word' id='word_1_601' title='bbox 2633 4016 2844 4079; x_wconf 79' lang='grc' dir='ltr'>ὁποίαις</span> <span class='ocrx_word' id='word_1_602' title='bbox 2872 4016 2929 4068; x_wconf 88' lang='grc' dir='ltr'>δέ</span> <span class='ocrx_word' id='word_1_603' title='bbox 2968 4016 3334 4084; x_wconf 79' lang='grc' dir='ltr'>παρατάξεσι,</span> <span class='ocrx_word' id='word_1_604' title='bbox 3363 4016 3456 4068; x_wconf 78' lang='grc' dir='ltr'>καὶ</span> <span class='ocrx_word' id='word_1_605' title='bbox 3496 4015 3721 4084; x_wconf 83' lang='grc' dir='ltr'>μάχαις.</span> <span class='ocrx_word' id='word_1_606' title='bbox 3753 4018 3848 4068; x_wconf 67' lang='grc' dir='ltr'>καὶ</span> <span class='ocrx_word' id='word_1_607' title='bbox 3875 4032 3973 4069; x_wconf 82' lang='grc' dir='ltr'>ποο</span> 
     </span>
    </p>
   </div>
   <div class='ocr_carea' id='block_1_85' title="bbox 2402 4107 3974 4177">
    <p class='ocr_par' dir='ltr' id='par_1_85' title="bbox 2402 4107 3974 4177">
     <span class='ocr_line' id='line_1_85' title="bbox 2402 4107 3974 4177; baseline 0 -17"><span class='ocrx_word' id='word_1_608' title='bbox 2402 4108 2692 4176; x_wconf 83' lang='grc' dir='ltr'>λιορκίαις,</span> <span class='ocrx_word' id='word_1_609' title='bbox 2729 4107 2825 4160; x_wconf 79' lang='grc' dir='ltr'>καὶ</span> <span class='ocrx_word' id='word_1_610' title='bbox 2859 4107 3243 4176; x_wconf 76' lang='grc' dir='ltr'>στρατοπέδοις</span> <span class='ocrx_word' id='word_1_611' title='bbox 3264 4125 3279 4140; x_wconf 78' lang='grc'><em>’</em></span> <span class='ocrx_word' id='word_1_612' title='bbox 3312 4107 3421 4160; x_wconf 89' lang='grc' dir='ltr'>τίσι</span> <span class='ocrx_word' id='word_1_613' title='bbox 3452 4107 3509 4160; x_wconf 83' lang='grc' dir='ltr'>δέ</span> <span class='ocrx_word' id='word_1_614' title='bbox 3541 4109 3646 4175; x_wconf 78' lang='grc' dir='ltr'>ἀρα</span> <span class='ocrx_word' id='word_1_615' title='bbox 3675 4109 3707 4177; x_wconf 80' lang='grc' dir='ltr'>ἢ</span> <span class='ocrx_word' id='word_1_616' title='bbox 3738 4109 3974 4175; x_wconf 77' lang='grc' dir='ltr'>θέσεσιν,</span> 
     </span>
    </p>
   </div>
   <div class='ocr_carea' id='block_1_86' title="bbox 2403 4201 3977 4270">
    <p class='ocr_par' dir='ltr' id='par_1_86' title="bbox 2403 4201 3977 4270">
     <span class='ocr_line' id='line_1_86' title="bbox 2403 4201 3977 4270; baseline 0.001 -18"><span class='ocrx_word' id='word_1_617' title='bbox 2403 4201 2436 4269; x_wconf 77' lang='grc' dir='ltr'><strong>ἢ</strong></span> <span class='ocrx_word' id='word_1_618' title='bbox 2467 4201 2804 4268; x_wconf 66' lang='grc' dir='ltr'>περιϐολαῖς,</span> <span class='ocrx_word' id='word_1_619' title='bbox 2843 4202 2952 4252; x_wconf 77' lang='grc' dir='ltr'>εἴτε</span> <span class='ocrx_word' id='word_1_620' title='bbox 2988 4203 3079 4254; x_wconf 58' lang='grc' dir='ltr'>ἐπὶ⁸</span> <span class='ocrx_word' id='word_1_621' title='bbox 3103 4202 3411 4270; x_wconf 88' lang='grc' dir='ltr'>στρατείας,</span> <span class='ocrx_word' id='word_1_622' title='bbox 3443 4202 3553 4253; x_wconf 80' lang='grc' dir='ltr'>εἴτε</span> <span class='ocrx_word' id='word_1_623' title='bbox 3591 4201 3749 4262; x_wconf 74' lang='grc' dir='ltr'>οἴκοι,</span> <span class='ocrx_word' id='word_1_624' title='bbox 3783 4202 3889 4252; x_wconf 79' lang='grc' dir='ltr'>εῐτε</span> <span class='ocrx_word' id='word_1_625' title='bbox 3917 4205 3977 4254; x_wconf 84' lang='grc' dir='ltr'>ἐν</span> 
     </span>
    </p>
   </div>
   <div class='ocr_carea' id='block_1_87' title="bbox 2405 4290 3973 4361">
    <p class='ocr_par' dir='ltr' id='par_1_87' title="bbox 2405 4290 3973 4361">
     <span class='ocr_line' id='line_1_87' title="bbox 2405 4290 3973 4361; baseline 0 -19"><span class='ocrx_word' id='word_1_626' title='bbox 2405 4291 2748 4359; x_wconf 84' lang='grc' dir='ltr'>ἐκκλησίαις,</span> <span class='ocrx_word' id='word_1_627' title='bbox 2788 4293 2896 4342; x_wconf 76' lang='grc' dir='ltr'>εἴτε</span> <span class='ocrx_word' id='word_1_628' title='bbox 2933 4295 2990 4344; x_wconf 90' lang='grc' dir='ltr'>ἐν</span> <span class='ocrx_word' id='word_1_629' title='bbox 3023 4290 3411 4360; x_wconf 85' lang='grc' dir='ltr'>βουλευτηρίῳ,</span> <span class='ocrx_word' id='word_1_630' title='bbox 3453 4293 3557 4343; x_wconf 73' lang='grc' dir='ltr'>εἴτε</span> <span class='ocrx_word' id='word_1_631' title='bbox 3594 4292 3714 4343; x_wconf 81' lang='grc' dir='ltr'>κατ’</span> <span class='ocrx_word' id='word_1_632' title='bbox 3746 4294 3973 4361; x_wconf 72' lang='grc' dir='ltr'>ἀγορὰν,</span> 
     </span>
    </p>
   </div>
   <div class='ocr_carea' id='block_1_88' title="bbox 2405 4381 3975 4452">
    <p class='ocr_par' dir='ltr' id='par_1_88' title="bbox 2405 4381 3975 4452">
     <span class='ocr_line' id='line_1_88' title="bbox 2405 4381 3975 4452; baseline 0.001 -19"><span class='ocrx_word' id='word_1_633' title='bbox 2405 4383 2517 4435; x_wconf 86' lang='grc' dir='ltr'>εῐτε</span> <span class='ocrx_word' id='word_1_634' title='bbox 2551 4386 2605 4434; x_wconf 82' lang='grc' dir='ltr'>ἐν</span> <span class='ocrx_word' id='word_1_635' title='bbox 2635 4385 2728 4452; x_wconf 77' lang='grc' dir='ltr'>γῇ,</span> <span class='ocrx_word' id='word_1_636' title='bbox 2758 4382 2868 4434; x_wconf 71' lang='grc' dir='ltr'>εἴτε</span> <span class='ocrx_word' id='word_1_637' title='bbox 2892 4384 2948 4433; x_wconf 85' lang='grc' dir='ltr'>ἐν</span> <span class='ocrx_word' id='word_1_638' title='bbox 2972 4381 3231 4452; x_wconf 81' lang='grc' dir='ltr'>θαλάττῃ,</span> <span class='ocrx_word' id='word_1_639' title='bbox 3263 4383 3373 4435; x_wconf 81' lang='grc' dir='ltr'>εἴτε</span> <span class='ocrx_word' id='word_1_640' title='bbox 3407 4382 3833 4450; x_wconf 78' lang='grc' dir='ltr'>ὁδοιποροῦντες,</span> <span class='ocrx_word' id='word_1_641' title='bbox 3863 4385 3975 4436; x_wconf 76' lang='grc' dir='ltr'>εἴτε</span> 
     </span>
    </p>
   </div>
   <div class='ocr_carea' id='block_1_89' title="bbox 2407 4473 3978 4537">
    <p class='ocr_par' dir='ltr' id='par_1_89' title="bbox 2407 4473 3978 4537">
     <span class='ocr_line' id='line_1_89' title="bbox 2407 4473 3978 4537; baseline 0 -13"><span class='ocrx_word' id='word_1_642' title='bbox 2407 4473 2683 4537; x_wconf 78' lang='grc' dir='ltr'>πλέοντες,</span> <span class='ocrx_word' id='word_1_643' title='bbox 2717 4475 2825 4525; x_wconf 86' lang='grc' dir='ltr'>είτε</span> <span class='ocrx_word' id='word_1_644' title='bbox 2865 4473 3174 4535; x_wconf 63' lang='grc' dir='ltr'>¹πονοῦντες,</span> <span class='ocrx_word' id='word_1_645' title='bbox 3200 4473 3309 4525; x_wconf 81' lang='grc' dir='ltr'>εἴτε</span> <span class='ocrx_word' id='word_1_646' title='bbox 3342 4473 3659 4537; x_wconf 80' lang='grc' dir='ltr'>ἀσκοῦντες,</span> <span class='ocrx_word' id='word_1_647' title='bbox 3700 4475 3812 4524; x_wconf 79' lang='grc' dir='ltr'>εἴτε</span> <span class='ocrx_word' id='word_1_648' title='bbox 3841 4475 3978 4524; x_wconf 68' lang='grc' dir='ltr'>θεώ.</span> 
     </span>
    </p>
   </div>
   <div class='ocr_carea' id='block_1_90' title="bbox 734 4564 2297 4652">
    <p class='ocr_par' dir='ltr' id='par_1_90' title="bbox 734 4568 2297 4652">
     <span class='ocr_line' id='line_1_90' title="bbox 734 4568 2297 4652; baseline -0.011 -16"><span class='ocrx_word' id='word_1_649' title='bbox 734 4601 841 4652; x_wconf 90' lang='lat' dir='ltr'>que</span> <span class='ocrx_word' id='word_1_650' title='bbox 881 4583 1177 4639; x_wconf 82' lang='lat' dir='ltr'>secundum</span> <span class='ocrx_word' id='word_1_651' title='bbox 1209 4579 1452 4634; x_wconf 86' lang='lat' dir='ltr'>diversos</span> <span class='ocrx_word' id='word_1_652' title='bbox 1502 4577 1784 4630; x_wconf 89' lang='lat' dir='ltr'>nationum</span> <span class='ocrx_word' id='word_1_653' title='bbox 1822 4571 2132 4636; x_wconf 86' lang='lat' dir='ltr'>ritus.Quos</span> <span class='ocrx_word' id='word_1_654' title='bbox 2173 4568 2297 4622; x_wconf 88' lang='lat' dir='ltr'>dum</span> 
     </span>
    </p>
   </div>
   <div class='ocr_carea' id='block_1_91' title="bbox 2389 4564 3973 4652">
    <p class='ocr_par' dir='ltr' id='par_1_91' title="bbox 2413 4564 3973 4635">
     <span class='ocr_line' id='line_1_91' title="bbox 2413 4564 3973 4635; baseline -0.002 -18"><span class='ocrx_word' id='word_1_655' title='bbox 2413 4583 2586 4635; x_wconf 90' lang='grc' dir='ltr'>μενοι,</span> <span class='ocrx_word' id='word_1_656' title='bbox 2624 4564 2735 4616; x_wconf 72' lang='grc' dir='ltr'>εἴτε</span> <span class='ocrx_word' id='word_1_657' title='bbox 2779 4566 2836 4617; x_wconf 92' lang='grc' dir='ltr'>ἐν</span> <span class='ocrx_word' id='word_1_658' title='bbox 2879 4564 3275 4633; x_wconf 86' lang='grc' dir='ltr'>πανηγύρεσιν,</span> <span class='ocrx_word' id='word_1_659' title='bbox 3311 4566 3420 4619; x_wconf 73' lang='grc' dir='ltr'>εἴτε</span> <span class='ocrx_word' id='word_1_660' title='bbox 3471 4567 3528 4616; x_wconf 87' lang='grc' dir='ltr'>ἐν</span> <span class='ocrx_word' id='word_1_661' title='bbox 3572 4565 3973 4632; x_wconf 83' lang='grc' dir='ltr'>ἐργαστηρίοις,</span> 
     </span>
    </p>
   </div>
   <div class='ocr_carea' id='block_1_92' title="bbox 737 4661 2301 4738">
    <p class='ocr_par' dir='ltr' id='par_1_92' title="bbox 737 4661 2301 4738">
     <span class='ocr_line' id='line_1_92' title="bbox 737 4661 2301 4738; baseline -0.013 -9"><span class='ocrx_word' id='word_1_662' title='bbox 737 4674 1048 4729; x_wconf 80' lang='lat' dir='ltr'>Herodotus</span> <span class='ocrx_word' id='word_1_663' title='bbox 1113 4670 1314 4738; x_wconf 88' lang='lat' dir='ltr'>aliique</span> <span class='ocrx_word' id='word_1_664' title='bbox 1365 4667 1614 4721; x_wconf 89' lang='lat' dir='ltr'>nonnulli</span> <span class='ocrx_word' id='word_1_665' title='bbox 1693 4663 1940 4719; x_wconf 87' lang='lat' dir='ltr'>historici</span> <span class='ocrx_word' id='word_1_666' title='bbox 2009 4661 2301 4728; x_wconf 80' lang='lat' dir='ltr'>explicant,</span> 
     </span>
    </p>
   </div>
   <div class='ocr_carea' id='block_1_93' title="bbox 739 4750 2303 4836">
    <p class='ocr_par' dir='ltr' id='par_1_93' title="bbox 739 4750 2303 4836">
     <span class='ocr_line' id='line_1_93' title="bbox 739 4750 2303 4836; baseline -0.013 -15"><span class='ocrx_word' id='word_1_667' title='bbox 739 4780 996 4836; x_wconf 88' lang='lat' dir='ltr'>magnum</span> <span class='ocrx_word' id='word_1_668' title='bbox 1023 4778 1200 4832; x_wconf 69' lang='lat' dir='ltr'>opera:</span> <span class='ocrx_word' id='word_1_669' title='bbox 1254 4760 1489 4829; x_wconf 88' lang='lat' dir='ltr'>pretium</span> <span class='ocrx_word' id='word_1_670' title='bbox 1547 4757 1744 4810; x_wconf 79' lang='lat' dir='ltr'>fecisse</span> <span class='ocrx_word' id='word_1_671' title='bbox 1803 4753 2191 4808; x_wconf 88' lang='lat' dir='ltr'>videntur.Sed</span> <span class='ocrx_word' id='word_1_672' title='bbox 2251 4750 2303 4802; x_wconf 90' lang='lat' dir='ltr'>in</span> 
     </span>
    </p>
   </div>
   <div class='ocr_carea' id='block_1_94' title="bbox 739 4845 2307 4918">
    <p class='ocr_par' dir='ltr' id='par_1_94' title="bbox 739 4845 2307 4918">
     <span class='ocr_line' id='line_1_94' title="bbox 739 4845 2307 4918; baseline -0.013 -6"><span class='ocrx_word' id='word_1_673' title='bbox 739 4858 893 4912; x_wconf 65' lang='lat' dir='ltr'>bisve</span> <span class='ocrx_word' id='word_1_674' title='bbox 925 4856 1104 4910; x_wconf 86' lang='lat' dir='ltr'>omnia</span> <span class='ocrx_word' id='word_1_675' title='bbox 1139 4853 1205 4906; x_wconf 89' lang='lat' dir='ltr'>iis</span> <span class='ocrx_word' id='word_1_676' title='bbox 1248 4849 1583 4918; x_wconf 85' lang='lat' dir='ltr'>temporibus</span> <span class='ocrx_word' id='word_1_677' title='bbox 1646 4862 1765 4900; x_wconf 82' lang='lat' dir='ltr'>sese</span> <span class='ocrx_word' id='word_1_678' title='bbox 1821 4845 2110 4905; x_wconf 73' lang='lat' dir='ltr'>habebant,</span> <span class='ocrx_word' id='word_1_679' title='bbox 2161 4854 2307 4910; x_wconf 59' lang='lat' dir='ltr'>quae-</span> 
     </span>
    </p>
   </div>
   <div class='ocr_carea' id='block_1_95' title="bbox 741 4932 2305 5018">
    <p class='ocr_par' dir='ltr' id='par_1_95' title="bbox 741 4932 2305 5018">
     <span class='ocr_line' id='line_1_95' title="bbox 741 4932 2305 5018; baseline -0.013 -16"><span class='ocrx_word' id='word_1_680' title='bbox 741 4965 846 5018; x_wconf 87' lang='lat' dir='ltr'>que</span> <span class='ocrx_word' id='word_1_681' title='bbox 906 4946 1046 5016; x_wconf 81' lang='lat' dir='ltr'>apud</span> <span class='ocrx_word' id='word_1_682' title='bbox 1100 4944 1343 4998; x_wconf 81' lang='lat' dir='ltr'>diversos</span> <span class='ocrx_word' id='word_1_683' title='bbox 1417 4939 1642 5008; x_wconf 84' lang='lat' dir='ltr'>populos</span> <span class='ocrx_word' id='word_1_684' title='bbox 1705 4937 1939 4994; x_wconf 86' lang='lat' dir='ltr'>liebant,</span> <span class='ocrx_word' id='word_1_685' title='bbox 1999 4934 2182 4986; x_wconf 81' lang='lat' dir='ltr'>videre</span> <span class='ocrx_word' id='word_1_686' title='bbox 2239 4932 2305 4983; x_wconf 95' lang='lat' dir='ltr'>li-</span> 
     </span>
    </p>
   </div>
   <div class='ocr_carea' id='block_1_96' title="bbox 741 5027 2308 5101">
    <p class='ocr_par' dir='ltr' id='par_1_96' title="bbox 741 5027 2308 5101">
     <span class='ocr_line' id='line_1_96' title="bbox 741 5027 2308 5101; baseline -0.011 -6"><span class='ocrx_word' id='word_1_687' title='bbox 741 5035 829 5095; x_wconf 73' lang='lat' dir='ltr'>cet</span> <span class='ocrx_word' id='word_1_688' title='bbox 856 5057 870 5094; x_wconf 90' lang='lat'><strong>:</strong></span> <span class='ocrx_word' id='word_1_689' title='bbox 903 5041 976 5093; x_wconf 85' lang='lat' dir='ltr'>ita</span> <span class='ocrx_word' id='word_1_690' title='bbox 1021 5048 1078 5092; x_wconf 88' lang='lat' dir='ltr'>ut</span> <span class='ocrx_word' id='word_1_691' title='bbox 1125 5047 1379 5091; x_wconf 86' lang='lat' dir='ltr'>accurata</span> <span class='ocrx_word' id='word_1_692' title='bbox 1406 5033 1654 5101; x_wconf 66' lang='lat' dir='ltr'>quaedam</span> <span class='ocrx_word' id='word_1_693' title='bbox 1683 5029 1909 5083; x_wconf 90' lang='lat' dir='ltr'>historia</span> <span class='ocrx_word' id='word_1_694' title='bbox 1956 5029 2025 5081; x_wconf 79' lang='lat' dir='ltr'>sit</span> <span class='ocrx_word' id='word_1_695' title='bbox 2061 5045 2073 5078; x_wconf 91' lang='lat'><strong>:</strong></span> <span class='ocrx_word' id='word_1_696' title='bbox 2105 5027 2186 5080; x_wconf 86' lang='lat' dir='ltr'>vel</span> <span class='ocrx_word' id='word_1_697' title='bbox 2213 5040 2308 5094; x_wconf 90' lang='lat' dir='ltr'>po-</span> 
     </span>
    </p>
   </div>
   <div class='ocr_carea' id='block_1_97' title="bbox 741 5118 2305 5194">
    <p class='ocr_par' dir='ltr' id='par_1_97' title="bbox 741 5118 2305 5194">
     <span class='ocr_line' id='line_1_97' title="bbox 741 5118 2305 5194; baseline -0.012 -8"><span class='ocrx_word' id='word_1_698' title='bbox 741 5133 849 5186; x_wconf 88' lang='lat' dir='ltr'>tius</span> <span class='ocrx_word' id='word_1_699' title='bbox 871 5147 977 5185; x_wconf 92' lang='lat' dir='ltr'>non</span> <span class='ocrx_word' id='word_1_700' title='bbox 1008 5140 1114 5182; x_wconf 88' lang='lat' dir='ltr'>tam</span> <span class='ocrx_word' id='word_1_701' title='bbox 1150 5127 1398 5190; x_wconf 89' lang='lat' dir='ltr'>historia,</span> <span class='ocrx_word' id='word_1_702' title='bbox 1427 5139 1589 5194; x_wconf 88' lang='lat' dir='ltr'>quam</span> <span class='ocrx_word' id='word_1_703' title='bbox 1619 5121 1877 5184; x_wconf 82' lang='lat' dir='ltr'>ocularis,</span> <span class='ocrx_word' id='word_1_704' title='bbox 1912 5129 1971 5174; x_wconf 90' lang='lat' dir='ltr'>ut</span> <span class='ocrx_word' id='word_1_705' title='bbox 2005 5119 2078 5172; x_wconf 87' lang='lat' dir='ltr'>ita</span> <span class='ocrx_word' id='word_1_706' title='bbox 2105 5118 2305 5180; x_wconf 83' lang='lat' dir='ltr'>dicam,</span> 
     </span>
    </p>
   </div>
   <div class='ocr_carea' id='block_1_98' title="bbox 743 5215 2309 5294">
    <p class='ocr_par' dir='ltr' id='par_1_98' title="bbox 743 5215 2309 5294">
     <span class='ocr_line' id='line_1_98' title="bbox 743 5215 2309 5294; baseline -0.008 -14"><span class='ocrx_word' id='word_1_707' title='bbox 743 5225 1011 5294; x_wconf 86' lang='lat' dir='ltr'>inspectio</span> <span class='ocrx_word' id='word_1_708' title='bbox 1039 5232 1093 5277; x_wconf 84' lang='lat' dir='ltr'>et</span> <span class='ocrx_word' id='word_1_709' title='bbox 1128 5234 1369 5291; x_wconf 65' lang='lat' dir='ltr'>praesens.</span> <span class='ocrx_word' id='word_1_710' title='bbox 1395 5217 1637 5288; x_wconf 87' lang='lat' dir='ltr'>cognitio</span> <span class='ocrx_word' id='word_1_711' title='bbox 1664 5232 1846 5271; x_wconf 90' lang='lat' dir='ltr'>rerum</span> <span class='ocrx_word' id='word_1_712' title='bbox 1886 5215 2131 5269; x_wconf 89' lang='lat' dir='ltr'>omnium</span> <span class='ocrx_word' id='word_1_713' title='bbox 2187 5226 2309 5280; x_wconf 67' lang='lat' dir='ltr'>qua</span> 
     </span>
    </p>
   </div>
   <div class='ocr_carea' id='block_1_99' title="bbox 746 5304 2308 5383">
    <p class='ocr_par' dir='ltr' id='par_1_99' title="bbox 746 5304 2308 5383">
     <span class='ocr_line' id='line_1_99' title="bbox 746 5304 2308 5383; baseline -0.01 -13"><span class='ocrx_word' id='word_1_714' title='bbox 746 5328 877 5372; x_wconf 90' lang='lat' dir='ltr'>tunc</span> <span class='ocrx_word' id='word_1_715' title='bbox 912 5313 1172 5383; x_wconf 85' lang='lat' dir='ltr'>temporis</span> <span class='ocrx_word' id='word_1_716' title='bbox 1191 5311 1580 5379; x_wconf 75' lang='lat' dir='ltr'>contigerunt:</span> <span class='ocrx_word' id='word_1_717' title='bbox 1609 5321 1662 5362; x_wconf 88' lang='lat' dir='ltr'>et</span> <span class='ocrx_word' id='word_1_718' title='bbox 1696 5322 1826 5362; x_wconf 86' lang='lat' dir='ltr'>sane</span> <span class='ocrx_word' id='word_1_719' title='bbox 1855 5304 2184 5359; x_wconf 89' lang='lat' dir='ltr'>imitationis</span> <span class='ocrx_word' id='word_1_720' title='bbox 2215 5319 2308 5356; x_wconf 83' lang='lat' dir='ltr'>ar-</span> 
     </span>
    </p>
   </div>
   <div class='ocr_carea' id='block_1_100' title="bbox 745 5397 2306 5478">
    <p class='ocr_par' dir='ltr' id='par_1_100' title="bbox 745 5397 2306 5478">
     <span class='ocr_line' id='line_1_100' title="bbox 745 5397 2306 5478; baseline -0.01 -15"><span class='ocrx_word' id='word_1_721' title='bbox 745 5411 973 5464; x_wconf 81' lang='lat' dir='ltr'>titleium</span> <span class='ocrx_word' id='word_1_722' title='bbox 1002 5423 1127 5462; x_wconf 91' lang='lat' dir='ltr'>eum</span> <span class='ocrx_word' id='word_1_723' title='bbox 1161 5409 1274 5478; x_wconf 84' lang='lat' dir='ltr'>ipsa</span> <span class='ocrx_word' id='word_1_724' title='bbox 1293 5419 1473 5463; x_wconf 82' lang='lat' dir='ltr'>rerum</span> <span class='ocrx_word' id='word_1_725' title='bbox 1506 5413 1700 5456; x_wconf 80' lang='lat' dir='ltr'>natura</span> <span class='ocrx_word' id='word_1_726' title='bbox 1727 5408 1900 5453; x_wconf 79' lang='lat' dir='ltr'>certat</span> <span class='ocrx_word' id='word_1_727' title='bbox 1927 5405 1978 5450; x_wconf 83' lang='lat' dir='ltr'>et</span> <span class='ocrx_word' id='word_1_728' title='bbox 2005 5397 2306 5459; x_wconf 87' lang='lat' dir='ltr'>contendit,</span> 
     </span>
    </p>
   </div>
   <div class='ocr_carea' id='block_1_101' title="bbox 748 5491 2309 5565">
    <p class='ocr_par' dir='ltr' id='par_1_101' title="bbox 748 5491 2309 5565">
     <span class='ocr_line' id='line_1_101' title="bbox 748 5491 2309 5565; baseline -0.013 -6"><span class='ocrx_word' id='word_1_729' title='bbox 748 5505 824 5559; x_wconf 88' lang='lat' dir='ltr'>ita</span> <span class='ocrx_word' id='word_1_730' title='bbox 863 5510 925 5556; x_wconf 90' lang='lat' dir='ltr'>ut</span> <span class='ocrx_word' id='word_1_731' title='bbox 959 5499 1190 5555; x_wconf 85' lang='lat' dir='ltr'>videaris</span> <span class='ocrx_word' id='word_1_732' title='bbox 1227 5500 1496 5565; x_wconf 88' lang='lat' dir='ltr'>integrum</span> <span class='ocrx_word' id='word_1_733' title='bbox 1545 5491 2075 5557; x_wconf 55' lang='lat' dir='ltr'>hominmnurbcm,</span> <span class='ocrx_word' id='word_1_734' title='bbox 2112 5503 2309 5556; x_wconf 86' lang='lat' dir='ltr'>equum</span> 
     </span>
    </p>
   </div>
   <div class='ocr_carea' id='block_1_102' title="bbox 750 5578 2311 5652">
    <p class='ocr_par' dir='ltr' id='par_1_102' title="bbox 750 5578 2311 5652">
     <span class='ocr_line' id='line_1_102' title="bbox 750 5578 2311 5652; baseline -0.01 -5"><span class='ocrx_word' id='word_1_735' title='bbox 750 5603 846 5647; x_wconf 90' lang='lat' dir='ltr'>aut</span> <span class='ocrx_word' id='word_1_736' title='bbox 871 5591 1172 5646; x_wconf 71' lang='lat' dir='ltr'>exercitum</span> <span class='ocrx_word' id='word_1_737' title='bbox 1196 5588 1401 5652; x_wconf 83' lang='lat' dir='ltr'>videre,</span> <span class='ocrx_word' id='word_1_738' title='bbox 1435 5586 1515 5640; x_wconf 90' lang='lat' dir='ltr'>vel</span> <span class='ocrx_word' id='word_1_739' title='bbox 1555 5583 1784 5644; x_wconf 83' lang='lat' dir='ltr'>loricam</span> <span class='ocrx_word' id='word_1_740' title='bbox 1815 5592 1906 5633; x_wconf 90' lang='lat' dir='ltr'>aut</span> <span class='ocrx_word' id='word_1_741' title='bbox 1950 5579 2184 5649; x_wconf 87' lang='lat' dir='ltr'>gladium</span> <span class='ocrx_word' id='word_1_742' title='bbox 2229 5578 2311 5631; x_wconf 89' lang='lat' dir='ltr'>vel</span> 
     </span>
    </p>
   </div>
   <div class='ocr_carea' id='block_1_103' title="bbox 749 5672 2308 5751">
    <p class='ocr_par' dir='ltr' id='par_1_103' title="bbox 749 5672 2308 5751">
     <span class='ocr_line' id='line_1_103' title="bbox 749 5672 2308 5751; baseline -0.012 -10"><span class='ocrx_word' id='word_1_743' title='bbox 749 5693 1084 5741; x_wconf 80' lang='lat' dir='ltr'>armaturam</span> <span class='ocrx_word' id='word_1_744' title='bbox 1112 5683 1375 5751; x_wconf 84' lang='lat' dir='ltr'>integram</span> <span class='ocrx_word' id='word_1_745' title='bbox 1407 5697 1420 5732; x_wconf 90' lang='lat'>:</span> <span class='ocrx_word' id='word_1_746' title='bbox 1457 5678 1538 5732; x_wconf 91' lang='lat' dir='ltr'>vel</span> <span class='ocrx_word' id='word_1_747' title='bbox 1574 5679 1733 5731; x_wconf 86' lang='lat' dir='ltr'>etiam</span> <span class='ocrx_word' id='word_1_748' title='bbox 1762 5683 1977 5742; x_wconf 84' lang='lat' dir='ltr'>captos,</span> <span class='ocrx_word' id='word_1_749' title='bbox 2020 5672 2308 5740; x_wconf 79' lang='lat' dir='ltr'>fugientes,</span> 
     </span>
    </p>
   </div>
   <div class='ocr_carea' id='block_1_104' title="bbox 752 5763 2312 5837">
    <p class='ocr_par' dir='ltr' id='par_1_104' title="bbox 752 5763 2312 5837">
     <span class='ocr_line' id='line_1_104' title="bbox 752 5763 2312 5837; baseline -0.012 -5"><span class='ocrx_word' id='word_1_750' title='bbox 752 5777 1013 5837; x_wconf 80' lang='lat' dir='ltr'>ridentes,</span> <span class='ocrx_word' id='word_1_751' title='bbox 1045 5775 1254 5836; x_wconf 74' lang='lat' dir='ltr'>netues,</span> <span class='ocrx_word' id='word_1_752' title='bbox 1277 5780 1597 5830; x_wconf 87' lang='lat' dir='ltr'>commotos,</span> <span class='ocrx_word' id='word_1_753' title='bbox 1630 5768 1714 5822; x_wconf 89' lang='lat' dir='ltr'>vel</span> <span class='ocrx_word' id='word_1_754' title='bbox 1743 5767 1931 5820; x_wconf 88' lang='lat' dir='ltr'>iratos.</span> <span class='ocrx_word' id='word_1_755' title='bbox 1955 5763 2090 5818; x_wconf 88' lang='lat' dir='ltr'>Tum</span> <span class='ocrx_word' id='word_1_756' title='bbox 2121 5771 2312 5831; x_wconf 64' lang='lat' dir='ltr'>praeter</span> 
     </span>
    </p>
   </div>
   <div class='ocr_carea' id='block_1_105' title="bbox 755 5853 2312 5927">
    <p class='ocr_par' dir='ltr' id='par_1_105' title="bbox 755 5853 2312 5927">
     <span class='ocr_line' id='line_1_105' title="bbox 755 5853 2312 5927; baseline -0.009 -6"><span class='ocrx_word' id='word_1_757' title='bbox 755 5867 871 5922; x_wconf 71' lang='lat' dir='ltr'>haec</span> <span class='ocrx_word' id='word_1_758' title='bbox 897 5864 1078 5919; x_wconf 77' lang='lat' dir='ltr'>omnia</span> <span class='ocrx_word' id='word_1_759' title='bbox 1113 5862 1413 5919; x_wconf 82' lang='lat' dir='ltr'>uncialibus</span> <span class='ocrx_word' id='word_1_760' title='bbox 1446 5859 1637 5916; x_wconf 83' lang='lat' dir='ltr'>litteris</span> <span class='ocrx_word' id='word_1_761' title='bbox 1695 5857 1993 5927; x_wconf 81' lang='lat' dir='ltr'>ascriptum</span> <span class='ocrx_word' id='word_1_762' title='bbox 2025 5873 2037 5909; x_wconf 92' lang='lat'><strong>:</strong></span> <span class='ocrx_word' id='word_1_763' title='bbox 2079 5853 2312 5908; x_wconf 84' lang='lat' dir='ltr'>Senatus</span> 
     </span>
    </p>
   </div>
   <div class='ocr_carea' id='block_1_106' title="bbox 2413 4651 3976 4732">
    <p class='ocr_par' dir='ltr' id='par_1_106' title="bbox 2413 4651 3976 4732">
     <span class='ocr_line' id='line_1_106' title="bbox 2413 4651 3976 4732; baseline -0.003 -21"><span class='ocrx_word' id='word_1_764' title='bbox 2413 4657 2504 4711; x_wconf 79' lang='grc' dir='ltr'>καὶ</span> <span class='ocrx_word' id='word_1_765' title='bbox 2537 4656 2708 4732; x_wconf 64' lang='grc' dir='ltr'>ταῦτα</span> <span class='ocrx_word' id='word_1_766' title='bbox 2741 4656 2835 4708; x_wconf 79' lang='grc' dir='ltr'>καὶ</span> <span class='ocrx_word' id='word_1_767' title='bbox 2864 4655 2962 4718; x_wconf 80' lang='grc' dir='ltr'>τὰς</span> <span class='ocrx_word' id='word_1_768' title='bbox 2997 4657 3106 4708; x_wconf 89' lang='grc' dir='ltr'>τῶν</span> <span class='ocrx_word' id='word_1_769' title='bbox 3139 4657 3317 4710; x_wconf 77' lang='grc' dir='ltr'>ἐθνῶν</span> <span class='ocrx_word' id='word_1_770' title='bbox 3343 4657 3627 4725; x_wconf 86' lang='grc' dir='ltr'>διαφοράς.</span> <span class='ocrx_word' id='word_1_771' title='bbox 3668 4651 3768 4708; x_wconf 83' lang='grc' dir='ltr'>Ὦν</span> <span class='ocrx_word' id='word_1_772' title='bbox 3809 4657 3976 4707; x_wconf 77' lang='grc' dir='ltr'>ἕνεκα</span> 
     </span>
    </p>
   </div>
   <div class='ocr_carea' id='block_1_107' title="bbox 2413 4747 3980 4816">
    <p class='ocr_par' dir='ltr' id='par_1_107' title="bbox 2413 4747 3980 4816">
     <span class='ocr_line' id='line_1_107' title="bbox 2413 4747 3980 4816; baseline -0.002 -15"><span class='ocrx_word' id='word_1_773' title='bbox 2413 4749 2589 4810; x_wconf 78' lang='grc' dir='ltr'>ἐκθεὶς</span> <span class='ocrx_word' id='word_1_774' title='bbox 2632 4747 2914 4816; x_wconf 79' lang='grc' dir='ltr'>Ἡρόδοτος</span> <span class='ocrx_word' id='word_1_775' title='bbox 2952 4749 3044 4803; x_wconf 81' lang='grc' dir='ltr'>καὶ</span> <span class='ocrx_word' id='word_1_776' title='bbox 3072 4748 3221 4800; x_wconf 77' lang='grc' dir='ltr'>ἄλλοι</span> <span class='ocrx_word' id='word_1_777' title='bbox 3255 4749 3399 4810; x_wconf 85' lang='grc' dir='ltr'>τινὲς</span> <span class='ocrx_word' id='word_1_778' title='bbox 3435 4749 3543 4801; x_wconf 86' lang='grc' dir='ltr'>τῶν</span> <span class='ocrx_word' id='word_1_779' title='bbox 3578 4750 3814 4816; x_wconf 76' lang='grc' dir='ltr'>ἱστορίας</span> <span class='ocrx_word' id='word_1_780' title='bbox 3847 4763 3980 4812; x_wconf 80' lang='grc' dir='ltr'>συγ-</span> 
     </span>
    </p>
   </div>
   <div class='ocr_carea' id='block_1_108' title="bbox 2413 4837 3974 4908">
    <p class='ocr_par' dir='ltr' id='par_1_108' title="bbox 2413 4837 3974 4908">
     <span class='ocr_line' id='line_1_108' title="bbox 2413 4837 3974 4908; baseline -0.003 -16"><span class='ocrx_word' id='word_1_781' title='bbox 2413 4840 2782 4908; x_wconf 75' lang='grc' dir='ltr'>γραψαμένων</span> <span class='ocrx_word' id='word_1_782' title='bbox 2806 4838 3022 4891; x_wconf 84' lang='grc' dir='ltr'>δοκοῦσί</span> <span class='ocrx_word' id='word_1_783' title='bbox 3043 4857 3094 4889; x_wconf 89' lang='grc' dir='ltr'>τι</span> <span class='ocrx_word' id='word_1_784' title='bbox 3115 4837 3393 4908; x_wconf 75' lang='grc' dir='ltr'>προῦργου</span> <span class='ocrx_word' id='word_1_785' title='bbox 3422 4839 3799 4905; x_wconf 80' lang='grc' dir='ltr'>πεποιηκέναι.</span> <span class='ocrx_word' id='word_1_786' title='bbox 3837 4837 3974 4889; x_wconf 58' lang='grc' dir='ltr'>Ἀλλ’</span> 
     </span>
    </p>
   </div>
   <div class='ocr_carea' id='block_1_109' title="bbox 2412 4931 3975 4999">
    <p class='ocr_par' dir='ltr' id='par_1_109' title="bbox 2412 4931 3975 4999">
     <span class='ocr_line' id='line_1_109' title="bbox 2412 4931 3975 4999; baseline 0 -16"><span class='ocrx_word' id='word_1_787' title='bbox 2412 4933 2468 4984; x_wconf 90' lang='grc' dir='ltr'>ἐν</span> <span class='ocrx_word' id='word_1_788' title='bbox 2502 4931 2733 4994; x_wconf 82' lang='grc' dir='ltr'>τούτοις,</span> <span class='ocrx_word' id='word_1_789' title='bbox 2763 4931 2952 4999; x_wconf 82' lang='grc' dir='ltr'>ὥσπερ</span> <span class='ocrx_word' id='word_1_790' title='bbox 2985 4933 3103 4982; x_wconf 79' lang='grc' dir='ltr'>κατ’</span> <span class='ocrx_word' id='word_1_791' title='bbox 3134 4932 3375 4992; x_wconf 78' lang='grc' dir='ltr'>ἐκείνους</span> <span class='ocrx_word' id='word_1_792' title='bbox 3408 4931 3536 4990; x_wconf 81' lang='grc' dir='ltr'>τοὺς</span> <span class='ocrx_word' id='word_1_793' title='bbox 3567 4931 3788 4998; x_wconf 85' lang='grc' dir='ltr'>χρόνους</span> <span class='ocrx_word' id='word_1_794' title='bbox 3823 4932 3975 4990; x_wconf 72' lang='grc' dir='ltr'>ὄντα.</span> 
     </span>
    </p>
   </div>
   <div class='ocr_carea' id='block_1_110' title="bbox 2415 5022 3977 5092">
    <p class='ocr_par' dir='ltr' id='par_1_110' title="bbox 2415 5022 3977 5092">
     <span class='ocr_line' id='line_1_110' title="bbox 2415 5022 3977 5092; baseline -0.003 -16"><span class='ocrx_word' id='word_1_795' title='bbox 2415 5026 2505 5076; x_wconf 76' lang='grc' dir='ltr'>καὶ</span> <span class='ocrx_word' id='word_1_796' title='bbox 2538 5025 2593 5075; x_wconf 85' lang='grc' dir='ltr'>ἐν</span> <span class='ocrx_word' id='word_1_797' title='bbox 2635 5022 2909 5092; x_wconf 85' lang='grc' dir='ltr'>διαφόροις</span> <span class='ocrx_word' id='word_1_798' title='bbox 2957 5022 3134 5074; x_wconf 76' lang='grc' dir='ltr'>ἔθνεσι</span> <span class='ocrx_word' id='word_1_799' title='bbox 3164 5022 3427 5090; x_wconf 87' lang='grc' dir='ltr'>γινόμενα</span> <span class='ocrx_word' id='word_1_800' title='bbox 3466 5024 3640 5074; x_wconf 85' lang='grc' dir='ltr'>πάντα</span> <span class='ocrx_word' id='word_1_801' title='bbox 3685 5023 3815 5090; x_wconf 82' lang='grc' dir='ltr'>ὀρᾷν</span> <span class='ocrx_word' id='word_1_802' title='bbox 3863 5022 3977 5086; x_wconf 76' lang='grc' dir='ltr'>ἔξε-</span> 
     </span>
    </p>
   </div>
   <div class='ocr_carea' id='block_1_111' title="bbox 2416 5113 3976 5183">
    <p class='ocr_par' dir='ltr' id='par_1_111' title="bbox 2416 5113 3976 5183">
     <span class='ocr_line' id='line_1_111' title="bbox 2416 5113 3976 5183; baseline -0.004 -13"><span class='ocrx_word' id='word_1_803' title='bbox 2416 5135 2532 5170; x_wconf 84' lang='grc' dir='ltr'>στιν</span> <span class='ocrx_word' id='word_1_804' title='bbox 2558 5134 2574 5149; x_wconf 76' lang='grc' dir='ltr'><strong>ο</strong></span> <span class='ocrx_word' id='word_1_805' title='bbox 2613 5116 2753 5168; x_wconf 84' lang='grc' dir='ltr'>ὥστε</span> <span class='ocrx_word' id='word_1_806' title='bbox 2793 5114 3032 5183; x_wconf 77' lang='grc' dir='ltr'>ἱστορίαν</span> <span class='ocrx_word' id='word_1_807' title='bbox 3063 5114 3180 5168; x_wconf 88' lang='grc' dir='ltr'>τινά</span> <span class='ocrx_word' id='word_1_808' title='bbox 3216 5114 3390 5166; x_wconf 89' lang='grc' dir='ltr'>πάντα</span> <span class='ocrx_word' id='word_1_809' title='bbox 3430 5113 3614 5174; x_wconf 82' lang='grc' dir='ltr'>ἁπλῶς</span> <span class='ocrx_word' id='word_1_810' title='bbox 3643 5113 3976 5180; x_wconf 67' lang='grc' dir='ltr'>ἀκριϐοῦσιν</span> 
     </span>
    </p>
   </div>
   <div class='ocr_carea' id='block_1_112' title="bbox 2415 5192 3973 5277">
    <p class='ocr_par' dir='ltr' id='par_1_112' title="bbox 2415 5192 3973 5277">
     <span class='ocr_line' id='line_1_112' title="bbox 2415 5192 3973 5277; baseline -0.004 -16"><span class='ocrx_word' id='word_1_811' title='bbox 2415 5205 2555 5262; x_wconf 85' lang='grc' dir='ltr'>εῐναι</span> <span class='ocrx_word' id='word_1_812' title='bbox 2575 5225 2588 5239; x_wconf 91' lang='grc'>·</span> <span class='ocrx_word' id='word_1_813' title='bbox 2621 5207 2821 5277; x_wconf 78' lang='grc' dir='ltr'>μᾶλλον</span> <span class='ocrx_word' id='word_1_814' title='bbox 2848 5207 2905 5259; x_wconf 67' lang='grc' dir='ltr'>δὲ</span> <span class='ocrx_word' id='word_1_815' title='bbox 2932 5207 3030 5275; x_wconf 81' lang='grc' dir='ltr'>οὐχ</span> <span class='ocrx_word' id='word_1_816' title='bbox 3048 5192 3319 5274; x_wconf 61' lang='grc' dir='ltr'>ἱστορίαν,</span> <span class='ocrx_word' id='word_1_817' title='bbox 3347 5205 3462 5257; x_wconf 80' lang='grc' dir='ltr'>ἀλλ’</span> <span class='ocrx_word' id='word_1_818' title='bbox 3489 5204 3554 5256; x_wconf 82' lang='grc' dir='ltr'>ἵν’</span> <span class='ocrx_word' id='word_1_819' title='bbox 3589 5203 3757 5265; x_wconf 79' lang='grc' dir='ltr'>οὕτως</span> <span class='ocrx_word' id='word_1_820' title='bbox 3811 5205 3973 5268; x_wconf 78' lang='grc' dir='ltr'>εἴπω,</span> 
     </span>
    </p>
   </div>
   <div class='ocr_carea' id='block_1_113' title="bbox 2415 5293 3975 5367">
    <p class='ocr_par' dir='ltr' id='par_1_113' title="bbox 2415 5293 3975 5367">
     <span class='ocr_line' id='line_1_113' title="bbox 2415 5293 3975 5367; baseline -0.005 -15"><span class='ocrx_word' id='word_1_821' title='bbox 2415 5299 2677 5367; x_wconf 74' lang='grc' dir='ltr'>αὑτοψίαν</span> <span class='ocrx_word' id='word_1_822' title='bbox 2721 5298 2831 5350; x_wconf 88' lang='grc' dir='ltr'>τῶν</span> <span class='ocrx_word' id='word_1_823' title='bbox 2880 5297 3002 5349; x_wconf 84' lang='grc' dir='ltr'>τότε</span> <span class='ocrx_word' id='word_1_824' title='bbox 3050 5296 3236 5358; x_wconf 81' lang='grc' dir='ltr'>ἁπλῶς</span> <span class='ocrx_word' id='word_1_825' title='bbox 3265 5293 3614 5362; x_wconf 79' lang='grc' dir='ltr'>’ἁπανταχοῦ</span> <span class='ocrx_word' id='word_1_826' title='bbox 3670 5297 3975 5361; x_wconf 82' lang='grc' dir='ltr'>γενομένων</span> 
     </span>
    </p>
   </div>
   <div class='ocr_carea' id='block_1_114' title="bbox 2418 5384 3974 5456">
    <p class='ocr_par' dir='ltr' id='par_1_114' title="bbox 2418 5384 3974 5456">
     <span class='ocr_line' id='line_1_114' title="bbox 2418 5384 3974 5456; baseline -0.006 -13"><span class='ocrx_word' id='word_1_827' title='bbox 2418 5392 2657 5453; x_wconf 84' lang='grc' dir='ltr'>πάντων,</span> <span class='ocrx_word' id='word_1_828' title='bbox 2688 5389 2780 5440; x_wconf 80' lang='grc' dir='ltr'>καὶ</span> <span class='ocrx_word' id='word_1_829' title='bbox 2829 5386 3152 5456; x_wconf 77' lang='grc' dir='ltr'>παρουσίαν.</span> <span class='ocrx_word' id='word_1_830' title='bbox 3193 5386 3264 5437; x_wconf 87' lang='grc' dir='ltr'>Ἥ</span> <span class='ocrx_word' id='word_1_831' title='bbox 3300 5402 3362 5452; x_wconf 85' lang='grc' dir='ltr'>γε</span> <span class='ocrx_word' id='word_1_832' title='bbox 3407 5385 3513 5454; x_wconf 81' lang='grc' dir='ltr'>μὴν</span> <span class='ocrx_word' id='word_1_833' title='bbox 3553 5387 3711 5452; x_wconf 74' lang='grc' dir='ltr'>τέχνη</span> <span class='ocrx_word' id='word_1_834' title='bbox 3741 5384 3845 5434; x_wconf 88' lang='grc' dir='ltr'>τῶν</span> <span class='ocrx_word' id='word_1_835' title='bbox 3883 5401 3974 5450; x_wconf 88' lang='grc' dir='ltr'>μι-</span> 
     </span>
    </p>
   </div>
   <div class='ocr_carea' id='block_1_115' title="bbox 2421 5474 3975 5551">
    <p class='ocr_par' dir='ltr' id='par_1_115' title="bbox 2421 5474 3975 5551">
     <span class='ocr_line' id='line_1_115' title="bbox 2421 5474 3975 5551; baseline -0.01 -15"><span class='ocrx_word' id='word_1_836' title='bbox 2421 5482 2689 5551; x_wconf 82' lang='grc' dir='ltr'>μημάτων</span> <span class='ocrx_word' id='word_1_837' title='bbox 2744 5479 2956 5547; x_wconf 81' lang='grc' dir='ltr'>ἀληθῶς</span> <span class='ocrx_word' id='word_1_838' title='bbox 2993 5477 3164 5546; x_wconf 74' lang='grc' dir='ltr'>ἐρίζει</span> <span class='ocrx_word' id='word_1_839' title='bbox 3223 5478 3314 5527; x_wconf 86' lang='grc' dir='ltr'>καὶ</span> <span class='ocrx_word' id='word_1_840' title='bbox 3354 5475 3646 5541; x_wconf 73' lang='grc' dir='ltr'>ἁμιλλᾶται</span> <span class='ocrx_word' id='word_1_841' title='bbox 3700 5474 3836 5541; x_wconf 73' lang='grc' dir='ltr'>πρὸς</span> <span class='ocrx_word' id='word_1_842' title='bbox 3877 5474 3975 5541; x_wconf 79' lang='grc' dir='ltr'>τὴν</span> 
     </span>
    </p>
   </div>
   <div class='ocr_carea' id='block_1_116' title="bbox 2417 5565 3973 5641">
    <p class='ocr_par' dir='ltr' id='par_1_116' title="bbox 2417 5565 3973 5641">
     <span class='ocr_line' id='line_1_116' title="bbox 2417 5565 3973 5641; baseline -0.008 -15"><span class='ocrx_word' id='word_1_843' title='bbox 2417 5575 2526 5626; x_wconf 90' lang='grc' dir='ltr'>τῶν</span> <span class='ocrx_word' id='word_1_844' title='bbox 2569 5571 2910 5641; x_wconf 80' lang='grc' dir='ltr'>πραγμάτων</span> <span class='ocrx_word' id='word_1_845' title='bbox 2951 5572 3136 5636; x_wconf 82' lang='grc' dir='ltr'>φύσιν,</span> <span class='ocrx_word' id='word_1_846' title='bbox 3190 5567 3329 5618; x_wconf 82' lang='grc' dir='ltr'>ὥστε</span> <span class='ocrx_word' id='word_1_847' title='bbox 3369 5567 3545 5619; x_wconf 80' lang='grc' dir='ltr'>δοκεῖν</span> <span class='ocrx_word' id='word_1_848' title='bbox 3594 5565 3902 5631; x_wconf 75' lang='grc' dir='ltr'>ἄνθρωπον,</span> <span class='ocrx_word' id='word_1_849' title='bbox 3944 5565 3973 5630; x_wconf 67' lang='grc' dir='ltr'>ἢ</span> 
     </span>
    </p>
   </div>
   <div class='ocr_carea' id='block_1_117' title="bbox 2419 5655 3972 5730">
    <p class='ocr_par' dir='ltr' id='par_1_117' title="bbox 2419 5655 3972 5730">
     <span class='ocr_line' id='line_1_117' title="bbox 2419 5655 3972 5730; baseline -0.008 -13"><span class='ocrx_word' id='word_1_850' title='bbox 2419 5665 2605 5727; x_wconf 77' lang='grc' dir='ltr'>ἵππον,</span> <span class='ocrx_word' id='word_1_851' title='bbox 2642 5663 2674 5730; x_wconf 84' lang='grc' dir='ltr'>ἢ</span> <span class='ocrx_word' id='word_1_852' title='bbox 2712 5661 2886 5722; x_wconf 86' lang='grc' dir='ltr'>πόλιν,</span> <span class='ocrx_word' id='word_1_853' title='bbox 2916 5660 2948 5730; x_wconf 78' lang='grc' dir='ltr'>ἢ</span> <span class='ocrx_word' id='word_1_854' title='bbox 2985 5660 3211 5726; x_wconf 82' lang='grc' dir='ltr'>στρατὸν</span> <span class='ocrx_word' id='word_1_855' title='bbox 3241 5658 3362 5710; x_wconf 86' lang='grc' dir='ltr'>ὅλον</span> <span class='ocrx_word' id='word_1_856' title='bbox 3396 5659 3546 5724; x_wconf 78' lang='grc' dir='ltr'>όρᾷν,</span> <span class='ocrx_word' id='word_1_857' title='bbox 3585 5657 3615 5724; x_wconf 81' lang='grc' dir='ltr'>ἢ</span> <span class='ocrx_word' id='word_1_858' title='bbox 3668 5656 3907 5724; x_wconf 82' lang='grc' dir='ltr'>θώρακα,</span> <span class='ocrx_word' id='word_1_859' title='bbox 3940 5655 3972 5720; x_wconf 78' lang='grc' dir='ltr'><strong>ἢ</strong></span> 
     </span>
    </p>
   </div>
   <div class='ocr_carea' id='block_1_118' title="bbox 2423 5746 3975 5825">
    <p class='ocr_par' dir='ltr' id='par_1_118' title="bbox 2423 5746 3975 5825">
     <span class='ocr_line' id='line_1_118' title="bbox 2423 5746 3975 5825; baseline -0.008 -17"><span class='ocrx_word' id='word_1_860' title='bbox 2423 5759 2593 5825; x_wconf 74' lang='grc' dir='ltr'>ξίφος.</span> <span class='ocrx_word' id='word_1_861' title='bbox 2627 5756 2658 5824; x_wconf 84' lang='grc' dir='ltr'>ἢ</span> <span class='ocrx_word' id='word_1_862' title='bbox 2691 5753 3014 5816; x_wconf 82' lang='grc' dir='ltr'>πανοπλίαν,</span> <span class='ocrx_word' id='word_1_863' title='bbox 3047 5752 3140 5803; x_wconf 79' lang='grc' dir='ltr'>καὶ</span> <span class='ocrx_word' id='word_1_864' title='bbox 3171 5750 3202 5812; x_wconf 79' lang='grc' dir='ltr'>ἢ</span> <span class='ocrx_word' id='word_1_865' title='bbox 3237 5750 3644 5816; x_wconf 75' lang='grc' dir='ltr'>ἁλισκομένους,</span> <span class='ocrx_word' id='word_1_866' title='bbox 3678 5749 3706 5814; x_wconf 77' lang='grc' dir='ltr'>ἢ</span> <span class='ocrx_word' id='word_1_867' title='bbox 3749 5746 3975 5813; x_wconf 82' lang='grc' dir='ltr'>φεύγον-</span> 
     </span>
    </p>
   </div>
   <div class='ocr_carea' id='block_1_119' title="bbox 2421 5836 3966 5917">
    <p class='ocr_par' dir='ltr' id='par_1_119' title="bbox 2421 5836 3966 5917">
     <span class='ocr_line' id='line_1_119' title="bbox 2421 5836 3966 5917; baseline -0.011 -13"><span class='ocrx_word' id='word_1_868' title='bbox 2421 5868 2536 5913; x_wconf 62' lang='lat' dir='ltr'>seu,</span> <span class='ocrx_word' id='word_1_869' title='bbox 2581 5848 2611 5917; x_wconf 79' lang='grc' dir='ltr'>ἢ</span> <span class='ocrx_word' id='word_1_870' title='bbox 2660 5846 2951 5914; x_wconf 79' lang='grc' dir='ltr'>γελῶντας,</span> <span class='ocrx_word' id='word_1_871' title='bbox 3006 5842 3037 5911; x_wconf 76' lang='grc' dir='ltr'>ἢ</span> <span class='ocrx_word' id='word_1_872' title='bbox 3091 5839 3393 5905; x_wconf 85' lang='grc' dir='ltr'>κλαίοντας,</span> <span class='ocrx_word' id='word_1_873' title='bbox 3442 5839 3887 5908; x_wconf 72' lang='grc' dir='ltr'>ἢκινουμὲνους,</span> <span class='ocrx_word' id='word_1_874' title='bbox 3935 5836 3966 5906; x_wconf 66' lang='grc' dir='ltr'>ἢ</span> 
     </span>
    </p>
   </div>
  </div>
