4202 6444
249 470 324 536 29
1315 472 1688 535 EPISTULA
1740 477 1841 535 AD
1882 474 2247 536 JOANNEM
2290 473 2456 534 1MP.
3436 471 3508 535 30

249 585 659 652 ὀργιζομένους.
707 584 828 636 Ἐπὶ
867 587 1000 638 πᾶσι
1034 587 1088 639 δὲ
1119 588 1329 651 τούτοις
1379 594 1687 660 γράμματα
1728 608 1804 660 με

1901 588 2280 658 Populusque
2319 589 2614 651 ltouianus,
2650 585 2796 641 Julio
2829 585 3029 640 Caesari
3075 585 3211 639 forte
3243 587 3325 640 vel
3354 585 3503 652 Tito,

246 674 390 742 γάλα
422 675 674 741 λέγοντα,
708 676 773 726 'H
794 674 955 745 βουλὴ
982 677 1086 729 τῶν
1131 678 1420 746 Ῥωμαίων
1445 683 1537 732 καὶ
1562 684 1588 733 ὀ
1618 681 1811 749 δῆμος,

257 765 466 833 Ἰουλίῳ
499 766 545 816 εί
586 766 738 833 τύχοι
788 767 1052 836 Καίσαρι,
1084 768 1114 835 ἧ
1148 769 1313 839 Τίτῳ,
1346 771 1376 839 ἢ
1420 773 1816 841 Οὑεσπασιάνῳ

243 857 447 922 ἀρετῆς
486 856 578 906 καὶ
613 856 982 924 ἀνδραγαθίας
1021 858 1228 922 ἕνεκεν,
1260 862 1545 928 νικήσαντι
1572 863 1677 912 ἀπὸ
1707 862 1815 914 τῶν

241 945 514 1014 δεινῶν,ῆ
554 947 847 1012 φυλάξαντι
887 949 984 1018 τὴν
1015 953 1271 1020 πατρίδα,
1312 952 1343 1022 ἢ
1389 953 1642 1005 ἐλάσαντι
1688 955 1814 1015 τοὺς

243 1037 580 1106 βαρϐάρους,
618 1039 724 1107 ἧτι
758 1039 999 1093 τοιοῦτον
1034 1043 1219 1109 ἕτερον
1249 1043 1355 1094 τῶν
1383 1045 1812 1114 ἐπαινουμένων.

241 1128 310 1177 Τί
342 1128 400 1180 δὲ
428 1130 553 1190 τοὺς
578 1130 840 1191 παλαιοὺς
865 1134 1128 1194 ἐκείνους,
1155 1135 1527 1203 Μελεάγρους,
1557 1141 1650 1188 καὶ
1685 1138 1815 1205 Ἀμ-

239 1217 456 1284 φίονας,
491 1220 584 1270 καὶ
638 1221 1036 1290 Τριπολέμους,
1083 1227 1132 1275 εί
1191 1225 1247 1277 δὲ
1283 1226 1481 1294 βούλει,
1540 1229 1810 1291 Πέλοπας,

238 1311 338 1359 καὶ
378 1310 748 1378 ’Δμφιὰρεως,
780 1313 875 1365 καὶ
911 1314 1240 1381 Ταντάλους,
1271 1318 1364 1368 καὶ
1395 1321 1448 1368 εἴ
1482 1336 1535 1370 τι
1576 1319 1811 1370 τοιοῦτον

238 1400 430 1466 ἕτερον
462 1403 553 1452 ἐπὶ
606 1402 709 1470 τῆς
743 1405 979 1473 μυθικῆς
1025 1408 1118 1457 καὶ
1170 1409 1407 1475 ἀρχαίας
1455 1409 1672 1475 ἐκείνης
1712 1409 1809 1476 τῆς

250 1489 574 1560 Ἐλληνικῆς
631 1495 874 1563 ἱστορίας
924 1497 1179 1564 λέγεταις
1218 1499 1432 1550 Μεσταὶ
1466 1500 1567 1566 μὲν
1605 1499 1809 1551 τούτων

235 1582 371 1645 ὁδοὶ,
416 1585 587 1651 μεστὰ
617 1585 674 1638 δὲ
705 1588 966 1654 μνήματα
998 1591 1090 1640 καὶ
1119 1590 1280 1654 τάφοι
1312 1589 1581 1652 παλαιῶν,
1619 1591 1808 1658 μεστοὶ

236 1672 295 1723 δὲ
329 1674 520 1726 οίκιῶν
563 1678 729 1744 τοῖχοι
751 1693 766 1708 ο
800 1681 979 1733 πάντα
1010 1680 1105 1748 τῆς
1152 1682 1381 1748 ἀρίστης
1411 1685 1502 1732 καὶ
1545 1682 1809 1734 τελεωτά-

232 1779 336 1830 της
371 1765 592 1833 τέχνης,
643 1769 854 1821 Φειδίου
900 1772 1131 1838 τινὸς,ἢ
1172 1775 1482 1834 Λυσίππου,
1534 1773 1565 1842 ἢ
1607 1772 1807 1841 Πραξι-

230 1853 447 1917 τέλους,
476 1856 506 1924 ῆ
535 1856 644 1909 τῶν
686 1860 884 1927 ὁμοίων
929 1863 1086 1929 ἔργα.
1126 1862 1288 1914 Ὥστε
1321 1863 1531 1930 ἀνάγκη
1576 1863 1663 1915 διὰ
1706 1863 1804 1930 τῆς

1920 678 2389 746 autVespasiano,
2422 680 2492 729 ob
2517 692 2627 730 rem
2661 677 2797 729 bene
2824 684 2878 729 et
2909 675 3119 728 fortiter
3138 685 3340 743 gestam
3374 695 3386 731 :
3424 678 3505 732 vi-

1917 773 2020 824 etis
2048 771 2198 824 hisee
2228 771 2306 823 vel
2342 769 2449 822 illis
2474 769 2709 837 populis.
2738 768 2819 821 vel
2843 769 2910 820 ob
2937 766 3165 836 patriam
3202 776 3497 831 servatam,

1917 862 2000 912 vel
2036 861 2106 911 ob
2139 859 2411 910 Barbaros
2446 858 2762 926 proﬂigatos
2785 898 2799 918 ,
2837 867 2928 909 aut
2975 856 3121 907 aliud
3180 855 3499 921 huiusmodi

1916 951 2234 1018 praclarum
2261 947 2489 1001 facinus.
2524 945 2626 999 Sed
2647 947 2775 1015 quid
2805 947 3014 1014 priscos
3035 945 3155 997 illos
3181 943 3501 1012 Meleagros,

1917 1040 2255 1108 Amphionias
2281 1049 2333 1091 et
2367 1039 2749 1105 Triptolemos,
2785 1045 2875 1088 aut
2927 1038 2971 1090 si
3005 1038 3140 1088 velis
3202 1036 3429 1105 l’eIOpas
3449 1045 3503 1090 et

1915 1130 2295 1198 Amphiaraos.
2327 1138 2381 1181 et
2410 1127 2668 1181 ’l‘antalos
2700 1128 2875 1179 dicam
2922 1134 2976 1179 et
3021 1125 3282 1192 quidquid
3338 1123 3500 1193 hujus

1917 1222 2134 1288 generis
2183 1219 2432 1273 fabulosa
2507 1229 2560 1274 et
2620 1229 2832 1272 vetusta
2896 1217 3208 1270 Graecorum
3270 1217 3500 1270 historia

1914 1323 2308 1366 commemorat
2336 1313 2357 1364 ?
2388 1311 2548 1365 Hisce
2583 1311 2684 1362 via:
2713 1323 2906 1362 omnes
2939 1308 3114 1376 plena:
3147 1317 3296 1370 sunt,
3329 1307 3491 1374 plena

1914 1403 2299 1471 antiquitatum
2334 1411 2689 1455 monumenta
2738 1409 2788 1452 ct
2823 1399 3093 1466 sepulcra,
3132 1397 3272 1461 pleni
3304 1397 3497 1449 aedium

1914 1496 2169 1563 parietes.
2227 1491 2422 1546 Omnia
2490 1489 2924 1558 praestantissimi
2982 1499 3038 1541 et
3096 1487 3497 1540 absolutissimi

1912 1585 2147 1645 artiilcii,
2180 1584 2384 1637 Phidiae
2421 1583 2708 1650 cujusdam
2737 1589 2832 1633 aut
2881 1578 3128 1649 Lysippi,
3161 1578 3244 1630 vel
3309 1575 3500 1628 Praxi-

1915 1677 2058 1740 telis,
2082 1677 2413 1730 similiumve
2437 1690 2624 1743 Opera.
2671 1675 2819 1726 Adeo
2851 1683 2908 1726 ut
2940 1686 3034 1741 per
3095 1670 3282 1723 urbem
3350 1670 3499 1724 ince-

1910 1764 2087 1817 dendo
2137 1780 2282 1817 nunc
2335 1767 2438 1817 huc
2484 1781 2629 1818 nunc
2677 1765 2803 1817 illuc
2829 1767 2988 1815 oculo
3028 1761 3272 1829 traharis
3305 1778 3319 1812 :
3350 1760 3495 1829 quod

1912 1872 2098 1911 amore
2134 1858 2311 1924 euptis
2341 1865 2393 1909 et
2429 1857 2603 1909 vivam
2635 1856 3094 1925 pulchritudinem
3141 1870 3263 1910 cum
3322 1853 3497 1906 admi-

233 1948 448 2011 πόλεως
498 1953 632 2005 ίόντι
687 1954 816 2006 ποτὲ
854 1957 952 2024 μὲν
996 1957 1130 2025 πρὸς
1166 1957 1344 2021 τοῦτο,
1403 1957 1532 2007 ποτὲ
1585 1956 1639 2006 δὲ
1673 1955 1804 2024 πρὸς

1916 1947 2124 1999 ratione
2159 1947 2377 1999 curiose
2407 1945 2908 2012 contemplantibus
2951 1946 3239 2014 euntiugit.
3269 1942 3496 1995 Accedit

228 2042 414 2093 ἐκεῖνο
445 2043 698 2095 ἕλκεσθαι
731 2047 807 2114 τῷ
841 2048 1104 2114 ὀφθαλμῷ
1129 2063 1140 2076 ’
1187 2050 1322 2116 ὅπερ
1362 2048 1649 2114 συμϐαίνει
1697 2050 1807 2110 τοῖς

228 2131 518 2198 ἐρωτικοῖς
556 2135 789 2198 τούτοις,
824 2141 918 2192 καὶ
945 2141 1011 2190 τὰ
1037 2139 1216 2202 ζῶντα
1244 2139 1414 2206 κάλλη
1439 2137 1804 2206 θαυμάζουσι,

227 2221 327 2271 xzi
362 2223 679 2292 περιέργως
730 2227 1046 2295 θεωμένοις.
1087 2231 1154 2281 Ὃ
1196 2247 1255 2295 γε
1297 2230 1402 2297 μὴν
1453 2229 1560 2279 τῶν
1611 2227 1807 2294 τειχῶν

1918 2038 2176 2091 mmniam
2203 2038 2457 2100 ambitus,
2485 2045 2539 2089 et
2565 2036 2724 2090 totius
2766 2037 2918 2090 urbis
2963 2039 3124 2098 situs.
3173 2045 3286 2088 nim
3325 2033 3492 2086 etiam

1916 2131 2094 2184 anmis
2119 2133 2404 2193 ﬂuentum,
2455 2139 2509 2183 et
2556 2146 2814 2199 agrorum
2877 2143 3040 2199 atque
3106 2132 3495 2185 suburbiorum

1915 2222 2190 2290 quondam
2239 2232 2292 2274 et
2324 2222 2569 2274 villarum
2602 2223 2653 2273 ili
2682 2223 2872 2275 iisdem
2899 2225 3212 2276 ammnitas.

227 2313 451 2379 κύκλος.
487 2317 520 2385 ἥ
551 2333 611 2383 γε
645 2321 750 2387 μὴν
781 2323 879 2389 τῆς
918 2324 1045 2391 ὅλης
1078 2324 1284 2386 πόλεως
1323 2325 1494 2385 θέσις,
1522 2325 1581 2374 τὸ
1616 2323 1671 2375 δὲ
1705 2321 1799 2376 τοῦ
1840 2317 2091 2386 ποταμοῦ
2124 2316 2326 2384 ῥεῦμα,
2353 2318 2386 2386 ἡ
2428 2317 2483 2367 δὲ
2515 2318 2624 2368 τῶν
2655 2316 2840 2386 ἀγρῶν
2870 2319 2962 2370 καὶ
3011 2319 3120 2371 τῶν
3178 2320 3307 2387 πρὶν
3362 2333 3499 2386 προ-

226 2405 482 2473 αστιίων,
518 2409 613 2460 καὶ
638 2411 747 2463 τῶν
779 2413 1062 2466 ἐπαύλεων
1097 2417 1204 2466 τῶν
1231 2417 1289 2466 ἐν
1321 2417 1503 2475 αὐτοῖς
1551 2414 1735 2481 χάρις.

303 2494 411 2551 Ἦν
436 2500 494 2552 δὲ
533 2502 655 2554 οὐδὲ
688 2504 924 2572 λιμένων
963 2507 1193 2575 ἄμοιρος
1226 2509 1258 2576 ἡ
1297 2509 1471 2570 πόλις,
1520 2508 1639 2560 οὐδὲ
1671 2523 1805 2558 νεω-

228 2589 367 2657 ρίων
400 2589 434 2660 ἢ
464 2593 788 2658 νεωσοίκων,
820 2597 928 2649 τῶν
957 2599 1057 2666 μὲν
1083 2600 1214 2650 είσω
1242 2600 1458 2668 τειχῶν,
1489 2598 1599 2650 τῶν
1631 2598 1686 2650 δὲ
1714 2598 1806 2650 ἐπὶ

225 2681 351 2739 ταῖς
397 2681 648 2745 ἐκϐολαῖς
696 2686 887 2746 αὐταῖς
934 2687 1028 2739 τοῦ
1071 2689 1345 2757 ποταμοῦ,
1392 2689 1501 2740 τῶν
1533 2688 1589 2740 δὲ
1635 2688 1801 2755 ὀλίγῳ

226 2769 340 2837 πρδ
367 2770 479 2823 τῶν
510 2775 724 2842 τειχῶν,
761 2769 836 2827 ὧν
865 2775 947 2828 ἔτι
981 2779 1075 2829 καὶ
1104 2779 1198 2831 νῦν
1245 2780 1472 2848 λείψανα
1502 2781 1694 2845 ὁρᾶται
1717 2793 1729 2805 '
1766 2777 1801 2831 ἃ

228 2863 328 2912 καὶ
360 2863 423 2914 τὸ
447 2864 695 2918 καθελεῖν
745 2864 898 2936 οἶμαι
927 2869 1088 2937 ἔργον
1125 2870 1189 2923 ἂν
1224 2867 1293 2942 ἦν
1333 2870 1468 2939 ὁμοῦ
1520 2873 1653 2924 πᾶσι
1687 2873 1800 2934 τοῖς

228 2951 329 3005 νῦν
355 2952 668 3024 λεγομένοις
703 2958 969 3024 δυνατοῖς,
1013 2963 1063 3013 εί
1094 2962 1198 3033 χρὴ
1235 2962 1498 3031 δυσχερὲς
1537 2963 1740 3030 λέγειν,
1773 2961 1801 3014 ὃ

226 3059 312 3103 τις
340 3041 407 3097 ἂν
432 3046 576 3098 ιίποι
601 3047 880 3104 ἀδύνατον.
929 3052 1001 3103 ’Ἡ
1050 3068 1113 3119 γε
1151 3053 1246 3104 καὶ
1277 3053 1542 3121 θυμηδίας
1576 3054 1670 3106 καὶ
1697 3051 1799 3120 ψυ-

229 3134 536 3199 χαγωγίας,
569 3134 647 3186 ἐτι
671 3137 726 3189 δὲ
761 3140 1066 3205 γυμνασίας
1094 3141 1203 3195 τῶν
1230 3142 1464 3210 πολιτῶν
1494 3143 1676 3196 ἕνεκεν
1703 3143 1798 3196 καὶ

229 3225 570 3293 ναυμαχίαις
625 3227 759 3281 εἵσω
815 3231 1011 3298 τειχῶν
1063 3232 1150 3284 ἐπ’
1209 3233 1382 3301 αὐτῆς
1441 3237 1540 3304 τῆς
1599 3234 1806 3296 πόλεως

229 3313 252 3361 ἐ
262 3315 453 3381 χρῆτο,
487 3315 546 3367 οὐ
576 3315 720 3382 λέγω
766 3321 860 3371 ἐπὶ
894 3321 1299 3391 τοῦ’ποταμοῦ,
1338 3323 1452 3374 ἀλλ’
1493 3324 1587 3375 ἐπὶ
1636 3323 1800 3377 πελά-

227 3417 271 3465 γ·
297 3419 360 3463 υς
381 3403 525 3464 τινὸς
557 3405 588 3474 ἢ
612 3405 828 3474 λίμνης,
863 3407 1005 3460 ἔνδον
1036 3410 1133 3479 τῆς
1153 3412 1359 3474 πόλεως
1380 3412 1465 3462 ἐπ’
1489 3412 1620 3463 αὐτὸ
1645 3411 1800 3464 τοῦτο

227 3496 629 3565 πεποιημένης.
671 3498 777 3548 Καὶ
801 3494 889 3568 ἦν,
927 3499 1114 3570 ὥσπερ
1137 3489 1438 3570 γυμνᾶσια,
1475 3504 1568 3554 καὶ
1599 3503 1800 3572 θέατρα

226 3585 475 3650 ἀγώνων,
521 3591 615 3640 καὶ
649 3591 1022 3658 μονομαχιῶν,
1053 3593 1131 3645 ἔτι
1182 3593 1238 3644 δὲ
1274 3594 1672 3663 θηριομαχιῶν,
1705 3597 1800 3647 καὶ

228 3673 627 3743 ίπποδρομιῶν,
672 3677 815 3730 οὕτω
849 3680 943 3733 καὶ
979 3685 1418 3751 τριηρομαχιῶν.
1463 3684 1624 3735 Ὥστε
1670 3685 1800 3753 ἀλη-

226 3762 335 3822 θῶς
366 3763 571 3827 ἐξεῖναι
621 3767 823 3836 λέγειν,
861 3772 1029 3824 Οὐδὲν
1063 3773 1189 3825 ἄλλο
1239 3774 1271 3843 ἢ
1313 3772 1502 3844 Ῥώμη
1536 3777 1605 3826 τὰ
1645 3775 1793 3843 τῇδε,

224 3857 250 3906 ὃ
275 3873 359 3918 τις
397 3856 584 3926 ἔτερος
626 3860 735 3912 τῶν
768 3863 1057 3932 ἡμετέρων
1085 3867 1180 3918 καὶ
1219 3865 1466 3918 παλαιῶν
1499 3863 1618 3918 εἶπε
1667 3869 1794 3935 περὶ

224 3947 419 4016 αὐτῆς.
452 3949 533 4001 Τὰ
565 3949 665 4018 μὲν
699 3947 790 4004 οὖν
829 3955 1030 4024 ἀρχαῖα
1069 3955 1296 4010 τοιαῦτα
1328 3952 1426 4026 ἦν·
1457 3958 1522 4010 τὰ
1568 3958 1623 4010 δὲ
1662 3959 1796 4011 νεώ-

221 4053 381 4106 τερα,
415 4043 511 4093 καὶ
558 4042 627 4094 τὰ
659 4044 750 4095 ἐπὶ
782 4044 879 4113 τῆς
928 4048 1205 4117 ἡμετέρας
1239 4050 1335 4101 καὶ
1380 4051 1612 4119 ἀληθοῦς
1662 4051 1793 4120 θρη-

224 4129 410 4192 σκείας
439 4131 494 4184 τί
521 4131 586 4183 ἃν
625 4133 772 4200 λέγοι
800 4151 919 4202 τις;
952 4137 984 4205 ἦ
1029 4133 1114 4190 οἷα
1143 4140 1286 4201 είκὸς
1316 4141 1382 4193 τὰ
1418 4144 1481 4192 ἐκ
1525 4142 1791 4209 τοσαύτης

223 4221 318 4286 μὲν
351 4220 615 4289 ἀφθονίας
639 4223 804 4276 λίθων
829 4227 1086 4279 τοιούτων
1111 4231 1205 4280 καὶ
1244 4230 1402 4292 ὑλῶν,
1445 4231 1703 4298 τοιαύτης
1733 4232 1788 4284 δὲ

219 4311 415 4378 τέχνης
468 4311 589 4367 τότε
629 4313 922 4385 ἀνθούσης,
964 4321 1234 4388 τοσαύτης
1280 4322 1336 4372 δὲ
1379 4322 1655 4388 φιλοθεϊας
1694 4325 1788 4377 καὶ

218 4401 502 4464 εύσεσείας
552 4407 923 4475 πεποιημένῃ
958 4409 1065 4461 τῶν
1113 4410 1213 4477 μὲν
1253 4411 1362 4463 τῶν
1401 4414 1646 4482 ἀρχαίων
1689 4432 1787 4483 με-

217 4495 722 4560 τασκευασθέντων,
779 4499 886 4558 τῶν
927 4499 983 4552 δὲ
1025 4501 1084 4564 ἐξ
1137 4501 1368 4570 ἀνιέρων
1414 4505 1504 4556 καὶ
1545 4505 1785 4574 βεϐήλων

1979 2497 2086 2555 Sed
2120 2512 2222 2552 nec
2256 2506 2509 2566 portuum
2535 2497 2921 2566 navaliumque
2976 2512 3171 2566 expers
3221 2498 3335 2552 haec
3363 2501 3496 2554 urbs

1913 2591 2016 2644 fuit
2045 2605 2060 2643 :
2094 2605 2328 2657 quorum
2360 2591 2462 2642 alia
2492 2590 2633 2643 intra
2667 2591 2866 2644 muenia
2917 2601 3092 2652 erant.
3120 2591 3222 2643 alia
3277 2593 3328 2644 in
3360 2593 3495 2661 ipsis

1911 2683 2062 2737 ﬂuvii
2092 2683 2264 2747 ostiis,
2300 2683 2404 2734 alia
2442 2683 2684 2750 proxime
2708 2683 2811 2736 sub
2839 2682 2986 2736 urbis
3014 2683 3322 2737 moenibus:
3355 2699 3496 2753 qua-

1902 2790 2021 2828 rum
2048 2764 2223 2826 adhuc
2241 2773 2483 2840 reliquiae
2518 2774 2771 2825 visuntur
2795 2791 2808 2827 :
2832 2787 3061 2838 quarum
3085 2772 3491 2826 demolitionem

1900 2879 2119 2934 quoque
2172 2863 2428 2918 omnibus
2476 2863 2646 2916 nostri
2698 2863 2883 2916 surculi
2915 2862 3251 2931 principibus
3306 2861 3496 2916 ditiici-

1903 2958 2007 3009 lem
2052 2955 2287 3008 futuram
2319 2953 2596 3019 existimo,
2626 2953 2672 3007 si
2721 2952 2934 3008 diﬂicile
2964 2953 3267 3006 vocandum
3299 2955 3370 3008 sit
3400 2953 3494 3008 ubi

1900 3049 2022 3116 quis
2053 3063 2167 3099 rem
2196 3045 2340 3099 factu
2374 3046 2764 3114 impossibilem
2797 3045 2946 3098 dicit.
2979 3043 3118 3110 Quin
3150 3049 3312 3099 etiam
3339 3047 3493 3099 volu-

1904 3137 2068 3206 ptatis
2091 3147 2146 3190 et
2173 3136 2555 3190 oblectamenti
2584 3136 2775 3202 gratia,
2809 3144 2921 3188 tum
2949 3134 3019 3188 ob
3042 3134 3240 3189 civium
3270 3150 3491 3202 quoque

1914 3230 2228 3282 etercitium
2261 3228 2604 3280 naumachiis
2637 3227 2776 3279 intra
2809 3227 3007 3281 mmnia
3040 3227 3092 3278 in
3131 3227 3245 3294 ipsa
3271 3228 3493 3280 civitate

1908 3321 2178 3384 utebatur,
2200 3335 2305 3372 non
2333 3319 2506 3372 dicam
2535 3319 2587 3370 in
2619 3317 2861 3380 ﬂumine,
2887 3319 2980 3372 sed
3003 3319 3056 3370 in
3084 3318 3218 3370 mari
3247 3327 3340 3370 aut
3367 3318 3491 3372 lacu

1904 3411 2138 3477 quodam
2169 3411 2310 3463 intra
2341 3409 2613 3462 civitatem
2651 3411 2716 3461 ad
2786 3410 2888 3462 hoc
2940 3417 3260 3476 praeparato.
3314 3409 3491 3473 Atque

1905 3512 1960 3554 ut
1994 3501 2432 3564 cert:iminum,et
2463 3500 2847 3569 gladiatorum,
2909 3514 3326 3569 pugnarnrnque
3363 3515 3487 3553 cum

1903 3591 2032 3644 feris
2049 3600 2101 3643 et
2117 3591 2413 3643 currulium
2439 3590 2687 3644 ludorum
2711 3590 2987 3660 gymnasia
3006 3599 3057 3644 et
3079 3591 3288 3642 theatra
3310 3599 3493 3657 erant,

1897 3682 1971 3734 ita
2023 3683 2183 3735 etiam
2214 3683 2303 3734 ubi
2370 3681 2617 3735 triremes
2679 3682 3053 3752 conﬂigerent.
3124 3682 3200 3734 Ita
3252 3691 3309 3734 ut
3364 3698 3492 3737 vere

1898 3775 2165 3827 aﬂirmare
2223 3774 2381 3828 liceat
2436 3773 2582 3842 quod
2639 3773 2779 3826 alius
2832 3773 3052 3842 quidem
3104 3785 3341 3826 veterum
3375 3788 3490 3826 no-

1899 3875 2248 3934 strorumque
2286 3866 2352 3918 de
2383 3881 2446 3919 ea
2496 3866 2633 3918 dixit
2672 3883 2685 3918 :
2718 3866 2849 3919 nihil
2885 3874 2995 3918 tum
3030 3870 3288 3934 temporis
3317 3865 3489 3921 fuisse

1901 3967 2097 4027 praeter
2133 3957 2384 4020 Romam,
2414 3966 2466 4010 et
2505 3958 2725 4027 antiqua
2751 3958 2966 4026 quidem
3026 3957 3334 4026 hujusmodi
3370 3957 3488 4011 fue-

1897 4065 1997 4102 re:
2032 4050 2332 4101 recentiora
2367 4059 2545 4102 autem
2594 4060 2648 4103 et
2695 4066 2816 4119 quae
2847 4051 2911 4103 ad
2963 4061 3203 4105 nostram
3272 4066 3492 4103 veram;

1894 4159 1999 4212 que
2054 4143 2369 4212 religionem
2417 4155 2684 4212 spectant,
2727 4147 2850 4214 quis
2895 4146 3074 4198 dicere
3117 4145 3357 4214 poterit?
3403 4145 3484 4199 vel

1892 4251 2230 4305 quaecunque
2261 4251 2328 4289 ex
2388 4246 2533 4289 tanta
2561 4238 2794 4302 lapidum
2824 4237 3133 4304 hujusmodi
3155 4248 3206 4290 et
3230 4238 3485 4290 materiai

1895 4341 2014 4378 rum
2043 4327 2223 4393 copia,
2249 4335 2303 4380 et
2328 4326 2551 4380 llorente
2580 4336 2690 4380 tum
2723 4329 2978 4393 temporis
3000 4330 3306 4397 praestantia
3328 4329 3480 4407 artis.

1891 4429 2004 4473 tum
2039 4433 2100 4470 ex
2132 4427 2274 4472 tanta
2303 4420 2502 4486 pietate
2531 4427 2583 4471 et
2612 4419 2898 4472 devotione
2950 4419 3091 4474 facta
3131 4419 3325 4473 fuere?
3357 4433 3480 4472 cum

1888 4509 1991 4561 alia
2022 4509 2240 4577 quidem
2274 4510 2615 4577 antiquitatis
2647 4519 2995 4564 monumenta
3030 4511 3093 4564 ad
3120 4525 3290 4565 novas
3323 4519 3482 4564 stru—

218 4584 381 4653 ἱερῶν
433 4587 604 4653 ἁγίων
650 4591 975 4659 γενομένων,
1023 4594 1115 4646 καὶ
1157 4596 1299 4648 ναῶν
1350 4595 1506 4650 θείων
1548 4597 1607 4662 ἐξ
1637 4602 1789 4655 είδωτ-

1901 4608 2075 4652 eturas
2127 4598 2603 4652 transferrentur:
2646 4600 2748 4653 alia
2802 4612 2980 4652 autem
3043 4615 3107 4653 ex
3161 4600 3406 4668 profanis
3427 4609 3482 4653 et

218 4677 398 4730 λείων.
437 4678 600 4731 Πόσοι
639 4680 738 4748 μὲν
769 4682 1084 4736 ἀποστόλων
1111 4687 1261 4750 ναοί;
1296 4689 1451 4739 πόσοι
1478 4689 1534 4741 δὲ
1571 4692 1782 4760 μαρτύ-

218 4784 360 4834 pun;
399 4771 556 4821 πόσοι
587 4772 652 4832 ,δέ
672 4773 844 4834 ,ὁσίων
877 4775 970 4825 xai
998 4776 1202 4842 ἁγίωνς
1231 4778 1384 4831 πόσοι
1429 4780 1484 4831 δὲ
1512 4784 1783 4847 γυναικῶν

218 4858 371 4910 θείων
411 4861 504 4911 καὶ
555 4863 879 4929 πκρθένωνς
924 4865 1004 4917 Τά
1035 4882 1097 4932 γε
1144 4867 1251 4938 μὴν
1286 4869 1516 4936 σώματα
1558 4874 1780 4940 τούτων,

219 4950 301 4999 καὶ
335 4951 407 5001 τὰ
441 4951 689 5018 λείψανα,
727 4954 837 5006 εῐτε
869 4956 1123 5019 καθόλου,
1151 4960 1262 5010 εἴτε
1301 4963 1439 5014 κατὰ
1488 4964 1653 5033 μέρη,
1689 4967 1782 5018 καὶ

219 5044 333 5093 ίῐτι
368 5045 507 5111 πρὸς
537 5045 849 5116 ὑπόμνησιν
887 5049 1067 5101 αὐτῶν
1109 5052 1346 5118 λέγεται,
1410 5057 1499 5107 καὶ
1533 5057 1598 5108 τὰ.
1647 5057 1782 5125 πρὸς

219 5135 438 5197 ἔνδειξιν
461 5137 554 5188 τού
586 5137 929 5206 ἀνθρωπίνου
954 5142 1047 5192 τοῦ
1070 5145 1250 5196 κοινοῦ
1282 5147 1563 5209 δεσπότου,
1596 5150 1679 5210 τίς
1717 5149 1782 5202 ἂν

220 5226 427 5280 δύναιτο
470 5231 831 5298 καταλέγεινς
871 5236 1006 5304 Φαίη
1043 5235 1125 5297 τίς
1158 5237 1224 5289 ἂν
1271 5239 1430 5307 σορὸν
1468 5241 1636 5306 ἁγίων
1671 5241 1781 5293 λει-

219 5317 417 5386 quive-iv,
469 5320 895 5390 ἢάγιασμάτων
929 5326 1201 5396 θησαυρὸν
1251 5329 1433 5391 ἁπλῶς
1487 5327 1624 5383 εἶναι
1682 5334 1780 5401 τὴν

220 5410 386 5462 πόλιν.
443 5411 594 5462 Ὤαθ⁹
638 5415 772 5481 ὅπερ
822 5415 1045 5479 ἐκεῖνος,
1085 5410 1145 5469 οὗ
1184 5419 1304 5470 κατ’
1334 5420 1504 5489 ἀρχὰς
1537 5424 1777 5493 ἐμεμνή-

224 5513 342 5563 μην,
379 5497 500 5552 εἷπε
531 5502 669 5567 τότε,
699 5504 1034 5576 δικαιότερον
1063 5511 1153 5561 ἐπὶ
1193 5509 1302 5561 τῶν
1336 5511 1543 5579 καιρῶν
1574 5513 1779 5565 τούτων

223 5589 439 5654 αὖραινοῦ
485 5595 645 5662 μέρος
697 5599 929 5668 ρηθῆναι
970 5600 1229 5656 δύνασθαι
1276 5604 1360 5656 διὰ
1402 5606 1620 5666 τούτους
1656 5607 1780 5666 τοὺς

225 5680 578 5745 ἐνοικοῦντας.

1889 4691 2183 4744 immundis
2246 4703 2561 4745 sanctorum
2606 4692 2770 4755 mdes.
2811 4701 2863 4744 et
2896 4708 2958 4745 ex
3013 4691 3154 4746 fanis
3209 4691 3478 4746 idolorum

1886 4782 1998 4836 veri
2028 4782 2276 4837 Numinis
2307 4784 2504 4851 templa
2571 4784 2783 4838 ﬁerent.
2824 4784 2967 4849 Quot
3025 4786 3168 4838 enim
3203 4785 3479 4853 apostolo-

1884 4891 2004 4928 rum
2048 4875 2242 4943 templa
2293 4877 2471 4929 sunt?
2527 4886 2657 4943 quot
2689 4877 3038 4946 martyrum?
3087 4886 3216 4943 quot
3251 4885 3476 4939 sancto_

1885 4985 2003 5021 rum
2042 4978 2090 5021 et
2141 4968 2462 5021 beatorum?
2503 4978 2637 5036 quot
2663 4969 2908 5021 divarum
2963 4968 3248 5020 mulierum
3292 4977 3344 5020 et
3370 4968 3478 5028 vir_

1885 5058 2106 5126 ginum?
2135 5067 2246 5112 tum
2298 5074 2422 5110 vero
2446 5074 2673 5126 corpora
2707 5059 3022 5112 eorumdem
3049 5058 3325 5122 reliquias,
3358 5057 3470 5110 sive

1884 5149 2146 5214 integras,
2201 5149 2315 5203 sive
2361 5151 2639 5216 particulis
2689 5149 2914 5208 divisas.
2967 5159 3019 5202 et
3080 5148 3342 5217 quidquid
3403 5152 3470 5201 ad

1870 5237 2123 5305 ipsorum
2167 5238 2507 5302 memoriam,
2548 5248 2600 5292 et
2655 5241 2962 5293 communis
2996 5239 3218 5292 humani
3253 5241 3468 5308 generis

1889 5327 2114 5394 gloriam
2171 5337 2655 5390 commemoratur,
2701 5329 2825 5397 quis
2876 5343 3192 5381 enumerare
3239 5328 3468 5393 poterit?

1884 5417 2024 5471 Sane
2053 5419 2397 5486 reliquiarum
2441 5430 2752 5473 sanctarum
2788 5420 3168 5481 conditorium,
3205 5429 3258 5472 et
3282 5414 3464 5471 rerum

1882 5525 2160 5562 sacrarum
2217 5510 2529 5563 thesaurum
2611 5511 2749 5563 hanc
2806 5511 2993 5564 urbem
3044 5509 3228 5578 paucis
3281 5508 3462 5563 verbis

1881 5602 2003 5669 quis
2036 5601 2352 5668 appellaret.
2410 5598 2478 5654 Ut
2507 5601 2650 5670 quod
2679 5603 2786 5663 ille,
2843 5602 2998 5669 cujus
3027 5600 3180 5654 initio
3214 5600 3460 5664 memini,

1885 5701 1996 5745 tum
2033 5692 2190 5757 dixit,
2223 5694 2272 5746 id
2327 5695 2533 5748 meliori
2577 5695 2700 5764 jure
2755 5695 2905 5750 hisce
2970 5695 3300 5763 temporibus
3350 5692 3460 5755 diei

1881 5792 2064 5849 queat,
2097 5800 2212 5839 eam
2246 5783 2363 5840 cmli
2400 5795 2604 5853 partem
2652 5801 2773 5842 esse
2821 5789 2891 5842 ob
2947 5783 3256 5856 hujusmodi
3297 5782 3453 5839 inco-

1883 5876 1981 5928 las.
