4202 6444
260 462 336 524 33
1304 459 1672 519 EPIS’I‘OLA
1712 460 1813 519 AD
1860 459 2211 520 JOANNEM
2255 459 2409 520 IMP.
3417 454 3484 521 Μ

257 566 496 637 ἔχοντες,
552 567 816 636 σύμϐολον
848 565 945 636 τῆς
984 565 1265 633 δυνάμεως
1314 566 1408 619 τοῦ
1452 569 1683 635 δεσμεῖν,
1729 568 1822 617 καὶ
1852 573 1892 625 Α

1852 573 1892 625 Α
1925 567 2094 633 patria
2130 567 2369 633 ipsorum
2397 564 2648 635 plurimis
2684 564 2983 633 incognita.
3024 565 3240 633 pristini
3269 566 3484 621 decoris

253 659 427 724 λύειν,
475 661 570 712 καὶ
599 658 867 727 σύμϐολον
923 661 1021 726 τῆς
1053 659 1256 725 ἰσχύος,
1287 658 1381 709 καὶ⁸
1425 657 1579 722 ἀξίας
1608 656 1704 708 τοῦ
1727 658 1814 707 δε-

1920 656 2051 710 ﬂore
2084 656 2305 721 amisso,
2346 656 2542 725 passim
2582 656 2816 724 collapsa
2862 656 3065 724 jacent.
3128 657 3330 710 Horum
3388 671 3483 711 au-

254 751 509 812 δωκότος.
564 751 670 802 Καὶ
697 750 766 802 τὰ
800 749 897 819 μιν
950 748 1045 801 τοῦ
1074 749 1249 817 δήμου
1295 748 1403 800 τῶν
1438 746 1746 816 Ῥωμαίων,
1776 744 1808 815 ἢ

1682 744 1808 815 ›ν,ἢ
1916 752 2024 799 tem
2055 744 2248 799 ﬂorent
2286 745 2572 815 vigentque
2610 761 2702 814 per
2757 748 2943 800 orbem
3006 745 3341 799 universum.

255 841 325 891 τά
372 840 596 892 Ἰουλίου
650 840 947 909 Καίσαρος,
985 839 1018 909 ἢ
1069 838 1399 906 Αὐγούστου,
1450 838 1828 909 ῆούτινοσούν
1860 837 2043 901 ἄλλου,
2077 837 2352 890 κάνταῦθα
2392 839 2485 890 ἐπὶ
2523 839 2618 906 τῆς
2653 838 2831 892 αὐτῶν
2880 839 3137 907 πατρίδος
3208 838 3313 891 ὑπὸ
3374 838 3483 890 τῶν

258 932 526 985 πλείστων
588 931 923 1002 ἀγνοούμενα
980 933 1267 1002 ἀπήνθηκε
1344 932 1653 1003 πανταχοῦ,
1713 934 1809 986 καὶ
1838 930 2230 1003 suspensa-ra:
2310 932 2367 985 δέ
2432 932 2634 985 τούτων
2661 932 2750 985 διὰ
2782 933 2961 1002 πάσης
2997 935 3095 1001 τῆς
3165 931 3485 1002 οἰκουμένης

257 1025 410 1076 ἀνθεῖ
434 1024 526 1076 καὶ
553 1024 756 1079 θάλλει.

328 1116 628 1184 Μιμνημαι
676 1115 734 1167 δέ
779 1117 879 1185 τῆς
919 1116 977 1168 ἐν
1018 1114 1278 1185 Δονδινίῳ
1333 1116 1431 1185 τῆς
1478 1117 1813 1186 Βρετανικῆς

258 1207 348 1258 ἐπ’
377 1198 547 1275 αὐτῆς
571 1205 671 1274 τῆς
702 1206 808 1270 ἐξω
838 1205 1126 1275 θαλάττης,
1160 1209 1254 1259 καὶ
1279 1208 1813 1278 ὼκεανοῦ,δεύτερον

258 1297 378 1356 ετος
420 1296 570 1348 τουτὶ
604 1296 760 1364 ἐμοῦ,
795 1295 890 1349 καὶ
940 1296 1050 1348 τῶν
1085 1297 1184 1350 σὺν
1213 1298 1339 1365 ἐμοὶ
1385 1300 1685 1369 παρόντων,
1724 1299 1817 1351 καὶ

258 1387 551 1456 θεωμένων
568 1388 867 1457 γενομένης
897 1387 1080 1450 αὐτοῖς
1099 1389 1321 1458 πομπῆς
1348 1389 1436 1441 καὶ
1458 1390 1818 1459 πανηγύρεως

258 1479 414 1547 παρὰ
450 1476 560 1530 τῶν
601 1479 732 1531 ἐκεῖ.
766 1476 1020 1546 Καίσαρα
1068 1477 1123 1529 δέ
1157 1478 1248 1531 τδν
1280 1478 1508 1547 πρώτως
1539 1479 1821 1545 ὑπαγαγό-

261 1586 425 1637 μενον
443 1569 660 1633 αὐτοὺς,
680 1569 773 1622 καὶ
800 1561 862 1621 οὖ
894 1567 1125 1636 φρούρια
1156 1568 1237 1621 ἐτι
1260 1570 1354 1622 καὶ
1385 1570 1480 1623 νῦν
1511 1570 1659 1624 ἐστιν
1680 1572 1818 1633 ἐκεῖ,

1992 1111 2055 1166 Ει
2086 1114 2346 1167 memoria
2381 1112 2470 1167 hic
2494 1125 2675 1183 repeto
2731 1131 2979 1184 pompam
3008 1126 3059 1170 et
3107 1117 3347 1171 solemne
3400 1115 3480 1169 fe-

1920 1213 2086 1263 stum.
2114 1204 2256 1271 quod
2287 1203 2514 1259 Londini
2548 1207 2600 1260 in
2628 1206 2929 1272 Britannia,
2961 1206 3129 1276 ipsius
3145 1207 3350 1261 externi
3372 1222 3457 1260 tua

1922 1294 1998 1347 ris
2024 1294 2319 1358 oceanique
2342 1294 2536 1359 insula,
2563 1307 2685 1349 ante
2720 1296 3023 1359 biennium,
3078 1312 3163 1351 me
3212 1312 3274 1351 ac
3319 1300 3486 1351 comi-

1925 1390 2038 1435 tatu
2064 1399 2184 1437 meo
2212 1398 2474 1454 pt'a‘smle
2499 1396 2556 1439 et
2584 1396 2879 1453 spectante,
2912 1388 2979 1441 ab
3010 1388 3131 1456 ejus
3160 1389 3265 1442 loci
3294 1388 3488 1444 incolis

1927 1474 2073 1527 hisce
2102 1476 2365 1543 apostolis
2424 1475 2821 1531 celebrabatur.
2890 1478 3154 1532 Caesarem
3211 1494 3341 1534 vero
3393 1482 3486 1548 qui

1925 1562 2134 1630 primus
2157 1577 2252 1617 eos
2287 1563 2521 1633 subegit,
2545 1572 2599 1618 et
2629 1566 2785 1633 cujus
2808 1567 3031 1620 castella
3056 1567 3236 1622 adhuc
3280 1569 3484 1623 ibidem

259 1660 321 1711 τὸ
359 1660 457 1729 μὲν
481 1660 571 1711 ἐπὶ
598 1658 698 1727 τῆς
740 1658 1062 1721 διαϐάσεως,
1099 1658 1159 1712 τδ
1191 1660 1247 1712 δέ
1291 1660 1380 1714 ἐπ’
1411 1660 1571 1715 αὑτοῦ
1605 1660 1697 1715 τοῦ
1735 1663 1823 1714 τό-

1921 1658 2159 1714 exstant,
2188 1652 2413 1706 alterum
2440 1654 2659 1722 quidem
2693 1656 2758 1709 ad
2791 1656 3096 1725 trajectum.
3142 1659 3371 1714 alterum
3399 1678 3486 1716 ve-

258 1770 389 1817 που,
423 1751 695 1820 ἀγνοοῦσι.
738 1751 847 1804 Καὶ
870 1751 1044 1816 ἔγωγε
1078 1747 1253 1820 οἶμαι,
1282 1752 1374 1804 καὶ
1405 1755 1588 1806 ἐκεῖνα
1619 1755 1819 1816 πάντα,

1923 1756 1985 1795 ro
2014 1741 2161 1795 dicto
2193 1742 2386 1798 inloco
2442 1744 2710 1815 ignorant.
2747 1747 2923 1815 Atque
2959 1763 3056 1817 ego
3097 1750 3317 1817 quidem
3375 1753 3486 1805 exi.

260 1849 359 1899 καὶ
387 1845 484 1912 τὴν
512 1845 611 1911 τῆς
640 1841 856 1911 Ῥώμης
880 1844 1075 1912 ἀρχὴν,
1109 1844 1202 1895 καὶ
1222 1843 1321 1912 τὴν
1352 1842 1459 1896 τῶν
1490 1844 1821 1913 αύτοκρατό-
1859 1909 1885 1913 Α

1922 1834 2084 1887 stimo
2102 1844 2157 1886 et
2185 1835 2283 1887 ista
2302 1836 2505 1901 omnia,
2524 1846 2576 1890 et
2596 1836 2897 1892 Romanum
2924 1841 3230 1909 imperium,
3250 1853 3305 1895 et
3324 1845 3486 1911 impe-

266 1952 377 2001 ρων
408 1909 703 2003 μοναρχίαν
884 1909 1204 2001 ἠγεμονίαν,
1236 1909 1333 1985 καὶ
1375 1933 1474 2003 τὴν
1520 1934 1628 1988 τῶν
1654 1909 1823 1988 ἐθνῶν
1857 1909 1897 1964 Β

1857 1909 1897 1964 Β
1929 1934 2166 1977 ratorum
2198 1927 2568 1980 monart-biam
2588 1942 2650 1981 ac
2715 1930 3098 1997 principatum,
3138 1935 3487 2001 gentiumque

263 2024 512 2091 ὑπακοὴν
526 2023 614 2076 διά
632 2023 805 2075 ταῦτα
829 2022 1134 2090 γεγονέναι.
1158 2023 1245 2075 ῐνα
1266 2022 1440 2077 ταῦτα
1454 2025 1819 2097 ἀκολουθήσῃ.

263 2112 331 2166 Τί
365 2115 420 2167 δὲ
450 2115 552 2181 χρὴ
585 2113 685 2181 τὴν
712 2114 867 2176 ἀξίαν
895 2114 999 2165 τῶν
1029 2114 1345 2167 ἀποστόλων
1380 2117 1473 2167 καὶ
1503 2115 1601 2186 τὴν
1629 2116 1825 2170 ἀπονε-

267 2204 511 2272 μομένην
537 2204 718 2265 αὐτοῖς
749 2202 1052 2265 εὐλάϐειαν,
1089 2205 1181 2256 καὶ
1205 2203 1372 2273 τιμὴν
1397 2205 1454 2256 ἐν
1475 2206 1657 2268 αύτοῑς
1686 2208 1828 2260 ἐκεί-

262 2311 405 2355 νοις,
432 2294 529 2345 καὶ
555 2296 665 2355 τοῖς
707 2292 945 2361 σώμασι,
997 2294 1089 2345 καὶ
1122 2296 1237 2355 τοῖς
1268 2293 1457 2361 τάφοις
1496 2295 1675 2349 αὐτῶν
1706 2300 1829 2350 θαυ-

266 2384 465 2450 μάζειν
514 2384 608 2435 καὶ
670 2384 840 2454 ὸρᾷνς
878 2383 1095 2448 Ἔξεστι
1128 2386 1235 2450 γάρ
1275 2386 1430 2438 τοῦτο
1454 2388 1586 2458 δρᾷν
1614 2405 1672 2440 τε
1733 2392 1829 2444 καὶ

264 2473 595 2541 θαυμάζειν,
626 2474 720 2525 καὶ
752 2475 844 2527 ἐπὶ
878 2474 975 2543 τῆς
1009 2475 1179 2545 ἀρχῆς
1220 2476 1314 2543 τῆς
1346 2478 1690 2548 Ἐκκλησίας,
1735 2484 1829 2534 καὶ

264 2568 360 2616 ἐπὶ
390 2568 501 2626 τοῖς
546 2565 851 2628 πολλοστοῖς
892 2564 1009 2631 μετ’
1044 2567 1287 2625 ἐκείνους
1316 2568 1385 2620 δι’
1410 2569 1606 2632 αύτούς
1632 2587 1644 2602 ο
1674 2566 1827 2641 οἶμαι

264 2660 387 2723 γὰρ
423 2656 689 2723 μηδέπθτε
726 2656 818 2706 ἐπὶ
859 2655 957 2722 τῆς
988 2656 1164 2723 ἀρχῆς
1201 2656 1299 2724 τῆς
1335 2658 1556 2729 Ῥώμης
1595 2663 1825 2732 ἐκείνης,

266 2747 412 2811 λέγω
447 2746 547 2811 τῆς
595 2746 849 2808 παλαιᾶς,
886 2747 1122 2798 τοσαῦτα
1158 2747 1501 2817 θεσπίσματα
1536 2752 1639 2803 τῶν
1669 2754 1828 2806 αύτομ

269 2837 559 2904 κρατόρων
611 2836 856 2896 ἐκείνων,
892 2838 983 2888 καὶ
1018 2836 1113 2888 τοῦ
1144 2838 1316 2906 δήμου
1352 2842 1443 2892 καὶ
1489 2843 1585 2911 τῆς
1617 2843 1829 2911 βουλῆς,

271 2926 370 2976 καὶ
418 2926 503 2977 διὰ
550 2928 805 2979 τοσούτου
863 2932 1060 2997 μέρους
1101 2930 1201 3000 τῆς
1235 2934 1559 3003 οἰκουμένης
1620 2939 1829 3007 φοιτᾷν,

270 3017 371 3066 ὅσα
401 3016 496 3068 καὶ¹
539 3018 739 3086 ὁσαχοῦ
798 3018 891 3071 νῦν
927 3022 1071 3089 παρὰ
1103 3023 1199 3090 τῆς
1234 3024 1581 3092 Ἐκκλησίας.
1611 3018 1737 3079 Εἰσὶ
1774 3029 1831 3081 δὲ

266 3107 317 3156 οἱ
353 3104 702 3168 θεσπίζσντες
735 3106 822 3158 ἀεὶ
872 3109 963 3159 καὶ
994 3110 1041 3158 οί
1088 3112 1251 3179 κύρια
1289 3111 1569 3175 ποιοῦντες
1596 3115 1683 3166 διὰ
1726 3117 1831 3169 τῶν

1927 2014 2313 2082 subiectionem
2376 2028 2657 2087 propterea
2690 2021 2989 2084 exstitisse,
3039 2034 3096 2075 ttt
3130 2024 3240 2077 haec
3289 2025 3412 2078 dein
3442 2032 3487 2080 'e

1926 2118 2298 2175 sequerentur.
2320 2108 2459 2175 Quid
2482 2126 2609 2164 vero
2626 2113 2991 2180 apostolorum
3014 2115 3237 2183 gloriam
3257 2126 3311 2170 et
3329 2133 3488 2170 vcue-

1928 2199 2192 2251 rationem
2215 2210 2375 2267 atque
2395 2201 2655 2253 honorem
2678 2201 2728 2255 in
2761 2202 2893 2271 ipsis
2918 2206 3234 2265 corporibus
3276 2221 3489 2259 eorum-

1930 2303 2035 2355 que
2061 2292 2324 2357 sepulcris
2350 2291 2428 2345 eis
2451 2291 2748 2345 exbibitum
2772 2292 3029 2346 admirari
3054 2304 3105 2346 et
3129 2297 3485 2365 contemplari

1928 2378 2117 2432 attinet
2144 2381 2166 2433 ?
2192 2380 2250 2433 ιιι
2281 2381 2422 2433 enim
2450 2396 2512 2434 ex
2541 2382 2766 2449 imperio
2793 2390 2842 2435 et
2880 2384 3182 2451 principatu
3210 2385 3485 2451 Ecclesiae,

1928 2477 1981 2521 et
2007 2478 2223 2538 propter
2248 2471 2523 2539 principes
2549 2472 2778 2525 ltoscein
2810 2473 2965 2542 longa
2988 2490 3365 2531 successorum
3392 2494 3485 2532 se.

1938 2563 2014 2615 rie
2063 2562 2241 2615 videre
2306 2571 2360 2617 et
2414 2563 2668 2616 admirari
2733 2565 2875 2618 licet.
2931 2566 3281 2636 Nequaquam
3343 2572 3485 2626 enim

1931 2653 2032 2704 Sub
2068 2652 2295 2720 imperio
2349 2654 2541 2706 veteris
2589 2653 2733 2708 illius
2790 2655 2971 2709 Horme
2998 2668 3072 2712 tot
3102 2659 3485 2729 imperatovum

1931 2744 2126 2805 edicta,
2150 2752 2224 2794 tot
2257 2742 2539 2808 plebiscita
2563 2752 2613 2796 et
2640 2748 3113 2802 senatusconsulta
3142 2766 3235 2817 per
3285 2761 3483 2805 tantam

1932 2834 2082 2885 Orbis
2119 2846 2389 2888 terrarum
2442 2846 2647 2901 partem
2713 2838 2981 2902 prodiisse
3030 2842 3302 2906 existima,
3356 2856 3488 2913 quot

1936 2938 2076 2974 nunc
2110 2924 2266 2991 longe
2300 2924 2511 2993 lateque
2534 2925 2601 2978 ab
2636 2924 2868 2979 Ecclesia
2892 2930 3156 2994 prodeunt
3180 2932 3275 2984 .Ea
3307 2944 3485 2987 autem

1935 3026 2147 3078 semper
2210 3014 2498 3081 obsignant
2549 3024 2602 3068 et
2647 3015 2965 3068 conﬁrmant
3019 3019 3315 3087 sigillorum
3367 3022 3488 3077 loco

1934 3102 2135 3171 efﬁgies
2162 3114 2215 3158 et
2241 3105 2412 3171 capita
2441 3104 2583 3158 Petri
2612 3117 2661 3158 et
2692 3106 2872 3171 Pauli;
2908 3110 2998 3175 qui
3030 3111 3210 3165 dicere
3246 3114 3351 3180 iam
3374 3130 3492 3169 ain-

274 3195 585 3262 σφραγίδων
610 3197 769 3260 αὐτὰ,
800 3198 854 3249 ai
886 3198 1111 3262 εἰκόνες,
1147 3200 1240 3252 καὶ
1271 3202 1326 3252 ai
1354 3203 1588 3270 κεφαλαὶ
1618 3206 1829 3276 Πέτρου
1862 3233 1904 3291 C

1823 3229 1829 3259 ,
1862 3233 1904 3291 C
1938 3196 2076 3261 plius
2108 3209 2380 3263 nequeunt
2412 3215 2425 3250 :
2462 3197 2745 3267 Argentum
2769 3210 2816 3252 et
2836 3217 3025 3253 aurum
3046 3220 3143 3256 non
3168 3214 3243 3256 est
3264 3208 3388 3257 milii
3412 3208 3482 3260 ί.»

272 3288 367 3336 καὶ
405 3284 638 3347 Παύλου,
662 3289 854 3367 ,οὐκέτι
875 3288 1188 3355 δυναμένων
1216 3291 1394 3359 λέγειν
1418 3310 1431 3325 ο
1479 3295 1773 3364 Ἀργύριον
1795 3301 1832 3367 ἢ
1870 3284 1904 3291 ν

1829 3322 1832 3343 ,
1870 3284 1904 3291 '
1938 3287 2071 3351 Quis
2115 3301 2241 3339 vero
2290 3304 2420 3355 opes
2449 3290 2515 3341 ab
2551 3291 2683 3356 ipsis
2725 3294 2953 3345 collatas
2976 3308 3299 3349 enumerare
3341 3308 3488 3365 poti--

272 3376 536 3441 χρυσίον
559 3355 674 3427 οῠιέ
690 3377 822 3431 ἐστι
847 3394 967 3445 μοι.
991 3379 1084 3437 Τίς
1112 3379 1154 3431 δ’
1178 3381 1242 3433 ἂν
1266 3355 1589 3451 aptemus};
1620 3355 1684 3438 τὰ
1708 3355 1834 3459 παρζ

272 3467 457 3517 αὐτῶν
486 3459 741 3535 διδόμενα
768 3487 781 3532 ;
830 3470 972 3531 Δοίξω
1022 3471 1120 3539 μὲν
1158 3473 1287 3533 ίσως
1316 3475 1427 3525 τισὶ
1456 3477 1635 3541 λέγειν
1669 3479 1833 3549 ὕπερ-

271 3553 467 3618 6ολὰς,
489 3550 642 3624 οἶμαι
664 3556 716 3607 δέ
758 3558 1115 3620 συνελθούσας
1156 3561 1291 3628 ὁμοῦ
1324 3564 1504 3627 πάσας
1538 3570 1635 3629 τὰς
1662 3571 1834 3635 ἐγνω-

275 3646 481 3711 σμένας
514 3647 645 3715 ἡμῖν
666 3648 839 3715 ἀρχὰς
871 3649 933 3699 ἐκ
974 3648 1084 3701 τῶν
1117 3650 1612 3724 ἀπονενεμημένων
1650 3662 1835 3723 αὐταῖς

271 3731 329 3792 ἐξ
374 3732 549 3793 ἔτους,
602 3736 692 3783 καὶ
726 3733 761 3785 ἃ
797 3732 971 3802 κύριοι
1018 3737 1157 3788 κατά
1214 3739 1378 3807 νόμον
1423 3742 1717 3813 διανέμειν,
1760 3750 1832 3818 μὴ

270 3821 510 3873 τοσαῦτα
536 3822 716 3874 δοῦναι
739 3823 1016 3876 δύνασθαι.
1053 3828 1267 3881 Διδόασι
1297 3831 1353 3883 δὲ
1383 3835 1550 3885 ταῦτα
1576 3838 1603 3887 6
1636 3838 1835 3906 Πέτρος

271 3914 366 3961 καὶ
398 3912 425 3960 6
453 3910 679 3973 Παῦλος.
715 3915 823 3965 Καὶ
852 3916 1063 3983 ἀνάγκη
1095 3916 1150 3968 δέ
1179 3919 1345 3971 ταῦτα
1377 3921 1575 3975 διδόναι
1598 3941 1612 3957 ’
1638 3928 1749 3977 οὐδ’
1767 3929 1832 3981 ἂν

270 4001 460 4049 ἐκεῖνα
505 4005 828 4068 κατασχοῖεν
888 4006 1096 4066 ἐαυιοῖς
1153 4008 1201 4058 οἱ
1258 4010 1430 4062 ταῦτα
1482 4013 1827 4078 διαδιδόντες.

282 4088 524 4158 Ἀνάγκη
552 4090 608 4142 δὲ
655 4094 748 4143 καὶ
780 4095 892 4155 τοῖς
941 4095 1048 4146 ἀπὸ
1085 4097 1291 4166 Πέτρου
1329 4101 1420 4152 καὶ
1474 4103 1705 4168 Παύλου,
1738 4108 1831 4159 καὶ

273 4178 366 4230 τοῦ
415 4180 613 4249 κλήρου
645 4180 850 4234 τούτων
883 4185 1180 4255 διανέμειν.
1213 4184 1405 4244 Καΐοῖ
1431 4208 1488 4244 τε
1523 4194 1828 4262 λαμϐάνον-

273 4287 362 4331 τες
391 4270 605 4323 δοκοῦσι
649 4276 797 4342 παρὰ
822 4274 1096 4328 δεσποτῶν
1125 4278 1454 4348 λαμϐάνειν·
1483 4285 1537 4337 οἵ
1565 4302 1623 4337 τε
1668 4285 1832 4338 διδόν-

273 4375 367 4419 τες
402 4358 551 4413 ὠσάν
576 4360 757 4429 κύριοι
796 4362 1047 4417 διδόασιν.
1084 4367 1239 4418 Ἐστι
1267 4368 1323 4421 δέ
1354 4371 1529 4433 οὐδεὶς
1566 4374 1593 4423 6
1623 4374 1830 4425 ἀντιλέ-

273 4464 411 4513 γων,
441 4449 577 4518 πλὴν
602 4450 657 4502 ετ
682 4469 823 4513 τινες
854 4460 992 4505 κατά
1020 4456 1079 4507 τὸ
1104 4456 1367 4526 δεδόσθαι,
1398 4462 1428 4529 ἢ
1459 4463 1532 4531 μὴ
1561 4464 1824 4527 δεδόσθαι,
1848 4516 1855 4523 ,

1938 3378 2005 3428 rit
2033 3376 2054 3428 ?
2083 3374 2321 3429 Videbor
2373 3375 2511 3430 forte
2548 3380 2822 3431 nonnullis
2866 3395 2977 3434 rem
3030 3383 3253 3436 nimium
3308 3388 3488 3441 verbis

1935 3468 2190 3520 extollere
2224 3485 2236 3519 :
2271 3476 2397 3536 puto
2424 3480 2598 3521 tamen
2631 3484 2816 3523 omnes
2840 3473 2985 3525 orbis
3007 3475 3300 3543 principes,
3324 3489 3485 3545 quot-

1936 3569 2065 3625 quot
2098 3560 2161 3610 ad
2185 3568 2424 3613 nostram
2464 3561 2713 3613 notitiam
2756 3568 3487 3636 pervenere,simuljunctus

1935 3662 1997 3698 ex
2015 3648 2291 3699 consuetis
2318 3648 2434 3700 Suis
2463 3649 2719 3703 reditibus
2741 3655 3022 3722 bonisque,
3044 3672 3274 3723 quorum
3302 3660 3488 3711 distri-

1937 3735 2271 3789 liuendorutn
2297 3740 2669 3807 potestasjure
2689 3741 2754 3793 ad
2776 3742 2920 3809 ipsos
2946 3754 3173 3812 spectat,
3200 3763 3304 3800 non
3327 3764 3488 3817 posse

1936 3834 2138 3877 tantum
2174 3828 2443 3882 conferre.
2489 3828 2791 3883 Conferuut
2825 3842 3003 3886 autem
3036 3834 3147 3889 luce
3196 3836 3385 3891 Petrus
3432 3850 3487 3893 et

1938 3916 2133 3970 Paulus
2169 3936 2181 3969 :
2216 3930 2265 3971 et
2295 3919 2543 3972 conferre
2578 3936 2862 3976 necessum
2933 3936 3017 3978 est
3053 3944 3064 3979 :
3121 3943 3219 3981 nec
3267 3946 3486 3986 servate

1934 4009 2033 4058 sibi
2070 4008 2263 4059 \‘t'iielll
2296 4012 2385 4075 qui
2412 4025 2471 4061 ea
2497 4013 2803 4065 conferunt.
2829 4014 3121 4069 Necessum
3168 4030 3345 4072 autem
3400 4033 3484 4076 est

1934 4097 2073 4149 Petri
2101 4109 2148 4151 et
2180 4100 2329 4152 Pauli
2360 4117 2708 4157 successores
2756 4120 3053 4176 eorumque
3082 4111 3336 4166 familiam
3370 4113 3484 4169 lttrc

1932 4187 2280 4244 distribuere.
2312 4190 2375 4242 Et
2401 4193 2489 4260 qui
2514 4207 2575 4245 ea
2612 4196 2905 4263 accipiunt,
2930 4207 3225 4268 tauquama
3247 4202 3483 4260 dominis

1932 4280 2179 4345 accipere
2206 4279 2451 4332 tidentur
2486 4298 2499 4333 :
2530 4282 2870 4339 conferentes
2889 4298 3066 4341 autem
3100 4299 3355 4359 tanquam
3392 4298 3486 4349 ilo-

1933 4368 2059 4419 tttini
2097 4367 2407 4424 ccttfet'ttttt.
2463 4370 2573 4424 Nec
2614 4374 2900 4441 quisquam
2943 4380 3269 4434 contradicit
3320 4406 3333 4437 :
3377 4386 3485 4440 nisi

1931 4459 2072 4526 quod
2106 4463 2434 4514 nonuullide
2466 4474 2688 4517 rataaut
2713 4466 2865 4519 irrita
2917 4467 3201 4524 collatione
3246 4473 3479 4529 invicem

270 4544 365 4590 καὶ
396 4540 500 4596 τίνι
534 4540 776 4593 δεδόσθαι
803 4543 1054 4613 ἀλλήλοις
1083 4547 1500 4618 ἀμφισσητοίεν.
1536 4555 1640 4607 Καὶ
1667 4556 1825 4608 τοῦτο
1863 4548 1904 4601 ί)

1823 4585 1825 4600 .
1863 4548 1904 4601 D
1935 4548 2158 4613 litigent.
2194 4546 2256 4599 Et
2280 4549 2379 4601 hoc
2403 4551 2572 4617 ipsum
2612 4567 2796 4606 rursus
2830 4555 2949 4607 illos
2979 4556 3482 4623 dijudicare,etro-

264 4629 325 4679 δὲ
358 4631 491 4681 αὐτὸ
520 4630 587 4681 δι’
615 4632 855 4696 ἐκείνους
889 4632 1043 4698 αὖθις
1069 4637 1388 4709 ἐπικρίνειν,
1429 4644 1521 4694 καὶ
1549 4644 1655 4695 τῶν
1681 4663 1829 4713 γενο-

270 4720 456 4782 μένων
483 4722 610 4789 παρ’
637 4722 815 4775 αὐτῶν
841 4725 1034 4788 αὐτοὺς
1062 4722 1201 4780 εἶναι
1232 4731 1422 4798 κριτὰς
1458 4735 1545 4783 καὶ
1569 4736 1791 4803 ὁριστὰς
1808 4754 1822 4768 ·

270 4811 532 4873 πολλάκις
566 4813 620 4864 δέ
652 4816 744 4865 καὶ
773 4814 881 4865 τῶν
930 4817 1060 4885 παρ’
1091 4818 1265 4871 ἄλλων
1298 4824 1594 4890 γινομένων
1621 4828 1699 4888 εἰς
1730 4829 1826 4879 αύ-

268 4902 400 4960 τοὺς
431 4900 531 4970 τὴν
562 4901 749 4967 ἔφεσιν
776 4904 1093 4959 διαϐαίνειν.
1124 4908 1191 4960 Τί
1220 4908 1276 4961 δέ
1311 4911 1407 4972 τὰς
1452 4920 1825 4982 πνευματικὰς

268 4992 468 5052 δόσεις.
499 4994 551 5045 τί
578 4993 635 5047 δέ
654 4996 778 5057 τοὺς
800 4996 906 5047 τῶν
932 4996 1114 5063 φυλῶν
1144 5001 1362 5067 κριτάς;
1391 5002 1544 5055 Ἐστι
1570 5008 1675 5073 γὰρ
1698 5010 1830 5078 όρᾷν

270 5082 418 5133 κατὰ
444 5082 696 5149 γλώσσας
731 5086 825 5139 ἐπὶ
852 5086 943 5138 τοῦ
974 5088 1101 5140 ναοῦ
1139 5089 1247 5140 τῶν
1274 5092 1584 5145 ἀποστόλων
1600 5098 1830 5153 ἐνταῦθα

273 5172 379 5239 μέν
414 5172 728 5242 καθήμενον
760 5177 855 5229 ἐπὶ
893 5177 1083 5245 θρόνου
1128 5178 1217 5231 τὸν
1250 5162 1513 5235 ἀκούοντα
1563 5190 1686 5249 τοὺς
1722 5192 1825 5244 ἀπὸ

270 5265 381 5316 τῶν
426 5265 770 5333 Βρετανικῶν
815 5269 993 5336 νήσων
1046 5269 1133 5323 ἐπ’
1175 5272 1324 5340 αὐτῷ
1373 5274 1543 5344 τούτῳ
1595 5278 1825 5347 ἥκοντας

269 5354 795 5423 ἐξομολογουμένους
813 5374 828 5389 ⁸
854 5359 1086 5411 ἐνταῦθα
1114 5360 1170 5412 δέ
1199 5362 1289 5413 τὸν
1314 5365 1434 5425 τοὺς
1467 5367 1570 5417 ἀπ’)
1587 5368 1821 5438 Ἰδηρίας

269 5444 303 5513 ἢ
336 5445 604 5509 Γαλατίας
626 5462 640 5477 ⁸
681 5447 799 5499 ἐκεῖ
819 5448 876 5501 δέ
902 5450 991 5501 τὸν
1023 5451 1149 5513 τοὺς
1180 5452 1287 5503 ἀπὸ
1312 5455 1621 5522 Δαλματίας
1647 5460 1678 5527 ἢ
1718 5462 1820 5510 Δα-

268 5536 396 5596 κίας
418 5550 433 5565 ⁸
466 5536 665 5598 αὐτοὺς
693 5536 750 5589 δὲ
786 5539 877 5590 ἐπὶ
924 5540 1032 5592 τῶν
1063 5540 1217 5604 ὁδῶν,
1259 5542 1289 5610 ῆ
1328 5544 1419 5594 ἐπὶ
1465 5546 1563 5612 τῆς
1594 5548 1815 5613 πόλεως,

268 5625 301 5691 ἦ
332 5626 423 5676 ἐπὶ
455 5626 550 5694 τῆς
574 5628 866 5697 ἐκκλησίας
892 5634 1202 5700 συμμιγεῖς,
1237 5632 1424 5696 ἄλλους
1446 5636 1613 5705 ἄλλην
1638 5641 1818 5708 φωνην

348 5806 362 5834 ¹
401 5806 515 5857 Act.
554 5819 636 5866 ut,
670 5807 721 5859 ϐ.

1932 4652 2048 4689 rum
2071 4652 2188 4705 qum
2218 4639 2315 4706 ipsi
2351 4639 2770 4708 fecere,jutlices
2792 4658 2852 4695 ac
2872 4645 3178 4700 definitores
3192 4662 3311 4703 esse
3328 4666 3483 4718 opor-

1932 4738 2042 4793 tet;
2073 4731 2269 4797 sapius
2305 4739 2484 4783 autem
2522 4734 2669 4786 etab
2712 4734 2777 4788 iis
2829 4750 2949 4803 quae
2999 4737 3090 4789 alii
3127 4743 3479 4810 constituere,

1932 4824 2363 4889 provocationem
2400 4825 2465 4877 ad
2508 4838 2602 4877 eos
2642 4826 2777 4880 ﬁeri.
2807 4825 2943 4891 Quid
2971 4836 3148 4882 autem
3166 4832 3479 4897 spirituales

1929 4913 2262 4983 largitiones,
2297 4916 2425 4982 quid
2454 4917 2735 4968 nationum
2768 4917 2979 4983 iudices
2998 4932 3424 4977 commemorem
3456 4924 3478 4978 ?

1932 5003 2064 5056 Nam
2087 5005 2139 5056 in
2163 5006 2359 5073 templo
2381 5016 2689 5059 sanctorum
2710 5009 3077 5076 apostolorum
3123 5027 3221 5079 pro
3261 5013 3477 5083 lingua-

1935 5109 2051 5146 rum
2085 5094 2401 5149 diversitate
2442 5110 2661 5149 cernere
2700 5096 2822 5150 licet
2845 5098 2931 5150 hic
2952 5099 3168 5166 quidem
3196 5104 3473 5159 sedentem

1930 5185 1983 5237 in
2013 5185 2232 5247 throno,
2272 5196 2323 5238 et
2381 5188 2779 5239 auscultantetn
2838 5187 3209 5244 confessiones
3262 5208 3474 5258 eorum,

1925 5275 2015 5344 qui
2047 5290 2113 5328 ex
2142 5275 2471 5329 Britannicis
2506 5278 2696 5329 insulis
2728 5278 2869 5333 hanc
2912 5280 3081 5347 ipsam
3138 5283 3205 5333 ob
3254 5296 3475 5339 causam

1926 5377 2275 5421 accesserunt
2305 5385 2317 5420 :
2354 5368 2512 5422 isthic
2535 5384 2723 5423 eorum
2756 5372 2849 5438 qui
2879 5386 2941 5424 ex
2968 5372 3223 5439 Hispania
3251 5376 3476 5430 velGal-

1927 5456 1997 5509 lia
2028 5475 2040 5511 ;
2067 5457 2191 5510 alibi
2227 5473 2355 5511 vero
2384 5458 2553 5525 quies
2579 5459 2839 5513 Dalmatia
2871 5462 2951 5513 vel
2982 5459 3139 5513 Dacia
3181 5465 3471 5519 advenere.

1930 5548 2037 5603 Hos
2069 5559 2249 5602 autem
2284 5550 2337 5603 in
2364 5550 2574 5616 plateis,
2605 5550 2687 5602 vel
2718 5565 2812 5618 per
2832 5553 3043 5615 urbem,
3068 5553 3150 5606 vel
3174 5555 3223 5606 in
3244 5556 3475 5612 ecciesia

1927 5642 2231 5709 promiscue
2261 5640 2395 5695 alios
2426 5640 2584 5694 aliam
2617 5657 2798 5696 vocem
2856 5643 3196 5710 proferentes
3255 5647 3470 5704 audias.
