4202 6444
728 418 803 483 35
1885 415 2281 477 MANUELIS
2313 415 2851 476 CHBVSOLORJE'
3889 419 3960 480 36

726 530 998 597 Quocirca
1029 542 1136 583 non
1168 535 1298 583 tunc
1326 527 1502 582 solum
1543 529 1772 596 apostoli
1800 544 1963 596 super
1996 529 2287 584 duodecim
2318 534 2363 590 Α

2318 534 2363 590 Α
2393 532 2771 599 προϊεμένους.
2811 530 2922 583 Kal
2954 529 3055 582 οὐκ
3083 526 3192 599 ἄρα
3223 527 3317 581 ἐπὶ
3341 527 3553 583 δώδεκα
3579 529 3742 600 μόνον
3759 531 3965 602 θρόνων

730 626 961 676 thronos
986 620 1270 683 sedebant,
1297 621 1448 688 juxta
1467 618 1670 674 Christi
1689 619 2296 687 promissionem,judi-

728 720 917 766 cantes
945 710 1230 763 duodecim
1267 710 1444 764 tribus
1478 711 1642 764 Israel
1676 711 1809 764 :sed
1841 717 1896 763 et
1921 710 2024 763 hoc
2048 717 2293 778 tempore

729 804 806 857 illi
838 804 890 854 in
913 800 1097 854 multis
1130 801 1347 854 thronis
1387 799 1634 869 iudicum
1686 801 1858 853 instar
1885 801 2098 865 sedent,
2151 799 2297 868 judi-

727 905 916 946 cantes
952 893 1136 946 orbem
1190 899 1507 945 terrarum:
1557 907 1658 946 nec
1693 892 1870 945 solum
1917 892 1969 945 in
2026 891 2296 960 primitiva

726 979 993 1039 Ecclesia,
1019 979 1109 1032 sed
1134 993 1276 1032 nunc
1294 994 1510 1047 quoque
1529 994 1625 1033 sua
1646 980 1844 1049 cuique
1863 983 2042 1050 lingua
2060 981 2297 1048 loquun-

728 1081 837 1132 tur,
893 1073 963 1122 ita
988 1080 1044 1123 nt
1105 1070 1338 1137 intelligi
1371 1079 1594 1137 queant.
1623 1072 1765 1135 Quin
1793 1073 1960 1125 etiam
1988 1074 2209 1126 decreta
2244 1083 2298 1125 et

728 1161 1153 1214 constitutiones
1231 1171 1547 1214 sanctorum
1614 1164 1985 1230 apostolorum
2051 1159 2297 1231 quaq‘ua-

725 1265 967 1311 versum.
986 1252 1190 1310 utdixi.
1214 1251 1359 1304 foras
1400 1252 1667 1320 prodeunt
1691 1269 1704 1305 :
1727 1261 1780 1305 et
1805 1253 1910 1306 huc
1938 1254 2298 1321 undequaque

725 1355 834 1392 non
870 1341 1044 1392 solum
1074 1342 1370 1392 multorum
1408 1341 1643 1404 dierum,
1672 1342 1764 1395 sed
1797 1353 1851 1395 et
1886 1344 2154 1394 mensium
2212 1343 2299 1394 iti-

725 1447 856 1484 nere
909 1431 1190 1484 conlinunt
1247 1433 1465 1485 nemine
1518 1443 1907 1501 persequente,
1968 1444 2298 1488 accusantes

726 1524 1071 1590 semetipsos,
1096 1524 1237 1590 quod
1258 1522 1409 1576 Plato
1430 1524 1483 1575 in
1513 1523 1711 1591 Gorgia
1741 1538 1857 1585 eos,
1898 1523 2138 1590 quijusti
2174 1538 2301 1575 eva-

723 1613 852 1666 dere
885 1617 1131 1680 cupiunt,
1163 1613 1339 1666 facere
1365 1614 1629 1681 praecipit,
1667 1623 1725 1666 ut
1753 1613 2022 1666 sententia
2056 1615 2285 1668 istorum

725 1715 943 1772 recepta
987 1706 1285 1772 injnnctam
1343 1719 1558 1772 pennam
1614 1720 1776 1773 opere
1826 1707 2101 1774 expleant.
2154 1698 2297 1758 Niliil

724 1797 870 1848 etlim
915 1798 982 1849 de
1029 1797 1093 1849 iis
1137 1797 1399 1863 dico,qui
1455 1811 1521 1848 ex
1566 1804 1833 1863 praecepto
1885 1797 2009 1849 inde
2055 1797 2121 1848 ab
2174 1797 2299 1847 ulti-

2396 626 2517 674 τότε
2541 624 2590 675 ot
2615 621 2904 676 ἀπόστολοι
2927 621 3269 688 καθίσονται,
3305 621 3448 673 κατὰ
3476 622 3576 691 τὴν
3606 623 3963 690 ἐπαγγελία-ι,

2397 716 2678 784 κρίνοντες
2716 715 2814 776 τὰς
2843 712 3054 765 δώδεκα
3083 711 3259 780 φυλὰς
3285 710 3379 764 τοῦ
3421 713 3673 782 Ἰσραήλ·
3704 715 3842 767 sm
3874 720 3967 768 καὶ

2398 805 2492 856 νῦν
2518 797 2664 856 οὗτοι
2695 803 2965 871 κάθηνται
2992 804 3084 855 ἐπὶ
3109 802 3322 855 πολλῶν
3346 802 3571 872 θρόνων,
3596 802 3791 873 ῶσπερ
3822 809 3968 869 τινὲς

2396 895 2667 950 δικασταὶ.
2695 893 2974 964 κρίνοντες
3000 893 3097 961 τὴν
3122 893 3471 963 οἰκουμένην.
3503 895 3616 948 Kal
3641 895 3742 948 οὐκ
3761 896 3854 949 ἐπὶ
3869 901 3967 966 της

2399 987 2635 1055 ἀρχαίας
2670 985 3000 1054 Ἐκκλησίας
3038 984 3222 1054 μόνον,
3253 984 3389 1036 ἀλλά
3429 984 3527 1036 καὶ
3555 985 3651 1037 νῦν
3680 987 3819 1038 κατὰ
3867 989 3967 1056 τὴν

2399 1079 2576 1131 αὐτῶν
2609 1077 2793 1145 φωνην
2821 1077 2956 1128 πᾶσι
2983 1076 3178 1127 συνετά
3214 1074 3566 1144 φθέγγονται.
3599 1078 3708 1130 Kal
3752 1078 3856 1143 ἔξω
3883 1096 3964 1141 τε,

2399 1169 2470 1231 ὡς
2497 1165 2674 1230 εἷπον,
2706 1166 3017 1235 πανταχόσε
3043 1167 3110 1218 τά
3139 1165 3248 1218 τῶν
3276 1166 3595 1222 ἀποστόλων
3637 1168 3965 1238 ψηφίσματα

2399 1262 2490 1313 καὶ
2539 1260 2884 1326 θεσπίσματα
2915 1259 3196 1330 διαφοιτᾷ.
3249 1258 3357 1312 Kal
3407 1258 3569 1329 δεῦρο
3624 1261 3966 1331 πανταχόθεν

2398 1347 2647 1416 ἔρχονται
2694 1346 2908 1398 πολλῶν
2942 1346 3187 1416 ἡμερῶν,
3237 1346 3339 1416 ήδη
3371 1346 3430 1400 δέ
3463 1350 3558 1400 καὶ
3610 1347 3796 1417 μηνῶν
3843 1349 3964 1401 ὁδον

2401 1437 2628 1506 μηδενὸς
2659 1438 2950 1498 διώκοντος
3006 1438 3228 1500 αὐτοὺς,
3280 1438 3643 1507 κατεροῡντες
3701 1437 3798 1507 μιν
3839 1439 3967 1491 tau-

2397 1528 2529 1590 τῶν,
2559 1527 2590 1580 δ
2623 1528 2843 1580 Πλάτων
2875 1528 2933 1578 ἐν
2959 1527 3163 1596 Γοργίᾳ
3190 1529 3302 1590 τοῖς
3337 1525 3687 1595 βουλομένοις
3712 1528 3804 1580 καὶ
3837 1529 3968 1598 μιλ-

2397 1617 2552 1668 λουσι
2576 1617 2802 1679 δικαίοις
2828 1614 2970 1669 εἶναι
3001 1619 3277 1686 παραινεῖ,
3306 1616 3585 1687 δεξόμενοι
3613 1619 3714 1680 τὰς
3739 1619 3967 1672 ἐκείνων

2398 1708 2726 1775 ἀποφάσεις,
2773 1708 2867 1759 καὶ
2917 1707 3318 1777 πληρώσαντες
3346 1707 3448 1770 τάς
3498 1709 3802 1776 ἐπιτιμίας.
3862 1711 3968 1762 Ἐῶ

2400 1797 2509 1866 γὰρ
2533 1797 2658 1860 τοὺς
2688 1798 2753 1850 ἐκ
2777 1797 3098 1867 προσταγῆς
3123 1797 3408 1868 πόρρωθεν
3431 1799 3674 1852 ἀπὺ-τῶν
3697 1801 3968 1870 ἐσχατιῶν

725 1887 829 1938 mis
857 1895 1015 1937 terrae
1066 1885 1266 1937 ﬁnibus
1320 1884 1404 1936 vel
1457 1884 1599 1936 ultro
1641 1894 1963 1947 accurrunt,
2016 1884 2097 1937 vel
2142 1883 2293 1936 inviti
2331 1883 2370 1906 ”

2331 1883 2370 1906 ν
2397 1890 2497 1956 τῆς
2522 1889 2849 1959 οίκουμένης
2880 1892 3178 1960 τρέχοντας
3208 1891 3240 1959 ἢ
3291 1890 3620 1960 ἀγομένους.
3663 1892 3760 1953 Τίς
3791 1892 3838 1944 δ’
3862 1893 3965 1945 οὑκ

721 1976 1140 2044 pertrahuntur.
1172 1975 1304 2038 Quis
1337 1989 1468 2027 vero
1502 1989 1610 2026 non
1640 1974 2019 2042 Obstupescat,
2051 1975 2180 2027 dum
2240 1974 2291 2025 in

723 2069 941 2137 publico
961 2067 1294 2120 consistorio
1320 2080 1514 2134 papam
1545 2082 1808 2135 responsa
1835 2068 2057 2121 dantem
2093 2074 2147 2120 et
2172 2080 2294 2120 ora-

721 2159 844 2212 cula
874 2159 1185 2211 fundentem
1221 2159 1372 2212 audit
1396 2162 1418 2211 ?
1443 2161 1563 2226 quis
1592 2174 1696 2211 non
1725 2158 2024 2212 admiretur
2039 2158 2167 2212 dum
2192 2158 2293 2210 ista

720 2248 910 2301 videt?
938 2247 1042 2300 Sed
1069 2249 1195 2315 quid
1229 2249 1381 2315 plura
1405 2251 1472 2302 de
1507 2250 1592 2302 his
1615 2249 1798 2302 dicere
1822 2249 2054 2303 attinet?
2079 2248 2131 2300 Id
2166 2264 2293 2301 vero

720 2338 864 2405 quod
906 2338 973 2390 de
1012 2338 1381 2405 apostolorum
1427 2339 1676 2406 reliquiis
1712 2340 1979 2400 dicebam.
2026 2347 2291 2407 quantum

722 2428 853 2480 huic
898 2427 1018 2480 urbi
1056 2427 1370 2490 conferant,
1406 2429 1593 2482 videre
1631 2430 1754 2482 licet
1777 2445 1840 2482 ex
1873 2428 2293 2482 Commentariis

717 2518 1066 2586 Chrysotomi
1097 2519 1149 2570 in
1178 2518 1473 2587 Epistolam
1508 2518 1659 2571 Pauli
1695 2520 1761 2572 ad
1789 2521 2054 2595 hosipsos
2089 2519 2292 2572 Roma-

725 2626 848 2670 nos,
878 2609 926 2662 si
957 2618 1103 2662 recte
1133 2610 1380 2673 memini,
1409 2611 1511 2663 sub
1541 2611 1726 2672 linem,
1763 2610 1851 2663 ubi
1877 2611 1958 2662 vir
1980 2626 2089 2664 non
2114 2609 2290 2664 solum

722 2718 839 2765 ore,
875 2701 967 2755 sed
997 2710 1049 2754 et
1071 2700 1255 2753 animo
1289 2715 1415 2755 vere
1443 2717 1664 2766 aureus,
1696 2710 1872 2754 totum
1901 2715 2211 2755 sermonem
2239 2708 2292 2752 et

720 2807 950 2846 auremn
978 2791 1108 2842 illud
1139 2793 1400 2860 scriptum
1427 2792 1781 2856 concludens,
1807 2794 1972 2846 velnti
1996 2793 2181 2846 divino
2211 2794 2292 2844 lu-

723 2896 849 2936 rore
875 2882 1207 2944 concitatus,
1251 2882 1331 2936 bis
1367 2892 1517 2937 terve
1545 2892 1600 2937 et
1632 2884 2131 2951 sabpiusexclamat,
2186 2884 2292 2937 Cn-

725 2987 908 3042 perem
942 2971 1123 3025 videre
1155 2973 1339 3025 urbem
1374 2974 1546 3037 illam,
1570 2972 1796 3027 Romam
1818 2975 2030 3028 scilicet
2062 3013 2075 3040 ,
2109 2975 2290 3043 inqua

726 3065 839 3117 haec
869 3072 923 3117 et
947 3063 1051 3116 alia
1079 3064 1146 3117 de
1177 3064 1855 3133 apostoliscorporumque
1881 3081 2071 3119 eorum
2107 3068 2292 3135 sepul-

2394 1978 2460 2030 ἀν
2489 1980 2793 2048 ἐκπλαγείη
2821 1979 2916 2031 τοῦ
2948 1981 3150 2034 πάππα
3179 1980 3393 2034 ἀκούων
3421 1984 3480 2033 ἐν
3508 1981 3674 2052 κοινῷ
3703 1982 3967 2052 συνεδρίῳ

2394 2069 2825 2139 χρηματίζοντος
2862 2071 2957 2123 καὶ
2979 2071 3435 2141 χρησμῳδοῦντος
3462 2089 3476 2136 ;
3501 2074 3585 2134 τίς
3614 2074 3714 2125 οὐκ
3744 2075 3808 2126 ἂν
3835 2073 3966 2128 θαυ-

2399 2161 2588 2228 μάσειε
2638 2159 2812 2213 ταῦτα
2870 2160 3049 2230 όρῶνς
3096 2160 3260 2214 Ἀλλὰ
3319 2165 3445 2228 περὶ
3491 2164 3697 2216 τούτων
3755 2166 3809 2215 τί
3857 2163 3964 2231 χρὴ

2396 2251 2564 2303 πλείω
2594 2251 2809 2317 λέγειν;
2852 2253 2916 2302 Ὀ
2943 2252 2997 2303 δὲ
3038 2251 3249 2319 ελεγον,
3283 2252 3406 2304 ὅσον
3433 2253 3548 2304 ἐστὶ
3575 2255 3644 2306 τὰ
3683 2253 3794 2306 τῶν
3829 2253 3967 2305 ἀπο⁶

2397 2343 2601 2394 στόλων
2634 2343 2860 2411 λείψανα
2886 2346 2951 2411 τῇ
2986 2343 3138 2395 πόλει
3179 2348 3375 2413 ταύτῃ,
3412 2346 3683 2414 πάρεστιν
3714 2344 3820 2395 ἀπὸ
3864 2346 3964 2404 τῆς

2408 2433 2754 2503 Ἐξηγήσεως
2784 2431 2876 2486 τοῦ
2901 2434 3288 2502 Χρυσοστόμου
3326 2435 3382 2487 ἐν
3407 2434 3485 2502 τῷ
3517 2433 3662 2487 τέλει
3696 2435 3792 2504 τῆς
3829 2437 3962 2500 πρὸς

2394 2525 2591 2585 αὐτοὺς
2630 2524 2853 2585 τούτους
2891 2524 3019 2586 τοὺς
3057 2523 3385 2590 Ῥωμαίους,
3435 2527 3482 2576 εί
3513 2512 3694 2586 καλῶς
3745 2525 3962 2593 μέμνη-

2397 2631 2518 2683 μαι,
2553 2614 2764 2666 Παύλου
2804 2612 3127 2683 Ἐπιστολῆς
3169 2615 3316 2674 ίδεῖν.
3351 2615 3410 2668 ἐν
3438 2609 3480 2682 ᾧ
3507 2615 3598 2667 τὸν
3628 2615 3748 2667 δλον
3780 2613 3961 2681 λόγον,

2393 2707 2486 2756 καὶ
2518 2705 2574 2755 τὸ
2614 2703 2851 2773 χρυσοῦν
2884 2704 3223 2773 σύγγραμμα
3255 2707 3430 2757 ἐκεῖνο
3462 2708 3491 2758 ὁ
3525 2705 3758 2776 χρυσοῦς
3789 2705 3962 2766 ὅντως

2392 2794 2452 2846 οὐ
2480 2794 2540 2846 τὸ
2576 2796 2746 2861 στόμα
2783 2794 2964 2862 μόνον,
2998 2779 3134 2847 ἀλλά
3166 2796 3261 2848 καὶ
3289 2796 3388 2863 τὴν
3416 2796 3599 2866 ψυχὴν
3628 2796 3769 2866 ἀνὴρ
3810 2797 3959 2846 ἐκεί-

2393 2902 2481 2946 νος
2519 2883 2854 2949 καταπαύει,
2892 2885 2955 2937 ἐν
3013 2881 3095 2948 οἷς
3146 2883 3334 2954 ὥσπερ
3394 2885 3686 2938 ἐνθουσιῶν
3741 2888 3821 2947 δὶς
3862 2889 3960 2937 καὶ

2391 2978 2513 3045 τρὶς
2536 2974 2630 3028 καὶ
2662 2973 2923 3036 πολλάκις
2939 2974 3120 3042 λέγει,
3138 2974 3475 3045 Ἐϐουλόμην
3499 2975 3600 3043 τὴν
3633 2975 3790 3028 πόλιν
3815 2974 3961 3028 ἐκείο

2395 3084 2494 3141 νην
2525 3065 2676 3132 ίδείν,
2709 3066 2810 3135 τὴν
2848 3063 3070 3133 Ῥώμην
3095 3061 3292 3132 λέγων,
3331 3067 3390 3117 ἐν
3480 3064 3550 3116 τά
3581 3063 3675 3118 καὶ
3708 3063 3796 3128 τὰ,
3826 3064 3959 3130 περὶ

723 3163 846 3208 tura
874 3164 928 3208 et
955 3153 1239 3222 prasentia
1272 3155 1582 3208 referuntur
1609 3175 1622 3210 :
1650 3172 1903 3223 cuperem
1944 3158 2068 3211 illos
2100 3159 2286 3227 pedes,
2316 3160 2360 3220 α

2316 3160 2360 3220 c
2393 3158 2500 3210 τῶν
2533 3157 2852 3211 ἀποστόλων
2910 3157 3134 3224 καὶτῆς
3183 3157 3294 3210 τῶν
3350 3157 3620 3226 σωμάτων
3677 3155 3859 3209 αὐτῶν
3897 3158 3956 3207 ἐν

721 3258 981 3312 cuperem
1016 3259 1229 3308 manus,
1274 3260 1524 3311 cuperem
1576 3248 1749 3315 capita
1785 3249 1991 3303 videre.
2028 3249 2138 3302 Nec
2168 3265 2287 3304 ces-

724 3343 832 3399 sat,
870 3334 1043 3387 instar
1085 3347 1275 3386 eorum
1331 3337 1421 3402 qui
1469 3336 1752 3404 impotenti
1793 3353 1978 3392 amore
2018 3339 2286 3404 laborant,

723 3426 938 3495 singula
993 3425 1230 3478 membra
1282 3442 1608 3493 recensere,
1658 3437 1712 3482 et
1759 3431 2062 3485 sexcenties
2095 3433 2283 3485 eadem

718 3521 926 3572 dicere.

803 3692 908 3747 Sed
943 3694 1054 3747 haec
1073 3693 1294 3763 quidem
1330 3707 1473 3744 nunc
1503 3691 1671 3744 missa
1721 3691 1989 3748 faciamus
2041 3711 2055 3759 ;
2112 3709 2287 3762 neque

718 3789 871 3844 enim
904 3787 1208 3839 litterarum
1238 3783 1433 3836 modus
1479 3793 1589 3835 tam
1646 3783 1914 3850 prolixum
1975 3799 2282 3837 sermonem

721 3876 999 3931 admittit:
1037 3882 1095 3928 et
1124 3873 1523 3942 qualiacunque
1560 3873 1774 3926 tandem
1801 3875 2121 3936 dixerimus.
2155 3875 2287 3927 nihil

722 3973 790 4023 de
822 3969 889 4020 iis
915 3981 1014 4037 pro
1050 3964 1312 4032 dignitate
1343 3964 1550 4017 dixisse
1597 3963 1902 4018 videbimur
1938 3982 1951 4016 :
1988 3973 2101 4018 tum
2152 3981 2283 4020 vero

723 4073 898 4128 pauca
947 4058 1211 4110 duntaxat
1256 4055 1523 4122 principio
1566 4055 1815 4108 dicturus
1850 4071 1998 4109 eram
2027 4073 2040 4110 :
2067 4057 2285 4110 sednon

723 4149 1009 4202 observavi
1049 4163 1131 4199 me
1179 4145 1391 4214 longius
1422 4147 1640 4197 modum
1668 4147 1995 4201 excessisse.
2032 4146 2155 4201 Haec
2187 4165 2285 4202 au-

725 4250 830 4291 tem
863 4237 1007 4290 velut
1037 4235 1388 4304 appendicem
1444 4233 1750 4286 litterarum
1807 4250 2052 4288 mearum
2117 4238 2284 4291 animi

721 4328 1029 4382 oblectandi
1055 4325 1225 4394 gratia
1257 4324 1502 4378 scribere
1546 4325 1736 4378 volui:
1795 4328 2096 4393 praesertim
2155 4344 2279 4382 eum

2389 3249 2525 3319 αὐτῇ
2571 3251 2748 3317 ταφῆς
2797 3249 2890 3301 καὶ
2957 3250 3268 3319 παρουσίας
3328 3250 3574 3317 φάσκων.
3624 3248 3955 3316 Ἐϐουλόμην

2386 3341 2513 3402 τοὺς
2545 3338 2708 3401 πόδας
2744 3338 3009 3403 ἐκείνους,
3044 3337 3350 3408 ἐϐουλόμην
3375 3338 3473 3400 τάς
3497 3339 3705 3410 χεῖρας,
3736 3338 3957 3389 ἐϐουλό-

2390 3448 2498 3498 μην
2535 3430 2748 3493 ἐκείνας
2797 3430 2893 3491 τὰς
2949 3429 3198 3497 κεφαλάς
3248 3429 3399 3482 ίδεϊν.
3431 3430 3539 3484 Καὶ
3585 3429 3646 3482 οὐ
3696 3427 3954 3492 παύεται,

2387 3521 2575 3592 ὥσπερ
2609 3523 2655 3574 οί
2684 3521 3012 3590 δυσέρωτες,
3038 3522 3181 3574 κατά
3237 3520 3376 3591 μέλη
3407 3519 3640 3586 διεξιὼν,
3690 3521 3788 3574 καὶ
3846 3538 3954 3588 μυ·

2388 3613 2568 3681 ριάκις
2596 3613 2772 3665 ταυτὰ
2801 3613 3006 3678 λέγων.

2469 3704 2629 3757 Ἀλλά
2664 3704 2836 3756 ταῦτα
2872 3704 2970 3772 μὲν
3002 3705 3181 3774 ἐῶμεν
3219 3704 3321 3774 ήδη
3343 3721 3359 3735 ·
3387 3703 3510 3757 οὔτε
3539 3707 3649 3775 γὰρ
3681 3707 3803 3760 κατ’
3832 3707 3955 3759 ἐπι-

2390 3795 2580 3862 στολὴν
2609 3795 2848 3848 τοσαῦτα
2879 3796 3081 3863 λέγειν,
3113 3799 3209 3850 καὶ
3255 3797 3356 3848 ὅσα
3385 3797 3450 3850 ἂν
3503 3799 3776 3865 εἴποιμεν,
3801 3799 3952 3851 οὐδὲν

2388 3890 2453 3940 ἂν
2479 3890 2605 3957 περὶ
2641 3889 2842 3941 τούτων
2865 3890 3059 3959 εῐημεν
3091 3890 3224 3957 πρὸς
3255 3890 3413 3954 ἀξίαν
3444 3892 3748 3962 εἰρηκότες·
3775 3892 3952 3954 ἄλλως

2386 3997 2444 4032 τε
2480 3980 2734 4049 ἠρξάμην
2772 3983 2873 4048 μὲν
2899 3983 2972 4044 ὡς
2997 3981 3156 4049 ὀλίγα
3193 3983 3356 4050 ἐρῶν,
3393 3983 3583 4035 ἔλαθον
3628 3984 3683 4033 δὲ
3715 3984 3951 4052 ἐμαυτὸν

2389 4071 2592 4141 σφόδρα
2621 4071 2785 4133 ἐκϐὰς
2808 4071 2901 4122 τοῦ
2929 4073 3150 4140 μέτρου.
3177 4068 3280 4126 Οἷα
3301 4074 3355 4126 δὲ
3378 4073 3646 4142 ἐπιθήκην
3668 4075 3778 4125 τῶν
3801 4074 3952 4142 ἐμῶν

2386 4161 2728 4229 γραμμάτων
2765 4161 2921 4214 τοῦτο
2956 4163 3294 4232 ποιούμενος,
3329 4150 3596 4233 θυμηδίας
3641 4165 3786 4225 τινὸς
3848 4167 3951 4233 χά-

2391 4268 2496 4319 ριν,
2525 4251 2693 4301 ταῦτα
2733 4252 3037 4320 ἐϐουλήθην
3084 4255 3323 4324 γράψαιο
3366 4253 3585 4322 μάλισθ’
3618 4255 3701 4306 ὅτι
3744 4255 3801 4304 ἐν
3833 4259 3950 4316 τοῖς

2389 4343 2498 4401 σοῖς
2535 4342 2669 4408 πρὸς
2700 4343 2798 4410 ἐμὲ
2834 4344 3127 4412 γράμμασι
3163 4345 3299 4411 πρὸς
3328 4349 3439 4408 τοῖς
3468 4345 3647 4409 ἀλλοις
3678 4347 3769 4398 καὶ
3791 4345 3950 4396 τοῦτο

724 4421 778 4472 in
808 4419 914 4471 tuis
943 4420 1009 4469 ad
1044 4431 1125 4468 me
1153 4415 1344 4468 litteris
1376 4414 1427 4467 id
1455 4430 1674 4483 quoque
1722 4416 1862 4469 inter
1897 4417 2000 4470 alia
2041 4420 2279 4486 positum
2315 4488 2350 4501 Α

2315 4488 2350 4501 ‘
2385 4423 2539 4497 εὖρον
2582 4433 2921 4499 ἐγκείμενον,
2952 4434 3026 4496 ὡς
3074 4433 3231 4501 ὀλίγα
3263 4435 3588 4489 ἐπιστέλλω.
3637 4435 3861 4486 Σπεύδω
3892 4436 3945 4487 δὲ

725 4506 1042 4576 repererim,
1074 4506 1218 4574 quod
1247 4520 1436 4573 parum
1471 4506 1731 4558 scribam.
1759 4505 1935 4562 Hasce
1965 4517 2149 4561 autem
2184 4511 2279 4561 lit-
2315 4488 2356 4543 θ

2315 4488 2356 4543 D
2386 4488 2555 4576 13:31:61
2591 4488 2796 4588 δοῦναι,
2849 4488 2921 4594 μη
2955 4488 3062 4596 πρὸ
3098 4488 3192 4595 τῆς
3225 4529 3303 4590 εἰς
3344 4488 3591 4579 Βενετίαν
3618 4526 3796 4578 αὐτῶν
3825 4529 3950 4593 ἀφί-

723 4607 871 4651 teras
901 4596 1030 4648 dare
1058 4593 1291 4656 festino,
1343 4611 1410 4647 ne
1458 4604 1745 4664 antequam
1789 4595 2042 4651 Venetias
2099 4615 2281 4666 pervc-

725 4689 904 4751 niant,
929 4687 1050 4754 ejus
1082 4688 1322 4739 civitatis
1347 4687 1726 4756 triremcsjam
1759 4688 2131 4744 discesserint.
2177 4691 2279 4744 Sed

723 4775 967 4843 profecto
996 4777 1046 4829 in
1068 4775 1372 4842 huiusmodi
1406 4793 1462 4830 re
1489 4777 1540 4829 id
1575 4779 1733 4848 longe
1772 4779 2150 4832 difﬁcillimum
2178 4790 2281 4840 est.

723 4876 872 4922 recte
898 4867 1156 4936 incipere,
1182 4878 1234 4921 et
1261 4871 1395 4921 bene
1425 4869 1582 4922 finire
1612 4887 1625 4933 ;
1655 4886 1777 4922 nam
1809 4881 1914 4923 tota
1967 4887 2053 4925 res
2103 4883 2284 4926 extre—

723 4957 1008 5012 mitatibus
1029 4958 1302 5020 delinitur,
1321 4967 1373 5011 et
1391 4959 1615 5011 formam
1636 4959 1764 5013 inde
1789 4961 2014 5030 accipit.
2035 4961 2099 5016 Et
2130 4966 2280 5018 multi

724 5049 1051 5103 ntnesciunt
1079 5051 1220 5103 unde
1247 5050 1643 5118 incipiendum,
1674 5054 1744 5104 ita
1779 5066 1954 5120 neque
2015 5055 2104 5107 ubi
2157 5059 2280 5112 llnis

723 5141 1082 5207 imponendus
1106 5142 1194 5203 sit,
1230 5145 1389 5210 qu‘os,
1419 5152 1702 5210 postquam
1729 5147 2019 5212 coeperint,
2069 5163 2285 5216 semper

723 5227 866 5294 loqtti
893 5242 1174 5282 necessum
1200 5239 1304 5283 est.
1329 5230 1438 5296 Ego
1454 5243 1634 5283 autem
1654 5239 1804 5285 tanto
1823 5236 2083 5301 temporis
2106 5239 2282 5304 ενοιίο

721 5317 824 5370 isto
852 5317 1010 5371 modo
1040 5321 1180 5386 apud
1213 5319 1591 5372 celsitudinem
1624 5329 1769 5374 tuam
1803 5323 1951 5387 silui,
1990 5332 2048 5377 ut
2104 5341 2281 5394 ecepsa

723 5407 810 5460 vix
869 5407 1086 5460 tandem
1142 5408 1336 5461 iterum
1401 5409 1654 5463 oratione
1721 5414 1829 5464 cito
1888 5415 2134 5471 desinere
2192 5435 2283 5472 ne-

720 5515 934 5567 queam.
976 5499 1078 5554 Sed
1125 5511 1184 5553 ut
1234 5502 1284 5554 in
1341 5502 1629 5568 praeteritis
1663 5504 1988 5559 intermissae
2023 5509 2283 5565 orationis

719 5590 954 5655 silentio,
990 5590 1066 5643 ita
1117 5605 1261 5644 nunc
1313 5592 1628 5658 loquacitati
1686 5611 1817 5649 mea:
1867 5598 2137 5667 ignosces.
2179 5602 2281 5655 Sed

715 5695 838 5730 cum
869 5681 1174 5747 hujnsmodi
1210 5685 1370 5736 rebus
1397 5684 1537 5750 apud
1569 5694 1620 5737 te
1649 5686 1906 5753 expositis
1938 5689 2058 5744 finis
2101 5708 2283 5745 neces-

715 5771 859 5824 salio
885 5771 1161 5828 faciendus
1220 5775 1312 5842 sit,
1347 5773 1473 5828 nolo
1528 5783 1705 5830 tamen
1764 5788 2044 5848 propterea
2080 5793 2276 5840 nostra

2385 4618 2517 4682 ξεως
2548 4618 2602 4668 ai
2626 4618 2869 4685 τριήρεις
2897 4616 2996 4685 τῆς
3023 4619 3228 4680 πόλεως
3267 4618 3481 4685 ἐκείνης
3510 4618 3785 4686 φθάσωσιν
3819 4610 3959 4670 sua;

2383 4709 2616 4775 χθεῖσαι.
2657 4707 2798 4757 Ἀλλ’
2825 4709 2992 4769 ὅντως
3022 4710 3078 4760 ἐν
3111 4710 3271 4761 παντὶ
3302 4709 3587 4777 πράγματι
3627 4709 3800 4762 ἐκεῖνό
3830 4711 3946 4760 ἐστι

2388 4798 2584 4865 μᾶλλον
2619 4796 2897 4856 δύσκολον.
2926 4800 3140 4859 οἰκείως
3173 4817 3231 4850 τε
3259 4798 3550 4867 ἄρξασθαι,
3579 4800 3671 4851 καὶ
3709 4798 3945 4859 δεόντως

2385 4885 2728 4953 τελευτῆσαι.
2760 4889 2870 4939 Kal
2900 4889 2961 4938 τὸ
2997 4888 3115 4939 ὅλον
3148 4887 3203 4939 δέ
3237 4889 3420 4951 ἁπλῶς
3458 4889 3569 4950 τοῖς
3616 4888 3800 4957 ἄκροις
3830 4891 3947 4956 ὀρί-

2384 4974 2534 5037 (erat
2560 4977 2652 5027 καὶ
2691 4978 2908 5044 μορφὴν
2939 4978 3222 5047 λαμϐάνει.
3257 4979 3366 5032 Καὶ
3392 4979 3574 5031 πολλοὶ
3607 4977 3794 5043 ὥσπερ
3819 4978 3944 5029 ὅθεν

2382 5067 2461 5118 δεῖ
2490 5066 2760 5135 ἄρξασθαι
2809 5070 2908 5120 οὐκ
2942 5070 3145 5134 ίσασιν,
3180 5072 3350 5134 οὕτως
3377 5072 3484 5122 οὐδ’
3517 5073 3649 5122 ὅπου
3685 5069 3765 5122 δεῖ
3791 5069 3946 5130 τέλος

2383 5157 2665 5211 ἐπιθεῖναι.
2714 5160 2952 5228 Ἀνάγκη
2997 5161 3060 5229 δὴ
3101 5161 3320 5223 τούτους
3351 5161 3686 5230 ἀρξαμένους
3727 5159 3811 5210 ἀεὶ
3851 5159 3946 5209 λα-

2384 5247 2512 5299 λεῖν.
2560 5248 2700 5315 Ἐγὼ
2722 5251 2776 5301 δὲ
2801 5252 2892 5301 καὶ
2914 5250 3165 5304 τοσοῦτον
3195 5254 3386 5320 χρόνον
3418 5251 3510 5302 τὸν
3532 5252 3731 5319 τρόπον
3758 5248 3944 5299 τοῦτον

2385 5339 2517 5406 πρὸς
2551 5340 2611 5391 τὸ
2640 5341 2731 5392 σὸν
2766 5340 2895 5408 ὕψος
2930 5340 3238 5408 ἐσιώπησα,
3264 5342 3404 5393 ὥστε
3445 5341 3594 5407 μόλις
3630 5339 3757 5392 ποτέ
3786 5339 3942 5400 αὖθις

2383 5430 2683 5496 ἀρξάμενος
2715 5434 2776 5483 οὐ
2811 5431 3044 5500 δύναμαι
3082 5435 3291 5502 ταχέως
3339 5432 3523 5496 λῆξαι.
3558 5430 3853 5499 Συγγνώσῃ
3883 5429 3941 5480 δέ

2387 5535 2484 5585 μου
2511 5519 2697 5588 ὥσπερ
2723 5522 2779 5571 ἐν
2802 5525 2912 5582 τοῖς
2941 5523 3177 5588 φθάσασι
3212 5525 3275 5592 τῇ
3312 5523 3452 5573 κατά
3480 5521 3573 5571 τὸν
3606 5519 3802 5586 τρόπον
3821 5519 3943 5568 τοῦ-

2383 5625 2471 5659 τον
2503 5611 2662 5678 μέχρι
2689 5611 2830 5672 τινος
2861 5613 2951 5663 τοῦ
2977 5613 3160 5679 λέγειν
3199 5617 3400 5680 σιωπῇ,
3431 5612 3572 5664 οὕτω
3618 5609 3712 5661 νῦν
3747 5610 3809 5676 τῇ
3840 5624 3941 5659 πῦ-

2383 5697 2840 5767 λυλογξᾳ.”Αλλως
2870 5719 2925 5751 τε
2955 5703 3047 5753 καὶ
3074 5703 3199 5772 περὶ¹
3227 5703 3482 5755 τοιούτων
3509 5701 3639 5770 πρὸς
3669 5699 3725 5749 σὲ
3754 5698 3939 5762 λέγον-

2384 5806 2471 5850 τος
2500 5791 2710 5859 ἀνάγκη
2742 5808 2799 5857 γε
2858 5795 2961 5861 μὴν
2991 5795 3140 5857 τέλος
3174 5794 3563 5846 ἐπιθεῖναι.ϋὺ
3590 5789 3848 5861 βούλομαι
3877 5789 3939 5844 δὲ
