4202 6444
199 457 268 520 37
1257 459 1633 520 EPISTULA
1671 460 1770 520 AD
1803 457 2157 521 JOANNEM
2211 461 2369 524 IMP.
3360 470 3428 530 38

198 573 351 639 ὅμως
380 573 466 627 διὰ
491 572 650 626 τοῦτο
692 574 790 639 τὴν
824 575 1097 646 ἡμετέραν
1129 576 1282 628 πόλιν
1312 570 1586 646 ἀδικῆσαι.
1623 577 1765 629 ’Ᾱδι-
1794 582 1838 637 Α

1794 582 1838 637 Α
1869 575 2075 630 civitati
2115 576 2366 644 injuriam
2395 579 2596 638 facere.
2634 581 2891 638 Facerem
2926 598 3083 648 vero,
3110 583 3154 638 si
3199 582 3254 638 iu
3286 584 3436 637 hisce

199 663 359 732 κοίην
385 663 430 716 δ’
455 663 520 716 ἂν
550 664 717 733 αὐτὴν
743 666 800 716 ἐν
829 666 1036 727 τούτοις
1060 667 1248 734 λήξας.
1293 667 1432 733 Ἐγὼ
1460 667 1568 737 7&9
1589 667 1764 721 ταῦτα

197 753 366 822 ὀρῶν,
392 754 490 806 ὅσα
523 756 582 806 ἐν
613 749 945 823 οἰκοδομίαις
974 758 1068 809 καὶ
1098 759 1395 824 αὐτοφυέσι
1421 758 1641 812 κάλλεσι
1669 759 1766 811 καὶ

199 846 601 913 χειροποιήτοις
643 844 817 909 εἷπον,
863 847 1072 914 ἄγαμαι
1107 849 1206 916 μὲν
1230 850 1332 913 τῆς
1368 866 1498 901 ποτε
1535 848 1768 918 μεγαλο-

201 935 472 1003 πρεπείας
514 935 912 1003 καὶδυνάμεως
964 940 1060 1004 τὴν
1100 938 1276 998 πόλιν,
1311 939 1403 990 καὶ
1455 939 1627 1008 χαίρω
1673 941 1764 991 ἐπὶ

198 1023 409 1086 τούτοις
449 1026 682 1095 μάλιστα
717 1027 801 1078 ὅτι
843 1027 1047 1094 σφόδρα
1096 1028 1256 1096 ὅμοια
1299 1030 1410 1091 τοῖς
1462 1030 1593 1099 παρ’
1633 1031 1764 1098 ἡμῖν

199 1116 334 1183 ὁρῶ.
369 1118 476 1170 Καὶ
506 1118 642 1188 αὐτὴ
669 1118 743 1178 δέ,
781 1119 855 1178 ὼς
885 1114 1062 1180 οἶσθα,
1087 1119 1303 1188 ήτινῶν
1338 1119 1594 1189 ὁμοιότης
1627 1121 1764 1190 μόνη

201 1210 425 1274 τρέπειν
460 1209 721 1276 πέφυκεν,
751 1210 879 1262 ὅταν
905 1212 1028 1262 τινὰ
1071 1211 1277 1281 σφόδρα
1312 1211 1475 1280 ὅμοια
1505 1211 1721 1282 ὁρῶμεν
1745 1229 1760 1242 ο

205 1298 440 1364 μάλιστα
464 1300 594 1352 ὅταν
620 1301 734 1350 υἱὸν
760 1302 948 1369 πατρὶ,
976 1301 1007 1372 ἢ
1036 1302 1305 1371 θυγατέρα
1328 1304 1516 1374 μητρὶ,
1551 1303 1582 1373 ἢ
1610 1304 1763 1355 ἁδελ-

201 1393 334 1457 φοὺς
367 1391 612 1460 ἀλλήλοις
667 1391 954 1460 βλέπωμεν
985 1395 1243 1461 ἐμφερεῖς
1282 1389 1424 1448 εἶναι
1448 1411 1463 1426 ο
1519 1396 1613 1447 καὶ
1641 1395 1763 1447 τού-

198 1497 325 1541 τους
361 1483 559 1548 μᾶλλον
587 1484 635 1533 εί
665 1483 878 1550 τύχοιεν
909 1484 1045 1550 ἡμῖν
1074 1485 1321 1536 ὁπωσοῦν
1363 1485 1756 1554 προσήκοντες.

198 1574 315 1625 Καὶ
343 1573 544 1639 νομίζω
572 1572 627 1624 δὲ
653 1574 742 1624 ἐπὶ
775 1574 869 1641 τῆς
896 1574 1171 1640 ἡμετέρας
1197 1568 1359 1638 εἶναι,
1391 1573 1484 1625 καὶ
1510 1574 1668 1626 τοῦτο
1702 1574 1760 1626 δέ

197 1663 299 1714 οὐκ
322 1662 521 1728 ὀλίγον,
593 1662 622 1714 ὃ
656 1662 878 1729 τρέπειν
913 1661 1136 1716 δύναται
1177 1664 1464 1732 ἄνθρωπον
1522 1663 1760 1732 μάλιστα

199 1753 548 1821 φιλόπατριν,
583 1754 691 1805 τῶν
723 1753 940 1806 οίκείων
995 1755 1401 1822 ἀποδημοῦντα.
1439 1752 1604 1823 Οἶμαι
1651 1757 1758 1824 7&9

199 1845 473 1911 μηδεμίαν
504 1843 719 1896 πώποτε
754 1845 1072 1914 θυγατέρων
1107 1847 1272 1914 μητρὶ
1295 1845 1468 1908 οὕτως
1489 1846 1756 1915 άκριόὡς,

196 1934 386 2004 ὥσπερ
412 1936 623 2004 ἐκείνην
647 1936 839 2008 ταύτῃ.
867 1938 1059 2002 ὁμοίαν
1094 1935 1444 2004 γεγενῆσθαι.
1485 1937 1647 1989 Ἀλλὰ
1669 1937 1762 1989 καὶ

193 2026 403 2077 τούτων
433 2027 687 2078 τοιούτων
717 2026 884 2078 ὄντων
918 2027 996 2096 (οὐ
1033 2026 1228 2094 φθόνος
1264 2025 1376 2095 7&9
1407 2022 1561 2096 οἶμαι
1591 2028 1761 2098 μητρὶ

195 2113 470 2182 θυγατρὸς
502 2115 932 2183 ἐπαινουμένης·
964 2115 1152 2183 ὥσπερ
1189 2110 1257 2169 αὖ
1297 2116 1417 2170 ούδέ
1451 2117 1762 2170 τούναντίον

193 2205 406 2256 δίκαιον
433 2206 662 2273 θυγατρὶ
689 2207 880 2273 φθόνον
907 2207 1222 2273 ἐγγίνεσθαι
1254 2209 1457 2278 μητρὸς
1481 2210 1762 2277 ἐγκωμια-

193 2295 478 2363 ζομένης),
507 2297 748 2364 ἠγοῦμαι
780 2299 998 2364 νικῆσαι
1045 2298 1144 2365 τὴν
1187 2299 1481 2368 ἡμετέραν.
1517 2300 1626 2362 Τὰς
1658 2317 1759 2351 πα-

192 2386 356 2448 λαιάς
400 2387 507 2455 γὰρ
536 2386 608 2449 ὡς
640 2387 817 2438 ἔνεστι
854 2389 1214 2455 παραϐάλλω.
1251 2389 1317 2440 Τί
1369 2391 1477 2456 γὰρ
1505 2393 1561 2442 ἐν
1587 2390 1760 2459 ταύτῃ

193 2475 306 2527 εἴτε
337 2477 448 2527 τῶν
475 2475 741 2544 φυσικῶν,
771 2478 879 2528 εἴτε
905 2477 1012 2528 τῶν
1042 2477 1320 2548 τεχνητῶν
1354 2481 1596 2545 γέγονεν,
1623 2479 1650 2530 ὃ
1686 2482 1760 2548 μὴ

194 2569 292 2619 καὶ
324 2570 456 2636 παρ’
491 2571 620 2638 ἡμῖν
645 2585 660 2632 ;
695 2569 789 2620 καὶ
812 2571 876 2620 τὰ
905 2568 1133 2638 λείψανα
1163 2570 1218 2622 δὲ
1268 2571 1402 2623 αὐτὰ
1433 2575 1544 2648 τοῖς
1574 2572 1763 2640 λειψά-

193 2676 304 2719 νοις
331 2661 514 2724 ὅμοια.
541 2660 600 2712 Et
638 2661 744 2729 γὰρ
769 2660 862 2712 καὶ
892 2660 981 2711 ἐπί
1012 2676 1176 2712 τινων
1208 2659 1345 2729 α’ύτη
1376 2661 1521 2712 δοκεῖ
1545 2662 1762 2713 πλεονε-

193 2751 369 2810 κτεῖν,
402 2751 539 2802 ἀλλὰ
563 2751 654 2801 καὶ
684 2749 889 2810 τούτοις
914 2745 979 2802 αὖ
1011 2748 1206 2818 ἔχομεν
1235 2752 1397 2818 ἡμεῖς
1428 2751 1589 2820 ἕτερα
1613 2752 1762 2802 ἀντι-

193 2840 429 2893 τιθέναι.
463 2840 636 2891 ΙΙολλά
662 2839 716 2891 δέ
758 2839 950 2906 γέγονε
984 2841 1078 2892 καὶ
1108 2840 1222 2892 ἔστι
1253 2841 1384 2910 παρ’
1427 2843 1580 2910 ἡμῖν,
1613 2841 1648 2894 ἃ
1688 2842 1761 2908 μὴ

193 2931 292 2983 καὶ
326 2931 460 2999 παρ’
492 2932 652 2998 αὐτῇ.
688 2931 798 2983 Καὶ
828 2930 998 2983 πλείω
1026 2931 1079 2983 δέ
1114 2931 1327 2998 ἀληθῶς
1349 2931 1443 2983 ἐπὶ
1467 2931 1527 2982 τὸ
1556 2930 1762 2999 βέλτιον

195 3022 552 3089 προήνεκται.
595 3019 836 3082 Εἰκότως
865 3019 1004 3088 αὕτη
1039 3020 1136 3086 μὲν
1165 3021 1274 3088 7&9
1309 3020 1441 3089 πρὸς
1479 3020 1632 3072 οὐδὲν
1657 3036 1760 3073 πα-

197 3111 471 3180 ράδειγμα
503 3110 562 3162 τὸ
593 3111 710 3162 ὅλον
733 3110 806 3171 ὠς
842 3113 1017 3162 εἰπεῖν
1060 3111 1190 3162 ῐδιον
1235 3110 1514 3179 ἀφορῶσα,
1540 3112 1761 3180 ἠρκεῖτο

1867 665 2199 722 desinerem.
2233 669 2344 738 Ego
2376 672 2523 724 enim
2559 675 2734 728 oculis
2767 674 2880 728 haec
2907 675 3264 743 perlustrans,
3312 691 3436 743 qua:

1867 760 1933 814 de
1963 762 2254 814 structuris
2292 773 2336 813 et
2367 763 2574 817 'nativis
2598 779 2659 815 ac
2695 774 2811 818 arte
2840 766 3042 834 paratis
3091 766 3431 819 ornamentis

1867 849 2002 914 dixi,
2038 851 2275 903 admiror
2321 853 2572 918 equidem
2637 854 2868 920 priscam
2904 854 3048 908 illius
3106 854 3258 908 urbis
3311 869 3436 906 ma--

1867 941 2230 1015 gniﬁcentiam
2278 951 2331 995 et
2395 945 2726 1009 potentiam,
2777 954 2831 997 et
2889 944 3082 998 iisdem
3145 945 3432 1009 delector;

1869 1032 2165 1101 praesertim
2200 1032 2338 1101 quod
2367 1032 2432 1086 iis
2480 1048 2598 1100 quae
2621 1033 2761 1101 apud
2792 1049 2890 1087 nos
2915 1046 3147 1097 exstant,
3168 1050 3433 1103 perquam

1866 1123 2061 1176 similia
2082 1137 2202 1176 esse
2235 1123 2478 1187 videam;
2501 1124 2609 1178 scis
2627 1125 2768 1177 enim
2789 1125 2867 1178 vel
2885 1125 3053 1178 solam
3068 1129 3432 1194 quarumdam

1867 1228 2050 1267 rerum
2082 1214 2496 1269 similitudinem
2521 1215 2940 1268 delectationem
2963 1217 3306 1284 coniunctam
3329 1217 3430 1270 ba-

1867 1306 2014 1370 bere,
2048 1305 2138 1358 ubi
2196 1306 2442 1374 quaedam
2474 1306 2845 1373 persimillima
2881 1307 3150 1371 videmus,
3197 1323 3430 1375 praeser-

1865 1395 1959 1449 tim
1990 1396 2118 1449 dum
2164 1395 2331 1448 tilium
2367 1396 2527 1461 patri,
2562 1395 2642 1448 vel
2674 1396 2834 1448 tiliam
2869 1400 3048 1459 matri,
3091 1406 3182 1451 aut
3233 1399 3432 1452 fratres

1865 1487 1965 1541 sibi
1995 1487 2224 1540 invicem
2259 1486 2463 1540 similes
2492 1501 2611 1540 esse
2639 1485 3010 1554 conspicimus
3036 1488 3231 1556 ;idque
3251 1491 3430 1545 multo

1864 1579 2055 1649 magis,
2072 1577 2115 1632 si
2141 1592 2240 1631 nos
2259 1579 2668 1646 propinquitate
2686 1581 2914 1646 quadem
2937 1582 3273 1649 contingant.
3300 1580 3429 1635 Exi-

1862 1671 2027 1724 stimo
2051 1680 2231 1722 antem
2261 1679 2503 1723 nostram
2538 1671 2725 1723 urbem
2751 1670 2967 1732 habere,
3005 1679 3056 1725 et
3096 1687 3159 1725 ea
3209 1672 3431 1740 quidem

1864 1777 1970 1814 non
1995 1776 2183 1828 pauca,
2203 1777 2322 1827 qua!
2345 1762 2609 1814 delectare
2625 1761 2860 1830 aliquem
2883 1766 3110 1831 possint.
3132 1764 3426 1830 pratsurliut

1865 1850 2139 1904 hominem
2178 1853 2364 1919 patria
2388 1853 2848 1916 amantissimum,
2876 1855 3001 1905 dum
3025 1869 3051 1904 a
3069 1856 3184 1908 suis
3207 1869 3438 1924 peregre

1863 1937 2038 1990 abest.
2066 1936 2254 2005 Neque
2279 1941 2423 1991 enim
2456 1939 2619 1992 ullam
2651 1955 2885 2009 unquam
2915 1943 3078 1995 ﬁliam
3108 1946 3262 1996 matri
3289 1945 3429 1998 adeo

1862 2041 1955 2094 per
1981 2029 2162 2081 omnia
2192 2030 2424 2082 similem
2457 2031 2626 2088 fuisse
2650 2036 2904 2097 arbitror,
2932 2052 3091 2104 quam
3139 2037 3230 2089 illa
3279 2038 3426 2092 huic.

1863 2119 1930 2171 Et
1965 2120 2078 2173 haec
2101 2119 2227 2173 licet
2252 2121 2321 2174 ita
2352 2137 2408 2175 se
2437 2125 2671 2177 habeant
2701 2125 2928 2194 (nullam
2969 2127 3112 2179 enim
3150 2130 3305 2181 matri
3343 2127 3432 2181 in-

1861 2210 2061 2263 vidiam
2082 2211 2313 2264 suboriri
2342 2223 2492 2281 puto,
2515 2214 2642 2268 dum
2669 2216 2773 2268 ﬁlia
2803 2216 3054 2271 laudatur
3081 2236 3094 2272 :
3122 2227 3180 2271 ut
3209 2231 3428 2272 econtra

1864 2302 2030 2356 ﬁliam
2067 2305 2252 2358 matris
2279 2306 2529 2360 laudibus
2562 2308 2803 2361 invidere
2829 2308 3074 2376 iniquum
3134 2309 3280 2376 est),
3331 2327 3429 2364 no.

1862 2408 2030 2449 stram
2047 2405 2228 2449 tamen
2255 2399 2486 2464 palmam
2509 2401 2754 2454 obtinere
2771 2401 3053 2455 existimo:
3073 2418 3196 2455 nam
3221 2412 3430 2457 veteri-5

1863 2495 2127 2555 quantum
2163 2488 2285 2541 licet
2316 2491 2455 2542 inter
2479 2506 2536 2544 sc
2567 2506 2845 2560 comparo.
2882 2493 3020 2558 Quid
3050 2493 3194 2547 enim
3227 2497 3306 2548 vel
3331 2512 3426 2547 na-

1865 2586 2010 2642 tura,
2033 2581 2112 2631 vcl
2142 2595 2231 2632 ars
2257 2579 2312 2634 in
2355 2581 2454 2634 hac
2489 2581 2623 2635 urbe
2654 2582 2931 2650 produxit,
2978 2586 3119 2653 quod
3183 2594 3235 2637 et
3263 2587 3424 2652 apud

1867 2684 1966 2723 nos
1996 2685 2100 2722 non
2123 2673 2410 2726 exsisteret
2433 2669 2582 2726 ltum
2602 2671 2843 2743 reliquiae
2864 2675 2994 2743 ipsm
3015 2677 3259 2745 reliquiis
3274 2679 3430 2730 simi-

1862 2760 1963 2812 les.
1997 2747 2053 2812 Si
2087 2777 2193 2828 qua
2229 2762 2372 2814 enim
2402 2763 2452 2815 in
2481 2779 2536 2816 re
2559 2764 2672 2816 haec
2693 2765 2959 2818 excellere
2979 2766 3248 2828 videatur,
3270 2770 3428 2822 nobis

1862 2866 2077 2922 quoque
2108 2868 2215 2905 non
2246 2857 2445 2908 desunt
2466 2856 2571 2908 alia
2598 2872 2720 2925 qua:
2752 2856 2820 2910 iis
2876 2873 3234 2925 Opponamus.
3286 2859 3422 2915 Nam

1864 2945 2030 2996 multa
2055 2945 2194 3012 apud
2229 2961 2326 2999 nos
2359 2946 2533 3015 fuere,
2566 2959 2618 3002 et
2651 2959 2779 3002 sunt
2804 2965 3017 3019 quoque
3072 2951 3252 3018 hodie,
3306 2971 3428 3025 qtae

1864 3035 1916 3086 in
1943 3050 2005 3088 ea
2034 3051 2140 3088 non
2163 3037 2403 3104 reperias
2430 3057 2444 3091 :
2476 3047 2587 3091 tum
2609 3055 2735 3093 vero
2762 3041 2992 3107 plurima
3015 3043 3065 3094 in
3089 3044 3280 3098 melius
3301 3061 3426 3114 pro-

1862 3134 2016 3177 vecta
2051 3123 2222 3178 fuere.
2255 3125 2421 3195 idque
2448 3144 2553 3182 non
2573 3129 2864 3184 immerito.
2892 3131 3012 3186 Haec
3041 3133 3183 3186 enim
3210 3134 3276 3187 ad
3302 3137 3423 3187 nul—

196 3203 261 3270 τῇ
293 3200 437 3253 κατὰ
487 3202 700 3254 πάντων
747 3201 929 3263 ἁπλῶς
973 3202 1235 3271 ὑπεροχῇ.
1286 3202 1499 3271 Ἐκείνη
1533 3202 1590 3256 δὲ
1625 3204 1758 3269 πρὸς
1789 3247 1834 3302 c

1789 3247 1834 3302 ο
1865 3215 1976 3270 lum
2010 3218 2232 3274 omnino
2260 3222 2536 3289 proprium
2561 3225 2837 3292 exemplar
2871 3227 3168 3294 respicit-ns
3193 3231 3244 3283 id
3291 3233 3425 3284 satis

197 3291 553 3360 παράδειγμα
583 3291 784 3358 ταύτην
831 3290 1123 3357 βλέπουσα,
1159 3293 1253 3344 καὶ
1277 3292 1465 3363 ὥσπερ
1498 3295 1634 3362 πρὸς
1661 3295 1762 3360 ἀρ-

95 3410 98 3414 -
198 3386 456 3451 χέτυπον,
480 3383 553 3444 ὡς
582 3382 726 3434 ἔστιν
760 3381 1005 3448 ἀκριϐῶς
1061 3382 1187 3433 ἰδεῖν
1222 3384 1451 3450 ταύτην,
1481 3384 1762 3452 γινομένη,

200 3472 371 3525 πολλὰ
401 3473 536 3540 πρὸς
570 3474 777 3539 βέλτιον
830 3475 923 3524 καὶ
964 3473 1351 3542 λαμπρότερον
1397 3475 1760 3542 προήνεγκεν.

204 3565 380 3632 Ἔργα
418 3562 474 3615 δέ
526 3562 833 3631 ἀνθρώπων
881 3562 1064 3626 ἄλλοις
1108 3563 1463 3632 ἁμιλλώμενα
1513 3564 1763 3616 δύνανται

201 3656 290 3709 ἐπὶ
335 3655 398 3707 τὸ
449 3655 671 3706 κάλλιον
721 3655 1084 3730 προϐαίνειν·
1117 3655 1212 3707 καὶ
1245 3654 1413 3721 κάλλη
1465 3654 1519 3706 δὲ
1557 3655 1762 3719 γονέων

201 3746 423 3799 κάλλεσι
451 3743 658 3796 τέκνων
681 3743 756 3804 ὡς
785 3743 876 3796 ἐπὶ
904 3743 964 3796 τὸ
991 3743 1123 3796 πολὺ
1147 3744 1282 3812 πρὸς
1313 3743 1371 3795 τὸ
1393 3743 1598 3813 βέλτιον
1626 3761 1764 3813 συμ-

201 3840 480 3904 ϐάλλεται,
513 3846 604 3895 καὶ
633 3845 888 3911 μεγέθεσι
921 3843 1149 3910 μεγέθη,
1179 3842 1438 3910 μάλιστα,
1467 3844 1541 3902 ὡς
1569 3843 1765 3895 ἀκούο-

205 3950 324 3995 μεν,
361 3933 642 4001 μητέρων,
676 3934 774 3985 οὐκ
809 3932 900 3984 ἐπ’
926 3931 1251 4002 ἀνθρώπων,
1277 3932 1393 3984 ἀλλ’
1421 3933 1522 4003 ήδη
1555 3935 1646 3985 καὶ
1677 3934 1766 3986 ἐπ’

202 4020 378 4073 ἄλλων
428 4021 606 4082 ζώων.
657 4022 826 4075 ,υύδέν
876 4023 1054 4075 τοίνυν
1112 4023 1445 4091 θαυμαστὸν,
1481 4023 1622 4076 οὕτω
1664 4025 1762 4088 μέν

206 4111 476 4179 μεγάλην,
507 4106 650 4163 οὕτω
680 4112 735 4163 δέ
767 4111 874 4181 άρα
898 4113 1070 4178 καλὴν
1094 4108 1280 4176 οὖσαν,
1313 4112 1481 4180 μείζω
1507 4116 1598 4165 καὶ
1630 4115 1765 4166 καλο

200 4200 298 4253 λίω
326 4201 646 4254 τετοκέναι·
682 4204 776 4253 καὶ
805 4201 964 4254 τοῦτο
994 4202 1048 4254 δέ
1074 4203 1172 4270 τῆς
1205 4203 1410 4273 μητρὸς
1440 4199 1506 4255 αὖ
1542 4203 1763 4266 ἔπαινος

201 4293 438 4358 γίνεται.
476 4292 584 4344 Καὶ
616 4292 681 4344 τὰ
725 4298 826 4360 τῆς
881 4293 1087 4362 μητρὸς
1117 4291 1184 4345 αὖ
1235 4293 1402 4362 κάλλη
1439 4294 1761 4364 προστίθησι

200 4385 308 4445 τοῖς
335 4383 438 4451 τῆς
470 4382 760 4451 θυγατρὸς,
790 4384 888 4435 καὶ⁵
922 4384 1022 4435 οὐκ
1045 4384 1192 4436 ἐστιν
1220 4384 1388 4452 άλλην
1417 4385 1549 4452 παρ’
1571 4385 1761 4454 ἄλλην,

201 4473 312 4526 ἀλλ’
345 4473 520 4543 αὐτὴν
541 4473 742 4540 τρόπον
774 4474 895 4526 τινὰ
927 4474 1056 4542 παρ’
1085 4473 1307 4544 ἑαυτὴν,
1334 4473 1432 4544 τὴν
1458 4475 1584 4528 νέαν
1612 4475 1762 4544 παρά

1869 3307 2117 3372 habebat,
2152 3321 2208 3362 ut
2233 3322 2457 3365 cetera:
2489 3327 2680 3368 omnes
2730 3316 3062 3370 excelleret:
3098 3318 3184 3371 illa
3236 3330 3420 3375 autem

1867 3401 2004 3452 hanc
2036 3403 2268 3468 exempli
2290 3405 2462 3456 instar
2489 3405 2728 3471 intuens,
2757 3419 2808 3460 et
2831 3411 2991 3461 veluti
3014 3413 3076 3462 ad
3097 3413 3420 3479 primarium

1862 3491 2156 3560 exemplar,
2180 3504 2235 3545 ut
2262 3495 2394 3546 satis
2413 3511 2684 3564 superque
2706 3502 3009 3566 perspicere
3058 3504 3183 3557 licet
3234 3507 3424 3560 elabo-

1865 3588 2002 3642 rata,
2031 3582 2195 3634 multa
2222 3591 2274 3634 et
2296 3584 2522 3638 meliora
2544 3595 2595 3639 et
2615 3588 2975 3653 Splendidiora
2993 3595 3267 3659 produxit.
3291 3598 3422 3651 Nam

1866 3669 2148 3724 hominum
2170 3687 2330 3741 Opera
2353 3675 2441 3729 ubi
2463 3691 2586 3729 cum
2607 3677 2727 3731 aliis
2747 3689 2956 3733 certant
2973 3684 3278 3750 pulchriora
3298 3703 3427 3741 era-

1862 3758 2332 3828 derepossunt:et
2371 3776 2652 3831 parentum
2692 3768 3038 3833 pulchritudo
3067 3774 3425 3841 ρυΙρΙιτὶιυιίὶσ

1863 3866 1987 3903 nem
2008 3852 2324 3910 liberorum.
2343 3863 2469 3907 utet
2484 3857 2798 3923 magnitudo
2828 3864 3277 3930 magnitudinem,
3305 3885 3427 3921 ma-

1858 3939 2030 4009 jorem
2062 3952 2118 3992 ut
2165 3942 2457 4010 plurimum
2504 3947 2797 4013 producit:
2854 3953 2996 4018 quod
3053 3955 3104 4006 in
3160 3959 3426 4014 matribus

1861 4033 2183 4100 praesertim,
2216 4049 2320 4084 non
2349 4033 2625 4089 hominum
2665 4039 2943 4102 duntaxat.
2980 4043 3072 4096 sed
3117 4049 3420 4104 etaliornm

1864 4121 2354 4177 animantiumiieri
2377 4125 2648 4180 audimus.
2675 4128 2940 4193 Quocirca
2975 4149 3080 4186 non
3115 4137 3420 4198 mirzutdutn

1862 4220 1965 4273 est,
1998 4212 2041 4264 si
2063 4228 2185 4264 cum
2210 4227 2272 4265 ea
2299 4216 2669 4281 magnitudine
2687 4222 3164 4288 etpulchritudine
3196 4229 3261 4281 sit
3290 4246 3426 4298 prae-

1862 4300 1994 4362 dita.
2017 4303 2273 4371 majorem
2302 4313 2355 4357 et
2373 4305 2734 4370 pulchriorem
2762 4311 3096 4378 produxerit.
3127 4316 3252 4370 Haec
3276 4323 3420 4374 enim

1863 4392 2051 4443 matris
2078 4391 2197 4446 laus
2222 4402 2324 4456 est,
2354 4395 2496 4447 sicut
2521 4396 2636 4450 vice
2662 4413 2814 4452 versa
2859 4404 3046 4457 matris
3072 4407 3419 4472 pulchritudo

1863 4479 1986 4533 tilia:
2000 4481 2458 4549 pulchritudinem
2490 4495 2672 4554 auget.
2708 4483 2816 4544 Nec
2842 4491 3001 4544 aliam
3035 4510 3157 4549 cum
3180 4497 3304 4561 alia,
3330 4503 3421 4554 sed

199 4567 294 4632 τὴν
353 4565 589 4633 ἀρχαίαν
647 4563 867 4633 Ῥώμην
908 4564 1295 4632 παραϐάλλειν.
1343 4565 1506 4616 Ὠστε
1551 4565 1612 4618 οὐ
1657 4566 1762 4649 χρὴ
1794 4591 1836 4645 ι)

1794 4591 1836 4645 ο
1867 4574 2038 4638 ipsam
2063 4574 2468 4641 quodammodo
2512 4593 2634 4631 cum
2655 4583 2962 4649 semetipsa,
2994 4601 3184 4639 novam
3221 4591 3426 4646 scilicet

200 4657 406 4716 κακοὺς
436 4653 720 4722 διαιτητάς
763 4654 822 4706 ἐν
854 4657 964 4717 τοῖς
1015 4653 1277 4715 τοιούτοις
1306 4653 1573 4722 γίνεσθαι,
1611 4644 1759 4724 ἡμᾶς
1797 4644 1815 4645 7

1866 4659 2092 4716 Romam
2121 4679 2243 4717 cum
2274 4668 2438 4720 veteri
2463 4683 2781 4737 comparare
2814 4675 2978 4727 licet:
3010 4677 3078 4728 ita
3128 4689 3184 4731 ut
3206 4681 3421 4748 iniquus

201 4746 458 4810 μάλιστα,
493 4743 542 4794 οἳ
574 4741 670 4795 καὶ
702 4741 812 4795 τῶν
863 4743 1074 4810 ἐκείνης
1107 4741 1328 4808 ἀγαθῶν
1373 4746 1464 4794 καὶ
1495 4744 1602 4795 τῶν
1634 4743 1761 4794 ταύ-

196 4853 295 4902 της
331 4833 805 4903 κληρονομοῦμεν,
865 4833 964 4902 τῆς
1000 4833 1097 4901 μέν
1158 4835 1287 4898 υἱοὶ,
1319 4835 1414 4900 τῆς
1464 4833 1529 4885 δὲ’
1575 4835 1760 4886 υἱωνοὶ

196 4926 585 4993 τυγχάνοντες.
629 4923 789 4976 Ἀλλὰ
817 4925 899 4976 δεῖ
925 4924 1125 4992 μᾶλλον
1151 4924 1235 4975 ἐπ’
1268 4925 1606 4993 ἀμφοτέραις
1629 4926 1758 4976 καλ-

195 5015 557 5079 λωπίζεσθαι,
604 5013 793 5082 ὥσπερ
836 5016 885 5067 oi
939 5015 1039 5084 τὴν
1087 5014 1268 5067 αὐτῶν
1312 5014 1592 5079 εὐγένειαν
1623 5017 1760 5083 πρὸς

196 5107 418 5168 πλείους
445 5107 662 5173 ἔχοντες
687 5107 1002 5176 ἀναφέρειν,
1039 5109 1130 5157 καὶ
1164 5110 1223 5158 οὐ
1264 5109 1440 5173 γονεῖς
1478 5108 1637 5173 μόνον
1665 5124 1760 5174 με·

197 5200 398 5267 γάλους
432 5199 527 5250 καὶ
558 5198 776 5259 καλοὺς,
805 5198 938 5250 ἀλλὰ
967 5198 1061 5250 καὶ
1099 5197 1394 5264 προγόνους
1423 5197 1696 5259 τοιούτους
1723 5199 1754 5267 ἢ

199 5293 392 5356 ἐγγὺς.
429 5290 560 5350 ἴσως
591 5289 648 5341 δέ
679 5289 772 5340 καὶ
809 5288 1174 5357 ὑπερέχοντας
1199 5288 1487 5355 δυνάμενοι
1529 5289 1758 5339 καταλέ-

199 5398 337 5447 γειν.
364 5378 590 5432 Γονεῦσι
615 5380 672 5432 δὲ
701 5378 765 5431 αὖ
789 5379 957 5447 εὐχῆς
985 5380 1164 5446 ἔργον,
1189 5377 1262 5439 ὥς
1292 5395 1370 5438 τις
1401 5377 1528 5447 ἔφη,
1553 5381 1757 5431 παίδων

200 5471 463 5539 ἡττᾶσθαι
481 5506 499 5534 ,
529 5470 668 5524 ὥστε
690 5471 898 5523 δίκαιον
919 5471 1061 5540 ἡμᾶς
1093 5470 1147 5520 ἐν
1181 5467 1387 5531 τούτοις
1408 5469 1754 5524 ὑποπτεύειν.

270 5651 431 5716 Λέγω
459 5649 635 5700 τοίνυν
666 5649 837 5716 καλὴν
865 5648 966 5716 μὲν
1002 5649 1208 5718 σφόδρα
1237 5651 1334 5702 καὶ
1372 5648 1580 5718 ὡραίαν
1609 5649 1760 5716 γενέ-

207 5741 328 5792 σθαι
362 5740 459 5808 τὴν
497 5741 706 5808 μητέρα
726 5754 740 5768 °
769 5739 971 5791 καλὶέω
1003 5740 1058 5790 δὲ
1091 5739 1300 5799 πολλοῖς
1326 5734 1393 5809 ἦν
1443 5740 1716 5809 θυγατέρα
1738 5757 1752 5772 ο

211 5833 342 5900 μήτε
377 5831 484 5900 μὴν
536 5830 738 5900 ταύτην
775 5833 1071 5901 προσήκειν
1103 5830 1265 5899 ἄλλης
1301 5817 1629 5899 μητρόπολιν
1664 5836 1754 5886 καὶ

1861 4751 1915 4804 in
1941 4754 2249 4821 hujnsmodi
2267 4757 2428 4810 rebus
2463 4758 2699 4814 arbitros
2724 4777 2846 4815 esse
2891 4781 3235 4834 nequaquam
3262 4787 3425 4840 opor-

1859 4852 1992 4907 teat,
2023 4845 2291 4912 prascipue
2315 4863 2434 4912 nos,
2455 4850 2546 4916 qui
2576 4860 2630 4902 et
2653 4850 2798 4906 illius
2841 4863 2895 4906 et
2937 4856 3096 4926 hujus
3153 4863 3417 4917 bonorum

1872 4934 2169 5002 participes
2193 4952 2421 4991 sumus:
2447 4939 2591 4993 illius
2613 4938 2819 4996 scilicet
2844 4942 2958 5006 lilii,
2989 4947 3150 5011 hujus
3171 4963 3418 5019 nepotes.

1861 5023 1964 5076 Sed
1999 5034 2228 5094 utraque
2261 5029 2418 5081 nobis
2445 5029 2783 5098 gloriandum
2816 5046 2934 5101 est;
2967 5041 3422 5105 quemadmodum

1859 5112 1934 5164 illi
1963 5116 2146 5167 solent
2178 5117 2268 5184 qui
2307 5118 2641 5173 nobilitatem
2672 5138 2826 5176 suam
2863 5129 2927 5177 ad
2957 5128 3134 5193 plures
3165 5131 3424 5192 referunt.

1860 5220 1956 5257 nec
2012 5211 2262 5273 parentes
2334 5208 2509 5264 Solum
2556 5229 2808 5283 .magnos
2876 5220 3270 5289 pulchrosque,
3329 5228 3423 5279 sed

1858 5300 1913 5348 et
1931 5296 2166 5362 majores
2194 5311 2355 5369 atque
2404 5314 2663 5372 cognatos
2705 5307 3032 5372 istiusmodi,
3058 5320 3147 5364 aut
3180 5314 3430 5369 fortassis

1864 5387 2026 5440 etiam
2055 5390 2303 5444 meliores
2323 5406 2549 5459 possunt
2567 5409 2871 5451 recensere.
2892 5397 3214 5454 Parentibus
3243 5413 3426 5457 autem

1862 5479 2231 5549 maximopere
2277 5485 2645 5551 exoptandum
2701 5497 2805 5551 est,
2848 5489 2922 5541 ait
2965 5489 3075 5553 ille,
3121 5499 3208 5542 uta
3241 5491 3427 5545 liberis

1857 5569 2166 5636 vincantur,
2197 5573 2337 5640 quod
2363 5578 2413 5626 in
2439 5577 2520 5628 his
2546 5591 2762 5645 quoque
2788 5595 2886 5633 nos
2909 5581 3168 5643 suspicari
3188 5593 3422 5648 oportet.

1929 5657 2192 5722 Quocirca
2220 5663 2507 5717 admodum
2541 5667 2756 5732 quidem
2809 5669 3084 5735 pulchram
3119 5681 3172 5722 et
3213 5670 3424 5725 formo-

1857 5763 1972 5801 sam
1991 5761 2215 5805 matrem
2237 5768 2358 5807 esse
2383 5755 2467 5807 aio
2496 5773 2509 5808 :
2540 5756 2700 5811 (illam
2733 5764 2912 5814 tamen
2943 5761 3112 5812 multo
3142 5760 3424 5828 pulchrio-

1859 5853 1998 5906 rem,
2040 5849 2095 5894 ut
2139 5858 2239 5897 nec
2289 5845 2377 5900 isti
2415 5846 2640 5904 alterius
2681 5851 3020 5922 tnelropolim
3071 5857 3124 5906 et
3163 5861 3420 5914 matrem,
