4202 6444
714 469 787 531 43
1882 472 2042 531 MAN
2055 470 2278 531 UELIS
2308 470 2405 531 CH
2416 472 2829 536 RYSOLOIHZ
3891 464 3961 531 ιι

713 590 767 636 et
816 579 1288 635 fundamentorum
1317 596 1378 636 ac
1409 598 1684 637 murorum
1737 582 2173 637 substructiones
2200 597 2293 635 us-
2327 631 2330 641 ,

2425 587 2503 638 κῶν
2560 587 2824 657 θεμελίων
2880 587 3111 640 καὶτῶν
3164 586 3366 657 τειχῶν
3413 586 3521 640 duo
3556 587 3651 655 τῆς
3688 587 3962 655 θαλάττης

718 688 825 742 que
857 673 921 726 ad
948 688 1097 728 mare
1156 684 1454 743 porrectas,
1490 686 1543 730 et
1598 685 1929 744 opportunas
1980 689 2045 728 ex
2102 674 2293 743 quavis

721 775 873 834 parte
931 766 1166 819 navibus
1217 766 1539 834 recipiendis
1598 769 1893 822 stationes:
1940 766 2071 836 quin
2130 766 2292 819 etiam

721 867 900 911 turres
930 858 982 911 in
1018 858 1197 911 medio
1226 861 1388 913 maris
1420 870 1474 913 et
1530 859 1803 929 profundo
1855 859 2060 927 pelago,
2122 865 2175 917 et
2239 858 2294 910 in

721 949 839 1017 ipso
877 951 1330 1017 reciprocantium
1372 952 1635 1005 ﬂuctuum
1678 951 1950 1005 vorticoso
1977 959 2134 1013 aestu,
2162 959 2213 1002 et
2243 950 2295 1001 in

732 1044 979 1095 turribus
1008 1042 1156 1096 hisce
1205 1042 1391 1098 dulces
1428 1060 1615 1113 aquas.
1648 1043 1849 1097 Practer
1891 1043 2004 1096 haec
2038 1041 2299 1096 sublimes

723 1142 779 1187 et
810 1134 1041 1199 pensiles
1076 1149 1170 1200 per
1215 1150 1493 1188 murorum
1532 1150 1691 1187 arcus
1772 1147 2035 1202 aquaram
2080 1132 2299 1196 ductus,

726 1240 864 1295 quos
906 1224 1095 1280 ﬂuvios
1130 1227 1309 1281 aérios
1350 1227 1621 1295 appellare
1672 1225 1871 1295 possis,
1925 1241 1987 1279 ex
2034 1225 2168 1278 locis
2219 1238 2303 1276 re-

728 1314 1052 1369 motioribus
1082 1319 1146 1368 ad
1182 1317 1385 1384 aliquot
1418 1316 1628 1368 dierum
1664 1322 1789 1376 iter,
1847 1324 1901 1367 ut
1945 1315 2119 1377 aiunt,
2179 1326 2289 1379 per:

727 1407 955 1460 ductos:
984 1417 1093 1460 tum
1128 1406 1371 1475 perfossa
1407 1406 1738 1459 obstantium
1794 1407 2058 1457 montium
2118 1405 2300 1459 dorsa.

728 1499 930 1552 Omitto
969 1500 1130 1551 etiam
1167 1497 1500 1565 receptacula
1528 1508 1581 1550 et
1629 1498 1891 1550 cisternas
1911 1496 2112 1565 quibus
2151 1509 2306 1563 aqure

730 1589 847 1641 ista
923 1588 1156 1656 primum
1188 1588 1569 1655 excipiuntur:
1622 1604 1742 1656 qua:
1789 1588 1851 1641 ad
1903 1602 2057 1657 aqum
2112 1586 2307 1641 ductus

732 1678 899 1732 maris
931 1681 1012 1732 vel
1054 1679 1226 1747 stagni
1282 1678 1453 1731 ins'ar
1485 1679 1731 1731 obtinent
1761 1696 1773 1730 :
1805 1693 2038 1747 quarum
2071 1678 2193 1731 alia!
2226 1686 2304 1731 te-

734 1769 837 1824 ctis
870 1769 1143 1838 adapertae
1175 1770 1350 1823 visum
1413 1769 1600 1834 latent,
1664 1772 1781 1824 alia:
1822 1771 1875 1824 in
1937 1771 2222 1840 propatulo
2255 1778 2308 1824 et

738 1869 932 1930 apertae
962 1860 1176 1928 scaphis
1212 1859 1460 1929 navigari
1494 1872 1745 1929 possunt.
1796 1862 2105 1931 Earumque
2170 1877 2303 1915 non-

741 1949 899 2003 nulla:
928 1949 1037 2015 jam
1066 1950 1211 2003 intus
1250 1952 1349 2003 sub
1415 1964 1659 2004 convexo
1733 1951 2025 2017 fornicum,
2076 1953 2193 2005 aliae
2218 1967 2309 2005 su-
2343 1931 2380 1982 Β

740 2044 921 2108 perius
955 2041 1006 2091 in
1044 2043 1200 2094 tectis
1233 2042 1502 2094 maximas
1533 2041 1758 2094 arbores
1791 2041 2060 2103 nutriunt,
2096 2053 2150 2096 et
2170 2041 2310 2094 vici-

742 2131 827 2182 nis
846 2144 1095 2197 agrorum
1126 2133 1205 2183 vel
1248 2130 1525 2184 hortorum
1564 2131 1732 2185 vicem
1783 2140 2057 2201 prtcstant.
2104 2130 2312 2187 Omitto

745 2217 801 2273 in
851 2221 1101 2273 cisternis
1152 2221 1255 2273 illis
1303 2220 1675 2275 columnarum
1727 2232 1780 2275 et
1821 2222 2091 2277 fornicum
2131 2225 2312 2278 multi-

750 2314 992 2366 tudinem
1018 2331 1029 2362 :
1059 2324 1169 2365 tum
1200 2313 1336 2367 alios
1357 2313 1739 2369 subterraneos
1768 2324 1819 2369 et
1839 2314 2066 2371 eﬂ‘ossos
2096 2316 2315 2371 canales

742 2404 832 2470 qui
868 2411 1031 2456 totam
1066 2403 1253 2456 urbem
1280 2402 1507 2457 tabulati
1542 2406 1711 2457 instar
1749 2404 2012 2473 pensilem
2037 2413 2090 2458 et
2123 2404 2314 2458 subtus

742 2507 1035 2546 concavam
1068 2492 1343 2547 eliiclunt:
1384 2493 1513 2545 item
1566 2494 1781 2546 cloacas
1810 2506 1863 2547 et
1891 2502 2101 2548 meatus
2156 2494 2314 2563 pubi-

744 2600 841 2639 cus
870 2603 882 2638 :
913 2602 1032 2654 quae
1054 2587 1233 2638 omnia
1269 2586 1430 2639 ctiam
1462 2586 1514 2639 iu
1549 2586 1650 2639 hac
1704 2591 1837 2641 urbe
1873 2587 2031 2655 longe
2084 2587 2315 2657 plurima

743 2688 979 2732 exstant.
1018 2676 1156 2742 Quid
1196 2694 1322 2731 vero
1360 2679 1426 2728 de
1461 2678 1671 2733 balneis
1700 2680 1911 2735 dicam:
1946 2695 2174 2749 quorum
2241 2682 2318 2735 vel

746 2784 1031 2821 numetum
1073 2769 1115 2822 si
1162 2770 1414 2830 referam,
1469 2768 1624 2821 tidem
1690 2783 1797 2823 non
1862 2770 2153 2824 invenero?
2204 2779 2318 2822 tum

745 2878 1010 2931 aquatum
1038 2862 1270 2929 c0piam.
1304 2876 1423 2929 qua-
1469 2877 1531 2913 ex
1572 2859 1641 2913 loc
1669 2862 1815 2914 tibus
1848 2877 1941 2930 per
1973 2863 2115 2917 ardes
2138 2873 2189 2916 et
2226 2878 2323 2930 pu-

746 2955 885 3006 l‘hce
919 2969 1010 3022 per
1057 2954 1243 3007 urbem
1296 2952 1615 3006 derivatur?
1663 2953 1806 3020 Quid
1864 2954 1931 3007 de
1966 2954 2321 3009 surburbiis?

745 3061 886 3115 quae,
922 3046 965 3097 si
997 3044 1421 3111 magnitudinem
1451 3058 1683 3114 spectes,
1740 3046 1945 3115 aliquot
1993 3046 2203 3101 dierum
2238 3048 2322 3099 iti-

746 3150 875 3191 nere
897 3149 1047 3189 extra
1076 3136 1258 3189 urbem
1284 3136 1712 3204 protenduntur:
1738 3139 1790 3190 “si
1824 3138 2283 3205 pulchritudinem
2303 3172 2319 3198 ,

2396 678 2597 743 λίθους,
2631 679 2723 731 καὶ
2768 680 2892 741 τοὺς
2936 676 3366 745 ὑποδεχομένους
3419 676 3483 728 ἑκ
3528 677 3726 738 παντὸς
3763 675 3964 744 μέρους

2397 767 2739 829 νεωσοίκους,
2775 767 2869 820 καὶ
2906 768 3032 828 τοὺς
3072 768 3128 818 ὲν
3172 765 3319 834 μέσῳ
3366 767 3465 834 τῆς
3523 764 3815 833 θαλάττης,
3871 765 3968 816 καὶ

2398 861 2492 914 τοῦ
2526 860 2815 927 πελάγους,
2850 860 2943 912 καὶ
2978 858 3073 911 τοῦ
3124 856 3311 928 βυθοῦ,
3340 859 3433 909 ἐπὶ
3483 857 3582 925 τῆς
3607 855 3759 925 δίνης
3794 856 3969 924 αὐτῆς

2400 956 2493 1010 καὶ
2520 954 2619 1020 τῆς
2656 952 2981 1024 παλιρροίας
3030 952 3297 1021 πύργους,
3334 950 3427 1003 καὶ
3450 949 3519 1002 τά
3546 951 3603 1001 έν
3630 950 3813 1010 αὑτοῖς
3842 946 3970 1025 γλυο

2400 1050 2501 1102 κὲα
2556 1047 2720 1101 ὕδατα
2748 1088 2762 1111 ,
2799 1047 2931 1116 πρὸς
2966 1046 3019 1099 δὲ
3050 1043 3256 1105 τούτοις
3287 1041 3539 1109 ἀγωγοὺς
3573 1041 3802 1105 ὑδάτων,
3833 1039 3971 1090 ὑπο-

2401 1140 2585 1207 γείους
2623 1140 2716 1192 καὶ
2762 1138 3107 1208 κρεμαστοὺς
3157 1131 3224 1188 αὖ
3254 1136 3343 1189 διὰ
3367 1135 3585 1205 τειχῶν,
3627 1132 3848 1203 άερίους
3874 1148 3972 1183 πο-

2403 1230 2610 1298 ταμοὺς
2641 1226 2892 1295 λέγεσθαι
2933 1227 3290 1295 δυναμένους,
3346 1223 3627 1295 πόρρωθέν
3683 1220 3848 1275 ποθεν
3907 1222 3973 1273 έκ

2408 1321 2753 1396 μακροτάτου
2813 1319 3184 1387 διαστήματος
3214 1316 3439 1388 ἡμερῶν
3489 1316 3631 1377 ὁδὸν,
3663 1313 3738 1376 ῶς
3784 1328 3973 1381 φασιν,

2405 1411 2871 1481 ἀφικνουμένους*
2916 1410 3007 1461 καὶ
3034 1410 3130 1471 τὰς
3152 1408 3262 1460 τῶν
3301 1407 3505 1477 μεταξὺ
3551 1402 3974 1475 παρεμπιπτόν-

2406 1522 2512 1557 των
2532 1503 2673 1571 ὁρῶν
2698 1502 2990 1571 διωρυγάς,
3025 1501 3119 1554 καὶ
3146 1500 3243 1558 τὰς
3277 1498 3680 1568 ὑποδεχομένας
3708 1496 3977 1564 πρότερον

2406 1599 2631 1661 τούτους
2658 1597 2978 1664 δεξαμενάς,
3015 1591 3301 1647 θαλασσῶν
3328 1592 3360 1660 ἢ
3394 1588 3601 1659 λιμνῶν
3633 1588 3796 1654 λόγον
3840 1584 3977 1653 προς

2411 1694 2652 1754 ἐκείνους
2685 1690 2801 1743 τότε
2832 1705 2893 1755 γε
2938 1685 3186 1756 ἑκούσας,
3230 1686 3326 1743 τάς
3362 1683 3459 1754 μὲν
3493 1681 3861 1749 καταστέγους
3883 1678 3979 1729 καὶ

2410 1787 2655 1856 ἀφανεῖς,
2688 1784 2783 1844 τὰς
2808 1782 2864 1835 δὶ
2901 1780 3362 1848 ἀναπεπταμένας
3385 1777 3477 1829 καὶ
3509 1771 3750 1842 φανερὰς
3781 1768 3978 1856 ὁλκάσι

2411 1854 2711 1943 δυναμένας
2761 1870 3045 1924 πλεῖσθαι⁸
3081 1864 3156 1923 ὦν
3187 1868 3327 1922 ένιαι
3366 1865 3461 1920 νῦν
3516 1864 3574 1917 αι
3626 1863 3723 1931 μὲν
3755 1858 3849 1913 έπὶ
3883 1854 3979 1909 τοῦ

2412 1970 2607 2032 κύτους
2653 1967 2819 2029 ἔνδον,
2858 1967 2913 2019 al
2951 1962 3007 2015 δὲ
3046 1962 3159 2017 ἄνω
3203 1962 3298 2014 ἐπὶ
3346 1959 3454 2013 τῶν
3498 1956 3708 2023 στεγῶν
3744 1950 3982 2023 μέγιστα

2411 2062 2601 2128 δένδρα
2664 2060 2924 2129 τρέφουσι
2980 2056 3074 2109 καὶ
3129 2056 3239 2115 τοῖς
3293 2052 3507 2122 έχουσιν
3547 2044 3810 2118 ἀρκοῦσιν
3862 2039 3983 2094 ἀντ’

2414 2153 2598 2223 ἀγρῶν
2626 2152 2739 2222 καὶ,
2763 2152 2955 2219 κήπων
2990 2145 3130 2202 εἶναι
3156 2161 3171 2178 ο
3201 2144 3296 2200 καὶ
3321 2145 3378 2197 τὸ
3408 2139 3611 2209 πλῆθος
3658 2136 3770 2189 τῶν
3798 2134 3859 2186 έν
3887 2133 3987 2185 αὑ-

2413 2248 2532 2309 ταῖ,
2560 2244 2749 2297 κιόνων
2796 2242 2891 2295 καὶ
2918 2239 3122 2309 ἀψίδων
3141 2256 3153 2270 ·
3187 2236 3351 2297 ἄλλας
3382 2234 3437 2287 δὲ
3473 2226 3541 2286 αὖ
3574 2226 3861 2296 ὑπογείους
3890 2223 3986 2276 καὶ

2415 2334 2647 2406 ὀρυντάς
2691 2334 2871 2386 πᾶσαν
2906 2330 3004 2401 τὴν
3035 2330 3191 2383 πόλιν
3226 2325 3479 2395 ὑπερῷον
3525 2322 3620 2375 καὶ
3645 2318 3985 2406 κρεμαστὴν.

2418 2404 2512 2480 καὶ
2544 2425 2611 2477 τά
2638 2426 2790 2477 κάτω
2818 2422 3063 2475 διάκενον
3099 2415 3356 2478 ποιούσας
3378 2430 3391 2443 °
3424 2414 3517 2466 ml.
3541 2411 3668 2472 τοὺς
3689 2404 3988 2473 δημοσίους

2417 2520 2742 2586 ὑπονόμους,
2784 2516 2819 2569 ἃ
2871 2515 2964 2566 καὶ
3021 2510 3176 2580 παρὰ
3221 2508 3346 2576 τῇδε
3389 2506 3637 2559 πλεῖστα.
3658 2502 3730 2561 ,Τί
3766 2499 3824 2552 δέ
3857 2497 3989 2565 περὶ

2419 2605 2657 2674 λουτρῶν
2688 2605 2753 2657 ἂν
2782 2604 3015 2671 λέγοιμι.
3042 2594 3117 2653 ὢν
3145 2598 3204 2651 τὸ
3238 2594 3622 2666 ίστορούμενον
3648 2594 3706 2642 έν
3731 2590 3869 2657 αὑτῇ
3896 2603 3991 2654 γε·
4028 2636 4033 2641 .

2420 2698 2607 2752 νέσθαι
2632 2694 2834 2764 πλῆθος
2863 2694 3171 2745 ἀπιστεῖται
3198 2707 3211 2753 ;
3247 2690 3341 2741 καὶ
3364 2686 3472 2739 τῶν
3493 2684 3601 2739 ἀπὸ
3629 2680 3848 2753 κρηνῶν
3866 2678 3993 2731 ὑδά-

2420 2807 2551 2852 των,
2579 2786 2614 2840 ἃ
2636 2784 2757 2839 κατ’
2787 2783 2966 2836 οἰκίαν
2992 2799 3047 2833 τε
3072 2782 3162 2832 καὶ
3185 2779 3274 2831 διὰ
3307 2778 3405 2845 τῆς
3438 2774 3644 2835 πόλεως
3678 2771 3854 2840 ἐχεῖτο
3878 2786 3893 2832 ;
3924 2768 3992 2820 Τί

2422 2884 2476 2937 δὲ
2527 2879 2652 2947 περὶ
2691 2877 2799 2928 τῶν
2844 2873 3200 2945 προαστείων,
3256 2870 3331 2939 τῷ
3363 2867 3463 2939 μὶν
3493 2865 3715 2937 μεγέθει
3763 2860 3992 2933 ήμξρῶν

2422 2975 2539 3027 ὁδὸν
2567 2972 2665 3025 οὑκ
2687 2970 2884 3036 ὀλίγων
2908 2964 3302 3027 διατεινόντων,
3353 2961 3432 3032 τῷ
3457 2962 3513 3014 δὲ
3548 2957 3756 3022 κάλλει,
3795 2961 3887 3008 καὶ
3920 2957 3987 3024 τῇ

2424 3063 2604 3134 χρεία,
2635 3062 2729 3115 καὶ⁸
2758 3062 2822 3129 τῇ
2850 3059 3161 3125 κατασκευῇ
3192 3055 3301 3115 τοῖς
3332 3056 3423 3106 ἐπὶ
3454 3051 3551 3119 τῆς
3596 3049 3802 3110 πόλεως
3845 3049 3989 3099 κατα

2426 3158 2532 3210 πᾶν
2556 3151 2693 3215 εἶδος
2720 3149 3110 3221 ἁμιλλωμένων
3137 3166 3151 3212 ;
3179 3146 3236 3198 Ἀ
3249 3146 3308 3197 τὸ
3336 3146 3444 3214 γάρ
3480 3142 3732 3202 ’Δσύδου,
3762 3140 3857 3192 καὶ
3888 3138 3996 3205 Ση-

748 3229 1184 3282 commoditatcm
1212 3236 1267 3281 et
1288 3239 1608 3295 apparatum
1639 3270 1654 3294 ,
1684 3246 1806 3283 tum
1830 3231 2072 3285 a'diﬂciis
2095 3230 2317 3284 urbanis

2425 3247 2571 3309 στού,
2601 3245 2693 3297 καὶ
2741 3242 3137 3307 Ἑλλησπόντου
3197 3240 3357 3305 μέχρι
3404 3232 3641 3305 Θρᾳκίου
3690 3229 3993 3298 Βοσπόρου,

747 3320 940 3387 quovis
963 3332 1158 3388 genere
1178 3327 1409 3373 certant.
1434 3318 1563 3373 Nam
1598 3316 1720 3373 inde
1739 3322 1809 3375 ab
1838 3321 2044 3391 Ahydo,
2065 3331 2118 3375 et
2142 3321 2325 3395 Sesto,

747 3419 799 3461 et
836 3408 1179 3479 Hellesponto
1227 3424 1399 3477 usque
1430 3412 1496 3462 ad
1553 3414 1849 3479 Bosporum
1904 3411 2222 3472 Thracium.
2271 3424 2325 3464 et

753 3502 921 3563 Pana,
943 3501 1256 3569 insulasque
1280 3501 1549 3570 Cyaneas,
1582 3506 1693 3557 sive
1720 3504 1787 3556 ab
1802 3504 1963 3566 Asim,
1993 3504 2106 3558 sive
2128 3503 2196 3558 ab
2219 3502 2295 3556 Eu

754 3609 898 3662 mpm
924 3594 1091 3645 latere
1123 3593 1472 3662 Propontidis
1518 3593 1804 3655 ambitum,
1852 3595 2077 3663 ejusque
2120 3594 2326 3647 insulas

750 3684 893 3737 circa
926 3685 1113 3737 urbem
1142 3686 1293 3745 sitas.
1330 3694 1439 3739 tum
1464 3690 1626 3741 etiam
1656 3701 1828 3742 cornu
1856 3697 2068 3756 portus,
2094 3687 2325 3755 etquid-

752 3775 881 3844 quid
917 3776 1041 3829 inde
1067 3776 1133 3829 ad
1170 3774 1405 3829 Pharum
1462 3793 1632 3845 usque
1680 3776 2040 3847 protenditur,
2074 3778 2198 3846 quis
2223 3776 2329 3830 cir-

753 3866 1001 3932 cuiverit,
1025 3869 1285 3921 continua
1312 3869 1434 3921 huic
1456 3870 1573 3923 urbi
1601 3869 1859 3923 suburbia
1881 3879 2036 3923 erant
2061 3866 2322 3934 .Quorum

756 3960 953 4024 templa
985 3969 1037 4013 ct
1069 3958 1293 4014 tediﬂcia
1322 3962 1381 4031 lsi
1414 3961 1536 4030 quis
1571 3976 1896 4016 enumerare
1923 3962 2101 4029 vellet,
2129 3962 2206 4015 illi
2240 3961 2325 4011 hi-

755 4047 945 4111 storia,
984 4059 1035 4100 et
1060 4064 1122 4103 ea
1155 4050 1370 4118 quidem
1396 4066 1503 4104 nou
1537 4065 1697 4119 parva
1732 4051 1955 4104 texenda
1990 4059 2154 4105 esset.
2185 4050 2327 4114 Quin

757 4140 871 4207 ipsa
905 4141 1017 4193 haec
1048 4140 1306 4193 suburbia
1369 4156 1477 4194 non
1508 4143 1700 4211 exigua
1735 4141 1817 4197 sui
1870 4150 2023 4211 parte
2080 4155 2176 4210 per
2206 4156 2321 4193 mu-

759 4246 880 4285 rum
915 4230 1157 4299 longum,
1185 4241 1242 4285 ut
1266 4241 1480 4297 vocant,
1514 4234 1583 4286 ab
1614 4231 1855 4286 inferiori
1914 4231 2048 4285 mari
2080 4229 2146 4285 ad
2180 4246 2331 4285 mare

766 4323 1025 4389 superius
1056 4322 1399 4393 Pontumque
1427 4321 1699 4377 Euxinum
1724 4332 2063 4392 porrectum.
2086 4321 2139 4375 in
2171 4335 2331 4375 unam

762 4413 1075 4465 continuam
1108 4414 1297 4466 urbem
1324 4414 1673 4467 coalescunt:
1703 4429 1825 4482 qua:
1845 4415 2111 4482 integram
2146 4421 2333 4481 posset

767 4503 1103 4557 constituere
1131 4505 1503 4573 provinciam:
1538 4506 1740 4574 quippe
1789 4520 1911 4573 qua:
1962 4502 2333 4573 magnitudine

764 4609 858 4647 sua
890 4605 1103 4649 tantum
1145 4596 1198 4647 in
1232 4609 1289 4647 se
1316 4595 1713 4661 complectitur,
1740 4605 2003 4663 quantum
2032 4594 2084 4647 in
2115 4592 2334 4660 reliquis
2366 4584 2412 4644 D

765 4686 1018 4740 omnibus
1049 4686 1211 4739 siuml
1249 4687 1483 4753 replerire
1542 4686 1723 4737 lorsau
1785 4686 1924 4737 haud
1982 4684 2140 4738 facile
2172 4692 2336 4737 esset.

767 4776 883 4843 Ipse
916 4787 1096 4830 autem
1137 4790 1325 4829 murus
1357 4778 1570 4840 longus,
1615 4790 1720 4829 non
1756 4776 1930 4828 solum
1982 4774 2197 4840 longus.
2244 4772 2338 4825 sed

767 4870 927 4922 etiam
948 4869 1127 4937 largus
1145 4870 1391 4936 altusque
1412 4867 1732 4935 murusjure
1752 4876 1931 4934 posset
1947 4865 2338 4935 cognominat-i1

767 4977 887 5014 cum
911 4962 1033 5015 talis
1054 4975 1117 5014 ac
1156 4960 1445 5023 tantussit,
1494 4960 1612 5013 utsi
1665 4960 1971 5027 promiscue
2012 4973 2074 5010 ex
2116 4954 2342 5024 quibus-

768 5067 982 5122 cunque
1045 5052 1310 5121 lapidibus
1339 5050 1733 5119 ﬂuminumque
1790 5049 1994 5119 glarea,
2034 5058 2087 5102 et
2120 5048 2343 5104 minutis

770 5148 939 5217 petris
998 5156 1348 5211 constructus
1434 5154 1601 5204 esset,
1693 5143 1878 5211 utique
1929 5144 2339 5196 admirationem

772 5245 1099 5289 Iuereretur.
1144 5234 1248 5286 Sed
1287 5234 1375 5286 ille
1399 5233 1704 5300 hujusmodi
1734 5248 1987 5287 saxorum
2051 5234 2188 5284 mole
2215 5247 2346 5283 cou-

776 5339 905 5391 stat,
938 5339 993 5380 et
1013 5328 1102 5380 tali
1135 5336 1249 5379 arte
1277 5334 1360 5377 est
1398 5332 1727 5386 exstructus,
1759 5332 1817 5376 ut
1846 5322 1888 5375 si
1929 5322 2006 5373 vel
2037 5323 2099 5373 ad
2143 5338 2342 5389 paucas

768 5434 964 5489 orgyas
992 5420 1397 5475 extenderetur,
1450 5423 1729 5481 stuporem
1776 5414 2143 5481 spectantibus
2202 5414 2343 5465 haud

772 5513 1331 5572 umneritoaﬂerret:
1364 5511 1561 5579 quippe
1621 5524 1743 5562 cum
1806 5524 1963 5561 mons
2017 5512 2196 5559 Verius
2254 5510 2341 5568 sit,

769 5622 934 5676 quam
974 5620 1185 5657 murus.
1238 5606 1387 5656 Adeo
1415 5603 1634 5672 qundem
1675 5610 1730 5654 ut
1770 5600 1811 5654 si
1863 5599 2007 5651 funis
2064 5598 2344 5666 velproje-

769 5716 800 5755 c
825 5715 871 5752 at
903 5699 1073 5751 trabis
1106 5698 1277 5751 instar
1304 5696 1528 5765 pensilis
1555 5703 1699 5747 esset
1723 5693 2135 5746 convenientem
2171 5690 2345 5759 longi-

771 5790 947 5843 tudini
978 5789 1279 5842 crassitiem
1314 5789 1619 5840 obtineret:
1651 5799 1771 5853 quae
1804 5783 2023 5852 quidem
2086 5783 2138 5836 in
2202 5783 2345 5853 istis,

773 5900 840 5938 ne
891 5883 1325 5952 disnumpaulur,
1374 5878 1687 5949 requiritur.
1744 5875 1878 5931 Cum
1935 5886 2112 5930 tamen
2158 5889 2346 5928 murus

2426 3340 2519 3392 καὶ
2550 3336 2755 3407 Ἱερῶν,
2790 3334 2884 3386 καὶ
2909 3331 3185 3393 Κυανέων,
3223 3330 3333 3381 εἴτε
3378 3327 3488 3380 ἀπὸ
3513 3324 3613 3393 τῆς
3643 3324 3847 3384 Ἀσίας,
3887 3321 3997 3373 εῖτε

2427 3432 2532 3484 άπδι
2577 3428 2676 3495 τῆς
2710 3422 2977 3494 Εὐρώπης
3004 3421 3187 3489 κύκλῳ
3218 3420 3317 3490 τὴν
3360 3416 3719 3488 Προποντίδα,
3766 3419 3864 3469 καὶ
3898 3414 3999 3474 τάς

2428 3524 2483 3573 έν
2518 3522 2654 3587 αὑτῇ
2682 3517 2948 3576 κυκλάδας
2981 3517 3047 3583 τῇ
3075 3513 3228 3566 πόλει
3252 3511 3469 3580 νήσους,
3500 3510 3592 3562 καὶ
3616 3510 3673 3560 to
3706 3506 3872 3576 κέρας
3900 3503 3997 3559 τοῦ

2425 3610 2663 3678 λιμένος,
2698 3608 2792 3660 καὶ
2844 3608 2966 3659 όσον
3009 3604 3218 3659 ἄνωθεν
3275 3602 3433 3672 μέχρι
3470 3600 3647 3670 φάρου
3695 3596 3997 3667 περιιοῦσι,

2429 3699 2629 3769 συνεχῆ
2666 3700 2960 3767 προάστεια
2990 3692 3057 3765 ἧν
3078 3698 3144 3765 τῇ
3175 3694 3324 3746 πόλει
3347 3709 3361 3725 ο
3383 3686 3458 3746 ὧν
3493 3694 3546 3744 εί
3565 3708 3649 3755 τις
3677 3690 3806 3753 τοὺς
3833 3691 4001 3752 ναοὺς

2427 3795 2522 3846 καὶ
2547 3792 2642 3854 τὰς
2671 3789 2954 3859 οἰκοδομὰς
2987 3780 3229 3857 βούλοιτο
3258 3774 3601 3851 καταλέγειν,
3634 3782 3877 3851 ίστορίαν
3912 3782 4003 3846 ἂν,

2428 3888 2522 3935 καὶ
2552 3880 2758 3948 ταύτην
2792 3882 2853 3933 οὑ
2907 3879 3169 3949 σμικρὰν,
3223 3875 3585 3944 ἀναγκάζοιτο
3619 3874 3998 3942 συγγράφειν·

2431 3974 2523 4026 καὶ
2553 3973 2689 4026 αὑτά
2721 3971 2778 4024 δὲ
2817 3972 2884 4023 τά
2905 3971 3225 4039 προάστεια,
3257 3969 3358 4021 οὑκ
3399 3966 3565 4035 ὀλίγῳ
3599 3965 3757 4034 μέρει
3784 3964 3873 4017 διὰ
3906 3964 4006 4039 τού

2434 4061 2645 4135 μακροῦ
2679 4056 2973 4128 λεγομένου
3018 4062 3231 4127 τείχους
3274 4057 3381 4111 ἀπὸ
3410 4055 3509 4124 τῆς
3540 4054 3688 4108 κάτω
3722 4051 4001 4122 θαλάττης

2429 4160 2509 4219 είς
2526 4157 2624 4225 τὴν
2656 4154 2767 4207 ἄνω
2790 4153 2882 4203 καὶ
2906 4151 2995 4203 τὸν
3029 4148 3277 4215 Εὔξεινον
3304 4148 3581 4217 διήκοντος
3606 4145 3756 4206 πόλις
3792 4144 4003 4209 ἐγίνετο

2433 4248 2673 4315 ὑπαρχία
2702 4243 2971 4311 δλναμένη
3001 4240 3164 4305 εῖναι,
3204 4240 3280 4309 τῷ
3328 4238 3547 4308 μεγέθει
3580 4236 3818 4289 τοσαῦτα
3847 4252 4001 4302 περι-

2432 4340 2712 4398 κλείουσα,
2742 4335 2841 4385 ὅσα
2877 4333 2933 4383 έν
2961 4329 3097 4400 ὁμοῦ
3130 4329 3335 4391 πάσαις
3370 4332 3489 4390 ταῖς
3523 4327 3713 4388 ἄλλαις
3747 4325 3911 4395 ἔργον
3937 4321 4003 4393 ἦν

2435 4431 2564 4490 ίσως
2610 4427 2808 4494 εὑρεῖν.
2844 4425 2987 4476 Αὐτὸ
3030 4423 3085 4474 δὲ
3113 4421 3175 4473 τὸ
3212 4420 3420 4490 μακρὸν
3468 4420 3643 4487 τεῖχος
3695 4417 3753 4467 οὑ
3788 4420 4003 4486 μακρὶν

2440 4523 2619 4590 μόνον,
2664 4517 2801 4571 ἀλλά
2843 4516 2936 4568 καὶ
2966 4512 3138 4567 πλατὺ
3178 4514 3345 4581 τεῖχος
3391 4509 3610 4570 δικαίως
3661 4508 3752 4561 καὶ
3802 4508 4005 4575 ὑψηλὸν

2441 4607 2558 4659 κατ’
2589 4603 2908 4671 ἐπωνυμίαν
2962 4599 3193 4668 ἠδύνατο
3238 4596 3556 4650 καλεῖσθαιο
3607 4596 3862 4649 τοσοῦτον
3904 4596 4005 4663 μὲν

2440 4697 2685 4759 δν,ῶστε
2715 4696 2762 4747 εί
2810 4694 3047 4754 καὶτοῖς
3096 4689 3317 4761 τυχοῦσι
3370 4689 3562 4750 λίθοις,
3610 4688 3703 4740 καὶ
3751 4688 3868 4748 ταῖς
3897 4688 4005 4737 ἀπ’)

2442 4791 2549 4841 τῶν
2600 4784 2857 4854 ποταμῶν
2911 4783 3006 4836 καὶ
3060 4782 3377 4851 χειμάρρων
3416 4780 3627 4847 βώλοις,
3663 4778 3758 4830 καὶ
3797 4793 4008 4844 χερμα-

2442 4881 2571 4943 δίοις
2611 4878 2797 4938 ἁπλῶς
2868 4875 3166 4934 συνέκειτο,
3220 4875 3367 4938 ἄξιον
3396 4871 3455 4925 ὃν
3485 4871 3759 4938 θαυμάσαι
3781 4886 3795 4900 ·
3830 4868 4009 4921 τοιού-

2443 4987 2566 5031 τους
2603 4968 2681 5031 δὲ,
2711 4970 2758 5019 εί
2785 4969 2839 5020 δὲ
2873 4966 3069 5034 βούλει,
3111 4964 3462 5031 τηλικούτους
3490 4965 3617 5024 τοὺς
3650 4960 3831 5021 λίθους
3864 4960 4007 5029 ἕχον,

2447 5061 2539 5114 καὶ
2566 5059 2821 5128 τοιαύτην
2850 5057 2947 5127 τὴν
2980 5056 3373 5124 δομησαμὲνην
3418 5054 3631 5123 τέχνην,
3666 5051 3804 5104 ὥστε
3832 5052 3881 5107 εί
3916 5051 4010 5102 καὶ

2444 5154 2637 5219 ὀλίγων
2667 5136 2900 5219 ὀργυιῶν
2928 5144 3016 5217 ἦν,
3043 5147 3266 5209 δικαίως
3305 5147 3371 5199 ἂν
3404 5146 3705 5214 παρασχεῖν
3746 5143 4009 5210 ἔκπληξιν

2447 5244 2555 5304 τοῖς
2601 5239 2907 5308 θεωμένους
2958 5238 3081 5305 δρος
3116 5235 3173 5287 ὃν
3222 5236 3421 5304 μᾶλλον
3454 5235 3487 5303 ἢ
3532 5235 3735 5300 τεῖχος·
3772 5230 3914 5282 ὥστε
3961 5232 4011 5281 εί

2450 5328 2757 5395 κρεμαστὸν
2792 5320 2858 5395 ἧν
2889 5324 3078 5392 ὥσπερ
3108 5339 3158 5375 τι
3190 5321 3419 5391 σχοινίον
3448 5322 3481 5391 ἣ
3509 5320 3661 5379 δοκὸς
3691 5320 4012 5387 διατεταμέ-

2450 5434 2557 5473 νον.
2596 5415 2853 5479 ἀνάλογον
2902 5413 2979 5481 τῷ
3029 5413 3195 5481 μήκει
3243 5411 3302 5463 τὸ
3344 5413 3513 5478 πάχος
3542 5406 3702 5467 εἶναι,
3737 5408 3926 5478 ῶσπερ
3953 5410 4010 5459 ὲν

2450 5503 2671 5563 ἐκείνοις
2705 5502 2944 5569 ζητεῖται
2976 5503 3108 5570 πρὸς
3138 5502 3197 5551 τὸ
3232 5502 3304 5570 μὴ
3347 5498 3747 5570 διαρραγῆναι·
3773 5498 3908 5549 αὑτό
3949 5512 4010 5549 τε

2452 5593 2543 5645 καὶ
2575 5592 2633 5644 τὸ
2665 5593 2761 5661 τῆς
2787 5593 3011 5656 πόλεως,
3043 5594 3072 5661 ἢ
3101 5592 3300 5661 μάλλον
3331 5591 3398 5643 τὰ
3426 5591 3520 5659 τῆς
3556 5588 3785 5651 πίλεως,
3820 5587 4010 5654 ὥσπερ

2452 5684 2688 5753 εἴρηται,
2739 5686 2829 5737 ἐπὶ
2866 5686 3131 5754 τοσαύτης
3177 5686 3269 5738 καὶ
3299 5683 3439 5735 οὑτω
3477 5683 3859 5749 δυνατωτάτης
3892 5681 4011 5731 τότε

2453 5777 2647 5845 ἀρχῆς.
2692 5776 3162 5845 μεγαλοπρεπείας
3210 5774 3410 5844 μᾶλλον
3438 5776 3618 5843 χάριν,
3659 5771 3846 5841 ὥσπερ
3885 5769 4013 5823 ἄλλο

2454 5884 2506 5919 τι
2539 5865 2645 5917 τῶν
2704 5866 2842 5918 κατὰ
2888 5869 2983 5936 τὴν
3039 5864 3190 5918 πόλιν
3247 5863 3595 5934 θαυμαστῶν,
3647 5864 3913 5931 γενόμενα
3977 5860 4010 5928 ἢ
