4202 6444
252 463 318 526 ίῦ
1328 462 1695 525 EPISTULA
1734 464 1832 524 AD
1866 462 2227 525 JOANNEM
2270 463 2423 523 IMP.
3458 462 3529 523 4-6

246 585 452 656 χρείας.
519 584 667 654 Ὂσῳ
734 583 839 652 γὰρ
896 599 1060 656 ηττον
1122 584 1385 654 μεγέθους
1442 584 1640 653 τειχῶν
1706 585 1822 637 τότε

1933 585 2021 636 ille
2051 592 2105 636 et
2128 582 2333 649 reliqua
2362 580 2513 636 urbis
2541 581 2905 647 munimenta,
2954 596 3073 651 qua:
3098 582 3232 646 dixi,
3258 584 3421 637 validi
3464 602 3529 638 ac

247 682 435 740 ἐδεῖτο,
478 679 714 746 τοσούτῳ
744 679 912 733 πλείω
937 719 953 742 ,
995 679 1075 732 ἔτι
1110 680 1165 733 δὲ
1218 680 1388 748 μείζω
1422 683 1597 734 ταῦτα
1635 698 1823 745 περιε-

247 771 463 829 ϐάλετο,
498 770 717 837 οἰομένη
759 770 915 821 πόλιν
949 786 1008 821 τε
1059 768 1293 839 πρώτως
1328 770 1437 821 ἀπὸ
1470 770 1581 821 τῶν
1616 771 1825 839 πειχῶν

248 861 555 927 φαίνεσθαι,
590 863 682 913 καὶ
742 860 1048 927 καλεῖσθαι,
1097 864 1193 915 καὶ
1228 862 1363 930 πρὸς
1394 864 1484 915 τὸν
1518 865 1737 917 ἅπαντα
1770 864 1823 916 δὲ

244 952 460 1019 χρόνον,
488 952 546 1003 ού
582 953 717 1020 πρὸς
742 952 841 1021 τὴν
873 953 1160 1021 παροῦσαν
1194 953 1606 1021 μόνον-ἡλικίαν
1648 952 1822 1005 ταῦτα

244 1044 529 1109 γίνεσθαι*
578 1042 663 1109 ἐφ’
709 1036 769 1094 οὗ
811 1041 981 1095 πολλὰ
1030 1042 1149 1095 κατ’
1186 1041 1505 1111 ἀνθρώπους
1559 1042 1822 1095 δύνασθαι

245 1133 556 1201 συμϐῆναιυ
600 1133 693 1185 καὶ
750 1132 855 1183 τῶν
905 1134 1182 1200 μεγίστων
1230 1130 1330 1195 μὲν
1380 1125 1519 1182 εἶναι
1550 1131 1638 1181 τὸν
1671 1132 1822 1197 παρὰ

243 1224 356 1275 τῶν
389 1224 599 1277 πολλῶν
633 1224 850 1292 φηὸνον,
884 1226 1147 1293 μεγίστας
1178 1224 1234 1277 δὲ
1279 1220 1416 1277 εἶναι
1453 1225 1674 1287 καὶτὰς
1722 1242 1821 1293 με·

244 1316 479 1379 ταὸολάς
502 1332 516 1344 ⁶
549 1316 692 1369 ὥστε
725 1317 786 1369 ού
818 1317 978 1386 μόνον
1004 1319 1103 1385 τῆς
1130 1317 1413 1385 δυνάμεως
1448 1316 1554 1369 τῶν
1584 1333 1820 1383 πεποιη-

244 1408 444 1467 κότων,
497 1408 631 1459 ἀλλὰ
666 1407 761 1460 καὶ
806 1412 906 1478 τῆς
955 1410 1037 1471 εἰς
1096 1410 1157 1461 τὸ
1192 1408 1387 1476 μέλλον
1417 1408 1675 1478 προνοίας
1726 1411 1819 1461 καὶ

245 1498 561 1566 φρονήσεως
624 1499 803 1553 αὐτῶν
869 1500 1032 1571 μέχρι
1081 1500 1276 1554 πολλοῦ
1340 1501 1589 1571 σύμϐολα
1633 1501 1827 1571 agape-

246 1605 386 1644 νειν,

1937 675 2302 743 potentissimi
2337 674 2548 742 imperii
2582 686 2847 743 tempore,
2905 683 3171 728 utcaatera
3200 675 3522 731 admiranda

1935 782 2096 834 opera
2130 766 2276 820 illius
2332 767 2506 830 urbis,
2561 768 2740 834 potius
2772 768 2836 820 ad
2881 767 3335 835 magnificentiam
3362 786 3524 836 quam

1936 875 2090 912 usum
2121 870 2395 913 exstructa
2444 860 2666 913 fuerint.
2701 860 2915 924 Quanto
2951 863 3097 914 enim
3129 862 3312 916 minus
3342 879 3531 915 muro-

1935 968 2055 1005 rum
2092 954 2465 1021 magnitudine
2500 964 2625 1005 tunc
2663 953 2956 1020 indigebat,
3004 970 3067 1007 eo
3101 965 3154 1007 et
3186 956 3436 1024 pluribus
3473 966 3527 1010 et

1931 1044 2236 1112 majoribus
2270 1046 2446 1098 cincta
2478 1044 2601 1098 fuit.
2645 1046 2856 1113 Quippe
2874 1061 2995 1098 cum
3031 1048 3313 1102 crederent
3337 1049 3526 1103 urbem

1946 1140 2182 1202 primttm
2203 1154 2267 1190 ex
2291 1140 2459 1191 muris
2491 1155 2773 1207 apparere,
2809 1154 3115 1208 nomenque
3141 1142 3263 1195 inde
3278 1143 3529 1211 accipere

1926 1236 1981 1279 et
2003 1230 2168 1281 hosce
2188 1244 2293 1282 non
2345 1242 2593 1297 pra-senti
2642 1240 2847 1283 tantum
2885 1232 3053 1295 atati,
3104 1234 3196 1287 sed
3250 1235 3314 1288 ad
3369 1251 3530 1289 onme

1929 1318 2175 1372 futurum
2232 1330 2446 1388 tempus
2492 1324 2737 1374 exstrui:
2786 1325 2941 1392 cujus
3001 1339 3293 1393 progressu
3357 1329 3525 1379 multa

1929 1409 2243 1464 hominibus
2266 1412 2485 1465 evenire
2512 1423 2754 1479 possunt;
2781 1414 3050 1482 inquibus
3072 1416 3363 1470 multorum
3393 1420 3531 1470 invi-

1936 1502 2023 1554 dia
2075 1504 2159 1556 vel
2188 1502 2520 1571 praecipuum
2552 1505 2731 1557 locum
2764 1506 2993 1567 obtinet,
3024 1516 3135 1559 tum
3158 1508 3322 1561 etiam
3349 1514 3521 1563 maxi-

1935 1609 2055 1648 mas
2100 1609 2283 1647 rerum
2319 1596 2647 1649 mutationes
2686 1598 3026 1665 contingere,
3066 1598 3136 1651 ita
3172 1610 3230 1653 ut
3272 1601 3384 1655 bzec
3417 1619 3523 1657 non

244 1681 425 1737 solum
471 1683 727 1751 potentiae
747 1684 1117 1749 conditorum,
1144 1686 1237 1743 sed
1262 1686 1426 1740 etiam
1455 1688 1813 1757 providentia:
1835 1686 1902 1740 de
1932 1686 2129 1742 futuris
2154 1699 2206 1741 et
2231 1688 2532 1755 prudentia:
2552 1700 2873 1758 argumenta
2901 1707 3063 1760 quam
3092 1694 3397 1749 diutissime
3439 1712 3534 1750 su-

245 1788 558 1842 peressent.

331 1869 473 1924 ’Λλλ“
506 1870 626 1924 οὑδδ
670 1872 950 1941 μνήματα,
984 1872 1018 1943 ἢ
1052 1871 1282 1940 τάφους,
1334 1872 1367 1941 ἢ
1420 1873 1644 1941 στήλας,
1674 1873 1704 1943 ἦ
1740 1874 1834 1926 άν-

2014 1868 2171 1935 Quod
2204 1868 2251 1921 si
2285 1878 2660 1935 monumcnta,
2703 1871 2974 1937 sepulcra,
3015 1872 3302 1927 columnas
3328 1882 3380 1926 et
3416 1883 3529 1926 sta-

243 1964 524 2034 δριάντας,
561 1967 656 2018 ἐπὶ
678 1966 776 2035 τῆς
807 1968 1087 2036 ἡμετέρας
1122 1967 1331 2028 πόλεως
1352 1965 1571 2035 ὄνταςῆ
1603 1968 1822 2034 γενομέ-

1936 1972 2058 2016 tuas
2108 1971 2307 2016 nostra:
2349 1962 2503 2017 urbis
2554 1978 2988 2017 commemorare
3038 1965 3253 2028 vellem,
3280 1981 3399 2033 quae
3445 1966 3524 2019 vel

250 2073 386 2118 νους
411 2056 732 2126 βουλόμενος
765 2058 832 2110 ἂν
869 2058 1046 2111 εἰπεῖν
1076 2058 1318 2125 ἠπόρουν
1353 2056 1505 2118 ῐσωςο
1540 2056 1653 2109 ἀλλ’
1680 2057 1833 2110 ἐλάτο

245 2164 327 2199 τω
353 2147 453 2215 μὶν
480 2148 610 2210 tota;
636 2146 862 2215 ἔμελλον
888 2146 998 2199 τῶν
1030 2147 1182 2216 παρά
1226 2146 1440 2209 τούτοις
1471 2147 1674 2215 λέγειν,
1700 2148 1833 2200 καλ-

243 2240 347 2292 λίω
374 2241 432 2292 δὲ
461 2238 575 2293 ἔνια
601 2241 696 2292 καὶ
723 2238 1166 2310 περιφανέστερα
1215 2238 1396 2307 πολλῷ
1439 2240 1548 2293 τῶν
1588 2240 1735 2310 τῇδε.
1764 2240 1828 2292 Τί

243 2332 358 2399 γὰρ
376 2333 405 2385 ὁ
426 2332 522 2385 τοῦ
547 2331 768 2385 κτίστου
794 2331 894 2401 μὲν
917 2331 1015 2384 καὶ
1040 2329 1616 2400 πολιούχουσβασιλὲως
1638 2332 1827 2397 τάφος,

244 2423 346 2476 καὶ
372 2425 420 2475 οί
447 2426 554 2475 των
588 2422 766 2477 ἄλλων
788 2423 898 2475 τῶν
924 2423 1055 2493 περὶ
1109 2423 1272 2475 αὑτὸν
1303 2425 1393 2476 ἐπὶ
1421 2423 1515 2474 τοῦ
1548 2422 1829 2490 βασιλικοῦ

244 2516 621 2585 ¹ιεινιλυανὸίεοίου.
656 2516 684 2568 ὃ
726 2520 888 2585 μόνον
930 2516 1118 2585 Θαῦμα
1151 2512 1220 2586 ἦν
1274 2517 1424 2579 ίδείν,
1484 2514 1670 2567 πολλοὶ
1730 2515 1828 2584 μὲν

242 2608 432 2678 κύκλῳ
451 2609 751 2679 σωζόμενοι
770 2608 898 2679 περὶ
913 2610 1007 2661 τὸν
1030 2608 1156 2663 ναὸν
1176 2608 1285 2660 τῶν
1318 2609 1517 2663 ’Δποστ
1527 2609 1677 2673 ὅλων,
1702 2609 1829 2661 πολ-

241 2700 329 2755 λοὶ
349 2700 406 2753 δὲ
441 2701 542 2771 ήδη
566 2702 660 2755 καὶ
681 2701 1043 2768 ἀπολωλότες,
1063 2701 1157 2755 καὶ
1193 2702 1344 2756 ἄλλοι
1380 2701 1437 2754 δὲ
1467 2701 1705 2771 ἀλλαχοῦ
1728 2703 1827 2772 τῆς

241 2794 454 2856 πόλεως
485 2796 577 2846 ἐπὶ
606 2797 713 2847 τῶν
761 2794 1053 2862 προνάωνς
1112 2796 1178 2846 Τί
1209 2796 1266 2847 δὲ
1317 2798 1349 2865 ἠ
1402 2795 1497 2848 τοῦ
1534 2798 1824 2866 νομοθέτου

244 2888 513 2957 βασιλέως
544 2887 754 2957 στήλης
789 2888 898 2939 Καὶ
927 2889 1061 2957 περὶ
1086 2887 1279 2940 τοῦτον
1308 2888 1364 2941 δὲ
1403 2885 1470 2940 αὖ
1499 2888 1659 2942 ἄλλαι
1693 2892 1789 2959 στῆ
1810 2918 1822 2929 -

240 2982 336 3034 ita:
363 2982 672 3049 γεγόνασιν,
706 2982 756 3034 εἰ
790 2982 1097 3050 μέμνημαι,
1130 2981 1265 3051 πρὸς
1312 2981 1581 3043 ἀνατολὰς
1632 2982 1825 3032 πολλαὶ

241 3078 443 3129 κιόνων
476 3078 729 3143 ἐξαισίων
762 3078 1084 3149 ἀνεχόντων.
1115 3076 1242 3133 Ὀτι
1288 3077 1344 3131 δὲ
1377 3077 1471 3130 καὶ
1495 3078 1645 3132 ἄλλοι
1676 3079 1825 3130 πλεῖ-

244 3187 364 3222 στοι
394 3170 488 3221 ἐπὶ
516 3169 615 3233 τῆς
647 3169 853 3233 πόλεως
873 3168 1107 3223 τοιοῦτοι
1152 3170 1473 3241 ἀνδριάντες
1517 3167 1680 3241 ἦσαν,
1712 3171 1817 3222 δεί-

1937 2069 2082 2109 nnnc
2115 2064 2363 2116 exstant,
2391 2056 2475 2108 vel
2507 2055 2636 2108 olim
2674 2055 2849 2120 fuere,
2880 2058 3136 2111 fortassis
3163 2074 3262 2111 nec
3292 2059 3378 2112 bic
3410 2074 3528 2110 ma.

1937 2149 2106 2202 teries
2163 2147 2297 2201 mihi
2349 2146 2643 2212 deﬁreret;
2682 2149 2774 2203 sed
2828 2150 3077 2217 quamvis
3116 2166 3343 2204 numero
3385 2150 3524 2204 forte

1938 2240 2220 2309 pauciora,
2256 2255 2421 2310 quam
2445 2241 2533 2293 hic
2559 2242 2692 2303 sint,
2713 2250 2949 2296 attamen
2981 2245 3239 2297 nonnulla
3271 2245 3336 2298 iis
3367 2245 3527 2311 longe

1936 2332 2246 2399 pulchriora
2316 2340 2368 2386 et
2445 2331 2816 2400 splendidiora
2886 2347 3333 2386 commemorem.
3392 2333 3523 2386 Nam

1940 2426 2071 2492 quid
2114 2426 2348 2480 Caesaris
2379 2424 2527 2478 illius
2577 2425 2915 2492 sepulcrum,
2974 2439 3135 2493 quem
3181 2426 3522 2480 conditorem

1933 2530 2001 2569 ac
2030 2516 2315 2573 tutelarem
2351 2532 2413 2569 ea
2443 2516 2574 2569 urbs
2593 2517 2844 2583 agnoscit
2869 2518 2892 2569 ἲ
2918 2518 3045 2585 quid
3082 2520 3255 2571 vicina
3290 2521 3529 2588 reliquo-

1934 2626 2053 2662 tum
2077 2622 2426 2664 monumenta
2451 2624 2516 2662 eo
2550 2612 2671 2663 loco
2696 2609 2785 2662 ubi
2808 2610 3201 2679 imperatorum
3229 2616 3527 2681 sepultura:

1935 2705 2187 2757 visuntur
2216 2701 2239 2754 Υ
2267 2703 2449 2756 resvel
2476 2704 2595 2756 solo
2619 2703 2740 2757 visu
2775 2702 3126 2757 admiranda:
3148 2719 3381 2773 quoru-n
3414 2724 3523 2760 non

1932 2813 2103 2865 pauca
2123 2796 2301 2851 adhuc
2320 2806 2612 2866 supersunt
2633 2796 2775 2851 circa
2796 2800 2962 2851 aedem
2989 2796 3091 2852 SS.
3110 2799 3521 2867 Apostolorum;

1931 2891 2100 2945 multa
2125 2907 2344 2960 quoque
2388 2890 2500 2960 jam
2534 2890 2879 2954 interierunt;
2912 2890 3016 2943 alia
3046 2891 3208 2945 etiam
3234 2894 3433 2962 pas-sim
3466 2894 3521 2947 in

1932 2993 2261 3053 tempiorum
2298 2986 2581 3062 vestibuys
2612 2991 2849 3037 exstant.
2901 2984 3042 3049 Quid
3079 3001 3210 3039 vero
3245 2996 3424 3040 statua
3458 2987 3516 3040 il.

1932 3077 2036 3131 lius
2064 3076 2413 3147 imperatoris
2443 3077 2538 3151 qui
2564 3078 2741 3146 legum
2767 3086 2962 3130 auctor
2988 3076 3091 3132 fuit
3118 3080 3323 3148 ?quam
3360 3081 3525 3135 vicis-

1928 3172 2031 3227 sim
2057 3171 2240 3224 tnultae
2263 3172 2382 3224 alia:
2401 3178 2595 3224 statua:
2620 3171 2687 3223 ab
2708 3180 2855 3231 ortu,
2875 3170 2918 3223 si
2953 3181 3098 3225 recte
3120 3173 3369 3233 memini,
3404 3191 3488 3227 ma
3506 3203 3521 3213 -

241 3281 438 3316 κνυται
470 3264 577 3315 ἀπὸ
599 3263 708 3314 τῶν
735 3262 1078 3330 φαινομένων
1107 3262 1319 3331 βάσεων
1362 3263 1560 3325 αὐτῶν,
1589 3266 1683 3316 καὶ
1713 3264 1821 3316 τῶν

1933 3266 2095 3318 ximis
2120 3265 2391 3318 columnis
2427 3265 2698 3333 imposita:
2752 3265 2991 3333 nudique
3041 3265 3349 3334 cingebant.
3411 3268 3520 3323 Sed

240 3357 303 3407 ὲν
335 3354 521 3417 αὐτοῖς
562 3354 1004 3424 ἐπιγραμμάτων
1031 3371 1046 3385 ο
1090 3348 1162 3407 ὧν
1198 3354 1357 3409 ἄλλαι
1415 3356 1512 3423 μὲν
1562 3355 1820 3425 ἀλλαχοῦ,

240 3448 499 3500 πλεῖσται
551 3446 607 3500 δὲ
657 3442 797 3518 ἦσαν
837 3450 895 3501 ὲν
956 3447 1336 3517 Ἱπποδρόμῳ·
1366 3449 1461 3501 καὶ
1518 3448 1684 3510 ἄλλας
1728 3448 1824 3500 καὶ

244 3540 509 3602 πλείστας
542 3537 680 3593 εἶδον
711 3539 874 3602 αὐτὸς
928 3540 1214 3610 πρότερον,
1263 3539 1329 3603 ἃς
1355 3539 1450 3592 νῦν
1500 3536 1619 3594 οῖδα
1658 3542 1823 3609 ἀφαι-

244 3631 520 3700 ρεθείσας.
556 3632 675 3684 Εἰσὶ
703 3632 759 3685 δὲ
802 3632 850 3684 οἳ
878 3631 1098 3698 λέγουσι
1128 3634 1222 3685 καὶ
1252 3634 1345 3684 τὸν
1391 3634 1486 3685 ἐπὶ
1510 3632 1606 3683 τοῦ
1637 3632 1819 3699 Ξηροῦ

237 3725 407 3792 λόφου
444 3723 618 3786 κίονα,
676 3727 769 3777 καὶ
825 3725 916 3776 τὸν
962 3725 1191 3793 ἀντικρὺ
1226 3725 1419 3779 τούτου
1474 3725 1612 3792 πρὸς
1666 3725 1819 3793 ἥλιον

240 3818 537 3885 ἀνίσχοντα
561 3816 656 3869 ἐπὶ
683 3816 773 3868 τοῦ
802 3817 990 3886 ἐτέρου
1030 3817 1217 3886 λόφου,
1255 3817 1363 3870 ἀπὸ
1391 3818 1594 3886 ταύρου
1628 3818 1823 3885 κεκλη-

241 3911 430 3977 μένον,
459 3909 646 3978 βάσεις
669 3909 1030 3977 σφυρηλάτων
1068 3910 1327 3980 ἀργυρῶν
1365 3910 1699 3979 ἀνδριάντων
1728 3928 1822 3973 γε-

238 4001 529 4070 γενῆσθαι,
555 4003 646 4052 τὴν
683 4001 780 4069 μὲν
794 4002 887 4053 τοῦ
914 4002 1182 4070 μείζονος,
1205 4003 1295 4054 τὸν
1321 4003 1375 4055 δὲ
1398 4002 1490 4054 τοῦ
1518 4003 1821 4064 ἐλάττονος,

236 4092 383 4146 οὕτω
411 4094 520 4160 γὰρ
548 4094 812 4160 λέγονται,
840 4097 951 4146 τοῖν
970 4094 1272 4147 Θεοδοσίοιν
1292 4110 1306 4125 ⁸
1335 4095 1431 4158 οὖς
1465 4096 1628 4148 πόσον
1654 4097 1822 4166 ἐχρῆν

237 4188 498 4255 γενέσθαι
536 4188 826 4254 μεγάλους,
858 4190 950 4240 καὶ
985 4189 1225 4257 τιμίους,
1263 4190 1354 4241 καὶ
1383 4190 1606 4251 καλοὺς,
1631 4190 1820 4256 φαίνε-

236 4300 327 4333 ται
364 4281 476 4334 ἀπὸ
506 4280 597 4334 τοῦ
637 4281 887 4343 κάλλους,
926 4279 1143 4333 καὶτοῦ
1175 4280 1365 4349 ὕψους,
1396 4282 1487 4333 καὶ
1532 4280 1633 4348 τῆς
1678 4281 1820 4349 λαμ-

238 4372 537 4442 πρότητος,
574 4373 668 4425 καὶ
697 4373 793 4441 τῆς
825 4371 1176 4433 πολυτελείας
1208 4370 1318 4423 τῶν
1352 4372 1655 4441 κρηπίδων.
1680 4370 1825 4424 T416-

235 4481 303 4514 τα
336 4465 394 4515 δὲ
450 4462 781 4531 ἐνθυμηθεὶς
834 4460 1115 4531 ἐμνήσθην
1168 4462 1374 4529 μεταξὺ
1443 4464 1537 4514 καὶ
1588 4462 1686 4530 τῆς
1732 4465 1825 4516 ἐπὶ

234 4560 337 4625 τῆς
369 4554 545 4623 αὐτῆς
573 4554 692 4607 ὀδοῦ
722 4570 782 4606 τε
827 4554 921 4606 καὶ
949 4552 1214 4622 γραμμῆς
1278 4554 1414 4621 πρὸς
1456 4554 1669 4621 δυσμάς
1730 4572 1821 4621 γε-

1934 3367 1989 3411 et
2009 3357 2329 3426 aliasbnjus
2349 3358 2565 3426 gmzeris
2594 3366 2805 3411 statuas
2824 3359 3258 3426 quamplurimas
3298 3375 3397 3429 per
3424 3378 3518 3413 ur-

1936 3451 2057 3504 bem
2087 3451 2368 3504 exstitisse
2402 3451 2569 3502 bases
2598 3450 2779 3515 ipsaru
2794 3466 2841 3502 m
2874 3460 2927 3503 et
2964 3452 3366 3519 inscriptiones,
3398 3469 3520 3520 qme

1934 3541 2114 3595 adhuc
2146 3542 2422 3604 visuntur,
2451 3544 2785 3595 ostendunt:
2812 3558 3044 3610 quarum
3070 3544 3190 3597 alite
3211 3545 3334 3598 aliis
3365 3545 3418 3598 in
3445 3548 3522 3598 lo-

1933 3633 2035 3695 cis,
2068 3633 2159 3685 sed
2190 3629 2437 3700 plurimae
2470 3632 2522 3684 in
2551 3629 2923 3699 Hippodromo
2956 3633 3267 3686 exstabant.
3295 3633 3435 3698 Quin
3464 3645 3520 3689 et

1936 3723 2052 3791 ipse
2090 3723 2222 3776 olim
2251 3724 2450 3777 nmltas
2479 3723 2614 3775 alias
2648 3722 2779 3788 \idi,
2803 3739 2942 3790 quas
2973 3740 3114 3777 nunc
3147 3727 3356 3781 ablatas
3379 3730 3516 3784 scio,

1934 3812 2044 3868 Nec
2077 3813 2279 3868 desunt
2311 3817 2403 3884 qui
2435 3815 2745 3868 columnam
2791 3830 2912 3883 qua:
2952 3817 3003 3867 in
3034 3818 3170 3871 colle
3203 3818 3518 3889 Xerolopbo

1933 3914 2134 3969 exstat.
2194 3917 2255 3961 ut
2284 3919 2337 3960 et
2371 3908 2623 3968 alteram,
2657 3922 2778 3975 qua:
2808 3908 3170 3963 exadversum
3204 3912 3269 3964 ad
3341 3916 3511 3968 solem

1929 3998 2221 4063 orientem,
2254 3999 2307 4052 in
2339 4000 2477 4054 colle
2506 4000 2599 4069 qui
2627 4015 2657 4053 a
2683 3999 2864 4053 Tauro
2889 4017 3088 4056 nomen
3117 4003 3294 4065 habet,
3318 4006 3516 4064 duelas

1934 4106 1997 4143 ex
2045 4104 2272 4162 argento
2316 4103 2526 4147 statuas
2563 4094 2891 4148 sustinuisse
2929 4094 3243 4151 afﬁrmant:
3277 4114 3510 4167 quarum

1934 4183 2154 4252 quidem
2176 4185 2345 4237 altera
2367 4184 2614 4253 majoris,
2634 4185 2806 4239 altera
2828 4187 3058 4240 minoris
3078 4190 3369 4244 Theodosii
3393 4194 3513 4247 t'ue-

1936 4276 2027 4340 rit,
2048 4276 2199 4329 hisce
2217 4275 2359 4328 enim
2380 4277 2693 4332 nominibus
2712 4277 2871 4348 vulgo
2888 4276 3513 4348 distinguttntttr.Quan-

1934 4378 2017 4421 tas
2061 4376 2261 4429 autem.
2295 4384 2460 4437 quam
2494 4369 2785 4437 pretiosas,
2817 4380 2871 4424 et
2922 4387 3085 4440 quam
3122 4374 3387 4438 puleliras‘
3416 4391 3510 4431 eas

1935 4462 2107 4517 fuisse
2135 4470 2409 4531 oporteat,
2432 4461 2483 4515 id
2504 4477 2631 4516 vero
2651 4478 2715 4516 ex
2744 4464 2952 4517 basium
2986 4465 3409 4532 pulchritudine,
3434 4474 3515 4523 at-

1936 4554 2188 4619 titudine,
2216 4553 2508 4622 splendore
2528 4563 2579 4605 et
2602 4554 3004 4623 magniﬁcentia
3024 4567 3270 4623 apparet.
3299 4555 3503 4615 Verum

234 4649 472 4717 νομὲνης
528 4646 659 4699 ποτὲ
716 4645 890 4713 πύλης
939 4644 1039 4714 τῆς
1098 4644 1324 4708 πόλεως,
1361 4645 1606 4715 πύργους
1668 4646 1822 4709 ὅλους

1933 4647 2064 4699 mihi
2094 4647 2207 4701 hac
2229 4661 2353 4699 cum
2382 4646 2565 4699 animo
2596 4647 2891 4700 revolventi
2941 4648 3156 4701 interim
3190 4651 3244 4704 in
3304 4668 3511 4707 memo-

235 4743 267 4809 ἦ
302 4741 542 4809 φρούρια
568 4740 824 4802 είσιόιτα,
858 4738 1016 4807 εἴπερ
1044 4734 1155 4791 οἷόν
1184 4756 1242 4792 τε
1273 4736 1343 4810 ἦν
1382 4742 1672 4805 κινεῖσθαι,
1726 4744 1821 4794 καὶ

235 4834 477 4896 ὁλκάδας
505 4834 689 4895 αὐτοῖς
737 4832 924 4900 λέφεσι
982 4832 1076 4883 καὶ
1130 4832 1295 4893 ίστοίς
1324 4834 1633 4903 δυναμένης
1666 4835 1821 4898 δέξα-

239 4929 391 4989 εοαι,
428 4928 526 4978 καὶ
564 4926 660 4992 τῆς
687 4924 828 4992 ὑπὲρ
857 4925 1025 4993 αὐτῆς
1052 4925 1377 4993 λαμπούσης
1402 4928 1565 4987 στοᾶς
1601 4928 1819 4997 πόρρω·

235 5024 332 5073 θεν
366 5022 461 5071 καὶ
492 5017 583 5070 τοῦ
638 5018 903 5086 μεγέθους
938 5018 1044 5070 τῶν
1074 5020 1131 5071 ἒν
1163 5019 1300 5087 αὐτῇ
1362 5021 1710 5089 μαρμάρων⁹
1739 5019 1818 5069 ἔτι

232 5116 290 5166 δὲ
319 5109 410 5163 τοῦ
445 5110 551 5177 πρὸ
586 5109 755 5176 αὐτῆς
797 5109 996 5171 κίονος,
1029 5107 1087 5170 ὃς
1116 5109 1214 5161 καὶ
1245 5108 1405 5171 αὐτὸς
1436 5110 1641 5178 στήλην
1671 5111 1819 5161 ἀνεῖ-

233 5221 321 5273 χε.
353 5202 466 5254 Καὶ
491 5203 519 5252 ὁ
551 5201 644 5250 ἐπὶ
681 5198 772 5251 τοῦ
800 5200 988 5268 ἐτέρου
1019 5200 1075 5251 δὲ
1105 5200 1289 5266 λόφου,
1321 5198 1415 5252 τοῦ
1447 5200 1586 5268 ὑπὲρ
1620 5204 1716 5271 τῆς
1744 5202 1819 5252 οἰ-

232 5296 364 5355 κίας
394 5294 460 5361 ἣν
498 5293 591 5342 νῦν
632 5293 822 5352 οἰκεῖς,
873 5292 1009 5353 κίων
1041 5291 1185 5344 οὕτω
1227 5291 1586 5361 καλούμενος,
1621 5295 1717 5344 καὶ
1768 5292 1819 5345 οί

233 5387 333 5438 ἐπὶ
364 5384 464 5436 τοῦ
494 5384 847 5452 στρατηγίου,
887 5385 978 5434 καὶ
1005 5385 1032 5434 ὀ
1056 5385 1149 5437 ἐπὶ
1169 5383 1236 5434 τὰ
1257 5384 1405 5448 δεξιά
1441 5384 1534 5436 τοῦ
1563 5384 1691 5437 ναοῦ
1712 5386 1818 5436 τῶν

246 5475 619 5535 Ἀποστόλων,
648 5475 740 5526 καὶ
769 5473 952 5526 πολλοὶ
984 5473 1186 5542 ἕτεροι,
1222 5474 1411 5541 βάσεις
1437 5476 1602 5542 ἀξίων
1629 5479 1817 5539 αὐταῖς

233 5568 579 5634 ἀνδριάντων
605 5562 766 5637 ἦσαν.
803 5568 867 5618 Τί
897 5568 1004 5636 γὰρ
1045 5568 1110 5621 ἂν
1138 5567 1354 5637 λέγοιμι
1385 5571 1511 5638 περὶ
1540 5570 1635 5622 τοῦ
1681 5574 1818 5639 πρὸς

232 5665 310 5713 ἕω
351 5663 444 5713 ἐπὶ
474 5660 576 5727 τῆς
612 5658 784 5726 αὐτῆς
828 5660 1091 5722 πλατείας
1140 5659 1296 5721 αὖθις
1354 5663 1433 5723 είς
1474 5661 1609 5730 ὕψος
1652 5666 1817 5734 μήκι-

236 5771 368 5805 στον
405 5753 651 5821 αἴροντος
703 5751 792 5801 τὸν
838 5753 1070 5819 σταυρδν
1128 5752 1415 5821 πορφύρου
1468 5755 1666 5815 κίονος,
1723 5756 1817 5807 ἐπὶ

234 5848 335 5911 τῆς
367 5843 543 5911 αὐλῆς
567 5843 673 5894 τῶν
700 5842 791 5894 τοῦ
822 5842 1059 5909 μεγάλου
1091 5844 1499 5897 Κωνσταντίνου
1533 5845 1817 5913 βασιλείων

237 5933 411 5991 αὑτοῦ
435 5933 747 6003 πηξαμένου
778 5933 872 5985 καὶ
900 5935 1203 6003 ἱδρυμένου,
1226 5937 1432 5999 πάντας
1455 5940 1551 6007 μὲν
1577 5941 1818 6006 ἀνδριάν-

1930 4736 2068 4790 riam
2100 4738 2246 4791 venit
2274 4749 2427 4806 porta
2448 4738 2624 4800 urbis,
2656 4753 2777 4805 qua:
2810 4739 2862 4791 in
2890 4740 3077 4793 eadem
3109 4742 3213 4803 via.
3246 4753 3296 4796 et
3330 4746 3380 4797 in
3407 4762 3467 4799 ea
3492 4777 3508 4789 ο

1928 4826 2052 4882 dem
2085 4828 2228 4881 linea
2248 4843 2441 4882 versus
2465 4843 2718 4882 occasum
2746 4833 3020 4898 quondam
3046 4836 3294 4889 exstabat
3321 4854 3336 4900 ;
3366 4841 3503 4893 adeo

1928 4920 2132 4989 ampla,
2152 4930 2212 4973 ut
2236 4929 2417 4974 turres
2444 4922 2686 4989 integras
2708 4932 2789 4976 etc
2807 4933 2977 4988 astra,
2999 4926 3041 4977 si
3063 4931 3265 4981 moveri
3298 4933 3507 4999 potuis-

1930 5020 2052 5065 sent
2080 5026 2180 5064 suo
2214 5012 2354 5073 loco,
2384 5026 2661 5080 navesque
2690 5016 2974 5069 onerarias
3006 5032 3127 5070 cum
3147 5027 3506 5079 arn‘iamentis

1929 5113 1983 5156 et
2011 5104 2168 5157 malis
2192 5103 2435 5172 recipere
2467 5114 2688 5171 posset:
2721 5114 2832 5159 tum
2875 5109 3036 5161 etiam
3073 5112 3310 5177 porticus
3337 5131 3503 5183 supra

1929 5212 2047 5248 eam
2072 5198 2229 5262 longe
2249 5198 2463 5263 lateque
2481 5197 2852 5265 resplendens,
2872 5208 2925 5251 et
2944 5215 3276 5255 marmorum
3302 5206 3353 5258 in
3382 5207 3502 5274 ipsa

1930 5288 2140 5355 porticu
2194 5288 2553 5357 magnitudo:
2593 5298 2650 5341 ιιι
2682 5298 2735 5341 et
2784 5290 3035 5344 columna
3090 5304 3214 5347 ante
3268 5307 3502 5363 portam,

1927 5398 2050 5450 qua:
2082 5389 2136 5435 et
2191 5382 2305 5449 ipsa
2341 5390 2578 5433 statuam
2637 5382 2768 5434 olim
2811 5385 3071 5437 sustinuit
3104 5424 3117 5440 .
3149 5388 3287 5450 Quin
3336 5394 3501 5444 etiam

1928 5474 2033 5541 pila
2056 5474 2106 5525 in
2139 5474 2308 5526 altero
2331 5473 2486 5537 colle,
2517 5474 2609 5541 qui
2652 5474 2858 5527 aedibus
2890 5476 3019 5539 tuis,
3047 5478 3099 5529 in
3138 5479 3505 5545 quibusnqu

1931 5568 2163 5628 habitas,
2222 5566 2469 5619 imminet
2504 5582 2518 5618 :
2550 5575 2609 5618 ut
2651 5578 2704 5619 et
2744 5568 2825 5619 ilae
2864 5584 2985 5635 qua:
3010 5569 3064 5622 in
3102 5577 3360 5640 strategio
3403 5590 3504 5630 ex-

1928 5667 2111 5719 smnt;
2145 5668 2257 5710 tum
2293 5674 2411 5726 quae
2442 5661 2506 5710 ad
2530 5660 2806 5713 dexteram
2838 5661 2938 5716 SS.
2964 5664 3351 5731 Apostolorum
3376 5671 3505 5722 visi-

1929 5763 2040 5817 tur,
2084 5753 2380 5818 multaeque
2429 5751 2547 5804 aliae
2578 5752 2754 5819 digna:
2787 5757 3235 5812 convenientibus
3300 5764 3500 5816 statuis

1929 5848 2083 5899 bases
2117 5844 2290 5898 fuere.
2320 5845 2421 5898 Sed
2456 5845 2585 5911 quid
2620 5861 2719 5913 ego
2747 5847 2812 5900 de
2842 5849 3217 5917 porphyretica
3248 5853 3498 5910 columna

1925 5952 2375 6000 commemorem,
2406 5951 2525 6004 qua:
2562 5953 2748 5990 versus
2776 5940 3035 5993 orientem
3077 5944 3129 5995 itt
3177 5950 3363 5999 eadem
3411 5962 3496 5998 re—
