4202 6444
707 482 767 535 5l
1881 486 2275 548 MANUELIS
2314 484 2840 547 CHRYSOLORA’.
3883 486 3949 552 52

707 594 828 661 ipso
864 591 1190 658 aspectnvel
1242 590 1406 646 etiam
1457 593 1571 647 sola
1630 593 2009 649 recordatione
2062 606 2292 649 mentem
2324 604 2365 659 Α

2324 604 2365 659 Α
2397 599 2569 668 ἀρχῆς
2599 599 2808 665 γέγονε,
2838 600 3036 671 σπουδῇ
3069 602 3405 671 πανταχόθεν
3438 601 3540 654 τῶν
3564 602 3699 654 κατὰ
3740 604 3966 669 καιροὺς

706 697 1001 752 vocemque
1038 684 1167 749 illis,
1196 686 1286 752 qui
1328 679 1407 737 vel
1458 685 1663 749 animo,
1706 690 1784 740 vel
1842 687 2017 740 oculis
2047 696 2294 742 contem-

711 775 951 841 plautur,
985 775 1223 829 adimere
1255 777 1425 844 possit
1455 779 1948 845 :quemadmodnm
1983 779 2296 837 iicaecntire

705 867 903 933 solent,
944 867 1034 936 qui
1064 867 1231 921 solem
1268 868 1350 922 vel
1384 870 1545 922 aliam
1585 886 1696 923 rem
1723 870 1954 924 lucidam
1991 872 2292 924 intuentur.

705 959 843 1022 Ouin
875 961 1037 1016 etiam
1079 961 1146 1015 de
1178 961 1422 1029 reliquiis
1479 972 1815 1026 sanctorum,
1853 974 1906 1018 et
1929 964 2088 1019 rebus
2120 967 2292 1020 sacris

2399 688 2666 758 ἀοιδίμων
2706 690 2972 760 βασιλέων
3020 692 3187 745 ταῦτα
3231 693 3668 761 συλλεξαμένων,
3703 692 3968 744 πλείστων

2399 778 2456 833 δὲ
2484 777 2639 845 αὖθις
2682 784 2910 846 ἐκεῖθεν,
2956 783 3146 854 ὥσπερ
3179 786 3286 837 ἀπὸ
3334 787 3521 853 κοινῆς
3570 784 3753 853 πηγῆς
3799 800 3968 848 τινος,

2402 879 2709 943 πανταχόσε
2741 878 3117 943 διαδοθέντων,
3166 879 3336 931 πολλὰ
3374 879 3451 932 ἔτι
3484 880 3578 931 καὶ
3608 878 3702 931 νῦν
3734 877 3972 949 μεμένη-

2402 984 2519 1031 κεν,
2554 969 2729 1031 οὐδεὶς
2757 970 2916 1035 ὅλως,
2945 967 3120 1040 οτμαι,
3150 972 3353 1039 ἀγνοεῖ.

706 1056 850 1114 illius
880 1048 1050 1119 urbis,
1084 1072 1203 1126 qua:
1233 1056 1449 1125 quidem
1483 1056 1729 1126 plurimae
1758 1072 1786 1111 a
1822 1058 2086 1127 principio
2123 1058 2360 1122 fuerunt,
2395 1075 2461 1114 eo
2493 1063 2636 1128 quod
2671 1078 2883 1117 summo
2941 1080 3156 1134 semper
3206 1080 3330 1119 cum
3364 1065 3546 1120 studio
3599 1064 3666 1118 ab
3698 1064 3970 1134 augustis-

706 1149 862 1203 simis
918 1149 1339 1219 imperatoribus
1394 1137 1767 1221 undequaque
1798 1152 2200 1219 colligerentur,
2236 1154 2327 1207 sed
2364 1154 2613 1224 plurimis
2682 1158 2805 1211 inde
2861 1168 3118 1227 tanquam
3149 1174 3177 1212 a
3224 1157 3500 1212 communi
3551 1156 3783 1225 quodam
3825 1153 3971 1207 fonte

707 1239 773 1296 ad
812 1242 912 1295 alia
939 1243 1053 1295 loca
1084 1243 1417 1298 transmissis
1443 1243 1794 1298 nihilominus
1818 1246 1983 1298 etiam
2024 1262 2164 1300 nunc
2225 1249 2407 1302 llllllliB
2436 1261 2750 1317 supersunt,
2810 1250 3081 1305 nemiuem
3132 1252 3357 1305 omnino
3412 1251 3660 1318 ignorare
3694 1246 3967 1303 existimo.

777 1333 1044 1388 Caeterum
1101 1352 1243 1389 nunc
1271 1336 1398 1389 illud
1442 1336 1505 1389 de
1531 1345 1759 1404 utraque
1812 1339 1946 1390 urbe
2002 1341 2201 1399 dicam,
2254 1353 2297 1390 sn

707 1423 831 1494 quis
860 1427 1205 1493 antiquorum
1257 1427 1469 1480 illorum
1502 1442 1662 1494 opera
1725 1438 1947 1497 spectet,
1985 1441 2089 1483 tam
2119 1431 2168 1481 in
2199 1430 2300 1483 hac

708 1529 872 1583 quam
906 1518 957 1569 in
995 1530 1179 1571 nostra
1226 1520 1379 1580 urbe,
1418 1518 1565 1572 illuni
1622 1527 1674 1571 et
1713 1521 2039 1588 voluptatem
2071 1530 2122 1572 et
2155 1519 2298 1573 utili-

711 1616 879 1663 tatem
912 1608 1036 1663 inde
1078 1620 1478 1679 percepturntn.
1521 1610 1612 1665 Est
1649 1612 1791 1664 enim
1819 1614 1961 1680 quod
1991 1610 2297 1665 mortalium

708 1716 874 1770 opera
906 1702 1214 1765 admireris,
1239 1712 1324 1757 est
1360 1704 1602 1757 vicissim
1650 1721 1747 1758 cur
1771 1714 2089 1759 contemnas
2121 1714 2173 1758 et
2203 1718 2300 1773 pto

712 1794 878 1846 nihilo
906 1790 1103 1849 habeas
1133 1811 1147 1849 :
1181 1810 1302 1849 nam
1346 1796 1389 1849 si
1421 1796 1543 1864 quis
1566 1811 1628 1850 ea
1691 1808 1965 1865 spectans,
2003 1797 2154 1850 urbis
2188 1796 2297 1850 ιιο-

713 1898 815 1938 ma:
858 1884 1142 1954 imperium
1174 1898 1226 1940 et
1294 1888 1613 1956 potentiam,
1659 1897 1768 1941 tum
1810 1888 1971 1943 etiam
2018 1889 2296 1942 hominum

2476 1341 2620 1394 Ἀλλ’
2656 1343 2833 1395 ἐκεῖνο
2859 1341 3045 1396 λοιπὸν
3078 1342 3146 1395 ἂν
3180 1343 3393 1409 εἴποιμι
3442 1343 3570 1411 περὶ
3622 1341 3968 1410 ἀμφοτέρωνι

2407 1433 2488 1485 ὅτι
2512 1433 2665 1501 παρὰ
2688 1435 2786 1501 τῆς
2820 1433 3032 1496 πόλεως
3066 1434 3293 1503 ταύτης,
3323 1431 3514 1502 ὥσπερ
3557 1431 3653 1485 καὶ
3689 1431 3837 1498 παρὰ
3869 1426 3970 1495 τῆς

2410 1526 2704 1595 ἡμετέρας,
2731 1526 2849 1579 ἔστι
2886 1527 2985 1595 μὲν
3016 1526 3210 1595 τέρψιν
3268 1524 3579 1578 σκοποῦντα
3612 1524 3679 1575 τὰ
3728 1521 3837 1573 τῶν
3862 1537 3969 1571 πα-

2408 1617 2577 1671 λαιῶν
2620 1618 2868 1684 ἐκείνων,
2896 1619 3013 1671 ἔστι
3044 1618 3099 1670 δὲ
3157 1619 3253 1671 καὶ
3278 1617 3548 1685 ὠφέλειαν
3614 1611 3967 1682 κομίσασθαι.

2411 1713 2519 1764 Καὶ
2554 1711 2668 1764 ἔστι
2724 1712 2821 1781 μὲν
2854 1711 3133 1779 θαυμάσαι
3183 1710 3251 1764 τὰ
3294 1710 3402 1762 τῶν
3454 1705 3757 1778 ἀνθρώπων
3812 1704 3967 1772 ἔργα,

2405 1801 2597 1855 ἔστιδὲ
2620 1801 2686 1857 αὖ
2717 1804 2810 1857 καὶ
2844 1802 3269 1872 καταφρονῆσαι
3308 1802 3538 1866 τούτων,
3591 1801 3686 1853 καὶ
3714 1799 3776 1851 τὺ
3804 1798 3969 1868 μηδὲν

2408 1894 2546 1947 αὐτὰ
2576 1894 2924 1960 λογίσασθαι.
2984 1893 3047 1946 El
3077 1893 3186 1963 γάρ
3220 1910 3303 1955 τις
3344 1890 3518 1945 ταῦτα
3543 1888 3686 1959 ὁρῶν
3734 1885 3972 1953 ἐνθυμη-

713 1977 930 2057 illorum
961 1980 1304 2057 dignitatem,
1344 1995 1507 2048 opera
1534 1996 1597 2035 ac
1625 1981 1806 2035 studia
1853 1981 2196 2043 consideret,
2235 1994 2296 2033 ac
2328 1971 2372 2030 Β

2328 1971 2373 2030 Β
2403 1983 2522 2055 θείη
2547 1982 2645 2055 τὴν
2690 1985 2993 2055 ἡγεμονίαν
3015 1985 3115 2053 τῆς
3166 1980 3409 2051 Ῥώμης,
3449 1979 3541 2032 καὶ
3582 1978 3682 2048 τὴν
3714 1974 3966 2043 δύναμιν,

712 2052 908 2122 deinde
934 2052 1132 2133 videat,
1153 2085 1311 2137 quem
1334 2072 1488 2121 linem
1509 2068 1610 2123 ista
1634 2070 1815 2124 omnia
1843 2071 2056 2124 tandem
2089 2070 2294 2123 bahuc-

714 2160 825 2213 rint
852 2176 865 2213 :
897 2158 969 2212 ita
997 2170 1053 2211 ut
1086 2174 1192 2213 ItOn
1216 2161 1391 2214 solum
1427 2160 1549 2228 ipsi,
1574 2176 1757 2215 verum
1791 2161 1952 2216 etiam
1979 2162 2219 2231 potentia
2246 2170 2301 2215 et

712 2250 1024 2321 imperium,
1040 2260 1201 2322 atque
1222 2254 1347 2320 ipsa»
1370 2254 1617 2308 civitates
1634 2256 2017 2324 propemodum
2034 2256 2307 2308 emorian-

715 2353 807 2398 tur
859 2346 1031 2414 (nam,
1071 2356 1127 2399 ut
1150 2346 1236 2399 ille
1277 2348 1371 2407 ait.
1407 2347 1567 2400 etiam
1619 2347 1867 2402 civitates
1917 2348 2303 2415 moriuntur);

715 2452 828 2507 quo
893 2439 1107 2493 tandem
1169 2439 1286 2494 loco
1317 2440 1405 2494 ille
1449 2454 1535 2494 res
1592 2438 1860 2494 humanas
1933 2441 2308 2510 reputaverity

714 2528 989 2597 quomodo
1058 2528 1147 2585 ille
1211 2531 1290 2583 vel
1367 2529 1623 2586 secundis
1691 2531 2001 2598 extolletur,
2058 2531 2143 2587 vel
2211 2531 2307 2585 de-

715 2619 983 2688 primetur
1035 2620 1321 2699 adversis?
1381 2631 1475 2675 aut
1526 2636 1626 2689 qua
1681 2637 1739 2677 re
1806 2638 2132 2692 magnopere
2192 2625 2308 2693 glo-

716 2712 989 2766 riabitur?
1070 2715 1150 2766 vel
1211 2714 1335 2781 quid
1408 2714 1624 2768 tandem
1684 2731 1747 2768 ex
1823 2716 1985 2770 rebus
2051 2716 2307 2771 humanis

717 2804 899 2872 magni
921 2804 1081 2859 faciet
1100 2804 1124 2858 i’
1141 2805 1348 2874 Saepius
1364 2821 1463 2875 ego
1491 2806 1618 2860 dum
1640 2805 1993 2876 triumphales
2016 2806 2176 2860 hasce
2196 2806 2308 2859 vias

717 2905 955 2958 transeo,
987 2912 1140 2966 reges
1171 2912 1232 2950 ac
1284 2898 1552 2967 principes
1591 2908 1927 2967 caeterosque
1964 2914 2027 2953 ex
2053 2898 2303 2951 Armenia

719 2998 814 3043 aut
845 2987 1083 3053 Perside,
1117 2989 1200 3043 vel
1227 3007 1287 3043 ex
1320 2991 1438 3043 aliis
1468 2991 1845 3045 remotissimis
1877 2992 2187 3062 regionibus
2218 3007 2308 3044 ca-

721 3086 902 3154 ptivos
959 3084 1135 3139 istbac
1200 3086 1468 3140 deductos
1528 3085 1711 3138 animo
1778 3088 2053 3140 recordor.
2117 3086 2305 3155 Cogito

718 3178 884 3231 etiam
916 3177 1037 3231 belli
1077 3178 1244 3232 duces
1293 3179 1357 3231 de
1424 3178 1556 3246 ipsis
1617 3179 2034 3247 triumphantes,
2088 3178 2305 3245 etquis

720 3270 935 3323 animus
971 3270 1037 3322 iis
1092 3269 1269 3333 fuerit,
1320 3285 1483 3337 quam
1548 3270 1872 3338 voluptatem
1922 3271 2307 3339 pvrcepcrint:

2411 2076 2505 2127 καὶ
2559 2076 2659 2146 τὴν
2684 2075 2844 2141 ἀξίαν
2869 2076 3001 2129 ’τῶν
3048 2074 3259 2145 ἀνδρῶν
3298 2073 3548 2136 εκείνων,
3588 2069 3681 2122 καὶ
3720 2067 3785 2120 τὰ
3813 2066 3970 2135 ἔργα,

2403 2168 2500 2223 καὶ
2552 2168 2649 2232 τὰς
2693 2168 2949 2232 σπουδάς·
2982 2164 3105 2220 εἶτα
3158 2164 3305 2236 ὁρῴη
3361 2164 3535 2219 ταῦτα
3585 2162 3761 2215 πάντα
3819 2160 3899 2220 εἰς
3936 2155 3970 2209 ἃ

2404 2262 2865 2328 τετελευτήκασιν
2886 2302 2901 2325 ,
2933 2260 3075 2313 ὥστε
3106 2259 3171 2313 ού
3223 2259 3386 2327 μόνον
3433 2256 3652 2318 αὐτοὺς,
3706 2251 3843 2307 ἀλλὰ
3876 2250 3970 2303 καὶ

2407 2355 2506 2425 τὴν
2529 2353 2872 2419 δυναστείαν,
2901 2354 2995 2405 καὶ
3025 2351 3347 2422 ἠγεμονίαν,
3379 2349 3475 2400 καὶ
3521 2346 3619 2408 τὰς
3667 2344 3847 2405 πόλεις
3878 2339 3973 2393 αύ-

2404 2448 2503 2509 τάς
2540 2446 2726 2516 σχεδὸν
2754 2446 3046 2499 ἀποθανεῖν
3089 2444 3416 2514 (θνήσκουσι
3450 2440 3580 2510 γὰρ,
3601 2438 3675 2501 ὥς
3703 2454 3804 2489 που
3827 2435 3971 2500 λέγει

2404 2556 2509 2602 τις,
2565 2539 2659 2591 καὶ
2708 2538 2935 2605 πόλεις)⁸
2968 2537 3021 2589 τί
3072 2537 3259 2589 λοιπὸν
3297 2534 3363 2587 ἂν
3424 2533 3704 2600 λογίσαιτο
3740 2529 3807 2582 τὰ
3867 2527 3972 2580 τῶν

2417 2629 2759 2700 ἀνθρώπωνς
2798 2629 2913 2692 πῶς
2948 2629 2992 2681 δ’
3020 2628 3086 2681 ἂν
3113 2626 3359 2697 εὐτυχῶν
3391 2624 3685 2693 ἐπαρθείη,
3718 2620 3968 2691 ἢδυστυ-

2409 2726 2517 2793 χῶν
2546 2722 2914 2792 ταπεινωθείη
2940 2741 2952 2786 ;
2985 2724 3074 2774 ὲπί
3122 2722 3227 2774 τίνι
3252 2719 3298 2772 δ’
3327 2719 3394 2772 ἂν
3428 2718 3570 2785 μέγα
3598 2715 3965 2785 φρονήσαιτος

2406 2814 2459 2866 τί
2486 2814 2530 2866 δ’
2554 2814 2619 2867 ἂν
2658 2812 2768 2865 τῶν
2808 2811 3173 2881 ἀνθρωπίνων
3200 2809 3335 2871 ὅλως
3385 2807 3515 2875 περὶ
3566 2803 3761 2857 πολλοῦ
3811 2803 3969 2870 neti}.

2408 2923 2562 2959 σαιτο
2588 2922 2602 2970 ;
2634 2905 2902 2966 Πολλάκις
2932 2903 3060 2967 τοὺς
3090 2900 3455 2973 θριαμϐικοῦς
3493 2900 3721 2966 δρόμους
3750 2896 3971 2954 τούτοιις

2406 2997 2599 3061 ἐπιὼν,
2649 2996 2967 3064 διανοοῦμαι
3028 2994 3129 3064 μιν
3160 2994 3287 3055 τοὺς
3326 2992 3411 3045 διὰ
3470 2988 3673 3042 τούτων
3702 2987 3973 3056 ἠγμένους

2406 3088 2737 3158 ἄρχονταςῆ
2797 3087 3091 3148 δυνάστας,
3124 3084 3374 3146 καὶτοὺς
3430 3081 3625 3142 ἄλλους
3693 3075 3972 3147 αίχμαλώ-

2407 3198 2557 3243 τους,
2591 3180 2856 3241 πολλάκις
2888 3179 2997 3231 ἀπὸ
3041 3177 3347 3247 Ἀρμενίων
3373 3175 3407 3244 ἢ
3451 3172 3697 3242 Περσῶν,
3731 3172 3766 3240 ἢ
3812 3185 3972 3222 τινων

2408 3272 2585 3324 ἄλλων
2623 3272 2834 3340 σφόδρα
2905 3270 3334 3338 ἀφεστηκότων·
3382 3264 3699 3332 διανοοῦμαι
3741 3262 3795 3315 δὲ
3845 3262 3974 3320 τοὺς

719 3374 941 3421 econtra
992 3382 1097 3432 quo
1127 3365 1308 3417 animo
1368 3362 1563 3417 fUt'l‘inl
1622 3365 1730 3418 isti.
1785 3363 1975 3433 Cocito
2038 3342 2372 3420 astantemc

2330 3342 2372 3399 (ἶ
2409 3364 2848 3436 θριαμϐεύοντας
2874 3366 2966 3415 επὶ
3010 3360 3223 3423 τούτοις
3279 3358 3645 3429 στρατηγοὺς,
3701 3356 3796 3408 καὶ
3851 3354 3975 3406 τίνα

720 3469 776 3511 et
813 3456 1199 3512 circumfusam
1225 3455 1370 3509 illius
1432 3455 1583 3510 urbis
1650 3456 2071 3520 multitudinem,
2119 3466 2169 3510 et
2215 3455 2307 3510 dc-

723 3564 885 3621 snper
917 3564 983 3603 ex
1049 3549 1255 3603 aedibus
1316 3549 1676 3618 spectantium
1735 3551 1996 3604 turbam:
2068 3547 2131 3601 ad
2193 3549 2306 3601 hanc

724 3653 1020 3697 concentus
1056 3641 1567 3705 instrumentorum,
1626 3640 1925 3704 fremitum,
1961 3641 2307 3695 acclamatio.

726 3746 820 3787 nes
852 3738 905 3786 et
933 3729 1179 3800 plausus,
1216 3739 1272 3784 et
1319 3729 1512 3783 borum
1574 3732 1790 3798 quidem
1856 3730 1923 3784 de
1987 3730 2215 3783 victoria
2252 3728 2304 3781 in

725 3833 837 3876 tam
868 3822 1179 3891 loug'nquis
1225 3820 1534 3889 regionibus
1586 3830 1737 3889 parta
1791 3822 2142 3890 voluptatem,
2176 3837 2305 3875 con-

725 3926 808 3969 tra
840 3929 968 3966 vero
999 3914 1211 3966 illorum
1246 3923 1407 3981 atque
1432 3914 1734 3967 amicomm
1758 3914 1811 3968 in
1842 3915 2017 3982 patria
2048 3914 2115 3967 de
2148 3912 2306 3967 clade

725 4024 791 4064 ac
835 4007 929 4062 tali
988 4005 1298 4074 spectaculo
1334 4004 1601 4071 dolorem,
1633 4015 1684 4061 et
1738 4007 2031 4070 diversam,
2080 4017 2137 4062 ut
2195 4016 2304 4060 tum

727 4100 1050 4157 credi-batur
1120 4099 1401 4165 utriusque
1458 4096 1626 4166 partis
1680 4100 2085 4152 conditionem:
2145 4109 2308 4164 atque

728 4203 789 4248 ut
819 4194 871 4248 bi
905 4192 1195 4246 miserrimi
1263 4204 1317 4247 et
1372 4192 1657 4255 infelices,
1714 4192 1791 4247 illi
1843 4190 2026 4246 feliCes
2048 4200 2100 4244 et
2165 4187 2307 4241 beati

722 4301 837 4341 tant
886 4288 1009 4342 aliis
1071 4280 1233 4357 quam
1289 4286 1651 4350 sibimetipsis
1713 4285 2054 4339 videbantur.
2107 4281 2305 4337 Verum

728 4397 877 4435 nunc
918 4381 1100 4435 omnia
1151 4380 1251 4435 ista
1291 4380 1481 4449 paria:
1520 4378 1699 4433 omnia
1730 4378 1783 4431 in
1841 4377 2116 4446 pulverem
2149 4375 2308 4429 reda-

728 4486 813 4530 cta
842 4496 855 4529 :
885 4490 1059 4543 neque
1090 4474 1263 4543 magis
1294 4472 1531 4542 Pompeii
1558 4481 1613 4525 et
1646 4470 1857 4526 Luculli
1902 4486 2064 4539 quam
2097 4469 2310 4524 Mithri-

729 4567 875 4622 datis
905 4577 1000 4620 ant
1033 4565 1285 4636 Tigranis
1333 4564 1605 4620 fortunam
1650 4564 1886 4618 noveris.
1941 4562 2082 4629 Quin
2144 4564 2305 4617 etiam

2411 3461 2511 3529 μὲν
2539 3459 2769 3525 καρδίαν
2813 3454 2959 3524 εἶχον
3002 3450 3148 3507 οὗτοι
3202 3452 3293 3503 καὶ
3333 3451 3548 3523 ἡδονὴν,
3602 3453 3718 3503 τίνα
3763 3448 3819 3500 δὲ
3870 3446 3975 3516 ψυ-

2408 3554 2511 3621 κῆν
2556 3554 2777 3605 ὲκεῖνοι.
2823 3552 3203 3623 Ἑνθυμοῦμαι
3228 3552 3285 3605 δὲ
3339 3550 3398 3603 τὸ
3427 3543 3725 3618 περιεστὼς
3756 3542 3848 3594 καὶ
3878 3556 3976 3592 πε-

2404 3645 2777 3716 ρικεχυμένον
2813 3645 3028 3708 τούτοις
3064 3645 3163 3712 τῆς
3195 3644 3404 3706 πόλεως
3435 3639 3659 3709 πλῆθος,
3710 3635 3803 3687 καὶ
3850 3633 3976 3693 τοὺς

2411 3738 2722 3807 θεωμένους
2782 3735 2990 3791 ἄνωθεν
3054 3738 3162 3789 ἀπὸ
3191 3738 3297 3789 τῶν
3350 3731 3559 3797 οίκιῶν,
3617 3728 3837 3795 xui.th
3869 3724 3975 3775 τῶν

2408 3827 2659 3899 ὀργάνων
2691 3830 3035 3899 συμφωνίαν,
3074 3831 3171 3881 καὶ
3205 3828 3296 3881 τὸν
3324 3823 3634 3896 θροῦν,οκαὶ
3674 3820 3771 3881 τὰς
3800 3820 3974 3885 εὐφηο

2414 3922 2565 3990 μίας,
2609 3920 2855 3983 καὶτοὺς
2892 3923 3149 3990 κρότους·
3183 3919 3276 3972 καὶ
3330 3918 3430 3981 τὴν
3480 3913 3687 3967 τούτων
3751 3911 3849 3980 μὲν
3888 3909 3979 3961 ἐπὶ

2410 4015 2476 4083 τῇ
2533 4012 2681 4081 νίκῃ,
2722 4015 2823 4065 καὶ
2858 4010 3031 4073 οὕτως
3066 4010 3344 4079 ὑπερορίῳ
3383 4006 3599 4077 ἡδονὴν,
3657 4005 3883 4057 ἐκείνων
3923 4002 3979 4054 δὲ

2412 4105 2505 4156 καὶ
2535 4104 2641 4155 τῶν
2671 4106 2889 4156 οἰκείων
2916 4102 3096 4156 αὐτῶν
3128 4102 3267 4155 οἴκοι
3295 4103 3396 4169 τὴν
3446 4100 3540 4151 ἐπὶ
3574 4100 3637 4167 τῇ
3685 4097 3826 4166 ἥττῃ
3884 4094 3979 4146 καὶ

2411 4199 2477 4266 τῇ
2511 4197 2736 4267 τοιαύτῃ
2767 4199 2959 4265 πομπῇ
3001 4195 3201 4263 λύπην,
3233 4193 3327 4246 καὶ
3378 4193 3478 4262 τὴν
3530 4187 3894 4257 νομιζομένην
3922 4188 3977 4237 ὲν

2411 4290 2623 4352 τούτοις
2660 4290 2782 4342 τότε
2814 4287 3082 4358 διαφοράν
3111 4303 3124 4315 ·
3158 4289 3255 4341 καὶ
3289 4286 3437 4346 ὅπως
3464 4277 3615 4335 οὗτοι
3649 4282 3746 4350 μὲν
3783 4280 3978 4349 τρισάο

2413 4380 2549 4433 θλιοι
2577 4381 2668 4433 καὶ
2697 4379 3113 4447 κακοδαίμονες,
3161 4380 3358 4430 ἐκεῖνοι
3411 4377 3467 4429 δὲ
3504 4376 3817 4442 εὐδαίμονες
3883 4372 3979 4425 καὶ

2416 4475 2676 4545 μακάριοι
2716 4475 2828 4535 τοϊς
2871 4471 3053 4533 ἄλλοις
3090 4472 3185 4523 καὶ
3219 4472 3433 4530 ἑαυτοῖς
3493 4468 3730 4520 ἐδόκουν.
3776 4464 3893 4517 Νῦν
3924 4465 3979 4516 δὲ

2414 4567 2591 4622 πάντα
2622 4568 2808 4618 ἐκεῖνα
2839 4564 2899 4616 ἰν
2932 4564 3161 4631 ἰσότητι,
3192 4563 3368 4616 πάντα
3408 4561 3463 4613 δὲ
3496 4561 3553 4612 ἐν
3586 4560 3732 4611 κόνει
3753 4572 3766 4586 ’
3802 4558 3896 4609 καὶ
3917 4556 3976 4608 ού

729 4661 927 4715 domus
952 4660 1101 4729 ipse,
1141 4663 1432 4722 etstatua’,
1467 4666 1628 4725 atque
1652 4657 1880 4711 a-dilicia
1912 4656 1965 4709 in
2026 4655 2299 4725 pulverem
2334 4677 2380 4734 ο

2334 4677 2380 4734 ο
2416 4658 2615 4729 μᾶλλον
2642 4657 2708 4708 ἂν
2743 4655 2927 4725 γνοίης
2955 4656 3053 4723 τὴν
3077 4652 3167 4706 τοῦ
3196 4652 3511 4722 Πομπηίου,
3549 4652 3580 4722 ἢ
3612 4647 3975 4712 Λουκούλλου,

731 4753 985 4807 redacta:
1022 4767 1144 4821 quae
1171 4751 1223 4805 in
1266 4761 1481 4805 tantum
1522 4751 1719 4803 adhuc
1778 4753 2209 4818 superemincnt,
2252 4753 2306 4804 in

731 4852 994 4911 quantum
1028 4843 1209 4900 tellus.
1253 4856 1358 4910 qua
1382 4842 1576 4894 obruta
1616 4848 1890 4909 teguntur,
1948 4853 2053 4891 nou
2109 4839 2307 4906 ubique

730 4933 955 5001 u'qualis
985 4942 1088 4994 est,
1123 4932 1214 4987 sed
1247 4931 1299 4984 in
1329 4930 1597 4983 tumulum
1643 4929 1925 4983 attollitur.
1954 4928 2148 4983 Multas
2172 4945 2309 4998 quo-

731 5041 838 5095 que
871 5034 1080 5079 statuas
1123 5024 1314 5077 horum
1348 5022 1589 5076 felicium
1620 5036 1683 5074 ac
1732 5020 2013 5075 beatorum
2042 5019 2306 5072 victorum

734 5134 841 5172 una
872 5132 994 5171 cum
1027 5115 1246 5185 tropzeis
1275 5130 1338 5169 ac
1370 5115 1571 5168 laureis
1612 5114 1665 5165 in
1732 5126 1889 5167 emno
1915 5122 1967 5166 et
2008 5112 2120 5165 luto
2160 5112 2307 5178 deje-

734 5221 857 5264 ctas
887 5226 949 5263 ac
982 5208 1299 5278 provolutae
1328 5222 1553 5261 cernere
1581 5207 1731 5272 licet,
1753 5206 1888 5259 a'ias
1910 5216 2219 5273 compactos
2246 5218 2309 5257 ac

734 5304 996 5366 divulsas,
1040 5316 1145 5354 non
1186 5315 1386 5367 paucas
1438 5300 1602 5353 calcis
1662 5300 1910 5369 operisve
1961 5299 2191 5362 tectorii,
2225 5298 2307 5349 vel

733 5396 895 5449 ctiam
929 5393 1162 5463 lapidum
1194 5393 1368 5447 vicem
1417 5392 1645 5446 aliorum
1691 5391 2132 5445 aediﬁcationibus
2165 5406 2307 5444 mine

737 5496 991 5554 incestare
1052 5486 1259 5539 videas.
1312 5483 1380 5537 At
1418 5483 1573 5554 queis
1604 5483 1791 5537 melior
1812 5497 1933 5539 sors
1958 5484 2174 5551 obtigit,
2202 5483 2308 5537 illa:

736 5578 1009 5648 d--perdita
1047 5578 1404 5648 prinu'genia,
1444 5584 1500 5629 ut
1526 5573 1845 5628 Aristoteles
1870 5582 2045 5636 vocat,
2070 5574 2303 5641 lapidum

740 5671 937 5734 forma,
969 5684 1169 5739 equum
1189 5667 1574 5724 conscensuris
1608 5667 1835 5737 gradum
1865 5680 1957 5719 seu
1984 5666 2300 5730 scalzellt'un,

738 5764 822 5818 vel
884 5766 1022 5816 muri
1062 5765 1416 5833 crepidinem,
1448 5761 1527 5817 vel
1580 5761 1723 5816 asini
1748 5768 1841 5815 aut
1881 5762 2032 5814 bovis
2070 5776 2306 5830 prarsrpe

738 5856 981 5911 e‘i‘rciunt
1001 5872 1016 5921 ;
1038 5856 1276 5923 disiectae
1304 5855 1643 5924 plerumque,
1669 5863 1729 5908 ut
1749 5853 1883 5917 dixi,
1915 5861 1967 5906 et
1990 5852 2303 5907 confractr.

738 5949 890 6007 Alias
926 5949 1094 6019 spina:
1125 5957 1177 6005 ct
1212 5959 1418 6016 scntcs,
1490 5948 1571 6004 vel
1626 5947 1846 6005 arbusta
1896 5946 2131 6018 undique
2180 5964 2307 6003 cnt-

2410 4748 2564 4821 ἢτὴν
2591 4748 2949 4817 Μιθριδάτου,
2999 4747 3032 4815 ἢ
3065 4744 3340 4816 Τιγράνου
3396 4744 3588 4821 τύχην.
3642 4742 3749 4793 Καὶ
3810 4741 3976 4794 αὑταὶ

2409 4841 2467 4894 δὲ
2521 4840 2924 4906 αίοίκίαι,,καὶ
2957 4837 3279 4907 αἶ’στῆλαι,
3332 4837 3426 4889 καὶ
3472 4838 3527 4889 αἱ
3588 4836 3873 4903 οἰκοδομαί
3923 4836 3981 4886 ὲν

2412 4933 2557 4985 κόνει
2611 4933 2762 5002 παρά
2790 4931 3045 4985 τοσοῦτον
3077 4931 3443 5001 ὑπερέχουσαι
3482 4928 3615 4998 παρ’
3658 4928 3781 4980 ὅσον
3833 4929 3866 4995 ἡ
3898 4928 3981 4979 δε-

2414 5018 2622 5089 ξαμένη
2663 5018 2835 5072 ταῦτα
2890 5021 2960 5086 γῆ
2994 5020 3094 5072 ούκ
3151 5018 3416 5080 ίσόπεδος,
3454 5018 3572 5070 ἀλλ’
3620 5019 3978 5085 ἀνεστηκυῖα.

2410 5115 2519 5168 Καὶ
2546 5114 2776 5176 πολλοὺς
2803 5114 2910 5166 τῶν
2942 5113 3279 5182 ἀνδριάντων
3313 5112 3421 5164 τῶν
3453 5111 3793 5177 εὐδαιμόνων
3835 5112 3981 5163 ὲκεί-

2412 5226 2519 5262 νων
2565 5210 2658 5262 καὶ
2695 5210 2984 5278 μακαρίων
3035 5208 3271 5277 νικητῶν
3327 5209 3511 5269 αὐτοῖς
3555 5205 3841 5275 τροπαίοις
3888 5204 3983 5257 καὶ

2412 5302 2693 5372 στεφάνοις
2725 5303 2874 5354 ἐστιν
2908 5304 3037 5356 ίδεῐν
3070 5305 3129 5357 ὲν
3157 5303 3428 5374 βορϐόρῳ,
3456 5301 3552 5353 καὶ
3582 5298 3738 5370 πηλῷ
3791 5298 3980 5357 καλιν-

2410 5394 2724 5459 δουμένους,
2764 5397 2856 5449 καὶ
2917 5398 3288 5467 ἐρριμμένους
3315 5414 3329 5426 '
3388 5394 3584 5454 ἄλλους
3626 5393 3682 5446 δὲ
3726 5394 3980 5462 ἠκρωτη-

2413 5482 2741 5555 ριασμένους
2782 5489 2874 5540 καὶ
2896 5488 3360 5560 διεσπαρμένους’
3404 5483 3752 5552 ούκνόλίγους
3799 5484 3855 5537 δὲ
3890 5485 3974 5537 τί-

2409 5584 2587 5637 τανον,
2618 5578 2650 5649 ἡ
2684 5578 2893 5645 κονίαν,
2938 5580 2970 5649 ἦ
3023 5578 3133 5632 τῶν
3184 5577 3512 5646 οίκοδομιῶν
3573 5575 3747 5637 ἄλλως
3794 5574 3977 5634 λίθους

2412 5673 2741 5739 γενομένους
2768 5687 2784 5703 ⁸
2836 5672 2950 5725 ὅσοι
2990 5672 3046 5725 δὲ
3104 5671 3374 5742 βελτίονος
3422 5670 3594 5739 τύχης
3634 5670 3845 5737 ἔτυχον,
3881 5669 3980 5737 τὴν

2412 5761 2556 5814 κατὰ
2586 5762 2973 5834 Ἀριστοτέλην
3016 5764 3398 5833 πρωτὰρχειον
3447 5762 3556 5814 τῶν
3609 5761 3773 5814 λίθων
3823 5761 3977 5813 εὐτυ-

2409 5853 2533 5924 χίαν
2574 5854 2972 5920 ἀποϐαλόντας,
3020 5857 3192 5909 Γπτωυ
3251 5854 3551 5924 ἐπίϐαθρον
3596 5853 3734 5923 πρὸς
3772 5853 3975 5907 ἀναϐα-

2413 5965 2520 6015 σιν,
2551 5948 2579 6018 ἦ
2612 5950 2853 6020 κρηπῖδα
2886 5950 3091 6021 τοίχου,
3122 5949 3153 6018 ἢ
3190 5948 3313 6001 ὄνου
3343 5948 3573 6017 φάτνην,
3608 5948 3641 6017 ἢ
3678 5947 3796 6017 βοὸς
3841 5946 3972 6008 πλη-
