4202 6444
242 406 316 469 6')
1221 416 1617 477 NARRATIO
1661 420 1757 478 DE
1798 421 2018 482 CPOLI
2050 424 2531 487 OPPUGNATA.
3427 436 3500 495 70

240 525 397 598 napi
447 529 670 599 γνώμην
728 531 935 586 ἐκείνου
991 536 1084 587 καὶ
1146 536 1365 601 ἔφθειρε
1416 536 1508 589 καὶ
1577 536 1811 607 ἐκράτη-

1923 539 2349 610 devirginaverit
2405 559 2704 611 secumque
2757 546 3062 613 retinuerit,
3093 559 3144 602 et
3209 549 3332 603 licet
3381 566 3503 603 t'nttl

242 637 342 686 σε,
413 624 512 676 καὶ
574 624 736 693 ἔσχεν
792 624 1007 695 ἐκείνην
1055 629 1111 679 ὲν
1159 627 1235 695 τῷ
1300 629 1517 681 κοιτῶνι
1589 630 1683 681 καὶ
1742 630 1817 700 τῷ

238 712 487 784 κλινιδίῳ
517 714 750 779 ἐκείνου,
796 718 887 770 καὶ
938 718 1117 783 οὐδεὶς
1152 719 1453 790 ἐτόλμησεν
1475 722 1637 775 αὐτὸν
1671 722 1816 773 σκῶ-

238 804 405 877 ψαιη
440 824 496 859 τι
526 810 707 862 εἰπεῖν
762 811 897 881 πρδς
957 813 1188 868 ἐκεῖνον.
1253 815 1414 868 Ἀλλά
1470 817 1564 868 καὶ
1615 817 1817 884 μᾶλλον

236 900 267 951 6
311 900 537 971 ἁμηρᾶς
592 902 685 956 καὶ
735 904 1019 974 ἁδελφὸςιό
1040 908 1137 976 τῆς
1168 910 1337 978 κόρης
1361 905 1535 964 εἴπεν·
1575 929 1594 961 ι
1629 910 1817 979 ⁹ιίγία-

237 1005 302 1042 σε
332 991 539 1063 ταύτην
579 995 613 1063 η
648 996 907 1049 συνουσία
936 996 1031 1051 τοῦ
1069 1001 1413 1069 πατριάρχου
1470 1002 1565 1055 τοῦ
1617 1020 1817 1071 συγγε-

235 1083 364 1147 νοῦς
395 1086 494 1139 τοῦ
520 1089 789 1158 Μωάμεθ,
820 1093 914 1144 καὶ
943 1093 1003 1144 τὸ
1036 1092 1296 1164 γεννηθὲν
1325 1094 1384 1159 ἐξ
1411 1097 1626 1167 ἐκείνης
1656 1096 1816 1163 ἅγιον

233 1175 384 1229 ἔστω
405 1176 483 1241 ὡς
508 1178 567 1242 ἐξ
591 1180 823 1249 αἵματος
868 1183 963 1235 τοῦ
1020 1185 1266 1255 Μωὰμεθ
1321 1186 1462 1240 κατὰ
1503 1189 1595 1241 τὸν
1650 1190 1815 1257 νόμον

235 1266 336 1317 καὶ
364 1266 639 1338 ἁγιασμδν
672 1270 765 1324 τοῦ
810 1272 1039 1327 Ῥασοὺλ
1070 1277 1424 1348 Μαχουμὲτη.
1459 1300 1477 1331 ι
1510 1280 1680 1343 Αὐτὸς
1700 1281 1756 1334 δὲ
1787 1284 1815 1335 6

239 1356 507 1423 μέγιστος
537 1361 631 1412 καὶ
663 1361 831 1427 πολὺς
860 1365 992 1436 παρ’
1022 1368 1251 1432 ἐκείνοις
1273 1372 1299 1423 6
1330 1371 1564 1440 εὐγενὴς
1617 1390 1810 1443 πατρι-

235 1450 524 1519 άρχης,δν
556 1448 702 1522 εἶχον
748 1457 1117 1525 προορατικδν
1178 1460 1269 1512 καὶ
1322 1463 1633 1530 προφήτην,
1683 1463 1810 1516 τοῦ-

235 1558 380 1610 νομα
413 1542 742 1616 Μηρσαῖτης
775 1549 844 1618 τῇ
871 1549 1114 1620 Περσικῇ
1143 1551 1430 1623 διαλέκτῳ,
1488 1555 1812 1609 ἀπέστειλεν

233 1630 699 1704 ἀποκρισιαρίους
722 1637 832 1691 ἀπὸ
859 1642 960 1711 τῆς
987 1642 1241 1713 Προύσης
1268 1640 1337 1715 ἦς
1369 1645 1642 1698 ὲκατοίκει
1675 1647 1812 1714 πρὸς

232 1726 327 1777 τὸν
357 1724 630 1796 δεσπότην
658 1730 769 1783 τῶν
793 1732 1071 1802 Τούρκων,
1109 1735 1201 1788 καὶ
1228 1732 1407 1789 εἶπεν
1440 1737 1612 1808 ιὈρα
1646 1742 1812 1809 μήπω

234 1818 485 1890 συνάψας
516 1821 755 1891 πόλεμον
778 1826 920 1890 μετὰ
949 1825 1058 1878 τῶν
1086 1827 1377 1898 Ῥωμαίων
1400 1830 1492 1883 καὶ
1520 1833 1611 1885 τὸν
1645 1850 1811 1903 στρα-

232 1909 326 1963 τὸν
352 1911 630 1985 ἀπολέσῃς
661 1916 753 1968 καὶ
780 1919 847 1971 τὰ
881 1919 1016 1988 γένη
1047 1919 1156 1973 τῶν
1204 1921 1674 1993 Μουσουλμάνων,
1706 1924 1811 1988 ἕως

227 2001 322 2056 ὅτε
362 2003 475 2072 ἐγὼ
505 2008 570 2059 νά
600 2007 794 2076 φθάσω
826 2011 921 2063 καὶ
949 2010 1179 2082 δηλώσω
1210 2016 1307 2086 τὴν
1336 2015 1487 2086 ὥραν
1532 2017 1632 2087 τῆς
1669 2036 1811 2087 συμο

227 2094 441 2166 πλοκῆς
497 2096 594 2151 τοῦ
648 2099 915 2170 πολέμου,
958 2104 1036 2168 ὠς
1082 2108 1110 2159 6
1167 2109 1339 2178 μέγας
1403 2112 1534 2181 ἡμῖν
1574 2110 1811 2165 διδάσκει

237 2183 477 2242 Ῥασοὺλ
526 2191 556 2243 6
608 2192 921 2264 προφήτης.
960 2197 1071 2250 Καὶ
1131 2199 1387 2267 γινώσκω
1430 2202 1486 2255 δὲ
1532 2203 1691 2257 τοῦτο
1736 2203 1812 2267 ὡς

228 2283 597 2351 προορατικδς
622 2286 719 2339 καὶ⁸
746 2288 1056 2358 προφήτης.
1102 2309 1121 2342 ι
1151 2291 1335 2345 Ταῦτα
1366 2293 1419 2346 δὲ
1439 2294 1680 2359 ἀκούσας
1703 2296 1811 2349 τῶν

228 2372 494 2443 Τοὺρκων
510 2375 539 2426 6
559 2377 828 2447 δεσπότης
852 2379 1090 2449 ἔπραξεν
1113 2383 1188 2448 ὡς
1220 2384 1483 2457 ὡρίσθην,
1531 2390 1623 2442 καὶ
1683 2392 1808 2442 ἀνέ-

232 2483 367 2535 μενε
390 2471 484 2521 τὸν
504 2469 985 2551 ψευδοπροφήτην.
1031 2477 1142 2530 Καὶ
1188 2478 1309 2547 μεθ’
1363 2480 1575 2551 ἡμέρας
1622 2466 1840 2550 ὀλίγας

230 2559 492 2627 ἔφθασεν.
550 2557 756 2618 Ἦλθεν
784 2568 811 2619 6
843 2568 1169 2639 Μηρσαϊτης
1202 2572 1297 2625 καὶ
1325 2574 1674 2646 πατριάρχης
1703 2575 1810 2627 τῶν

232 2652 497 2723 Τούρκων
527 2658 665 2725 μετὰ
695 2662 1089 2725 πεντακοσίους
1117 2663 1680 2735 Τουρκοκαλογέρους,
1718 2669 1809 2720 ἐπὶ

230 2746 463 2815 ἡμιόνου
498 2750 831 2819 παθήμενος,
874 2757 970 2806 καὶ
1005 2754 1080 2824 τῷ
1124 2758 1364 2826 σχήματι
1422 2760 1807 2829 σοδαρὼτατος

230 2837 328 2890 καὶ
362 2838 423 2891 τὸ
450 2841 742 2907 μεγαλεῖον
775 2843 1100 2910 δεινότατος.
1127 2849 1209 2901 Τά
1234 2849 1291 2902 δὲ
1318 2851 1496 2920 πλήθη
1530 2854 1637 2904 τῶν
1669 2855 1810 2907 Μου-

230 2930 559 2999 σουλμάνων
590 2936 671 2997 εἰς
714 2936 1037 3009 ὑπαπαντὴν
1083 2939 1379 3014 ἐξέδραμον
1408 2946 1507 3013 τὴν
1574 2948 1807 3012 ἐκείνου,

228 3024 328 3077 καὶ
353 3023 429 3088 ὠς
463 3026 693 3094 ἄγγελον
717 3028 778 3093 ἐξ
800 3030 1036 3101 οὐρανοῦ
1065 3034 1382 3089 καταδάντα
1416 3037 1483 3089 τὰ
1514 3039 1806 3106 μωροολύ-

233 3133 422 3185 μαστα
447 3118 582 3190 γένη
606 3120 724 3181 ,τῶν
757 3122 1021 3194 Τούρκων
1054 3127 1382 3193 ὑπεδέξαντο
1438 3130 1653 3194 τοῖτον,
1712 3133 1809 3185 καὶ

1921 648 1984 685 ea
2012 632 2061 685 in
2092 636 2347 687 cubiculo
2379 636 2687 704 lectuloque
2731 651 3138 699 cousueseeret,
3176 655 3335 694 nemo
3377 656 3502 693 eum

1923 726 2000 778 vel
2034 728 2431 794 reprehendere
2465 730 2544 784 vel
2567 729 2767 798 aliquid
2794 732 3081 785 enuntiare
3113 739 3287 784 ausus
3321 733 3500 790 fuerit.

1923 815 2039 868 lmo
2072 819 2249 880 potius
2278 834 2494 874 ameras
2518 830 2571 873 et
2596 822 2787 889 puella:
2813 822 2835 875 f
2862 832 2979 875 ater
2997 824 3249 875 dixerunt
3278 840 3293 878 ε
3328 823 3504 877 ιϐηιι-

1921 908 2141 963 cubitus
2222 914 2545 977 patriarcha:
2593 912 2884 967 Mahotncti
2944 916 3334 985 consanguinei
3379 932 3500 978 eaut

1918 1003 2299 1067 sauctilicavit,
2326 1015 2381 1057 et
2411 1006 2556 1074 quod
2611 1018 2869 1059 nascetur
2897 1022 2958 1060 ex
2995 1023 3057 1061 ea
3086 1020 3340 1063 sanctum
3373 1012 3499 1075 cril,

1916 1095 2119 1163 quippe
2176 1113 2240 1149 ex
2281 1102 2558 1167 sanguine
2615 1099 2927 1160 MaltOIIIt'll,
2983 1104 3278 1156 secuudum
3327 1105 3497 1172 legem

1918 1189 2519 1260 sanctilicationemque
2560 1193 2775 1246 llasnhs
2802 1193 3146 1248 Matometi.»
3189 1192 3286 1249 llic
3314 1196 3499 1263 itaque

1920 1279 2191 1333 maximus
2221 1291 2275 1332 ct
2307 1281 2540 1335 maxima
2572 1282 2710 1351 apud
2741 1299 2835 1336 eos
2888 1284 3211 1337 auctoritate
3241 1286 3498 1353 praeditos

1919 1369 2113 1423 nobilis
2186 1373 2516 1439 patriarcha,
2587 1389 2746 1441 quem
2788 1376 2859 1427 illi
2928 1392 3106 1429 rerum
3188 1360 3494 1428 futurarum

1917 1470 2329 1527 prosprotorem
2397 1473 2450 1515 et
2507 1475 2897 1531 pra-centorrm
2948 1468 3306 1533 reputabant,
3357 1466 3501 1519 Mer-

1916 1551 2049 1603 s:tita
2092 1553 2321 1606 tliali-cto
2350 1551 2563 1607 Persica
2595 1566 2962 1625 nuncupatus,
3006 1557 3152 1610 misit
3211 1558 3406 1621 l’rusa,
3441 1557 3496 1610 iu

1915 1656 2021 1706 qua
2053 1642 2156 1696 sibi
2198 1644 2535 1699 domicilium
2590 1648 2850 1715 elegerat.
2884 1648 2947 1699 atl
2998 1644 3300 1700 Turcarum
3350 1650 3501 1719 prin-

1914 1735 2089 1803 cipem
2152 1734 2379 1803 legatos,
2416 1738 2507 1805 qui
2570 1737 2807 1791 dicereut
2844 1756 2855 1792 :
2900 1757 2917 1789 ι
2950 1738 3095 1793 Cave
3118 1755 3185 1793 ne
3237 1756 3359 1792 cum
3394 1740 3500 1791 llo-

1918 1829 2095 1880 tnanis
2117 1844 2349 1896 pugnam
2375 1829 2546 1895 ineas,
2563 1839 2615 1883 et
2637 1834 2935 1884 exercitum
2956 1841 3281 1901 gentemque
3299 1833 3499 1901 perdas

1918 1918 2410 1983 MuSulmanorum,
2462 1923 2635 1976 donec
2699 1924 2813 1992 ipse
2893 1924 3164 1979 advenero
3222 1925 3499 1977 indicave-

1915 2028 2083 2079 roque
2114 2022 2490 2082 tempestatem
2521 2015 2832 2077 conﬂictus,
2873 2026 2931 2069 ut
2984 2032 3211 2085 magnus
3239 2032 3339 2072 nos
3392 2017 3493 2072 do-

1915 2114 1999 2158 cet
2027 2105 2265 2159 llasulus
2324 2108 2583 2175 propheta
2615 2126 2628 2158 :
2671 2111 2773 2161 hoc
2804 2124 2931 2161 vero
2965 2122 3259 2176 cognosco,
3293 2109 3493 2177 quippe

1915 2198 2006 2264 qui
2063 2197 2246 2250 divina
2295 2211 2472 2252 mente
2507 2214 2591 2253 res
2622 2200 2959 2268 prospiciam
3018 2209 3070 2252 et
3128 2200 3439 2268 praedicam.
3472 2217 3491 2250 ο

1916 2284 2039 2340 llaec
2089 2287 2317 2340 audiens
2344 2285 2643 2342 'l‘urCorum
2700 2290 2952 2358 princeps
2983 2290 3229 2360 jussibus
3266 2290 3493 2355 obediit,

1912 2392 1968 2435 et
2009 2380 2536 2450 psetnl0prophetam
2583 2382 2957 2449 exspectabat,
3011 2382 3105 2451 qui
3132 2395 3237 2433 non
3295 2380 3496 2433 multos

1915 2483 2037 2541 post
2068 2474 2183 2526 dies
2214 2474 2448 2526 ailvenit.
2480 2475 2727 2526 Accessit
2777 2472 3028 2526 Hersaita
3078 2483 3131 2527 et
3181 2474 3491 2542 patriarcha

1916 2566 2217 2620 Turcarum
2248 2581 2371 2619 cum
2397 2566 2711 2635 quingentis
2762 2566 2953 2621 Turcis
2978 2567 3283 2620 solitarium
3330 2564 3496 2620 insti-

1915 2668 2089 2711 tutum
2123 2657 2409 2727 professis,
2436 2659 2598 2712 mulae
2646 2659 2914 2721 assidens,
2945 2658 3116 2729 figura
3174 2658 3494 2713 insolentis-

1913 2752 2106 2813 simus,
2187 2749 2327 2804 fastu
2408 2750 2945 2805 vehementissimus.
3022 2751 3491 2806 Musulmanorum

1912 2845 2081 2912 copiae
2115 2842 2186 2895 illi
2221 2826 2396 2896 obviae
2443 2844 2597 2897 factm
2635 2854 2783 2906 sunt,
2821 2853 2871 2897 et
2926 2852 3181 2910 tanquam
3240 2843 3490 2912 angelum

1913 2937 1980 2989 tle
2013 2936 2151 2988 coelo
2184 2937 2432 2991 nationes
2465 2936 2569 2988 illa:
2597 2936 2926 2999 Turcarum,
2981 2935 3185 3002 quibus
3210 2952 3297 2989 res
3333 2937 3490 3003 inep-

1912 3028 2138 3083 tissima:
2215 3028 2658 3096 stultissimzeque
2746 3028 3165 3083 admirationem
3253 3038 3491 3092 movent,

1912 3121 2067 3190 proni
2109 3121 2414 3189 excipiunt,
2447 3135 2623 3189 neque
2648 3136 2842 3174 manus
2872 3122 3017 3177 illius
3072 3123 3345 3193 pedesque
3369 3132 3491 3175 tan-

232 3210 311 3277 μὴ
348 3212 515 3276 μόνον
561 3212 690 3274 τοὺς
724 3214 895 3278 πόδας
952 3218 1167 3270 ἐκείνου
1208 3218 1519 3288 ἠσπάζοντο
1564 3222 1658 3275 καὶ
1710 3226 1807 3286 τὰς

1914 3212 2197 3266 tummodo
2231 3213 2640 3278 deosculantur,
2688 3213 2857 3266 sedet
2903 3215 3063 3268 mulae
3094 3231 3199 3284 qua
3260 3218 3491 3271 veheba-

228 3302 450 3371 χεῖρας,
501 3303 639 3356 ἀλλὰ
681 3307 775 3359 καὶ
817 3306 911 3361 τοῦ
952 3310 1180 3379 ἡμιόνου
1234 3314 1364 3375 τοὺς
1404 3314 1655 3384 χαλινοὺς
1717 3318 1810 3375 καὶ

228 3393 361 3459 τοὺς
392 3391 645 3461 πόδαςοῦ
680 3400 952 3470 ὶποχεῖτο.
1019 3402 1253 3474 Ὁμοίως
1310 3408 1404 3458 καὶ
1458 3409 1485 3459 6
1540 3407 1809 3475 δεσπότης

230 3486 343 3540 τῶν
369 3487 632 3559 Τούρκων
657 3488 1046 3562 δουλοπρεπῦκ
1079 3494 1370 3561 ὑπεδέξατο
1399 3497 1607 3551 τοῦτον.
1635 3498 1809 3561 Αὺτδς

232 3580 289 3633 δὲ
317 3580 553 3652 σοϐαρὸς
578 3585 673 3637 καὶ
707 3584 1188 3658 μεγαλοῦπέροχος
1223 3589 1439 3656 ἑωρᾶτο
1464 3592 1579 3653 τοῖς
1606 3592 1805 3646 mis».

234 3673 386 3747 Πλὴν
414 3674 472 3728 δὲ
504 3676 812 3747 ἐπηρμένος
843 3678 939 3731 καὶ
972 3681 1424 3751 γεγαυριωμὲνος
1470 3680 1546 3745 ὡς
1606 3682 1809 3752 ὑψηλός

232 3786 294 3821 τε
328 3769 429 3823 καὶ
461 3769 635 3838 μέγας
667 3772 763 3824 καὶ
790 3771 866 3834 ὡς
889 3772 1165 3841 ἀπόγονος
1192 3773 1288 3827 τοῦ
1330 3776 1578 3845 Μωάμεθ
1613 3778 1809 3830 ἑκατε-

231 3862 422 3929 δέξατο
463 3864 633 3933 μόλις,
692 3865 787 3920 καὶ
844 3867 1147 3937 ἐφθέγξατο
1188 3869 1382 3922 ταῦτα’
1419 3888 1437 3921 ι
1476 3871 1807 3938 Γινώσκετε,

232 3952 677 4021 Μουσουλμάνοι.
710 3955 804 4008 καὶ⁵
837 3958 901 4009 σὺ
938 3958 1102 4021 αὐτὸς
1128 3960 1156 4011 6
1183 3961 1404 4014 πάντων
1456 3962 1665 4016 τούτων
1725 3962 1810 4014 δε-

235 4046 464 4110 σπότης.
502 4044 644 4113 Ἐγὼ
674 4047 777 4116 μὲν
832 4050 1149 4122 ἀπεστάλην
1207 4053 1360 4122 παρὰ
1410 4053 1504 4106 τοῦ
1567 4054 1806 4124 μεγάλου

235 4139 523 4209 προφήτου
561 4139 794 4194 Ῥασοὺλ
825 4141 1184 4212 Μαχουμέτη,
1213 4144 1296 4197 ἵνα
1346 4145 1476 4216 ὑμῖν
1528 4146 1667 4204 εῐπω
1712 4146 1807 4201 τοῦ

234 4230 478 4299 πολέμου
507 4230 605 4303 τὴν
630 4231 799 4302 ὥραν,
827 4233 900 4295 ὡς
947 4237 1316 4305 προορατικδς
1353 4239 1447 4292 καὶ
1496 4240 1806 4309 προφήτης,

236 4325 387 4385 ὅπως
411 4322 774 4393 δουλώσωμεν
804 4326 929 4387 τοὺς
965 4326 1268 4396 Ῥωμαίους
1314 4328 1408 4381 καὶ
1465 4330 1807 4398 αἰχμαλωτί-

237 4430 426 4481 σωμεν
461 4413 555 4466 καὶ
582 4412 680 4483 τὴν
705 4414 878 4467 πόλιν.
923 4414 1316 4485 Ἐτοιμάζεσθε
1350 4417 1407 4469 δὲ
1456 4420 1594 4488 πρὸς
1653 4420 1808 4473 τοῦτο

230 4509 336 4570 ἓως
361 4509 488 4560 ὅτου
523 4508 588 4560 νά
616 4506 796 4579 φθάσῃ
828 4510 861 4578 ἡ
894 4507 1036 4575 ὥρα,
1066 4510 1257 4562 ὁποίαν
1298 4511 1407 4578 ἐγὼ
1454 4511 1726 4600 ⁸[ινώσκω.
1779 4530 1799 4564 ι
1839 4545 1880 4600 D

232 4598 343 4649 Καὶ
370 4595 545 4650 ταῦτα
573 4597 819 4659 εἰπόντος
851 4598 1032 4667 ἀπέϐη
1059 4598 1153 4651 τοῦ
1189 4601 1413 4668 ἡμιόνου
1440 4594 1501 4653 οὗ
1534 4604 1804 4671 ἐποχεῖτο,

231 4693 329 4741 καὶ
356 4688 609 4757 εἰσῆλθεν
636 4692 715 4752 εἰς
744 4690 841 4759 τὴν
875 4690 1064 4745 τένταν
1091 4694 1188 4760 τὴν
1233 4693 1532 4761 ἱσταμένην
1551 4693 1657 4747 ἀπὸ
1681 4711 1805 4748 κεν-

234 4782 487 4847 τυύιιλου,
544 4783 641 4835 καὶ
690 4782 893 4851 ἦρξατο
915 4784 1319 4852 ἀναγινώσκειν
1343 4788 1438 4847 τὰς
1468 4786 1682 4855 βίϐλους
1716 4786 1807 4839 τοῦ

235 4872 485 4941 Ἀίωάμεθ
513 4876 607 4926 καὶ
648 4873 717 4925 τὰ
761 4874 1038 4943 Ῥάμπλια
1068 4875 1355 4942 πράττειν.
1393 4878 1549 4931 Μετὰ
1578 4878 1799 4947 ὑποκρί-

237 4981 379 5025 σεως
405 4964 464 5017 δὲ
492 4963 665 5017 ταῦτα
689 4967 883 5027 ἐποίει,
907 4966 980 5027 ὡς
1008 4967 1093 5019 ἶνα
1124 4968 1444 5020 ἀπατῶνται
1476 4970 1525 5021 οἱ
1572 4969 1716 5037 Τοῦρ
1757 4986 1807 5021 οι

234 5057 332 5108 καὶ
370 5055 716 5125 προσκυνοῦν
753 5060 848 5111 καὶ
865 5056 1121 5120 δοξάζουν
1150 5057 1223 5119 ὡς
1252 5059 1540 5128 προφήτην
1572 5061 1805 5123 ἐκεῖνον,

234 5145 383 5199 καθὰ
416 5147 514 5199 καὶ
545 5149 573 5200 6
602 5146 873 5216 δεσπότης
899 5148 1010 5200 τῶν
1060 5147 1322 5216 Τούρκων
1375 5152 1467 5203 καὶ
1516 5154 1712 5211 πάντες
1759 5154 1805 5202 0i.

232 5238 653 5307 Μουσουλμάνοι
684 5240 860 5310 ἀληθῆ
898 5242 989 5293 καὶ
1038 5240 1227 5310 βέϐαια
1267 5242 1558 5310 κρατοῦσιν
1628 5243 1805 5294 πάντα

230 5332 299 5384 τὰ
322 5330 630 5401 λαληθέντα
678 5332 742 5384 ὲκ
778 5332 993 5394 τούτου,
1035 5336 1126 5386 καὶ
1176 5334 1378 5396 πάντες
1416 5334 1513 5402 τὴν
1558 5334 1805 5385 κέ).ευσιν

230 5426 428 5494 ἔμενον
467 5424 568 5496 τὴν
606 5427 840 5489 ἐκείνου,
861 5426 950 5479 ἵνα
983 5428 1261 5498 προστάξῃ
1298 5428 1392 5479 τοῦ
1423 5426 1664 5486 πολέμου
1692 5427 1807 5505 μὴν

230 5515 383 5586 ὥραν
407 5517 501 5568 καὶ
535 5516 786 5584 δράμωσι
816 5519 1016 5579 πάντες
1046 5520 1141 5569 καὶ
1172 5517 1486 5587 κρατήσωσι
1520 5514 1619 5585 τὴν
1650 5516 1806 5566 πόλιν

230 5608 325 5659 καὶ
360 5606 487 5666 τοὺς
529 5604 839 5673 Ῥωμαίους
872 5606 1317 5675 αἱχμαλωτίσωσι
1359 5610 1586 5659 πάντας.
1616 5606 1803 5671 Ταύτη

229 5700 292 5767 δὴ
322 5701 356 5768 ἡ
394 5696 527 5766 κενὴ
562 5700 653 5750 καὶ
690 5699 897 5766 ματαία
933 5700 1086 5761 ἐλπὶς
1117 5700 1258 5767 μέγα
1300 5700 1500 5761 Optimo;
1534 5703 1627 5751 καὶ
1680 5700 1801 5750 τόλ-

236 5808 345 5861 μην
377 5792 472 5843 καὶ
498 5790 839 5862 εὐφροσύνην
869 5794 984 5856 τοῖς
1021 5792 1288 5863 Τούρκοις
1336 5794 1597 5861 ἐνέπλησε
1655 5794 1802 5853 τότε,

247 5886 341 5937 καὶ
375 5882 485 5939 ἀπὸ
512 5884 705 5936 τούτου
736 5884 953 5953 ἔχαιρον
988 5885 1081 5938 καὶ
1114 5885 1472 5939 ἑσπατάλουν.

1916 3314 2004 3359 ιιιι·
2034 3304 2185 3359 frena
2208 3314 2261 3358 et
2314 3305 2497 3373 pedes.
2575 3304 2773 3358 Eatlem
2833 3308 3043 3360 ratione
3073 3318 3127 3360 et
3185 3308 3489 3362 Turcarum

1914 3396 2164 3463 princeps
2200 3395 2470 3449 serviliter
2498 3410 2621 3449 eum
2673 3397 2896 3464 excipit.
2948 3397 3043 3452 Ille
3089 3400 3269 3468 gravis
3328 3400 3493 3453 alios-

1911 3501 2017 3555 que
2047 3487 2285 3541 maximo
2313 3486 2599 3541 intervallo
2633 3490 3047 3557 supereminens
3093 3506 3305 3555 omnes,
3364 3507 3493 3547 uec-

1912 3591 2020 3631 non
2066 3577 2321 3645 superbia
2381 3588 2615 3643 tumens,
2645 3588 2698 3632 et
2758 3580 3051 3649 magnifice
3103 3597 3224 3636 sese
3272 3582 3490 3652 jactans

1912 3679 2075 3738 atque
2108 3679 2409 3735 ostentans,
2462 3672 2627 3726 veluti
2684 3688 2947 3743 procerus
2967 3684 3024 3729 et
3077 3691 3306 3745 magnus
3337 3686 3391 3731 et
3422 3678 3492 3732 de

1912 3765 2162 3833 prosapia
2218 3764 2647 3825 Mabometinix
2708 3766 2926 3822 tandem
2985 3783 3296 3822 sermonem
3351 3772 3491 3825 inse

1910 3858 2229 3925 assumpsit,
2289 3856 2566 3927 dixitque:
2607 3876 2626 3909 ι
2670 3857 2899 3927 Scitote,
2959 3860 3303 3925 Musulmani,
3353 3870 3408 3915 et
3432 3872 3488 3916 tu

1910 3950 2002 4019 qui
2027 3948 2283 4004 omnibus
2317 3964 2523 4016 praees,
2564 3965 2652 4004 me
2678 3964 2708 4004 a
2746 3967 2940 4020 magno
2964 3952 3229 4021 propheta
3286 3954 3492 4010 Rasule

1912 4040 2219 4097 Mabometo
2268 4042 2495 4097 missum
2562 4042 2733 4098 fuisse
2772 4043 2841 4098 ad
2900 4044 3190 4101 conﬂictus
3249 4054 3487 4114 tempus,

1910 4147 2166 4207 tanquam
2198 4137 2287 4207 qui
2316 4136 2497 4192 futura
2530 4152 2812 4205 prmnosco
2848 4146 2902 4192 et
2947 4147 3101 4194 vates
3148 4154 3291 4203 sum,
3350 4154 3490 4208 prir-

1910 4226 2387 4291 nuutiandum,ut
2441 4227 2733 4282 Gracosin
2790 4228 3130 4293 servitutem,
3180 4230 3369 4283 urbem
3432 4232 3485 4286 in

1909 4318 2279 4388 captivitatem
2311 4319 2593 4373 deilamus.
2642 4320 2925 4390 Aecingite
2961 4336 3093 4389 ergo
3128 4337 3224 4375 vos
3246 4328 3300 4374 et
3349 4338 3488 4389 prae-

1910 4420 2119 4479 parate,
2149 4412 2274 4463 ilum
2314 4412 2456 4478 quod
2516 4412 2629 4478 ipse
2684 4412 2805 4465 nevi
2857 4422 3071 4480 tempus
3123 4414 3422 4470 advenerit.
3459 4432 3482 4469 ι

1909 4500 2008 4557 His
2047 4504 2211 4557 dictis
2275 4505 2421 4556 mula
2489 4517 2596 4571 qua
2657 4504 2956 4557 vehebatur
3006 4506 3307 4571 descendit,
3346 4509 3485 4562 etin

1912 4594 2204 4649 tentorium
2227 4595 2413 4648 introit
2446 4610 2509 4648 ex
2544 4596 2906 4649 ceutumculis
2928 4597 3257 4657 confectum.
3290 4603 3487 4669 cmpit-

1909 4701 2013 4755 que
2044 4686 2211 4739 libros
2268 4687 2555 4739 Mahometi
2622 4701 2939 4754 percurrere
2961 4697 3011 4741 et
3053 4687 3300 4757 Ramplia
3351 4706 3485 4745 con-

1912 4778 2091 4841 ficere,
2126 4778 2218 4830 sed
2286 4794 2407 4830 cum
2462 4778 2828 4843 simulitione,
2897 4788 2956 4832 ttt
3015 4779 3213 4835 Tui-ca:
3275 4782 3485 4852 decepti

1910 4872 2086 4939 ipsum
2124 4880 2380 4938 tanquam
2414 4871 2729 4939 prophetam
2770 4882 3165 4927 venerareutur
3209 4885 3260 4928 et
3286 4875 3485 4930 adora-

1917 4976 2033 5016 rent
2073 4964 2569 5032 ;quemailmodum
2621 4964 2921 5017 Turcarum
2958 4967 3209 5033 princeps
3258 4976 3310 5020 et
3362 4968 3487 5020 reli-

1915 5056 2005 5123 qui
2044 5056 2367 5110 Musulmaui
2406 5072 2528 5109 vera
2568 5058 2829 5125 firmaque
2886 5058 3176 5111 credebant
3229 5074 3347 5127 quae
3398 5060 3486 5113 ille

1916 5150 2184 5207 edixerat,
2229 5149 2490 5217 jussaque
2518 5148 2666 5202 illius
2695 5152 3113 5215 exspectabant,
3150 5158 3206 5203 ut
3267 5160 3484 5221 tempus

1917 5254 2109 5306 pugna:
2145 5247 2459 5306 praciperet
2512 5256 2526 5295 ;
2560 5247 2671 5290 tum
2722 5236 2865 5290 enim
2900 5237 3015 5291 fore
3056 5248 3114 5289 ut
3152 5238 3247 5306 ipsi
3280 5252 3486 5291 convo-

1918 5333 2090 5384 lantes
2126 5332 2258 5384 urbe
2297 5333 2618 5397 potirentur,
2649 5331 2976 5397 Crtecosqtte
3009 5346 3201 5385 omnes
3229 5331 3283 5384 in
3313 5331 3487 5399 capti-

1916 5424 2138 5477 vitatem
2184 5423 2540 5476 abducerent.
2592 5422 2713 5477 Hac
2751 5439 2885 5477 vana
2922 5439 3045 5491 spes
3086 5437 3147 5476 ac
3177 5421 3348 5477 futilis
3372 5438 3487 5474 ma-

1914 5527 2075 5583 gnam
2112 5511 2307 5567 Turcis
2338 5529 2404 5565 eo
2442 5525 2683 5582 tempore
2715 5515 2822 5565 vim
2855 5523 2907 5567 et
2957 5515 3237 5568 audaciam
3271 5528 3483 5567 necnon

1916 5606 2157 5659 lzt-titiam
2188 5606 2404 5659 abunde
2463 5606 2793 5668 conciliavit,
2821 5614 2872 5657 et
2898 5621 2960 5657 ex
2991 5620 3055 5657 eo
3082 5614 3321 5673 tempore
3351 5618 3487 5672 guu-

1911 5700 1999 5751 ilio
2034 5700 2333 5766 gestiebant
2369 5711 2420 5751 et
2444 5699 2698 5753 deliciose
2726 5701 2888 5751 vitam
2936 5700 3206 5764 agebant,
3239 5697 3348 5749 imo
3398 5697 3487 5750 die

1917 5803 2190 5860 noctuque
2220 5792 2425 5859 palmas
2457 5792 2854 5860 percutiebant,
2884 5805 3180 5858 vocemque
3209 5787 3484 5843 Mersaita:

1913 5884 2301 5953 exspectabant
2341 5898 2596 5956 tauquam
2630 5886 2972 5943 vcracissimi
3010 5885 3185 5957 angeli
3235 5886 3301 5940 ad
3333 5884 3482 5941 Gra-

1921 5993 2013 6032 cos
2046 5979 2397 6036 cautivandos
