4202 6444
210 426 274 484 ’ῑ3
1176 425 1569 484 NARRATIU
1616 421 1712 481 DE
1743 422 1955 481 CPOLI
2001 422 2478 482 OPPUGNATA.
3402 423 3470 481 Ἠ

211 541 468 609 στρατιᾶς
508 539 721 609 ἐκείνης
755 544 820 595 τὸ
856 541 1056 611 πλῆθος
1090 542 1171 593 ὅτι
1224 542 1332 594 ἀπὸ
1376 541 1436 594 τὸ
1492 542 1550 594 ἓν
1617 542 1785 609 ἄκρον

1903 554 2017 597 ante
2051 542 2167 597 ausi
2203 540 2439 603 fuerant,
2470 554 2591 591 cum
2626 538 2765 593 inter
2823 538 2975 595 urbis
3025 540 3200 597 fossas
3254 538 3473 595 Graecos

213 628 307 695 τῆς
340 626 547 681 πόλεως
581 629 679 695 τῆς
726 630 973 700 Χρυσίας
1030 629 1157 700 ἄχρι
1218 632 1310 682 καὶ
1369 632 1429 683 τὸ
1490 632 1677 698 ἕτερον
1728 629 1786 679 τὸ

212 718 381 779 ἄκρον
416 719 513 786 τῆς
535 719 885 791 Ξυλοπόρτης
916 723 1160 791 ἐκράτει.
1189 724 1250 774 Οί
1276 723 1331 775 δὲ
1365 722 1663 790 στρατηγοὶ
1691 716 1785 772 τοῦ

214 812 465 875 φωσάτου
491 812 589 875 τὰς
612 815 900 879 συντάξεις
925 816 1033 868 τῶν
1074 815 1335 882 Τούρκων
1369 816 1609 882 ἔστησαν
1646 814 1787 867 κατὰ

215 902 367 964 τάξιν
397 903 623 972 πλησίον
648 904 742 957 τοῦ
786 906 1050 976 κάστρου,
1085 906 1161 969 ὡς
1208 906 1497 960 ἐθέσπισεν
1534 909 1562 958 6
1600 905 1792 974 ψευδο-

216 996 526 1062 προφήτης.
551 997 690 1059 Τοὺς
735 997 791 1048 δὲ
832 998 1051 1062 τοξότας
1088 1000 1332 1061 ἐκείνους
1380 1002 1507 1060 τοὶς
1572 998 1793 1063 ἀναριθ-

218 1089 426 1156 μήτους
458 1089 570 1141 τῶν
610 1090 878 1159 Τούρκων
922 1092 1215 1145 ἐκέλευσαν
1248 1086 1476 1153 πάντας
1523 1090 1659 1159 ὁμοῦ
1706 1108 1794 1142 το-

216 1178 395 1241 ξεύειν
435 1180 619 1232 ἐπάνω
652 1180 748 1233 τοῦ
781 1182 1026 1251 κάστρου
1066 1184 1165 1234 καὶ
1194 1184 1305 1235 τῶν
1358 1182 1790 1251 προμαχιονίων,

216 1269 289 1331 ὡς
315 1273 402 1322 ίνα
426 1271 705 1325 λαϐώσουν
730 1274 821 1324 καὶ
853 1275 1150 1341 φονεύσουν
1169 1279 1318 1337 τινας
1343 1275 1451 1326 τῶν
1481 1274 1791 1339 Ῥωμαίων,

217 1363 312 1413 καὶ
350 1363 668 1431 φοϐηθῶσιν
709 1365 759 1416 οί
794 1365 944 1418 ἄλλοι
981 1369 1077 1419 καὶ
1129 1368 1380 1433 φύγωσιν
1440 1368 1504 1417 ἐκ
1544 1365 1640 1417 τοῦ
1687 1364 1797 1415 tsi—

217 1472 371 1522 κους,
395 1457 491 1507 καὶ
522 1458 631 1508 ἀπὸ
662 1459 856 1509 τούτου
878 1458 1068 1511 ἄδειαν
1106 1458 1304 1526 εὔρουν
1324 1460 1418 1510 καὶ
1447 1457 1723 1510 ἀναϐῶσιν
1747 1456 1795 1505 οί

219 1547 639 1618 Μουσουλμάνοι
692 1551 879 1602 ἐπάνω
934 1552 1372 1619 ἀνεμποδίστως,
1426 1551 1522 1603 καὶ
1583 1551 1799 1619 κρατή-

220 1640 478 1706 σωσιτὴν
508 1640 682 1693 πόλιν.
752 1643 813 1692 '0
858 1643 913 1694 δὲ
959 1643 1085 1706 λαὸς
1144 1644 1252 1695 τῶν
1320 1644 1607 1712 Ῥωμαίων
1657 1647 1798 1713 ὀρῶν

221 1729 290 1781 τὰ
326 1732 601 1799 πολεμικὰ
636 1735 729 1785 καὶ
754 1735 971 1802 μάχιμα
1020 1738 1159 1803 ἔργα
1207 1736 1316 1787 τῶν
1372 1736 1656 1804 Τούρκων,
1704 1739 1800 1791 καὶ

221 1820 324 1887 τὴν
358 1820 672 1891 πλησμονὴν
703 1824 798 1875 τοῦ
834 1825 1088 1891 φωσάτου
1120 1826 1325 1892 γενεῶν
1380 1825 1487 1877 τῶν
1527 1827 1797 1895 ἀπείρων,

225 1917 324 1967 καὶ
352 1916 449 1983 τὴν
486 1916 663 1984 ὁρμὴν
684 1916 789 1969 τῶν
817 1919 1121 1987 Ταρτάρων
1154 1920 1249 1973 καὶ
1295 1920 1404 1973 τῶν
1436 1920 1804 1990 Μουσουλμὰ⁴

220 2024 331 2059 νων
358 2008 458 2075 τὴν
485 2008 715 2075 τόλμην,
740 2010 920 2063 καὶτὰ
946 2011 1056 2079 πρὸ
1090 2010 1275 2077 ὀλίγου
1327 2013 1664 2080 πραχθέντα,
1722 2014 1803 2064 ὅτι

220 2096 374 2158 ἐντὸς
404 2098 483 2159 είς
514 2099 613 2157 τὰς
657 2099 848 2160 σούδας
881 2100 1213 2152 ἀπέκτειναν
1259 2102 1306 2153 οί
1358 2101 1596 2170 Τοῦρκοι
1672 2103 1803 2154 Ῥωσ

227 2191 427 2259 μαίους
453 2193 546 2244 καὶ
576 2193 769 2255 ἄλλους
801 2195 1113 2264 ἔμπροσθεν
1141 2199 1219 2258 είς
1244 2197 1605 2266 τάςρπόρτας,
1661 2200 1801 2252 ἐδει-

221 2284 419 2336 λίασαν
454 2286 625 2351 μέγα,
659 2286 751 2337 καὶ
787 2286 973 2355 σχεδὸν
1021 2290 1156 2356 πρὸς
1199 2293 1378 2358 φυγὴν
1436 2291 1484 2341 οἱ
1558 2289 1804 2351 πλείονες

222 2375 525 2444 ἐθεώρουν.
559 2376 621 2426 ’Ὡ
638 2375 788 2444 ὥρας
818 2377 919 2445 τῆς
950 2380 1288 2447 πικροτάτης
1324 2381 1564 2447 ἐκείνης,
1621 2380 1666 2433 ὣ
1711 2382 1803 2431 λύ-

224 2481 337 2534 πης
366 2466 463 2532 τῆς
489 2467 787 2536 ἀφορήτου,
817 2466 861 2518 ὼ
892 2469 1226 2531 άπελπισίας
1262 2473 1528 2539 μεγίστης
1550 2473 1562 2524 !
1588 2474 1680 2533 Ti;
1705 2473 1803 2523 ούκ

223 2557 418 2625 ἔφριξε
452 2558 549 2625 τὴν
572 2560 785 2626 ἡμέραν
810 2561 1028 2629 ἐκείνην
1052 2576 1068 2623 ;
1096 2560 1179 2623 τίς
1224 2564 1326 2615 οὐκ
1380 2565 1647 2633 ἐτρόμαξε
1708 2565 1803 2633 τὴν

222 2648 385 2717 ὥραν
425 2649 635 2717 ταύτην
666 2650 810 2717 ὁρῶν
846 2652 973 2711 τοὺς
1033 2651 1342 2721 Ῥωμαίους
1390 2656 1471 2714 είς
1530 2653 1802 2721 τοσαύτην

222 2740 438 2793 δειλίαν
467 2744 562 2792 καὶ
589 2742 714 2800 τοὺς
743 2742 1209 2809 Μουσουλμάνους
1245 2747 1328 2807 είς
1363 2743 1563 2815 θάρσος
1613 2746 1804 2798 τοσού-

222 2849 353 2895 τον;
385 2832 493 2883 Καὶ
514 2831 592 2893 τίς
637 2833 743 2882 τῶν
774 2834 1215 2902 άκαταπλήκτων
1242 2838 1360 2887 τότε
1388 2838 1446 2887 ού
1482 2837 1805 2906 κατεπλήγη

1896 634 2225 687 occidissent
2277 643 2329 686 et
2362 642 2487 684 ante
2561 639 2744 697 portas
2799 631 2960 696 alios,
3033 645 3228 700 magno
3283 630 3477 684 timore

1898 723 2121 788 arrepti,
2159 721 2354 787 potiori
2413 736 2477 774 ex
2518 728 2672 788 parte
2721 719 2901 790 fugam
2935 721 3477 791 prtemeditabantur.

1897 813 1951 872 Ο
1988 823 2361 884 tempestatem
2402 815 2547 867 illam
2608 813 3006 868 amarissimam
3037 818 3049 869 ι
3084 815 3128 869 Ο
3187 830 3478 869 maerorem

1899 899 2299 962 intolerabilem
2335 908 2347 959 ι
2386 905 2430 959 Ο
2487 906 2776 958 maximam
2827 905 3267 974 desperationem
3300 909 3314 960 !
3348 908 3484 973 Quis

1900 1000 1987 1054 die
2028 1000 2116 1051 illo
2145 1013 2250 1052 non
2296 996 2549 1050 horruit?
2600 997 2733 1062 Quis
2787 1012 2897 1050 non
2960 997 3183 1050 tremuit
3209 1012 3269 1050 ea
3326 997 3483 1059 hora,

1901 1091 2092 1145 videns
2122 1090 2341 1145 Graecos
2370 1097 2520 1141 tanto
2564 1089 2757 1141 timore
2806 1104 3125 1154 concussos,
3179 1090 3485 1142 Musulma-

1904 1198 2006 1237 nos
2045 1191 2192 1235 tanta
2222 1180 2549 1234 conﬁdentia
2588 1180 2946 1249 praemunitos
2985 1181 3101 1236 ?Et
3152 1184 3297 1251 quis,
3362 1182 3488 1235 licet

1906 1274 2326 1341 imperterritus,
2360 1287 2468 1326 non
2499 1273 2716 1341 expavit
2748 1272 2769 1324 ?
2816 1272 2975 1336 Quis,
3014 1274 3136 1328 licet
3167 1288 3485 1342 generosus,

1907 1380 2015 1417 non
2046 1363 2376 1417 exhorruit?
2400 1362 2516 1416 Non
2550 1372 2802 1425 mortem,
2830 1363 3073 1431 inquam,
3108 1378 3229 1431 qua;
3258 1373 3453 1417 natura
3472 1392 3489 1403 ο

1908 1456 1975 1509 Iis
1994 1465 2101 1519 est,
2127 1455 2219 1508 sed
2250 1470 2460 1523 magna!
2510 1454 2734 1523 hujusce
2761 1455 2913 1507 urbis
2968 1456 3266 1518 excidium,
3330 1472 3491 1525 gene-

1906 1549 1983 1602 ris
2018 1552 2357 1609 servitutem,
2392 1548 2683 1601 mulierum
2751 1548 3259 1611 dehonestamenta,
3308 1558 3490 1601 casta-

1908 1656 2027 1694 rum
2059 1642 2405 1705 viulationes,
2442 1657 2738 1710 puerorum
2795 1642 3299 1703 cirt-umcisionetn,
3355 1650 3491 1693 tem-

1908 1734 2122 1800 plorum
2176 1735 2412 1795 ruinam,
2460 1741 2777 1786 sanctarum
2841 1732 3138 1801 imaginum
3183 1731 3489 1793 irrisiones,

1911 1824 2133 1877 maximi
2161 1823 2256 1876 Dei
2299 1822 2635 1891 Sapientiam
2665 1823 2730 1875 ad
2767 1821 3059 1875 Maliometi
3113 1821 3352 1885 laudem,
3383 1821 3495 1875 dae-

1840 1894 1879 1947 B
1910 1930 2133 1970 monum
2178 1915 2361 1968 sedem
2385 1922 2439 1967 et
2494 1912 2784 1982 profanum
2841 1913 3059 1966 Rasulis
3094 1922 3147 1965 et
3193 1912 3486 1965 Mattoun-ti

1904 2008 2115 2062 cultum
2140 2006 2465 2059 chtinatam
2501 2022 2514 2069 ;
2550 2007 2695 2073 quod
2731 2020 2859 2058 vero
2900 2002 3054 2072 pejus
3084 2012 3141 2057 et
3170 2005 3342 2074 magis
3392 2019 3491 2056 nov

1908 2101 2080 2162 xium,
2132 2108 2185 2151 et
2246 2098 2481 2165 pessima
2554 2104 2730 2149 morte
2805 2096 3034 2149 inlinitis
3088 2096 3487 2165 propemodm"

1906 2191 2087 2244 modis
2133 2190 2553 2251 exsecrabilius,
2582 2188 2683 2256 pia:
2720 2187 3158 2241 Christianorum
3221 2187 3345 2242 lidei
3376 2189 3491 2240 rui-

1906 2299 2030 2336 nam
2059 2295 2221 2351 atque
2266 2281 2699 2333 immutationem
2726 2281 2780 2331 in
2824 2278 3299 2332 Musulmauoruin
3363 2279 3491 2331 relic-

1906 2378 2122 2445 gionem
2155 2383 2207 2427 et
2273 2373 2564 2426 Mahometi
2642 2372 3136 2424 circumcisiouem.
3164 2369 3209 2424 Ο
3256 2370 3493 2423 maxime

1907 2465 2052 2518 illam
2085 2464 2271 2516 horam
2302 2460 2693 2529 deplorandam
2724 2460 2738 2514 !
2771 2456 2816 2513 Ο
2846 2460 3139 2526 procellam
3172 2460 3493 2514 ineluctabi-

1908 2556 2010 2611 lem
2038 2555 2051 2606 !
2085 2554 2219 2618 Quis
2260 2553 2555 2621 ejulatibus
2581 2551 2914 2618 nostrisuon
2944 2550 3337 2620 illacrymavit?
3362 2550 3494 2614 Qua:

1910 2648 2061 2701 auris
2081 2647 2419 2701 auditionem
2452 2642 2703 2707 sulIerre,
2728 2643 2850 2709 quis
2867 2643 3062 2696 oculus
3085 2651 3368 2711 aspectum
3399 2657 3497 2710 p0-

1909 2740 2011 2794 tuit
2037 2738 2137 2793 ?In
2172 2745 2250 2791 tot
2276 2736 2419 2790 enim
2467 2743 2521 2787 et
2549 2730 3058 2786 talttisittfortuniis
3084 2732 3266 2785 nullus
3297 2730 3494 2792 adfuit,

1908 2832 2001 2902 qui
2018 2830 2304 2899 adjuvaret
2324 2828 2697 2883 autexcitarct
2724 2837 2816 2879 aut
2834 2827 3237 2888 cohortaretur,
3254 2825 3499 2894 quando-

224 2923 325 2975 καὶ
392 2923 489 2977 τῶν
522 2924 787 2994 ἀνδρείων
818 2926 920 2976 οὐκ
955 2926 1224 2995 ἐφοϐήθη,
1252 2927 1373 2995 οὐχὶ
1423 2930 1516 2980 τὸν
1576 2930 1805 2983 θάνατον

1908 2925 2131 2994 quidem
2156 2936 2297 2975 unus
2316 2936 2384 2974 ex
2407 2918 2831 2988 imperatoribus
2849 2918 2897 2969 vi
2925 2916 3101 2969 morbi
3125 2930 3422 2985 oppressus
3445 2923 3499 2967 et

224 3016 397 3082 λέγω,
429 3016 658 3079 φυσικὸς
689 3017 797 3084 γὰρ
818 3017 1076 3086 ὑπάρχει,
1095 3018 1233 3071 ἀλλὰ
1258 3020 1359 3086 τῆς
1388 3022 1806 3090 μεγαλοπόλεως

1910 3025 2189 3071 senectute
2203 3030 2303 3068 con
2313 3013 2487 3067 fectus
2507 3026 2683 3079 neque
2698 3025 2850 3064 arma
2871 3025 3087 3064 sumere
3102 3023 3279 3077 neque
3295 3023 3499 3076 equum

224 3106 438 3174 ταύτης
471 3106 575 3174 τὴν
610 3106 813 3159 ἆλωσιν
852 3108 946 3161 καὶ
978 3109 1077 3177 τὴν
1126 3112 1508 3179 αἰχμαλωσίαν
1565 3113 1661 3165 τοῦ
1717 3114 1806 3181 γέ-

1913 3110 2209 3164 ascendere
2243 3114 2477 3173 poterat,
2524 3103 2621 3157 sed
2660 3104 2800 3156 intra
2843 3103 3103 3171 palatium
3134 3102 3298 3155 vitam
3329 3115 3503 3169 agens

228 3216 381 3261 νους,
410 3199 517 3251 τῶν
567 3201 848 3266 γυναικῶν
898 3203 996 3264 τὰς
1052 3204 1300 3272 ἀτιμίας,
1338 3206 1446 3258 τῶν
1511 3210 1805 3276 σωφρόνων

1914 3218 2011 3271 pro
2046 3200 2252 3253 viribus
2279 3212 2390 3251 rem
2447 3196 2691 3263 gerebat,
2730 3195 2870 3247 alius
2894 3200 3161 3247 armatus
3199 3207 3343 3260 equo
3372 3206 3483 3245 con

228 3290 332 3350 τὰς
356 3290 765 3357 αἰσχρουργίας,
801 3290 899 3359 τὴν
930 3295 1234 3362 περιτομὴν
1265 3297 1355 3345 τὸν
1386 3294 1627 3364 βρεφῶν,
1687 3298 1794 3349 τῶν

1903 3302 2100 3352 ‘scenso
2118 3298 2270 3359 porta
2293 3287 2469 3342 sancti
2494 3286 2726 3340 Romani
2747 3285 2881 3338 exiit
2902 3300 3176 3353 propeque
3195 3300 3315 3339 eam
3332 3283 3474 3338 stetit

231 3382 379 3433 ναῶν
406 3384 507 3447 τὴν
533 3381 832 3447 ἀπώλειαν,
865 3383 975 3438 τῶν
1008 3387 1181 3454 ἁγίων
1237 3387 1460 3440 εἰκόνων
1510 3392 1637 3451 τοὺς
1702 3392 2083 3461 ἐμπαιγμους,
2150 3384 2240 3435 τοῦ
2321 3382 2581 3451 μεγίστου
2648 3379 2787 3432 Θεοῦ
2860 3380 2960 3449 τὴν
3006 3381 3199 3448 σοφίαν
3252 3381 3503 3449 ὑμνητή-

234 3493 356 3540 ριον
384 3477 479 3526 τοῦ
511 3475 757 3543 Μωάμεθ
791 3478 885 3527 καὶ
920 3481 1347 3548 κατοικητήριον
1387 3480 1497 3533 τῶν
1529 3481 1809 3549 δαιμόνων
1880 3488 1976 3539 καὶ
2040 3480 2349 3552 μασγήδιον
2406 3478 2883 3541 ἀποκαταστῆσαι
2945 3476 3040 3528 τοῦ
3110 3477 3340 3529 Ῥασοὺλ
3407 3479 3505 3529 καὶ

232 3569 514 3637 Μωάμεθ.
542 3568 615 3619 Τὸ
646 3568 714 3619 δὲ·
741 3571 925 3637 χεῖρον
964 3571 1058 3621 καὶ
1126 3570 1393 3640 βλαϐερὸν
1454 3575 1548 3625 καὶ
1625 3577 2022 3645 μυριοπλάσιον
2062 3574 2155 3626 τοῦ
2184 3571 2449 3624 κακίστου
2488 3568 2724 3620 Θανάτου
2776 3569 3039 3621 κάκιστον
3095 3573 3159 3638 τῇ
3219 3571 3504 3637 μεταθέσει

234 3663 336 3715 atat
374 3659 619 3728 ἀπωλείᾳ
646 3659 749 3729 τῆς
780 3661 1037 3723 εὐσεϐοῦς
1072 3663 1307 3725 πίστεως
1334 3664 1443 3715 τῶν
1470 3666 1813 3736 Χριστιανῶν
1855 3671 1992 3737 πρὸς
2034 3668 2144 3719 τῶν
2176 3663 2624 3731 Μουσουλμάνων
2692 3660 2753 3712 τὸ
2824 3661 2995 3723 σέϐας
3056 3664 3151 3713 καὶ⁵
3198 3662 3296 3730 τὴν
3349 3678 3507 3732 περι-

234 3754 414 3821 τομὴν
443 3751 535 3804 τοῦ
575 3752 844 3819 Μωάμεθ.
894 3752 956 3801 ’Ὠ
1005 3752 1208 3821 θρήνου
1270 3756 1529 3822 μεγίστου
1586 3759 1736 3821 ἄξιος
1778 3762 1811 3829 ἡ
1853 3760 1973 3829 ὥρα
2046 3759 2252 3824 ἐκείνη,
2284 3754 2330 3807 ὣ
2376 3754 2673 3823 τρικυμίας
2730 3753 3149 3820 ἀκατασχέτουῐ
3204 3754 3299 3814 Τίς
3351 3756 3507 3823 ἡμῶν

231 3844 347 3907 τὰς
367 3846 615 3912 οἰμωγὰς
645 3844 707 3894 ού
749 3843 1119 3911 συνεπένθησε
1142 3847 1263 3897 τότε
1300 3849 1426 3910 ςτίς
1479 3848 1617 3919 ἀκοὴ
1655 3850 1814 3920 φέρει
1852 3852 1931 3902 τὸ·
1948 3851 2223 3917 ἄκουσμα,
2258 3847 2387 3899 ποία
2411 3845 2534 3914 ὄψις
2556 3846 2617 3897 τὸ
2665 3846 2880 3913 θέαμα;
2930 3845 3037 3897 Καὶ
3082 3847 3190 3914 γὰρ
3258 3849 3338 3908 είς
3406 3849 3508 3910 τὰς

233 3938 506 3996 τοσαύτας
536 3936 631 3987 καὶ
658 3935 989 4005 τηλικαύτας
1014 3937 1255 4003 ἀνάγκας
1275 3938 1465 3993 οὐδένα
1489 3940 1833 4011 βοηθοῦνταῆ
1862 3945 2129 4011 διεγεῖραι
2151 3941 2490 4010 παροτρῦναι
2521 3939 2682 4007 ἡμεῖς
2709 3938 2949 4007 εἴχομεν,
2976 3940 3098 3990 ἐπεὶ
3125 3941 3152 3991 6
3180 3940 3279 4007 μὲν
3301 3936 3379 4001 είς
3407 3941 3506 4009 βα-

240 4032 433 4092 σιλεὺς
460 4030 941 4099 κατατρυχόμενος
972 4031 1221 4100 ὑπῆρχεν
1256 4035 1320 4086 ἐκ
1377 4035 1537 4087 νόσου
1580 4039 1674 4088 καὶ
1726 4042 1949 4108 γήρους,
2007 4041 2102 4091 καὶ
2165 4036 2399 4105 ἠδύνατο
2462 4033 2788 4100 ὁπλισθῆναι
2862 4034 2894 4101 ἦ
2957 4033 3227 4103 ἀναϐῆναι
3281 4038 3367 4104 ἐφ’
3419 4038 3510 4088 l1:-

242 4137 373 4186 που,
414 4121 553 4173 ἀλλὰ
594 4120 746 4184 ἐντὸς
776 4121 871 4173 τοῦ
925 4123 1194 4175 παλατίου
1244 4122 1565 4194 εὑρίσκετον
1604 4132 1698 4181 καὶ
1763 4131 1821 4181 τὸ
1861 4132 2005 4183 κατὰ
2040 4130 2271 4196 δύναμιν
2309 4129 2604 4196 ἔπραττεν.
2653 4126 2789 4177 ὐςδ’
2849 4125 3007 4186 ἄλλος
3054 4127 3221 4195 ἀνέϐη
3284 4130 3374 4198 ἐφ’
3414 4132 3505 4185 ἶπ-

239 4229 350 4263 που
385 4209 835 4278 καθωπλισμένος
872 4212 949 4273 ὡς
972 4211 1100 4276 ἔδει,
1128 4216 1224 4266 καὶ
1254 4214 1352 4284 τὴν
1400 4218 1575 4287 πύλην
1628 4219 1821 4289 ἐξῆλθε
1910 4218 2194 4290 Ῥωμανοῦ
2264 4218 2358 4271 τοῦ
2387 4219 2568 4284 ἁγίου,
2602 4218 2696 4269 καὶ
2725 4218 2854 4288 ἔστη
2890 4220 3070 4271 ἐκεῖσε
3126 4220 3356 4290 πλησίον
3406 4226 3506 4293 τῆς

247 4310 482 4377 πόρτης.

330 4400 419 4459 Ὠς
454 4399 510 4449 δὲ
536 4396 768 4464 ἔφθασεν
796 4400 829 4467 ἡ
865 4398 983 4468 ὥρα
1011 4401 1173 4455 ὁποία
1206 4404 1273 4471 ἣν
1317 4406 1345 4456 6
1381 4404 1540 4469 ἄθεος
1594 4408 1808 4475 ἀνέμενε

2005 4402 2105 4456 Ubi
2134 4401 2361 4455 accessit
2383 4400 2512 4454 hora
2546 4415 2708 4467 quam
2746 4402 2941 4468 impius
2971 4403 3319 4469 exspectabat
3360 4403 3503 4456 Mer-

245 4489 576 4558 Μηρσσῖτης
608 4526 623 4550 ,
680 4480 905 4557 ἡγουνή
969 4490 1070 4558 μία
1095 4526 1102 4533 ς
1128 4493 1388 4555 ἐκάζοθεν
1423 4497 1485 4547 ἐκ
1544 4498 1603 4548 τὸ
1656 4500 1808 4566 μέσοι

1932 4496 2091 4554 saita.
2126 4509 2244 4560 quae
2289 4502 2408 4545 erat
2439 4508 2545 4545 una
2578 4502 2699 4559 post
2731 4492 3036 4555 meridiem,
3075 4510 3278 4560 equum
3336 4496 3503 4549 alium

243 4585 487 4651 ἡμέρας,
532 4581 733 4648 ἀνέϐην
791 4581 877 4647 ἐφ’
925 4582 1092 4635 ἵππου
1153 4583 1356 4654 ὑψηλοῦ
1422 4589 1516 4641 καὶ
1563 4591 1802 4659 μεγάλου

1903 4611 1904 4615 η
1932 4589 2317 4656 ingentemque
2355 4583 2603 4637 ascendit
2638 4601 2653 4648 ;
2683 4593 2736 4636 et
2771 4599 2894 4637 cum
2949 4599 3016 4638 eo
3050 4588 3335 4655 quingenti
3368 4604 3507 4657 quos

244 4679 342 4724 καὶ
372 4676 420 4725 οἱ
457 4674 584 4741 περὶ
612 4675 821 4725 ἐκεῖνον
872 4668 1219 4727 πεντακόσιοι
1278 4679 1471 4746 ἄνδρες
1513 4682 1639 4743 τοὺς
1697 4682 1823 4749 ἐφε-

256 4782 350 4833 ρεν
408 4766 450 4815 Τ
455 4764 979 4833 ουρκοκαλογέρους,
1023 4765 1101 4826 ὡς
1166 4766 1249 4819 ῐνα
1296 4768 1495 4835 ἔχωσιν
1522 4764 1670 4824 οὗτοι
1696 4776 1826 4843 κὲρ-’

242 4860 337 4915 (ξος
378 4854 470 4904 καὶ
499 4854 730 4919 κοῦρσος
753 4857 853 4915 τὰς
907 4856 1247 4922 καλογρσίας
1287 4859 1385 4925 τῆς
1429 4859 1656 4925 πόλεως,
1702 4864 1824 4913 ἁνε-

245 4950 464 5013 ϐόησαν
499 4944 668 5010 ὒμνον
696 4948 762 5012 τῇ
795 4946 1040 5014 Περσικῇ
1072 4946 1337 5016 διαλέκτῳ
1366 4951 1499 5018 πρὸς
1526 4953 1617 5004 τὸν
1663 4955 1826 5006 Μωά-

250 5038 356 5105 μεθ
394 5038 488 5087 καὶ
517 5036 794 5103 εὐφημίας
827 5037 960 5102 πρὸς
989 5039 1338 5108 Μηρσαῖτην.
1360 5042 1468 5094 Καὶ
1496 5044 1614 5111 τρὶς
1636 5046 1827 5113 ἐποιή-

250 5145 420 5179 σαντο
444 5125 625 5190 τοῦτο,
679 5126 784 5191 ἕως
837 5129 925 5180 ὅτε
967 5130 1124 5191 αὐτὸς
1161 5130 1289 5200 ἔλθῃ
1320 5132 1455 5201 πρὸς
1486 5135 1586 5204 τὴν
1624 5136 1826 5206 μάχην.

255 5219 408 5287 Πλὴν
441 5219 535 5271 καὶ
568 5218 898 5287 σκουτάριον
932 5220 1234 5284 ἐϐάσταζον
1274 5223 1588 5293 ἔμπροσθεν
1635 5228 1828 5281 τούτου

256 5315 523 5381 μέγιστον
560 5310 712 5379 παρὰ
744 5310 929 5378 φύσιν,
965 5311 1039 5372 ὡς
1072 5312 1160 5364 ἵνα
1187 5312 1541 5381 θαυμάζωσιν
1575 5317 1682 5369 άπὸ
1709 5320 1831 5370 τού-

250 5420 351 5454 του
388 5403 457 5455 τὰ
492 5400 945 5470 μωροθαύμαστα
972 5402 1102 5471 ἔθνη
1135 5404 1246 5456 τῶν
1276 5407 1721 5475 Μουσουλμάνων
1739 5411 1830 5462 τὸν

252 5494 596 5561 Μηροαῖτην
633 5496 863 5547 ἐκεῖνον.
900 5495 1073 5557 Αὐτὸς
1122 5496 1179 5548 δὲ
1238 5498 1369 5549 ὅταν
1421 5500 1649 5569 πλησίον
1701 5497 1829 5571 ἦ).οε

252 5585 396 5651 πρὸς
427 5584 527 5644 τάς
553 5585 833 5648 συντάξεις
884 5586 994 5636 τῶν
1045 5587 1512 5655 Μουσουλμάνων,
1569 5593 1829 5660 ἀνεϐόησε

260 5677 433 5743 μέγα,
467 5693 483 5724 ι
508 5675 762 5739 Ἰἀσοὺλ,
804 5676 1037 5728 Ῥασοὺλ
1071 5678 1429 5749 Μαχουμέτη.
1469 5701 1486 5731 ι
1540 5684 1644 5734 Καὶ
1692 5699 1831 5751 γυμ-

254 5766 441 5828 νώσας
471 5768 531 5817 τὺ
562 5766 713 5833 ξίφος
744 5769 839 5819 καὶ
873 5768 1090 5837 ὼθήσας
1124 5772 1216 5821 τὸν
1248 5772 1435 5832 ἵππον,
1474 5775 1565 5824 καὶ
1624 5776 1831 5842 κράξας

256 5861 401 5930 πρὸς
422 5861 516 5923 τὰς
539 5846 823 5923 συντάξεις
841 5861 901 5911 τὸ
925 5880 941 5910 ι
964 5861 1102 5927 άλὰχ
1130 5863 1343 5931 ταγκρὺ
1372 5864 1593 5917 lucos).
1621 5866 1828 5936 {ul/fw-

596 5959 861 6015 I'A'I'llttL.
905 5961 1019 6016 Gtt.
1070 5958 1240 6016 CLV!

1932 4691 2119 4729 secum
2149 4674 2450 4727 adduxerat
2484 4672 2787 4726 Turcarum
2820 4676 3093 4737 monachi,
3157 4687 3216 4729 ut
3265 4680 3504 4746 prmdam

1935 4768 2291 4833 rapinnmque
2315 4762 2555 4818 civitatis
2599 4764 2867 4817 mnuiales
2902 4765 3008 4818 sibi
3061 4765 3350 4829 haberent,
3385 4768 3465 4821 Ma

1936 4858 2137 4909 hometi
2172 4856 2361 4908 laudes
2408 4863 2490 4907 ter
2552 4852 2768 4908 Persica
2806 4855 3036 4908 dialecto
3070 4858 3507 4926 conclamarunt,

1936 4966 2144 5005 necnon
2190 4948 2366 5002 fausta
2392 4948 2660 5001 Mersaitze
2694 4948 2895 5016 precati
2957 4960 3106 5002 sunt.
3172 4950 3232 5004 Et
3266 4961 3345 5004 ter
3383 4954 3506 5014 hoc,

1936 5053 2228 5111 antequam
2264 5042 2379 5109 ipse
2408 5042 2461 5093 in
2487 5056 2722 5110 pugnam
2757 5042 3099 5108 procederet,
3138 5054 3461 5111 peregerunt
3493 5064 3506 5098 :

1937 5146 1989 5188 et
2017 5142 2142 5188 ante
2172 5134 2345 5200 ipsum
2374 5143 2589 5185 scutum
2643 5133 2941 5185 maximum
2993 5146 3047 5186 et
3096 5144 3293 5202 praeter
3350 5152 3509 5189 usum

1937 5228 2242 5296 gestabant,
2277 5235 2335 5277 ut
2362 5224 2489 5277 inde
2538 5222 2808 5277 Mersaita:
2851 5239 3119 5291 nugarum
3163 5228 3511 5282 admiratori-

1939 5316 2041 5370 bus
2092 5315 2454 5368 Musulmanis
2515 5313 2778 5380 majorem
2826 5314 3245 5370 admirationem
3279 5319 3510 5373 cierent.

1937 5408 2056 5474 Ipse
2088 5421 2252 5475 porro
2274 5405 2342 5458 ad
2383 5405 2855 5458 Musulmauorum
2894 5407 3115 5461 ordines
3148 5404 3397 5477 proxime
3422 5428 3513 5464 ar—

1940 5502 2162 5561 cedeus,
2203 5513 2335 5551 voce
2387 5513 2578 5566 magna
2612 5498 2867 5552 clamavit
2904 5517 2916 5551 :
2961 5518 2978 5550 ι
3009 5500 3176 5555 ιιειευι
3204 5502 3366 5557 llasul
3402 5507 3446 5559 Μ
3470 5531 3514 5557 ι-

1944 5594 2180 5645 Immete.
2227 5609 2244 5639 ι
2307 5591 2372 5642 Et
2410 5591 2614 5644 nudato
2663 5592 2845 5660 gladio
2887 5607 3138 5661 equoque
3189 5598 3404 5650 concito
3445 5612 3511 5653 at

1943 5684 2237 5737 instructas
2272 5683 2565 5751 phalanges
2622 5686 2859 5739 intonuit
2894 5702 2906 5737 :
2950 5704 2966 5737 ι
3016 5688 3307 5757 Alataucry
3344 5690 3511 5744 Ras-ul

1942 5775 2267 5829 Maltomete.
2309 5794 2326 5825 ι
2367 5775 2539 5829 Simul
2566 5793 2690 5830 cum
2719 5794 2784 5832 eo
2812 5777 3277 5834 Musulmauorum
3327 5787 3512 5834 Illllllt-

1944 5871 2075 5923 tudo
2129 5868 2510 5937 conclamavit,
2574 5881 2778 5924 etcum
2833 5871 3034 5941 impetu
3093 5884 3141 5925 et
3177 5875 3405 5943 strepitu
3460 5883 3512 5929 ct

3080 5974 3116 6030 3
