4202 6444
731 448 812 511 75

2037 455 2361 520 JOAN‘NIS
2396 460 2682 523 CANANI
3907 475 3984 537 7G

722 562 1014 630 plausibus
1031 573 1084 618 et
1106 567 1326 636 organis
1352 573 1403 621 et
1433 567 1706 622 sexcentis
1730 567 1850 621 aliis
1881 569 2213 625 clamoribus
2245 583 2298 627 et

2406 577 2600 643 μέτη,›
2638 576 3044 644 συνανεῦὁησαν
3091 578 3204 645 ἅμα
3242 580 3333 630 καὶ
3387 581 3493 632 τῶν
3527 583 3985 652 Μουςουλμάνων

736 652 986 704 tubarum
1013 655 1194 706 sonitu
1229 654 1296 707 ad
1337 671 1522 709 muros
1549 655 1703 709 urbis
1754 671 2076 724 pervenere,
2120 675 2150 712 a
2194 660 2304 730 Xy—

735 747 944 812 loporta
979 745 1043 797 ad
1083 745 1364 815 Cbrysiam
1391 762 1495 799 una
1531 748 1999 814 eademqueillius
2025 751 2126 803 diei
2147 752 2302 815 bora,

734 846 787 890 et
821 848 930 889 tum
968 838 1156 889 bellica
1200 841 1557 890 iustrmnenta
1599 840 1848 894 manibus
1873 839 2098 894 advecta
2165 859 2302 897 mm-

735 925 895 979 nibus
935 941 1223 994 apponere,
1253 926 1426 981 scalas
1455 929 1768 996 appingere,
1795 939 2034 982 castrum
2066 947 2298 986 ascensu

733 1026 1063 1084 pertentare,
1099 1025 1276 1070 turres
1329 1019 1642 1086 perforare;
1702 1036 1801 1073 nec
1832 1020 1931 1073 fuit
1962 1025 2053 1091 qui
2107 1039 2295 1077 eorum

734 1109 991 1175 impetum
1021 1110 1367 1172 amoliretur,
1399 1110 1603 1163 Graecis
1629 1113 1884 1165 omnibus
1916 1114 2117 1183 ingenti
2152 1127 2294 1168 metu

731 1213 793 1249 ac
835 1208 1069 1251 tremore
1110 1203 1403 1266 oppressis.
1460 1200 1593 1266 Quis
1620 1203 1764 1254 enim
1826 1219 1886 1256 ea
1928 1206 2055 1257 bora
2092 1221 2297 1262 vacuus

734 1293 928 1346 timore
972 1294 1066 1347 fuit
1127 1295 1313 1360 ?Quis
1366 1307 1585 1365 aspectu
1625 1298 1717 1349 illo
1779 1301 1961 1352 animo
2013 1305 2295 1368 perculsus

729 1399 836 1436 non
868 1395 946 1438 est
973 1385 996 1438 Τ
1028 1385 1156 1449 Quae
1179 1388 1326 1440 auris
1368 1388 1701 1441 auditionem
1736 1392 2014 1456 sustinuit,
2047 1393 2170 1461 quis
2217 1395 2296 1446 vi-

727 1476 934 1529 sionem
975 1479 1166 1531 oculus
1196 1477 1513 1532 ?Momento
1554 1495 1792 1549 namque
1823 1483 2081 1550 temporis
2125 1485 2296 1552 sagit-

727 1580 900 1621 tarum
950 1570 1223 1639 myriades
1281 1571 1332 1622 in
1386 1569 1666 1626 Romanos
1719 1574 1979 1626 adversos
2037 1575 2294 1643 proiectae

726 1670 877 1714 extra
921 1662 1172 1730 intraque.
1229 1677 1417 1716 muros
1486 1664 1634 1718 urbis
1689 1665 2026 1728 ceciderunt,
2070 1667 2294 1720 crebrae

727 1751 864 1802 adeo
885 1759 942 1801 ut
968 1766 1149 1803 aerem
1180 1751 1545 1819 cooperirent,
1581 1752 1759 1805 lumen
1786 1754 1920 1807 solis
1968 1755 2292 1808 obteuebra-

725 1856 864 1905 rent,
895 1859 1097 1910 nosque
1127 1844 1179 1896 in
1213 1853 1414 1896 metum
1442 1844 1780 1898 adducerent
1809 1855 1868 1899 et
1898 1847 2098 1900 anitnis
2117 1847 2292 1901 disso-

2405 670 2470 720 τὰ
2508 669 2710 740 πλήθη,
2744 670 2840 722 καὶ
2864 670 3002 738 μετά
3025 672 3203 741 ὁρμῆς
3237 670 3333 722 καὶ
3355 673 3606 740 κραυγῆς
3636 678 3729 728 καὶ
3760 677 3984 744 κρότων

2402 763 2495 811 καὶ
2526 761 2776 828 ὁργάνων
2799 762 2892 813 καὶ
2948 765 3158 830 μυρίων
3208 765 3382 816 ἄλλων
3421 765 3819 833 ὰλαλαγμάτων
3880 771 3983 820 καὶ

2403 850 2722 918 σαλπίγγων
2755 852 2999 919 ἔφθασαν
3032 856 3111 916 εἰς
3142 857 3208 908 τὰ
3240 857 3392 924 τείχη
3421 856 3514 907 τοῦ
3570 859 3811 928 κάστρου
3868 860 3985 911 ἀπὸ

2399 946 2495 1011 τῆς
2523 942 2875 1013 Ξυλοπὸρτης
2916 946 3018 1008 ἓως
3053 950 3144 998 καὶ
3185 948 3282 1015 τῆς
3333 949 3598 1017 Χρυσίας,
3660 951 3761 1018 τὴν
3800 955 3984 1020 αὐτὴν

2401 1036 2662 1102 λέγωκαὶ
2699 1037 2828 1105 μίαν
2864 1039 3016 1108 ὥραν
3045 1041 3143 1109 τῆς
3183 1041 3396 1110 ἡμέρας
3424 1044 3663 1110 ἐκείνης.
3705 1045 3814 1094 Καὶ
3861 1047 3980 1096 πᾶν

2401 1129 2697 1199 πολεμικὸν
2726 1130 2959 1198 ὄργανον
2992 1131 3189 1200 ἔφερον
3221 1132 3323 1184 ἀνά
3365 1137 3577 1201 χεῖρας,
3632 1136 3727 1186 καὶ
3764 1136 3984 1202 ἠκούμ-

2399 1220 2574 1288 ϐησαν
2603 1223 2682 1283 εἰς
2707 1223 2775 1273 τὰ
2805 1221 2980 1290 τείχη,
3007 1223 3210 1290 ἔθηκαν
3254 1223 3482 1286 σκάλας,
3543 1222 3837 1275 ἀνέϐαιναν
3892 1227 3980 1284 είς

2396 1309 2459 1362 τὸ
2491 1312 2746 1380 κάστρον,
2776 1313 3121 1381 ἐτρυποῦσαν
3147 1313 3274 1372 τοὺς
3308 1315 3578 1381 πύγρους.
3633 1316 3741 1365 Καὶ
3796 1317 3979 1376 οὐδεὶς

2397 1401 2633 1468 εὑρέθην
2663 1406 2690 1454 ό
2721 1403 3021 1471 ἐμποδίσας
3052 1403 3296 1464 ἐκείνους
3328 1407 3391 1457 ἐκ
3431 1404 3526 1456 τοῦ
3579 1406 3840 1474 μεγίστου
3877 1407 3978 1471 φόρ-

2399 1493 2492 1543 6ου
2512 1497 2606 1547 καὶ
2620 1494 2821 1557 δειλίας
2852 1493 3045 1556 ὁποίας
3079 1493 3271 1546 ἔλαϐον
3302 1496 3352 1547 οξ
3405 1495 3684 1563 Ῥωμαῖοι.
3713 1498 3812 1558 Τίς
3866 1499 3979 1563 γὰρ

2395 1588 2495 1637 οὐκ
2546 1587 2812 1654 ἐτρόμαξε
2867 1589 2968 1656 τὴν
3025 1587 3174 1656 ὥραν
3209 1588 3466 1657 ἐκείνην;
3521 1589 3603 1648 τίς
3649 1590 3750 1640 οὐκ
3782 1589 3974 1657 ἔφριξε

2395 1678 2602 1745 ταύτην
2633 1681 2736 1745 τὴν
2767 1679 2934 1744 θέαν;
2963 1679 3044 1740 τίς
3077 1679 3215 1748 ἀκοὴ
3250 1681 3483 1747 φέρειτὺ
3516 1681 3794 1748 ἄκουσμα,
3843 1684 3976 1734 ποία

2393 1768 2516 1836 ὄψις
2550 1769 2611 1820 τὸ
2639 1768 2854 1837 empta;
2887 1771 2994 1820 Kai.
3024 1771 3133 1838 γὰρ
3165 1771 3222 1821 ἐν
3246 1771 3344 1838 μιᾷ
3367 1769 3560 1838 καιροῦ
3585 1773 3724 1840 ῥοπῇ
3771 1773 3976 1840 μυριά-

2394 1861 2492 1923 δας
2516 1861 2706 1930 βελῶν,
2728 1862 2978 1912 τουτέστι
3010 1860 3300 1927 σαγίττσς,
3326 1861 3617 1925 ἐτόξευσαν
3647 1863 3836 1914 ἐπάνω
3860 1864 3971 1915 τῶν

728 1937 857 1988 Iutis
922 1935 1278 1988 deterrerent.
1358 1936 1581 1989 Interim
1652 1951 1680 1989 e
1740 1949 2033 2006 conspectu
2101 1955 2289 1993 eorum

2412 1950 2720 2018 Ῥωμαίων,
2746 1952 2840 2004 καὶ
2863 1952 3057 2003 ἔπεσον
3092 1952 3172 2014 είς
3206 1952 3274 2003 τὰ
3304 1953 3460 2020 τείχη
3495 1952 3592 2020 τῆς
3627 1956 3842 2015 πόλεως
3871 1958 3972 2006 καὶ

725 2029 1004 2095 paululum
1033 2028 1412 2093 subducimur,
1449 2045 1552 2081 non
1585 2031 1746 2098 longo
1787 2037 2055 2098 tempore,
2084 2043 2137 2084 et
2169 2043 2293 2101 post

725 2123 1128 2192 propugnacnla
1177 2123 1535 2189 coutegimur.
1573 2120 1644 2175 Ut
1699 2123 1890 2176 Turca:
1939 2124 2141 2176 nudum
2199 2140 2291 2179 ca-

723 2215 1225 2269 strumbomin'bus
1260 2230 1615 2282 conspexere,
1650 2216 1908 2283 suspicati
1947 2231 2071 2269 esse
2103 2228 2293 2270 custo-

726 2309 886 2361 dibus
918 2309 1254 2370 destitutum,
1290 2307 1491 2375 ingenti
1547 2323 1668 2358 cum
1701 2307 1929 2360 audacia
1993 2308 2290 2372 irruentes,

729 2399 779 2451 lii
816 2399 1031 2465 quidem
1069 2414 1190 2448 tum
1219 2397 1383 2448 scalis
1419 2406 1658 2449 castrqu
1691 2398 2012 2460 ascendere,
2056 2397 2292 2450 aliicum

725 2491 963 2550 aucmis,
999 2504 1134 2558 quas
1196 2487 1364 2542 taleas
1426 2490 1683 2552 diximus,
1726 2491 1816 2542 alii
1873 2491 2037 2559 systis
2114 2499 2295 2542 turres

2393 2043 2566 2106 ἐντὸς,
2597 2043 2740 2095 ὥστε
2782 2045 2995 2096 καὶτὸν
3025 2045 3219 2114 αἰθέρα
3259 2044 3538 2111 ἐκάλυψαν
3583 2047 3679 2096 καὶ
3730 2045 3864 2097 αὐτὸ
3911 2046 3973 2097 τὸ

2395 2134 2511 2200 φῶς
2537 2135 2629 2185 τοῦ
2666 2134 2819 2199 ἡλίου
2846 2136 3180 2197 ἐσκέπασαν,
3207 2136 3303 2186 καὶ
3347 2137 3494 2204 ἡμᾶς
3540 2136 3749 2196 πάντας
3805 2137 3970 2202 φόϐος

2393 2224 2669 2293 ἐκράτησε
2701 2226 2795 2276 καὶ
2818 2224 2994 2277 δειλία
3023 2224 3323 2294 ἐξέπληξε,
3349 2228 3445 2279 καὶ
3489 2227 3690 2292 μικρὸν
3730 2230 3976 2295 ἀπεκρύ-

2391 2315 2596 2384 6ημεν.
2641 2315 2782 2366 Ἀλλ’
2811 2316 2871 2367 οὐ
2913 2317 3152 2386 μακρὰν,
3204 2317 3319 2369 ἀλλ’
3345 2317 3573 2369 ὄπισθεν
3605 2319 3710 2370 τῶν
3749 2336 3971 2386 προμα-

2396 2408 2614 2475 χιονίων
2643 2408 2977 2476 ἐστάθημεν.
3031 2407 3118 2469 Ὠς
3160 2409 3221 2461 δὲ
3282 2410 3331 2462 oi
3372 2410 3603 2478 Τοῦρκοι
3655 2414 3862 2478 γυμνὸν
3914 2414 3972 2461 τὸ

2397 2502 2636 2568 κὰστρον
2673 2500 2783 2552 ἀπὸ
2838 2500 3161 2569 ἀνθρώπους
3199 2500 3402 2562 ἰδόντες
3446 2501 3717 2553 ὑπέλαϐον
3765 2504 3976 2568 ἀφυλά-

728 2583 1026 2650 petiorare,
1059 2594 1111 2634 et
1150 2597 1310 2634 ouue
1336 2582 1508 2634 audax
1563 2597 1627 2634 ac
1681 2597 2011 2651 generosum
2073 2580 2296 2634 facinus

2397 2607 2539 2652 κτως
2561 2587 2723 2658 εἶναι,
2757 2593 2853 2644 καὶ
2887 2593 3028 2661 μετὰ
3047 2593 3288 2660 θράσους
3321 2595 3584 2660 μεγίστου
3644 2594 3766 2644 καθ’
3815 2599 3974 2662 ἡμῶν

727 2677 876 2742 impii
903 2675 973 2727 illi
1002 2675 1066 2726 ad
1097 2688 1355 2726 terrorem
1387 2674 1757 2727 iucutiendum
1784 2674 2007 2728 audere.
2054 2671 2176 2726 Haec
2209 2674 2294 2725 in-

2397 2683 2980 2745 είτῦάλλσυσιπάντες.
3016 2686 3122 2735 Καὶ
3161 2687 3210 2735 ei
3275 2686 3376 2752 μὲν
3420 2686 3559 2753 μετὰ
3612 2686 3829 2737 σκαλῶν
3877 2690 3972 2737 av-

723 2767 910 2821 felices
952 2766 1181 2819 Bottiaui
1215 2766 1393 2818 intuiti
1422 2774 1474 2817 et
1509 2765 1744 2818 fortunis
1778 2766 1893 2818 suis
1919 2765 2101 2828 diilisi,
2132 2765 2183 2816 iu
2234 2777 2297 2817 se

2397 2775 2614 2827 έὸαινον
2643 2779 2724 2836 είς
2756 2777 2817 2828 τὸ
2850 2777 3109 2844 κάπρον,
3147 2779 3194 2828 οἱ
3226 2776 3282 2828 δὲ
3318 2778 3410 2828 καὶ
3440 2777 3506 2844 μὲ
3564 2780 3660 2840 τὰς
3718 2780 3972 2848 ἀγγὺρας

730 2862 952 2922 reversi,
987 2869 1267 2926 comperto
1297 2858 1500 2910 nullum
1534 2858 1633 2910 sibi
1671 2857 1889 2910 aliunde
1927 2856 2098 2912 affore
2133 2858 2296 2910 auxi-

723 2955 880 3016 lium,
913 2968 1084 3018 neque
1132 2951 1224 3017 qui
1269 2951 1520 3018 populum
1555 2952 1831 3003 tremetnia
1879 2952 1966 3004 illa
2035 2954 2164 3006 liora
2221 2956 2290 3007 ad

720 3061 956 3113 pugnam
1024 3042 1330 3096 Turcarum
1395 3043 1660 3095 excitaret
1727 3052 1781 3095 et
1835 3053 2205 3111 promoveret,
2262 3060 2294 3099 e

728 3139 951 3191 latebris
981 3153 1038 3190 se
1068 3137 1398 3196 eduxerunt,
1448 3135 1512 3186 ad
1552 3135 1718 3187 robur
1760 3143 1815 3188 et
1861 3135 2146 3188 audaciam
2171 3138 2294 3190 ani-

725 3242 962 3283 mautcs.
998 3228 1242 3297 Namque
1269 3228 1359 3292 qui
1419 3238 1575 3280 antea
1615 3237 1769 3279 erant
1803 3228 2001 3288 timidi,
2061 3228 2294 3296 fugitivi,

2399 2870 2615 2932 καὶτὰς
2660 2869 2876 2936 φάλκας
2910 2870 3145 2931 ἐκείνας.
3181 2869 3366 2922 Ἀλλοι
3402 2870 3461 2921 δὲ
3507 2872 3849 2940 ἐτρυποῶαν
3906 2877 3972 2942 με

2398 2964 2598 3024 συστὰς
2620 2963 2747 3023 τοὺς
2779 2961 3045 3030 πύγρους,
3078 2961 3230 3014 ἄλλοι
3267 2961 3597 3030 ἐχαλούσανε
3625 2964 3690 3031 μὲ
3738 2966 3972 3027 τζόκους

2398 3053 2457 3103 τὸ
2489 3053 2743 3121 κάστρον,
2775 3053 2927 3105 ἄλλοι
2963 3052 3178 3120 ἐκαψαν
3205 3055 3305 3115 τὰς
3341 3055 3551 3123 πόρτας
3576 3055 3670 3106 τοῦ
3705 3056 3812 3121 ἔξω
3871 3063 3973 3110 κά-

2401 3158 2586 3209 στρου,
2616 3143 2712 3197 καὶ
2752 3143 2862 3195 πᾶν
2886 3142 3159 3213 τολμηρὸν
3219 3145 3314 3197 καὶ
3367 3145 3616 3214 ἀνδρεῖον
3653 3148 3703 3198 ot
3754 3149 3974 3209 ἀσεϐεῖς

2401 3232 2682 3284 ἐποιοῦντο
2733 3235 2869 3301 πρὸς
2912 3232 3256 3301 κατάπληξιν
3291 3235 3391 3302 τὴν
3434 3236 3734 3303 ἡμετέραν.
3787 3238 3975 3289 Ταῦτα

723 3325 967 3378 hostium
996 3296 1373 3374 invasionibus
1410 3319 1654 3383 obnoxii,
1700 3330 1921 3386 repente
1976 3321 2211 3374 audaces
2243 3331 2296 3374 et

2399 3324 2639 3393 ὁρῶντες
2687 3327 2735 3378 oi
2768 3296 3055 3394 δυστυχεῖς
3098 3296 3193 3377 καὶ
3239 3296 3642 3394 ἀπελπισμένοι
3709 3327 3973 3396 Ῥωμαίιιι

725 3416 978 3482 generosi
1065 3423 1118 3466 et
1203 3411 1409 3465 rubuSIi
1473 3411 1789 3474 bellatores,
1849 3420 1901 3462 et
1932 3411 2206 3480 plagarum
2245 3423 2299 3465 et

725 3507 1146 3559 inhonestorum
1218 3504 1500 3555 vulnerum
1558 3510 1611 3554 et
1670 3503 1864 3554 mortis
1922 3516 2082 3554 omne
2127 3501 2310 3572 genus.

723 3604 1138 3663 contemptm-es
1185 3592 1313 3646 facti
1347 3603 1473 3646 sunt
1504 3612 1516 3657 ;
1549 3601 1602 3645 et
1634 3593 2008 3646 sanctissimae
2060 3591 2300 3662 Virginis

725 3705 833 3758 ope
880 3689 1115 3741 audaces
1142 3687 1338 3754 impios
1365 3684 1656 3738 deuudatis
1682 3684 1905 3736 ensibus
1930 3684 2184 3753 saxisque
2213 3686 2297 3737 in-

732 3781 959 3835 vadunt.
985 3780 1051 3832 Et
1089 3781 1252 3832 veluti
1287 3781 1438 3831 fumo
1459 3778 1806 3832 examinibus
1826 3777 2130 3844 dissipatis,
2157 3792 2299 3831 unus

730 3884 858 3944 post
899 3874 1062 3926 alium
1086 3873 1422 3935 concitatur,
1456 3881 1509 3924 et
1547 3871 1908 3924 scxusomuis
1925 3871 2209 3936 consurgit
2247 3878 2306 3923 et

735 3977 892 4028 atas.
921 3966 1131 4034 singuli
1168 3982 1291 4018 cum
1333 3967 1500 4017 armis
1532 3965 1732 4030 quibus
1759 3971 2031 4030 poterant,
2075 3962 2302 4015 aliisine

730 4061 924 4123 armis,
950 4059 1038 4111 alii
1063 4073 1185 4112 cum
1215 4057 1436 4110 ensibus
1457 4064 1508 4108 et
1531 4055 1858 4115 bastis.Alii,
1882 4055 2079 4121 quibus
2102 4054 2302 4108 similia

736 4157 791 4206 in
821 4161 1070 4220 promptu
1098 4164 1203 4201 non
1239 4157 1418 4212 erant,
1443 4147 1642 4200 tabulis
1674 4152 1724 4198 in
1761 4146 1961 4214 quibus
1987 4147 2168 4199 cibum
2209 4160 2303 4199 su-

739 4245 977 4305 mebant,
1015 4254 1060 4295 et
1114 4240 1239 4294 dolii
1299 4241 1572 4308 tympanis
1630 4239 1851 4293 funibus
1910 4239 2145 4309 alligatis
2209 4254 2306 4308 pro

740 4336 910 4390 scutis
951 4333 1265 4386 utebantur.
1303 4331 1534 4395 Quidam
1575 4332 1693 4383 sine
1726 4331 1810 4384 bis
1844 4331 1897 4384 in
1935 4331 2135 4385 bellum
2181 4347 2307 4400 pro-

737 4443 979 4488 cessere,
1015 4436 1069 4479 et
1102 4425 1374 4493 lapidibus
1409 4423 1754 4476 solummodo
1771 4423 2036 4477 audacter
2067 4439 2130 4477 ac
2170 4424 2304 4476 viri-

739 4520 885 4579 liter,
944 4530 1099 4583 aaque
1143 4530 1205 4567 ac
1253 4515 1297 4567 si
1351 4523 1624 4566 armatura
1682 4513 1831 4565 varia
1863 4524 2045 4567 essent
2086 4514 2304 4580 muniti,

2400 3418 2479 3477 ei;
2510 3418 2736 3477 ἑαυτοὺς
2783 3417 3108 3484 ἐπανῆλθον,
3165 3417 3263 3468 καὶ
3311 3401 3816 3486 πὲριεργασθέντες
3857 3421 3972 3480 πῶς

2403 3510 2590 3572 πόθεν,
2621 3510 2921 3578 ἀλλαχόθεν
2949 3512 3142 3578 χεῖραν
3173 3510 3275 3560 οὐκ
3306 3509 3524 3578 ἔχοντες
3553 3509 3806 3579 βοηθείας
3851 3511 3973 3562 οὗτε

2401 3605 2523 3655 τινὰ
2571 3603 2708 3671 πρὸς
2769 3603 2830 3653 τὸ
2855 3603 3122 3672 διεγεῖραι
3181 3603 3276 3654 καί⁵
3320 3601 3658 3672 παροτρῦναι
3695 3601 3786 3654 τὸν
3845 3603 3973 3654 λαὸν

2403 3693 2538 3760 πρὸς
2597 3693 2704 3743 τῶν
2740 3692 3000 3759 Τούρκων
3052 3690 3151 3760 τὴν
3198 3691 3383 3759 μάχην
3441 3690 3541 3759 τὴν
3605 3694 3968 3758 φρικτοτάτην

2400 3783 2550 3853 ὥραν
2584 3784 2824 3852 ἐκείνην.
2867 3786 2976 3837 Kal.
3016 3783 3398 3849 ἐξενεγκόντες
3425 3782 3574 3835 οῦτοι
3605 3785 3837 3846 ἑαυτοὺς
3866 3784 3969 3835 διε-

2403 3879 2833 3948 γείρονταιπρὸς
2875 3879 3126 3946 ἀνδρείαν
3161 3878 3255 3931 καὶ
3307 3878 3537 3947 τόλμην.
3599 3878 3708 3930 Καὶ
3757 3859 3882 3946 γὰρ’
3920 3880 3966 3929 ot

2404 3971 2568 4022 δειλοὶ
2603 3973 2662 4022 τὸ
2684 3973 2949 4040 πρότερον
2980 3973 3072 4023 καὶ
3116 3971 3278 4038 φυγοὶ
3307 3971 3400 4022 καὶ
3458 3970 3967 4038 κατατρυπούμενοι

2404 4065 2557 4131 ἄφνω
2587 4063 2850 4132 τολμηροὶ
2872 4061 3179 4131 εὑρέθησαν
3213 4061 3307 4113 καὶ
3352 4064 3590 4128 γενναῖοι
3645 4061 3968 4126 πολεμισταὶ

2406 4155 2501 4206 καὶ
2548 4156 2782 4222 ἀνδρεῖοι
2820 4154 2916 4205 καὶ
2966 4151 3369 4221 περιφρονηταὶ
3422 4150 3529 4201 τῶν
3601 4150 3827 4217 πληγῶν
3880 4153 3969 4205 κ,.ὶ

2405 4244 2594 4296 δεινῶν
2612 4241 2952 4310 λαὸωμάτων
2989 4242 3083 4293 καὶ
3122 4240 3232 4292 τῶν
3255 4239 3528 4292 παντοίων
3561 4238 3831 4291 θανάτων.
3867 4240 3968 4290 Καὶ

2406 4336 2502 4402 τῆς
2532 4334 2802 4400 παναγίας
2834 4337 2899 4401 τῇ
2945 4335 3172 4404 βοηθείᾳ
3197 4338 3260 4402 τῇ
3286 4334 3460 4403 τόλμῃ
3494 4328 3830 4402 ’ῥωσθέντες
3886 4336 3969 4398 ὁρ.

2411 4425 2552 4496 μῶσι
2574 4427 2827 4493 ξιφήρεις
2858 4426 3000 4475 κατὰ
3021 4424 3129 4475 τῶν
3154 4423 3367 4477 ἀσεξῶν
3408 4426 3503 4475 καὶ
3532 4422 3597 4490 μὲ
3635 4422 3840 4484 λίθους,
3877 4425 3968 4473 καὶ

2409 4515 2485 4576 ὡς
2516 4514 2723 4567 καπνοῦ
2757 4507 3081 4584 κινῆσαντες
3111 4513 3320 4582 σμῆνος
3354 4513 3514 4574 ἄλλος
3547 4513 3638 4564 ὑπ’
3663 4512 3809 4581 ἄλλῳ
3865 4514 3966 4564 διε-

740 4624 864 4662 cum
902 4609 1149 4661 hostibus
1182 4607 1487 4660 certabant.
1509 4605 1599 4658 Sic
1627 4619 1768 4658 unus
1797 4620 1920 4657 cum
1957 4605 2066 4659 alio
2091 4615 2145 4660 et
2167 4608 2305 4660 inter

2411 4605 2681 4676 γείρεται,
2716 4606 2810 4658 καὶ
2852 4607 3134 4660 ἀνίσταται
3154 4607 3309 4672 γένος
3341 4605 3486 4657 ἆπαν
3515 4605 3608 4656 καὶ
3641 4603 3826 4672 ἡλικία
3868 4607 3968 4654 πάι

739 4717 798 4754 se
827 4701 1025 4769 singuli
1082 4699 1329 4752 animose
1391 4696 1817 4760 contendebant,
1849 4705 1904 4750 et
1942 4697 2009 4750 ad
2070 4711 2303 4765 pugnam

741 4793 1280 4847 vehementissimam
1338 4789 1721 4844 hortabantur.
1761 4808 1778 4841 ι
1821 4790 1980 4859 Agite
2026 4804 2058 4843 0
2089 4791 2251 4844 amici
2286 4791 2300 4843 !

740 4903 774 4940 ο
799 4885 994 4939 fratres
1037 4886 1048 4936 ι
1088 4899 1120 4936 o
1176 4881 1324 4936 cives
1360 4883 1372 4935 ί
1435 4892 1704 4935 certemus
1733 4881 1920 4936 hodie.
1957 4879 2306 4936 Viudicemus

746 4980 903 5033 nubis
953 4978 1105 5046 ipsis.
1179 4974 1465 5038 uxoribus,
1493 4973 1621 5027 ﬁliis
1692 4972 1974 5042 sanguinis
2027 4973 2222 5041 patriae
2247 4983 2304 5027 et

750 5087 960 5138 magna:
1009 5070 1233 5138 hujusce
1275 5069 1447 5130 urbis,
1485 5077 1540 5120 et
1596 5065 1743 5135 quod
1795 5065 1969 5132 magis
2021 5076 2126 5129 est,
2165 5081 2308 5120 verte

742 5161 1179 5217 Christianorum
1215 5159 1332 5213 ﬁdei
1370 5157 1695 5212 libertatem.
1737 5153 1960 5210 Nosmet
1993 5171 2091 5224 pro
2151 5158 2308 5211 nobis

744 5254 876 5321 ipsis
905 5251 959 5304 in
994 5250 1296 5319 periculum
1327 5249 1687 5302 adducamus.
1713 5248 1793 5299 An
1819 5247 1866 5300 si
1901 5262 2048 5300 nunc
2070 5256 2302 5300 mortem

744 5360 852 5396 nou
883 5343 1118 5403 obimus,
1150 5343 1258 5393 vita
1291 5339 1344 5393 in
1373 5349 1648 5406 posterum
1683 5352 1789 5390 non
1821 5336 2036 5390 deticiet
2062 5337 2084 5388 τ
2111 5335 2305 5390 Facia—

746 5445 869 5488 mus
895 5443 954 5485 ut
984 5433 1098 5486 haec
1126 5433 1426 5486 necessitas
1483 5428 1706 5482 honoris
1756 5427 1998 5482 studium
2025 5428 2307 5482 videatur:

746 5539 1034 5579 curramus
1102 5525 1155 5576 in
1239 5523 1368 5577 belli
1461 5521 1777 5582 discrimen,
1852 5520 2306 5588 quemadmodum

747 5627 1013 5686 martyres
1032 5618 1096 5669 ad
1126 5626 1479 5685 tyrannorum
1512 5613 1684 5669 stadia
1709 5613 2090 5666 convolarunt.
2127 5630 2145 5663 ι
2188 5612 2312 5666 Haec

748 5708 979 5761 diveudo
1008 5708 1146 5761 alius
1180 5706 1691 5768 aliumadbortari,
1737 5704 2071 5758 contendere
2097 5721 2308 5772 omnes,

747 5799 1044 5862 decertare,
1067 5799 1521 5866 quemadmodum
1540 5797 1836 5851 exsaturati
1859 5805 1912 5849 et
1932 5797 2058 5850 vino
2087 5798 2308 5861 madidi,

748 5898 801 5944 ct
830 5905 895 5944 ex
945 5893 1250 5961 composito
1293 5890 1452 5945 simul
1509 5888 1576 5943 ab
1609 5903 1717 5942 uno
1777 5897 2024 5942 extremo
2071 5886 2308 5943 civitatis

2414 4713 2501 4760 σα,
2531 4697 2624 4748 καὶ
2655 4697 2886 4757 ἕκαστος
2917 4696 3038 4764 μεθ’
3055 4690 3130 4749 ὧν
3167 4695 3402 4765 ἠδύνατο
3422 4696 3626 4759 ὅπλων,
3682 4695 3862 4765 ἕτεροι
3918 4698 3969 4748 δὲ

2409 4790 2505 4842 καὶ
2535 4791 2665 4843 ἄνευ
2700 4788 2810 4841 τῶν
2839 4789 3042 4853 ὅπλων,
3079 4789 3232 4842 ἄλλοι
3266 4787 3404 4857 μετὰ
3435 4787 3606 4854 ξιφῶν
3635 4803 3693 4838 τε
3725 4789 3817 4839 καὶ
3851 4806 3973 4840 κον-

2409 4883 2633 4951 ταρίων.
2660 4882 2884 4951 Ἕτεροι
2910 4881 2966 4933 δὲ
2987 4882 3107 4935 οὐδέ
3139 4881 3196 4948 ἐξ
3229 4881 3410 4934 αὐτῶν
3442 4880 3806 4950 εὐποροῦσαν,
3839 4883 3974 4933 ἀλλὰ

2409 4976 2506 5037 τὰς
2529 4975 2731 5035 ταύλας
2779 4973 2915 5028 ὀποῦ
2969 4974 3219 5044 ἐτρώγαν
3275 4975 3370 5027 καὶ
3410 4975 3479 5028 τὰ
3535 4973 3820 5040 τυμπάνια
3867 4977 3972 5026 τῶν

2411 5066 2675 5136 βουτζίων
2740 5067 2938 5135 ἔδησαν
2971 5066 3038 5136 μδ
3094 5061 3325 5136 σχοινία,
3374 5067 3467 5119 καὶ
3519 5067 3822 5130 ἐῦἀσταζαν
3855 5069 3972 5120 ἀντὶ

2412 5157 2769 5227 σκουταρίων.
2793 5157 2951 5221 Τινὲς
2970 5158 3025 5210 δὲ
3059 5158 3180 5210 οὐδὲ
3219 5161 3342 5226 μετ’
3371 5159 3548 5211 αὐτῶν
3576 5163 3656 5221 είς
3684 5161 3776 5212 τὸν
3815 5161 3972 5212 πόλε-

2414 5265 2513 5317 μον
2543 5246 2726 5319 ἦλθον,
2761 5248 2900 5302 ἀλλὰ
2927 5251 2995 5319 μὲ
3034 5250 3219 5313 λίθους
3244 5253 3338 5303 καὶ
3361 5251 3520 5319 μόνον
3558 5253 3830 5319 ἐμάχοντο
3853 5255 3964 5304 τολο

2412 5341 2604 5410 μηρῶς
2634 5343 2730 5392 καὶ
2755 5341 3040 5408 ἀνδρείως,
3077 5341 3152 5404 ὡς
3209 5344 3588 5411 κατάφρακτοι
3653 5343 3788 5413 μετὰ
3852 5361 3974 5396 παν·

2410 5435 2571 5486 τοίων
2601 5435 2709 5486 τῶν
2736 5434 2939 5488 ὅπλων.
2976 5436 3083 5487 Kal.
3117 5436 3203 5488 ἒτε
3214 5453 3303 5510 ρος
3324 5437 3532 5504 ἕτερον,
3567 5436 3661 5487 καὶ
3688 5434 3849 5497 ἄλλος
3878 5436 3971 5488 άλ-

2412 5524 2522 5590 λον,
2563 5527 2656 5579 καὶ
2686 5527 2822 5596 πρὸς
2852 5528 3098 5598 ἀλλήλων
3122 5529 3373 5598 ἀλλήλοις
3403 5530 3660 5598 ἀνδρείως
3713 5531 3807 5580 καὶ
3843 5529 3974 5598 θαρ-

2415 5616 2622 5676 σαλέως
2673 5618 3029 5686 ἠγωνίζοντο,
3079 5621 3172 5672 καὶ
3225 5622 3664 5689 ἑπαροτρύναντο
3695 5621 3833 5687 πρός
3880 5625 3973 5684 τὴν

2415 5708 2790 5779 σφοδροτάτην
2824 5711 3001 5780 μάχην
3027 5712 3262 5781 ἐκείνην,
3297 5713 3469 5778 λέγων
3537 5730 3555 5762 ι
3587 5711 3692 5762 Ναὶ
3723 5705 3767 5763 ὦ
3791 5712 3930 5778 φίλοι
3957 5714 3968 5762 l

2414 5792 2459 5851 ὦ
2493 5801 2708 5867 ἀδελφοί
2744 5804 2755 5854 l
2785 5795 2830 5855 ὣ
2853 5803 3299 5874 συμπατριῶται,
3351 5803 3750 5871 ἀγωνισώμεθα
3805 5805 3972 5869 σήμε-

2417 5909 2532 5963 ρον,
2569 5894 2981 5964 σπουδάσωμεν,
3013 5896 3557 5967 προκινδυνεύςωμεν
3579 5896 3806 5959 ἑαυτοὺς
3836 5896 3968 5962 ὑπὲρ
