4202 6444
219 491 290 555 93
1060 495 1339 563 ORATIO
1381 496 1465 562 IN
1508 499 2050 567 DORMITIONEM
2095 503 2196 564 SS.
2244 499 2618 563 DEIPAR/E.
3364 493 3433 556 94

220 594 382 658 dixit.
421 594 715 650 laudationi
755 593 1011 666 imposuit
1045 597 1374 651 coronidem.
1438 597 1560 652 Htec
1630 599 1768 653 enim
1794 602 1844 658 Α
1886 599 2134 669 produxit
2165 617 2195 654 e
2219 603 2406 654 nihilo.
2447 601 2525 655 'l‘u
2562 619 2689 657 vero
2725 619 2843 657 cuin
2876 606 2978 660 illis
3027 609 3092 662 de
3144 610 3423 665 nobilitate

217 698 407 736 revera
433 693 518 738 est
549 700 758 739 summa
796 687 1168 741 encomiorum
1195 727 1212 750 ,
1260 702 1612 758 quascumque
1660 703 1769 742 non

219 773 386 826 modo
411 775 591 842 lingua
628 777 928 839 hominum.
969 778 1062 834 sed
1094 780 1334 847 ipsorum
1368 796 1584 850 quoque
1619 782 1685 835 de
1717 791 1767 836 te

217 861 463 926 proferat
491 866 824 930 angelorum.
862 866 1002 932 Quid
1034 871 1179 922 enim
1215 871 1280 922 ad
1310 871 1524 923 laudem
1559 878 1766 924 tantum

216 953 383 1014 valet.
407 967 669 1021 quantum
701 974 942 1014 asserere
967 962 1139 1029 ipsam
1173 971 1224 1014 te
1262 961 1570 1017 Divinitatis
1616 962 1761 1016 llam-

215 1059 362 1097 mam
391 1049 699 1116 suscepisse
733 1059 924 1112 utero.
979 1060 1034 1106 et
1085 1053 1392 1121 purissimae
1442 1054 1588 1107 illius
1637 1054 1772 1107 lucis

212 1150 381 1204 supra
408 1154 596 1194 omnes
619 1153 897 1198 creaturas
932 1153 1231 1213 compotem
1280 1145 1473 1199 factam
1500 1186 1514 1207 .
1562 1147 1764 1199 nullum

213 1236 399 1281 tamen
456 1229 578 1284 inde
631 1232 1012 1288 detrimentum
1063 1237 1315 1305 passam?
1365 1237 1502 1302 Quid
1555 1239 1767 1290 tandem

211 1318 400 1382 fuerit,
429 1324 570 1389 quod
602 1324 758 1393 longe
787 1326 1012 1381 inferius
1048 1343 1150 1380 non
1184 1328 1292 1381 sit?
1329 1327 1507 1392 Quare
1539 1329 1771 1395 appella-

206 1410 363 1462 tione
394 1411 494 1464 hac
534 1414 688 1483 quasi
719 1415 954 1482 generali
979 1418 1212 1483 quodam
1245 1417 1427 1477 titulo.
1455 1432 1576 1469 cuin
1606 1416 1767 1468 animi

208 1503 460 1557 studium
493 1514 544 1560 et
571 1506 902 1560 voluntatem
937 1510 1068 1562 satis
1107 1509 1560 1561 declaraverimus
1592 1548 1606 1571 ,
1644 1523 1768 1574 spe-

207 1594 445 1647 cialibus
492 1611 598 1650 non
649 1595 978 1651 abutendum
1035 1599 1398 1653 arbitramur:
1466 1599 1566 1652 hoc
1625 1599 1766 1651 enim

209 1684 548 1758 planecsset
601 1689 1002 1754 existimantis,
1049 1691 1317 1758 perveniri
1368 1690 1556 1743 saltem
1609 1703 1767 1758 posse

206 1785 379 1840 prope
410 1775 484 1836 id,
523 1781 666 1844 quod
706 1779 987 1841 condecet,
1027 1795 1149 1832 cum
1176 1795 1274 1833 nec
1317 1780 1426 1832 fieri
1461 1779 1767 1848 possit,nec

205 1876 236 1912 a
266 1867 464 1916 mentis
504 1881 648 1920 sana:
680 1869 792 1922 viro
820 1870 1062 1937 sperari.
1100 1871 1322 1939 perinde
1377 1886 1437 1923 ac
1470 1871 1513 1923 si
1547 1871 1666 1939 quis
1697 1869 1760 1922 ad

1887 699 2096 747 natura:
2128 708 2458 760 nequaquam
2490 697 2778 750 certaveris
2801 739 2813 758 ,
2848 714 3052 752 memor
3091 701 3205 766 ejus
3231 744 3244 762 ,
3280 706 3424 769 quod

1883 797 1917 837 θ
1954 791 2047 835 ιυο
2071 799 2268 851 proavo
2290 787 2486 837 dictum
2515 797 2598 840 est
2627 788 2692 840 de
2742 791 3021 843 Salvatore
3065 801 3270 855 nostro,
3302 808 3426 845 cum

1884 871 2053 928 solam
2103 875 2155 926 in
2195 890 2260 928 eo
2304 878 2583 930 mortalem
2631 889 2834 946 partem
2866 883 3280 935 consideraret:
3325 883 3427 934 Mi-

1881 967 2036 1017 nuiati
2055 983 2167 1017 eum
2190 969 2347 1030 paulo
2372 970 2538 1020 minus
2565 971 2628 1020 ab
2656 973 2849 1039 angelis
2875 971 3060 1039 (Hebr.
3086 990 3143 1036 ll,
3168 975 3196 1024 7
3216 975 3254 1039 l,
3295 990 3432 1038 quo-

1880 1069 1998 1106 rum
2034 1056 2099 1106 ab
2131 1057 2286 1110 initio
2317 1067 2505 1110 natura
2535 1060 2750 1112 condita
2801 1061 2898 1112 fuit
2948 1064 3290 1114 immortalis.
3319 1063 3432 1115 Ca:-

1883 1154 2050 1196 terum
2099 1145 2241 1212 quod
2291 1148 2479 1201 attinet
2533 1149 2596 1201 ad
2649 1150 2871 1217 gloriam
2934 1163 2985 1204 et
3039 1153 3376 1220 splendorem
3411 1194 3425 1216 ,

1878 1247 2034 1300 quem
2070 1234 2233 1287 habes
2264 1235 2315 1288 in
2359 1237 2489 1299 Deo.
2519 1252 2898 1308 summumque
2921 1241 2973 1293 in
3008 1250 3057 1294 te
3084 1241 3424 1304 miraculum,

1878 1321 2000 1374 licet
2038 1324 2435 1380 modestissima
2470 1329 2543 1381 sis
2577 1370 2590 1393 ,
2648 1330 2752 1382 illis
2786 1347 3123 1398 nequaquam
3151 1331 3379 1384 cesseris
3410 1350 3425 1382 :

1880 1428 2000 1465 nam
2037 1415 2079 1466 si
2106 1418 2227 1482 quis
2255 1419 2348 1470 tibi
2381 1420 2626 1473 conferre
2645 1422 2772 1476 velit
2813 1424 3148 1476 substantias
3179 1423 3428 1488 corporis

1876 1517 2142 1570 expertes,
2182 1506 2410 1562 inveniet
2444 1512 2535 1576 (ut
2567 1510 2764 1564 Paulus
2795 1513 3004 1579 inquit)
3045 1528 3140 1566 eas
3167 1528 3288 1566 esse
3334 1513 3429 1566 ad-

1881 1593 2305 1648 ministratorios
2330 1599 2568 1662 spiritus,
2602 1602 2691 1665 qui
2721 1600 2784 1651 ad
2813 1601 3165 1653 ministerium
3197 1601 3426 1652 mittun-

1879 1692 1988 1746 tur,
2010 1692 2225 1752 propter
2246 1701 2358 1745 eos.
2383 1689 2474 1754 qui
2505 1688 2862 1742 htereditatem
2891 1693 3097 1757 capient
3136 1692 3356 1744 salutis:
3380 1699 3430 1744 te

1878 1783 2056 1828 autem
2089 1818 2103 1841 ,
2145 1793 2176 1828 ο
2205 1776 2367 1844 Virgo
2395 1817 2409 1841 ,
2461 1780 2840 1846 primitiarum,
2878 1789 2930 1833 et
2969 1781 3428 1833 reconciliationis

1880 1869 1986 1919 vim
2030 1870 2359 1923 obtinentem
2386 1871 2523 1937 apud
2554 1886 2698 1934 eum,
2741 1871 2830 1938 qui
2861 1871 3108 1937 primitiae
3145 1880 3198 1923 et
3239 1885 3428 1922 recon-

204 1955 654 2023 restinguendam
685 1961 1209 2014 vehementissimam
1253 1962 1420 2025 sitim,
1473 1977 1576 2027 qua
1646 1975 1763 2012 ma-
1796 1941 1842 1998 Β
1881 1957 2087 2010 ciliatio
2112 1969 2192 2011 est
2230 1960 2371 2026 apud
2404 1975 2562 2012 suum
2610 1959 2820 2012 Patrem
2882 1963 3116 2011 humano
3157 1959 3425 2011 infensum

202 2043 356 2097 xime
403 2058 758 2114 premeretur,
795 2051 1146 2119 persuaderet
1173 2053 1297 2112 sibi.
1323 2067 1480 2120 posse
1513 2045 1765 2104 facillime

203 2149 406 2200 aquam
442 2153 653 2192 omnem
713 2141 1003 2195 exhaurire
1021 2143 1334 2211 potabilem,
1359 2153 1413 2195 et
1436 2142 1659 2210 proinde
1682 2142 1765 2194 in-

203 2232 394 2288 tegros
428 2225 727 2293 Euphrates
771 2239 825 2283 et
859 2231 1044 2299 Tigres
1087 2232 1475 2300 aggrederetur
1527 2231 1763 2285 ebibere.

202 2311 344 2364 Nam
377 2329 474 2367 nec
515 2315 603 2368 ille
630 2321 826 2374 mentis
860 2335 1083 2388 compos
1138 2321 1430 2374 haberetur
1461 2337 1488 2372 a
1512 2321 1767 2388 sapienti-

204 2402 334 2464 bus,
365 2419 460 2457 nec
488 2405 586 2472 ipsi
620 2408 663 2460 si
701 2409 1174 2462 vehementissimo
1206 2426 1330 2479 erga
1357 2418 1409 2464 te
1440 2411 1760 2464 insanientis

203 2494 377 2545 animi
418 2495 597 2548 studio
631 2499 896 2565 compulsi
939 2501 1177 2552 laborem
1206 2501 1532 2558 subiremus.
1572 2501 1659 2567 qui
1693 2497 1760 2550 ad

206 2584 372 2636 linem
400 2586 618 2652 perduci
653 2603 755 2640 non
784 2597 978 2656 potest,
1017 2592 1194 2644 conati
1225 2591 1472 2644 videlicet
1506 2592 1760 2659 hymnum

204 2677 320 2726 tuis
357 2676 558 2730 meritis
614 2680 1025 2746 respondentem
1075 2680 1287 2733 oﬂ‘erre.
1320 2679 1451 2732 Nam
1499 2681 1638 2733 sicut
1677 2696 1764 2731 ve-

201 2765 392 2818 cordis
422 2777 562 2821 esset
597 2770 848 2823 arbitrari
901 2772 1190 2826 lucidiores
1232 2772 1342 2825 ﬂeri
1387 2772 1566 2825 radios
1623 2772 1732 2823 mul

203 2865 388 2908 tarum
425 2874 523 2926 ope
547 2859 914 2925 lucernarum,
946 2871 1038 2914 aut
1068 2863 1393 2915 immensum
1414 2863 1515 2916 hoc
1543 2863 1759 2930 pelagus

206 2943 382 2997 unius
435 2955 598 3012 guttae
631 2949 934 3016 adjectione
966 2951 1168 3017 augeri.
1201 2951 1452 3003 similiter
1482 2959 1534 3002 et
1572 2951 1760 3003 conari

203 3032 460 3086 laudibus
491 3043 559 3093 te.
593 3032 776 3104 Virgo.
813 3039 1072 3090 extollere
1103 3055 1196 3092 vas
1226 3041 1490 3092 donorum
1517 3040 1756 3090 omnium

201 3123 517 3176 divinorum
554 3126 791 3192 plenum,
823 3137 1076 3194 tantaque
1105 3129 1447 3182 sublimatam
1474 3129 1755 3197 dignitate.

201 3223 264 3267 ut
296 3231 413 3268 eam
444 3217 524 3269 vel
552 3216 749 3286 fingere
779 3219 925 3272 nulla
953 3235 1104 3272 mens
1137 3223 1340 3286 possit:
1376 3221 1640 3287 siquidem
1672 3222 1754 3272 in-

1880 2050 2083 2116 generi.
2110 2051 2177 2102 ob
2215 2051 2462 2116 injuriam
2490 2051 2963 2118 praevaricationis.
3022 2049 3086 2102 Ut
3114 2050 3252 2103 enim
3291 2050 3425 2115 ipse,

1878 2138 2002 2206 quia
2039 2137 2228 2202 Filius,
2265 2140 2402 2206 apud
2436 2140 2740 2193 Genitorem
2777 2141 3115 2208 propitiatio,‘
3149 2150 3202 2192 tu
3232 2141 3428 2207 pariter

1880 2228 2018 2295 apud
2056 2229 2231 2296 ipsum
2285 2239 2471 2297 utpote
2510 2229 2775 2282 Genitrix.
2820 2229 3032 2293 Quanto
3085 2232 3246 2296 igitur
3294 2244 3428 2296 prm-

1882 2320 2112 2374 stantius
2143 2321 2240 2372 hoc
2269 2335 2347 2372 est
2377 2321 2590 2373 illorum
2627 2322 2821 2386 ollicio,
2853 2330 3002 2372 tanto
3034 2330 3087 2372 tu
3122 2321 3246 2372 illis.
3279 2319 3426 2382 Qua-

1882 2415 2103 2472 propter
2133 2407 2335 2471 0ptimo
2363 2408 2592 2460 coasilio
2624 2417 2854 2460 mentem
2889 2423 2950 2460 ac
2993 2409 3226 2473 linguam
3259 2407 3429 2459 conti-

1881 2509 2007 2547 nere
2034 2495 2271 2558 decrevi,
2305 2513 2424 2562 quae
2459 2499 2522 2549 ad
2543 2498 2833 2551 nectendas
2867 2499 3052 2550 laudes
3075 2499 3315 2565 prosilire
3339 2513 3428 2548 ea-

1879 2595 2024 2647 vent,
2055 2595 2108 2637 et
2143 2583 2319 2639 favent
2343 2588 2405 2638 ad
2441 2587 2538 2638 hoc
2573 2587 2700 2638 mihi
2745 2588 3064 2650 luculenter,
3103 2589 3192 2654 qui
3227 2603 3253 2638 a
3282 2586 3429 2652 prin-

1880 2675 2020 2741 cipio
2050 2689 2224 2742 usque
2255 2676 2429 2728 adhuc
2465 2677 2704 2744 egregias
2755 2677 2849 2728 tibi
2900 2685 3289 2730 contexuerunt
3329 2690 3428 2726 en-

1880 2765 2176 2820 comiorum
2203 2781 2453 2819 coronas.
2481 2766 2656 2820 Taceo
2699 2767 3007 2835 angelorum
3055 2768 3294 2828 ordines,
3333 2767 3424 2832 qui

1882 2857 2011 2909 mihi
2045 2856 2295 2909 videntur
2337 2857 2779 2924 prteclarissimus
2826 2857 2920 2909 tibi
2978 2858 3204 2925 hymnos
3248 2858 3426 2907 tacitis

1880 2947 2170 3000 concinere
2196 2948 2413 3000 vocibus
2444 2986 2458 3009 ,
2512 2948 2897 3014 stupendisque
2948 2946 3227 3012 praeconiis
3251 2985 3267 3008 ,
3309 2961 3427 3013 quae

1881 3037 2188 3089 mortalium
2214 3053 2362 3089 mens
2389 3051 2580 3103 capere
2605 3053 2707 3089 non
2736 3046 2914 3102 queat.
2944 3036 3257 3087 Iniuriarum
3281 3051 3426 3086 inen-

1881 3129 2076 3181 tionem
2108 3127 2317 3181 faciam.
2340 3129 2564 3192 Quinam
2589 3143 2716 3180 vero
2746 3128 2861 3179 illi?
2886 3127 3182 3192 Propllellf‘,
3205 3138 3425 3193 aposto-

1879 3221 2051 3273 lorum
2104 3230 2296 3282 cuztus,
2339 3219 2647 3286 pontiﬁcum
2702 3230 2966 3278 catervas,
3007 3226 3282 3269 oratorum
3335 3230 3424 3266 so-

201 3307 704 3374 circumscriptum,
729 3311 1215 3362 nulliscontentum
1239 3310 1734 3378 spatiis,inaccessi
1796 3315 1839 3376 (ζ
1881 3309 2286 3379 pliistarumque
2319 3310 2555 3375 ipsorum
2588 3309 2640 3359 in
2689 3324 2744 3360 re
2790 3309 3088 3375 theologica
3137 3307 3424 3360 celeberri-

201 3393 370 3449 bilem
407 3397 506 3463 ipsi
538 3399 700 3450 etiam
735 3407 941 3452 natura:
967 3401 1232 3466 spirituali
1264 3439 1277 3461 .
1337 3410 1618 3468 postquam
1652 3401 1762 3454 cir-

202 3487 549 3553 cumscripto
613 3495 706 3540 tuo
734 3496 884 3541 utero
911 3490 1079 3543 voluit
1103 3491 1501 3552 circumscribi,
1532 3491 1760 3543 circum-

202 3577 468 3642 scriptum
515 3579 725 3631 ellicere
758 3580 1004 3646 potuisti,
1036 3589 1090 3634 et
1133 3582 1309 3648 spatio
1343 3591 1676 3643 contentum,
1708 3590 1762 3635 et

203 3669 584 3722 accessibilem
633 3669 728 3721 tibi
791 3672 1087 3722 secundum
1157 3672 1506 3739 hyposlasim.
1555 3672 1759 3736 Captus

200 3758 353 3810 enim
384 3767 468 3812 est
504 3759 600 3828 (ut
631 3760 701 3811 ita
727 3760 903 3812 dicam
931 3763 947 3820 )
981 3761 1172 3814 animae
1204 3772 1307 3814 tuae
1336 3762 1757 3829 pulchritudine,

202 3852 299 3922 qui
327 3866 434 3905 non
496 3852 740 3919 subiacet
790 3852 1070 3906 aﬂectibus
1115 3853 1319 3917 animi,
1379 3862 1432 3904 et
1471 3855 1759 3907 conclusus

202 3943 386 4011 spatio
413 3949 494 3997 est
526 3943 576 3996 in
614 3953 684 4007 te.
712 3944 802 4010 qui
831 3944 996 3998 nullis
1028 3944 1327 3998 includitur
1359 3945 1605 4000 terminis
1633 3986 1646 4009 ,
1681 3954 1760 4000 te-

202 4048 314 4103 que
339 4048 563 4088 suorum
596 4034 859 4088 donorum
894 4033 1022 4090 fecit
1046 4035 1386 4097 thesaurum.
1419 4043 1473 4089 et
1517 4050 1756 4104 promam

203 4121 463 4176 condam.
493 4121 602 4176 lloc
625 4133 676 4177 te
705 4123 1042 4194 mysterium.
1075 4133 1132 4179 ut
1160 4139 1279 4193 qua
1304 4124 1470 4178 nullis
1493 4132 1756 4178 arctatum

206 4209 456 4263 terminis
490 4218 642 4263 utero
672 4210 986 4278 suscepisti,
1019 4220 1071 4264 et
1103 4211 1393 4266 Cherubim
1429 4213 1552 4266 fecit
1584 4213 1758 4268 hono-

205 4295 543 4360 rabiliorem.
570 4306 623 4351 et
653 4295 934 4366 Seraphim
968 4299 1339 4366 gloriosiorem
1370 4341 1383 4362 .
1427 4301 1506 4354 vel
1538 4314 1762 4368 compa-

207 4389 422 4442 ratione
453 4388 569 4456 ipsa
608 4388 750 4442 haud
785 4388 946 4442 facili.
975 4388 1108 4443 Nam
1150 4401 1408 4458 quantum
1460 4391 1599 4444 inter
1651 4392 1761 4460 glo-

206 4478 344 4530 riam
384 4488 556 4539 tuam,
581 4493 962 4547 summumque
987 4483 1301 4547 angelorum
1332 4481 1571 4534 ordinem
1594 4481 1760 4534 inter-

207 4569 306 4630 sit,
339 4567 492 4620 solus
525 4567 736 4619 noverit
763 4567 923 4630 Deus.
951 4579 1164 4637 captum
1194 4583 1319 4622 vero
1363 4571 1650 4622 humanum
1682 4570 1763 4623 Ιίι·⁵

206 4656 286 4721 git
314 4653 558 4719 omnino,
583 4653 718 4706 adeo
749 4655 997 4722 superior
1032 4670 1090 4708 es
1131 4657 1378 4708 universa
1415 4668 1606 4708 natura
1648 4657 1761 4721 spi-

1885 3415 2133 3462 morum,
2179 3407 2232 3450 et
2277 3399 2328 3450 in
2383 3398 2528 3448 omni
2563 3397 2824 3450 doctrinm
2862 3413 3057 3466 genere
3101 3397 3423 3450 eximiorutn

1883 3502 1988 3544 tam
2021 3499 2239 3553 nostrae,
2272 3505 2429 3556 quam
2465 3499 2843 3552 extraneae;et
2886 3490 2931 3541 si
2965 3497 3187 3541 venuste
3246 3488 3428 3540 dicen-

1882 3584 2006 3635 dum
2046 3591 2126 3634 est
2163 3579 2387 3646 aliqttid,
2436 3579 2778 3633 confessores
2813 3594 2922 3630 suae
2971 3579 3089 3630 vitae
3115 3579 3384 3631 curriculo
3409 3617 3424 3639 ,

1884 3685 2144 3741 martyres
2173 3686 2264 3737 per
2292 3685 2375 3725 ea.
2405 3683 2523 3736 qute
2550 3668 2687 3733 passi
2719 3677 2864 3728 sunt,
2899 3681 3058 3720 voces
3087 3683 3150 3720 ex
3182 3682 3274 3719 ore
3309 3667 3427 3718 illo-

1884 3779 2000 3814 rum
2037 3760 2284 3827 prolectte
2328 3759 2500 3811 adhuc
2530 3758 2609 3809 lac
2647 3757 2948 3808 redolentes
2980 3755 3279 3808 clamabant
3317 3754 3427 3804 llo.

1885 3865 2091 3905 sanna:
2119 3852 2234 3918 ipse
2263 3849 2402 3901 inter
2453 3856 2607 3900 natos
2641 3847 2924 3898 mulierum
2956 3845 3126 3912 major
3148 3884 3163 3906 ,
3196 3846 3285 3912 qui
3320 3846 3426 3897 sal-

1883 3945 2029 3997 tibus
2058 3941 2405 3996 Conditorem
2437 3938 2746 4001 celebravit,
2773 3937 2948 3989 adhuc
2990 3936 3196 4004 positus
3229 3935 3280 3987 in
3309 3951 3426 3986 ma-

1883 4036 1982 4089 tris
2008 4041 2181 4096 utero,
2211 4044 2333 4084 cum
2364 4029 2535 4083 olllcio
2569 4027 2762 4097 linguai
2809 4028 2883 4080 uti
2932 4041 3040 4080 non
3093 4033 3272 4094 posset
3303 4063 3316 4089 ,
3371 4033 3424 4078 et

1884 4123 2190 4180 summatim
2223 4121 2474 4189 quisquis
2532 4117 2670 4172 Filio
2716 4127 2808 4172 tuo
2860 4115 3132 4186 quidpiam
3184 4115 3418 4173 obtulit.

1884 4214 2008 4269 dum
2043 4213 2118 4266 illi
2145 4211 2368 4282 gloriam
2397 4210 2684 4272 tribueret.
2718 4215 2768 4263 te
2798 4221 3011 4277 quoque
3041 4202 3225 4275 gloria:
3255 4205 3424 4271 parti-

1882 4305 2051 4372 cipem
2071 4300 2394 4364 declarabat,
2414 4296 2879 4367 quando.quidem
2906 4296 2969 4350 ad
2995 4293 3420 4366 parentesetiam

1885 4392 2160 4447 referenda
2197 4396 2323 4443 sunt
2353 4403 2474 4457 qua;
2501 4387 2609 4440 nati
2643 4387 2856 4441 habent.

1951 4482 2110 4535 Certe
2142 4481 2341 4533 multos
2362 4487 2414 4532 et
2437 4479 2680 4546 egregios
2708 4477 2761 4529 in
2799 4475 3011 4528 dicendi
3057 4474 3313 4529 facultate
3344 4477 3424 4528 vi-

1884 4574 2073 4627 demus
2106 4578 2375 4637 quotquot
2420 4569 2473 4622 in
2525 4577 2738 4620 tuarum
2794 4565 3008 4619 laudum
3055 4566 3275 4634 pelagus
3302 4562 3438 4620 sese

1882 4665 2164 4724 dederunt,
2194 4661 2308 4726 qui,
2349 4667 2402 4712 et
2449 4660 2650 4726 Optima
2701 4656 3050 4709 dicendorum
3093 4655 3421 4718 inventione.

208 4747 436 4794 rituum.
471 4741 646 4796 Taceo
673 4743 812 4796 enim
845 4759 1015 4810 genus
1051 4753 1294 4796 nostrum
1345 4746 1566 4796 mortale
1595 4785 1609 4803 .
1638 4759 1759 4796 cum
1805 4746 1847 4803 D
1880 4763 1931 4806 et
1995 4753 2267 4804 luculenta
2335 4749 2644 4800 narratione
2667 4785 2682 4808 ,
2735 4759 3054 4811 summoque
3112 4745 3319 4807 ordine,
3371 4753 3425 4798 et

206 4836 321 4888 Deo
345 4836 421 4885 sis
471 4834 736 4900 proxima,
779 4834 1014 4901 nihilque
1045 4835 1420 4888 intermedium
1452 4835 1598 4887 siuas
1625 4836 1763 4888 inter

209 4937 261 4978 te
294 4934 555 4990 tuumque
589 4921 780 4977 Filium
812 4964 824 4986 ,
850 4925 993 4989 quod
1022 4924 1487 4977 demonstratione
1525 4925 1627 4974 ulla
1679 4925 1762 4976 in—

207 5016 395 5080 digere
430 5029 535 5064 non
566 5015 818 5064 arbitror.
845 5010 976 5064 Nam
1006 5013 1049 5064 si
1093 5022 1146 5062 tu
1181 5027 1284 5063 una
1333 5026 1456 5062 cum
1514 5011 1648 5063 Filio
1700 5029 1758 5064 es

211 5103 342 5171 (qui
371 5102 512 5154 enim
546 5101 770 5169 aliter?)
801 5103 886 5152 ille
914 5116 1040 5154 vero
1084 5117 1206 5153 cum
1253 5101 1410 5152 Patre
1435 5141 1447 5160 .
1503 5111 1556 5153 et
1602 5101 1764 5152 Para-

210 5189 378 5255 clyto,
409 5187 575 5252 liquet
603 5202 721 5239 esse
751 5187 844 5238 tibi
881 5186 1052 5237 locum
1086 5188 1223 5252 apud
1255 5187 1395 5247 illos,
1423 5200 1530 5252 quo
1585 5186 1763 5238 nullus

210 5278 283 5328 sit
312 5276 564 5343 dignior;
596 5291 763 5342 quare
788 5284 841 5328 et
866 5274 1122 5327 ineli'abili
1157 5275 1367 5327 illorum
1420 5278 1602 5343 gloria:
1645 5286 1765 5327 tan-

212 5373 322 5418 tam
353 5365 517 5416 habes
549 5363 901 5422 vicinitatem.
933 5376 1191 5430 quantam
1227 5379 1324 5415 nec
1357 5366 1624 5416 maximus
1653 5379 1764 5417 cte-

213 5455 431 5508 lcstium
463 5453 720 5505 mentium
755 5453 909 5505 ordo.
938 5451 1086 5504 lianc
1119 5468 1276 5520 porro
1306 5461 1548 5504 assecuta
1583 5467 1642 5504 es
1669 5491 1682 5514 .
1731 5466 1763 5504 ο

216 5544 584 5602 immaculata,
620 5555 836 5609 propter
889 5543 1180 5594 voluntatis
1231 5552 1334 5594 tua:
1384 5542 1760 5610 propositum,

214 5648 335 5700 quae
364 5634 522 5685 etiam
565 5634 800 5686 ostendit
832 5644 1074 5685 naturam
1106 5641 1294 5700 suapte
1340 5641 1527 5699 Sponte
1571 5633 1765 5699 perha-

215 5724 378 5773 bilem
409 5722 475 5773 ad
511 5737 696 5775 revera
729 5724 945 5775 bonum.
980 5722 1237 5776 Naturam
1270 5726 1414 5776 enim
1455 5742 1576 5780 csse
1609 5743 1769 5794 attge-

220 5813 286 5871 lis
316 5814 648 5882 snperiorem
697 5814 771 5868 illi
818 5816 920 5868 soli
977 5816 1264 5881 convenit.
1319 5818 1408 5885 qui
1460 5819 1767 5872 universum

1881 4845 2181 4898 admirabili
2213 4849 2427 4902 ornatu,
2465 4848 2541 4892 tot
2582 4847 2834 4904 tantaque
2855 4848 3261 4904 congesserunt.
3295 4849 3424 4904 quot

1881 4935 1962 4986 vel
1996 4951 2022 4985 a
2055 4943 2232 4985 mente
2319 4932 2548 4984 inveniri
2618 4939 2864 4997 poterant
2924 4928 3148 4980 immuni
3206 4939 3425 4995 peccato

1880 5024 2220 5081 obscurante,
2263 5021 2343 5072 vel
2389 5020 2628 5070 enarrari
2671 5034 2698 5067 a
2735 5018 2913 5084 lingua
2956 5025 3274 5069 cunctarum
3335 5032 3425 5084 pe-

1883 5115 1979 5166 rita
2013 5113 2420 5178 disciplinarum
2455 5111 2691 5162 climata.

1951 5204 2053 5255 Sed
2091 5205 2278 5253 horum
2311 5202 2683 5252 universorum
2721 5199 2968 5266 quamvis
3010 5207 3154 5250 tanta
3185 5198 3420 5265 polleant

1879 5295 1926 5346 vi
1953 5293 2186 5353 dicendi,
2215 5291 2350 5343 adeo
2373 5301 2496 5342 sunt
2531 5289 2785 5342 inferiora
2829 5301 2918 5341 tuo
2959 5289 3170 5350 merito,
3212 5300 3418 5341 tantum

1881 5393 1937 5435 ut
1977 5385 2196 5442 distent,
2225 5391 2484 5447 quantum
2525 5395 2551 5430 a
2583 5389 2655 5443 te,
2683 5395 2800 5447 qua:
2826 5379 3086 5438 laudaris,
3111 5380 3201 5446 qui
3237 5378 3423 5432 laudes

1880 5472 2127 5530 oderunt.
2169 5471 2290 5523 licet
2321 5470 2477 5522 etiam
2514 5470 2755 5522 collectis
2790 5469 3028 5520 omnium
3075 5468 3423 5536 perfectioni-

1883 5565 1982 5616 bus
2015 5580 2117 5615 una
2147 5563 2270 5630 quis
2311 5561 2766 5615 absolutissimam
2793 5559 3080 5613 conficeret
3102 5561 3422 5614 orationem.

1883 5649 2025 5703 Adeo
2060 5653 2190 5704 nihil
2230 5651 2470 5704 invenire
2503 5661 2584 5702 est
2626 5651 2732 5704 tuis
2767 5651 3016 5704 laudibus
3047 5650 3377 5702 olferenduiu
3407 5665 3423 5713 ;

1884 5741 2022 5808 quod
2059 5743 2225 5810 possit
2285 5757 2444 5810 prope
2479 5740 2738 5794 accrdere
2784 5743 2848 5793 ad
2891 5741 2939 5793 id
2967 5741 3106 5808 quod
3142 5749 3192 5792 te
3220 5740 3422 5794 conde.

1884 5839 1983 5882 cet.
2015 5828 2247 5898 Namque
2281 5831 2469 5883 animae
2503 5839 2606 5883 tuae
2654 5830 2829 5899 fulgor
2869 5843 3030 5898 supra
3085 5829 3290 5883 salares
3332 5845 3416 5881 ra-
