4202 6444
755 435 823 497 95
1946 433 2342 494 MANUELIS
2366 429 2820 490 PALEOLOGI
3919 421 3983 480 Sli

757 543 878 596 dios
903 583 917 607 ,
951 550 1004 596 et
1037 543 1145 596 fere
1201 542 1406 595 nullum
1443 541 1647 593 halitus
1689 539 1864 599 finem,
1901 540 2011 590 sive
2063 537 2293 588 laudem.
2336 531 2378 587 Α
2421 532 2620 588 dicam.
2649 532 2882 584 insertas
2917 533 3188 582 habebunt
3231 533 3405 597 ipsius
3443 533 3652 592 laudes.
3706 533 3807 586 etsi
3845 534 3976 584 nihil

753 636 867 688 sive
904 637 1170 702 plausum.
1205 635 1318 689 sive
1355 635 1682 690 encomium,
1717 641 1874 697 atque
1905 639 1961 680 ut
1989 643 2098 681 uno
2131 629 2295 680 verbo

751 724 949 782 dicam,
1011 723 1273 790 quidquid
1340 722 1406 775 ad
1465 724 1920 775 cohonestandam
1977 719 2296 771 adhibemus

755 815 965 878 plenam
1009 813 1200 882 gratiis
1250 813 1506 874 animam,
1551 813 1710 878 longo
1751 808 2296 877 superatintervallo,

751 914 804 953 et
853 903 1089 955 laborem
1155 919 1368 956 omnem
1402 902 1638 955 ostendit
1699 903 1933 953 inanem.
1977 899 2054 950 Ad
2087 905 2294 948 tantum

751 1009 880 1059 ergo
931 995 1270 1047 celsitudinis
1337 993 1829 1062 magnitudinisque
1891 998 2112 1048 evectae.
2170 987 2295 1052 quid

755 1101 853 1137 nos
883 1086 1076 1139 all'erre
1143 1086 1467 1152 poterimus,
1531 1085 1673 1151 quod
1735 1085 1807 1134 sit
1841 1098 1946 1133 non
1986 1079 2303 1148 indignum?

754 1175 930 1226 Vitam
959 1177 1105 1229 enim
1144 1177 1314 1244 prima
1349 1177 1488 1228 inter
1519 1176 1764 1226 homines
1797 1172 2298 1224 innocentissimam

753 1266 934 1324 egisti,
994 1275 1338 1334 mentemque
1399 1265 1631 1317 habuisti
1673 1263 1821 1316 Omni
1867 1275 2093 1328 prorsus
2145 1261 2299 1323 culpa

757 1370 1002 1419 vacuam,
1037 1364 1093 1410 et
1147 1372 1346 1425 corpus
1395 1357 1469 1410 illi
1521 1365 1986 1412 consentaneum.
2043 1358 2304 1416 tantaque

757 1447 991 1513 Spiritus
1049 1447 1365 1506 radiatione,
1425 1447 1614 1514 gloria,
1677 1454 1729 1496 et
1783 1445 2067 1510 splendore
2115 1451 2302 1506 ornata

757 1537 929 1597 fuisti,
972 1548 1029 1589 ut
1057 1538 1135 1589 vel
1173 1538 1317 1602 ipsas
1347 1535 1693 1601 superaveris
1731 1533 1836 1585 Deo
1875 1531 2298 1599 pretiosissimas

755 1640 1060 1689 creaturas,
1097 1629 1278 1695 idque,
1326 1637 1382 1679 ut
1417 1627 1620 1679 dictum
1646 1634 1747 1683 est,
1785 1623 2102 1690 longissimo
2131 1621 2301 1671 inter-

755 1721 922 1775 vallo.
986 1719 1066 1771 Ad
1133 1719 1259 1786 quid
1319 1733 1417 1786 ego
1466 1731 1682 1777 mor0r,-
1733 1728 1955 1778 remque
1989 1720 2154 1763 totum
2191 1725 2301 1761 uno

755 1813 920 1865 verbo
955 1826 1058 1862 non
1092 1805 1464 1874 complector?
1498 1804 1606 1859 Vas
1644 1805 1781 1857 facta
1823 1820 1881 1856 es
1911 1811 2090 1870 aptum
2133 1799 2304 1853 susci-

2419 623 2523 674 dici
2555 632 2753 690 potest,
2815 623 2958 689 quod
2995 625 3210 689 dignam
3253 625 3535 676 contineat
3567 625 3937 677 laudationem
3967 642 3980 685 ;

2422 729 2528 766 non
2589 714 2735 766 enim
2789 715 3050 779 permittit
3109 718 3207 766 hoc
3265 717 3583 782 magnitudo
3628 716 3846 782 gratim.
3880 730 3982 780 qua

2424 803 2609 869 pollet.
2643 802 2777 867 Quis
2829 803 2973 855 enim
3015 806 3192 870 dignis
3225 806 3369 858 illam
3417 806 3671 858 laudibus
3720 806 3981 865 celebret,

2421 911 2543 963 qua:
2591 897 2715 948 celi
2755 897 3038 948 absidibus
3093 899 3381 955 excelsior.
3439 898 3608 948 ratiis
3647 900 3860 964 purior.
3902 912 3985 949 res

2420 998 2504 1040 est
2527 989 2768 1040 omnium
2825 990 3221 1055 pretiosissima
3285 989 3435 1041 Deo?
3470 990 3574 1041 Nec
3625 992 3667 1042 si
3699 988 3985 1054 utriusque

2421 1078 2635 1146 generis
2674 1079 2924 1146 quisquis
2961 1080 3300 1148 angi-lorum,
3349 1081 3595 1145 inquam.
3624 1089 3669 1131 et
3701 1079 3984 1128 hominum

2421 1169 2609 1220 decem
2647 1185 2763 1231 ora,
2793 1169 2982 1223 decem
3007 1172 3218 1239 linguas
3251 1172 3492 1230 haberet,
3527 1181 3619 1222 aut
3653 1171 3843 1221 eailem
3895 1169 3988 1220 de-

2421 1260 2535 1312 cies
2589 1261 2785 1314 millies
2829 1262 3205 1328 multiplicata.
3273 1261 3335 1311 Et
3393 1261 3743 1330 hyperbolice
3765 1260 3985 1325 quidem

2425 1348 2589 1415 hujus
2667 1364 2854 1402 ansam
2937 1350 3233 1402 locutionis
3309 1350 3612 1401 mihidetlit
3693 1350 3984 1399 llomerus.

2425 1440 2676 1492 Arbitror
2703 1451 2905 1499 tamen.
2937 1442 3078 1504 quod
3111 1458 3231 1495 sum
3285 1444 3556 1501 dicturus.
3586 1443 3844 1507 majorem
3869 1454 3989 1490 esse

2426 1533 2777 1600 hyperbolen.
2810 1548 2914 1584 non
2949 1542 3127 1585 tamen
3159 1548 3188 1584 a
3221 1534 3447 1586 veritate
3494 1533 3731 1584 alienum
3757 1547 3769 1590 ;
3793 1544 3917 1580 nam
3941 1527 3986 1580 si

2427 1626 2678 1676 universa
2731 1626 3051 1692 augeiorum
3089 1627 3403 1685 multitudo,
3431 1635 3486 1678 et
3525 1624 3843 1676 universum
3884 1620 3985 1672 ho-

2427 1716 2632 1765 minum
2683 1715 2853 1781 genus
2903 1717 2956 1768 in
3023 1724 3190 1768 uuam"
3247 1717 3469 1769 omnino
3514 1718 3725 1767 coirent
3767 1727 3902 1772 rem.
3935 1721 3988 1764 et

2425 1803 2650 1868 proinde
2688 1822 2854 1856 unum
2902 1823 2963 1858 os
3011 1819 3061 1858 et
3120 1822 3281 1858 unam
3315 1822 3505 1859 omnes
3557 1805 3793 1872 linguam
3823 1802 3986 1853 habe-

757 1903 951 1969 piendo
981 1899 1429 1955 causubstantiali
1481 1897 1621 1949 Patri
1675 1906 1947 1949 coaaterno
1987 1895 2060 1944 illi
2106 1892 2301 1960 Verbo.
2343 1897 2390 1955 Β
2427 1906 2567 1956 rent,
2597 1911 2658 1948 ac
2685 1907 2854 1948 totum
2889 1901 2990 1950 hoc
3025 1899 3225 1950 animal
3283 1906 3628 1966 compactum
3685 1897 3987 1947 resolvere-

755 1993 899 2053 uuod
930 2008 993 2044 es
1029 1991 1188 2044 Patre
1218 1990 1438 2056 quidem
1464 1988 1592 2056 ‘sine
1621 1996 1881 2050 tempore,
1916 1998 1977 2036 ex
2013 1994 2064 2035 te
2093 1998 2221 2034 vero
2249 1984 2300 2034 in

758 2089 1019 2146 tempore.
1049 2092 1098 2133 et
1125 2096 1185 2130 ex
1227 2087 1460 2144 utroque
1493 2075 1692 2143 prodiit
1749 2075 1867 2127 sine
1924 2073 2301 2125 ulla‘lzesioue.

759 2165 942 2232 Itaque
978 2181 1075 2219 nec
1100 2167 1206 2219 Dco
1226 2180 1366 2233 opus
1387 2172 1547 2217 erunt
1567 2165 1744 2214 nostra
1762 2163 2022 2215 cucOmia.
2049 2159 2303 2225 Quinam,

755 2267 806 2306 l'l
831 2256 1010 2308 unde?
1041 2255 1145 2309 Nec
1177 2256 1270 2308 tibi
1307 2255 1425 2321 ejus
1445 2252 1620 2316 Matri,
1657 2262 1707 2304 et
1740 2252 1814 2303 illi
1850 2251 2066 2317 quidem
2097 2266 2160 2303 eo
2179 2251 2303 2318 quia

761 2358 1007 2400 naturam
1070 2348 1228 2400 habet
1279 2329 1704 2414 superemincrc,
1778 2344 1923 2412 quod
1989 2341 2302 2408 aliquando,

758 2437 980 2490 caducis
1009 2438 1171 2491 etiam
1215 2438 1400 2498 rebus.
1452 2446 1503 2491 et
1536 2453 1655 2502 qua:
1697 2436 1838 2502 apud
1873 2449 1973 2487 nos
2027 2442 2172 2508 sunt,
2209 2433 2305 2485 tri-

761 2532 922 2581 huere
950 2529 1351 2585 consuevimus.
1386 2526 1520 2580 Cum
1556 2526 1644 2579 Dei
1687 2536 1877 2578 natura
1934 2524 2190 2576 inﬁnities
2221 2525 2305 2575 in-

762 2621 910 2673 finita
970 2634 1183 2672 aninem
1239 2627 1472 2671 mentem
1536 2616 1948 2692 omni‘stupore
1994 2615 2214 2678 repleat,
2251 2619 2306 2665 et

760 2727 919 2764 omne
969 2711 1232 2763 bonorum
1294 2725 1466 2779 genus
1525 2718 1678 2760 tanta
1727 2707 1953 2774 excellat
2013 2705 2309 2763 alliuentia,‘

763 2810 1022 2863 quantum
1079 2800 1262 2852 animo
1323 2799 1780 2876 comprehendere
1827 2790 1949 2848 non'
1992 2795 2148 2863 licet;
2184 2809 2306 2846 nam

765 2892 851 2942 illa
913 2891 1061 2941 nullo
1120 2890 1306 2962 finitur
1344 2880 1594 2947 termino,
1619 2902 1722 2940 nec
1761 2886 1902 2938 enim
1938 2892 2133 2952 potest.
2169 2886 2310 2937 sicut

761 2994 815 3034 ct
841 2983 1072 3051 Seipsam
1113 2996 1330 3050 negare.
1365 2981 1533 3047 Cujus
1555 2981 1696 3030 enim
1721 2973 1984 3030 terminus
2021 2985 2103 3029 cst
2142 2975 2310 3027 inter—

766 3076 1115 3136 minabilitns,
1160 3079 1236 3126 ‘et
1285 3072 1428 3139 quod
1479 3071 1762 3122 manifeste
1824 3069 2018 3125 scitur.
2072 3073 2310 3119 estesse

764 3168 1057 3226 occultum,
1113 3180 1217 3231 qua
1268 3163 1477 3214 ratione
1537 3161 1657 3226 quis
1713 3159 1883 3227 possit
1930 3157 2328 3225 ejusdeﬁnire.

2426 1998 2514 2040 tur
2545 1991 2598 2041 in
2626 2006 2787 2042 unam
2827 1992 3104 2045 Stenturis
3133 2008 3338 2055 vocem,
3371 1995 3486 2044 sive
3525 1992 3686 2042 etiam
3738 1989 3826 2040 iila
3870 1990 3987 2040 sine

2424 2083 2777 2144 Ρτοβίπιῖοηε
2829 2083 3228 2140 (lanosi-orem.
3287 2091 3339 2133 et
3389 2083 3502 2133 [nec
3549 2079 3658 2132 illis
3687 2079 3880 2129 durent
3919 2074 3985 2126 ad

2425 2172 2792 2238 peragendum
2845 2173 2932 2222 Dei
2983 2173 3132 2224 Matri
3187 2175 3467 2238 hymnum.
3523 2171 3635 2222 fieri
3679 2185 3784 2219 non
3832 2181 3988 2234 posse

2425 2269 2575 2324 puto.
2641 2261 2727 2312 ilia
2784 2263 3028 2330 dignum,
3090 2271 3179 2314 aut
3220 2264 3386 2331 digno
3432 2263 3740 2330 proximum
3774 2277 3785 2309 :
3814 2263 3986 2310 satius

2423 2365 2552 2418 ergo
2581 2363 2665 2402 est
2730 2357 3008 2418 prrit-ure
3075 2355 3316 2416 silentio,
3367 2369 3528 2422 quam
3565 2354 3702 2404 velle
3731 2365 3984 2403 sermone

2425 2441 2583 2508 longo
2638 2444 2780 2494 illam
2837 2445 3137 2506 ea-lelgrari-,
3203 2463 3323 2512 qua:
3358 2457 3465 2498 tam
3494 2444 3799 2496 illu5trihus
3830 2443 3986 2496 furtis

2429 2535 2688 2600 gloriosa,
2722 2545 2830 2587 tattl
2886 2539 3244 2600 admirandis.
3283 2553 3345 2591 ac
3405 2551 3572 2606 supra
3607 2537 3854 2591 ordinem
3891 2550 3986 2587 na-

2429 2633 2566 2678 tura:
2623 2628 2816 2690 clotit,
2871 2632 3024 2696 perin
3051 2634 3095 2682 le
3149 2645 3210 2684 ac
3278 2631 3323 2684 si
3384 2646 3508 2698 quis
3564 2643 3663 2697 ope
3713 2629 3986 2682 scalarum

2426 2720 2589 2773 vellet
2613 2723 2808 2775 coelum
2829 2709 3223 2779 conscendere.
3251 2724 3311 2778 Et
3333 2727 3444 2777 haec
3462 2723 3678 2792 quidem
3702 2722 3988 2774 hactenus.
4061 2753 4066 2756 -

2430 2813 2585 2875 Quod
2637 2825 2826 2874 restat,
2881 2827 2938 2867 ut
2969 2817 3274 2879 ostendam,
3339 2832 3499 2869 unam
3528 2833 3588 2868 ex
3616 2814 3873 2867 omnibus
3897 2812 3989 2864 Dei

2431 2902 2654 2956 Matrem
2686 2906 2888 2959 obtisse
2919 2909 3265 2970 gaudentem.
3293 2917 3349 2958 ut
3373 2906 3704 2960 exordiendo
3729 2906 3991 2964 diximus,

2433 2992 2536 3045 hoc
2591 3006 2741 3047 certe
2797 2997 3071 3049 snccedet.
3129 2996 3242 3061 ipsa
3277 3009 3439 3048 sunra
3489 2994 3630 3045 vires
3662 2998 3874 3042 nostras
3910 2987 3989 3038 fa-

2431 3091 2593 3134 vente
2647 3083 2950 3142 laboribus.
2991 3086 3164 3152 'cujus
3214 3084 3416 3136 auxilio
3444 3083 3566 3135 freti
3599 3083 3719 3134 illos
3746 3079 3984 3143 suscepi-

2434 3187 2573 3224 mus.
2611 3173 2723 3226 lloc
2753 3185 2931 3227 autent
2971 3187 3027 3227 ut
3060 3178 3347 3240 probetur.
3388 3189 3494 3226 non
3541 3189 3676 3239 opus
3701 3186 3821 3226 esse
3847 3169 3990 3221 arbi-

766 3257 1162 3312 suhstantiam?
1222 3255 1419 3309 Rerum
1479 3268 1604 3305 vero
1623 3253 1687 3302 'in
1714 3261 1766 3320 te
1787 3250 2248 3318 admirandarum,
2280 3261 2312 3300 ο
2351 3268 2362 3319 ε

2433 3272 2549 3316 tror
2594 3265 2914 3332 ambagibus
2970 3275 3022 3318 et
3071 3266 3429 3334 labyrinthis;
3482 3263 3577 3317 sed
3621 3272 3796 3315 vestra
3825 3273 3991 3311 causa

766 3348 950 3414 Virgo.
985 3362 1148 3400 causa
1198 3357 1281 3399 est
1338 3343 1627 3397 voluntatis
1678 3341 2036 3409 propositum.
2071 3337 2201 3389 Nam
2241 3351 2308 3390 ex
2350 3361 2357 3372 I

767 3442 1089 3495 rectitudine
1117 3438 1329 3496 «cutis.
1361 3447 1413 3490 et
1442 3436 1714 3517 probitate
1756 3449 1965 3485 morum
2016 3431 2092 3493 fit,
2126 3442 2184 3484 ut
2218 3445 2310 3484 su-

770 3553 924 3602 peres
980 3536 1084 3587 vim
1117 3533 1508 3592 cnromiorum,
1548 3545 1652 3582 non
1711 3529 1853 3595 quod
1898 3527 1996 3579 llos
2029 3534 2234 3579 natura:
2259 3533 2314 3579 et

771 3629 960 3686 honor,
991 3642 1053 3678 ac
1083 3626 1266 3686 decus,
1302 3630 1354 3674 et
1382 3633 1571 3675 ca‘tera
1605 3620 1654 3672 id
1690 3627 1860 3687 genus
1899 3619 2078 3668 omnia
2109 3625 2160 3668 et
2192 3616 2317 3682 jure

765 3719 983 3782 quidem
1042 3714 1267 3782 optimo,
1320 3728 1552 3775 nam-tue
1579 3711 1648 3764 ob
1706 3717 1914 3786 natura:
1943 3707 2313 3760 excellentiam

773 3809 1012 3860 habenda
1041 3805 1322 3858 Cotulitori
1355 3803 1549 3872 gratia.
1604 3802 1674 3853 ob
1704 3800 1868 3851 animi
1918 3815 2044 3850 vero
2068 3797 2317 3865 proposi-

773 3911 882 3950 tntn
916 3897 1211 3950 laudandus
1242 3895 1332 3962 qui
1367 3899 1445 3948 sic
1473 3891 1662 3945 voluit.
1710 3889 1960 3943 Omittam
1994 3889 2159 3956 igitur
2198 3891 2314 3941 lau-

770 3990 1040 4039 «lationem
1068 3984 1274 4037 tueliori
1304 3980 1689 4034 sane-consilio
1711 3995 1722 4029 :
1747 3979 2160 4028 vi‘denturcnim
2187 3977 2316 4028 mihi

771 4075 968 4128 dicturi
1034 4088 1244 4132 oumes.
1291 4070 1493 4137 optime
1549 4068 1737 4120 laudes
1775 4081 1804 4117 a
1859 4081 1942 4116 me
1989 4066 2317 4128 elaboratas,

771 4165 913 4232 quod
947 4163 1158 4216 animus
1205 4161 1369 4214 fuerit
1414 4173 1480 4210 ne
1513 4160 1775 4224 attingere
1823 4155 1934 4208 fere
1958 4155 2165 4215 laudes,
2195 4156 2320 4208 licet

775 4266 831 4307 ut
864 4270 1085 4322 asc0po
1137 4267 1322 4320 parum
1386 4249 1746 4310 deﬂertcrem,
1806 4246 2317 4318 vehementissimus

776 4350 849 4398 tui
887 4360 1036 4397 amor
1066 4343 1322 4396 effecerit.
1353 4340 1461 4392 Nec
1492 4341 1723 4398 mirum,
1752 4353 1874 4389 cum
1919 4348 1970 4389 et
2027 4337 2318 4388 inanimata

777 4441 890 4504 ipsa
926 4446 1116 4505 sponte
1153 4448 1250 4487 sua
1305 4439 1622 4484 moveantur
1654 4431 1705 4480 in
1737 4439 1856 4480 tuas
1892 4428 2098 4480 laudes.
2125 4428 2252 4490 Sed,
2285 4442 2318 4481 ο

774 4541 952 4582 (τωιιιξ
987 4528 1102 4586 Dei.
1139 4535 1191 4579 et
1246 4524 1553 4576 festivitatis
1603 4520 1823 4580 amans;
1847 4535 1969 4572 nam
2021 4519 2314 4572 secundoa
2361 4509 2368 4515 ’

2433 3355 2624 3409 isthzec
2642 3356 2921 3408 dicemus:
2945 3355 3036 3409 Dei
3059 3355 3237 3416 Matri.
3254 3373 3373 3423 qua:
3393 3357 3685 3420 ipsummet
3705 3350 3988 3420 gaudium,

2439 3446 2543 3498 hoc
2581 3458 2663 3499 est
2689 3444 2924 3499 Verbum
2957 3448 3077 3500 sine
3099 3457 3343 3514 tempore
3360 3446 3754 3499 contubernale
3776 3459 3992 3512 semper

2435 3536 2693 3600 habebat,
2718 3538 2846 3605 quid
2887 3540 3138 3591 morienti
3179 3544 3365 3606 posset
3405 3537 3591 3590 acerbi
3645 3537 3990 3599 contingere,

2437 3634 2531 3679 aut
2551 3641 2657 3694 qua
2692 3629 2740 3679 vi
2771 3643 2854 3680 res
2879 3629 2983 3680 ulla
3008 3629 3230 3681 omnino
3247 3629 3499 3695 gaudium
3531 3627 3650 3693 ejus
3673 3627 3990 3693 perpetuum

2439 3727 2496 3769 et
2521 3718 2639 3769 sine
2667 3717 3077 3789 intermissione
3114 3716 3683 3785 potuissetinfringere
3703 3716 3724 3766 ?
3748 3716 3995 3767 Profecto

2389 3874 2398 3877 _
2437 3808 2603 3866 enim,
2629 3810 2718 3860 illa
2737 3809 3078 3875 relinquebat
3101 3809 3369 3866 abeundo,
3398 3809 3595 3875 quibus
3628 3823 3732 3858 non
3750 3809 3995 3859 cratalli-

2441 3904 2565 3963 gata
2591 3897 2846 3958 vivendo.
2873 3899 2980 3949 imo
3006 3912 3134 3948 vero
3150 3899 3348 3962 quibus
3377 3898 3717 3955 tristabatur.
3741 3896 3869 3948 dum
3900 3913 3996 3963 pro

2442 3988 2757 4041 conditione
2791 4042 2793 4044 ,
2821 3996 3030 4040 natura:
3057 3990 3122 4040 iis
3163 3989 3236 4038 uti
3274 3996 3575 4051 cogeretur.
3603 3987 3994 4054 ,Migrationem

2443 4094 2574 4146 ergo
2611 4080 2943 4145 exoptabat.
2992 4078 3163 4141 Quam
3195 4091 3325 4145 ergo
3353 4078 3494 4130 diem
3545 4069 3684 4129 votis
3721 4078 3996 4146 omnibus

2441 4179 2703 4236 perpetuo
2737 4167 3137 4238 cupiebat,qua
3167 4168 3379 4218 ratione
3412 4144 3787 4218 advenientem
3817 4167 3989 4219 liben—

2427 4255 2656 4315 tissime
2695 4253 3158 4327 non'excepissit,
3214 4277 3306 4328 per
3338 4276 3496 4326 qua-n
3537 4260 3719 4318 fiebat,
3762 4269 3822 4310 ut
3858 4249 3996 4312 sein-

2445 4365 2560 4425 νει-.-
2591 4366 2714 4402 cum
2748 4349 2882 4403 Filio
2913 4351 3116 4401 victura
3153 4361 3316 4411 esset,
3355 4365 3475 4398 cum
3527 4344 3662 4399 Filio
3691 4346 3996 4414 eodemque

2443 4441 2554 4493 Deo
2595 4456 2656 4494 ac
2697 4437 3032 4493 Conditore?
3064 4441 3229 4502 Cedo,
3272 4440 3704 4506 persuademus?
3742 4440 3993 4490 arbitror.

2442 4530 2582 4593 Quid
2611 4531 2794 4590 enim?
2829 4531 2937 4582 hec
2966 4543 3144 4581 annon
3179 4531 3502 4581 concludant
3534 4530 3879 4581 necessario?
3910 4546 4000 4578 :in-

778 4622 950 4689 primo
982 4619 1197 4687 pendet,
1225 4618 1398 4668 ethoc
1431 4613 1703 4689 prmscfert
1747 4613 1899 4674 illud,
1936 4611 2003 4662 ad
2033 4626 2129 4663 vos
2163 4611 2318 4664 dein-
2359 4612 2362 4618 ⁴

2396 4617 2408 4664 l
2444 4634 2552 4672 non
2573 4619 2783 4671 veritati
2800 4621 2909 4672 sint
2932 4633 3176 4672 consona
3201 4620 3308 4670 ηιιί
3340 4630 3450 4671 ιοιο
3470 4631 3589 4669 vitae
3611 4627 3851 4684 tempore
3872 4619 3996 4668 nihil

777 4688 904 4779 ceps
926 4709 1173 4763 conversi
1225 4688 1763 4766 solvemusdebitum
1799 4703 1971 4764 vobis,
2002 4711 2055 4754 et
2090 4700 2320 4768 Virgini.

781 4802 896 4854 llixi
955 4810 1132 4853 autem
1189 4798 1392 4850 meliori
1442 4793 1660 4847 consilio
1700 4795 1766 4844 de
1799 4791 2088 4852 industria,
2115 4806 2181 4844 ne
2217 4790 2325 4844 fur-

780 4900 926 4945 tisse
957 4890 1231 4942 videamur
1260 4889 1312 4939 in
1344 4899 1633 4955 progressu
1662 4883 1928 4936 sermonis
1973 4881 2106 4934 velle
2135 4896 2324 4934 rursus

780 4980 1023 5032 encomia
1070 4989 1308 5040 nectere,
1359 4994 1483 5029 cum
1537 4977 1628 5028 illa
1666 4991 1772 5026 non
1806 4973 2064 5025 adhibere
2093 4972 2325 5038 amplius

781 5071 1201 5124 decreverimus.
1241 5070 1348 5122 lloc
1381 5083 1539 5135 porro
1568 5067 1784 5119 evenire
1813 5064 2066 5116 omnibus
2104 5077 2325 5114 necesse

783 5171 884 5222 Col,
925 5162 1014 5228 qui
1052 5161 1282 5228 aliquem
1328 5159 1395 5210 de
1442 5157 1530 5209 illa
1568 5158 1872 5218 sermonem
1905 5152 2105 5204 habere
2138 5153 2326 5203 volue-

785 5246 912 5296 rint.
952 5244 1186 5295 Aiterum
1213 5242 1355 5295 cnim
1389 5257 1416 5294 e
1450 5241 1659 5294 duobus
1681 5240 1779 5290 erit
1803 5238 2042 5296 omnino,
2071 5243 2162 5287 aut
2197 5235 2329 5287 nihil

783 5335 965 5387 dicere
991 5334 1055 5386 de
1081 5331 1319 5400 Virgine,
1343 5341 1438 5384 aut
1465 5331 1507 5383 si
1542 5331 1692 5382 diras
1731 5329 1970 5380 laudare.
1997 5325 2152 5379 Nulla
2182 5326 2326 5379 enim

787 5428 995 5481 ratione
1033 5426 1146 5478 fieri
1180 5436 1378 5491 potest.
1422 5435 1477 5475 ut
1503 5423 1738 5489 loquaris
1767 5420 1832 5472 de
1861 5420 1949 5470 illa
1983 5428 2038 5470 et
2073 5419 2188 5470 laus
2221 5430 2327 5469 non

786 5519 875 5576 sit.
953 5516 1094 5584 quod
1159 5515 1434 5582 loqueris,
1505 5510 1940 5580 quandoquidem
1990 5516 2044 5560 et
2113 5507 2225 5574 ipsa
2277 5515 2333 5558 et

787 5607 1047 5674 quidquid
1075 5616 1300 5674 spectat,
1325 5606 1388 5656 ad
1415 5605 1605 5670 ipsum,
1627 5601 1709 5654 cc'l
1731 5599 2108 5653 rbralissimam
2134 5597 2338 5649 habent

789 5698 1037 5762 gloriam.
1081 5696 1260 5760 Quare
1307 5695 1505 5762 dignus
1567 5695 1720 5759 plane
1755 5691 1907 5742 venia
1938 5705 2077 5750 sum,
2112 5687 2155 5739 si
2189 5687 2335 5739 ince-

792 5798 940 5854 ptum
975 5789 1146 5853 primo
1169 5789 1397 5842 consilio
1446 5802 1749 5840 setmonrtn
1795 5780 2182 5850 rzosequcnzl",
2217 5793 2332 5846 qum

2374 4760 2382 4771 ,
2438 4711 2694 4778 contigit.
2727 4711 2793 4763 de
2828 4726 2937 4786 quo
2971 4717 3118 4762 esset
3149 4709 3462 4767 dolendum,
3505 4726 3601 4761 cur
3628 4723 3753 4775 ergo
3794 4709 3999 4760 doluis-

2438 4809 2524 4853 set
2574 4802 2885 4866 advenisse,
2910 4816 3018 4868 quo
3038 4811 3264 4851 venturo
3288 4799 3629 4850 veheun-uIer
3672 4799 3954 4850 ltetabatur
3977 4798 4002 4848 ?

2437 4906 2675 4959 quorum
2731 4894 2873 4960 enim
2928 4892 3168 4957 jucnmla
3221 4899 3305 4944 est
3334 4891 3684 4956 expectatio,
3716 4890 4002 4955 jncnndis-

2441 4983 2578 5036 sima
2617 4992 2701 5038 est
2733 4999 2960 5052 prorsus
3003 4982 3309 5048 praesentia.
3342 4980 3493 5044 Quod
3528 4994 3654 5031 vero
3682 4989 3762 5031 est
3793 4980 4000 5046 perspi—

2441 5088 2544 5127 cue
2592 5075 3072 5143 iucundissimo-ti,
3131 5074 3360 5141 probare
3393 5072 3532 5138 quod
3565 5084 3670 5122 non
3724 5070 3794 5122 sit
3836 5071 4002 5122 mole-

2447 5178 2620 5230 stum,
2646 5166 2873 5220 omnino
2929 5176 3010 5217 cst
3045 5177 3464 5230 supervacuum.
3503 5159 3619 5212 Una
3663 5175 3748 5212 res
3800 5160 4003 5211 beatam

2450 5255 2596 5310 illius
2648 5258 2884 5309 animam
2945 5256 3172 5308 viventis
3232 5253 3476 5320 pupugit,
3515 5266 3618 5302 non
3665 5250 3834 5302 fuisse
3883 5263 3999 5319 eum

2455 5345 2738 5400 Salvatore
2771 5344 2931 5400 simttl
2959 5360 3124 5398 carne
3153 5359 3366 5412 passam
3403 5351 3456 5396 et
3487 5350 3774 5403 mortuam,
3801 5357 3863 5392 ex
3898 5356 4004 5405 quo

2457 5421 2639 5498 flebat.
2687 5449 2745 5490 ut
2787 5438 2893 5488 vita
2947 5437 3047 5503 ipsi
3107 5436 3322 5499 longior
3367 5448 3470 5484 non
3505 5432 3817 5498 permittens
3843 5444 4002 5497 quam

2459 5529 2690 5598 primum
2719 5530 2798 5582 ire
2825 5529 2890 5580 ad
2925 5529 3096 5588 illum.
3131 5526 3416 5580 haberetur
3463 5521 3814 5575 intolerabilis
3839 5522 4005 5572 multo

2459 5621 2654 5688 magis,
2714 5635 2876 5687 quam
2937 5619 3093 5671 nobis
3143 5633 3288 5670 mors
3313 5634 3325 5674 ;
3349 5616 3430 5714 jta
3467 5615 3628 5681 igitur
3659 5611 3906 5664 allectam
3941 5625 4005 5662 ne

2461 5713 2647 5766 dolore
2701 5726 2920 5765 vacuam
2976 5712 3239 5777 migrasse
3289 5703 3491 5775 liq'uct;
3535 5705 3636 5756 nisi
3690 5706 3812 5770 quis
3865 5703 4006 5753 dicat

2464 5805 2600 5856 iilttd
2655 5804 2824 5856 fuisse
2873 5803 3065 5860 dolori,
3122 5802 3263 5869 quod
3325 5813 3420 5850 nec
3463 5795 3628 5847 Filius
3667 5793 3998 5850 detrectavit,
