4202 6444
169 504 231 565 ‘J'i
1035 484 1131 541 011
1156 482 1311 539 \TlO
1357 480 1433 538 ΙΝ
1473 475 1860 537 ΠΟΒΜΙΊῚΟῙ

1807 474 2011 533 ΟΝΕΜ
2057 473 2135 525 SS
2202 461 2565 525 DEH‘AILE.
3334 470 3397 525 98

178 612 433 665 nimirum
483 615 688 657 summe
745 598 1016 650 unitorum
1050 588 1493 654 disiunctionem,
1542 594 1732 633 anima-
1781 570 1821 622 ,Χ
1856 577 1993 626 sicut
2054 584 2101 623 et
2146 575 2455 633 illusiones,
2519 582 2571 624 et
2624 585 2860 631 erucem,
2900 580 2951 622 et
3006 582 3226 622 mortem
3265 576 3405 635 eius,

173 706 301 757 dico
348 708 401 753 et
464 694 752 764 corporis;
795 690 895 740 huc
924 694 1102 737 autem
1137 696 1259 732 cum
1298 689 1491 729 natura
1550 686 1735 723 neces-

172 794 383 847 sarium
441 789 531 848 sit,
585 784 824 838 dolorem
888 778 1042 830 alt'ert
1093 788 1198 826 non
1223 771 1542 822 diuturnum
1578 783 1590 815 :
1631 778 1733 813 non

174 885 320 937 enim
373 882 506 932 adeo
540 872 892 944 prasteritum,
928 880 1087 935 quain
1151 864 1347 915 absens
1389 866 1434 907 et
1494 855 1734 907 futurum

175 980 386 1033 terret;
426 940 553 1020 fere-
585 966 726 1017 enim
756 959 940 1027 eﬂugit
990 959 1197 1007 instans
1238 961 1290 1002 et
1338 940 1738 1016 quodammodo

177 1075 402 1113 sensum
457 1058 587 1108 latet
635 1058 909 1103 momento
940 1044 1213 1100 eveniens.
1242 1048 1293 1093 et
1318 1046 1612 1101 antequam
1652 1031 1742 1079 fiat

179 1165 417 1218 prmseiis
442 1146 618 1197 avolat
650 1158 662 1193 :
700 1137 1126 1192 liect‘aliirmare,
1159 1127 1469 1181 volentibus
1498 1132 1741 1187 tempore

180 1217 291 1293 non
321 1235 646 1293 mensurari,
677 1235 810 1283 adeo
839 1229 989 1279 velov
1014 1235 1115 1278 cst.
1146 1222 1284 1285 Quin
1316 1219 1476 1269 etiam
1508 1217 1740 1266 humana

178 1332 365 1383 omnia
407 1330 551 1393 justa
589 1320 987 1393 quodammodo
1044 1323 1195 1374 sunt,
1247 1326 1344 1363 nec
1394 1305 1629 1373 reperire
1660 1308 1743 1351 est

183 1422 519 1487 voluptatem
567 1417 675 1468 ulla
729 1414 782 1464 in
830 1426 887 1464 re
922 1412 1039 1463 sine
1078 1401 1320 1459 tristitia,
1358 1406 1412 1451 et
1443 1403 1652 1452 contra,
1688 1399 1746 1441 ut

183 1513 408 1580 sapiens
439 1508 655 1576 quidam
693 1519 757 1557 ex
787 1501 1026 1567 antiquis
1060 1497 1227 1548 dixit:
1251 1491 1369 1544 Non
1404 1495 1487 1541 est
1516 1487 1568 1538 in
1606 1495 1743 1549 quio-

183 1619 351 1672 quam
408 1599 648 1666 reperire
700 1596 864 1647 vitam
921 1592 1040 1644 sine
1078 1584 1324 1640 tristitia.
1358 1580 1590 1634 Dixisset
1621 1584 1748 1624 vero

182 1670 239 1748 et
280 1694 608 1763 oppositum,
658 1688 702 1740 si
759 1700 892 1751 Opus
953 1681 1146 1734 fuisset
1184 1696 1196 1728 :
1234 1675 1347 1727 Non
1398 1681 1480 1724 est
1520 1670 1571 1719 iu
1613 1679 1749 1763 quo-

185 1755 353 1853 quam
373 1783 606 1851 reperire
655 1780 821 1829 vitam
870 1769 1161 1836 volup'atis
1207 1772 1501 1832 expertem.
1535 1755 1672 1819 Quid
1704 1755 1746 1804 si

186 1848 479 1943 prmvaleat
503 1871 644 1941 quod
673 1867 862 1923 vineit.
886 1863 1111 1916 omnino
1137 1869 1359 1912 necesse
1386 1860 1467 1906 est
1493 1848 1745 1901 inferius,

1857 670 2207 721 (Enniideuter
2241 666 2383 715 enim
2418 662 2909 724 aﬂirmarema‘que
2936 676 2996 713 ac
3021 660 3236 726 quidvis
3266 662 3410 712 aliud

1860 780 1962 817 non
2000 764 2177 812 inimus
2207 758 2440 809 animant
2471 755 2588 819 ejus
2618 767 2777 819 quam
2812 751 2927 803 Filii
2955 752 3241 818 pertulisse
3261 752 3405 802 dolo.

1863 871 1946 905 res
1974 892 1985 911 ,
2030 850 2245 916 quando
2280 848 2524 899 divinum
2570 842 2696 895 illud
2735 858 2933 908 corpus
2973 860 2999 895 a
3046 844 3267 896 nefariis
3310 844 3414 894 illis

1862 958 1911 997 et
1952 940 2314 1007 sanguinariis
2372 938 2633 1003 ligebatur
2662 934 3017 996 vulneribus;
3052 944 3102 986 et
3143 936 3263 1000 jure
3296 936 3417 1002 qui-

1861 1037 2002 1095 item,
2030 1048 2150 1085 cum
2181 1032 2249 1082 ob
2276 1037 2495 1079 cretei-as
2520 1040 2709 1078 omnes
2749 1039 2963 1085 causas,
2995 1034 3109 1075 tum
3133 1025 3202 1075 ob
3233 1026 3374 1075 illam
3401 1068 3414 1088 ,

1863 1142 1983 1178 nam
2011 1126 2152 1175 sicut
2189 1136 2252 1172 eo
2293 1120 2476 1171 mundi
2513 1119 2809 1185 principem
2842 1132 2867 1167 a
2902 1117 3203 1182 principatu
3235 1127 3421 1169 extur-

1867 1218 2024 1266 hante
2054 1212 2342 1279 gaudebat,
2385 1210 2457 1260 ita
2493 1218 2544 1257 et
2577 1208 2810 1274 patiente
2861 1206 3163 1271 patiebatur
3212 1210 3331 1273 jure
3364 1213 3421 1256 tit

1867 1303 2033 1355 Mater
2065 1303 2304 1351 omnium
2336 1300 2444 1351 nati
2468 1297 2864 1356 amantissima,
2897 1296 3036 1345 sicut
3067 1304 3119 1345 et
3151 1295 3419 1361 virginum

1867 1392 2265 1444 florentissima.
2322 1388 2553 1438 Pertulit
2589 1387 2752 1451 igitur
2801 1385 3111 1437 charissimi
3161 1399 3424 1453 corpora-

1868 1486 1970 1535 lem
2006 1480 2427 1545 disiunctionem
2458 1478 2521 1530 ad
2554 1487 2788 1544 tempus,
2835 1492 2943 1528 non
2982 1478 3100 1529 sine
3133 1478 3417 1545 lacrymis:

1868 1572 2135 1642 gaudebat
2169 1578 2346 1620 tamen
2374 1584 2477 1619 una
2511 1583 2628 1618 rum
2655 1569 2745 1619 illo
2778 1576 3077 1618 revertente
3110 1569 3161 1619 in
3203 1568 3423 1631 castum,

1866 1672 1918 1714 et
1954 1678 2073 1712 eum
2105 1661 2192 1711 illo
2223 1659 2428 1709 vivebat
2466 1658 2660 1723 spiritu
2706 1657 3178 1722 conjunctissima,
3238 1668 3426 1725 utpom

1870 1752 2057 1814 Mater,
2107 1752 2246 1802 sicut
2276 1762 2327 1802 et
2377 1750 2462 1800 ille
2495 1765 2613 1798 eum
2646 1748 2799 1816 ipsa;
2826 1749 2952 1811 quin
2991 1748 3149 1800 etiam
3175 1749 3332 1800 simul
3364 1763 3425 1801 ac

1872 1850 1994 1892 nata
2026 1841 2145 1898 fuit,
2180 1840 2408 1891 dixerim
2452 1853 2667 1903 quoque
2705 1839 3032 1903 simulatque
3068 1847 3326 1905 concepta
3365 1838 3423 1891 Β.

188 1928 533 2021 etidebilius'
555 1962 735 2017 statim
772 1958 929 2027 plane
974 1953 1129 2007 cedat
1178 1945 1387 2000 fortiori
1430 1950 1591 2027 atque.
1640 1949 1751 1985 ma-
1793 1933 1832 1990 li
1874 1929 2059 1998 Virgo,
2090 1945 2186 1981 sua
2218 1931 2364 1979 illam
2401 1930 2569 1992 gratia
2606 1930 2878 1995 implebat,
2929 1928 3019 1996 qui
3061 1928 3164 1981 sibi
3193 1929 3428 1981 futuram

185 2060 320 2127 jori.
348 2058 484 2111 Cum
520 2056 633 2107 haec
669 2054 741 2104 ita
771 2052 902 2109 sint,
936 2043 1125 2114 quidni
1169 2014 1747 2094 dicemlmn'dolorem

191 2123 327 2205 tunc
356 2151 423 2202 ab
452 2148 542 2200 illa
581 2140 884 2196 vehementi
939 2134 1145 2195 laetitia,
1182 2145 1288 2199 qua
1321 2127 1408 2178 Dei
1439 2123 1605 2175 Mater
1629 2132 1752 2185 per-

190 2242 523 2296 fundebatur
560 2237 668 2289 vita
716 2231 1005 2289 excedens,
1038 2226 1203 2280 fuisse
1239 2212 1592 2284 absorptum?
1619 2208 1749 2261 Nam

194 2337 241 2389 si
298 2350 415 2402 qure.
468 2347 496 2383 a
538 2328 676 2382 Filio
726 2323 956 2391 reposita
1003 2318 1102 2373 sibi
1160 2320 1317 2368 erant
1368 2310 1420 2360 in
1469 2303 1606 2357 emlo
1637 2306 1754 2367 post

194 2431 365 2481 vitam
416 2426 557 2476 hanc
600 2416 846 2476 fruenda,
917 2413 1119 2464 habens
1179 2409 1439 2473 perpetuo
1488 2404 1754 2449 summam

195 2522 528 2584 voluptatem
605 2504 931 2580 percipiebat
971 2518 984 2552 :
1047 2514 1144 2551 cur
1192 2487 1605 2584 praiferenduin.
1648 2496 1756 2532 non

196 2574 349 2667 esset
399 2574 655 2659 omnibus
694 2574 835 2669 quod
899 2593 1043 2654 fecit,
1094 2597 1152 2641 ut
1184 2585 1363 2651 reipsa
1415 2576 1520 2630 frui
1572 2574 1758 2669 liceret

196 2703 311 2755 illis
352 2715 445 2767 pt‘r
475 2708 633 2749 omne
681 2687 893 2743 arvum?
922 2684 1037 2736 Iloc
1065 2691 1228 2731 unum
1272 2673 1348 2725 illi
1377 2674 1493 2722 erat
1520 2662 1759 2763 cordific

196 2755 370 2846 rebus
400 2785 654 2839 humanis
678 2782 806 2833 hinc
839 2774 1138 2832 discedere,
1169 2765 1311 2835 quod
1349 2777 1469 2814 cum
1502 2757 1569 2809 ab
1605 2755 1759 2805 initio

197 2883 454 2934 innatum
486 2868 813 2929 desiderium
844 2872 985 2921 esset
1008 2876 1103 2931 per
1131 2868 1296 2911 totam
1326 2854 1486 2904 vitam
1524 2859 1667 2902 vere,
1697 2855 1760 2944 ac

202 3245 351 3313 ptius
385 3242 687 3294 intuentem
740 3232 979 3285 animum
1010 3234 1269 3291 corporea
1303 3216 1461 3268 mole.
1485 3211 1631 3262 Adeo
1670 3217 1766 3257 cor

201 3305 330 3402 ejus
371 3332 475 3384 hoc
520 3323 791 3381 desiderio
818 3317 1154 3373 tabescebat,
1181 3321 1233 3365 ut
1270 3305 1488 3402 aboleri.
1510 3315 1614 3353 non
1648 3310 1769 3395 pos-

204 3390 295 3478 set
323 3439 335 3484 ;
367 3430 546 3473 ortum
570 3410 737 3485 porro
768 3408 899 3463 illud
929 3421 994 3458 eo
1033 3414 1273 3469 tempore
1304 3409 1411 3463 quo
1448 3390 1616 3485 Natus
1650 3390 1769 3451 ejus

206 3515 278 3567 ad
341 3512 553 3565 Patrem
580 3479 941 3561 ascenderat,
997 3493 1270 3547 caelestem
1331 3487 1474 3539 illam
1531 3479 1764 3531 animam

205 3614 487 3668 nunquam
514 3594 772 3649 deseruit.
796 3589 905 3642 lloc
931 3588 1091 3639 etiam
1116 3580 1219 3634 fuit
1251 3591 1387 3645 pons
1409 3574 1472 3625 ad
1498 3574 1778 3621 immorta-.

206 3696 318 3747 lein
348 3661 532 3741 vitam
592 3696 644 3739 et
684 3678 1147 3745 incorruptionem
1201 3671 1300 3732 illi,
1348 3680 1466 3732 qurc
1507 3661 1605 3713 fuit
1637 3669 1772 3724 pons

207 3780 459 3838 liberatis
486 3794 512 3829 a
575 3772 942 3840 corruptione.
995 3765 1118 3818 lites
1155 3762 1259 3814 fuit
1309 3756 1451 3812 scala
1486 3753 1547 3803 ad
1574 3748 1770 3801 Filium

208 3874 378 3928 sealte
408 3864 813 3924 ascendentium
848 3873 968 3913 cum
995 3855 1170 3909 salute
1192 3851 1257 3904 ad
1286 3864 1430 3907 eum,
1454 3845 1544 3911 qui
1575 3842 1771 3894 emtum

211 3966 379 4021 habet
409 3961 611 4019 sedem,
654 3964 707 4007 et
757 3965 914 4021 quem
947 3946 1112 4012 Virgo
1173 3940 1396 4007 peperit,
1439 3944 1490 3986 et
1532 3932 1772 3999 quicum

211 4052 402 4107 animo
460 4060 669 4111 semper
703 4039 1045 4096 versabatur,
1096 4031 1238 4099 quod
1268 4036 1323 4079 et
1356 4028 1471 4093 ipse
1499 4030 1773 4111 nunquam

212 4155 329 4194 nou
377 4136 589 4205 agebat,
649 4145 773 4184 nam
816 4134 939 4196 post
991 4122 1111 4189 ejus
1163 4121 1322 4172 etlam
1385 4121 1680 4205 ascensum.
1709 4103 1775 4156 ad

212 4196 637 4284 Patris‘sinum,
673 4219 815 4274 unde
845 4220 1065 4270 venerat
1088 4210 1152 4263 ad
1173 4224 1295 4267 nos,
1333 4202 1519 4256 Matris
1552 4196 1776 4266 spiritus

214 4320 386 4370 ab'eo
421 4325 693 4378 nunquam
749 4304 1006 4364 distabat,
1059 4301 1101 4353 si
1134 4298 1276 4351 enim
1322 4294 1412 4345 tibi
1464 4290 1775 4341 thesaurus.

217 4409 296 4460 ibi
336 4413 391 4459 et
425 4375 630 4462 σοι-,ιιι
671 4397 819 4450 illius
865 4402 946 4447 est
977 4386 1264 4447 sententia,
1312 4382 1400 4449 qui
1432 4375 1667 4445 Virginis
1697 4380 1780 4426 est

218 4500 542 4552 thesaurus,
604 4498 656 4540 et
713 4485 1001 4554 pretiosior
1058 4476 1272 4530 cunctis
1325 4466 1619 4526 thesauris,
1673 4476 1779 4526 qua

220 4586 440 4638 ratione
469 4594 575 4631 non
605 4552 749 4630 esset
792 4572 866 4624 illi
892 4569 1224 4635 coniunctus
1258 4558 1507 4613 Parentis
1534 4552 1777 4622 spiritus,

220 4688 347 4741 quae
379 4670 528 4721 illum
571 4677 735 4731 supra
766 4659 1125 4727 capacitatem
1160 4649 1358 4704 mentis
1390 4645 1619 4714 peperit,
1642 4641 1783 4741 sicut
1813 4650 1860 4707 ι)

220 4732 278 4816 et
340 4761 564 4827 spiritus
593 4756 713 4823 ejus
745 4766 867 4806 cum
910 4748 1020 4809 illa,
1070 4753 1127 4796 ut
1169 4756 1266 4796 nec
1305 4748 1547 4804 tempore
1576 4732 1760 4799 disjuo

220 4820 467 4922 geret-ur,
501 4861 600 4899 nec
624 4820 739 4898 ulla
774 4842 823 4893 vi
860 4852 1020 4893 casus
1047 4827 1492 4889 abstraheretur?
1524 4824 1586 4877 Et
1616 4823 1660 4877 si
1696 4820 1783 4875 uti

224 4948 368 5011 ipse,
395 4941 503 4993 illic
531 4938 699 4992 eritet
736 4934 1003 4993 minister,
1037 4927 1309 4997 quomodo
1338 4936 1443 4974 non
1473 4914 1782 4971 necessario

224 5032 446 5087 Mater?
475 5030 738 5085 Creterum
779 5026 967 5078 relicta
1002 5020 1103 5075 fuit
1129 5019 1182 5072 in
1220 5025 1385 5078 terra,
1415 5020 1470 5065 et
1518 5023 1642 5061 cum
1672 5019 1785 5060 suis

226 5139 340 5177 non
397 5130 483 5174 est
506 5118 725 5184 abrepta
778 5111 1100 5170 visceribus,
1160 5120 1281 5159 cum
1332 5098 1646 5153 ascenderet
1693 5104 1788 5160 per

225 5215 454 5273 nubem,
518 5223 586 5262 ne
629 5202 1057 5264 subducentibus
1090 5212 1209 5251 sese
1253 5199 1474 5260 repente
1525 5184 1784 5240 ambobus

227 5302 629 5370 discipulorum
682 5294 891 5354 oculis,
953 5290 1028 5344 illi
1092 5291 1375 5342 manerent
1429 5275 1784 5334 semimortui.

229 5368 424 5460 Nuper
450 5388 593 5443 enim
641 5383 960 5451 compactis,
992 5389 1047 5433 et
1077 5374 1430 5443 imperfectis,
1455 5369 1595 5438 quod
1623 5368 1781 5436 perli-

228 5485 387 5535 ciens
409 5478 643 5547 Spiritus
671 5474 904 5527 nondum
932 5472 985 5525 in
1009 5485 1103 5523 eos
1130 5467 1457 5525 advenisset,
1488 5462 1533 5515 si
1562 5470 1789 5525 utroque

230 5572 409 5626 orbati
450 5568 703 5631 fuissent,
737 5566 807 5620 ob
855 5566 929 5617 rei
954 5563 1241 5616 novitatem
1274 5558 1384 5610 vita
1415 5555 1519 5607 illis
1550 5551 1787 5604 acerbis-

230 5665 375 5718 sima
404 5662 516 5715 visa
559 5668 726 5721 esset,
774 5665 828 5710 et
858 5654 1088 5709 fortasse
1118 5652 1236 5708 sine
1263 5648 1456 5703 solatio
1506 5649 1784 5697 manentes

232 5755 399 5807 etiam
435 5750 656 5804 omnino
679 5747 1094 5816 desperassent;
1127 5751 1180 5796 at
1211 5742 1300 5794 illa
1340 5740 1637 5793 discessum
1662 5731 1784 5785 Filii

234 5842 517 5911 aegerrime
550 5854 731 5908 passa,
789 5845 847 5891 ut
878 5837 1101 5906 putatis,
1164 5834 1235 5886 ita
1275 5832 1420 5884 illum
1458 5839 1637 5883 tamen
1663 5826 1786 5879 tulit

1871 2021 2239 2088 prazstituerat
2286 2018 2531 2078 Matri-io,
2561 2021 2668 2070 itno
2706 2036 2831 2070 vero
2860 2034 2981 2070 cum
3022 2019 3108 2071 illa
3144 2031 3259 2073 erat
3293 2020 3428 2086 ipse,

1874 2121 2161 2176 antequam
2192 2120 2333 2163 esset
2360 2120 2479 2161 nata
2504 2128 2519 2173 ;
2545 2110 2743 2160 factum
2780 2112 2977 2176 quippe
3007 2120 3059 2162 et
3090 2122 3428 2176 compactura

1872 2208 1954 2251 est
1981 2199 2053 2249 illi
2088 2213 2286 2265 corpus
2309 2201 2644 2263 temporibus
2674 2200 2809 2261 suis,
2851 2209 2905 2250 ut
2936 2200 3174 2267 loquitur
3206 2199 3426 2263 Paulus,

1876 2289 1942 2341 de
1971 2289 2327 2356 sanguiuibus
2365 2290 2747 2351 lmmaculatm,
2780 2305 3054 2359 nunquam
3098 2301 3272 2344 tamen
3320 2306 3427 2344 non

1877 2377 1976 2429 fuit
2015 2380 2089 2430 illi
2124 2380 2467 2445 coniunctus,
2505 2381 2684 2431 statim
2717 2388 2878 2444 atque
2919 2381 2969 2431 in
3008 2382 3208 2434 sterilis
3241 2384 3430 2435 maliis

1880 2478 2034 2520 utero
2063 2470 2225 2535 (‘03pit
2257 2484 2395 2521 esse.
2441 2469 2549 2519 Cur
2580 2470 2719 2520 enim
2755 2470 2910 2522 aliter
2943 2471 3011 2522 sit
3048 2471 3432 2523 sentiendum?

1881 2574 2003 2610 nam
2040 2560 2084 2609 si
2120 2559 2375 2610 eximium
2411 2557 2670 2612 Joannem
2701 2560 2908 2612 scimus
2943 2562 2993 2618 in
3032 2572 3187 2613 utero
3216 2563 3427 2629 plenunt

1878 2660 2066 2699 saneto
2115 2650 2316 2714 Spiritu
2381 2651 2570 2709 fuisse,
2602 2665 2702 2702 cur
2732 2652 2869 2703 idem
2900 2651 2966 2704 de
3000 2653 3287 2718 purissima
3315 2652 3433 2706 Vir-

1878 2738 2001 2802 giue
2041 2755 2144 2788 non
2209 2741 2277 2789 sit
2329 2741 2521 2793 merito
2572 2739 2986 2794 aflirmandum?
3026 2743 3137 2797 Hoc
3182 2745 3280 2797 sibi
3319 2749 3433 2798 vult

1887 2827 2013 2877 illud
2072 2827 2361 2889 Gilltl'it‘iis,
2400 2830 2651 2881 Dominus
2710 2843 2871 2883 terum
2904 2849 2922 2885 .'
2948 2834 3087 2900 quod
3130 2837 3244 2903 ipse
3278 2838 3433 2890 docet

1880 2918 2260 2985 distinguendo
2292 2931 2502 2988 tempus
2537 2921 2588 2974 in
2622 2924 2762 2975 hunc
2798 2924 3013 2977 modum
3047 2942 3059 2975 :
3094 2942 3215 2978 nam
3243 2929 3431 2982 volens

1880 3006 2264 3075 Couceptionis
2300 3012 2516 3064 modum
2547 3013 2878 3065 intemerata
2912 3014 3116 3082 Virgini
3152 3017 3434 3072 declarare

1884 3097 2261 3166 interroganti,
2305 3110 2546 3170 tempore
2583 3119 2713 3155 usus
2760 3114 2840 3157 est
2879 3120 2985 3157 non
3024 3108 3297 3172 praesenti,
3344 3110 3437 3162 sed

1885 3187 2091 3253 futuro,
2116 3198 2169 3241 et
2187 3201 2432 3243 sanctum
2456 3193 2671 3259 quidem
2694 3193 2951 3261 Spiritum
2982 3210 3438 3263 superventurum

1807 3300 1851 3360 ρ
1884 3278 1936 3330 in
1984 3280 2153 3346 ipsam
2183 3320 2196 3342 ,
2232 3282 2489 3334 Altissimi
2516 3299 2639 3336 vero
2673 3285 2922 3339 virtutem
2971 3288 3438 3352 obumbraiuram,

1885 3369 1985 3435 ipsi
2022 3371 2343 3436 przedicebat
2377 3390 2389 3425 :
2418 3373 2704 3426 Salutaudo
2740 3387 2915 3428 autem
2940 3374 3438 3442 Virginem-aiebat,

1887 3460 2011 3519 Ave,
2051 3469 2103 3512 et
2133 3462 2299 3528 gratia
2329 3464 2538 3529 plenam
2583 3467 2880 3531 appellans,
2922 3477 2973 3517 et
3016 3469 3351 3520 lienedirtam
3385 3470 3440 3521 in

1888 3549 2224 3613 mulieribus,
2255 3554 2571 3619 pravdicans,
2616 3567 2868 3623 tauquam
2902 3573 3064 3624 super
3091 3560 3223 3610 alias
3243 3560 3438 3619 bonam

1888 3654 1950 3691 ex
1985 3638 2072 3697 iis.
2100 3656 2217 3704 quae
2252 3644 2347 3708 ipsi
2380 3644 2591 3695 inerant
2622 3646 2828 3697 laudem
2867 3661 3135 3712 pangetis;
3168 3663 3270 3698 non
3296 3647 3441 3698 enim

1888 3727 2054 3791 gratia
2081 3731 2288 3793 plenam
2322 3733 2473 3798 quasi
2527 3731 2787 3792 futuram,
2846 3735 2936 3785 sed
2991 3746 3045 3788 ut
3093 3736 3440 3788 exsistentem

1888 3818 2034 3882 quod
2091 3826 2223 3879 erat,
2285 3822 2594 3887 appellavit,
2649 3833 2702 3875 et
2762 3824 3098 3878 benedicram
3166 3820 3439 3889 salutavit,

1889 3907 2041 3971 quasi
2090 3909 2292 3962 diceret
2323 3910 2493 3964 :Cum
2525 3913 2694 3979 gratia
2737 3914 2811 3967 sis
2856 3915 3029 3980 plena,
3066 3929 3098 3966 ο
3124 3916 3304 3983 Virgo,
3339 3917 3444 3969 Do-

1891 3997 2064 4048 minus
2126 4008 2332 4061 tecum;
2398 4002 2519 4066 quia
2569 4019 2695 4055 vero
2742 4004 2889 4055 illum
2945 4006 3106 4057 iiabes
3137 4007 3187 4057 in
3240 4007 3441 4071 anima,

1890 4085 2157 4138 benedicta
2205 4104 2256 4140 es
2312 4090 2362 4140 t'tt
2399 4092 2727 4146 mulieribus.
2771 4093 2833 4145 Et
2866 4094 2978 4145 h:ec
3022 4095 3238 4156 quidem
3275 4097 3344 4147 ita
3385 4112 3443 4150 se

1892 4169 2128 4226 habent:
2157 4190 2276 4241 qua:
2318 4192 2447 4230 vero
2494 4191 2798 4246 sequuntur
2838 4181 2902 4233 ad
2945 4183 3124 4234 futura
3154 4174 3439 4250 ‘spectaut,

1896 4270 1945 4312 et
1971 4263 2258 4316 subsecuta
2275 4277 2401 4319 suut
2426 4283 2745 4322 consensum
2774 4272 2919 4339 prius
2948 4273 3216 4337 praebente
3240 4275 3442 4327 illibata

1893 4349 2111 4417 Virgine
2162 4356 2527 4422 gratissimum
2592 4358 2698 4412 Deo
2752 4377 2949 4416 munus
2998 4373 3052 4416 et
3092 4381 3195 4431 quo
3234 4366 3439 4418 nullum

1893 4442 2074 4506 potius
2104 4445 2282 4497 oﬂerri
2319 4457 2529 4514 poterat
2557 4467 2570 4513 ;
2605 4450 2732 4517 quid
2768 4453 2909 4504 enim
2938 4454 3011 4505 illi
3038 4466 3303 4521 aequetur,
3335 4472 3444 4524 quo

1892 4526 2034 4582 Deus
2072 4530 2318 4597 indiguit,
2377 4542 2433 4585 ut
2464 4550 2528 4587 eo
2574 4544 2835 4601 uteretur,
2870 4541 3024 4605 quasi
3068 4540 3436 4607 fundamento,

1893 4626 1947 4671 et
2005 4619 2118 4673 basi
2165 4624 2425 4689 mysterii,
2484 4640 2580 4693 per
2601 4628 2742 4693 quod
2777 4639 3035 4682 renovata
3077 4633 3257 4684 omnia
3298 4634 3438 4684 mul-

1894 4713 2056 4774 toque
2106 4711 2298 4763 melius
2354 4712 2673 4777 instaurata,
2719 4731 2878 4783 quam
2907 4718 3031 4770 olim
3076 4720 3443 4787 essent?quze

1897 4797 2238 4861 perspicuum
2278 4808 2360 4852 est
2396 4800 2465 4851 ita
2512 4806 2942 4868 esse,.qu0uiam
2998 4806 3159 4857 simul
3211 4821 3272 4859 ac
3328 4809 3441 4873 ipsa

1896 4897 2015 4936 sese
2048 4896 2237 4951 sponte
2270 4888 2486 4951 obtulit,
2511 4901 2562 4943 et
2593 4902 2842 4958 prompto
2869 4894 3047 4946 animo
3075 4895 3185 4946 lieri
3215 4898 3440 4963 Optavit,

1894 4974 2037 5038 quod
2085 4975 2192 5028 Deo
2224 4978 2476 5042 placitum
2526 4992 2660 5043 erat,
2719 4981 2869 5045 Ecce,
2924 4983 3196 5050 inquiens,
3250 4987 3443 5038 ancilla

1900 5061 2133 5125 Domini,
2170 5066 2262 5130 ﬁat
2296 5067 2422 5119 milii
2450 5071 2733 5123 secundum
2760 5073 2964 5123 verbum
2991 5083 3158 5136 tuum,
3189 5072 3443 5137 benepla-

1898 5153 2009 5203 cito
2074 5155 2243 5209 Patris
2292 5160 2620 5225 cooperante
2672 5161 2899 5229 Spiritu,
2961 5163 3444 5216 cousubstantialis

1898 5240 2024 5305 illis,
2053 5253 2374 5308 comternus,
2414 5258 2467 5301 et
2498 5259 3009 5316 contemporaneus,
3042 5249 3182 5302 Deus
3210 5249 3443 5303 Verbum

1900 5345 2219 5401 conceptum
2251 5337 2303 5387 in
2334 5348 2484 5390 utero
2517 5337 2752 5406 Virginis
2792 5354 2896 5390 non
2934 5347 3167 5404 expertze
3200 5339 3442 5405 nuptias,

1904 5424 2071 5476 induit
2127 5427 2265 5479 hanc
2317 5438 2556 5481 nostram
2585 5430 2937 5481 substantiam
2983 5428 3099 5479 sine
3130 5429 3288 5481 sorde
3318 5443 3445 5495 pro-

1907 5514 2084 5576 diens,
2116 5530 2236 5582 quae
2268 5531 2391 5569 cum
2440 5527 2712 5585 assumpta
2767 5526 2981 5580 natura,
3013 5515 3149 5569 duas
3179 5532 3282 5568 non
3314 5530 3444 5569 con-

1902 5604 2134 5659 fundens
2164 5616 2386 5661 naturas
2410 5620 2701 5671 creantem,
2734 5616 2786 5660 et
2807 5618 3062 5670 creatam,
3102 5622 3265 5658 unum
3302 5610 3446 5672 quod

1903 5698 2126 5760 exstitit,
2179 5701 2476 5752 secundum
2520 5700 2846 5768 hypostasim
2884 5699 3138 5752 deificans
3182 5698 3321 5765 quod
3360 5714 3449 5749 as-

1912 5790 2159 5858 snmpsit,
2192 5806 2392 5858 perque
2439 5791 2564 5843 illud
2608 5790 2821 5844 salvans
2870 5787 3172 5842 universam
3215 5803 3446 5841 massam
