4202 6444
810 395 871 451 ‘3'J
1964 398 2358 456 MlNliELS
2406 406 2469 457 Pii

2406 406 2482 459 "ft
2501 404 2839 464 [ιςῐῗωῖῸεἨ
3935 417 4028 477 ltiti

818 504 964 558 velut
1016 506 1067 558 in
1136 506 1419 559 fermento.
1467 507 1513 559 0
1572 511 1998 576 n‘agnitudtnem
2031 519 2281 580 puritatis
2319 522 2371 573 in
2410 514 2448 571 Λ
2483 528 2604 571 nata
2660 532 2775 571 erat
2805 535 2900 571 vas
2938 520 3151 587 plenum
3185 521 3592 587 benedictionis,
3631 524 3693 577 de
3725 541 3826 593 qua
3860 532 4021 593 prima

818 594 907 648 Dei
952 597 1139 657 Matre.
1186 599 1255 650 ob
1294 613 1453 666 quam
1490 600 1713 653 Creator
1759 605 1877 669 ejus
1913 605 2233 670 dedignatus
2266 625 2371 663 non

812 696 915 745 est.
958 688 1008 738 iu
1041 695 1248 750 ventre,
1288 704 1447 755 quem
1510 691 1847 755 condiderat,
1895 693 2117 748 formari
2154 700 2164 749 ι
2199 698 2241 750 Ο
2279 714 2373 765 ge-

815 793 1067 830 nerosum
1100 792 1315 830 sensum
1358 780 1410 831 in
1447 782 1618 848 puclla
1650 782 1784 835 adeo
1810 791 1992 837 tenera
2020 788 2031 839 !
2059 788 2102 838 0
2133 791 2370 841 animum

815 868 866 917 in
902 868 1148 920 muliebri
1178 883 1406 938 corpore
1438 871 1829 926 immutabilem
1866 876 1877 927 l
1913 874 2049 940 Quid
2083 881 2228 931 enim
2259 884 2371 933 sin-

812 957 1011 1019 cerius,
1040 959 1246 1023 purius,
1272 964 1587 1028 generosius
1614 966 1790 1018 anima
1825 968 2200 1021 salutationem
2234 973 2373 1025 lianc

816 1049 1076 1103 arbitrata
1140 1066 1245 1103 non
1299 1050 1717 1120 fraudulentam,
1783 1059 1875 1109 sed
1946 1062 2198 1114 credente
2256 1063 2368 1115 fieri

815 1146 974 1197 posse
1030 1137 1293 1189 materiali
1326 1148 1515 1193 ventre
1569 1145 1772 1209 suscipi
1816 1155 1985 1197 totum
2024 1148 2203 1216 fulgur
2235 1151 2374 1203 divi-

816 1223 1022 1285 nitatis,
1059 1226 1357 1296 eodemque
1413 1242 1654 1300 tempore
1690 1233 1924 1288 Verbum
1956 1239 2073 1289 sine
2108 1242 2371 1308 temporis

815 1314 1081 1381 principio
1102 1317 1154 1369 in
1175 1320 1297 1372 sinu
1313 1312 1501 1374 'Patris
1532 1324 1799 1392 principio
1836 1327 2075 1379 carentis
2109 1329 2372 1382 exsistere

816 1415 976 1471 atque
1013 1407 1067 1458 in
1102 1408 1261 1476 ltujus
1293 1414 1574 1478 temporali
1610 1422 1763 1467 utero
1785 1417 2022 1483 geSIari?
2051 1416 2277 1484 Horum,
2309 1431 2371 1473 ιιι

816 1510 931 1548 mea
965 1496 1063 1549 fert
1093 1500 1299 1566 opinio,
1333 1516 1495 1555 eausa
1536 1514 1618 1556 est
1653 1506 1981 1573 assignanda
2015 1507 2103 1559 Rei
2141 1508 2371 1562 Genitri-

815 1585 893 1638 cis
950 1590 1303 1653 conscientia,
1363 1608 1482 1660 qua:
1538 1602 1747 1648 tantum
1806 1597 2046 1650 animum
2102 1600 2368 1667 addebat;

819 1677 930 1729 fieri
956 1680 1097 1732 enim
1140 1698 1242 1735 non
1280 1694 1509 1751 poterat,
1543 1700 1603 1737 ea
1632 1689 1918 1753 puritatem
1949 1707 2052 1743 non
2093 1702 2369 1758 servante,

813 1778 862 1821 et
910 1773 1282 1825 accredentem
1326 1790 1433 1827 non
1473 1777 1747 1843 prmbente
1780 1780 2207 1847 animositatem,
2254 1804 2371 1840 ma-

2482 627 2678 676 parens
2725 614 2999 666 exciderat
3057 622 3109 665 et
3147 630 3305 682 quam
3343 617 3439 682 ipsi
3480 618 3689 670 Gabriel
3739 633 3765 671 a
3822 635 4025 671 Sllﬂlttm

2482 700 2592 752 Deo
2655 702 2997 756 nuntiaverat
3042 718 3163 756 esse
3231 707 3453 757 omnino
3500 709 3709 774 qualem
3773 710 4019 761 diximus.

2481 792 2681 856 Quidni
2715 794 2861 844 enim
2913 811 3054 858 eam,
3089 812 3207 865 qttre
3241 798 3323 849 sui
3360 808 3545 866 partus
3577 802 3812 853 novitate
3842 804 4023 854 salutis

2478 881 2560 932 sui
2619 883 2833 949 generis
2898 886 3143 937 ministra
3199 884 3317 948 fuit,
3356 903 3478 939 eum
3512 888 3665 955 plane
3710 892 4019 957 p:a:tinitunt

2479 982 2627 1025 esset
2684 983 2808 1027 ante
2861 976 3185 1042 produetum
3240 976 3380 1030 bunc
3430 980 3708 1042 mundum,
3741 993 4019 1046 antequam

2482 1078 2669 1119 essent
2728 1070 2955 1136 angelici
3021 1071 3262 1131 ordines,
3330 1072 3433 1124 hoc
3484 1083 3721 1142 tempore
3780 1071 4017 1142 impleri?

2476 1158 2843 1214 Conveniebat
2878 1163 3062 1226 etiam,
3110 1166 3364 1223 arbitror.
3407 1166 3612 1219 Patrem
3664 1182 3876 1234 quoque
3910 1167 4021 1220 Filii

2478 1258 2753 1315 pet-petum
2810 1249 3048 1319 Virginis
3102 1253 3525 1308 incarnationem
3586 1258 3666 1310 sui
3731 1271 3793 1310 ac
3844 1257 4018 1311 Matris

2480 1336 2757 1403 linigeniti
2815 1356 2913 1394 suo
2983 1346 3369 1408 comprobante
3438 1346 3789 1414 beneplacito,
3855 1350 4015 1417 ipsum

2478 1440 2737 1495 prasterea
2775 1432 2866 1498 qui
2929 1434 3357 1488 incarn-stionem
3407 1438 3572 1491 obivit
3612 1437 3844 1492 Verbum
3879 1441 4018 1507 geni-

2476 1519 2613 1571 toris
2648 1522 2799 1589 puris
2830 1522 3034 1575 editum
3070 1524 3136 1577 de
3185 1526 3502 1587 visceribus,
3541 1543 3743 1582 necnon
3800 1531 4018 1582 sanctis—

2477 1610 2675 1661 simum
2697 1620 2750 1663 et
2780 1612 3135 1679 perfectionis
3169 1617 3477 1684 largitorem
3511 1618 3787 1684 Spiritum,
3816 1622 4013 1672 beatam

2477 1698 2684 1753 videlict
2707 1711 2725 1753 t
2749 1702 3094 1768 Ttinitatem,
3139 1708 3359 1762 conscia
3392 1709 3552 1761 etiam
3586 1708 3802 1778 Virgine
3834 1726 4012 1763 asseu-

2477 1806 2709 1859 sutnque
2748 1794 3024 1860 praebente
3052 1798 3366 1864 mysterium
3392 1798 3642 1866 perﬁcere
3666 1800 4015 1867 benignitatis.

811 1874 970 1925 gnum
1036 1860 1137 1915 ltoc
1196 1879 1354 1931 opus,
1415 1874 1466 1918 ct
1520 1883 1844 1932 generosum
1887 1874 1954 1925 ab
1987 1890 2048 1927 ea
2086 1879 2363 1943 praestari:
2397 1880 2444 1939 B
2474 1891 2529 1934 et
2565 1884 2791 1951 justitiae
2840 1886 3083 1959 plenum,
3110 1860 3193 1941 -ιιι
3231 1899 3283 1942 et
3331 1891 3548 1945 libertas
3597 1893 3798 1945 arbitrii
3854 1893 4012 1945 locum

808 1968 975 2015 quare
1005 1961 1058 2007 et
1089 1956 1247 2007 verba
1280 1958 1412 2018 ipsa,
1465 1960 1661 2026 quibus
1699 1976 1793 2014 usa
1826 1971 1908 2016 est
1950 1969 2230 2030 perspicue
2275 1986 2370 2025 os-

810 2043 1062 2105 tendunt,
1112 2047 1280 2112 ipsam
1330 2064 1387 2102 se
1448 2066 1552 2103 non
1588 2052 1861 2122 indignam
1901 2065 2049 2108 tanto
2092 2059 2368 2125 judicasse

813 2136 1096 2199 beneficio,
1140 2149 1197 2191 ιιι
1247 2141 1431 2201 \later,
1494 2144 1733 2211 inquam,
1775 2147 1895 2213 ejus
1944 2151 2093 2205 fieret
2124 2155 2212 2220 qui
2246 2165 2365 2207 stu-

815 2227 1044 2291 pendum
1082 2229 1181 2281 hoc
1230 2244 1369 2297 opus
1402 2233 1670 2298 patrabat.
1701 2234 1840 2299 Non,
1879 2253 1987 2290 non
2032 2240 2102 2291 sit
2138 2240 2364 2302 Manum.

812 2330 915 2366 non
956 2314 1180 2380 Danieli,
1205 2334 1516 2386 quanquam
1541 2324 1605 2375 de
1631 2324 1842 2380 visione
1864 2342 2051 2380 eorum
2076 2330 2204 2398 quid
2236 2347 2365 2385 sen-

811 2406 1053 2459 tiendum
1089 2411 1294 2467 nescio.
1329 2412 1371 2463 si
1417 2424 1668 2469 accurate
1704 2420 2100 2483 consideretur,
2132 2435 2222 2476 aut
2254 2440 2365 2493 quo

812 2497 1026 2549 tandem
1055 2500 1213 2551 modo
1235 2501 1297 2554 ad
1333 2502 1454 2555 illos
1485 2509 1778 2560 accesserit
1803 2510 1891 2574 qtti
1915 2516 2183 2579 apparuit.
2206 2513 2366 2570 Certe

811 2603 916 2639 tton
964 2589 1255 2641 obscurum
1289 2600 1391 2653 est,
1426 2594 1524 2660 ipsi
1574 2607 1732 2661 atque
1760 2597 1863 2651 illis
1890 2614 1994 2651 non
2019 2617 2171 2670 aeque
2201 2618 2368 2672 appa-

810 2678 984 2730 ruisse
1021 2678 1259 2732 babittttn
1298 2693 1348 2734 et
1389 2683 1729 2749 splendorem
1763 2690 2086 2755 angelicum.
2123 2694 2279 2747 sicuti
2316 2706 2368 2749 et

809 2770 1134 2835 colloquium
1168 2786 1290 2824 cum
1316 2772 1374 2828 Β.
1400 2775 1619 2839 Virgine
1646 2793 1749 2831 non
1774 2780 2015 2845 ejusdem
2037 2794 2153 2836 erat
2192 2785 2367 2841 honos

812 2859 905 2919 ris,
938 2860 1093 2927 cujus
1128 2872 1180 2914 et
1207 2879 1481 2920 sermones
1512 2869 1677 2921 Itabiti
1719 2885 1843 2923 cum
1892 2873 2022 2937 illis;
2073 2874 2362 2943 siquidem,

814 2949 859 2999 is
879 2950 1029 3013 dixit,
1064 2951 1349 3021 Periimus,
1377 2956 1540 3011 Deum
1558 2959 1815 3027 vidimus,
1851 2963 2078 3019 alterum
2105 2983 2231 3021 vero
2254 2970 2369 3025 fere

812 3040 1007 3095 defecit
1061 3045 1294 3107 animus,
1336 3059 1654 3115 penetrante
1688 3054 1943 3107 nimirum
1990 3056 2185 3112 timore
2210 3058 2363 3116 dere-

816 3146 970 3199 pentc
1016 3134 1067 3186 in
1101 3152 1295 3190 sensus
1338 3139 1573 3203 intimos,
1600 3152 1652 3195 et
1682 3144 1784 3197 nisi
1820 3148 1888 3199 ab
1916 3156 2150 3216 utroque
2185 3166 2366 3205 reces-

813 3222 972 3275 sisset
1004 3226 1164 3278 citius
1204 3229 1377 3279 visum
1415 3229 1543 3285 illud
1587 3235 1895 3297 insolitum,
1935 3237 2169 3293 fortasse
2202 3242 2362 3296 vita'u
2401 3248 2444 3307 C

816 3322 1038 3382 uterque.
1086 3317 1347 3370 citissime
1383 3322 1746 3376 terminasset.
1804 3324 1936 3379 Nam
1995 3340 2049 3380 et
2074 3346 2263 3385 omnes
2309 3332 2365 3386 in

815 3406 1126 3459 universum
1180 3419 1449 3477 quotquot
1495 3398 1799 3469 visionibus
1838 3417 2041 3486 dignati
2094 3432 2238 3483 sunt,
2276 3438 2364 3477 ea-

816 3494 935 3545 dem
959 3497 1099 3562 passi
1133 3507 1279 3561 sunt,
1311 3516 1428 3565 qute
1459 3510 1510 3554 et
1542 3503 1628 3555 isti
1653 3521 1666 3567 ;
1691 3516 1743 3558 at
1776 3504 1935 3574 Virgo
1957 3510 2168 3564 turbata
2192 3513 2365 3580 primo

812 3585 861 3638 in
900 3601 1173 3649 sermone,
1202 3592 1375 3656 inquit
1407 3608 1420 3643 :
1453 3607 1559 3644 non
1601 3594 1742 3647 enim
1785 3607 1841 3649 ut
1876 3600 1950 3651 illi
1982 3602 2051 3653 ob
2082 3614 2361 3670 aspectum

812 3676 1010 3740 angeli,
1054 3676 1210 3744 idque
1244 3691 1297 3733 ιιι
1326 3697 1393 3734 ne
1427 3684 1720 3746 videretur,
1758 3699 1956 3755 quanta
1991 3708 2075 3745 res
2108 3706 2252 3748 esset
2280 3712 2363 3749 sa-

814 3765 1021 3827 lutatio,
1048 3768 1327 3835 ignorare;
1361 3788 1482 3825 mox
1527 3790 1644 3827 sese
1673 3776 1866 3830 obtulit
1900 3779 2085 3847 Opifici
2120 3783 2222 3837 fide
2252 3786 2353 3837 sin-

812 3856 1090 3909 cerissima
1139 3860 1372 3926 plenam,
1437 3874 1494 3916 ιιι
1527 3867 1823 3921 materialis
1869 3880 2051 3924 venter
2094 3876 2372 3942 exciperet

813 3944 984 4012 ignem
1018 3947 1447 4023 intmaterialetn.
1480 3952 1748 4017 Quantum
1780 3973 1903 4011 vero
1940 3961 2039 4013 boc
2071 3974 2175 4023 est,
2218 3966 2361 4032 quod

812 4049 919 4088 non
976 4036 1112 4089 Deus
1156 4051 1276 4107 agat
1324 4057 1442 4108 quae
1492 4059 1655 4111 supra
1721 4057 1963 4102 naturain
2007 4061 2059 4105 et
2101 4055 2359 4109 rationem

812 4136 957 4187 sunt,
1002 4143 1191 4193 magna
1246 4146 1331 4183 res
1384 4142 1488 4193 est,
1538 4150 1658 4185 nam
1701 4146 1752 4189 et
1786 4153 1963 4191 rerum
2012 4153 2256 4196 naturam
2311 4155 2363 4198 et

815 4214 1073 4269 rationein
1106 4219 1217 4286 ipse
1246 4222 1506 4277 condidit.
1530 4226 1597 4276 At
1629 4224 1901 4295 Virginem
1940 4247 1998 4282 se
2029 4234 2358 4288 conﬁdenter

814 4302 1078 4359 obtulisse
1117 4310 1273 4361 talem
1312 4313 1611 4367 ministram
1641 4327 1690 4370 et
1741 4320 1917 4373 verbis
1946 4322 2213 4378 Gabt‘ielis
2262 4327 2358 4377 Ita-

815 4392 995 4447 buisse
1015 4397 1193 4458 fidem.
1225 4416 1309 4454 res
1330 4412 1411 4455 est
1443 4404 1598 4470 plane
1619 4409 1857 4461 omnium
1888 4413 2140 4466 maxima.
2170 4414 2351 4467 Osten-

812 4480 887 4532 dit
906 4482 1063 4547 igitur
1087 4501 1143 4538 se
1163 4487 1330 4555 ipsam
1356 4489 1460 4543 Deo
1484 4495 1846 4560 gratissimam
1867 4499 2046 4563 Virgo,
2067 4503 2191 4553 dum
2218 4503 2360 4570 quod

814 4571 1027 4639 utrique
1065 4584 1381 4631 naturarum
1425 4597 1581 4647 posse
1607 4600 1664 4635 et.
1694 4586 1922 4652 ttingere
1975 4589 2189 4643 dillicile
2243 4606 2352 4645 cre-
2395 4601 2441 4658 D

810 4660 922 4713 ditu
951 4672 1052 4724 est,
1132 4667 1245 4733 ipsa
1302 4670 1368 4722 de
1415 4685 1473 4723 se
1518 4676 1684 4725 cred‘t
1726 4690 1789 4728 ac
1834 4678 1899 4729 de
1934 4676 2062 4740 Deo,
2096 4682 2360 4735 creaturis

809 4756 1180 4821 excelsiorem,
1230 4776 1352 4813 cum
1418 4771 1594 4815 tamen
1644 4776 1892 4818 creatura
1949 4780 2091 4822 esset
2137 4780 2188 4820 et
2221 4772 2356 4839 ipsa.

812 4842 995 4911 Itaque
1044 4861 1168 4898 cum
1204 4852 1369 4901 multa
1398 4863 1448 4904 et
1483 4868 1670 4919 magna
1708 4856 1839 4917 sint,
1869 4873 1988 4920 qua:
2020 4859 2106 4911 Dei
2138 4858 2355 4913 Matrem

812 4933 957 4986 illam
994 4934 1258 5001 fecerunt,
1284 4941 1486 4992 nullum
1522 4954 1603 4994 est
1643 4945 1766 4997 buic
1792 4948 2048 4998 oblationi
2074 4951 2357 5015 prmferen-

811 5022 977 5076 dum:
1012 5028 1153 5093 qttod
1207 5029 1331 5082 inde
1378 5032 1577 5096 liquet;
1616 5049 1738 5085 nam
1783 5052 1955 5103 neque.
2002 5038 2358 5107 arrltangelus

812 5116 1073 5177 asCentlit,
1130 5131 1231 5169 nec
1283 5117 1424 5173 Deus
1477 5122 1762 5176 descendit
1808 5134 1865 5177 ut
1917 5127 2192 5193 praefixum
2234 5139 2357 5182 ante

813 5204 1007 5255 szecula
1070 5208 1384 5272 mysterium
1434 5210 1499 5261 ad
1562 5209 1719 5263 linem
1764 5228 1857 5276 pro
1912 5216 2084 5268 salute
2117 5219 2354 5269 Omnium

814 5294 1151 5358 perduceret.
1207 5298 1309 5349 nisi
1364 5310 1649 5365 postquam
1691 5301 2005 5355 admiranda
2064 5307 2151 5358 illa
2196 5308 2354 5360 νοινιιει

813 5399 874 5433 ex
916 5385 1033 5451 ejus
1066 5400 1159 5439 ore
1198 5388 1403 5452 prolata
1439 5397 1587 5447 sunt,
1617 5401 1665 5442 ct
1695 5392 1817 5457 jure
1844 5395 2061 5457 quidem
2103 5398 2304 5462 optimo
2341 5415 2352 5449 :

814 5474 1092 5538 oportebat
1134 5476 1274 5526 enim
1338 5478 1681 5541 purissimam
1741 5478 2035 5549 Virginem,
2086 5488 2242 5551 cujus
2306 5496 2359 5539 et

812 5563 991 5615 anima
1021 5573 1073 5615 et
1123 5578 1320 5631 corpus
1343 5568 1490 5618 omni
1532 5567 1649 5621 labe
1687 5572 1967 5635 carebant,
2003 5589 2120 5641 qua:
2151 5592 2254 5628 una
2290 5577 2357 5629 ab

814 5653 958 5703 omni
993 5655 1292 5707 aiteruitz-te
1334 5656 1473 5708 inter
1517 5657 1763 5713 homines
1807 5663 2089 5717 sublimior
2127 5668 2352 5728 exstitit,

814 5747 977 5797 Veteri
1021 5746 1324 5812 maledico,
1358 5760 1409 5800 et
1441 5751 1674 5805 humano
1702 5754 1878 5821 generi
1918 5770 2113 5822 rotet-0,
2148 5768 2203 5811 ιιι
2234 5774 2353 5826 qua:

2480 1976 2727 2039 haberet,
2757 1989 2811 2032 et
2842 1981 2983 2032 nulla
3021 1997 3247 2048 prorsus
3286 1983 3637 2038 intercederet
3667 1985 3932 2044 violentia.
3954 1999 4011 2037 ex

2477 2082 2585 2134 quo
2627 2084 2726 2122 nec
2753 2086 2984 2139 serpens
3020 2076 3276 2143 antiquus
3308 2091 3451 2129 assut
3477 2085 3561 2130 tus
3592 2076 3877 2130 calumniis
3902 2089 4013 2145 pos-

2477 2170 2562 2215 set
2597 2162 2697 2215 lioc
2724 2164 3067 2229 insimulare,
3103 2182 3166 2220 ac
3206 2168 3367 2221 veluti
3397 2177 3574 2221 notam
3610 2169 3891 2236 quamdam
3919 2170 4011 2221 im-

2476 2256 2701 2324 pingere
2742 2257 3087 2329 benignitati,
3132 2270 3186 2314 et
3215 2260 3443 2329 justitias
3488 2261 3597 2323 Dei,
3633 2262 3771 2330 quod
3807 2270 4009 2329 operata

2474 2357 2620 2399 esset
2654 2349 2968 2416 mysterium
3006 2352 3141 2404 citra
3178 2366 3501 2405 consensum
3536 2351 3879 2405 immacnlata:
3901 2351 4014 2402 \‘ir-

2475 2440 2653 2507 ginis;
2699 2442 2963 2496 clamaret
2991 2444 3159 2505 enim,
3186 2444 3477 2497 convenire
3507 2446 3610 2497 Deo
3635 2443 3829 2496 nemini
3858 2444 4011 2497 bene-

2477 2530 2656 2586 facere
2713 2534 2941 2595 nolenti,
2992 2550 3089 2589 nec
3138 2534 3277 2588 dona
3316 2551 3409 2602 per
3460 2537 3562 2587 vim
3586 2534 3826 2589 conferre
3855 2550 3870 2597 ;
3900 2548 4013 2586 esse

2473 2624 2619 2676 enim
2651 2640 2879 2693 prorsus
2923 2627 3035 2679 bare
3092 2626 3165 2679 illi
3220 2627 3435 2680 inimica
3489 2633 3542 2680 et
3589 2626 3793 2678 odiosa.
3828 2622 4009 2676 Verum

2474 2717 2675 2770 dixerit
2708 2717 2846 2772 forte
2879 2721 3148 2786 quispiam
3184 2720 3267 2773 vir
3310 2720 3477 2773 scitus
3508 2718 3725 2787 alterius
3765 2716 3874 2770 hree
3899 2730 4013 2769 esse

2477 2810 2806 2867 festivitatis.
2876 2813 3291 2882 Respondemus
3343 2829 3355 2863 :
3406 2810 3639 2864 Alterius
3695 2810 3943 2877 quidem,
3983 2822 4013 2857 o

2476 2906 2668 2966 amice,
2704 2921 2810 2960 non
2835 2915 3014 2959 tamen
3040 2908 3249 2968 alicnte,
3287 2904 3381 2958 sed
3403 2904 3647 2957 maxima!
3682 2902 3802 2954 huic
3827 2900 4012 2960 afﬁnis.

2474 3013 2598 3053 nam
2624 3013 2884 3053 connexa:
2920 3008 3049 3052 sunt
3082 2998 3223 3051 inter
3252 3012 3310 3051 se
3349 2996 3600 3056 invicem,
3623 3002 3675 3047 et
3697 2994 3859 3047 altera
3886 3007 4010 3061 pcn-

2472 3091 2564 3146 det
2592 3093 2843 3146 abaltera
2871 3092 3149 3162 cujusdam
3185 3091 3354 3144 instar
3389 3098 3585 3141 catenae
3612 3101 3789 3140 revera
3815 3102 4009 3139 aurea}:

2472 3185 2672 3255 quippe
2686 3200 2806 3253 quae
2831 3186 3035 3253 pariter
3058 3185 3403 3239 celebrantur
3421 3182 3483 3235 ad
3509 3181 3726 3250 gloriam
3753 3178 4006 3245 gloriosae.

2475 3274 2594 3329 Non
2649 3291 2782 3344 ergo
2835 3286 2893 3328 ut
2930 3276 3178 3330 indomiti
3222 3275 3344 3343 equi
3394 3274 3613 3334 faciunt,
3665 3271 3902 3338 divagata

2474 3366 2671 3431 oratio,
2713 3380 2823 3435 quo
2858 3381 2965 3419 non
3014 3364 3267 3427 debebat,
3301 3364 3392 3417 sed
3428 3362 3552 3414 illuc
3584 3360 3767 3419 tendit,
3802 3372 3905 3427 quo
3938 3356 4013 3407 di—

2476 3459 2671 3529 rigitur
2703 3466 2719 3510 ξ
2755 3473 2877 3510 nam
2944 3457 3045 3511 etsi
3089 3457 3205 3509 visa
3237 3464 3317 3509 est
3350 3453 3575 3521 digredi,
3610 3461 3785 3503 tamen
3826 3450 3876 3501 in
3916 3448 4011 3499 illis

2475 3561 2613 3613 erat,
2642 3566 2737 3620 per
2775 3564 2896 3617 quae
2924 3548 3277 3610 inferebatur,
3307 3547 3448 3615 quod
3482 3544 3812 3603 volebamus,
3841 3539 4012 3593 ethoc

2478 3644 2550 3696 ita
2579 3658 2700 3696 esse
2733 3641 3045 3695 ostendam.
3080 3639 3219 3704 Quid
3247 3638 3412 3706 igitur
3440 3652 3504 3689 ex
3537 3635 3619 3688 bis
3648 3627 4013 3686 concluditur?

2480 3734 2660 3796 lllttm,
2693 3750 2853 3804 quem
2911 3734 3069 3787 beata
3105 3730 3271 3797 Virgo
3305 3730 3424 3783 sine
3472 3728 3585 3781 viro
3635 3723 3855 3793 peperit,
3893 3736 4013 3774 con-

2471 3828 2723 3893 junctum
2760 3826 2834 3878 illi
2894 3838 3107 3892 semper
3142 3822 3310 3875 fuisse
3354 3820 3559 3871 intime.
3594 3817 3658 3870 Et
3699 3814 3823 3883 quid
3858 3810 4013 3865 inde?

2476 3919 2633 3984 Quod
2668 3918 3004 3985 ipsissimttm
3058 3914 3338 3982 gaudium,
3364 3909 3581 3967 Filium,
3615 3908 3848 3973 inquam,
3883 3916 4013 3999 senio

2478 4026 2572 4079 per
2606 4009 3001 4062 inhabitantetn
3046 4005 3098 4056 in
3150 4018 3207 4057 se
3261 4002 3467 4055 habens
3497 3991 4014 4091 suum—cumgaudio

2476 4101 2727 4169 spiritum
2763 4098 3018 4150 manibus
3053 4093 3173 4161 ejus
3203 4088 3614 4146 coonneudavit.
3650 4084 3712 4137 Et
3737 4084 3780 4136 si
3807 4084 3924 4181 haec
3947 4084 4011 4181 ita

2476 4208 2535 4246 se
2568 4193 2791 4250 habent,
2824 4191 2875 4243 id
2909 4189 3053 4258 quod
3090 4194 3280 4238 omnes
3320 4194 3446 4250 puto
3472 4181 3843 4233 aﬂirmaturos.
3878 4176 4011 4275 dig-ni

2478 4298 2679 4337 sumus
2732 4282 2911 4338 venia.
2978 4279 3120 4347 quod
3155 4276 3331 4329 simile
3362 4273 3486 4340 quid
3529 4271 3679 4324 nobis
3717 4270 4012 4335 contigetit,

2478 4383 2641 4439 atque
2669 4372 2769 4430 illi,
2802 4372 2892 4440 qui
2928 4371 3067 4423 forte
3099 4370 3149 4419 in
3185 4374 3392 4434 pratum
3418 4362 3655 4429 eujusvis
3693 4362 3899 4428 generis
3930 4354 4015 4406 ﬂu-

2475 4465 2627 4518 ribus
2669 4471 2922 4517 ornatum
2966 4459 3263 4528 profectus,
3298 4457 3424 4507 dum
3459 4456 3612 4506 vellet
3647 4466 3805 4505 unum
3831 4448 4012 4515 legere,

2474 4556 2544 4608 ab
2567 4557 2672 4608 alio
2697 4556 2910 4608 illectus
2946 4553 3096 4603 illum
3137 4548 3428 4615 decetpsil,
3471 4546 3640 4597 victus
3674 4542 3920 4593 nimirum
3952 4538 4014 4585 ab

2474 4649 2594 4716 ejus
2641 4644 3051 4712 pulchritudine
3075 4651 3127 4695 et
3162 4640 3480 4706 fragrantia.
3514 4636 3636 4687 Scio
3674 4640 3889 4684 da'uros
3919 4644 3975 4677 ve

2475 4741 2621 4793 niam
2653 4754 2838 4805 aequos
2874 4737 3174 4797 auditores,
3213 4733 3256 4785 si
3296 4746 3481 4799 parum
3550 4726 3771 4794 digressi
3796 4814 3803 4820 I
3833 4734 4011 4820 sumtis

2475 4830 2752 4885 amatoria
2788 4826 3075 4897 prmsentis
3134 4822 3488 4878 celebritatis.
3529 4827 3582 4872 et
3637 4820 3699 4867 iis
3756 4812 4010 4869 dicendis,

2476 4936 2596 4991 quae
2648 4921 2713 4973 ad
2786 4934 2948 4971 unam
2992 4918 3163 4985 ipsam
3232 4914 3520 4980 pertinent.
3574 4906 3753 4972 Itaque
3790 4912 4013 4956 reverta—

2477 5028 2599 5067 mur
2627 5014 2691 5064 ad
2736 5019 2945 5067 nostra,
2977 5016 3029 5059 et
3064 5020 3187 5058 cum
3213 5004 3324 5070 jam
3368 4997 3764 5068 probaverimus
3796 5006 4010 5045 consen-

2477 5114 2694 5158 taneum
2728 5108 2781 5155 et
2810 5099 3142 5154 conveniens
3184 5096 3372 5155 fuisse,
3401 5103 3623 5144 mortem
3663 5086 3863 5153 Virgini
3898 5084 4010 5136 ttul-

2474 5198 2585 5249 lum
2642 5195 2892 5247 attulisse
2926 5192 3192 5249 dolorem,
3235 5188 3336 5240 hoe.
3376 5187 3515 5239 idem
3542 5190 3721 5241 etiam,
3753 5180 3795 5233 si
3826 5178 4009 5244 placet.

2474 5286 2845 5341 necessarium
2880 5282 3259 5335 ostendamus.

2545 5373 2680 5427 Cum
2714 5373 2859 5425 enim
2892 5384 3077 5421 verum
3121 5367 3373 5435 gaudium
3407 5360 3496 5413 Dei
3533 5357 3679 5410 Matri
3721 5362 3863 5409 esset
3884 5366 4009 5405 con-

2474 5466 2742 5535 jnni-tum.
2784 5476 2891 5531 quo
2924 5460 3066 5511 malo
3099 5464 3281 5526 posset
3328 5454 3469 5505 illam
3506 5450 3709 5501 allicere
3741 5446 3893 5545 dolor
3920 5456 4007 5538 vo~

2476 5564 2651 5608 catam
2685 5569 2712 5605 a
2734 5552 2869 5605 Filio
2888 5550 2951 5603 ad
2984 5549 3147 5601 vitam
3174 5543 3531 5599 immortalem
3566 5540 3657 5591 illo
3683 5540 4009 5602 migrationas

2479 5644 2677 5699 modo?
2701 5659 2823 5696 nam
2841 5652 2895 5705 et
2914 5643 3024 5707 ipsa
3058 5652 3241 5693 revera
3263 5634 3589 5703 ipsissimum
3607 5634 3721 5682 erat
3743 5624 4006 5693 gaudium;

2479 5750 2586 5789 non
2634 5734 2795 5788 modo
2852 5733 2977 5801 quia
3018 5747 3048 5784 e
3080 5728 3291 5783 cunctis
3338 5722 3649 5776 mulieribus
3685 5717 3793 5813 sola
3837 5713 4011 5813 etfugtt

2480 5798 2882 5881 daumationeni
2926 5823 2996 5874 ob
3048 5827 3324 5887 peccatum
3366 5820 3414 5867 et
3462 5817 3666 5879 pattum
3719 5804 3770 5854 in
3824 5798 4012 5854 dolori-
