4202 6444
196 460 291 526 101
1031 464 1311 526 ORATIO
1354 463 1433 524 lN
1480 462 2022 524 DORMlTlONEM
2067 465 2167 523 SS.
2215 464 2584 523 DEIPARE.
3344 466 3444 533 102

181 574 314 637 bus,
347 573 442 628 sed
475 573 602 642 quia
635 573 801 626 Mater
832 571 992 625 etiam
1021 573 1228 625 exstitit
1253 569 1512 638 ipslssimi
1544 569 1743 636 gaudii.
1788 562 1830 620 A
1877 574 1966 622 tur
1992 567 2016 621 ἳ
2047 567 2199 633 Quod
2243 567 2289 622 si
2346 569 2425 618 viil
2484 567 2688 633 optimo
2741 573 3167 635 temperamento
3229 579 3440 622 naturas

186 665 354 716 Dolor
385 679 514 733 ergo
566 665 745 717 omnis
776 662 974 715 abfuit.
1013 659 1164 727 Quod
1205 662 1250 716 si
1284 662 1509 714 omnino
1549 663 1744 728 placet,

181 765 307 809 esto
377 755 534 807 dolor
579 755 893 815 accesserit,
951 753 1043 806 sed
1078 753 1259 806 statim
1292 753 1453 804 etiam
1500 752 1748 814 recessit,

180 850 296 912 vix,
331 857 386 900 ut
412 848 483 899 ita
515 848 717 905 dicam.
745 861 854 901 suae
876 846 1175 914 praesentiae
1204 859 1424 897 sensum
1467 844 1734 911 praebens.

180 937 455 1002 Quoniam
476 951 604 1004 ergo
618 937 805 989 dolore
842 950 1011 988 vacua
1031 944 1148 987 erat
1172 926 1360 1001 Virgo,
1402 935 1743 1000 perspicuum

179 1037 290 1090 est,
325 1029 748 1083 sincerissimam
777 1029 1016 1082 adfuisse
1041 1029 1302 1082 laetitiam.
1341 1027 1532 1081 Certus
1568 1036 1745 1078 autem

183 1137 538 1185 sum,omnes
561 1121 691 1173 mihi
717 1121 967 1173 assentiri
986 1120 1314 1180 rationibus.
1337 1120 1535 1188 quibus
1562 1133 1748 1171 verum

182 1213 710 1273 demonstravimus.
747 1226 1062 1278 persuasos,
1108 1211 1240 1264 nihil
1278 1211 1584 1280 purissima:
1638 1208 1753 1262 Vir-

182 1304 297 1370 gini
334 1304 627 1371 optabilius
662 1303 855 1363 fuisse,
889 1318 1047 1370 quam
1080 1317 1151 1357 ex.
1173 1303 1272 1355 hac
1309 1303 1413 1354 vita
1445 1303 1703 1355 decedere
1733 1318 1749 1366 ;

182 1391 326 1444 adeo
348 1402 498 1458 grata
533 1401 648 1443 erat
684 1391 759 1443 illi
789 1404 955 1451 mors,
985 1405 1089 1457 qua
1126 1405 1224 1441 nos
1248 1389 1528 1441 tristamur
1553 1397 1602 1440 et
1630 1387 1754 1454 jure

181 1487 412 1553 quidem
443 1486 670 1551 optimo.
703 1483 837 1536 Nam
891 1486 1018 1552 quia
1044 1485 1189 1536 nulla
1224 1494 1341 1535 erat
1373 1483 1476 1534 alia
1531 1483 1612 1532 via
1647 1495 1751 1548 qna

185 1583 379 1641 posset
419 1575 570 1628 abire
591 1576 652 1627 ad
685 1573 903 1637 Filium,
931 1574 1036 1628 nisi
1077 1574 1204 1626 hinc
1235 1573 1606 1640 demigrando,
1629 1585 1751 1623 cum

185 1663 318 1718 Filii
375 1665 830 1718 consuetudinem
895 1672 1199 1732 exoptarct,
1247 1673 1512 1730 quantum
1575 1660 1754 1716 verbis

184 1757 499 1825 exprimere
543 1770 703 1809 nemo
735 1767 918 1822 queat,
961 1756 1278 1809 necessario
1336 1754 1465 1807 illud
1541 1767 1753 1820 quoque

180 1849 508 1913 emplahat,
530 1863 626 1914 per
652 1848 792 1912 quod
828 1849 1043 1913 assequi
1079 1855 1309 1915 poterat,
1342 1846 1482 1912 quod
1517 1853 1573 1896 ut
1605 1859 1754 1897 sum-

189 1953 322 1991 mus
358 1937 476 1990 ﬂnis
511 1938 910 2007 optatissimum
936 1946 1051 1990 erat
1083 1953 1096 2000 ;
1134 1937 1236 1989 hoc
1263 1947 1439 1988 autem
1469 1950 1627 1988 nemo
1653 1933 1752 1985 mi-
1787 1932 1832 1989 B

183 2038 384 2090 retur;
421 2043 528 2080 non
560 2029 707 2080 enim
741 2027 896 2094 quasi
931 2027 1091 2079 ﬂnem
1124 2027 1345 2093 Optabat
1382 2025 1589 2090 sejungi
1632 2026 1756 2076 ani-

187 2134 339 2170 mam
364 2134 391 2168 a
418 2133 664 2185 corpore.
684 2118 926 2183 Quorum
952 2118 1093 2170 ‘lhoc
1115 2117 1256 2170 enim
1287 2115 1476 2168 fuisset
1503 2115 1757 2167 aberrare

186 2224 215 2260 ει
247 2209 480 2261 veritate
514 2224 527 2259 :
567 2207 656 2259 illa
690 2222 816 2260 vero
857 2207 923 2259 ab
953 2207 1098 2259 omni
1133 2214 1354 2272 peccato
1390 2218 1605 2271 semper
1656 2201 1757 2255 fuit

189 2300 462 2352 immunis
498 2321 510 2353 :
544 2300 635 2352 sed
684 2298 954 2366 cupiebat,
1002 2297 1246 2360 ardebat,
1289 2296 1578 2362 emptabat
1609 2309 1757 2346 mor-

185 2400 326 2452 tem,
358 2391 513 2458 quasi
546 2392 851 2444 vehiculum
885 2389 1177 2458 quoddam,
1213 2397 1305 2441 aut
1330 2389 1622 2455 navigium,
1647 2399 1758 2453 quo

185 2484 472 2535 transvehi
512 2491 694 2548 posset
727 2483 790 2533 ad
838 2481 1144 2533 immortale
1199 2495 1446 2546 regnum,
1477 2486 1530 2532 et
1566 2479 1755 2538 vitam,

186 2571 395 2623 Filium
435 2587 494 2623 ac
520 2570 708 2629 Deum.
740 2571 802 2621 ad
827 2586 984 2638 quem
1006 2571 1186 2621 omnia
1213 2569 1482 2621 desideria
1510 2567 1758 2629 tendunt,

187 2663 340 2713 ultra
366 2677 526 2729 quem
556 2652 664 2714 non
699 2661 825 2713 licet
856 2661 1104 2728 progredi
1135 2667 1228 2712 aut
1256 2659 1555 2728 quidquam
1580 2659 1756 2712 velle:

189 2767 310 2804 non
340 2753 484 2804 enim
516 2762 693 2820 potest
722 2767 842 2805 esse
869 2753 1093 2805 satietas
1125 2749 1241 2815 Dei,
1273 2758 1325 2804 et
1353 2751 1617 2803 bonorum
1642 2749 1760 2802 illo-

187 2858 343 2905 rum,
377 2853 429 2894 ut
453 2843 507 2897 in
543 2844 644 2897 hac
674 2845 777 2894 vita
809 2841 1078 2909 contingit
1104 2841 1442 2906 necessario,
1470 2839 1522 2891 in
1547 2853 1651 2907 qua
1674 2853 1762 2893 res

185 2933 370 2987 ﬂuxas
403 2949 668 2996 amamus,
701 2941 751 2986 et
785 2949 892 2985 non
925 2932 1089 2985 ﬂuxis
1117 2930 1562 3000 praeferimuszﬂt
1592 2931 1760 2995 enim,

189 3035 251 3077 ut
301 3042 427 3078 cum
464 3025 626 3080 rebus
657 3025 951 3078 ﬂuentibus
979 3023 1307 3078 desiderium
1337 3036 1555 3091 quoque
1590 3018 1760 3074 animi

188 3117 433 3180 vacillet,
461 3132 583 3170 cum
614 3117 908 3184 prmsertim
962 3115 1094 3168 illud
1130 3115 1237 3167 cito
1264 3114 1513 3181 capiatur
1542 3113 1761 3165 satieta-

188 3216 262 3261 te.
318 3205 476 3259 Nulla
526 3208 692 3276 igitur
742 3222 830 3260 res
882 3213 1094 3274 poterat
1145 3204 1310 3256 solari
1359 3202 1477 3270 ejus
1522 3202 1758 3255 animam

187 3313 412 3351 summo
432 3298 704 3352 desiderid
726 3305 1066 3355 :estuantem,
1089 3294 1192 3348 nisi
1220 3309 1282 3347 ex
1311 3295 1411 3346 hac
1435 3293 1542 3344 vita
1570 3293 1760 3345 deces-

187 3393 296 3444 sio.
350 3391 490 3454 Quid
528 3390 572 3442 si
616 3388 675 3440 B.
713 3388 910 3440 Paulus
957 3387 1216 3454 cupiebat
1268 3385 1520 3445 dissolvi.
1558 3391 1610 3436 et
1640 3396 1763 3436 esse

184 3498 314 3534 cum
347 3479 623 3534 Christo?
664 3478 752 3532 cui
795 3478 956 3529 etiam
995 3475 1159 3527 David
1201 3490 1262 3527 ac
1309 3474 1526 3527 Simeon
1574 3487 1762 3541 preces

185 3569 474 3624 fundendo
521 3566 876 3636 congruentia
927 3564 1383 3640 Iocutigvidentur
1432 3582 1453 3615 :
1507 3562 1601 3615 ille
1637 3561 1762 3612 dum

185 3666 263 3718 ait
310 3681 324 3716 :
363 3662 510 3714 Educ
551 3662 613 3711 de
644 3660 882 3711 custodia
926 3658 1158 3708 animam
1189 3672 1394 3718 meam;
1431 3663 1501 3716 et,
1544 3651 1764 3716 Quando

184 3754 395 3806 veniam
419 3760 468 3803 et
496 3750 754 3817 apparebo
776 3757 895 3799 ante
927 3746 1109 3809 {aciem
1138 3743 1464 3810 θεωρίαι.
1495 3757 1635 3802 οκιι,
1668 3740 1721 3808 8)
1746 3757 1761 3803 ;

186 3846 281 3895 hic
334 3853 513 3894 autem
543 3855 665 3892 cum
700 3839 837 3891 dixit
875 3853 887 3888 :
930 3835 1085 3888 Nu'nc
1121 3835 1350 3886 dimittis
1378 3849 1580 3885 servum
1619 3841 1765 3884 tuum

186 3932 349 3998 (Luc.
389 3946 446 3993 ll,
471 3929 607 3998 29);
653 3928 849 3996 quibus
890 3927 1079 3993 utique
1111 3925 1340 3976 vocibus
1389 3922 1469 3974 usi
1513 3922 1762 3983 fuissent,

189 4024 457 4082 arbitror,
504 4023 546 4074 si
606 4036 744 4087 opus
799 4016 1010 4081 fuisset,
1042 4015 1114 4068 illi
1151 4015 1314 4070 etiam
1346 4015 1434 4081 qui
1469 4028 1626 4067 suum
1669 4025 1768 4079 pro

186 4119 416 4173 Christo
447 4115 754 4169 eﬂ‘udertmt
778 4112 1117 4181 sanguinem,
1141 4120 1193 4163 et
1222 4109 1436 4162 dolores
1464 4107 1765 4160 intoleran-

186 4212 295 4264 dos
345 4209 658 4262 sustinuere
693 4223 706 4258 :
739 4212 792 4259 et
835 4203 907 4256 illi
958 4201 1187 4271 pariter,
1231 4199 1321 4267 qui
1375 4200 1428 4252 in
1464 4197 1768 4267 spiritualia

194 4301 502 4354 certamina
559 4295 980 4357 descenderunt,
1034 4291 1412 4346 confessorum
1462 4297 1654 4345 cretus.
1716 4296 1770 4342 et

194 4393 428 4443 omnino
451 4389 651 4456 quibus
675 4386 754 4438 uti
783 4398 985 4452 scopus
1016 4381 1355 4451 propositum
1387 4387 1491 4440 est,
1522 4378 1665 4447 quod
1688 4385 1771 4432 est

194 4480 492 4547 optimum,
519 4484 574 4528 et
608 4476 782 4527 solum
821 4473 947 4525 illud
981 4476 1251 4539 Spectant.
1288 4468 1341 4521 Si
1371 4469 1533 4536 igitur
1564 4468 1769 4521 haecita

195 4589 251 4625 se
289 4571 510 4631 habent,
560 4567 856 4630 auditores,
914 4580 1020 4634 qua
1059 4565 1272 4616 ratione
1329 4561 1421 4616 Dei
1486 4561 1654 4614 Mater
1686 4560 1770 4614 di-

194 4665 371 4714 eenda
406 4676 510 4712 non
542 4660 610 4710 sit
633 4659 792 4727 longe
822 4657 1059 4710 maximo
1088 4654 1279 4707 aﬂ‘ectu
1314 4654 1366 4706 iu
1391 4655 1490 4705 hoc
1518 4652 1769 4706 laudabili
1798 4645 1848 4704 D

191 4752 467 4805 desiderio
485 4751 768 4819 plusquam
789 4747 876 4800 alii
896 4746 1064 4800 fuisse
1086 4745 1109 4798 ?
1131 4746 1288 4799 Certe
1313 4745 1362 4796 in
1380 4743 1658 4795 illisetiam
1679 4756 1771 4795 ve-

195 4841 645 4894 hementissimus
677 4838 775 4892 fuit
808 4838 910 4890 iste
943 4837 1196 4899 aﬂ‘ectus;
1227 4851 1324 4887 nec
1350 4834 1491 4885 aliud
1519 4832 1770 4900 Optabaut

191 4934 447 5000 quam,si
482 4931 612 5000 quid
642 4931 972 4998 praecipuum
1011 4935 1149 4989 erat,
1182 4924 1607 4990 conferebatque
1633 4939 1764 4976 sua-

197 5036 290 5093 pte.
333 5031 530 5075 natura
563 5022 628 5073 ad
660 5021 783 5083 hoc,
820 5029 880 5072 ut
916 5027 1102 5073 essent
1134 5032 1257 5070 cum
1295 5015 1538 5071 Christo.
1569 5015 1766 5068 Verum

195 5118 307 5165 illis
340 5111 505 5181 Virgo
525 5119 679 5165 tanto
705 5108 1064 5164 excellentius
1100 5108 1328 5176 optavit,
1359 5114 1624 5171 quantum
1652 5105 1766 5156 dis-

188 5206 442 5258 criminis
499 5211 583 5258 est
649 5203 792 5256 inter
851 5200 1026 5269 ipsam
1072 5206 1127 5251 et
1193 5198 1357 5252 illos:
1409 5209 1520 5248 tum
1558 5197 1766 5248 ratione

191 5296 503 5351 sanctitatis
552 5303 608 5347 et
675 5293 939 5345 virtutum
1009 5289 1222 5347 oﬂiciis.
1281 5297 1764 5354 quantamcunque

188 5392 316 5456 quis
364 5386 547 5438 animo
593 5383 884 5453 praeﬂxerit
923 5382 1088 5448 hujus
1131 5379 1206 5433 rei
1264 5393 1597 5441 mensuram,
1648 5384 1761 5428 tum

191 5482 406 5529 ratione
439 5474 848 5541 conjunctionis
876 5487 999 5524 cum
1033 5469 1301 5532 Deo,cum
1347 5469 1388 5521 is
1421 5480 1573 5522 salus
1597 5468 1765 5534 ipsius

189 5568 465 5622 exstiterit
506 5583 520 5628 ;
566 5579 671 5633 qua
704 5563 920 5630 quidem
969 5561 1024 5613 in
1061 5575 1117 5613 re
1146 5559 1348 5612 nullam
1397 5567 1480 5611 est
1525 5557 1765 5610 invenire

192 5673 531 5712 mensuram.
579 5657 713 5710 Cum
777 5654 940 5722 igitur
986 5661 1137 5704 tanto
1183 5649 1456 5703 desiderio
1511 5649 1763 5718 ﬂagraret

192 5748 538 5815 inigrationis
561 5762 590 5800 e
619 5753 762 5799 terra
796 5747 847 5796 in
892 5741 1113 5804 etelum,
1149 5740 1238 5792 ubi
1277 5751 1490 5808 tempus
1523 5740 1760 5805 advenit,

193 5841 336 5905 quod
365 5839 588 5906 optabat
630 5847 912 5906 perpetuo,
945 5832 1132 5896 quidni
1168 5832 1429 5897 gauderet
1471 5839 1523 5885 ct
1560 5832 1760 5884 laetare-

1877 659 2115 726 prazditis
2157 659 2283 711 dum
2352 668 2522 708 morte
2573 657 2882 716 solvuntur,
2917 658 3135 724 aliquod
3171 661 3438 712 molestize

1874 749 2166 816 'vestigium
2199 748 2520 802 brevissimo
2561 757 2803 816 tempore
2835 749 3041 809 subest,
3087 765 3191 801 nou
3217 759 3296 802 est
3339 751 3441 802 mi-

1883 840 2106 892 randum
2133 857 2143 890 :
2167 839 2325 890 homo
2362 839 2504 892 enim
2543 837 2702 906 Virgo
2727 848 2864 901 erat,
2895 848 2947 893 et
2976 841 3259 905 oportebat
3295 840 3438 891 illam

1885 939 2090 982 naturae
2128 939 2520 998 congruentem
2568 946 2688 984 esse
2720 970 2734 991 ,
2788 945 2892 983 non
2944 931 3310 983 adversariam
3365 931 3442 982 illi

1883 1022 2073 1083 vblcri,
2104 1021 2248 1088 quod
2285 1021 2475 1074 fuisset
2505 1030 2556 1075 et
2585 1037 2764 1074 secum
2796 1037 3054 1090 pugnare.
3093 1020 3310 1074 Naturae
3343 1021 3445 1088 igi-

1884 1120 1971 1164 tur
2016 1114 2260 1166 deliitum
2307 1113 2488 1166 divina
2541 1112 2701 1177 Virgo
2742 1114 2958 1180 penitus
3009 1129 3114 1164 non
3174 1121 3443 1169 aversata.

1881 1217 2004 1254 cum
2035 1203 2076 1256 si
2109 1204 2264 1256 aliter
2296 1203 2494 1256 factum
2527 1215 2691 1264 esset,
2730 1219 2816 1256 res
2851 1204 3183 1256 absurditate
3217 1219 3320 1259 non
3353 1218 3444 1254 ca-

1883 1302 2043 1350 reret.
2086 1303 2269 1347 secuta
2313 1294 2470 1360 plane
2506 1305 2587 1347 cst
2620 1310 2798 1347 rerum
2835 1304 3080 1346 naturam
3111 1303 3162 1346 et
3195 1295 3445 1361 aliquan-

1882 1385 2078 1447 tulum,
2141 1386 2216 1438 uti
2260 1386 2369 1452 jam
2436 1387 2696 1446 diximus,
2747 1386 3056 1438 molestiam
3108 1385 3270 1452 cepit.
3333 1385 3444 1441 Nec
3521 1454 3523 1456 η

1885 1484 2063 1528 tamen
2100 1492 2163 1528 cx
2202 1476 2303 1529 hoc
2333 1475 2516 1529 videor
2558 1477 2693 1528 meis
2723 1476 2855 1542 ipsis
2889 1475 3232 1529 sermonibus
3255 1475 3447 1528 adver-

1886 1567 2012 1624 sari,
2044 1567 2198 1630 quasi
2235 1569 2507 1619 contraria
2554 1567 2969 1632 aﬂirmantibus,
3000 1584 3108 1621 non
3142 1569 3286 1621 enim
3320 1584 3446 1634 pos-

1884 1668 2008 1708 sunt
2061 1659 2194 1708 velle
2253 1659 2629 1724 impossibilia.
2681 1657 2783 1710 Sed
2840 1658 3118 1711 exordium
3170 1660 3443 1712 sermonis

1881 1748 2006 1810 mei,
2037 1758 2087 1801 et
2111 1750 2353 1817 qumdam
2379 1751 2558 1802 addita
2591 1749 2930 1817 postmodum
2960 1750 3187 1802 exordio
3215 1765 3443 1815 corona,

1885 1839 2155 1892 luculenta
2193 1840 2322 1892 milii
2369 1842 2612 1895 defensio
2638 1851 2790 1894 sunt.
2842 1840 3050 1895 Etenim
3090 1842 3302 1908 probari
3337 1857 3443 1895 non

1883 1937 2120 1994 poterat.
2156 1931 2555 1984 immaculatam
2593 1933 2868 2000 Virginem
2924 1933 3070 1985 omni
3117 1933 3305 1987 dolore
3354 1950 3447 1987 ca-

1880 2021 2077 2083 ruisse,
2103 2022 2194 2075 sed
2238 2039 2334 2090 pro
2368 2033 2572 2076 naturre
2610 2024 2818 2092 legibus
2862 2033 3136 2076 momento
3187 2025 3447 2090 temporis

1883 2113 2190 2167 communis
2218 2114 2378 2180 hujus
2403 2115 2593 2167 mortis
2621 2116 2926 2182 percepisse
2963 2116 3230 2175 dolorem,
3254 2130 3442 2167 verum

1890 2214 2034 2256 tanta
2067 2205 2369 2259 aﬂlucntem
2398 2207 2578 2259 lmtitia
2605 2218 2660 2258 ut
2686 2222 2908 2275 prorsus
2929 2208 2995 2259 ah
3019 2223 3080 2261 ea
3109 2223 3309 2261 mceror
3330 2223 3448 2260 om-

1885 2296 1971 2348 nis
2026 2296 2295 2366 eﬂ'ugerit,
2342 2299 2508 2351 cessit
2549 2299 2691 2350 enim
2739 2314 2798 2351 se
2837 2298 3068 2352 fortiori.
3121 2299 3200 2352 ita
3244 2299 3446 2360 eteius

1886 2385 2080 2450 Filius,
2132 2397 2410 2457 assumpta
2460 2400 2661 2442 nostra:
2711 2391 2893 2443 carnis
2933 2406 3132 2452 massa,
3179 2393 3352 2444 noluit
3382 2394 3448 2444 iis

1882 2491 2090 2540 carere,
2145 2495 2263 2546 quae
2289 2482 2470 2534 carnis
2495 2491 2621 2534 sunt
2665 2484 3039 2550 propria,sine
3062 2484 3260 2551 quibus
3287 2486 3448 2538 hon-o

1885 2567 1936 2618 in
1963 2569 2075 2621 suis
2107 2571 2447 2624 naturalibus
2491 2587 2612 2624 esse
2643 2571 2879 2638 perfecte
2915 2589 3021 2625 non
3055 2584 3236 2641 potest
3278 2594 3290 2628 :
3343 2577 3445 2627 tri-

1883 2665 2058 2710 status
2091 2667 2194 2719 est,
2226 2659 2414 2714 dolore
2460 2661 2710 2722 allectus,
2750 2679 2854 2714 non
2901 2663 3075 2716 solum
3105 2665 3156 2717 in
3194 2681 3357 2718 cruce
3395 2675 3448 2718 et

1882 2747 2162 2812 Passioue,
2181 2751 2273 2802 sed
2287 2752 2448 2803 etiam
2464 2752 2682 2818 quando
2699 2751 2933 2806 Lazarus
2955 2763 3198 2806 mortuus
3213 2765 3316 2817 est,
3334 2757 3449 2823 lege

1883 2849 2085 2893 nostra;
2117 2850 2324 2896 natura:
2347 2843 2614 2912 lacrymas
2644 2845 2823 2896 emisit
2843 2861 2905 2898 ex
2929 2847 3104 2900 oculis
3132 2861 3222 2899 :ex
3257 2848 3450 2901 itinere

1886 2930 2211 3000 defatigatus
2242 2943 2346 2996 est,
2377 2936 2607 3003 ciboque
2631 2936 2882 3003 indiguit,
2908 2946 2961 2990 et
2990 2953 3183 2991 somno
3209 2954 3270 2991 ac
3294 2949 3445 3007 potu,

1889 3037 1952 3075 ac
2011 3027 2324 3078 summatim
2381 3027 2469 3088 iis,
2522 3028 2718 3094 quibus
2760 3028 2900 3082 ﬂuxa
2925 3040 3109 3082 nostra
3136 3033 3449 3084 continetur

1884 3115 2016 3175 vita,
2049 3131 2272 3184 qumque
2310 3118 2362 3169 in
2397 3133 2454 3170 se
2503 3134 2701 3187 corpus
2746 3137 2852 3174 non
2888 3122 3099 3189 recipit.
3139 3123 3243 3175 nisi
3296 3127 3448 3192 prius

1883 3220 1950 3258 ex
1981 3221 2167 3260 eorum
2214 3208 2502 3276 indigentia
2535 3212 2904 3266 condolescat.
2943 3213 3091 3266 Adeo
3136 3213 3241 3266 fuit
3278 3216 3449 3269 nostri

1805 3286 1848 3344 C
1887 3311 2076 3350 amans
2134 3298 2432 3361 Salvator;
2493 3317 2600 3354 non
2649 3305 2790 3355 enim
2842 3305 3025 3357 carnis
3065 3315 3116 3358 et
3166 3309 3448 3376 sanguinis

1888 3389 2160 3455 particeps
2183 3389 2357 3443 factus
2387 3401 2676 3447 contentus
2709 3393 2829 3458 fuit,
2859 3403 2910 3447 et
2941 3396 3152 3449 collatis
3181 3399 3232 3449 in
3257 3415 3447 3452 omnes

1889 3481 2188 3541 beneficiis,
2226 3498 2330 3533 non
2381 3484 2606 3537 ulterius
2653 3485 2926 3553 progredi,
2968 3487 3061 3540 scd
3114 3489 3269 3556 quasi
3331 3490 3445 3542 ﬁeri

1893 3585 1998 3622 non
2036 3579 2241 3635 posset,
2286 3574 2483 3625 salvari
2531 3575 2824 3637 hominem,
2863 3578 2979 3644 ipso
3025 3594 3130 3632 non
3190 3582 3447 3646 patiente,

1886 3661 2199 3716 I’assioncm
2265 3675 2316 3718 et
2375 3675 2608 3719 mortem
2672 3669 2898 3732 optavit,
2956 3679 3063 3722 lam
3125 3673 3446 3726 exuberanti

1888 3751 2079 3804 aﬂ'ectu
2113 3761 2171 3805 ut
2204 3768 2307 3805 non
2346 3756 2517 3821 possit
2574 3757 2806 3823 exprimi
2844 3776 2858 3821 ;
2897 3768 2948 3810 et
2987 3767 3222 3812 testatur
3266 3761 3396 3813 illud
3433 3776 3446 3815 :

1888 3839 2156 3907 Baptismo
2184 3841 2347 3895 habeo
2376 3844 2657 3909 baptizari,
2689 3856 2738 3898 et
2789 3850 3045 3911 quomodo
3079 3861 3320 3902 σθαι-ιιοι-
3357 3869 3447 3903 us-

1886 3946 1982 3996 que
2016 3931 2137 3982 dum
2165 3933 2468 4000 perﬁciatur
2499 3933 2649 4002 (Luc.
2687 3953 2781 3999 xu,
2813 3937 2925 4004 50).
2955 3939 3135 4004 Quare
3160 3951 3214 3995 et
3239 3947 3450 3996 contri-

1888 4031 2064 4076 status
2097 4031 2200 4088 est,
2235 4025 2566 4092 doloresque
2597 4043 2852 4094 expertus
2895 4031 2946 4084 in
2975 4047 3158 4090 cruce.
3187 4033 3448 4089 Caeterum

1891 4115 2095 4168 doloris
2126 4124 2338 4185 tempus
2368 4119 2769 4182 brevissimum,
2803 4129 2858 4173 ut
2881 4125 3074 4176 merito
3107 4140 3170 4178 ne
3190 4127 3296 4185 dici
3324 4131 3449 4195 qui-

1891 4207 2008 4258 dem
2075 4206 2303 4261 fortasse
2362 4217 2576 4277 tempus
2610 4213 2830 4276 possit;
2876 4213 2968 4266 sed
3023 4215 3205 4284 gaudii
3239 4226 3452 4285 tempus

1889 4296 2059 4349 dolori
2091 4301 2434 4353 succedentis
2458 4311 2507 4354 et
2532 4303 2804 4356 ineffabile
2835 4317 2916 4357 est
2944 4315 2997 4358 et
3025 4308 3446 4363 iuterminabile.

1888 4388 2040 4452 Quod
2071 4389 2114 4442 si
2137 4392 2247 4444 haec
2277 4392 2341 4444 de
2360 4391 2639 4447 Salvatore
2671 4397 2812 4449 dicta
2836 4413 2958 4450 vera
2980 4406 3125 4463 sunt,
3148 4414 3324 4452 annon
3347 4405 3451 4454 erit

1891 4481 2068 4533 minus
2094 4481 2190 4548 pia:
2213 4483 2409 4536 mentis
2429 4485 2493 4537 de
2517 4485 2683 4539 Matre
2704 4488 2820 4552 ejus
2845 4488 3054 4542 direrSa
3075 4491 3316 4544 sentire?
3344 4491 3451 4544 Du-

1890 4571 2056 4624 cebat
2090 4586 2218 4625 sane
2248 4570 2339 4625 Dei
2383 4571 2502 4626 Filii
2538 4574 2758 4628 Matrem
2796 4575 2929 4628 Filio
2961 4586 3013 4631 et
3043 4580 3293 4632 manibus
3328 4579 3449 4644 ejus

1890 4675 2009 4711 eum
2061 4659 2244 4714 laetitia
2302 4665 2686 4717 commendare
2735 4667 3009 4734 spiritum,
3063 4668 3200 4721 sicut
3234 4670 3346 4736 ipse
3391 4669 3443 4723 in

1891 4764 2082 4803 manus
2114 4749 2310 4805 Patris.
2346 4754 2484 4817 Quin
2509 4755 2638 4806 illud
2671 4757 2830 4807 etiam
2867 4757 3090 4810 decebat
3115 4757 3264 4812 Matri
3298 4761 3446 4826 plus-

1889 4856 2047 4907 quam
2080 4844 2286 4896 ca'teris
2314 4846 2566 4899 omnibus
2597 4847 2649 4899 in
2674 4850 2869 4914 quavis
2901 4850 3134 4902 humana
3161 4867 3218 4905 re
3245 4868 3446 4907 convc-

1892 4932 2005 4984 uire
2023 4947 2145 4986 cum
2166 4933 2322 4988 Filio.
2345 4935 2457 4990 Etsi
2494 4946 2651 4992 natus
2682 4940 2801 5007 ejus
2827 4956 2922 5008 pro
2954 4942 3147 5007 gaudio
3175 4944 3278 4996 sibi
3318 4961 3444 5014 pro-

1895 5026 2088 5089 posito,
2118 5034 2176 5078 ut
2201 5027 2400 5082 Paulus
2442 5029 2537 5094 ait,
2564 5045 2660 5097 ego
2693 5047 2818 5085 vero
2853 5033 3083 5086 dixerim
3115 5050 3212 5102 pro
3248 5037 3446 5104 gaudio

1893 5124 2020 5171 tunc
2037 5127 2319 5184 praesente,
2340 5121 2595 5175 sustinuit
2612 5137 2851 5187 crucem,
2871 5124 3188 5179 coafusione
3204 5137 3446 5181 contem-

1895 5219 1981 5275 pla
2017 5211 2202 5277 (Hebr.
2238 5228 2332 5273 xu,
2367 5212 2444 5277 2),
2473 5224 2526 5265 et
2551 5215 2694 5266 cunni
2734 5214 2919 5266 dolore
2950 5225 3148 5279 amato,
3177 5224 3234 5268 ut
3286 5219 3446 5285 paulo

1895 5311 2016 5352 ante
2045 5307 2320 5354 ostensum
2357 5314 2480 5365 est;
2528 5320 2624 5372 par
2667 5317 2814 5358 certe
2849 5309 2949 5359 erit
2979 5318 3030 5360 et
3065 5323 3302 5375 aequum,
3338 5310 3448 5361 imo

1894 5393 2055 5441 etiam
2093 5392 2376 5462 plusquam
2408 5410 2504 5462 par
2541 5397 2642 5448 erit
2693 5397 2910 5448 Matrem
2940 5413 3153 5465 quoque
3177 5399 3297 5466 ejus
3329 5416 3447 5451 mo-

1895 5479 2118 5528 rientem
2165 5495 2262 5546 pro
2308 5496 2402 5548 spe
2446 5486 2744 5550 proposita,
2790 5500 2910 5551 qum
2945 5487 3102 5554 plane
3144 5487 3304 5539 duhia
3340 5503 3446 5540 non

1897 5576 2036 5628 erat,
2065 5570 2268 5622 nullum
2299 5571 2407 5624 fere
2430 5573 2667 5624 dolorem
2702 5577 2959 5628 sensisse.
2998 5576 3117 5627 Ilmc
3144 5593 3302 5645 porro
3327 5593 3447 5629 esse

1899 5659 2092 5710 rationi
2127 5676 2383 5722 consona,
2433 5678 2531 5715 nec
2578 5665 2871 5719 abhorrere
2919 5682 2946 5717 a
2998 5682 3156 5719 sensu
3195 5668 3444 5731 pietatem

1897 5747 2076 5800 colere
2103 5751 2422 5816 volentium,
2447 5762 2727 5807 ostensum
2757 5771 2876 5810 esse
2905 5757 3139 5808 arbitror
3169 5774 3229 5809 ex
3265 5759 3446 5811 dictis.

1901 5833 2093 5894 Verum
2126 5851 2183 5895 ut
2213 5844 2564 5900 immorantcs
2621 5859 2928 5914 pergratum
2964 5847 3226 5903 faciamus
3259 5850 3321 5902 iis
3356 5851 3447 5910 qui
