  <div class='ocr_page' id='page_1' title='image "/cluster/home/n/w/nwhite01/storage/ocr_20150623/156/nnc1.0046980911/059.png"; bbox 0 0 4202 6444; ppageno 0'>
   <div class='ocr_carea' id='block_1_1' title="bbox 802 413 4034 491">
    <p class='ocr_par' dir='ltr' id='par_1_1' title="bbox 802 413 4034 491">
     <span class='ocr_line' id='line_1_1' title="bbox 802 413 4034 491; baseline -0.008 -6"><span class='ocrx_word' id='word_1_1' title='bbox 802 422 901 486; x_wconf 82' lang='lat'><strong>103</strong></span> <span class='ocrx_word' id='word_1_2' title='bbox 1980 417 2027 474; x_wconf 86' lang='lat' dir='ltr'><strong>.‘.t</strong></span> <span class='ocrx_word' id='word_1_3' title='bbox 2056 416 2371 475; x_wconf 66' lang='lat' dir='ltr'><strong>ifiUEtJS</strong></span> <span class='ocrx_word' id='word_1_4' title='bbox 2416 413 2852 472; x_wconf 65' lang='lat' dir='ltr'><strong>t‘.tt..t:m.0(‘.t</strong></span> <span class='ocrx_word' id='word_1_5' title='bbox 3936 431 4034 491; x_wconf 50' lang='grc' dir='ltr'>με</span> 
     </span>
    </p>
   </div>
   <div class='ocr_carea' id='block_1_2' title="bbox 793 515 4041 600">
    <p class='ocr_par' dir='ltr' id='par_1_2' title="bbox 793 515 4041 600">
     <span class='ocr_line' id='line_1_2' title="bbox 793 515 4041 600; baseline 0.002 -20"><span class='ocrx_word' id='word_1_6' title='bbox 793 528 1019 580; x_wconf 74' lang='lat' dir='ltr'><strong>libenter</strong></span> <span class='ocrx_word' id='word_1_7' title='bbox 1053 523 1299 587; x_wconf 87' lang='lat' dir='ltr'><strong>audiunt,</strong></span> <span class='ocrx_word' id='word_1_8' title='bbox 1325 522 1439 574; x_wconf 77' lang='lat' dir='ltr'><strong>hmc</strong></span> <span class='ocrx_word' id='word_1_9' title='bbox 1469 520 1693 587; x_wconf 80' lang='lat' dir='ltr'><strong>insuper</strong></span> <span class='ocrx_word' id='word_1_10' title='bbox 1719 520 1992 572; x_wconf 76' lang='lat' dir='ltr'><strong>addimus.</strong></span> <span class='ocrx_word' id='word_1_11' title='bbox 2033 516 2210 587; x_wconf 72' lang='lat' dir='ltr'><strong>Atque</strong></span> <span class='ocrx_word' id='word_1_12' title='bbox 2242 524 2351 573; x_wconf 87' lang='lat' dir='ltr'><strong>uti-</strong></span> <span class='ocrx_word' id='word_1_13' title='bbox 2400 515 2435 566; x_wconf 86' lang='lat'><strong>.\</strong></span> <span class='ocrx_word' id='word_1_14' title='bbox 2483 520 2791 571; x_wconf 78' lang='lat' dir='ltr'><strong>mortalium</strong></span> <span class='ocrx_word' id='word_1_15' title='bbox 2840 522 3055 574; x_wconf 57' lang='lat' dir='ltr'><strong>timidam</strong></span> <span class='ocrx_word' id='word_1_16' title='bbox 3084 524 3203 578; x_wconf 80' lang='lat' dir='ltr'><strong>llaec</strong></span> <span class='ocrx_word' id='word_1_17' title='bbox 3234 535 3285 577; x_wconf 87' lang='lat' dir='ltr'><strong>ct</strong></span> <span class='ocrx_word' id='word_1_18' title='bbox 3322 527 3518 581; x_wconf 81' lang='lat' dir='ltr'><strong>similia</strong></span> <span class='ocrx_word' id='word_1_19' title='bbox 3561 530 3841 585; x_wconf 79' lang='lat' dir='ltr'><strong>universos</strong></span> <span class='ocrx_word' id='word_1_20' title='bbox 3880 543 4041 600; x_wconf 81' lang='lat' dir='ltr'><strong>plane</strong></span> 
     </span>
    </p>
   </div>
   <div class='ocr_carea' id='block_1_3' title="bbox 793 612 2354 685">
    <p class='ocr_par' dir='ltr' id='par_1_3' title="bbox 793 612 2354 685">
     <span class='ocr_line' id='line_1_3' title="bbox 793 612 2354 685; baseline -0.006 -13"><span class='ocrx_word' id='word_1_21' title='bbox 793 634 916 672; x_wconf 90' lang='lat' dir='ltr'><strong>nam</strong></span> <span class='ocrx_word' id='word_1_22' title='bbox 948 632 1067 685; x_wconf 77' lang='lat' dir='ltr'><strong>qua:</strong></span> <span class='ocrx_word' id='word_1_23' title='bbox 1094 615 1323 669; x_wconf 89' lang='lat' dir='ltr'><strong>dicenda</strong></span> <span class='ocrx_word' id='word_1_24' title='bbox 1354 624 1481 668; x_wconf 88' lang='lat' dir='ltr'><strong>sunt</strong></span> <span class='ocrx_word' id='word_1_25' title='bbox 1528 628 1633 666; x_wconf 93' lang='lat' dir='ltr'><strong>non</strong></span> <span class='ocrx_word' id='word_1_26' title='bbox 1692 621 1749 665; x_wconf 94' lang='lat' dir='ltr'><strong>ut</strong></span> <span class='ocrx_word' id='word_1_27' title='bbox 1779 613 1958 664; x_wconf 89' lang='lat' dir='ltr'><strong>inania</strong></span> <span class='ocrx_word' id='word_1_28' title='bbox 1990 612 2354 680; x_wconf 76' lang='lat' dir='ltr'><strong>excipiantur,</strong></span> 
     </span>
    </p>
   </div>
   <div class='ocr_carea' id='block_1_4' title="bbox 793 706 2356 778">
    <p class='ocr_par' dir='ltr' id='par_1_4' title="bbox 793 706 2356 778">
     <span class='ocr_line' id='line_1_4' title="bbox 793 706 2356 778; baseline -0.005 -13"><span class='ocrx_word' id='word_1_29' title='bbox 793 713 885 765; x_wconf 91' lang='lat' dir='ltr'><strong>sed</strong></span> <span class='ocrx_word' id='word_1_30' title='bbox 923 713 1095 778; x_wconf 87' lang='lat' dir='ltr'><strong>primo</strong></span> <span class='ocrx_word' id='word_1_31' title='bbox 1137 708 1351 777; x_wconf 84' lang='lat' dir='ltr'><strong>quidem</strong></span> <span class='ocrx_word' id='word_1_32' title='bbox 1381 707 1447 760; x_wconf 89' lang='lat' dir='ltr'><strong>ad</strong></span> <span class='ocrx_word' id='word_1_33' title='bbox 1482 708 1765 761; x_wconf 72' lang='lat' dir='ltr'><strong>utilitatem</strong></span> <span class='ocrx_word' id='word_1_34' title='bbox 1792 713 2051 765; x_wconf 82' lang='lat' dir='ltr'><strong>vestram,</strong></span> <span class='ocrx_word' id='word_1_35' title='bbox 2087 722 2191 774; x_wconf 86' lang='lat' dir='ltr'><strong>qua</strong></span> <span class='ocrx_word' id='word_1_36' title='bbox 2226 706 2356 765; x_wconf 76' lang='lat' dir='ltr'><strong>mihi</strong></span> 
     </span>
    </p>
   </div>
   <div class='ocr_carea' id='block_1_5' title="bbox 795 797 2355 870">
    <p class='ocr_par' dir='ltr' id='par_1_5' title="bbox 795 797 2355 870">
     <span class='ocr_line' id='line_1_5' title="bbox 795 797 2355 870; baseline -0.005 -14"><span class='ocrx_word' id='word_1_37' title='bbox 795 803 927 856; x_wconf 86' lang='lat' dir='ltr'><strong>nihil</strong></span> <span class='ocrx_word' id='word_1_38' title='bbox 957 801 1257 870; x_wconf 80' lang='lat' dir='ltr'><strong>antiquius,</strong></span> <span class='ocrx_word' id='word_1_39' title='bbox 1298 816 1421 853; x_wconf 88' lang='lat' dir='ltr'><strong>cum</strong></span> <span class='ocrx_word' id='word_1_40' title='bbox 1454 800 1520 853; x_wconf 89' lang='lat' dir='ltr'><strong>iis</strong></span> <span class='ocrx_word' id='word_1_41' title='bbox 1560 800 1907 853; x_wconf 73' lang='lat' dir='ltr'><strong>vehementer</strong></span> <span class='ocrx_word' id='word_1_42' title='bbox 1952 813 2056 867; x_wconf 89' lang='lat' dir='ltr'><strong>ego</strong></span> <span class='ocrx_word' id='word_1_43' title='bbox 2097 797 2355 857; x_wconf 84' lang='lat' dir='ltr'><strong>delecter,</strong></span> 
     </span>
    </p>
   </div>
   <div class='ocr_carea' id='block_1_6' title="bbox 794 890 2357 962">
    <p class='ocr_par' dir='ltr' id='par_1_6' title="bbox 794 890 2357 962">
     <span class='ocr_line' id='line_1_6' title="bbox 794 890 2357 962; baseline -0.001 -18"><span class='ocrx_word' id='word_1_44' title='bbox 794 910 891 962; x_wconf 79' lang='lat' dir='ltr'><strong>per</strong></span> <span class='ocrx_word' id='word_1_45' title='bbox 942 911 1061 961; x_wconf 78' lang='lat' dir='ltr'><strong>quze</strong></span> <span class='ocrx_word' id='word_1_46' title='bbox 1103 910 1198 947; x_wconf 91' lang='lat' dir='ltr'><strong>vos</strong></span> <span class='ocrx_word' id='word_1_47' title='bbox 1251 894 1475 961; x_wconf 84' lang='lat' dir='ltr'><strong>possitis</strong></span> <span class='ocrx_word' id='word_1_48' title='bbox 1533 907 1657 945; x_wconf 89' lang='lat' dir='ltr'><strong>esse</strong></span> <span class='ocrx_word' id='word_1_49' title='bbox 1718 890 1923 944; x_wconf 76' lang='lat' dir='ltr'><strong>felices.</strong></span> <span class='ocrx_word' id='word_1_50' title='bbox 1979 890 2183 943; x_wconf 80' lang='lat' dir='ltr'><strong>Deinde</strong></span> <span class='ocrx_word' id='word_1_51' title='bbox 2245 890 2357 942; x_wconf 79' lang='lat' dir='ltr'><strong>sint</strong></span> 
     </span>
    </p>
   </div>
   <div class='ocr_carea' id='block_1_7' title="bbox 793 980 2357 1052">
    <p class='ocr_par' dir='ltr' id='par_1_7' title="bbox 793 980 2357 1052">
     <span class='ocr_line' id='line_1_7' title="bbox 793 980 2357 1052; baseline -0.002 -17"><span class='ocrx_word' id='word_1_52' title='bbox 793 985 955 1036; x_wconf 82' lang='lat' dir='ltr'><strong>etiam</strong></span> <span class='ocrx_word' id='word_1_53' title='bbox 986 994 1113 1052; x_wconf 91' lang='lat' dir='ltr'><strong>opto</strong></span> <span class='ocrx_word' id='word_1_54' title='bbox 1134 999 1239 1035; x_wconf 92' lang='lat' dir='ltr'><strong>non</strong></span> <span class='ocrx_word' id='word_1_55' title='bbox 1274 983 1569 1049; x_wconf 88' lang='lat' dir='ltr'><strong>injucunda</strong></span> <span class='ocrx_word' id='word_1_56' title='bbox 1604 992 1659 1034; x_wconf 92' lang='lat' dir='ltr'><strong>ut</strong></span> <span class='ocrx_word' id='word_1_57' title='bbox 1683 995 1841 1049; x_wconf 84' lang='lat' dir='ltr'><strong>spero</strong></span> <span class='ocrx_word' id='word_1_58' title='bbox 1868 998 1882 1045; x_wconf 89' lang='lat'><strong>;</strong></span> <span class='ocrx_word' id='word_1_59' title='bbox 1916 980 2357 1049; x_wconf 79' lang='lat' dir='ltr'><strong>quandoquidem</strong></span> 
     </span>
    </p>
   </div>
   <div class='ocr_carea' id='block_1_8' title="bbox 794 1070 2361 1131">
    <p class='ocr_par' dir='ltr' id='par_1_8' title="bbox 794 1070 2361 1131">
     <span class='ocr_line' id='line_1_8' title="bbox 794 1070 2361 1131; baseline -0.003 -5"><span class='ocrx_word' id='word_1_60' title='bbox 794 1082 846 1126; x_wconf 93' lang='lat' dir='ltr'><strong>et</strong></span> <span class='ocrx_word' id='word_1_61' title='bbox 893 1075 1036 1125; x_wconf 84' lang='lat' dir='ltr'><strong>illam</strong></span> <span class='ocrx_word' id='word_1_62' title='bbox 1080 1073 1165 1123; x_wconf 88' lang='lat' dir='ltr'><strong>cui</strong></span> <span class='ocrx_word' id='word_1_63' title='bbox 1199 1070 1502 1125; x_wconf 82' lang='lat' dir='ltr'><strong>oﬂ&#39;erunlur</strong></span> <span class='ocrx_word' id='word_1_64' title='bbox 1532 1072 1647 1124; x_wconf 61' lang='lat' dir='ltr'><strong>haec</strong></span> <span class='ocrx_word' id='word_1_65' title='bbox 1695 1071 1812 1124; x_wconf 89' lang='lat' dir='ltr'><strong>loco</strong></span> <span class='ocrx_word' id='word_1_66' title='bbox 1847 1070 2111 1131; x_wconf 80' lang='lat' dir='ltr'><strong>numeris,</strong></span> <span class='ocrx_word' id='word_1_67' title='bbox 2143 1071 2267 1122; x_wconf 86' lang='lat' dir='ltr'><strong>licet</strong></span> <span class='ocrx_word' id='word_1_68' title='bbox 2295 1070 2361 1122; x_wconf 91' lang='lat' dir='ltr'><strong>ah</strong></span> 
     </span>
    </p>
   </div>
   <div class='ocr_carea' id='block_1_9' title="bbox 794 1165 2360 1234">
    <p class='ocr_par' dir='ltr' id='par_1_9' title="bbox 794 1165 2360 1234">
     <span class='ocr_line' id='line_1_9' title="bbox 794 1165 2360 1234; baseline -0.002 -17"><span class='ocrx_word' id='word_1_69' title='bbox 794 1166 913 1229; x_wconf 79' lang='lat' dir='ltr'><strong>ejus</strong></span> <span class='ocrx_word' id='word_1_70' title='bbox 955 1165 1216 1234; x_wconf 71' lang='lat' dir='ltr'><strong>dignitate</strong></span> <span class='ocrx_word' id='word_1_71' title='bbox 1270 1165 1560 1233; x_wconf 88' lang='lat' dir='ltr'><strong>plurimum</strong></span> <span class='ocrx_word' id='word_1_72' title='bbox 1590 1165 1816 1227; x_wconf 82' lang='lat' dir='ltr'><strong>distent,</strong></span> <span class='ocrx_word' id='word_1_73' title='bbox 1847 1173 1901 1217; x_wconf 92' lang='lat' dir='ltr'><strong>et</strong></span> <span class='ocrx_word' id='word_1_74' title='bbox 1930 1178 2110 1215; x_wconf 85' lang='lat' dir='ltr'><strong>rerum</strong></span> <span class='ocrx_word' id='word_1_75' title='bbox 2143 1173 2360 1216; x_wconf 91' lang='lat' dir='ltr'><strong>nostra-</strong></span> 
     </span>
    </p>
   </div>
   <div class='ocr_carea' id='block_1_10' title="bbox 795 1257 2361 1326">
    <p class='ocr_par' dir='ltr' id='par_1_10' title="bbox 795 1257 2361 1326">
     <span class='ocr_line' id='line_1_10' title="bbox 795 1257 2361 1326; baseline -0.001 -17"><span class='ocrx_word' id='word_1_76' title='bbox 795 1272 914 1309; x_wconf 87' lang='lat' dir='ltr'><strong>rum</strong></span> <span class='ocrx_word' id='word_1_77' title='bbox 946 1258 1079 1311; x_wconf 84' lang='lat' dir='ltr'><strong>nihil</strong></span> <span class='ocrx_word' id='word_1_78' title='bbox 1116 1273 1341 1326; x_wconf 83' lang='lat' dir='ltr'><strong>prorsus</strong></span> <span class='ocrx_word' id='word_1_79' title='bbox 1375 1258 1629 1326; x_wconf 82' lang='lat' dir='ltr'><strong>indigeat,</strong></span> <span class='ocrx_word' id='word_1_80' title='bbox 1664 1266 1717 1308; x_wconf 92' lang='lat' dir='ltr'><strong>at</strong></span> <span class='ocrx_word' id='word_1_81' title='bbox 1743 1257 1969 1308; x_wconf 86' lang='lat' dir='ltr'><strong>libenter</strong></span> <span class='ocrx_word' id='word_1_82' title='bbox 1996 1265 2175 1309; x_wconf 89' lang='lat' dir='ltr'><strong>tamen</strong></span> <span class='ocrx_word' id='word_1_83' title='bbox 2205 1269 2361 1308; x_wconf 86' lang='lat' dir='ltr'><strong>acce-</strong></span> 
     </span>
    </p>
   </div>
   <div class='ocr_carea' id='block_1_11' title="bbox 795 1346 2362 1417">
    <p class='ocr_par' dir='ltr' id='par_1_11' title="bbox 795 1346 2362 1417">
     <span class='ocr_line' id='line_1_11' title="bbox 795 1346 2362 1417; baseline -0.003 -14"><span class='ocrx_word' id='word_1_84' title='bbox 795 1360 1010 1417; x_wconf 89' lang='lat' dir='ltr'><strong>pturam</strong></span> <span class='ocrx_word' id='word_1_85' title='bbox 1040 1351 1155 1403; x_wconf 88' lang='lat' dir='ltr'><strong>scio</strong></span> <span class='ocrx_word' id='word_1_86' title='bbox 1185 1349 1326 1417; x_wconf 87' lang='lat' dir='ltr'><strong>quod</strong></span> <span class='ocrx_word' id='word_1_87' title='bbox 1355 1366 1381 1402; x_wconf 90' lang='lat' dir='ltr'><strong>a</strong></span> <span class='ocrx_word' id='word_1_88' title='bbox 1410 1350 1669 1402; x_wconf 85' lang='lat' dir='ltr'><strong>benevolo</strong></span> <span class='ocrx_word' id='word_1_89' title='bbox 1699 1348 1901 1401; x_wconf 89' lang='lat' dir='ltr'><strong>famqu</strong></span> <span class='ocrx_word' id='word_1_90' title='bbox 1922 1348 2199 1401; x_wconf 69' lang='lat' dir='ltr'><strong>otio-ratur.</strong></span> <span class='ocrx_word' id='word_1_91' title='bbox 2224 1346 2362 1400; x_wconf 78' lang='lat' dir='ltr'><strong>Puto</strong></span> 
     </span>
    </p>
   </div>
   <div class='ocr_carea' id='block_1_12' title="bbox 796 1440 2362 1508">
    <p class='ocr_par' dir='ltr' id='par_1_12' title="bbox 796 1440 2362 1508">
     <span class='ocr_line' id='line_1_12' title="bbox 796 1440 2362 1508; baseline -0.001 -15"><span class='ocrx_word' id='word_1_92' title='bbox 796 1450 977 1494; x_wconf 80' lang='lat' dir='ltr'><strong>autem</strong></span> <span class='ocrx_word' id='word_1_93' title='bbox 1012 1442 1382 1494; x_wconf 89' lang='lat' dir='ltr'><strong>confitendum</strong></span> <span class='ocrx_word' id='word_1_94' title='bbox 1408 1454 1531 1493; x_wconf 89' lang='lat' dir='ltr'><strong>esse</strong></span> <span class='ocrx_word' id='word_1_95' title='bbox 1562 1454 1660 1494; x_wconf 91' lang='lat' dir='ltr'><strong>nos</strong></span> <span class='ocrx_word' id='word_1_96' title='bbox 1692 1456 1720 1494; x_wconf 91' lang='lat' dir='ltr'><strong>a</strong></span> <span class='ocrx_word' id='word_1_97' title='bbox 1755 1454 1919 1508; x_wconf 88' lang='lat' dir='ltr'><strong>scopo</strong></span> <span class='ocrx_word' id='word_1_98' title='bbox 1948 1456 2051 1492; x_wconf 94' lang='lat' dir='ltr'><strong>non</strong></span> <span class='ocrx_word' id='word_1_99' title='bbox 2078 1440 2362 1493; x_wconf 86' lang='lat' dir='ltr'><strong>aberratu-</strong></span> 
     </span>
    </p>
   </div>
   <div class='ocr_carea' id='block_1_13' title="bbox 796 1534 2360 1605">
    <p class='ocr_par' dir='ltr' id='par_1_13' title="bbox 796 1534 2360 1605">
     <span class='ocr_line' id='line_1_13' title="bbox 796 1534 2360 1605; baseline -0.001 -15"><span class='ocrx_word' id='word_1_100' title='bbox 796 1552 909 1597; x_wconf 90' lang='lat' dir='ltr'><strong>ros,</strong></span> <span class='ocrx_word' id='word_1_101' title='bbox 968 1536 1177 1589; x_wconf 80' lang='lat' dir='ltr'><strong>favente</strong></span> <span class='ocrx_word' id='word_1_102' title='bbox 1230 1535 1324 1588; x_wconf 81' lang='lat' dir='ltr'><strong>Dei</strong></span> <span class='ocrx_word' id='word_1_103' title='bbox 1372 1534 1666 1598; x_wconf 86' lang='lat' dir='ltr'><strong>Genitrice,</strong></span> <span class='ocrx_word' id='word_1_104' title='bbox 1712 1552 1808 1604; x_wconf 85' lang='lat' dir='ltr'><strong>per</strong></span> <span class='ocrx_word' id='word_1_105' title='bbox 1860 1551 2021 1605; x_wconf 88' lang='lat' dir='ltr'><strong>quam</strong></span> <span class='ocrx_word' id='word_1_106' title='bbox 2073 1536 2360 1590; x_wconf 88' lang='lat' dir='ltr'><strong>imbecillis</strong></span> 
     </span>
    </p>
   </div>
   <div class='ocr_carea' id='block_1_14' title="bbox 796 1626 2362 1694">
    <p class='ocr_par' dir='ltr' id='par_1_14' title="bbox 796 1626 2362 1694">
     <span class='ocr_line' id='line_1_14' title="bbox 796 1626 2362 1694; baseline -0.002 -14"><span class='ocrx_word' id='word_1_107' title='bbox 796 1627 1111 1680; x_wconf 76' lang='lat' dir='ltr'><strong>difﬁcillima</strong></span> <span class='ocrx_word' id='word_1_108' title='bbox 1150 1626 1401 1680; x_wconf 89' lang='lat' dir='ltr'><strong>facillima</strong></span> <span class='ocrx_word' id='word_1_109' title='bbox 1428 1626 1579 1679; x_wconf 89' lang='lat' dir='ltr'><strong>fiunt.</strong></span> <span class='ocrx_word' id='word_1_110' title='bbox 1617 1626 1747 1678; x_wconf 82' lang='lat' dir='ltr'><strong>Dico</strong></span> <span class='ocrx_word' id='word_1_111' title='bbox 1775 1626 1939 1694; x_wconf 80' lang='lat' dir='ltr'><strong>igitur</strong></span> <span class='ocrx_word' id='word_1_112' title='bbox 1965 1626 2066 1679; x_wconf 92' lang='lat' dir='ltr'><strong>tria</strong></span> <span class='ocrx_word' id='word_1_113' title='bbox 2091 1641 2211 1679; x_wconf 90' lang='lat' dir='ltr'><strong>esse</strong></span> <span class='ocrx_word' id='word_1_114' title='bbox 2236 1641 2362 1693; x_wconf 85' lang='lat' dir='ltr'><strong>pro-</strong></span> 
     </span>
    </p>
   </div>
   <div class='ocr_carea' id='block_1_15' title="bbox 797 1714 2360 1785">
    <p class='ocr_par' dir='ltr' id='par_1_15' title="bbox 797 1714 2360 1785">
     <span class='ocr_line' id='line_1_15' title="bbox 797 1714 2360 1785; baseline -0.001 -15"><span class='ocrx_word' id='word_1_115' title='bbox 797 1729 912 1785; x_wconf 85' lang='lat' dir='ltr'><strong>pter</strong></span> <span class='ocrx_word' id='word_1_116' title='bbox 958 1735 1078 1785; x_wconf 67' lang='lat' dir='ltr'><strong>qum</strong></span> <span class='ocrx_word' id='word_1_117' title='bbox 1117 1734 1307 1772; x_wconf 85' lang='lat' dir='ltr'><strong>omnes</strong></span> <span class='ocrx_word' id='word_1_118' title='bbox 1368 1730 1595 1771; x_wconf 90' lang='lat' dir='ltr'><strong>mortem</strong></span> <span class='ocrx_word' id='word_1_119' title='bbox 1653 1717 2066 1785; x_wconf 80' lang='lat' dir='ltr'><strong>pertimescunt.</strong></span> <span class='ocrx_word' id='word_1_120' title='bbox 2122 1714 2360 1768; x_wconf 90' lang='lat' dir='ltr'><strong>Primum</strong></span> 
     </span>
    </p>
   </div>
   <div class='ocr_carea' id='block_1_16' title="bbox 802 1809 2364 1881">
    <p class='ocr_par' dir='ltr' id='par_1_16' title="bbox 802 1809 2364 1881">
     <span class='ocr_line' id='line_1_16' title="bbox 802 1809 2364 1881; baseline -0.002 -17"><span class='ocrx_word' id='word_1_121' title='bbox 802 1813 1046 1880; x_wconf 87' lang='lat' dir='ltr'><strong>quidem,</strong></span> <span class='ocrx_word' id='word_1_122' title='bbox 1078 1812 1219 1881; x_wconf 84' lang='lat' dir='ltr'><strong>quod</strong></span> <span class='ocrx_word' id='word_1_123' title='bbox 1254 1827 1359 1865; x_wconf 85' lang='lat' dir='ltr'><strong>non</strong></span> <span class='ocrx_word' id='word_1_124' title='bbox 1395 1821 1477 1863; x_wconf 83' lang='lat' dir='ltr'><strong>est</strong></span> <span class='ocrx_word' id='word_1_125' title='bbox 1509 1811 1661 1864; x_wconf 84' lang='lat' dir='ltr'><strong>valde</strong></span> <span class='ocrx_word' id='word_1_126' title='bbox 1695 1811 2037 1865; x_wconf 89' lang='lat' dir='ltr'><strong>manifestum</strong></span> <span class='ocrx_word' id='word_1_127' title='bbox 2078 1809 2364 1863; x_wconf 74' lang='lat' dir='ltr'><strong>conscien-</strong></span> 
     </span>
    </p>
   </div>
   <div class='ocr_carea' id='block_1_17' title="bbox 2485 616 4035 679">
    <p class='ocr_par' dir='ltr' id='par_1_17' title="bbox 2485 616 4035 679">
     <span class='ocr_line' id='line_1_17' title="bbox 2485 616 4035 679; baseline 0.01 -19"><span class='ocrx_word' id='word_1_128' title='bbox 2485 620 2712 671; x_wconf 85' lang='lat' dir='ltr'><strong>terrcnt,</strong></span> <span class='ocrx_word' id='word_1_129' title='bbox 2746 621 2797 663; x_wconf 89' lang='lat' dir='ltr'><strong>et</strong></span> <span class='ocrx_word' id='word_1_130' title='bbox 2861 627 3114 679; x_wconf 81' lang='lat' dir='ltr'><strong>pavorem</strong></span> <span class='ocrx_word' id='word_1_131' title='bbox 3152 616 3203 667; x_wconf 89' lang='lat' dir='ltr'><strong>in</strong></span> <span class='ocrx_word' id='word_1_132' title='bbox 3242 617 3424 671; x_wconf 89' lang='lat' dir='ltr'><strong>utittnt</strong></span> <span class='ocrx_word' id='word_1_133' title='bbox 3480 622 3672 675; x_wconf 88' lang='lat' dir='ltr'><strong>animis</strong></span> <span class='ocrx_word' id='word_1_134' title='bbox 3706 638 3808 675; x_wconf 88' lang='lat' dir='ltr'><strong>non</strong></span> <span class='ocrx_word' id='word_1_135' title='bbox 3846 640 4035 677; x_wconf 89' lang='lat' dir='ltr'><strong>eorum</strong></span> 
     </span>
    </p>
   </div>
   <div class='ocr_carea' id='block_1_18' title="bbox 2489 702 4035 773">
    <p class='ocr_par' dir='ltr' id='par_1_18' title="bbox 2489 702 4035 773">
     <span class='ocr_line' id='line_1_18' title="bbox 2489 702 4035 773; baseline 0.011 -22"><span class='ocrx_word' id='word_1_136' title='bbox 2489 710 2701 754; x_wconf 86' lang='lat' dir='ltr'><strong>tantum</strong></span> <span class='ocrx_word' id='word_1_137' title='bbox 2740 702 2832 769; x_wconf 91' lang='lat' dir='ltr'><strong>qui</strong></span> <span class='ocrx_word' id='word_1_138' title='bbox 2866 718 3045 755; x_wconf 83' lang='lat' dir='ltr'><strong>rerum</strong></span> <span class='ocrx_word' id='word_1_139' title='bbox 3081 709 3428 773; x_wconf 69' lang='lat' dir='ltr'><strong>priesentium</strong></span> <span class='ocrx_word' id='word_1_140' title='bbox 3462 710 3732 765; x_wconf 81' lang='lat' dir='ltr'><strong>illecebris</strong></span> <span class='ocrx_word' id='word_1_141' title='bbox 3761 715 4035 767; x_wconf 86' lang='lat' dir='ltr'><strong>deliniun-</strong></span> 
     </span>
    </p>
   </div>
   <div class='ocr_carea' id='block_1_19' title="bbox 2487 793 4035 874">
    <p class='ocr_par' dir='ltr' id='par_1_19' title="bbox 2487 793 4035 874">
     <span class='ocr_line' id='line_1_19' title="bbox 2487 793 4035 874; baseline 0.01 -31"><span class='ocrx_word' id='word_1_142' title='bbox 2487 800 2595 852; x_wconf 87' lang='lat' dir='ltr'><strong>tur,</strong></span> <span class='ocrx_word' id='word_1_143' title='bbox 2634 793 2725 860; x_wconf 92' lang='lat' dir='ltr'><strong>qui</strong></span> <span class='ocrx_word' id='word_1_144' title='bbox 2763 808 2860 846; x_wconf 81' lang='lat' dir='ltr'><strong>nec</strong></span> <span class='ocrx_word' id='word_1_145' title='bbox 2899 795 3075 849; x_wconf 92' lang='lat' dir='ltr'><strong>vivere</strong></span> <span class='ocrx_word' id='word_1_146' title='bbox 3107 797 3323 860; x_wconf 85' lang='lat' dir='ltr'><strong>vellent,</strong></span> <span class='ocrx_word' id='word_1_147' title='bbox 3354 800 3404 852; x_wconf 90' lang='lat' dir='ltr'><strong>ni</strong></span> <span class='ocrx_word' id='word_1_148' title='bbox 3437 801 3537 853; x_wconf 86' lang='lat' dir='ltr'><strong>sibi</strong></span> <span class='ocrx_word' id='word_1_149' title='bbox 3570 802 3723 855; x_wconf 87' lang='lat' dir='ltr'><strong>liceat</strong></span> <span class='ocrx_word' id='word_1_150' title='bbox 3758 804 4035 874; x_wconf 78' lang='lat' dir='ltr'><strong>indulgere</strong></span> 
     </span>
    </p>
   </div>
   <div class='ocr_carea' id='block_1_20' title="bbox 2486 886 4037 964">
    <p class='ocr_par' dir='ltr' id='par_1_20' title="bbox 2486 886 4037 964">
     <span class='ocr_line' id='line_1_20' title="bbox 2486 886 4037 964; baseline 0.007 -28"><span class='ocrx_word' id='word_1_151' title='bbox 2486 886 2669 951; x_wconf 84' lang='lat' dir='ltr'><strong>genio,</strong></span> <span class='ocrx_word' id='word_1_152' title='bbox 2702 886 2796 938; x_wconf 87' lang='lat' dir='ltr'><strong>sed</strong></span> <span class='ocrx_word' id='word_1_153' title='bbox 2826 887 3013 939; x_wconf 83' lang='lat' dir='ltr'><strong>virtuti</strong></span> <span class='ocrx_word' id='word_1_154' title='bbox 3043 902 3259 956; x_wconf 90' lang='lat' dir='ltr'><strong>quoque</strong></span> <span class='ocrx_word' id='word_1_155' title='bbox 3286 890 3607 952; x_wconf 86' lang='lat' dir='ltr'><strong>deditorum,</strong></span> <span class='ocrx_word' id='word_1_156' title='bbox 3645 896 3733 961; x_wconf 90' lang='lat' dir='ltr'><strong>qui</strong></span> <span class='ocrx_word' id='word_1_157' title='bbox 3777 896 4037 964; x_wconf 85' lang='lat' dir='ltr'><strong>concupi-</strong></span> 
     </span>
    </p>
   </div>
   <div class='ocr_carea' id='block_1_21' title="bbox 2482 976 4031 1052">
    <p class='ocr_par' dir='ltr' id='par_1_21' title="bbox 2482 976 4031 1052">
     <span class='ocr_line' id='line_1_21' title="bbox 2482 976 4031 1052; baseline 0.01 -28"><span class='ocrx_word' id='word_1_158' title='bbox 2482 976 2741 1027; x_wconf 67' lang='lat' dir='ltr'><strong>scentiam</strong></span> <span class='ocrx_word' id='word_1_159' title='bbox 2798 986 2849 1029; x_wconf 91' lang='lat' dir='ltr'><strong>et</strong></span> <span class='ocrx_word' id='word_1_160' title='bbox 2902 978 3034 1028; x_wconf 88' lang='lat' dir='ltr'><strong>iram</strong></span> <span class='ocrx_word' id='word_1_161' title='bbox 3094 980 3321 1033; x_wconf 80' lang='lat' dir='ltr'><strong>rationis</strong></span> <span class='ocrx_word' id='word_1_162' title='bbox 3379 982 3530 1035; x_wconf 93' lang='lat' dir='ltr'><strong>freno</strong></span> <span class='ocrx_word' id='word_1_163' title='bbox 3603 999 3783 1052; x_wconf 87' lang='lat' dir='ltr'><strong>regere</strong></span> <span class='ocrx_word' id='word_1_164' title='bbox 3826 988 4031 1039; x_wconf 78' lang='lat' dir='ltr'><strong>volunt.</strong></span> 
     </span>
    </p>
   </div>
   <div class='ocr_carea' id='block_1_22' title="bbox 2486 1062 4033 1139">
    <p class='ocr_par' dir='ltr' id='par_1_22' title="bbox 2486 1062 4033 1139">
     <span class='ocr_line' id='line_1_22' title="bbox 2486 1062 4033 1139; baseline 0.008 -24"><span class='ocrx_word' id='word_1_165' title='bbox 2486 1062 2644 1115; x_wconf 90' lang='lat' dir='ltr'><strong>Subit</strong></span> <span class='ocrx_word' id='word_1_166' title='bbox 2674 1067 2816 1117; x_wconf 90' lang='lat' dir='ltr'><strong>enim</strong></span> <span class='ocrx_word' id='word_1_167' title='bbox 2849 1067 3167 1119; x_wconf 82' lang='lat' dir='ltr'><strong>omnibuset</strong></span> <span class='ocrx_word' id='word_1_168' title='bbox 3198 1069 3474 1124; x_wconf 87' lang='lat' dir='ltr'><strong>horrorem</strong></span> <span class='ocrx_word' id='word_1_169' title='bbox 3497 1073 3690 1139; x_wconf 68' lang='lat' dir='ltr'><strong>injicit,</strong></span> <span class='ocrx_word' id='word_1_170' title='bbox 3720 1090 3825 1127; x_wconf 91' lang='lat' dir='ltr'><strong>non</strong></span> <span class='ocrx_word' id='word_1_171' title='bbox 3854 1083 4033 1128; x_wconf 81' lang='lat' dir='ltr'><strong>tamen</strong></span> 
     </span>
    </p>
   </div>
   <div class='ocr_carea' id='block_1_23' title="bbox 2484 1153 4035 1229">
    <p class='ocr_par' dir='ltr' id='par_1_23' title="bbox 2484 1153 4035 1229">
     <span class='ocr_line' id='line_1_23' title="bbox 2484 1153 4035 1229; baseline 0.011 -26"><span class='ocrx_word' id='word_1_172' title='bbox 2484 1153 2597 1221; x_wconf 87' lang='lat' dir='ltr'><strong>pari</strong></span> <span class='ocrx_word' id='word_1_173' title='bbox 2660 1155 2897 1208; x_wconf 90' lang='lat' dir='ltr'><strong>modulo.</strong></span> <span class='ocrx_word' id='word_1_174' title='bbox 2960 1156 3237 1223; x_wconf 88' lang='lat' dir='ltr'><strong>Siquidem</strong></span> <span class='ocrx_word' id='word_1_175' title='bbox 3293 1162 3357 1213; x_wconf 87' lang='lat' dir='ltr'><strong>ad</strong></span> <span class='ocrx_word' id='word_1_176' title='bbox 3416 1163 3679 1229; x_wconf 83' lang='lat' dir='ltr'><strong>cujusque</strong></span> <span class='ocrx_word' id='word_1_177' title='bbox 3733 1166 3892 1218; x_wconf 86' lang='lat' dir='ltr'><strong>vitam</strong></span> <span class='ocrx_word' id='word_1_178' title='bbox 3925 1167 4035 1220; x_wconf 72' lang='lat' dir='ltr'><strong>haec</strong></span> 
     </span>
    </p>
   </div>
   <div class='ocr_carea' id='block_1_24' title="bbox 2489 1246 4033 1321">
    <p class='ocr_par' dir='ltr' id='par_1_24' title="bbox 2489 1246 4033 1321">
     <span class='ocr_line' id='line_1_24' title="bbox 2489 1246 4033 1321; baseline 0.009 -25"><span class='ocrx_word' id='word_1_179' title='bbox 2489 1246 2789 1300; x_wconf 78' lang='lat' dir='ltr'><strong>variantur.</strong></span> <span class='ocrx_word' id='word_1_180' title='bbox 2849 1249 3032 1316; x_wconf 81' lang='lat' dir='ltr'><strong>Itaque</strong></span> <span class='ocrx_word' id='word_1_181' title='bbox 3080 1258 3133 1303; x_wconf 87' lang='lat' dir='ltr'><strong>et</strong></span> <span class='ocrx_word' id='word_1_182' title='bbox 3165 1268 3259 1306; x_wconf 91' lang='lat' dir='ltr'><strong>eos</strong></span> <span class='ocrx_word' id='word_1_183' title='bbox 3302 1256 3393 1321; x_wconf 92' lang='lat' dir='ltr'><strong>qui</strong></span> <span class='ocrx_word' id='word_1_184' title='bbox 3436 1267 3622 1310; x_wconf 90' lang='lat' dir='ltr'><strong>sancte</strong></span> <span class='ocrx_word' id='word_1_185' title='bbox 3670 1259 3941 1321; x_wconf 79' lang='lat' dir='ltr'><strong>vixerunt,</strong></span> <span class='ocrx_word' id='word_1_186' title='bbox 3981 1269 4033 1310; x_wconf 70' lang='lat' dir='ltr'><strong>et</strong></span> 
     </span>
    </p>
   </div>
   <div class='ocr_carea' id='block_1_25' title="bbox 2482 1336 4035 1416">
    <p class='ocr_par' dir='ltr' id='par_1_25' title="bbox 2482 1336 4035 1416">
     <span class='ocr_line' id='line_1_25' title="bbox 2482 1336 4035 1416; baseline 0.011 -31"><span class='ocrx_word' id='word_1_187' title='bbox 2482 1336 2571 1404; x_wconf 89' lang='lat' dir='ltr'><strong>qui</strong></span> <span class='ocrx_word' id='word_1_188' title='bbox 2592 1351 2767 1398; x_wconf 87' lang='lat' dir='ltr'><strong>secus,</strong></span> <span class='ocrx_word' id='word_1_189' title='bbox 2800 1337 3205 1395; x_wconf 90' lang='lat' dir='ltr'><strong>incertitudiuis</strong></span> <span class='ocrx_word' id='word_1_190' title='bbox 3238 1340 3471 1397; x_wconf 89' lang='lat' dir='ltr'><strong>formido</strong></span> <span class='ocrx_word' id='word_1_191' title='bbox 3488 1345 3747 1411; x_wconf 85' lang='lat' dir='ltr'><strong>adoritur,</strong></span> <span class='ocrx_word' id='word_1_192' title='bbox 3776 1350 3839 1399; x_wconf 90' lang='lat' dir='ltr'><strong>ad</strong></span> <span class='ocrx_word' id='word_1_193' title='bbox 3868 1348 4035 1416; x_wconf 81' lang='lat' dir='ltr'><strong>justi-</strong></span> 
     </span>
    </p>
   </div>
   <div class='ocr_carea' id='block_1_26' title="bbox 2484 1424 4032 1507">
    <p class='ocr_par' dir='ltr' id='par_1_26' title="bbox 2484 1424 4032 1507">
     <span class='ocr_line' id='line_1_26' title="bbox 2484 1424 4032 1507; baseline 0.008 -32"><span class='ocrx_word' id='word_1_194' title='bbox 2484 1424 2618 1477; x_wconf 89' lang='lat' dir='ltr'><strong>tiam</strong></span> <span class='ocrx_word' id='word_1_195' title='bbox 2644 1428 2998 1493; x_wconf 82' lang='lat' dir='ltr'><strong>respicientes</strong></span> <span class='ocrx_word' id='word_1_196' title='bbox 3029 1431 3339 1495; x_wconf 89' lang='lat' dir='ltr'><strong>humauam,</strong></span> <span class='ocrx_word' id='word_1_197' title='bbox 3362 1436 3482 1501; x_wconf 84' lang='lat' dir='ltr'><strong>quia</strong></span> <span class='ocrx_word' id='word_1_198' title='bbox 3505 1452 3604 1488; x_wconf 84' lang='lat' dir='ltr'><strong>non</strong></span> <span class='ocrx_word' id='word_1_199' title='bbox 3632 1437 4032 1507; x_wconf 77' lang='lat' dir='ltr'><strong>justiﬁcabitur,</strong></span> 
     </span>
    </p>
   </div>
   <div class='ocr_carea' id='block_1_27' title="bbox 2480 1513 4033 1596">
    <p class='ocr_par' dir='ltr' id='par_1_27' title="bbox 2480 1513 4033 1596">
     <span class='ocr_line' id='line_1_27' title="bbox 2480 1513 4033 1596; baseline 0.012 -32"><span class='ocrx_word' id='word_1_200' title='bbox 2480 1513 2678 1581; x_wconf 84' lang='lat' dir='ltr'><strong>inquit,</strong></span> <span class='ocrx_word' id='word_1_201' title='bbox 2725 1518 2776 1569; x_wconf 84' lang='lat' dir='ltr'><strong>in</strong></span> <span class='ocrx_word' id='word_1_202' title='bbox 2816 1531 3095 1585; x_wconf 77' lang='lat' dir='ltr'><strong>conspectu</strong></span> <span class='ocrx_word' id='word_1_203' title='bbox 3135 1532 3222 1574; x_wconf 81' lang='lat' dir='ltr'><strong>tuo</strong></span> <span class='ocrx_word' id='word_1_204' title='bbox 3250 1528 3417 1577; x_wconf 76' lang='lat' dir='ltr'><strong>omnis</strong></span> <span class='ocrx_word' id='word_1_205' title='bbox 3448 1529 3616 1580; x_wconf 76' lang='lat' dir='ltr'><strong>vivens</strong></span> <span class='ocrx_word' id='word_1_206' title='bbox 3643 1531 3660 1596; x_wconf 95' lang='lat'><strong>(</strong></span> <span class='ocrx_word' id='word_1_207' title='bbox 3684 1530 3833 1582; x_wconf 74' lang='lat' dir='ltr'><strong>Paul.</strong></span> <span class='ocrx_word' id='word_1_208' title='bbox 3865 1546 4033 1593; x_wconf 71' lang='lat' dir='ltr'><strong>cxttt,</strong></span> 
     </span>
    </p>
   </div>
   <div class='ocr_carea' id='block_1_28' title="bbox 2478 1602 4032 1692">
    <p class='ocr_par' dir='ltr' id='par_1_28' title="bbox 2478 1602 4032 1692">
     <span class='ocr_line' id='line_1_28' title="bbox 2478 1602 4032 1692; baseline 0.012 -35"><span class='ocrx_word' id='word_1_209' title='bbox 2478 1602 2560 1672; x_wconf 75' lang='grc'><strong>2).</strong></span> <span class='ocrx_word' id='word_1_210' title='bbox 2612 1607 2670 1660; x_wconf 87' lang='lat' dir='ltr'><strong>Si</strong></span> <span class='ocrx_word' id='word_1_211' title='bbox 2730 1610 2873 1661; x_wconf 87' lang='lat' dir='ltr'><strong>enim</strong></span> <span class='ocrx_word' id='word_1_212' title='bbox 2932 1610 2992 1662; x_wconf 85' lang='grc' dir='ltr'><strong>Β.</strong></span> <span class='ocrx_word' id='word_1_213' title='bbox 3053 1614 3277 1675; x_wconf 81' lang='lat' dir='ltr'><strong>Paulus,</strong></span> <span class='ocrx_word' id='word_1_214' title='bbox 3342 1621 3537 1671; x_wconf 65' lang='lat' dir='ltr'><strong>cadum</strong></span> <span class='ocrx_word' id='word_1_215' title='bbox 3574 1621 3662 1674; x_wconf 90' lang='lat' dir='ltr'><strong>ille</strong></span> <span class='ocrx_word' id='word_1_216' title='bbox 3708 1625 4032 1692; x_wconf 76' lang='lat' dir='ltr'><strong>contingens</strong></span> 
     </span>
    </p>
   </div>
   <div class='ocr_carea' id='block_1_29' title="bbox 2479 1698 4030 1779">
    <p class='ocr_par' dir='ltr' id='par_1_29' title="bbox 2479 1698 4030 1779">
     <span class='ocr_line' id='line_1_29' title="bbox 2479 1698 4030 1779; baseline 0.013 -31"><span class='ocrx_word' id='word_1_217' title='bbox 2479 1698 2721 1761; x_wconf 86' lang='lat' dir='ltr'><strong>animus,</strong></span> <span class='ocrx_word' id='word_1_218' title='bbox 2758 1716 2852 1754; x_wconf 90' lang='lat' dir='ltr'><strong>vas</strong></span> <span class='ocrx_word' id='word_1_219' title='bbox 2883 1704 3190 1768; x_wconf 85' lang='lat' dir='ltr'><strong>electionis,</strong></span> <span class='ocrx_word' id='word_1_220' title='bbox 3236 1709 3366 1759; x_wconf 89' lang='lat' dir='ltr'><strong>nihil</strong></span> <span class='ocrx_word' id='word_1_221' title='bbox 3398 1711 3499 1762; x_wconf 86' lang='lat' dir='ltr'><strong>sibi</strong></span> <span class='ocrx_word' id='word_1_222' title='bbox 3531 1713 3744 1779; x_wconf 90' lang='lat' dir='ltr'><strong>quidem</strong></span> <span class='ocrx_word' id='word_1_223' title='bbox 3772 1717 4030 1768; x_wconf 87' lang='lat' dir='ltr'><strong>conscius</strong></span> 
     </span>
    </p>
   </div>
   <div class='ocr_carea' id='block_1_30' title="bbox 2478 1786 4027 1868">
    <p class='ocr_par' dir='ltr' id='par_1_30' title="bbox 2478 1786 4027 1868">
     <span class='ocr_line' id='line_1_30' title="bbox 2478 1786 4027 1868; baseline 0.01 -32"><span class='ocrx_word' id='word_1_224' title='bbox 2478 1793 2581 1848; x_wconf 89' lang='lat' dir='ltr'><strong>est,</strong></span> <span class='ocrx_word' id='word_1_225' title='bbox 2611 1786 2706 1837; x_wconf 91' lang='lat' dir='ltr'><strong>sed</strong></span> <span class='ocrx_word' id='word_1_226' title='bbox 2735 1803 2841 1839; x_wconf 89' lang='lat' dir='ltr'><strong>non</strong></span> <span class='ocrx_word' id='word_1_227' title='bbox 2879 1789 2930 1839; x_wconf 87' lang='lat' dir='ltr'><strong>iti</strong></span> <span class='ocrx_word' id='word_1_228' title='bbox 2967 1791 3067 1843; x_wconf 86' lang='lat' dir='ltr'><strong>hoc</strong></span> <span class='ocrx_word' id='word_1_229' title='bbox 3096 1792 3429 1858; x_wconf 88' lang='lat' dir='ltr'><strong>justilieatus</strong></span> <span class='ocrx_word' id='word_1_230' title='bbox 3457 1807 3557 1859; x_wconf 84' lang='lat' dir='ltr'><strong>est,</strong></span> <span class='ocrx_word' id='word_1_231' title='bbox 3590 1808 3645 1850; x_wconf 92' lang='lat' dir='ltr'><strong>ut</strong></span> <span class='ocrx_word' id='word_1_232' title='bbox 3680 1800 3767 1851; x_wconf 88' lang='lat' dir='ltr'><strong>ille</strong></span> <span class='ocrx_word' id='word_1_233' title='bbox 3791 1801 3905 1868; x_wconf 86' lang='lat' dir='ltr'><strong>ipse</strong></span> <span class='ocrx_word' id='word_1_234' title='bbox 3932 1805 4027 1863; x_wconf 87' lang='lat' dir='ltr'><strong>ait,</strong></span> 
     </span>
    </p>
   </div>
   <div class='ocr_carea' id='block_1_31' title="bbox 804 1877 2463 1971">
    <p class='ocr_par' dir='ltr' id='par_1_31' title="bbox 804 1877 2439 1971">
     <span class='ocr_line' id='line_1_31' title="bbox 804 1877 2439 1971; baseline -0.002 -14"><span class='ocrx_word' id='word_1_235' title='bbox 804 1877 889 1957; x_wconf 47' lang='lat' dir='ltr'><strong>tia)</strong></span> <span class='ocrx_word' id='word_1_236' title='bbox 919 1904 1048 1971; x_wconf 91' lang='lat' dir='ltr'><strong>quid</strong></span> <span class='ocrx_word' id='word_1_237' title='bbox 1085 1877 1327 1956; x_wconf 65' lang='lat' dir='ltr'><strong>initurum</strong></span> <span class='ocrx_word' id='word_1_238' title='bbox 1364 1904 1435 1957; x_wconf 89' lang='lat' dir='ltr'><strong>sit</strong></span> <span class='ocrx_word' id='word_1_239' title='bbox 1468 1904 1519 1956; x_wconf 92' lang='lat' dir='ltr'><strong>in</strong></span> <span class='ocrx_word' id='word_1_240' title='bbox 1553 1905 1717 1956; x_wconf 88' lang='lat' dir='ltr'><strong>altera</strong></span> <span class='ocrx_word' id='word_1_241' title='bbox 1752 1904 1858 1955; x_wconf 89' lang='lat' dir='ltr'><strong>vita</strong></span> <span class='ocrx_word' id='word_1_242' title='bbox 1895 1903 2113 1971; x_wconf 86' lang='lat' dir='ltr'><strong>quando</strong></span> <span class='ocrx_word' id='word_1_243' title='bbox 2144 1901 2363 1954; x_wconf 88' lang='lat' dir='ltr'><strong>univer-</strong></span> <span class='ocrx_word' id='word_1_244' title='bbox 2394 1894 2439 1954; x_wconf 86' lang='grc' dir='ltr'><strong>Β</strong></span> 
     </span>
    </p>
   </div>
   <div class='ocr_carea' id='block_1_32' title="bbox 2363 1877 4022 1971">
    <p class='ocr_par' dir='ltr' id='par_1_32' title="bbox 2394 1877 4022 1954">
     <span class='ocr_line' id='line_1_32' title="bbox 2394 1877 4022 1954; baseline 0.012 -30"><span class='ocrx_word' id='word_1_245' title='bbox 2394 1894 2439 1954; x_wconf 76' lang='grc' dir='ltr'><strong>Β</strong></span> <span class='ocrx_word' id='word_1_246' title='bbox 2479 1877 2624 1942; x_wconf 83' lang='lat' dir='ltr'><strong>quis,</strong></span> <span class='ocrx_word' id='word_1_247' title='bbox 2668 1892 2878 1944; x_wconf 68' lang='lat' dir='ltr'><strong>quaeso,</strong></span> <span class='ocrx_word' id='word_1_248' title='bbox 2899 1880 3063 1945; x_wconf 89' lang='lat' dir='ltr'><strong>alius,</strong></span> <span class='ocrx_word' id='word_1_249' title='bbox 3087 1885 3123 1933; x_wconf 79' lang='lat' dir='ltr'><strong>s1</strong></span> <span class='ocrx_word' id='word_1_250' title='bbox 3158 1884 3352 1951; x_wconf 88' lang='lat' dir='ltr'><strong>sapiat.</strong></span> <span class='ocrx_word' id='word_1_251' title='bbox 3373 1886 3437 1939; x_wconf 88' lang='lat' dir='ltr'><strong>de</strong></span> <span class='ocrx_word' id='word_1_252' title='bbox 3466 1889 3643 1940; x_wconf 90' lang='lat' dir='ltr'><strong>anima</strong></span> <span class='ocrx_word' id='word_1_253' title='bbox 3662 1906 3755 1942; x_wconf 91' lang='lat' dir='ltr'><strong>sua</strong></span> <span class='ocrx_word' id='word_1_254' title='bbox 3774 1896 4022 1951; x_wconf 70' lang='lat' dir='ltr'><strong>confidat,</strong></span> 
     </span>
    </p>
   </div>
   <div class='ocr_carea' id='block_1_33' title="bbox 798 1992 2361 2064">
    <p class='ocr_par' dir='ltr' id='par_1_33' title="bbox 798 1992 2361 2064">
     <span class='ocr_line' id='line_1_33' title="bbox 798 1992 2361 2064; baseline -0.003 -16"><span class='ocrx_word' id='word_1_255' title='bbox 798 2011 919 2049; x_wconf 90' lang='lat' dir='ltr'><strong>sum</strong></span> <span class='ocrx_word' id='word_1_256' title='bbox 948 2011 1119 2064; x_wconf 83' lang='lat' dir='ltr'><strong>genus</strong></span> <span class='ocrx_word' id='word_1_257' title='bbox 1160 2004 1405 2049; x_wconf 89' lang='lat' dir='ltr'><strong>nostrum</strong></span> <span class='ocrx_word' id='word_1_258' title='bbox 1443 2005 1628 2064; x_wconf 79' lang='lat' dir='ltr'><strong>surget</strong></span> <span class='ocrx_word' id='word_1_259' title='bbox 1660 2010 1687 2046; x_wconf 91' lang='lat' dir='ltr'><strong>a</strong></span> <span class='ocrx_word' id='word_1_260' title='bbox 1721 1995 1829 2048; x_wconf 89' lang='lat' dir='ltr'><strong>Deo</strong></span> <span class='ocrx_word' id='word_1_261' title='bbox 1858 1995 2233 2062; x_wconf 87' lang='lat' dir='ltr'><strong>judicandum,</strong></span> <span class='ocrx_word' id='word_1_262' title='bbox 2258 1992 2361 2048; x_wconf 87' lang='lat' dir='ltr'><strong>nisi</strong></span> 
     </span>
    </p>
   </div>
   <div class='ocr_carea' id='block_1_34' title="bbox 800 2088 2359 2156">
    <p class='ocr_par' dir='ltr' id='par_1_34' title="bbox 800 2088 2359 2156">
     <span class='ocr_line' id='line_1_34' title="bbox 800 2088 2359 2156; baseline 0 -15"><span class='ocrx_word' id='word_1_263' title='bbox 800 2089 887 2141; x_wconf 92' lang='lat' dir='ltr'><strong>cui</strong></span> <span class='ocrx_word' id='word_1_264' title='bbox 938 2090 1202 2143; x_wconf 86' lang='lat' dir='ltr'><strong>divinitus</strong></span> <span class='ocrx_word' id='word_1_265' title='bbox 1256 2088 1416 2143; x_wconf 90' lang='lat' dir='ltr'><strong>fuerit</strong></span> <span class='ocrx_word' id='word_1_266' title='bbox 1481 2090 1797 2143; x_wconf 83' lang='lat' dir='ltr'><strong>revelatum.</strong></span> <span class='ocrx_word' id='word_1_267' title='bbox 1855 2088 2168 2141; x_wconf 88' lang='lat' dir='ltr'><strong>Secundum</strong></span> <span class='ocrx_word' id='word_1_268' title='bbox 2214 2088 2359 2156; x_wconf 88' lang='lat' dir='ltr'><strong>quod</strong></span> 
     </span>
    </p>
   </div>
   <div class='ocr_carea' id='block_1_35' title="bbox 796 2182 2365 2250">
    <p class='ocr_par' dir='ltr' id='par_1_35' title="bbox 796 2182 2365 2250">
     <span class='ocr_line' id='line_1_35' title="bbox 796 2182 2365 2250; baseline -0.001 -15"><span class='ocrx_word' id='word_1_269' title='bbox 796 2182 1064 2236; x_wconf 90' lang='lat' dir='ltr'><strong>discessio</strong></span> <span class='ocrx_word' id='word_1_270' title='bbox 1094 2182 1185 2234; x_wconf 84' lang='lat' dir='ltr'><strong>ﬁat</strong></span> <span class='ocrx_word' id='word_1_271' title='bbox 1219 2182 1286 2234; x_wconf 92' lang='lat' dir='ltr'><strong>ah</strong></span> <span class='ocrx_word' id='word_1_272' title='bbox 1318 2183 1463 2235; x_wconf 92' lang='lat' dir='ltr'><strong>omni</strong></span> <span class='ocrx_word' id='word_1_273' title='bbox 1497 2197 1692 2250; x_wconf 82' lang='lat' dir='ltr'><strong>genere</strong></span> <span class='ocrx_word' id='word_1_274' title='bbox 1735 2182 2051 2249; x_wconf 86' lang='lat' dir='ltr'><strong>voluptatis,</strong></span> <span class='ocrx_word' id='word_1_275' title='bbox 2089 2192 2141 2236; x_wconf 91' lang='lat' dir='ltr'><strong>et</strong></span> <span class='ocrx_word' id='word_1_276' title='bbox 2163 2196 2365 2250; x_wconf 80' lang='lat' dir='ltr'><strong>cogna-</strong></span> 
     </span>
    </p>
   </div>
   <div class='ocr_carea' id='block_1_36' title="bbox 796 2274 2364 2341">
    <p class='ocr_par' dir='ltr' id='par_1_36' title="bbox 796 2274 2364 2341">
     <span class='ocr_line' id='line_1_36' title="bbox 796 2274 2364 2341; baseline 0.003 -16"><span class='ocrx_word' id='word_1_277' title='bbox 796 2275 964 2337; x_wconf 90' lang='lat' dir='ltr'><strong>tione,</strong></span> <span class='ocrx_word' id='word_1_278' title='bbox 996 2286 1049 2326; x_wconf 91' lang='lat' dir='ltr'><strong>et</strong></span> <span class='ocrx_word' id='word_1_279' title='bbox 1082 2275 1360 2335; x_wconf 84' lang='lat' dir='ltr'><strong>anticis,et</strong></span> <span class='ocrx_word' id='word_1_280' title='bbox 1390 2274 1612 2341; x_wconf 82' lang='lat' dir='ltr'><strong>antiqua</strong></span> <span class='ocrx_word' id='word_1_281' title='bbox 1645 2274 2055 2336; x_wconf 84' lang='lat' dir='ltr'><strong>consuetudine,</strong></span> <span class='ocrx_word' id='word_1_282' title='bbox 2088 2284 2141 2331; x_wconf 93' lang='lat' dir='ltr'><strong>et</strong></span> <span class='ocrx_word' id='word_1_283' title='bbox 2173 2276 2364 2341; x_wconf 88' lang='lat' dir='ltr'><strong>hujus-</strong></span> 
     </span>
    </p>
   </div>
   <div class='ocr_carea' id='block_1_37' title="bbox 796 2365 2361 2437">
    <p class='ocr_par' dir='ltr' id='par_1_37' title="bbox 796 2365 2361 2437">
     <span class='ocr_line' id='line_1_37' title="bbox 796 2365 2361 2437; baseline 0.001 -20"><span class='ocrx_word' id='word_1_284' title='bbox 796 2367 964 2419; x_wconf 90' lang='lat' dir='ltr'><strong>modi.</strong></span> <span class='ocrx_word' id='word_1_285' title='bbox 995 2365 1238 2421; x_wconf 85' lang='lat' dir='ltr'><strong>Tertium</strong></span> <span class='ocrx_word' id='word_1_286' title='bbox 1281 2382 1569 2421; x_wconf 77' lang='lat' dir='ltr'><strong>commune</strong></span> <span class='ocrx_word' id='word_1_287' title='bbox 1612 2370 1734 2428; x_wconf 90' lang='lat' dir='ltr'><strong>hoc,</strong></span> <span class='ocrx_word' id='word_1_288' title='bbox 1758 2368 1900 2435; x_wconf 90' lang='lat' dir='ltr'><strong>quod</strong></span> <span class='ocrx_word' id='word_1_289' title='bbox 1932 2367 2110 2421; x_wconf 89' lang='lat' dir='ltr'><strong>anima</strong></span> <span class='ocrx_word' id='word_1_290' title='bbox 2140 2383 2361 2437; x_wconf 88' lang='lat' dir='ltr'><strong>separa-</strong></span> 
     </span>
    </p>
   </div>
   <div class='ocr_carea' id='block_1_38' title="bbox 798 2461 2359 2528">
    <p class='ocr_par' dir='ltr' id='par_1_38' title="bbox 798 2461 2359 2528">
     <span class='ocr_line' id='line_1_38' title="bbox 798 2461 2359 2528; baseline 0.003 -18"><span class='ocrx_word' id='word_1_291' title='bbox 798 2468 886 2512; x_wconf 88' lang='lat' dir='ltr'><strong>tur</strong></span> <span class='ocrx_word' id='word_1_292' title='bbox 934 2473 962 2510; x_wconf 89' lang='lat' dir='ltr'><strong>a</strong></span> <span class='ocrx_word' id='word_1_293' title='bbox 1030 2473 1283 2527; x_wconf 88' lang='lat' dir='ltr'><strong>corpore,</strong></span> <span class='ocrx_word' id='word_1_294' title='bbox 1346 2474 1407 2512; x_wconf 80' lang='lat' dir='ltr'><strong>ex</strong></span> <span class='ocrx_word' id='word_1_295' title='bbox 1463 2468 1571 2527; x_wconf 88' lang='lat' dir='ltr'><strong>quo</strong></span> <span class='ocrx_word' id='word_1_296' title='bbox 1630 2461 1708 2521; x_wconf 83' lang='lat' dir='ltr'><strong>fit,</strong></span> <span class='ocrx_word' id='word_1_297' title='bbox 1777 2467 1833 2512; x_wconf 94' lang='lat' dir='ltr'><strong>ut</strong></span> <span class='ocrx_word' id='word_1_298' title='bbox 1895 2470 2237 2528; x_wconf 87' lang='lat' dir='ltr'><strong>compactum</strong></span> <span class='ocrx_word' id='word_1_299' title='bbox 2295 2476 2359 2514; x_wconf 82' lang='lat' dir='ltr'><strong>ex</strong></span> 
     </span>
    </p>
   </div>
   <div class='ocr_carea' id='block_1_39' title="bbox 796 2550 2362 2621">
    <p class='ocr_par' dir='ltr' id='par_1_39' title="bbox 796 2550 2362 2621">
     <span class='ocr_line' id='line_1_39' title="bbox 796 2550 2362 2621; baseline 0.001 -18"><span class='ocrx_word' id='word_1_300' title='bbox 796 2550 1080 2603; x_wconf 85' lang='lat' dir='ltr'><strong>clementis</strong></span> <span class='ocrx_word' id='word_1_301' title='bbox 1127 2566 1323 2618; x_wconf 86' lang='lat' dir='ltr'><strong>corpus</strong></span> <span class='ocrx_word' id='word_1_302' title='bbox 1372 2562 1772 2619; x_wconf 82' lang='lat' dir='ltr'><strong>corrumpatur,</strong></span> <span class='ocrx_word' id='word_1_303' title='bbox 1827 2553 1972 2621; x_wconf 91' lang='lat' dir='ltr'><strong>quod</strong></span> <span class='ocrx_word' id='word_1_304' title='bbox 2040 2555 2362 2607; x_wconf 88' lang='lat' dir='ltr'><strong>naturaliter</strong></span> 
     </span>
    </p>
   </div>
   <div class='ocr_carea' id='block_1_40' title="bbox 797 2641 2363 2713">
    <p class='ocr_par' dir='ltr' id='par_1_40' title="bbox 797 2641 2363 2713">
     <span class='ocr_line' id='line_1_40' title="bbox 797 2641 2363 2713; baseline 0.001 -18"><span class='ocrx_word' id='word_1_305' title='bbox 797 2646 981 2695; x_wconf 87' lang='lat' dir='ltr'><strong>omnia</strong></span> <span class='ocrx_word' id='word_1_306' title='bbox 1026 2641 1258 2711; x_wconf 86' lang='lat' dir='ltr'><strong>fugiunt.</strong></span> <span class='ocrx_word' id='word_1_307' title='bbox 1299 2645 1434 2696; x_wconf 87' lang='lat' dir='ltr'><strong>Cum</strong></span> <span class='ocrx_word' id='word_1_308' title='bbox 1478 2659 1606 2713; x_wconf 88' lang='lat' dir='ltr'><strong>ergo</strong></span> <span class='ocrx_word' id='word_1_309' title='bbox 1643 2645 1742 2698; x_wconf 89' lang='lat' dir='ltr'><strong>tria</strong></span> <span class='ocrx_word' id='word_1_310' title='bbox 1775 2644 1887 2699; x_wconf 84' lang='lat' dir='ltr'><strong>haec</strong></span> <span class='ocrx_word' id='word_1_311' title='bbox 1922 2643 2034 2697; x_wconf 89' lang='lat' dir='ltr'><strong>sint</strong></span> <span class='ocrx_word' id='word_1_312' title='bbox 2080 2660 2199 2713; x_wconf 66' lang='lat' dir='ltr'><strong>quae</strong></span> <span class='ocrx_word' id='word_1_313' title='bbox 2230 2661 2363 2713; x_wconf 87' lang='lat' dir='ltr'><strong>sup-</strong></span> 
     </span>
    </p>
   </div>
   <div class='ocr_carea' id='block_1_41' title="bbox 797 2734 2359 2805">
    <p class='ocr_par' dir='ltr' id='par_1_41' title="bbox 797 2734 2359 2805">
     <span class='ocr_line' id='line_1_41' title="bbox 797 2734 2359 2805; baseline 0.003 -18"><span class='ocrx_word' id='word_1_314' title='bbox 797 2736 1077 2803; x_wconf 86' lang='lat' dir='ltr'><strong>ponimus.</strong></span> <span class='ocrx_word' id='word_1_315' title='bbox 1130 2734 1331 2803; x_wconf 88' lang='lat' dir='ltr'><strong>quibus</strong></span> <span class='ocrx_word' id='word_1_316' title='bbox 1400 2736 1839 2791; x_wconf 89' lang='lat' dir='ltr'><strong>concludendum</strong></span> <span class='ocrx_word' id='word_1_317' title='bbox 1880 2746 1965 2791; x_wconf 90' lang='lat' dir='ltr'><strong>est</strong></span> <span class='ocrx_word' id='word_1_318' title='bbox 2020 2738 2162 2805; x_wconf 88' lang='lat' dir='ltr'><strong>quod</strong></span> <span class='ocrx_word' id='word_1_319' title='bbox 2215 2738 2359 2802; x_wconf 87' lang='lat' dir='ltr'><strong>volo,</strong></span> 
     </span>
    </p>
   </div>
   <div class='ocr_carea' id='block_1_42' title="bbox 796 2824 2363 2895">
    <p class='ocr_par' dir='ltr' id='par_1_42' title="bbox 796 2824 2363 2895">
     <span class='ocr_line' id='line_1_42' title="bbox 796 2824 2363 2895; baseline 0 -16"><span class='ocrx_word' id='word_1_320' title='bbox 796 2824 1192 2879; x_wconf 80' lang='lat' dir='ltr'><strong>exordiendum</strong></span> <span class='ocrx_word' id='word_1_321' title='bbox 1228 2841 1257 2879; x_wconf 89' lang='lat' dir='ltr'><strong>a</strong></span> <span class='ocrx_word' id='word_1_322' title='bbox 1286 2826 1466 2880; x_wconf 88' lang='lat' dir='ltr'><strong>medio</strong></span> <span class='ocrx_word' id='word_1_323' title='bbox 1496 2826 1682 2882; x_wconf 79' lang='lat' dir='ltr'><strong>statui.</strong></span> <span class='ocrx_word' id='word_1_324' title='bbox 1714 2824 1855 2881; x_wconf 87' lang='lat' dir='ltr'><strong>Sane</strong></span> <span class='ocrx_word' id='word_1_325' title='bbox 1882 2827 1947 2881; x_wconf 90' lang='lat' dir='ltr'><strong>iis</strong></span> <span class='ocrx_word' id='word_1_326' title='bbox 1981 2828 2072 2895; x_wconf 92' lang='lat' dir='ltr'><strong>qui</strong></span> <span class='ocrx_word' id='word_1_327' title='bbox 2108 2836 2363 2882; x_wconf 91' lang='lat' dir='ltr'><strong>tenentur</strong></span> 
     </span>
    </p>
   </div>
   <div class='ocr_carea' id='block_1_43' title="bbox 796 2918 2363 2990">
    <p class='ocr_par' dir='ltr' id='par_1_43' title="bbox 796 2918 2363 2990">
     <span class='ocr_line' id='line_1_43' title="bbox 796 2918 2363 2990; baseline 0.004 -20"><span class='ocrx_word' id='word_1_328' title='bbox 796 2920 924 2973; x_wconf 73' lang='lat' dir='ltr'><strong>vita:</strong></span> <span class='ocrx_word' id='word_1_329' title='bbox 963 2918 1231 2972; x_wconf 88' lang='lat' dir='ltr'><strong>desiderio</strong></span> <span class='ocrx_word' id='word_1_330' title='bbox 1257 2929 1477 2989; x_wconf 86' lang='lat' dir='ltr'><strong>propter</strong></span> <span class='ocrx_word' id='word_1_331' title='bbox 1508 2920 1797 2990; x_wconf 66' lang='lat' dir='ltr'><strong>praisentia</strong></span> <span class='ocrx_word' id='word_1_332' title='bbox 1849 2930 2082 2986; x_wconf 87' lang='lat' dir='ltr'><strong>tantum,</strong></span> <span class='ocrx_word' id='word_1_333' title='bbox 2116 2925 2208 2990; x_wconf 91' lang='lat' dir='ltr'><strong>qui</strong></span> <span class='ocrx_word' id='word_1_334' title='bbox 2248 2921 2363 2977; x_wconf 74' lang='lat'><strong>&#39;1330</strong></span> 
     </span>
    </p>
   </div>
   <div class='ocr_carea' id='block_1_44' title="bbox 797 3010 2361 3079">
    <p class='ocr_par' dir='ltr' id='par_1_44' title="bbox 797 3010 2361 3079">
     <span class='ocr_line' id='line_1_44' title="bbox 797 3010 2361 3079; baseline 0.004 -17"><span class='ocrx_word' id='word_1_335' title='bbox 797 3010 961 3063; x_wconf 88' lang='lat' dir='ltr'><strong>etiam</strong></span> <span class='ocrx_word' id='word_1_336' title='bbox 995 3011 1148 3079; x_wconf 90' lang='lat' dir='ltr'><strong>quasi</strong></span> <span class='ocrx_word' id='word_1_337' title='bbox 1198 3010 1354 3067; x_wconf 85' lang='lat' dir='ltr'><strong>finem</strong></span> <span class='ocrx_word' id='word_1_338' title='bbox 1385 3012 1632 3065; x_wconf 90' lang='lat' dir='ltr'><strong>ultimum</strong></span> <span class='ocrx_word' id='word_1_339' title='bbox 1665 3020 1971 3077; x_wconf 82' lang='lat' dir='ltr'><strong>sectantur,</strong></span> <span class='ocrx_word' id='word_1_340' title='bbox 2014 3014 2361 3068; x_wconf 86' lang='lat' dir='ltr'><strong>intoleranda</strong></span> 
     </span>
    </p>
   </div>
   <div class='ocr_carea' id='block_1_45' title="bbox 798 3106 2360 3173">
    <p class='ocr_par' dir='ltr' id='par_1_45' title="bbox 798 3106 2360 3173">
     <span class='ocr_line' id='line_1_45' title="bbox 798 3106 2360 3173; baseline 0.004 -16"><span class='ocrx_word' id='word_1_341' title='bbox 798 3116 883 3159; x_wconf 90' lang='lat' dir='ltr'><strong>est</strong></span> <span class='ocrx_word' id='word_1_342' title='bbox 906 3106 1098 3159; x_wconf 90' lang='lat' dir='ltr'><strong>merito</strong></span> <span class='ocrx_word' id='word_1_343' title='bbox 1125 3121 1295 3167; x_wconf 91' lang='lat' dir='ltr'><strong>mors,</strong></span> <span class='ocrx_word' id='word_1_344' title='bbox 1327 3114 1382 3157; x_wconf 95' lang='lat' dir='ltr'><strong>ut</strong></span> <span class='ocrx_word' id='word_1_345' title='bbox 1406 3122 1524 3173; x_wconf 66' lang='lat' dir='ltr'><strong>qua:</strong></span> <span class='ocrx_word' id='word_1_346' title='bbox 1548 3107 1671 3162; x_wconf 87' lang='lat' dir='ltr'><strong>illos</strong></span> <span class='ocrx_word' id='word_1_347' title='bbox 1700 3125 1725 3159; x_wconf 87' lang='lat' dir='ltr'><strong>a</strong></span> <span class='ocrx_word' id='word_1_348' title='bbox 1751 3109 2027 3163; x_wconf 91' lang='lat' dir='ltr'><strong>consortio</strong></span> <span class='ocrx_word' id='word_1_349' title='bbox 2045 3123 2224 3162; x_wconf 90' lang='lat' dir='ltr'><strong>rerum</strong></span> <span class='ocrx_word' id='word_1_350' title='bbox 2257 3110 2360 3164; x_wconf 86' lang='lat' dir='ltr'><strong>sibi</strong></span> 
     </span>
    </p>
   </div>
   <div class='ocr_carea' id='block_1_46' title="bbox 797 3195 2363 3265">
    <p class='ocr_par' dir='ltr' id='par_1_46' title="bbox 797 3195 2363 3265">
     <span class='ocr_line' id='line_1_46' title="bbox 797 3195 2363 3265; baseline 0.003 -19"><span class='ocrx_word' id='word_1_351' title='bbox 797 3195 1161 3264; x_wconf 86' lang='lat' dir='ltr'><strong>pretiosarum</strong></span> <span class='ocrx_word' id='word_1_352' title='bbox 1227 3196 1499 3264; x_wconf 89' lang='lat' dir='ltr'><strong>sejungat,</strong></span> <span class='ocrx_word' id='word_1_353' title='bbox 1556 3198 1759 3265; x_wconf 89' lang='lat' dir='ltr'><strong>quibus</strong></span> <span class='ocrx_word' id='word_1_354' title='bbox 1811 3198 1975 3252; x_wconf 90' lang='lat' dir='ltr'><strong>veluti</strong></span> <span class='ocrx_word' id='word_1_355' title='bbox 2037 3198 2251 3265; x_wconf 85' lang='lat' dir='ltr'><strong>pueris,</strong></span> <span class='ocrx_word' id='word_1_356' title='bbox 2308 3206 2363 3253; x_wconf 91' lang='lat' dir='ltr'><strong>et</strong></span> 
     </span>
    </p>
   </div>
   <div class='ocr_carea' id='block_1_47' title="bbox 799 3287 2440 3352">
    <p class='ocr_par' dir='ltr' id='par_1_47' title="bbox 799 3287 2440 3352">
     <span class='ocr_line' id='line_1_47' title="bbox 799 3287 2440 3352; baseline 0.005 -17"><span class='ocrx_word' id='word_1_357' title='bbox 799 3300 1063 3352; x_wconf 85' lang='lat' dir='ltr'><strong>generoso</strong></span> <span class='ocrx_word' id='word_1_358' title='bbox 1107 3287 1288 3339; x_wconf 91' lang='lat' dir='ltr'><strong>animo</strong></span> <span class='ocrx_word' id='word_1_359' title='bbox 1340 3288 1647 3341; x_wconf 89' lang='lat' dir='ltr'><strong>nolentibus</strong></span> <span class='ocrx_word' id='word_1_360' title='bbox 1703 3290 1801 3352; x_wconf 92' lang='lat' dir='ltr'><strong>uti,</strong></span> <span class='ocrx_word' id='word_1_361' title='bbox 1853 3291 1947 3342; x_wconf 90' lang='lat' dir='ltr'><strong>sed</strong></span> <span class='ocrx_word' id='word_1_362' title='bbox 1994 3291 2113 3343; x_wconf 85' lang='lat' dir='ltr'><strong>ﬁcta</strong></span> <span class='ocrx_word' id='word_1_363' title='bbox 2158 3291 2270 3344; x_wconf 58' lang='lat' dir='ltr'><strong>haec</strong></span> <span class='ocrx_word' id='word_1_364' title='bbox 2308 3292 2440 3349; x_wconf 89' lang='lat' dir='ltr'><strong>etC</strong></span> 
     </span>
    </p>
   </div>
   <div class='ocr_carea' id='block_1_48' title="bbox 801 3376 2362 3443">
    <p class='ocr_par' dir='ltr' id='par_1_48' title="bbox 801 3376 2362 3443">
     <span class='ocr_line' id='line_1_48' title="bbox 801 3376 2362 3443; baseline 0.006 -16"><span class='ocrx_word' id='word_1_365' title='bbox 801 3376 1103 3429; x_wconf 86' lang='lat' dir='ltr'><strong>umbratica</strong></span> <span class='ocrx_word' id='word_1_366' title='bbox 1145 3377 1553 3443; x_wconf 75' lang='lat' dir='ltr'><strong>praeferentibus</strong></span> <span class='ocrx_word' id='word_1_367' title='bbox 1581 3380 1795 3433; x_wconf 87' lang='lat' dir='ltr'><strong>veritati</strong></span> <span class='ocrx_word' id='word_1_368' title='bbox 1821 3389 1874 3434; x_wconf 87' lang='lat' dir='ltr'><strong>et</strong></span> <span class='ocrx_word' id='word_1_369' title='bbox 1895 3379 2179 3435; x_wconf 87' lang='lat' dir='ltr'><strong>stabilitati</strong></span> <span class='ocrx_word' id='word_1_370' title='bbox 2214 3395 2362 3436; x_wconf 73' lang='lat' dir='ltr'><strong>mors</strong></span> 
     </span>
    </p>
   </div>
   <div class='ocr_carea' id='block_1_49' title="bbox 794 3467 2362 3540">
    <p class='ocr_par' dir='ltr' id='par_1_49' title="bbox 794 3467 2362 3540">
     <span class='ocr_line' id='line_1_49' title="bbox 794 3467 2362 3540; baseline 0.007 -24"><span class='ocrx_word' id='word_1_371' title='bbox 794 3467 917 3533; x_wconf 87' lang='lat' dir='ltr'><strong>jure</strong></span> <span class='ocrx_word' id='word_1_372' title='bbox 952 3467 1269 3521; x_wconf 89' lang='lat' dir='ltr'><strong>terriculum</strong></span> <span class='ocrx_word' id='word_1_373' title='bbox 1296 3479 1397 3527; x_wconf 89' lang='lat' dir='ltr'><strong>est.</strong></span> <span class='ocrx_word' id='word_1_374' title='bbox 1431 3478 1484 3522; x_wconf 84' lang='lat' dir='ltr'><strong>et</strong></span> <span class='ocrx_word' id='word_1_375' title='bbox 1514 3471 1829 3524; x_wconf 86' lang='lat' dir='ltr'><strong>detestanda</strong></span> <span class='ocrx_word' id='word_1_376' title='bbox 1859 3474 2027 3540; x_wconf 85' lang='lat' dir='ltr'><strong>magis</strong></span> <span class='ocrx_word' id='word_1_377' title='bbox 2061 3488 2220 3540; x_wconf 87' lang='lat' dir='ltr'><strong>quam</strong></span> <span class='ocrx_word' id='word_1_378' title='bbox 2253 3488 2362 3527; x_wconf 82' lang='lat' dir='ltr'><strong>cae-</strong></span> 
     </span>
    </p>
   </div>
   <div class='ocr_carea' id='block_1_50' title="bbox 800 3555 2362 3630">
    <p class='ocr_par' dir='ltr' id='par_1_50' title="bbox 800 3555 2362 3630">
     <span class='ocr_line' id='line_1_50' title="bbox 800 3555 2362 3630; baseline 0.005 -21"><span class='ocrx_word' id='word_1_379' title='bbox 800 3556 951 3611; x_wconf 88' lang='lat' dir='ltr'><strong>teris.</strong></span> <span class='ocrx_word' id='word_1_380' title='bbox 1003 3555 1069 3610; x_wconf 89' lang='lat' dir='ltr'><strong>Ut</strong></span> <span class='ocrx_word' id='word_1_381' title='bbox 1122 3559 1268 3612; x_wconf 92' lang='lat' dir='ltr'><strong>enim</strong></span> <span class='ocrx_word' id='word_1_382' title='bbox 1301 3559 1472 3613; x_wconf 73' lang='lat' dir='ltr'><strong>all‘eeti</strong></span> <span class='ocrx_word' id='word_1_383' title='bbox 1507 3576 1696 3615; x_wconf 87' lang='lat' dir='ltr'><strong>sumus</strong></span> <span class='ocrx_word' id='word_1_384' title='bbox 1725 3563 1788 3614; x_wconf 89' lang='lat' dir='ltr'><strong>ad</strong></span> <span class='ocrx_word' id='word_1_385' title='bbox 1818 3566 2124 3630; x_wconf 69' lang='lat' dir='ltr'><strong>prtesentia,</strong></span> <span class='ocrx_word' id='word_1_386' title='bbox 2184 3565 2258 3619; x_wconf 89' lang='lat' dir='ltr'><strong>ita</strong></span> <span class='ocrx_word' id='word_1_387' title='bbox 2308 3572 2362 3619; x_wconf 89' lang='lat' dir='ltr'><strong>et</strong></span> 
     </span>
    </p>
   </div>
   <div class='ocr_carea' id='block_1_51' title="bbox 799 3650 2365 3715">
    <p class='ocr_par' dir='ltr' id='par_1_51' title="bbox 799 3650 2365 3715">
     <span class='ocr_line' id='line_1_51' title="bbox 799 3650 2365 3715; baseline 0.006 -16"><span class='ocrx_word' id='word_1_388' title='bbox 799 3658 1145 3715; x_wconf 84' lang='lat' dir='ltr'><strong>separantem</strong></span> <span class='ocrx_word' id='word_1_389' title='bbox 1175 3650 1243 3703; x_wconf 91' lang='lat' dir='ltr'><strong>ab</strong></span> <span class='ocrx_word' id='word_1_390' title='bbox 1276 3650 1382 3703; x_wconf 90' lang='lat' dir='ltr'><strong>illis</strong></span> <span class='ocrx_word' id='word_1_391' title='bbox 1414 3661 1643 3705; x_wconf 85' lang='lat' dir='ltr'><strong>mortem</strong></span> <span class='ocrx_word' id='word_1_392' title='bbox 1696 3654 2013 3706; x_wconf 86' lang='lat' dir='ltr'><strong>toleramus.</strong></span> <span class='ocrx_word' id='word_1_393' title='bbox 2046 3652 2176 3707; x_wconf 86' lang='lat' dir='ltr'><strong>Nam</strong></span> <span class='ocrx_word' id='word_1_394' title='bbox 2212 3653 2260 3708; x_wconf 92' lang='lat' dir='ltr'><strong>si</strong></span> <span class='ocrx_word' id='word_1_395' title='bbox 2290 3654 2365 3708; x_wconf 87' lang='lat' dir='ltr'><strong>vi-</strong></span> 
     </span>
    </p>
   </div>
   <div class='ocr_carea' id='block_1_52' title="bbox 798 3736 2366 3806">
    <p class='ocr_par' dir='ltr' id='par_1_52' title="bbox 798 3736 2366 3806">
     <span class='ocr_line' id='line_1_52' title="bbox 798 3736 2366 3806; baseline 0.006 -18"><span class='ocrx_word' id='word_1_396' title='bbox 798 3736 975 3789; x_wconf 88' lang='lat' dir='ltr'><strong>riliter</strong></span> <span class='ocrx_word' id='word_1_397' title='bbox 1008 3738 1337 3806; x_wconf 88' lang='lat' dir='ltr'><strong>proclivitati</strong></span> <span class='ocrx_word' id='word_1_398' title='bbox 1379 3740 1443 3793; x_wconf 90' lang='lat' dir='ltr'><strong>ad</strong></span> <span class='ocrx_word' id='word_1_399' title='bbox 1482 3740 1661 3793; x_wconf 88' lang='lat' dir='ltr'><strong>infima</strong></span> <span class='ocrx_word' id='word_1_400' title='bbox 1695 3742 2033 3805; x_wconf 88' lang='lat' dir='ltr'><strong>resistamus,</strong></span> <span class='ocrx_word' id='word_1_401' title='bbox 2071 3744 2241 3796; x_wconf 87' lang='lat' dir='ltr'><strong>levior</strong></span> <span class='ocrx_word' id='word_1_402' title='bbox 2271 3759 2366 3798; x_wconf 89' lang='lat' dir='ltr'><strong>no-</strong></span> 
     </span>
    </p>
   </div>
   <div class='ocr_carea' id='block_1_53' title="bbox 798 3829 2363 3904">
    <p class='ocr_par' dir='ltr' id='par_1_53' title="bbox 798 3829 2363 3904">
     <span class='ocr_line' id='line_1_53' title="bbox 798 3829 2363 3904; baseline 0.003 -21"><span class='ocrx_word' id='word_1_403' title='bbox 798 3829 884 3883; x_wconf 85' lang='lat' dir='ltr'><strong>bis</strong></span> <span class='ocrx_word' id='word_1_404' title='bbox 915 3830 1130 3885; x_wconf 91' lang='lat' dir='ltr'><strong>videtur</strong></span> <span class='ocrx_word' id='word_1_405' title='bbox 1165 3846 1313 3885; x_wconf 84' lang='lat' dir='ltr'><strong>mors</strong></span> <span class='ocrx_word' id='word_1_406' title='bbox 1345 3848 1439 3899; x_wconf 79' lang='lat' dir='ltr'><strong>spe</strong></span> <span class='ocrx_word' id='word_1_407' title='bbox 1471 3834 1608 3885; x_wconf 77' lang='lat' dir='ltr'><strong>bona</strong></span> <span class='ocrx_word' id='word_1_408' title='bbox 1645 3834 1839 3903; x_wconf 87' lang='lat' dir='ltr'><strong>plenis.</strong></span> <span class='ocrx_word' id='word_1_409' title='bbox 1883 3834 2035 3899; x_wconf 87' lang='lat' dir='ltr'><strong>Quod</strong></span> <span class='ocrx_word' id='word_1_410' title='bbox 2076 3835 2120 3888; x_wconf 90' lang='lat' dir='ltr'><strong>si</strong></span> <span class='ocrx_word' id='word_1_411' title='bbox 2156 3836 2219 3889; x_wconf 87' lang='lat' dir='ltr'><strong>ad</strong></span> <span class='ocrx_word' id='word_1_412' title='bbox 2263 3850 2363 3904; x_wconf 85' lang='lat' dir='ltr'><strong>po-</strong></span> 
     </span>
    </p>
   </div>
   <div class='ocr_carea' id='block_1_54' title="bbox 797 3920 2362 3990">
    <p class='ocr_par' dir='ltr' id='par_1_54' title="bbox 797 3920 2362 3990">
     <span class='ocr_line' id='line_1_54' title="bbox 797 3920 2362 3990; baseline 0.007 -19"><span class='ocrx_word' id='word_1_413' title='bbox 797 3920 938 3974; x_wconf 89' lang='lat' dir='ltr'><strong>tiora</strong></span> <span class='ocrx_word' id='word_1_414' title='bbox 975 3936 1168 3990; x_wconf 79' lang='lat' dir='ltr'><strong>segnes</strong></span> <span class='ocrx_word' id='word_1_415' title='bbox 1206 3922 1469 3977; x_wconf 80' lang='lat' dir='ltr'><strong>fuerimus</strong></span> <span class='ocrx_word' id='word_1_416' title='bbox 1497 3964 1509 3985; x_wconf 87' lang='lat'>.</span> <span class='ocrx_word' id='word_1_417' title='bbox 1560 3923 1706 3977; x_wconf 87' lang='lat' dir='ltr'><strong>illam</strong></span> <span class='ocrx_word' id='word_1_418' title='bbox 1749 3940 1855 3978; x_wconf 91' lang='lat' dir='ltr'><strong>non</strong></span> <span class='ocrx_word' id='word_1_419' title='bbox 1895 3925 2238 3980; x_wconf 88' lang='lat' dir='ltr'><strong>mediocriter</strong></span> <span class='ocrx_word' id='word_1_420' title='bbox 2265 3944 2362 3982; x_wconf 78' lang='lat' dir='ltr'><strong>ex-</strong></span> 
     </span>
    </p>
   </div>
   <div class='ocr_carea' id='block_1_55' title="bbox 799 3999 2361 4089">
    <p class='ocr_par' dir='ltr' id='par_1_55' title="bbox 799 3999 2361 4089">
     <span class='ocr_line' id='line_1_55' title="bbox 799 3999 2361 4089; baseline 0.006 -24"><span class='ocrx_word' id='word_1_421' title='bbox 799 4012 1190 4069; x_wconf 88' lang='lat' dir='ltr'><strong>horrescimus.</strong></span> <span class='ocrx_word' id='word_1_422' title='bbox 1240 3999 1406 4068; x_wconf 77' lang='lat' dir='ltr'><strong>Porro</strong></span> <span class='ocrx_word' id='word_1_423' title='bbox 1462 4016 1528 4069; x_wconf 91' lang='lat' dir='ltr'><strong>iis</strong></span> <span class='ocrx_word' id='word_1_424' title='bbox 1579 4016 1671 4085; x_wconf 93' lang='lat' dir='ltr'><strong>qui</strong></span> <span class='ocrx_word' id='word_1_425' title='bbox 1714 4018 1927 4086; x_wconf 89' lang='lat' dir='ltr'><strong>turpius</strong></span> <span class='ocrx_word' id='word_1_426' title='bbox 1978 4017 2361 4089; x_wconf 87' lang='lat' dir='ltr'><strong>indigniusque</strong></span> 
     </span>
    </p>
   </div>
   <div class='ocr_carea' id='block_1_56' title="bbox 798 4103 2363 4179">
    <p class='ocr_par' dir='ltr' id='par_1_56' title="bbox 798 4103 2363 4179">
     <span class='ocr_line' id='line_1_56' title="bbox 798 4103 2363 4179; baseline 0.006 -23"><span class='ocrx_word' id='word_1_427' title='bbox 798 4113 1038 4174; x_wconf 89' lang='lat' dir='ltr'><strong>aguntur</strong></span> <span class='ocrx_word' id='word_1_428' title='bbox 1067 4103 1136 4159; x_wconf 84' lang='lat' dir='ltr'><strong>ab</strong></span> <span class='ocrx_word' id='word_1_429' title='bbox 1169 4105 1474 4170; x_wconf 79' lang='lat' dir='ltr'><strong>affectibus,</strong></span> <span class='ocrx_word' id='word_1_430' title='bbox 1515 4123 1674 4176; x_wconf 89' lang='lat' dir='ltr'><strong>quam</strong></span> <span class='ocrx_word' id='word_1_431' title='bbox 1721 4110 2009 4179; x_wconf 89' lang='lat' dir='ltr'><strong>mancipia,</strong></span> <span class='ocrx_word' id='word_1_432' title='bbox 2042 4113 2363 4166; x_wconf 87' lang='lat' dir='ltr'><strong>naturaliter</strong></span> 
     </span>
    </p>
   </div>
   <div class='ocr_carea' id='block_1_57' title="bbox 800 4195 2361 4272">
    <p class='ocr_par' dir='ltr' id='par_1_57' title="bbox 800 4195 2361 4272">
     <span class='ocr_line' id='line_1_57' title="bbox 800 4195 2361 4272; baseline 0.005 -25"><span class='ocrx_word' id='word_1_433' title='bbox 800 4196 1013 4249; x_wconf 88' lang='lat' dir='ltr'><strong>ratione</strong></span> <span class='ocrx_word' id='word_1_434' title='bbox 1039 4195 1302 4265; x_wconf 86' lang='lat' dir='ltr'><strong>subjectis</strong></span> <span class='ocrx_word' id='word_1_435' title='bbox 1333 4213 1479 4250; x_wconf 88' lang='lat' dir='ltr'><strong>mors</strong></span> <span class='ocrx_word' id='word_1_436' title='bbox 1509 4210 1564 4252; x_wconf 90' lang='lat' dir='ltr'><strong>et</strong></span> <span class='ocrx_word' id='word_1_437' title='bbox 1597 4207 1699 4261; x_wconf 90' lang='lat' dir='ltr'><strong>est,</strong></span> <span class='ocrx_word' id='word_1_438' title='bbox 1732 4209 1783 4254; x_wconf 86' lang='lat' dir='ltr'><strong>et</strong></span> <span class='ocrx_word' id='word_1_439' title='bbox 1818 4200 2030 4254; x_wconf 84' lang='lat' dir='ltr'><strong>videtur</strong></span> <span class='ocrx_word' id='word_1_440' title='bbox 2058 4202 2215 4270; x_wconf 85' lang='lat' dir='ltr'><strong>longe</strong></span> <span class='ocrx_word' id='word_1_441' title='bbox 2235 4217 2361 4272; x_wconf 88' lang='lat' dir='ltr'><strong>gra-</strong></span> 
     </span>
    </p>
   </div>
   <div class='ocr_carea' id='block_1_58' title="bbox 797 4286 2362 4359">
    <p class='ocr_par' dir='ltr' id='par_1_58' title="bbox 797 4286 2362 4359">
     <span class='ocr_line' id='line_1_58' title="bbox 797 4286 2362 4359; baseline 0.005 -21"><span class='ocrx_word' id='word_1_442' title='bbox 797 4286 917 4338; x_wconf 89' lang='lat' dir='ltr'><strong>vior</strong></span> <span class='ocrx_word' id='word_1_443' title='bbox 945 4300 1009 4339; x_wconf 88' lang='lat' dir='ltr'><strong>ac</strong></span> <span class='ocrx_word' id='word_1_444' title='bbox 1034 4286 1354 4353; x_wconf 88' lang='lat' dir='ltr'><strong>molestior;</strong></span> <span class='ocrx_word' id='word_1_445' title='bbox 1383 4289 1449 4340; x_wconf 91' lang='lat' dir='ltr'><strong>ita</strong></span> <span class='ocrx_word' id='word_1_446' title='bbox 1481 4297 1558 4353; x_wconf 88' lang='lat' dir='ltr'><strong>ut,</strong></span> <span class='ocrx_word' id='word_1_447' title='bbox 1592 4304 1900 4359; x_wconf 87' lang='lat' dir='ltr'><strong>quanquam</strong></span> <span class='ocrx_word' id='word_1_448' title='bbox 1933 4305 2019 4345; x_wconf 89' lang='lat' dir='ltr'><strong>res</strong></span> <span class='ocrx_word' id='word_1_449' title='bbox 2050 4291 2196 4346; x_wconf 89' lang='lat' dir='ltr'><strong>dictu</strong></span> <span class='ocrx_word' id='word_1_450' title='bbox 2227 4293 2362 4346; x_wconf 80' lang='lat' dir='ltr'><strong>mira</strong></span> 
     </span>
    </p>
   </div>
   <div class='ocr_carea' id='block_1_59' title="bbox 798 4378 2363 4451">
    <p class='ocr_par' dir='ltr' id='par_1_59' title="bbox 798 4378 2363 4451">
     <span class='ocr_line' id='line_1_59' title="bbox 798 4378 2363 4451; baseline 0.007 -25"><span class='ocrx_word' id='word_1_451' title='bbox 798 4383 905 4437; x_wconf 79' lang='lat' dir='ltr'><strong>est,</strong></span> <span class='ocrx_word' id='word_1_452' title='bbox 936 4390 1057 4428; x_wconf 87' lang='lat' dir='ltr'><strong>cum</strong></span> <span class='ocrx_word' id='word_1_453' title='bbox 1092 4378 1261 4431; x_wconf 91' lang='lat' dir='ltr'><strong>multo</strong></span> <span class='ocrx_word' id='word_1_454' title='bbox 1307 4378 1497 4443; x_wconf 88' lang='lat' dir='ltr'><strong>majori</strong></span> <span class='ocrx_word' id='word_1_455' title='bbox 1542 4380 1742 4433; x_wconf 84' lang='lat' dir='ltr'><strong>adnixn</strong></span> <span class='ocrx_word' id='word_1_456' title='bbox 1780 4382 2113 4449; x_wconf 88' lang='lat' dir='ltr'><strong>voluptatem</strong></span> <span class='ocrx_word' id='word_1_457' title='bbox 2152 4392 2363 4451; x_wconf 85' lang='lat' dir='ltr'><strong>specta-</strong></span> 
     </span>
    </p>
   </div>
   <div class='ocr_carea' id='block_1_60' title="bbox 800 4463 2359 4532">
    <p class='ocr_par' dir='ltr' id='par_1_60' title="bbox 800 4463 2359 4532">
     <span class='ocr_line' id='line_1_60' title="bbox 800 4463 2359 4532; baseline 0.008 -18"><span class='ocrx_word' id='word_1_458' title='bbox 800 4477 943 4523; x_wconf 88' lang='lat' dir='ltr'><strong>mus,</strong></span> <span class='ocrx_word' id='word_1_459' title='bbox 984 4463 1237 4530; x_wconf 90' lang='lat' dir='ltr'><strong>quodque</strong></span> <span class='ocrx_word' id='word_1_460' title='bbox 1264 4465 1473 4518; x_wconf 88' lang='lat' dir='ltr'><strong>videtur</strong></span> <span class='ocrx_word' id='word_1_461' title='bbox 1501 4468 1934 4532; x_wconf 88' lang='lat' dir='ltr'><strong>celeberrimum,</strong></span> <span class='ocrx_word' id='word_1_462' title='bbox 1959 4472 2221 4526; x_wconf 88' lang='lat' dir='ltr'><strong>rationem</strong></span> <span class='ocrx_word' id='word_1_463' title='bbox 2254 4488 2359 4527; x_wconf 92' lang='lat' dir='ltr'><strong>non</strong></span> 
     </span>
    </p>
   </div>
   <div class='ocr_carea' id='block_1_61' title="bbox 801 4554 2363 4629">
    <p class='ocr_par' dir='ltr' id='par_1_61' title="bbox 801 4554 2363 4629">
     <span class='ocr_line' id='line_1_61' title="bbox 801 4554 2363 4629; baseline 0.007 -24"><span class='ocrx_word' id='word_1_464' title='bbox 801 4560 1093 4619; x_wconf 85' lang='lat' dir='ltr'><strong>sequentes</strong></span> <span class='ocrx_word' id='word_1_465' title='bbox 1122 4554 1551 4617; x_wconf 79' lang='lat' dir='ltr'><strong>ducem,ilamus</strong></span> <span class='ocrx_word' id='word_1_466' title='bbox 1586 4566 1737 4621; x_wconf 93' lang='lat' dir='ltr'><strong>tunc,</strong></span> <span class='ocrx_word' id='word_1_467' title='bbox 1766 4568 1823 4611; x_wconf 94' lang='lat' dir='ltr'><strong>ut</strong></span> <span class='ocrx_word' id='word_1_468' title='bbox 1855 4559 1927 4611; x_wconf 88' lang='lat' dir='ltr'><strong>ita</strong></span> <span class='ocrx_word' id='word_1_469' title='bbox 1962 4559 2160 4627; x_wconf 88' lang='lat' dir='ltr'><strong>dicam,</strong></span> <span class='ocrx_word' id='word_1_470' title='bbox 2188 4563 2363 4629; x_wconf 77' lang='lat' dir='ltr'><strong>magis</strong></span> 
     </span>
    </p>
   </div>
   <div class='ocr_carea' id='block_1_62' title="bbox 801 4644 2451 4716">
    <p class='ocr_par' dir='ltr' id='par_1_62' title="bbox 801 4644 2451 4716">
     <span class='ocr_line' id='line_1_62' title="bbox 801 4644 2451 4716; baseline 0.009 -22"><span class='ocrx_word' id='word_1_471' title='bbox 801 4644 1058 4696; x_wconf 86' lang='lat' dir='ltr'><strong>mortales</strong></span> <span class='ocrx_word' id='word_1_472' title='bbox 1092 4660 1255 4713; x_wconf 90' lang='lat' dir='ltr'><strong>quam</strong></span> <span class='ocrx_word' id='word_1_473' title='bbox 1284 4662 1497 4701; x_wconf 90' lang='lat' dir='ltr'><strong>sumus.</strong></span> <span class='ocrx_word' id='word_1_474' title='bbox 1528 4648 1663 4701; x_wconf 78' lang='lat' dir='ltr'><strong>Cum</strong></span> <span class='ocrx_word' id='word_1_475' title='bbox 1696 4666 1824 4702; x_wconf 88' lang='lat' dir='ltr'><strong>vero</strong></span> <span class='ocrx_word' id='word_1_476' title='bbox 1850 4650 2136 4705; x_wconf 89' lang='lat' dir='ltr'><strong>ltonestum</strong></span> <span class='ocrx_word' id='word_1_477' title='bbox 2170 4668 2231 4705; x_wconf 82' lang='lat' dir='ltr'><strong>ac</strong></span> <span class='ocrx_word' id='word_1_478' title='bbox 2262 4654 2360 4707; x_wconf 91' lang='lat' dir='ltr'><strong>bo-</strong></span> <span class='ocrx_word' id='word_1_479' title='bbox 2398 4656 2451 4716; x_wconf 93' lang='lat' dir='ltr'><strong>D</strong></span> 
     </span>
    </p>
   </div>
   <div class='ocr_carea' id='block_1_63' title="bbox 803 4732 2362 4802">
    <p class='ocr_par' dir='ltr' id='par_1_63' title="bbox 803 4732 2362 4802">
     <span class='ocr_line' id='line_1_63' title="bbox 803 4732 2362 4802; baseline 0.005 -19"><span class='ocrx_word' id='word_1_480' title='bbox 803 4746 931 4783; x_wconf 91' lang='lat' dir='ltr'><strong>num</strong></span> <span class='ocrx_word' id='word_1_481' title='bbox 963 4741 1277 4799; x_wconf 88' lang='lat' dir='ltr'><strong>spectamus</strong></span> <span class='ocrx_word' id='word_1_482' title='bbox 1312 4732 1403 4785; x_wconf 82' lang='lat' dir='ltr'><strong>fiat</strong></span> <span class='ocrx_word' id='word_1_483' title='bbox 1449 4735 1852 4802; x_wconf 88' lang='lat' dir='ltr'><strong>quodammodo</strong></span> <span class='ocrx_word' id='word_1_484' title='bbox 1888 4737 1938 4788; x_wconf 93' lang='lat' dir='ltr'><strong>in</strong></span> <span class='ocrx_word' id='word_1_485' title='bbox 1976 4737 2133 4791; x_wconf 90' lang='lat' dir='ltr'><strong>nobis</strong></span> <span class='ocrx_word' id='word_1_486' title='bbox 2160 4746 2362 4791; x_wconf 85' lang='lat' dir='ltr'><strong>morta-</strong></span> 
     </span>
    </p>
   </div>
   <div class='ocr_carea' id='block_1_64' title="bbox 804 4819 2360 4890">
    <p class='ocr_par' dir='ltr' id='par_1_64' title="bbox 804 4819 2360 4890">
     <span class='ocr_line' id='line_1_64' title="bbox 804 4819 2360 4890; baseline 0.006 -17"><span class='ocrx_word' id='word_1_487' title='bbox 804 4821 952 4874; x_wconf 85' lang='lat' dir='ltr'><strong>litas.</strong></span> <span class='ocrx_word' id='word_1_488' title='bbox 980 4819 1218 4875; x_wconf 88' lang='lat' dir='ltr'><strong>Tantum</strong></span> <span class='ocrx_word' id='word_1_489' title='bbox 1253 4822 1418 4890; x_wconf 90' lang='lat' dir='ltr'><strong>pollet</strong></span> <span class='ocrx_word' id='word_1_490' title='bbox 1444 4824 1495 4875; x_wconf 91' lang='lat' dir='ltr'><strong>in</strong></span> <span class='ocrx_word' id='word_1_491' title='bbox 1519 4824 1677 4879; x_wconf 90' lang='lat' dir='ltr'><strong>nobis</strong></span> <span class='ocrx_word' id='word_1_492' title='bbox 1714 4826 1925 4879; x_wconf 85' lang='lat' dir='ltr'><strong>arbitrii</strong></span> <span class='ocrx_word' id='word_1_493' title='bbox 1958 4828 2059 4881; x_wconf 89' lang='lat' dir='ltr'><strong>vis.</strong></span> <span class='ocrx_word' id='word_1_494' title='bbox 2098 4827 2244 4884; x_wconf 88' lang='lat' dir='ltr'><strong>Satis</strong></span> <span class='ocrx_word' id='word_1_495' title='bbox 2274 4831 2360 4883; x_wconf 87' lang='lat' dir='ltr'><strong>di-</strong></span> 
     </span>
    </p>
   </div>
   <div class='ocr_carea' id='block_1_65' title="bbox 801 4913 2359 4985">
    <p class='ocr_par' dir='ltr' id='par_1_65' title="bbox 801 4913 2359 4985">
     <span class='ocr_line' id='line_1_65' title="bbox 801 4913 2359 4985; baseline 0.004 -19"><span class='ocrx_word' id='word_1_496' title='bbox 801 4922 948 4966; x_wconf 82' lang='lat' dir='ltr'><strong>etum</strong></span> <span class='ocrx_word' id='word_1_497' title='bbox 979 4913 1214 4966; x_wconf 90' lang='lat' dir='ltr'><strong>arbitror</strong></span> <span class='ocrx_word' id='word_1_498' title='bbox 1242 4915 1307 4967; x_wconf 91' lang='lat' dir='ltr'><strong>de</strong></span> <span class='ocrx_word' id='word_1_499' title='bbox 1328 4923 1522 4978; x_wconf 91' lang='lat' dir='ltr'><strong>morte,</strong></span> <span class='ocrx_word' id='word_1_500' title='bbox 1554 4916 1679 4969; x_wconf 88' lang='lat' dir='ltr'><strong>licet</strong></span> <span class='ocrx_word' id='word_1_501' title='bbox 1708 4917 2044 4985; x_wconf 90' lang='lat' dir='ltr'><strong>propositum</strong></span> <span class='ocrx_word' id='word_1_502' title='bbox 2065 4920 2221 4974; x_wconf 90' lang='lat' dir='ltr'><strong>nobis</strong></span> <span class='ocrx_word' id='word_1_503' title='bbox 2252 4935 2359 4973; x_wconf 87' lang='lat' dir='ltr'><strong>non</strong></span> 
     </span>
    </p>
   </div>
   <div class='ocr_carea' id='block_1_66' title="bbox 801 4999 2358 5075">
    <p class='ocr_par' dir='ltr' id='par_1_66' title="bbox 801 4999 2358 5075">
     <span class='ocr_line' id='line_1_66' title="bbox 801 4999 2358 5075; baseline 0.007 -24"><span class='ocrx_word' id='word_1_504' title='bbox 801 5008 947 5053; x_wconf 86' lang='lat' dir='ltr'><strong>esset</strong></span> <span class='ocrx_word' id='word_1_505' title='bbox 975 4999 1043 5053; x_wconf 90' lang='lat' dir='ltr'><strong>de</strong></span> <span class='ocrx_word' id='word_1_506' title='bbox 1074 5015 1133 5053; x_wconf 89' lang='lat' dir='ltr'><strong>ea</strong></span> <span class='ocrx_word' id='word_1_507' title='bbox 1160 5000 1552 5070; x_wconf 88' lang='lat' dir='ltr'><strong>philosophari,</strong></span> <span class='ocrx_word' id='word_1_508' title='bbox 1586 5006 1880 5072; x_wconf 87' lang='lat' dir='ltr'><strong>quomodo,</strong></span> <span class='ocrx_word' id='word_1_509' title='bbox 1905 5016 1957 5060; x_wconf 89' lang='lat' dir='ltr'><strong>et</strong></span> <span class='ocrx_word' id='word_1_510' title='bbox 1987 5011 2358 5075; x_wconf 87' lang='lat' dir='ltr'><strong>quamobrem,</strong></span> 
     </span>
    </p>
   </div>
   <div class='ocr_carea' id='block_1_67' title="bbox 801 5090 2346 5164">
    <p class='ocr_par' dir='ltr' id='par_1_67' title="bbox 801 5090 2346 5164">
     <span class='ocr_line' id='line_1_67' title="bbox 801 5090 2346 5164; baseline 0.007 -23"><span class='ocrx_word' id='word_1_511' title='bbox 801 5097 856 5141; x_wconf 89' lang='lat' dir='ltr'><strong>et</strong></span> <span class='ocrx_word' id='word_1_512' title='bbox 884 5090 1083 5156; x_wconf 87' lang='lat' dir='ltr'><strong>quibus</strong></span> <span class='ocrx_word' id='word_1_513' title='bbox 1117 5093 1381 5159; x_wconf 84' lang='lat' dir='ltr'><strong>magis,et</strong></span> <span class='ocrx_word' id='word_1_514' title='bbox 1404 5094 1602 5161; x_wconf 89' lang='lat' dir='ltr'><strong>quibus</strong></span> <span class='ocrx_word' id='word_1_515' title='bbox 1630 5096 1830 5158; x_wconf 91' lang='lat' dir='ltr'><strong>minus,</strong></span> <span class='ocrx_word' id='word_1_516' title='bbox 1856 5098 2053 5164; x_wconf 91' lang='lat' dir='ltr'><strong>quibus</strong></span> <span class='ocrx_word' id='word_1_517' title='bbox 2083 5098 2242 5151; x_wconf 89' lang='lat' dir='ltr'><strong>etiam</strong></span> <span class='ocrx_word' id='word_1_518' title='bbox 2276 5101 2346 5152; x_wconf 86' lang='lat' dir='ltr'><strong>in-</strong></span> 
     </span>
    </p>
   </div>
   <div class='ocr_carea' id='block_1_68' title="bbox 803 5180 2355 5245">
    <p class='ocr_par' dir='ltr' id='par_1_68' title="bbox 803 5180 2355 5245">
     <span class='ocr_line' id='line_1_68' title="bbox 803 5180 2355 5245; baseline 0.005 -13"><span class='ocrx_word' id='word_1_519' title='bbox 803 5180 1083 5234; x_wconf 90' lang='lat' dir='ltr'><strong>toleranda</strong></span> <span class='ocrx_word' id='word_1_520' title='bbox 1121 5182 1211 5245; x_wconf 91' lang='lat' dir='ltr'><strong>sit,</strong></span> <span class='ocrx_word' id='word_1_521' title='bbox 1242 5197 1305 5235; x_wconf 89' lang='lat' dir='ltr'><strong>ac</strong></span> <span class='ocrx_word' id='word_1_522' title='bbox 1327 5185 1643 5238; x_wconf 83' lang='lat' dir='ltr'><strong>terriculunt</strong></span> <span class='ocrx_word' id='word_1_523' title='bbox 1669 5188 1822 5241; x_wconf 89' lang='lat' dir='ltr'><strong>valde</strong></span> <span class='ocrx_word' id='word_1_524' title='bbox 1847 5188 2153 5242; x_wconf 88' lang='lat' dir='ltr'><strong>molestum.</strong></span> <span class='ocrx_word' id='word_1_525' title='bbox 2191 5188 2355 5242; x_wconf 64' lang='lat' dir='ltr'><strong>Cirta.</strong></span> 
     </span>
    </p>
   </div>
   <div class='ocr_carea' id='block_1_69' title="bbox 802 5272 2356 5349">
    <p class='ocr_par' dir='ltr' id='par_1_69' title="bbox 802 5272 2356 5349">
     <span class='ocr_line' id='line_1_69' title="bbox 802 5272 2356 5349; baseline 0.006 -24"><span class='ocrx_word' id='word_1_526' title='bbox 802 5287 921 5325; x_wconf 91' lang='lat' dir='ltr'><strong>rum</strong></span> <span class='ocrx_word' id='word_1_527' title='bbox 953 5272 1240 5327; x_wconf 68' lang='lat' dir='ltr'><strong>reddenda:</strong></span> <span class='ocrx_word' id='word_1_528' title='bbox 1280 5276 1505 5330; x_wconf 89' lang='lat' dir='ltr'><strong>rationis</strong></span> <span class='ocrx_word' id='word_1_529' title='bbox 1536 5285 1796 5331; x_wconf 62' lang='lat' dir='ltr'><strong>anteacta:</strong></span> <span class='ocrx_word' id='word_1_530' title='bbox 1829 5279 1949 5333; x_wconf 69' lang='lat' dir='ltr'><strong>vita:</strong></span> <span class='ocrx_word' id='word_1_531' title='bbox 1983 5281 2146 5335; x_wconf 93' lang='lat' dir='ltr'><strong>timor</strong></span> <span class='ocrx_word' id='word_1_532' title='bbox 2168 5322 2182 5344; x_wconf 95' lang='lat'><strong>,</strong></span> <span class='ocrx_word' id='word_1_533' title='bbox 2212 5282 2356 5349; x_wconf 88' lang='lat' dir='ltr'><strong>quod</strong></span> 
     </span>
    </p>
   </div>
   <div class='ocr_carea' id='block_1_70' title="bbox 802 5364 2353 5436">
    <p class='ocr_par' dir='ltr' id='par_1_70' title="bbox 802 5364 2353 5436">
     <span class='ocr_line' id='line_1_70' title="bbox 802 5364 2353 5436; baseline 0.009 -23"><span class='ocrx_word' id='word_1_534' title='bbox 802 5364 980 5431; x_wconf 87' lang='lat' dir='ltr'><strong>primo</strong></span> <span class='ocrx_word' id='word_1_535' title='bbox 1012 5365 1132 5418; x_wconf 90' lang='lat' dir='ltr'><strong>loco</strong></span> <span class='ocrx_word' id='word_1_536' title='bbox 1169 5365 1426 5428; x_wconf 80' lang='lat' dir='ltr'><strong>diximus,</strong></span> <span class='ocrx_word' id='word_1_537' title='bbox 1469 5378 1522 5422; x_wconf 91' lang='lat' dir='ltr'><strong>et</strong></span> <span class='ocrx_word' id='word_1_538' title='bbox 1552 5370 1743 5436; x_wconf 90' lang='lat' dir='ltr'><strong>judicii</strong></span> <span class='ocrx_word' id='word_1_539' title='bbox 1776 5371 1912 5436; x_wconf 85' lang='lat' dir='ltr'><strong>dies,</strong></span> <span class='ocrx_word' id='word_1_540' title='bbox 1942 5382 1995 5426; x_wconf 90' lang='lat' dir='ltr'><strong>et</strong></span> <span class='ocrx_word' id='word_1_541' title='bbox 2030 5374 2353 5427; x_wconf 90' lang='lat' dir='ltr'><strong>horrendum</strong></span> 
     </span>
    </p>
   </div>
   <div class='ocr_carea' id='block_1_71' title="bbox 802 5456 2352 5534">
    <p class='ocr_par' dir='ltr' id='par_1_71' title="bbox 802 5456 2352 5534">
     <span class='ocr_line' id='line_1_71' title="bbox 802 5456 2352 5534; baseline 0.007 -26"><span class='ocrx_word' id='word_1_542' title='bbox 802 5456 1065 5519; x_wconf 84' lang='lat' dir='ltr'><strong>tribunal,</strong></span> <span class='ocrx_word' id='word_1_543' title='bbox 1110 5468 1163 5509; x_wconf 93' lang='lat' dir='ltr'><strong>et</strong></span> <span class='ocrx_word' id='word_1_544' title='bbox 1208 5460 1477 5512; x_wconf 86' lang='lat' dir='ltr'><strong>satellites</strong></span> <span class='ocrx_word' id='word_1_545' title='bbox 1518 5461 1626 5529; x_wconf 85' lang='lat' dir='ltr'><strong>regi</strong></span> <span class='ocrx_word' id='word_1_546' title='bbox 1662 5471 1716 5515; x_wconf 86' lang='lat' dir='ltr'><strong>et</strong></span> <span class='ocrx_word' id='word_1_547' title='bbox 1745 5463 1915 5530; x_wconf 73' lang='lat' dir='ltr'><strong>judici</strong></span> <span class='ocrx_word' id='word_1_548' title='bbox 1977 5474 2216 5520; x_wconf 83' lang='lat' dir='ltr'><strong>astantes</strong></span> <span class='ocrx_word' id='word_1_549' title='bbox 2262 5469 2352 5534; x_wconf 91' lang='lat' dir='ltr'><strong>qui</strong></span> 
     </span>
    </p>
   </div>
   <div class='ocr_carea' id='block_1_72' title="bbox 805 5546 2353 5618">
    <p class='ocr_par' dir='ltr' id='par_1_72' title="bbox 805 5546 2353 5618">
     <span class='ocr_line' id='line_1_72' title="bbox 805 5546 2353 5618; baseline 0.005 -18"><span class='ocrx_word' id='word_1_550' title='bbox 805 5548 987 5600; x_wconf 87' lang='lat' dir='ltr'><strong>statim</strong></span> <span class='ocrx_word' id='word_1_551' title='bbox 1040 5546 1183 5613; x_wconf 91' lang='lat' dir='ltr'><strong>quod</strong></span> <span class='ocrx_word' id='word_1_552' title='bbox 1216 5548 1303 5601; x_wconf 91' lang='lat' dir='ltr'><strong>ille</strong></span> <span class='ocrx_word' id='word_1_553' title='bbox 1334 5550 1651 5618; x_wconf 67' lang='lat' dir='ltr'><strong>cogitaverit</strong></span> <span class='ocrx_word' id='word_1_554' title='bbox 1695 5554 2039 5607; x_wconf 76' lang='lat' dir='ltr'><strong>exsecutione</strong></span> <span class='ocrx_word' id='word_1_555' title='bbox 2080 5556 2353 5618; x_wconf 85' lang='lat' dir='ltr'><strong>mandem,</strong></span> 
     </span>
    </p>
   </div>
   <div class='ocr_carea' id='block_1_73' title="bbox 805 5638 2354 5715">
    <p class='ocr_par' dir='ltr' id='par_1_73' title="bbox 805 5638 2354 5715">
     <span class='ocr_line' id='line_1_73' title="bbox 805 5638 2354 5715; baseline 0.006 -26"><span class='ocrx_word' id='word_1_556' title='bbox 805 5648 856 5689; x_wconf 92' lang='lat' dir='ltr'><strong>et</strong></span> <span class='ocrx_word' id='word_1_557' title='bbox 883 5638 1156 5705; x_wconf 80' lang='lat' dir='ltr'><strong>insOpitus</strong></span> <span class='ocrx_word' id='word_1_558' title='bbox 1190 5639 1279 5693; x_wconf 89' lang='lat' dir='ltr'><strong>ille</strong></span> <span class='ocrx_word' id='word_1_559' title='bbox 1316 5642 1539 5703; x_wconf 86' lang='lat' dir='ltr'><strong>vermis,</strong></span> <span class='ocrx_word' id='word_1_560' title='bbox 1576 5652 1629 5695; x_wconf 88' lang='lat' dir='ltr'><strong>et</strong></span> <span class='ocrx_word' id='word_1_561' title='bbox 1663 5644 1984 5699; x_wconf 89' lang='lat' dir='ltr'><strong>tenebrosus</strong></span> <span class='ocrx_word' id='word_1_562' title='bbox 2029 5646 2187 5715; x_wconf 83' lang='lat' dir='ltr'><strong>ignis,</strong></span> <span class='ocrx_word' id='word_1_563' title='bbox 2215 5658 2265 5699; x_wconf 90' lang='lat' dir='ltr'><strong>et</strong></span> <span class='ocrx_word' id='word_1_564' title='bbox 2292 5647 2354 5699; x_wconf 90' lang='lat' dir='ltr'><strong>ad</strong></span> 
     </span>
    </p>
   </div>
   <div class='ocr_carea' id='block_1_74' title="bbox 808 5725 2341 5803">
    <p class='ocr_par' dir='ltr' id='par_1_74' title="bbox 808 5725 2341 5803">
     <span class='ocr_line' id='line_1_74' title="bbox 808 5725 2341 5803; baseline 0.007 -25"><span class='ocrx_word' id='word_1_565' title='bbox 808 5726 921 5780; x_wconf 76' lang='lat' dir='ltr'><strong>lucc</strong></span> <span class='ocrx_word' id='word_1_566' title='bbox 954 5728 1283 5782; x_wconf 88' lang='lat' dir='ltr'><strong>incertitudo</strong></span> <span class='ocrx_word' id='word_1_567' title='bbox 1310 5734 1609 5785; x_wconf 70' lang='lat' dir='ltr'><strong>sententiae.</strong></span> <span class='ocrx_word' id='word_1_568' title='bbox 1643 5725 1771 5798; x_wconf 72' lang='lat' dir='ltr'><strong>Quis</strong></span> <span class='ocrx_word' id='word_1_569' title='bbox 1800 5737 1935 5787; x_wconf 72' lang='lat' dir='ltr'><strong>enim</strong></span> <span class='ocrx_word' id='word_1_570' title='bbox 1974 5739 2209 5803; x_wconf 83' lang='lat' dir='ltr'><strong>cognorit</strong></span> <span class='ocrx_word' id='word_1_571' title='bbox 2246 5754 2341 5789; x_wconf 84' lang='lat' dir='ltr'><strong>sen-</strong></span> 
     </span>
    </p>
   </div>
   <div class='ocr_carea' id='block_1_75' title="bbox 807 5814 2357 5890">
    <p class='ocr_par' dir='ltr' id='par_1_75' title="bbox 807 5814 2357 5890">
     <span class='ocr_line' id='line_1_75' title="bbox 807 5814 2357 5890; baseline 0.005 -24"><span class='ocrx_word' id='word_1_572' title='bbox 807 5830 923 5866; x_wconf 69' lang='lat' dir='ltr'><strong>sum</strong></span> <span class='ocrx_word' id='word_1_573' title='bbox 955 5814 1199 5868; x_wconf 68' lang='lat' dir='ltr'><strong>ﬂamini?</strong></span> <span class='ocrx_word' id='word_1_574' title='bbox 1230 5816 1275 5879; x_wconf 92' lang='grc'><strong>(1</strong></span> <span class='ocrx_word' id='word_1_575' title='bbox 1308 5816 1411 5869; x_wconf 78' lang='lat' dir='ltr'><strong>Cor</strong></span> <span class='ocrx_word' id='word_1_576' title='bbox 1460 5835 1516 5880; x_wconf 87' lang='lat' dir='ltr'><strong>tt,</strong></span> <span class='ocrx_word' id='word_1_577' title='bbox 1544 5821 1645 5885; x_wconf 62' lang='lat' dir='ltr'><strong>iii),</strong></span> <span class='ocrx_word' id='word_1_578' title='bbox 1692 5832 1736 5871; x_wconf 79' lang='lat' dir='ltr'><strong>ct</strong></span> <span class='ocrx_word' id='word_1_579' title='bbox 1774 5821 2357 5890; x_wconf 48' lang='lat' dir='ltr'><strong>(egi/(itiones,inquit,</strong></span> 
     </span>
    </p>
   </div>
   <div class='ocr_carea' id='block_1_76' title="bbox 2476 1967 4027 2049">
    <p class='ocr_par' dir='ltr' id='par_1_76' title="bbox 2476 1967 4027 2049">
     <span class='ocr_line' id='line_1_76' title="bbox 2476 1967 4027 2049; baseline 0.015 -35"><span class='ocrx_word' id='word_1_580' title='bbox 2476 1967 2697 2032; x_wconf 88' lang='lat' dir='ltr'><strong>quando</strong></span> <span class='ocrx_word' id='word_1_581' title='bbox 2722 1967 2974 2021; x_wconf 80' lang='lat' dir='ltr'><strong>Salvator</strong></span> <span class='ocrx_word' id='word_1_582' title='bbox 3000 1973 3206 2025; x_wconf 87' lang='lat' dir='ltr'><strong>sedebit</strong></span> <span class='ocrx_word' id='word_1_583' title='bbox 3235 1977 3664 2042; x_wconf 84' lang='lat' dir='ltr'><strong>adjudicandum</strong></span> <span class='ocrx_word' id='word_1_584' title='bbox 3690 1983 4027 2049; x_wconf 64' lang='lat' dir='ltr'><strong>aequissimus</strong></span> 
     </span>
    </p>
   </div>
   <div class='ocr_carea' id='block_1_77' title="bbox 2476 2058 4027 2141">
    <p class='ocr_par' dir='ltr' id='par_1_77' title="bbox 2476 2058 4027 2141">
     <span class='ocr_line' id='line_1_77' title="bbox 2476 2058 4027 2141; baseline 0.014 -34"><span class='ocrx_word' id='word_1_585' title='bbox 2476 2065 2545 2129; x_wconf 84' lang='lat' dir='ltr'><strong>et_</strong></span> <span class='ocrx_word' id='word_1_586' title='bbox 2581 2058 2785 2112; x_wconf 77' lang='lat' dir='ltr'><strong>nullius</strong></span> <span class='ocrx_word' id='word_1_587' title='bbox 2827 2060 3164 2129; x_wconf 84' lang='lat' dir='ltr'><strong>deeeptionis</strong></span> <span class='ocrx_word' id='word_1_588' title='bbox 3195 2082 3387 2133; x_wconf 81' lang='lat' dir='ltr'><strong>capax,</strong></span> <span class='ocrx_word' id='word_1_589' title='bbox 3434 2072 3692 2123; x_wconf 73' lang='lat' dir='ltr'><strong>rationem</strong></span> <span class='ocrx_word' id='word_1_590' title='bbox 3716 2075 3933 2141; x_wconf 80' lang='lat' dir='ltr'><strong>exigens</strong></span> <span class='ocrx_word' id='word_1_591' title='bbox 3963 2077 4027 2127; x_wconf 86' lang='lat' dir='ltr'><strong>ab</strong></span> 
     </span>
    </p>
   </div>
   <div class='ocr_carea' id='block_1_78' title="bbox 2480 2160 4023 2230">
    <p class='ocr_par' dir='ltr' id='par_1_78' title="bbox 2480 2160 4023 2230">
     <span class='ocr_line' id='line_1_78' title="bbox 2480 2160 4023 2230; baseline 0.013 -34"><span class='ocrx_word' id='word_1_592' title='bbox 2480 2160 2836 2216; x_wconf 83' lang='lat' dir='ltr'><strong>unoquoque,</strong></span> <span class='ocrx_word' id='word_1_593' title='bbox 2883 2166 2992 2204; x_wconf 87' lang='lat' dir='ltr'><strong>non</strong></span> <span class='ocrx_word' id='word_1_594' title='bbox 3026 2169 3213 2205; x_wconf 89' lang='lat' dir='ltr'><strong>eorum</strong></span> <span class='ocrx_word' id='word_1_595' title='bbox 3255 2163 3461 2210; x_wconf 85' lang='lat' dir='ltr'><strong>tantum</strong></span> <span class='ocrx_word' id='word_1_596' title='bbox 3499 2175 3616 2227; x_wconf 72' lang='lat' dir='ltr'><strong>qua:</strong></span> <span class='ocrx_word' id='word_1_597' title='bbox 3649 2163 3754 2230; x_wconf 84' lang='lat' dir='ltr'><strong>egit</strong></span> <span class='ocrx_word' id='word_1_598' title='bbox 3788 2173 3841 2216; x_wconf 90' lang='lat' dir='ltr'><strong>et</strong></span> <span class='ocrx_word' id='word_1_599' title='bbox 3870 2166 4023 2227; x_wconf 70' lang='lat' dir='ltr'><strong>dixit,</strong></span> 
     </span>
    </p>
   </div>
   <div class='ocr_carea' id='block_1_79' title="bbox 2482 2239 4027 2317">
    <p class='ocr_par' dir='ltr' id='par_1_79' title="bbox 2482 2239 4027 2317">
     <span class='ocr_line' id='line_1_79' title="bbox 2482 2239 4027 2317; baseline 0.014 -28"><span class='ocrx_word' id='word_1_600' title='bbox 2482 2244 2538 2289; x_wconf 91' lang='lat' dir='ltr'><strong>et</strong></span> <span class='ocrx_word' id='word_1_601' title='bbox 2569 2239 2847 2306; x_wconf 81' lang='lat' dir='ltr'><strong>cogitavit,</strong></span> <span class='ocrx_word' id='word_1_602' title='bbox 2882 2243 2975 2295; x_wconf 89' lang='lat' dir='ltr'><strong>sed</strong></span> <span class='ocrx_word' id='word_1_603' title='bbox 3009 2244 3168 2296; x_wconf 88' lang='lat' dir='ltr'><strong>etiam</strong></span> <span class='ocrx_word' id='word_1_604' title='bbox 3221 2262 3341 2313; x_wconf 68' lang='lat' dir='ltr'><strong>qua:</strong></span> <span class='ocrx_word' id='word_1_605' title='bbox 3389 2262 3569 2317; x_wconf 87' lang='lat' dir='ltr'><strong>agere,</strong></span> <span class='ocrx_word' id='word_1_606' title='bbox 3627 2262 3678 2304; x_wconf 91' lang='lat' dir='ltr'><strong>et</strong></span> <span class='ocrx_word' id='word_1_607' title='bbox 3714 2254 3909 2317; x_wconf 84' lang='lat' dir='ltr'><strong>dicere,</strong></span> <span class='ocrx_word' id='word_1_608' title='bbox 3976 2268 4027 2311; x_wconf 84' lang='lat' dir='ltr'><strong>et</strong></span> 
     </span>
    </p>
   </div>
   <div class='ocr_carea' id='block_1_80' title="bbox 2486 2328 4027 2403">
    <p class='ocr_par' dir='ltr' id='par_1_80' title="bbox 2486 2328 4027 2403">
     <span class='ocr_line' id='line_1_80' title="bbox 2486 2328 4027 2403; baseline 0.016 -28"><span class='ocrx_word' id='word_1_609' title='bbox 2486 2328 2731 2394; x_wconf 88' lang='lat' dir='ltr'><strong>cogitare</strong></span> <span class='ocrx_word' id='word_1_610' title='bbox 2764 2330 3038 2385; x_wconf 88' lang='lat' dir='ltr'><strong>debebat?</strong></span> <span class='ocrx_word' id='word_1_611' title='bbox 3070 2335 3112 2388; x_wconf 85' lang='grc' dir='ltr'>Ο</span> <span class='ocrx_word' id='word_1_612' title='bbox 3145 2337 3377 2403; x_wconf 84' lang='lat' dir='ltr'><strong>qualiter</strong></span> <span class='ocrx_word' id='word_1_613' title='bbox 3408 2348 3533 2393; x_wconf 89' lang='lat' dir='ltr'><strong>tunc</strong></span> <span class='ocrx_word' id='word_1_614' title='bbox 3564 2343 3663 2396; x_wconf 86' lang='lat' dir='ltr'><strong>mei</strong></span> <span class='ocrx_word' id='word_1_615' title='bbox 3702 2344 3902 2399; x_wconf 90' lang='lat' dir='ltr'><strong>similes</strong></span> <span class='ocrx_word' id='word_1_616' title='bbox 3930 2358 4027 2399; x_wconf 84' lang='lat' dir='ltr'><strong>tre-</strong></span> 
     </span>
    </p>
   </div>
   <div class='ocr_carea' id='block_1_81' title="bbox 2478 2424 4022 2491">
    <p class='ocr_par' dir='ltr' id='par_1_81' title="bbox 2478 2424 4022 2491">
     <span class='ocr_line' id='line_1_81' title="bbox 2478 2424 4022 2491; baseline 0.017 -25"><span class='ocrx_word' id='word_1_617' title='bbox 2478 2429 2629 2469; x_wconf 90' lang='lat' dir='ltr'><strong>more</strong></span> <span class='ocrx_word' id='word_1_618' title='bbox 2654 2432 2961 2485; x_wconf 81' lang='lat' dir='ltr'><strong>paveseeut.</strong></span> <span class='ocrx_word' id='word_1_619' title='bbox 2997 2424 3198 2490; x_wconf 92' lang='lat' dir='ltr'><strong>quibus</strong></span> <span class='ocrx_word' id='word_1_620' title='bbox 3230 2429 3373 2480; x_wconf 88' lang='lat' dir='ltr'><strong>nulla</strong></span> <span class='ocrx_word' id='word_1_621' title='bbox 3410 2445 3538 2484; x_wconf 82' lang='lat' dir='ltr'><strong>cura</strong></span> <span class='ocrx_word' id='word_1_622' title='bbox 3572 2434 3665 2486; x_wconf 77' lang='lat' dir='ltr'><strong>fuit</strong></span> <span class='ocrx_word' id='word_1_623' title='bbox 3692 2436 3799 2488; x_wconf 58' lang='lat' dir='ltr'><strong>haec</strong></span> <span class='ocrx_word' id='word_1_624' title='bbox 3834 2439 4022 2491; x_wconf 85' lang='lat' dir='ltr'><strong>obser-</strong></span> 
     </span>
    </p>
   </div>
   <div class='ocr_carea' id='block_1_82' title="bbox 2477 2513 4023 2591">
    <p class='ocr_par' dir='ltr' id='par_1_82' title="bbox 2477 2513 4023 2591">
     <span class='ocr_line' id='line_1_82' title="bbox 2477 2513 4023 2591; baseline 0.015 -32"><span class='ocrx_word' id='word_1_625' title='bbox 2477 2521 2627 2572; x_wconf 88' lang='lat' dir='ltr'><strong>vare,</strong></span> <span class='ocrx_word' id='word_1_626' title='bbox 2671 2524 2769 2563; x_wconf 82' lang='lat' dir='ltr'><strong>nec</strong></span> <span class='ocrx_word' id='word_1_627' title='bbox 2804 2513 2959 2566; x_wconf 81' lang='lat' dir='ltr'><strong>libuit</strong></span> <span class='ocrx_word' id='word_1_628' title='bbox 2992 2517 3221 2585; x_wconf 88' lang='lat' dir='ltr'><strong>(utinam</strong></span> <span class='ocrx_word' id='word_1_629' title='bbox 3244 2522 3381 2573; x_wconf 87' lang='lat' dir='ltr'><strong>haud</strong></span> <span class='ocrx_word' id='word_1_630' title='bbox 3413 2524 3481 2574; x_wconf 89' lang='lat' dir='ltr'><strong>ita</strong></span> <span class='ocrx_word' id='word_1_631' title='bbox 3513 2526 3673 2591; x_wconf 75' lang='lat' dir='ltr'><strong>esset)</strong></span> <span class='ocrx_word' id='word_1_632' title='bbox 3711 2526 3775 2577; x_wconf 89' lang='lat' dir='ltr'><strong>ad</strong></span> <span class='ocrx_word' id='word_1_633' title='bbox 3802 2526 4023 2581; x_wconf 79' lang='lat' dir='ltr'><strong>Creato-</strong></span> 
     </span>
    </p>
   </div>
   <div class='ocr_carea' id='block_1_83' title="bbox 2480 2598 4023 2681">
    <p class='ocr_par' dir='ltr' id='par_1_83' title="bbox 2480 2598 4023 2681">
     <span class='ocr_line' id='line_1_83' title="bbox 2480 2598 4023 2681; baseline 0.015 -32"><span class='ocrx_word' id='word_1_634' title='bbox 2480 2598 2555 2653; x_wconf 91' lang='lat' dir='ltr'><strong>ris</strong></span> <span class='ocrx_word' id='word_1_635' title='bbox 2587 2600 2915 2655; x_wconf 85' lang='lat' dir='ltr'><strong>voluntatem</strong></span> <span class='ocrx_word' id='word_1_636' title='bbox 2941 2620 2999 2658; x_wconf 91' lang='lat' dir='ltr'><strong>se</strong></span> <span class='ocrx_word' id='word_1_637' title='bbox 3029 2610 3480 2664; x_wconf 86' lang='lat' dir='ltr'><strong>accommodare?</strong></span> <span class='ocrx_word' id='word_1_638' title='bbox 3508 2611 3609 2675; x_wconf 85' lang='lat' dir='ltr'><strong>Qui</strong></span> <span class='ocrx_word' id='word_1_639' title='bbox 3663 2615 3847 2681; x_wconf 77' lang='lat' dir='ltr'><strong>judex,</strong></span> <span class='ocrx_word' id='word_1_640' title='bbox 3902 2635 4023 2672; x_wconf 90' lang='lat' dir='ltr'><strong>cum</strong></span> 
     </span>
    </p>
   </div>
   <div class='ocr_carea' id='block_1_84' title="bbox 2480 2690 4025 2772">
    <p class='ocr_par' dir='ltr' id='par_1_84' title="bbox 2480 2690 4025 2772">
     <span class='ocr_line' id='line_1_84' title="bbox 2480 2690 4025 2772; baseline 0.012 -29"><span class='ocrx_word' id='word_1_641' title='bbox 2480 2690 2717 2758; x_wconf 82' lang='lat' dir='ltr'><strong>sederit,</strong></span> <span class='ocrx_word' id='word_1_642' title='bbox 2782 2709 2890 2747; x_wconf 89' lang='lat' dir='ltr'><strong>non</strong></span> <span class='ocrx_word' id='word_1_643' title='bbox 2941 2696 3161 2750; x_wconf 88' lang='lat' dir='ltr'><strong>habebit</strong></span> <span class='ocrx_word' id='word_1_644' title='bbox 3218 2713 3353 2766; x_wconf 84' lang='lat' dir='ltr'><strong>Opus</strong></span> <span class='ocrx_word' id='word_1_645' title='bbox 3414 2706 3860 2772; x_wconf 86' lang='lat' dir='ltr'><strong>accusatoribus,</strong></span> <span class='ocrx_word' id='word_1_646' title='bbox 3917 2725 4025 2763; x_wconf 88' lang='lat' dir='ltr'><strong>nou</strong></span> 
     </span>
    </p>
   </div>
   <div class='ocr_carea' id='block_1_85' title="bbox 2480 2782 4026 2869">
    <p class='ocr_par' dir='ltr' id='par_1_85' title="bbox 2480 2782 4026 2869">
     <span class='ocr_line' id='line_1_85' title="bbox 2480 2782 4026 2869; baseline 0.013 -34"><span class='ocrx_word' id='word_1_647' title='bbox 2480 2782 2706 2849; x_wconf 87' lang='lat' dir='ltr'><strong>libellis,</strong></span> <span class='ocrx_word' id='word_1_648' title='bbox 2739 2799 2848 2839; x_wconf 92' lang='lat' dir='ltr'><strong>non</strong></span> <span class='ocrx_word' id='word_1_649' title='bbox 2882 2788 3134 2854; x_wconf 87' lang='lat' dir='ltr'><strong>testibus,</strong></span> <span class='ocrx_word' id='word_1_650' title='bbox 3156 2791 3249 2844; x_wconf 91' lang='lat' dir='ltr'><strong>sed</strong></span> <span class='ocrx_word' id='word_1_651' title='bbox 3277 2802 3422 2860; x_wconf 87' lang='lat' dir='ltr'><strong>gesta</strong></span> <span class='ocrx_word' id='word_1_652' title='bbox 3452 2809 3480 2847; x_wconf 89' lang='lat' dir='ltr'><strong>a</strong></span> <span class='ocrx_word' id='word_1_653' title='bbox 3508 2796 3663 2850; x_wconf 84' lang='lat' dir='ltr'><strong>nobis</strong></span> <span class='ocrx_word' id='word_1_654' title='bbox 3693 2799 3882 2853; x_wconf 87' lang='lat' dir='ltr'><strong>melius</strong></span> <span class='ocrx_word' id='word_1_655' title='bbox 3908 2801 4026 2869; x_wconf 89' lang='lat' dir='ltr'><strong>ipse</strong></span> 
     </span>
    </p>
   </div>
   <div class='ocr_carea' id='block_1_86' title="bbox 2479 2875 4025 2953">
    <p class='ocr_par' dir='ltr' id='par_1_86' title="bbox 2479 2875 4025 2953">
     <span class='ocr_line' id='line_1_86' title="bbox 2479 2875 4025 2953; baseline 0.013 -27"><span class='ocrx_word' id='word_1_656' title='bbox 2479 2875 2650 2936; x_wconf 78' lang='lat' dir='ltr'><strong>novit,</strong></span> <span class='ocrx_word' id='word_1_657' title='bbox 2684 2891 2845 2944; x_wconf 89' lang='lat' dir='ltr'><strong>quam</strong></span> <span class='ocrx_word' id='word_1_658' title='bbox 2886 2880 2987 2947; x_wconf 90' lang='lat' dir='ltr'><strong>ipsi</strong></span> <span class='ocrx_word' id='word_1_659' title='bbox 3034 2895 3154 2935; x_wconf 92' lang='lat' dir='ltr'><strong>nos.</strong></span> <span class='ocrx_word' id='word_1_660' title='bbox 3212 2881 3322 2936; x_wconf 85' lang='lat' dir='ltr'><strong>Hae</strong></span> <span class='ocrx_word' id='word_1_661' title='bbox 3359 2885 3518 2953; x_wconf 78' lang='lat' dir='ltr'><strong>igitur</strong></span> <span class='ocrx_word' id='word_1_662' title='bbox 3566 2902 3847 2941; x_wconf 87' lang='lat' dir='ltr'><strong>causarum</strong></span> <span class='ocrx_word' id='word_1_663' title='bbox 3881 2894 4025 2946; x_wconf 87' lang='lat' dir='ltr'><strong>serie</strong></span> 
     </span>
    </p>
   </div>
   <div class='ocr_carea' id='block_1_87' title="bbox 2480 2966 4022 3050">
    <p class='ocr_par' dir='ltr' id='par_1_87' title="bbox 2480 2966 4022 3050">
     <span class='ocr_line' id='line_1_87' title="bbox 2480 2966 4022 3050; baseline 0.014 -33"><span class='ocrx_word' id='word_1_664' title='bbox 2480 2966 2551 3019; x_wconf 87' lang='lat' dir='ltr'><strong>ob</strong></span> <span class='ocrx_word' id='word_1_665' title='bbox 2593 2982 2730 3035; x_wconf 86' lang='lat' dir='ltr'><strong>quas</strong></span> <span class='ocrx_word' id='word_1_666' title='bbox 2777 2970 3089 3025; x_wconf 87' lang='lat' dir='ltr'><strong>horribilior</strong></span> <span class='ocrx_word' id='word_1_667' title='bbox 3124 2975 3276 3028; x_wconf 89' lang='lat' dir='ltr'><strong>nobis</strong></span> <span class='ocrx_word' id='word_1_668' title='bbox 3307 2987 3361 3029; x_wconf 90' lang='lat' dir='ltr'><strong>et</strong></span> <span class='ocrx_word' id='word_1_669' title='bbox 3399 2977 3576 3045; x_wconf 90' lang='lat' dir='ltr'><strong>seipsa</strong></span> <span class='ocrx_word' id='word_1_670' title='bbox 3606 2981 3813 3035; x_wconf 86' lang='lat' dir='ltr'><strong>videtur</strong></span> <span class='ocrx_word' id='word_1_671' title='bbox 3856 2998 4022 3050; x_wconf 89' lang='lat' dir='ltr'><strong>mors,</strong></span> 
     </span>
    </p>
   </div>
   <div class='ocr_carea' id='block_1_88' title="bbox 2479 3051 4023 3129">
    <p class='ocr_par' dir='ltr' id='par_1_88' title="bbox 2479 3051 4023 3129">
     <span class='ocr_line' id='line_1_88' title="bbox 2479 3051 4023 3129; baseline 0.016 -24"><span class='ocrx_word' id='word_1_672' title='bbox 2479 3058 2704 3108; x_wconf 89' lang='lat' dir='ltr'><strong>omnino</strong></span> <span class='ocrx_word' id='word_1_673' title='bbox 2732 3060 2977 3126; x_wconf 88' lang='lat' dir='ltr'><strong>superior</strong></span> <span class='ocrx_word' id='word_1_674' title='bbox 2999 3075 3115 3115; x_wconf 88' lang='lat' dir='ltr'><strong>erat</strong></span> <span class='ocrx_word' id='word_1_675' title='bbox 3134 3066 3525 3129; x_wconf 86' lang='lat' dir='ltr'><strong>gloriosissima</strong></span> <span class='ocrx_word' id='word_1_676' title='bbox 3545 3051 3810 3127; x_wconf 79' lang='lat' dir='ltr'><strong>Creatoris</strong></span> <span class='ocrx_word' id='word_1_677' title='bbox 3838 3073 4023 3129; x_wconf 80' lang='lat' dir='ltr'><strong>Mater.</strong></span> 
     </span>
    </p>
   </div>
   <div class='ocr_carea' id='block_1_89' title="bbox 2477 3144 4023 3234">
    <p class='ocr_par' dir='ltr' id='par_1_89' title="bbox 2477 3144 4023 3234">
     <span class='ocr_line' id='line_1_89' title="bbox 2477 3144 4023 3234; baseline 0.014 -35"><span class='ocrx_word' id='word_1_678' title='bbox 2477 3144 2611 3200; x_wconf 86' lang='lat' dir='ltr'><strong>Nam</strong></span> <span class='ocrx_word' id='word_1_679' title='bbox 2672 3165 2847 3217; x_wconf 87' lang='lat' dir='ltr'><strong>neque</strong></span> <span class='ocrx_word' id='word_1_680' title='bbox 2906 3151 3109 3204; x_wconf 90' lang='lat' dir='ltr'><strong>incerta</strong></span> <span class='ocrx_word' id='word_1_681' title='bbox 3159 3154 3349 3221; x_wconf 89' lang='lat' dir='ltr'><strong>judieii</strong></span> <span class='ocrx_word' id='word_1_682' title='bbox 3398 3160 3682 3227; x_wconf 86' lang='lat' dir='ltr'><strong>sententia,</strong></span> <span class='ocrx_word' id='word_1_683' title='bbox 3721 3177 3815 3230; x_wconf 88' lang='lat' dir='ltr'><strong>per</strong></span> <span class='ocrx_word' id='word_1_684' title='bbox 3863 3180 4023 3234; x_wconf 85' lang='lat' dir='ltr'><strong>quam</strong></span> 
     </span>
    </p>
   </div>
   <div class='ocr_carea' id='block_1_90' title="bbox 2479 3240 4025 3315">
    <p class='ocr_par' dir='ltr' id='par_1_90' title="bbox 2479 3240 4025 3315">
     <span class='ocr_line' id='line_1_90' title="bbox 2479 3240 4025 3315; baseline 0.014 -26"><span class='ocrx_word' id='word_1_685' title='bbox 2479 3252 2611 3291; x_wconf 81' lang='lat' dir='ltr'><strong>sane</strong></span> <span class='ocrx_word' id='word_1_686' title='bbox 2666 3240 2977 3306; x_wconf 83' lang='lat' dir='ltr'><strong>pandentur</strong></span> <span class='ocrx_word' id='word_1_687' title='bbox 3036 3246 3379 3299; x_wconf 86' lang='lat' dir='ltr'><strong>tenebrarum</strong></span> <span class='ocrx_word' id='word_1_688' title='bbox 3438 3252 3714 3315; x_wconf 72' lang='lat' dir='ltr'><strong>przesentis</strong></span> <span class='ocrx_word' id='word_1_689' title='bbox 3772 3259 4025 3311; x_wconf 83' lang='lat' dir='ltr'><strong>vanitatis</strong></span> 
     </span>
    </p>
   </div>
   <div class='ocr_carea' id='block_1_91' title="bbox 2478 3328 4026 3411">
    <p class='ocr_par' dir='ltr' id='par_1_91' title="bbox 2478 3328 4026 3411">
     <span class='ocr_line' id='line_1_91' title="bbox 2478 3328 4026 3411; baseline 0.011 -32"><span class='ocrx_word' id='word_1_690' title='bbox 2478 3328 2715 3391; x_wconf 88' lang='lat' dir='ltr'><strong>occulta,</strong></span> <span class='ocrx_word' id='word_1_691' title='bbox 2761 3338 2973 3397; x_wconf 81' lang='lat' dir='ltr'><strong>poterat</strong></span> <span class='ocrx_word' id='word_1_692' title='bbox 3009 3330 3125 3398; x_wconf 87' lang='lat' dir='ltr'><strong>ejus</strong></span> <span class='ocrx_word' id='word_1_693' title='bbox 3163 3332 3517 3400; x_wconf 78' lang='lat' dir='ltr'><strong>cogitationes</strong></span> <span class='ocrx_word' id='word_1_694' title='bbox 3562 3339 3793 3403; x_wconf 89' lang='lat' dir='ltr'><strong>turbare,</strong></span> <span class='ocrx_word' id='word_1_695' title='bbox 3851 3357 4026 3411; x_wconf 86' lang='lat' dir='ltr'><strong>neque</strong></span> 
     </span>
    </p>
   </div>
   <div class='ocr_carea' id='block_1_92' title="bbox 2478 3418 4025 3495">
    <p class='ocr_par' dir='ltr' id='par_1_92' title="bbox 2478 3418 4025 3495">
     <span class='ocr_line' id='line_1_92' title="bbox 2478 3418 4025 3495; baseline 0.01 -25"><span class='ocrx_word' id='word_1_696' title='bbox 2478 3429 2542 3470; x_wconf 75' lang='lat' dir='ltr'><strong>ex</strong></span> <span class='ocrx_word' id='word_1_697' title='bbox 2573 3418 2671 3471; x_wconf 86' lang='lat' dir='ltr'><strong>hac</strong></span> <span class='ocrx_word' id='word_1_698' title='bbox 2694 3420 2803 3473; x_wconf 89' lang='lat' dir='ltr'><strong>vita</strong></span> <span class='ocrx_word' id='word_1_699' title='bbox 2832 3419 3100 3490; x_wconf 79' lang='lat' dir='ltr'><strong>migratio.</strong></span> <span class='ocrx_word' id='word_1_700' title='bbox 3132 3421 3329 3491; x_wconf 82' lang='lat' dir='ltr'><strong>Etjure</strong></span> <span class='ocrx_word' id='word_1_701' title='bbox 3361 3424 3574 3494; x_wconf 85' lang='lat' dir='ltr'><strong>quidem</strong></span> <span class='ocrx_word' id='word_1_702' title='bbox 3606 3431 3804 3495; x_wconf 85' lang='lat' dir='ltr'><strong>optimo</strong></span> <span class='ocrx_word' id='word_1_703' title='bbox 3831 3448 3844 3484; x_wconf 90' lang='lat'><strong>:</strong></span> <span class='ocrx_word' id='word_1_704' title='bbox 3872 3448 4025 3485; x_wconf 85' lang='lat' dir='ltr'><strong>sunt-</strong></span> 
     </span>
    </p>
   </div>
   <div class='ocr_carea' id='block_1_93' title="bbox 2480 3514 4025 3591">
    <p class='ocr_par' dir='ltr' id='par_1_93' title="bbox 2480 3514 4025 3591">
     <span class='ocr_line' id='line_1_93' title="bbox 2480 3514 4025 3591; baseline 0.009 -28"><span class='ocrx_word' id='word_1_705' title='bbox 2480 3526 2621 3564; x_wconf 87' lang='lat' dir='ltr'><strong>mam</strong></span> <span class='ocrx_word' id='word_1_706' title='bbox 2657 3514 2857 3581; x_wconf 90' lang='lat' dir='ltr'><strong>quippe</strong></span> <span class='ocrx_word' id='word_1_707' title='bbox 2890 3516 2964 3566; x_wconf 87' lang='lat' dir='ltr'><strong>illi</strong></span> <span class='ocrx_word' id='word_1_708' title='bbox 2996 3516 3360 3569; x_wconf 89' lang='lat' dir='ltr'><strong>constantiam</strong></span> <span class='ocrx_word' id='word_1_709' title='bbox 3390 3534 3451 3572; x_wconf 90' lang='lat' dir='ltr'><strong>ac</strong></span> <span class='ocrx_word' id='word_1_710' title='bbox 3487 3520 3727 3575; x_wconf 88' lang='lat' dir='ltr'><strong>tiduciatn</strong></span> <span class='ocrx_word' id='word_1_711' title='bbox 3756 3524 4025 3591; x_wconf 65' lang='lat' dir='ltr'><strong>praebebat</strong></span> 
     </span>
    </p>
   </div>
   <div class='ocr_carea' id='block_1_94' title="bbox 2479 3606 4027 3671">
    <p class='ocr_par' dir='ltr' id='par_1_94' title="bbox 2479 3606 4027 3671">
     <span class='ocr_line' id='line_1_94' title="bbox 2479 3606 4027 3671; baseline 0.01 -15"><span class='ocrx_word' id='word_1_712' title='bbox 2479 3614 2776 3659; x_wconf 89' lang='lat' dir='ltr'><strong>consuetus</strong></span> <span class='ocrx_word' id='word_1_713' title='bbox 2808 3606 2877 3659; x_wconf 89' lang='lat' dir='ltr'><strong>ab</strong></span> <span class='ocrx_word' id='word_1_714' title='bbox 2924 3608 3144 3660; x_wconf 90' lang='lat' dir='ltr'><strong>ineunte</strong></span> <span class='ocrx_word' id='word_1_715' title='bbox 3182 3618 3339 3663; x_wconf 79' lang='lat' dir='ltr'><strong>aetate</strong></span> <span class='ocrx_word' id='word_1_716' title='bbox 3376 3626 3633 3668; x_wconf 81' lang='lat' dir='ltr'><strong>ascensus</strong></span> <span class='ocrx_word' id='word_1_717' title='bbox 3666 3616 3729 3667; x_wconf 91' lang='lat' dir='ltr'><strong>ad</strong></span> <span class='ocrx_word' id='word_1_718' title='bbox 3776 3616 3938 3669; x_wconf 89' lang='lat' dir='ltr'><strong>Deum</strong></span> <span class='ocrx_word' id='word_1_719' title='bbox 3974 3627 4027 3671; x_wconf 87' lang='lat' dir='ltr'><strong>et</strong></span> 
     </span>
    </p>
   </div>
   <div class='ocr_carea' id='block_1_95' title="bbox 2480 3698 4024 3771">
    <p class='ocr_par' dir='ltr' id='par_1_95' title="bbox 2480 3698 4024 3771">
     <span class='ocr_line' id='line_1_95' title="bbox 2480 3698 4024 3771; baseline 0.01 -24"><span class='ocrx_word' id='word_1_720' title='bbox 2480 3700 2812 3765; x_wconf 85' lang='lat' dir='ltr'><strong>provettietts</strong></span> <span class='ocrx_word' id='word_1_721' title='bbox 2860 3698 2984 3751; x_wconf 88' lang='lat' dir='ltr'><strong>inde</strong></span> <span class='ocrx_word' id='word_1_722' title='bbox 3014 3699 3211 3768; x_wconf 88' lang='lat' dir='ltr'><strong>gratia,</strong></span> <span class='ocrx_word' id='word_1_723' title='bbox 3246 3702 3359 3755; x_wconf 86' lang='lat' dir='ltr'><strong>sive</strong></span> <span class='ocrx_word' id='word_1_724' title='bbox 3390 3702 3675 3759; x_wconf 87' lang='lat' dir='ltr'><strong>deiﬁcatio.</strong></span> <span class='ocrx_word' id='word_1_725' title='bbox 3712 3706 3886 3771; x_wconf 89' lang='lat' dir='ltr'><strong>Quare</strong></span> <span class='ocrx_word' id='word_1_726' title='bbox 3919 3726 4024 3764; x_wconf 89' lang='lat' dir='ltr'><strong>non</strong></span> 
     </span>
    </p>
   </div>
   <div class='ocr_carea' id='block_1_96' title="bbox 2479 3788 4024 3866">
    <p class='ocr_par' dir='ltr' id='par_1_96' title="bbox 2479 3788 4024 3866">
     <span class='ocr_line' id='line_1_96' title="bbox 2479 3788 4024 3866; baseline 0.008 -25"><span class='ocrx_word' id='word_1_727' title='bbox 2479 3797 2594 3841; x_wconf 84' lang='lat' dir='ltr'><strong>erat</strong></span> <span class='ocrx_word' id='word_1_728' title='bbox 2632 3788 2973 3843; x_wconf 86' lang='lat' dir='ltr'><strong>formidanda</strong></span> <span class='ocrx_word' id='word_1_729' title='bbox 3008 3791 3225 3843; x_wconf 82' lang='lat' dir='ltr'><strong>ferenda</strong></span> <span class='ocrx_word' id='word_1_730' title='bbox 3258 3801 3387 3845; x_wconf 87' lang='lat' dir='ltr'><strong>tunc</strong></span> <span class='ocrx_word' id='word_1_731' title='bbox 3425 3799 3686 3849; x_wconf 87' lang='lat' dir='ltr'><strong>sententia</strong></span> <span class='ocrx_word' id='word_1_732' title='bbox 3722 3814 3824 3866; x_wconf 88' lang='lat' dir='ltr'><strong>qua</strong></span> <span class='ocrx_word' id='word_1_733' title='bbox 3873 3800 4024 3853; x_wconf 86' lang='lat' dir='ltr'><strong>datu-</strong></span> 
     </span>
    </p>
   </div>
   <div class='ocr_carea' id='block_1_97' title="bbox 2478 3882 4021 3957">
    <p class='ocr_par' dir='ltr' id='par_1_97' title="bbox 2478 3882 4021 3957">
     <span class='ocr_line' id='line_1_97' title="bbox 2478 3882 4021 3957; baseline 0.008 -27"><span class='ocrx_word' id='word_1_734' title='bbox 2478 3888 2677 3931; x_wconf 86' lang='lat' dir='ltr'><strong>nantur</strong></span> <span class='ocrx_word' id='word_1_735' title='bbox 2708 3882 2797 3947; x_wconf 93' lang='lat' dir='ltr'><strong>qui</strong></span> <span class='ocrx_word' id='word_1_736' title='bbox 2846 3882 3224 3935; x_wconf 86' lang='lat' dir='ltr'><strong>contumeliosi</strong></span> <span class='ocrx_word' id='word_1_737' title='bbox 3261 3891 3387 3935; x_wconf 81' lang='lat' dir='ltr'><strong>sunt</strong></span> <span class='ocrx_word' id='word_1_738' title='bbox 3420 3885 3472 3936; x_wconf 90' lang='lat' dir='ltr'><strong>in</strong></span> <span class='ocrx_word' id='word_1_739' title='bbox 3507 3884 3674 3948; x_wconf 74' lang='lat' dir='ltr'><strong>legem</strong></span> <span class='ocrx_word' id='word_1_740' title='bbox 3708 3886 3825 3940; x_wconf 80' lang='lat' dir='ltr'><strong>Filii</strong></span> <span class='ocrx_word' id='word_1_741' title='bbox 3882 3891 4021 3957; x_wconf 87' lang='lat' dir='ltr'><strong>ejus,</strong></span> 
     </span>
    </p>
   </div>
   <div class='ocr_carea' id='block_1_98' title="bbox 2478 3969 4023 4036">
    <p class='ocr_par' dir='ltr' id='par_1_98' title="bbox 2478 3969 4023 4036">
     <span class='ocr_line' id='line_1_98' title="bbox 2478 3969 4023 4036; baseline 0.008 -16"><span class='ocrx_word' id='word_1_742' title='bbox 2478 3982 2578 4021; x_wconf 90' lang='lat' dir='ltr'><strong>nec</strong></span> <span class='ocrx_word' id='word_1_743' title='bbox 2625 3983 2768 4036; x_wconf 70' lang='lat' dir='ltr'><strong>aegre</strong></span> <span class='ocrx_word' id='word_1_744' title='bbox 2826 3969 3047 4023; x_wconf 89' lang='lat' dir='ltr'><strong>ferenda</strong></span> <span class='ocrx_word' id='word_1_745' title='bbox 3092 3972 3337 4025; x_wconf 87' lang='lat' dir='ltr'><strong>decessio</strong></span> <span class='ocrx_word' id='word_1_746' title='bbox 3386 3974 3455 4026; x_wconf 89' lang='lat' dir='ltr'><strong>ob</strong></span> <span class='ocrx_word' id='word_1_747' title='bbox 3488 3975 3808 4029; x_wconf 87' lang='lat' dir='ltr'><strong>caducarum</strong></span> <span class='ocrx_word' id='word_1_748' title='bbox 3840 3996 4023 4034; x_wconf 84' lang='lat' dir='ltr'><strong>rerum</strong></span> 
     </span>
    </p>
   </div>
   <div class='ocr_carea' id='block_1_99' title="bbox 2477 4058 4023 4133">
    <p class='ocr_par' dir='ltr' id='par_1_99' title="bbox 2477 4058 4023 4133">
     <span class='ocr_line' id='line_1_99' title="bbox 2477 4058 4023 4133; baseline 0.008 -22"><span class='ocrx_word' id='word_1_749' title='bbox 2477 4058 2934 4125; x_wconf 87' lang='lat' dir='ltr'><strong>deperditionem.</strong></span> <span class='ocrx_word' id='word_1_750' title='bbox 2972 4060 3137 4113; x_wconf 84' lang='lat' dir='ltr'><strong>Beata</strong></span> <span class='ocrx_word' id='word_1_751' title='bbox 3182 4062 3323 4115; x_wconf 89' lang='lat' dir='ltr'><strong>enim</strong></span> <span class='ocrx_word' id='word_1_752' title='bbox 3364 4063 3522 4133; x_wconf 83' lang='lat' dir='ltr'><strong>Virgo</strong></span> <span class='ocrx_word' id='word_1_753' title='bbox 3554 4065 3728 4121; x_wconf 84' lang='lat' dir='ltr'><strong>adhuc</strong></span> <span class='ocrx_word' id='word_1_754' title='bbox 3754 4069 3914 4122; x_wconf 84' lang='lat' dir='ltr'><strong>etiam</strong></span> <span class='ocrx_word' id='word_1_755' title='bbox 3948 4072 4023 4122; x_wconf 82' lang='lat' dir='ltr'><strong>vi-</strong></span> 
     </span>
    </p>
   </div>
   <div class='ocr_carea' id='block_1_100' title="bbox 2477 4151 4022 4228">
    <p class='ocr_par' dir='ltr' id='par_1_100' title="bbox 2477 4151 4022 4228">
     <span class='ocr_line' id='line_1_100' title="bbox 2477 4151 4022 4228; baseline 0.009 -27"><span class='ocrx_word' id='word_1_756' title='bbox 2477 4164 2609 4203; x_wconf 88' lang='lat' dir='ltr'><strong>vens</strong></span> <span class='ocrx_word' id='word_1_757' title='bbox 2661 4165 2758 4217; x_wconf 91' lang='lat' dir='ltr'><strong>pro</strong></span> <span class='ocrx_word' id='word_1_758' title='bbox 2809 4151 2981 4204; x_wconf 90' lang='lat' dir='ltr'><strong>nihilo</strong></span> <span class='ocrx_word' id='word_1_759' title='bbox 3016 4153 3250 4207; x_wconf 83' lang='lat' dir='ltr'><strong>ducebat</strong></span> <span class='ocrx_word' id='word_1_760' title='bbox 3294 4164 3347 4206; x_wconf 93' lang='lat' dir='ltr'><strong>et</strong></span> <span class='ocrx_word' id='word_1_761' title='bbox 3391 4154 3548 4209; x_wconf 88' lang='lat' dir='ltr'><strong>inane</strong></span> <span class='ocrx_word' id='word_1_762' title='bbox 3602 4157 3829 4212; x_wconf 89' lang='lat' dir='ltr'><strong>habebat</strong></span> <span class='ocrx_word' id='word_1_763' title='bbox 3878 4164 4022 4228; x_wconf 88' lang='lat' dir='ltr'><strong>quod</strong></span> 
     </span>
    </p>
   </div>
   <div class='ocr_carea' id='block_1_101' title="bbox 2481 4245 4019 4321">
    <p class='ocr_par' dir='ltr' id='par_1_101' title="bbox 2481 4245 4019 4321">
     <span class='ocr_line' id='line_1_101' title="bbox 2481 4245 4019 4321; baseline 0.008 -26"><span class='ocrx_word' id='word_1_764' title='bbox 2481 4245 2713 4297; x_wconf 89' lang='lat' dir='ltr'><strong>tenendo</strong></span> <span class='ocrx_word' id='word_1_765' title='bbox 2745 4259 2855 4298; x_wconf 90' lang='lat' dir='ltr'><strong>non</strong></span> <span class='ocrx_word' id='word_1_766' title='bbox 2894 4253 3130 4309; x_wconf 88' lang='lat' dir='ltr'><strong>tenetur,</strong></span> <span class='ocrx_word' id='word_1_767' title='bbox 3162 4254 3214 4298; x_wconf 86' lang='lat' dir='ltr'><strong>et</strong></span> <span class='ocrx_word' id='word_1_768' title='bbox 3262 4248 3513 4315; x_wconf 87' lang='lat' dir='ltr'><strong>elabitur,</strong></span> <span class='ocrx_word' id='word_1_769' title='bbox 3548 4251 3671 4303; x_wconf 90' lang='lat' dir='ltr'><strong>dum</strong></span> <span class='ocrx_word' id='word_1_770' title='bbox 3710 4268 3867 4305; x_wconf 86' lang='lat' dir='ltr'><strong>manu</strong></span> <span class='ocrx_word' id='word_1_771' title='bbox 3897 4270 4019 4321; x_wconf 79' lang='lat' dir='ltr'><strong>pre-</strong></span> 
     </span>
    </p>
   </div>
   <div class='ocr_carea' id='block_1_102' title="bbox 2478 4334 4023 4407">
    <p class='ocr_par' dir='ltr' id='par_1_102' title="bbox 2478 4334 4023 4407">
     <span class='ocr_line' id='line_1_102' title="bbox 2478 4334 4023 4407; baseline 0.007 -21"><span class='ocrx_word' id='word_1_772' title='bbox 2478 4334 2709 4389; x_wconf 87' lang='lat' dir='ltr'><strong>hensum</strong></span> <span class='ocrx_word' id='word_1_773' title='bbox 2739 4345 2825 4391; x_wconf 90' lang='lat' dir='ltr'><strong>est</strong></span> <span class='ocrx_word' id='word_1_774' title='bbox 2855 4352 2869 4400; x_wconf 92' lang='lat'><strong>;</strong></span> <span class='ocrx_word' id='word_1_775' title='bbox 2908 4339 3042 4391; x_wconf 90' lang='lat' dir='ltr'><strong>tales</strong></span> <span class='ocrx_word' id='word_1_776' title='bbox 3097 4353 3222 4391; x_wconf 85' lang='lat' dir='ltr'><strong>vero</strong></span> <span class='ocrx_word' id='word_1_777' title='bbox 3258 4347 3383 4391; x_wconf 83' lang='lat' dir='ltr'><strong>sunt</strong></span> <span class='ocrx_word' id='word_1_778' title='bbox 3425 4355 3510 4392; x_wconf 86' lang='lat' dir='ltr'><strong>res</strong></span> <span class='ocrx_word' id='word_1_779' title='bbox 3546 4342 3701 4407; x_wconf 89' lang='lat' dir='ltr'><strong>hujus</strong></span> <span class='ocrx_word' id='word_1_780' title='bbox 3732 4346 3931 4407; x_wconf 78' lang='lat' dir='ltr'><strong>szeeuli,</strong></span> <span class='ocrx_word' id='word_1_781' title='bbox 3966 4356 4023 4397; x_wconf 89' lang='lat' dir='ltr'><strong>ut</strong></span> 
     </span>
    </p>
   </div>
   <div class='ocr_carea' id='block_1_103' title="bbox 2476 4429 4018 4501">
    <p class='ocr_par' dir='ltr' id='par_1_103' title="bbox 2476 4429 4018 4501">
     <span class='ocr_line' id='line_1_103' title="bbox 2476 4429 4018 4501; baseline 0.005 -22"><span class='ocrx_word' id='word_1_782' title='bbox 2476 4429 2771 4483; x_wconf 86' lang='lat' dir='ltr'><strong>abstineret</strong></span> <span class='ocrx_word' id='word_1_783' title='bbox 2832 4439 2994 4496; x_wconf 86' lang='lat' dir='ltr'><strong>atque</strong></span> <span class='ocrx_word' id='word_1_784' title='bbox 3049 4429 3117 4482; x_wconf 88' lang='lat' dir='ltr'><strong>ab</strong></span> <span class='ocrx_word' id='word_1_785' title='bbox 3172 4431 3250 4482; x_wconf 91' lang='lat' dir='ltr'><strong>eis</strong></span> <span class='ocrx_word' id='word_1_786' title='bbox 3310 4430 3530 4483; x_wconf 90' lang='lat' dir='ltr'><strong>omnino</strong></span> <span class='ocrx_word' id='word_1_787' title='bbox 3584 4433 3866 4501; x_wconf 76' lang='lat' dir='ltr'><strong>refugeret,</strong></span> <span class='ocrx_word' id='word_1_788' title='bbox 3917 4436 4018 4489; x_wconf 88' lang='lat' dir='ltr'><strong>nisi</strong></span> 
     </span>
    </p>
   </div>
   <div class='ocr_carea' id='block_1_104' title="bbox 2476 4520 4021 4593">
    <p class='ocr_par' dir='ltr' id='par_1_104' title="bbox 2476 4520 4021 4593">
     <span class='ocr_line' id='line_1_104' title="bbox 2476 4520 4021 4593; baseline 0.008 -24"><span class='ocrx_word' id='word_1_789' title='bbox 2476 4527 2738 4584; x_wconf 88' lang='lat' dir='ltr'><strong>quantum</strong></span> <span class='ocrx_word' id='word_1_790' title='bbox 2780 4520 3078 4573; x_wconf 80' lang='lat' dir='ltr'><strong>necessitas</strong></span> <span class='ocrx_word' id='word_1_791' title='bbox 3101 4532 3338 4588; x_wconf 80' lang='lat' dir='ltr'><strong>cogeret,</strong></span> <span class='ocrx_word' id='word_1_792' title='bbox 3371 4537 3436 4574; x_wconf 88' lang='lat' dir='ltr'><strong>ne</strong></span> <span class='ocrx_word' id='word_1_793' title='bbox 3464 4523 3705 4576; x_wconf 85' lang='lat' dir='ltr'><strong>interiret</strong></span> <span class='ocrx_word' id='word_1_794' title='bbox 3738 4540 3949 4593; x_wconf 82' lang='lat' dir='ltr'><strong>corpus,</strong></span> <span class='ocrx_word' id='word_1_795' title='bbox 3974 4529 4021 4581; x_wconf 86' lang='lat' dir='ltr'><strong>si</strong></span> 
     </span>
    </p>
   </div>
   <div class='ocr_carea' id='block_1_105' title="bbox 2477 4609 4021 4679">
    <p class='ocr_par' dir='ltr' id='par_1_105' title="bbox 2477 4609 4021 4679">
     <span class='ocr_line' id='line_1_105' title="bbox 2477 4609 4021 4679; baseline 0.006 -20"><span class='ocrx_word' id='word_1_796' title='bbox 2477 4616 2806 4676; x_wconf 80' lang='lat' dir='ltr'><strong>negarentur</strong></span> <span class='ocrx_word' id='word_1_797' title='bbox 2837 4609 2911 4661; x_wconf 90' lang='lat' dir='ltr'><strong>illi</strong></span> <span class='ocrx_word' id='word_1_798' title='bbox 2954 4624 3049 4677; x_wconf 89' lang='lat' dir='ltr'><strong>per</strong></span> <span class='ocrx_word' id='word_1_799' title='bbox 3080 4626 3197 4677; x_wconf 64' lang='lat' dir='ltr'><strong>qua:</strong></span> <span class='ocrx_word' id='word_1_800' title='bbox 3226 4621 3557 4664; x_wconf 87' lang='lat' dir='ltr'><strong>sustentatur</strong></span> <span class='ocrx_word' id='word_1_801' title='bbox 3589 4630 3601 4665; x_wconf 91' lang='lat'>:</span> <span class='ocrx_word' id='word_1_802' title='bbox 3639 4615 3778 4679; x_wconf 88' lang='lat' dir='ltr'><strong>quod</strong></span> <span class='ocrx_word' id='word_1_803' title='bbox 3810 4625 3859 4668; x_wconf 89' lang='lat' dir='ltr'><strong>et</strong></span> <span class='ocrx_word' id='word_1_804' title='bbox 3884 4632 4021 4669; x_wconf 81' lang='lat' dir='ltr'><strong>nova</strong></span> 
     </span>
    </p>
   </div>
   <div class='ocr_carea' id='block_1_106' title="bbox 2476 4698 4021 4771">
    <p class='ocr_par' dir='ltr' id='par_1_106' title="bbox 2476 4698 4021 4771">
     <span class='ocr_line' id='line_1_106' title="bbox 2476 4698 4021 4771; baseline 0.004 -20"><span class='ocrx_word' id='word_1_805' title='bbox 2476 4704 2531 4751; x_wconf 87' lang='lat' dir='ltr'><strong>et</strong></span> <span class='ocrx_word' id='word_1_806' title='bbox 2556 4698 2777 4767; x_wconf 86' lang='lat' dir='ltr'><strong>antiqua</strong></span> <span class='ocrx_word' id='word_1_807' title='bbox 2806 4702 3006 4768; x_wconf 88' lang='lat' dir='ltr'><strong>pariter</strong></span> <span class='ocrx_word' id='word_1_808' title='bbox 3032 4700 3149 4768; x_wconf 86' lang='lat' dir='ltr'><strong>lege</strong></span> <span class='ocrx_word' id='word_1_809' title='bbox 3186 4702 3409 4753; x_wconf 83' lang='lat' dir='ltr'><strong>vetitum</strong></span> <span class='ocrx_word' id='word_1_810' title='bbox 3443 4710 3545 4762; x_wconf 88' lang='lat' dir='ltr'><strong>est,</strong></span> <span class='ocrx_word' id='word_1_811' title='bbox 3584 4712 3636 4753; x_wconf 89' lang='lat' dir='ltr'><strong>et</strong></span> <span class='ocrx_word' id='word_1_812' title='bbox 3683 4705 3821 4771; x_wconf 87' lang='lat' dir='ltr'><strong>apud</strong></span> <span class='ocrx_word' id='word_1_813' title='bbox 3851 4706 4021 4771; x_wconf 88' lang='lat' dir='ltr'><strong>pluri-</strong></span> 
     </span>
    </p>
   </div>
   <div class='ocr_carea' id='block_1_107' title="bbox 2477 4790 4022 4861">
    <p class='ocr_par' dir='ltr' id='par_1_107' title="bbox 2477 4790 4022 4861">
     <span class='ocr_line' id='line_1_107' title="bbox 2477 4790 4022 4861; baseline 0.005 -21"><span class='ocrx_word' id='word_1_814' title='bbox 2477 4802 2594 4842; x_wconf 87' lang='lat' dir='ltr'><strong>mas</strong></span> <span class='ocrx_word' id='word_1_815' title='bbox 2642 4791 2805 4843; x_wconf 87' lang='lat' dir='ltr'><strong>etiam</strong></span> <span class='ocrx_word' id='word_1_816' title='bbox 2847 4790 3201 4843; x_wconf 88' lang='lat' dir='ltr'><strong>barbarorum</strong></span> <span class='ocrx_word' id='word_1_817' title='bbox 3244 4792 3507 4844; x_wconf 85' lang='lat' dir='ltr'><strong>nati-ones.</strong></span> <span class='ocrx_word' id='word_1_818' title='bbox 3559 4790 3742 4861; x_wconf 83' lang='lat' dir='ltr'><strong>Itaque</strong></span> <span class='ocrx_word' id='word_1_819' title='bbox 3773 4795 4022 4849; x_wconf 86' lang='lat' dir='ltr'><strong>omnibus</strong></span> 
     </span>
    </p>
   </div>
   <div class='ocr_carea' id='block_1_108' title="bbox 2477 4881 4018 4950">
    <p class='ocr_par' dir='ltr' id='par_1_108' title="bbox 2477 4881 4018 4950">
     <span class='ocr_line' id='line_1_108' title="bbox 2477 4881 4018 4950; baseline 0.005 -19"><span class='ocrx_word' id='word_1_820' title='bbox 2477 4894 2598 4947; x_wconf 67' lang='lat' dir='ltr'><strong>qua:</strong></span> <span class='ocrx_word' id='word_1_821' title='bbox 2628 4895 2848 4934; x_wconf 90' lang='lat' dir='ltr'><strong>sensum</strong></span> <span class='ocrx_word' id='word_1_822' title='bbox 2884 4881 3118 4935; x_wconf 88' lang='lat' dir='ltr'><strong>illiciunt</strong></span> <span class='ocrx_word' id='word_1_823' title='bbox 3154 4892 3207 4936; x_wconf 89' lang='lat' dir='ltr'><strong>et</strong></span> <span class='ocrx_word' id='word_1_824' title='bbox 3245 4882 3523 4950; x_wconf 88' lang='lat' dir='ltr'><strong>decipiunt</strong></span> <span class='ocrx_word' id='word_1_825' title='bbox 3552 4893 3772 4949; x_wconf 89' lang='lat' dir='ltr'><strong>aspectu</strong></span> <span class='ocrx_word' id='word_1_826' title='bbox 3808 4900 3928 4949; x_wconf 90' lang='lat' dir='ltr'><strong>suo,</strong></span> <span class='ocrx_word' id='word_1_827' title='bbox 3954 4900 4018 4938; x_wconf 84' lang='lat' dir='ltr'><strong>ac</strong></span> 
     </span>
    </p>
   </div>
   <div class='ocr_carea' id='block_1_109' title="bbox 2478 4971 4021 5043">
    <p class='ocr_par' dir='ltr' id='par_1_109' title="bbox 2478 4971 4021 5043">
     <span class='ocr_line' id='line_1_109' title="bbox 2478 4971 4021 5043; baseline 0.004 -20"><span class='ocrx_word' id='word_1_828' title='bbox 2478 4972 2623 5025; x_wconf 86' lang='lat' dir='ltr'><strong>inani</strong></span> <span class='ocrx_word' id='word_1_829' title='bbox 2647 4974 2746 5025; x_wconf 88' lang='lat' dir='ltr'><strong>hac</strong></span> <span class='ocrx_word' id='word_1_830' title='bbox 2768 4973 2937 5041; x_wconf 85' lang='lat' dir='ltr'><strong>gloria</strong></span> <span class='ocrx_word' id='word_1_831' title='bbox 2962 4973 3212 5028; x_wconf 87' lang='lat' dir='ltr'><strong>tenebras</strong></span> <span class='ocrx_word' id='word_1_832' title='bbox 3239 4973 3431 5026; x_wconf 77' lang='lat' dir='ltr'><strong>anima:</strong></span> <span class='ocrx_word' id='word_1_833' title='bbox 3454 4971 3753 5038; x_wconf 65' lang='lat' dir='ltr'><strong>effundunt,</strong></span> <span class='ocrx_word' id='word_1_834' title='bbox 3777 4976 4021 5043; x_wconf 81' lang='lat' dir='ltr'><strong>superior</strong></span> 
     </span>
    </p>
   </div>
   <div class='ocr_carea' id='block_1_110' title="bbox 2478 5065 4019 5134">
    <p class='ocr_par' dir='ltr' id='par_1_110' title="bbox 2478 5065 4019 5134">
     <span class='ocr_line' id='line_1_110' title="bbox 2478 5065 4019 5134; baseline 0.001 -17"><span class='ocrx_word' id='word_1_835' title='bbox 2478 5074 2612 5118; x_wconf 89' lang='lat' dir='ltr'><strong>erat.</strong></span> <span class='ocrx_word' id='word_1_836' title='bbox 2650 5065 2926 5134; x_wconf 89' lang='lat' dir='ltr'><strong>Quidquid</strong></span> <span class='ocrx_word' id='word_1_837' title='bbox 2961 5065 3104 5119; x_wconf 90' lang='lat' dir='ltr'><strong>enim</strong></span> <span class='ocrx_word' id='word_1_838' title='bbox 3143 5080 3254 5120; x_wconf 87' lang='lat' dir='ltr'><strong>non</strong></span> <span class='ocrx_word' id='word_1_839' title='bbox 3297 5075 3413 5118; x_wconf 86' lang='lat' dir='ltr'><strong>erat</strong></span> <span class='ocrx_word' id='word_1_840' title='bbox 3449 5066 3640 5118; x_wconf 62' lang='lat' dir='ltr'><strong>animae</strong></span> <span class='ocrx_word' id='word_1_841' title='bbox 3668 5066 3894 5129; x_wconf 87' lang='lat' dir='ltr'><strong>fruetus,</strong></span> <span class='ocrx_word' id='word_1_842' title='bbox 3922 5068 4019 5119; x_wconf 87' lang='lat' dir='ltr'><strong>ali-</strong></span> 
     </span>
    </p>
   </div>
   <div class='ocr_carea' id='block_1_111' title="bbox 2479 5156 4015 5226">
    <p class='ocr_par' dir='ltr' id='par_1_111' title="bbox 2479 5156 4015 5226">
     <span class='ocr_line' id='line_1_111' title="bbox 2479 5156 4015 5226; baseline 0.001 -17"><span class='ocrx_word' id='word_1_843' title='bbox 2479 5157 2660 5209; x_wconf 81' lang='lat' dir='ltr'><strong>ntOuia</strong></span> <span class='ocrx_word' id='word_1_844' title='bbox 2713 5158 2951 5223; x_wconf 85' lang='lat' dir='ltr'><strong>virtutis,</strong></span> <span class='ocrx_word' id='word_1_845' title='bbox 3022 5166 3115 5211; x_wconf 88' lang='lat' dir='ltr'><strong>aut</strong></span> <span class='ocrx_word' id='word_1_846' title='bbox 3158 5172 3265 5210; x_wconf 92' lang='lat' dir='ltr'><strong>non</strong></span> <span class='ocrx_word' id='word_1_847' title='bbox 3312 5157 3542 5211; x_wconf 89' lang='lat' dir='ltr'><strong>faciebat</strong></span> <span class='ocrx_word' id='word_1_848' title='bbox 3590 5156 3657 5210; x_wconf 89' lang='lat' dir='ltr'><strong>ad</strong></span> <span class='ocrx_word' id='word_1_849' title='bbox 3719 5159 4015 5226; x_wconf 88' lang='lat' dir='ltr'><strong>profectum</strong></span> 
     </span>
    </p>
   </div>
   <div class='ocr_carea' id='block_1_112' title="bbox 2479 5245 4019 5315">
    <p class='ocr_par' dir='ltr' id='par_1_112' title="bbox 2479 5245 4019 5315">
     <span class='ocr_line' id='line_1_112' title="bbox 2479 5245 4019 5315; baseline 0.001 -16"><span class='ocrx_word' id='word_1_850' title='bbox 2479 5245 2814 5314; x_wconf 86' lang='lat' dir='ltr'><strong>spiritualem</strong></span> <span class='ocrx_word' id='word_1_851' title='bbox 2840 5287 2855 5311; x_wconf 95' lang='lat'><strong>,</strong></span> <span class='ocrx_word' id='word_1_852' title='bbox 2898 5247 3098 5301; x_wconf 90' lang='lat' dir='ltr'><strong>nullius</strong></span> <span class='ocrx_word' id='word_1_853' title='bbox 3134 5247 3294 5315; x_wconf 87' lang='lat' dir='ltr'><strong>plane</strong></span> <span class='ocrx_word' id='word_1_854' title='bbox 3339 5246 3599 5299; x_wconf 89' lang='lat' dir='ltr'><strong>momenti</strong></span> <span class='ocrx_word' id='word_1_855' title='bbox 3644 5247 4019 5301; x_wconf 73' lang='lat' dir='ltr'><strong>sacratissima:</strong></span> 
     </span>
    </p>
   </div>
   <div class='ocr_carea' id='block_1_113' title="bbox 2483 5334 4018 5403">
    <p class='ocr_par' dir='ltr' id='par_1_113' title="bbox 2483 5334 4018 5403">
     <span class='ocr_line' id='line_1_113' title="bbox 2483 5334 4018 5403; baseline 0 -15"><span class='ocrx_word' id='word_1_856' title='bbox 2483 5334 2710 5403; x_wconf 85' lang='lat' dir='ltr'><strong>Virgini,</strong></span> <span class='ocrx_word' id='word_1_857' title='bbox 2764 5346 2818 5390; x_wconf 91' lang='lat' dir='ltr'><strong>ct</strong></span> <span class='ocrx_word' id='word_1_858' title='bbox 2873 5337 3110 5390; x_wconf 83' lang='lat' dir='ltr'><strong>alienum</strong></span> <span class='ocrx_word' id='word_1_859' title='bbox 3164 5336 3465 5389; x_wconf 82' lang='lat' dir='ltr'><strong>habebatur</strong></span> <span class='ocrx_word' id='word_1_860' title='bbox 3522 5350 3583 5389; x_wconf 87' lang='lat' dir='ltr'><strong>ac</strong></span> <span class='ocrx_word' id='word_1_861' title='bbox 3650 5336 3913 5389; x_wconf 86' lang='lat' dir='ltr'><strong>ludicrum</strong></span> <span class='ocrx_word' id='word_1_862' title='bbox 3965 5351 4018 5389; x_wconf 87' lang='lat' dir='ltr'><strong>et</strong></span> 
     </span>
    </p>
   </div>
   <div class='ocr_carea' id='block_1_114' title="bbox 2480 5425 4016 5495">
    <p class='ocr_par' dir='ltr' id='par_1_114' title="bbox 2480 5425 4016 5495">
     <span class='ocr_line' id='line_1_114' title="bbox 2480 5425 4016 5495; baseline 0 -16"><span class='ocrx_word' id='word_1_863' title='bbox 2480 5428 2683 5495; x_wconf 87' lang='lat' dir='ltr'><strong>puerile</strong></span> <span class='ocrx_word' id='word_1_864' title='bbox 2724 5428 2999 5489; x_wconf 85' lang='lat' dir='ltr'><strong>solatium,</strong></span> <span class='ocrx_word' id='word_1_865' title='bbox 3048 5429 3260 5490; x_wconf 87' lang='lat' dir='ltr'><strong>umbra,</strong></span> <span class='ocrx_word' id='word_1_866' title='bbox 3311 5427 3598 5489; x_wconf 85' lang='lat' dir='ltr'><strong>somnium,</strong></span> <span class='ocrx_word' id='word_1_867' title='bbox 3645 5425 3845 5489; x_wconf 86' lang='lat' dir='ltr'><strong>fumus,</strong></span> <span class='ocrx_word' id='word_1_868' title='bbox 3885 5439 3936 5479; x_wconf 90' lang='lat' dir='ltr'><strong>et</strong></span> <span class='ocrx_word' id='word_1_869' title='bbox 3972 5432 4016 5479; x_wconf 81' lang='lat' dir='ltr'><strong>si</strong></span> 
     </span>
    </p>
   </div>
   <div class='ocr_carea' id='block_1_115' title="bbox 2480 5513 4017 5584">
    <p class='ocr_par' dir='ltr' id='par_1_115' title="bbox 2480 5513 4017 5584">
     <span class='ocr_line' id='line_1_115' title="bbox 2480 5513 4017 5584; baseline 0 -17"><span class='ocrx_word' id='word_1_870' title='bbox 2480 5518 2605 5583; x_wconf 72' lang='lat' dir='ltr'><strong>quLd</strong></span> <span class='ocrx_word' id='word_1_871' title='bbox 2632 5518 2716 5570; x_wconf 92' lang='lat' dir='ltr'><strong>his</strong></span> <span class='ocrx_word' id='word_1_872' title='bbox 2754 5518 2923 5570; x_wconf 91' lang='lat' dir='ltr'><strong>levius</strong></span> <span class='ocrx_word' id='word_1_873' title='bbox 2958 5518 3102 5570; x_wconf 87' lang='lat' dir='ltr'><strong>dicat</strong></span> <span class='ocrx_word' id='word_1_874' title='bbox 3137 5516 3426 5584; x_wconf 88' lang='lat' dir='ltr'><strong>quispiam.</strong></span> <span class='ocrx_word' id='word_1_875' title='bbox 3460 5513 3521 5566; x_wconf 81' lang='lat' dir='ltr'><strong>Et</strong></span> <span class='ocrx_word' id='word_1_876' title='bbox 3548 5526 3826 5582; x_wconf 72' lang='lat' dir='ltr'><strong>promerea</strong></span> <span class='ocrx_word' id='word_1_877' title='bbox 3861 5514 4017 5584; x_wconf 71' lang='lat' dir='ltr'><strong>Virgo</strong></span> 
     </span>
    </p>
   </div>
   <div class='ocr_carea' id='block_1_116' title="bbox 2483 5605 4016 5673">
    <p class='ocr_par' dir='ltr' id='par_1_116' title="bbox 2483 5605 4016 5673">
     <span class='ocr_line' id='line_1_116' title="bbox 2483 5605 4016 5673; baseline -0.002 -15"><span class='ocrx_word' id='word_1_878' title='bbox 2483 5605 2599 5659; x_wconf 67' lang='lat' dir='ltr'><strong>base</strong></span> <span class='ocrx_word' id='word_1_879' title='bbox 2641 5608 3051 5673; x_wconf 81' lang='lat' dir='ltr'><strong>gloriosissima,</strong></span> <span class='ocrx_word' id='word_1_880' title='bbox 3085 5609 3211 5658; x_wconf 87' lang='lat' dir='ltr'><strong>dum</strong></span> <span class='ocrx_word' id='word_1_881' title='bbox 3248 5612 3389 5658; x_wconf 85' lang='lat' dir='ltr'><strong>esset</strong></span> <span class='ocrx_word' id='word_1_882' title='bbox 3432 5605 3482 5657; x_wconf 90' lang='lat' dir='ltr'><strong>in</strong></span> <span class='ocrx_word' id='word_1_883' title='bbox 3516 5605 3639 5665; x_wconf 90' lang='lat' dir='ltr'><strong>vita,</strong></span> <span class='ocrx_word' id='word_1_884' title='bbox 3676 5612 3880 5655; x_wconf 89' lang='lat' dir='ltr'><strong>tantum</strong></span> <span class='ocrx_word' id='word_1_885' title='bbox 3926 5616 4016 5655; x_wconf 79' lang='lat' dir='ltr'><strong>ab-</strong></span> 
     </span>
    </p>
   </div>
   <div class='ocr_carea' id='block_1_117' title="bbox 2483 5699 4012 5768">
    <p class='ocr_par' dir='ltr' id='par_1_117' title="bbox 2483 5699 4012 5768">
     <span class='ocr_line' id='line_1_117' title="bbox 2483 5699 4012 5768; baseline -0.003 -17"><span class='ocrx_word' id='word_1_886' title='bbox 2483 5699 2743 5753; x_wconf 87' lang='lat' dir='ltr'><strong>horrebat</strong></span> <span class='ocrx_word' id='word_1_887' title='bbox 2777 5701 2843 5751; x_wconf 91' lang='lat' dir='ltr'><strong>ab</strong></span> <span class='ocrx_word' id='word_1_888' title='bbox 2880 5702 2944 5752; x_wconf 88' lang='lat' dir='ltr'><strong>iis</strong></span> <span class='ocrx_word' id='word_1_889' title='bbox 2995 5716 3087 5767; x_wconf 88' lang='lat' dir='ltr'><strong>per</strong></span> <span class='ocrx_word' id='word_1_890' title='bbox 3120 5714 3240 5768; x_wconf 70' lang='lat' dir='ltr'><strong>quae</strong></span> <span class='ocrx_word' id='word_1_891' title='bbox 3286 5714 3385 5751; x_wconf 89' lang='lat' dir='ltr'><strong>nos</strong></span> <span class='ocrx_word' id='word_1_892' title='bbox 3419 5699 3719 5759; x_wconf 76' lang='lat' dir='ltr'><strong>vincimur,</strong></span> <span class='ocrx_word' id='word_1_893' title='bbox 3754 5706 4012 5762; x_wconf 58' lang='lat' dir='ltr'><strong>quantum</strong></span> 
     </span>
    </p>
   </div>
   <div class='ocr_carea' id='block_1_118' title="bbox 2484 5788 4013 5856">
    <p class='ocr_par' dir='ltr' id='par_1_118' title="bbox 2484 5788 4013 5856">
     <span class='ocr_line' id='line_1_118' title="bbox 2484 5788 4013 5856; baseline -0.004 -11"><span class='ocrx_word' id='word_1_894' title='bbox 2484 5794 2679 5847; x_wconf 89' lang='lat' dir='ltr'><strong>mortui</strong></span> <span class='ocrx_word' id='word_1_895' title='bbox 2724 5796 2827 5845; x_wconf 87' lang='lat' dir='ltr'><strong>vita</strong></span> <span class='ocrx_word' id='word_1_896' title='bbox 2868 5794 2995 5845; x_wconf 89' lang='lat' dir='ltr'><strong>olim</strong></span> <span class='ocrx_word' id='word_1_897' title='bbox 3037 5791 3295 5847; x_wconf 77' lang='lat' dir='ltr'><strong>(ieiuneti.</strong></span> <span class='ocrx_word' id='word_1_898' title='bbox 3333 5788 3610 5856; x_wconf 83' lang='lat' dir='ltr'><strong>Quomodo</strong></span> <span class='ocrx_word' id='word_1_899' title='bbox 3640 5804 3766 5855; x_wconf 81' lang='lat' dir='ltr'><strong>ergo</strong></span> <span class='ocrx_word' id='word_1_900' title='bbox 3796 5789 4013 5839; x_wconf 69' lang='lat' dir='ltr'><strong>mole-sta</strong></span> 
     </span>
    </p>
   </div>
  </div>
