4202 6444
332 491 433 555 105
1182 478 1464 540 ΟΠΑΤιί)
1509 477 1575 533 IN
1623 476 1944 534 liiil'uzt‘i'l
1990 472 2167 530 mam
2216 474 2295 526 ssi
2358 468 2730 530 Dlill’ARE.
3492 455 3592 523 ιος

328 618 491 661 Ιςηιιύι
519 608 801 661 decessum
824 608 889 658 ah
914 606 979 659 iis
1009 620 1236 674 quorum
1268 604 1415 657 nullo
1450 605 1732 657 tenebatur
1756 603 1884 657 aﬂ‘e-
1932 598 1975 654 Λ
2033 608 2089 652 ut
2121 611 2280 652 suum
2306 603 2519 647 uterum
2548 588 2849 643 exhibuerit
2878 586 3053 639 lotum
3085 585 3343 639 universa
3365 583 3590 653 impleri.

326 703 458 754 ctu?
492 710 584 753 aut
610 714 709 752 cur
747 707 1037 767 angeretur
1066 698 1131 750 ab
1166 699 1243 750 eis
1274 697 1493 764 quibus,
1528 713 1647 750 cum
1684 706 1887 765 posset,

330 809 437 845 non
456 790 851 852 oblectabatur,
884 790 979 843 sed
1014 791 1190 841 valere
1221 788 1454 849 dicebat,
1489 791 1811 857 voluptates,
1840 803 1891 844 et

326 880 453 933 falsi
488 880 720 931 nominis
750 878 1061 947 gloriam,et
1092 880 1235 946 quod
1272 878 1544 931 hominem
1582 880 1890 934 hominibus

323 971 544 1021 videtur
574 971 799 1024 reddere
827 969 1223 1031 sublimiorem,
1259 985 1381 1023 cum
1421 986 1485 1024 ex
1525 972 1640 1024 luto
1702 974 1890 1026 eodem

327 1070 382 1115 et
427 1078 607 1116 massa
630 1062 972 1130 ‘compaetus
1007 1060 1124 1114 sit?
1155 1060 1368 1114 Diceret
1404 1062 1476 1114 illi
1520 1062 1890 1133 theologorum

328 1167 621 1219 Supremos
642 1162 766 1220 post
796 1152 1105 1218 theologum
1148 1153 1370 1205 tonitrui
1405 1151 1573 1205 filium
1602 1153 1893 1221 Gregorius

331 1243 735 1305 Nazianzenus,
773 1252 824 1297 et
877 1243 1250 1297 blandimenta
1286 1245 1698 1299 consuetudinis
1730 1250 1893 1299 etiam

334 1352 399 1388 ex
428 1351 483 1389 re
507 1344 717 1399 nostra,
745 1343 799 1389 et
830 1336 1016 1389 haberi
1052 1352 1079 1387 a
1110 1336 1269 1389 nobis
1303 1335 1355 1388 in
1388 1339 1581 1405 pretio,
1619 1338 1709 1405 qui
1742 1353 1892 1390 ama-

331 1442 455 1479 mus
497 1437 549 1479 ct
581 1426 938 1489 admiramur,
993 1426 1259 1494 quidquid
1313 1427 1564 1481 deorsum
1617 1428 1810 1489 fertur,
1844 1439 1894 1481 et

332 1515 503 1582 serpit
536 1514 712 1569 instar
746 1514 956 1568 colubri
992 1530 1005 1565 :
1040 1522 1094 1566 at
1122 1515 1325 1582 quibus
1351 1515 1590 1568 studium
1624 1523 1705 1567 est
1733 1517 1897 1585 spiri»

332 1608 496 1656 taalia
551 1604 797 1674 quaerere
855 1613 909 1658 et
957 1605 1237 1669 sublimia,
1303 1614 1467 1674 caput
1513 1622 1635 1675 quae
1681 1608 1898 1678 erigunt

331 1710 576 1759 Sursum,
636 1696 767 1751 illud
816 1697 882 1751 ad
938 1696 1197 1751 inferiora
1248 1696 1465 1754 ﬂectere
1514 1708 1739 1753 exosum
1790 1679 1895 1754 est.

335 1788 491 1841 Dolet
543 1790 706 1859 igitur
757 1790 1074 1858 repentibus
1128 1790 1279 1844 humi
1330 1806 1509 1845 rerum
1567 1795 1895 1846 eaducarum

333 1881 580 1934 amissio.
610 1879 713 1946 Qui
747 1883 947 1935 etenim
983 1882 1166 1938 futura
1200 1898 1307 1936 non
1352 1884 1719 1954 ncgligebant,
1763 1899 1897 1954 quo--

333 1971 494 2024 modo
548 1976 839 2040 prresentia
888 1975 1355 2042 spernerent?At
1408 1977 1494 2030 cui
1558 1988 1895 2031 terrenorum

331 2063 461 2115 cura
517 2064 959 2131 postponebatur,
1001 2074 1148 2121 certe
1192 2067 1413 2137 abjungi
1471 2054 1632 2122 etiam
1688 2070 1755 2123 ab
1791 2069 1896 2125 illis

334 2156 479 2205 nulla
508 2165 620 2207 erat
650 2156 989 2210 sollicitudo.
1344 2216 1347 2219 _
1698 2212 1699 2215 η

405 2241 587 2305 Quare
614 2242 852 2297 tristitia:
899 2245 1057 2300 nobis
1099 2253 1151 2300 et
1186 2247 1441 2303 terricula
1476 2261 1666 2321 suapte
1701 2263 1894 2311 natura

332 2333 607 2395 accidunt,
653 2340 707 2386 et
767 2334 1170 2402 quodammodo
1230 2341 1483 2413 utrinque
1564 2347 1892 2412 appetimur,

333 2431 446 2474 tum
482 2425 830 2489 pra-sentiunt
889 2426 1211 2492 amissione,
1258 2439 1315 2483 ut
1345 2432 1606 2496 diximus,
1658 2446 1769 2490 tum
1802 2455 1895 2507 pa-

336 2524 461 2567 vore
490 2515 826 2580 futurorum,
858 2524 916 2569 ut
945 2516 1057 2584 jam
1085 2520 1427 2576 ostendimus
1457 2536 1470 2573 :
1496 2539 1724 2593 quorum
1759 2544 1894 2584 neu-

336 2615 419 2659 tro
457 2607 613 2661 beata
663 2606 826 2676 Virgo
859 2609 1025 2677 petita
1073 2618 1174 2665 est.
1205 2610 1501 2681 Oportebat
1528 2616 1672 2669 enim
1701 2620 1895 2687 migra-

334 2700 540 2749 tionem
595 2710 810 2767 quoque
866 2699 985 2767 ejus
1019 2713 1142 2754 esse
1190 2710 1403 2757 natura:
1445 2698 1801 2772 superiorem,
1845 2719 1895 2761 et

335 2797 535 2840 nostra:
575 2803 682 2841 non
748 2789 1042 2844 assimilem
1078 2807 1092 2843 :
1126 2805 1249 2845 cum
1298 2793 1353 2847 in
1395 2809 1457 2849 ea
1505 2796 1762 2867 quidquid
1798 2800 1897 2853 l'uit

338 2889 528 2931 natura
556 2879 847 2933 sublimius
895 2879 1079 2933 fuerit.
1120 2880 1194 2933 Ita
1229 2883 1409 2951 plane.
1440 2886 1705 2940 Czeterum
1745 2891 1894 2944 dolo-

339 2982 450 3018 rem
478 2968 649 3031 illum,
680 2969 770 3035 qui
797 2968 1066 3037 profunde
1104 2973 1337 3026 animant
1390 2976 1603 3045 attingit
1638 2983 1688 3030 in
1727 2990 1898 3037 morte

337 3059 504 3127 (quod
554 3060 774 3113 tertium
809 3071 860 3113 et
895 3072 1232 3139 postremum
1288 3069 1392 3135 est)
1426 3082 1768 3125 communem
1805 3075 1896 3128 ha-

340 3150 594 3203 berenon
627 3150 917 3220 dedignata
965 3160 1061 3207 est
1087 3155 1239 3208 beata
1282 3156 1446 3227 Virgo
1486 3175 1609 3213 cum
1645 3162 1898 3219 universo
1970 3182 1978 3194 π

339 3241 651 3293 mortalium
686 3256 915 3310 genere;
948 3241 1072 3296 licet
1099 3259 1207 3297 non
1238 3248 1390 3314 reque
1436 3262 1497 3301 ac
1526 3252 1705 3304 caeteri
1731 3242 1898 3307 fuerit

337 3336 489 3388 illum
530 3346 773 3405 experta.
811 3336 881 3390 At
925 3338 1053 3407 quid
1111 3354 1209 3409 ego
1237 3344 1433 3395 abutor
1453 3330 1779 3411 :chalitatis
1806 3361 1902 3400 uo-

342 3428 507 3485 mine,
538 3425 627 3478 ubi
659 3426 807 3477 nulla
832 3441 1112 3489 mensura,
1144 3430 1291 3482 nulla
1315 3425 1548 3499 prorsus
1579 3434 1690 3488 fieri
1722 3445 1901 3503 potest

340 3518 680 3583 comparatio
712 3516 735 3567 ?
769 3524 925 3571 tanto
959 3520 1101 3571 cnim
1137 3520 1419 3576 intervallo
1454 3524 1656 3578 distant
1687 3541 1714 3577 a
1743 3529 1901 3584 nobis

339 3623 461 3675 qua:
533 3617 783 3677 spectant
834 3609 898 3663 ad
956 3610 1252 3680 Virginem,
1286 3627 1497 3683 quanto
1544 3618 1777 3686 amplius
1822 3632 1903 3676 est

341 3704 484 3757 bulla
530 3706 752 3757 ctelum.
818 3705 935 3758 Non
966 3722 1098 3775 ergo
1160 3690 1307 3760 illam
1349 3724 1516 3773 mors,
1568 3712 1667 3766 etsi
1712 3728 1901 3769 omnes

342 3795 592 3849 homines
643 3811 767 3849 cum
832 3795 1021 3851 dolore
1077 3798 1237 3857 tollit.
1302 3801 1409 3853 alio
1455 3802 1615 3855 modo
1656 3806 1898 3869 sustulit,

338 3874 500 3953 quam
533 3902 640 3954 quo
673 3888 932 3950 diximus,
985 3889 1241 3943 nimirum
1287 3892 1432 3945 sicut
1478 3893 1674 3947 Filium
1704 3912 1717 3961 ;
1750 3906 1802 3950 et
1832 3901 1900 3950 ad

342 3978 447 4030 hoc
492 3987 726 4041 tantum,
782 3987 843 4051 ut
888 3980 1049 4032 homo
1077 3996 1193 4035 esse
1235 3982 1664 4051 dignosccrctur.
1701 3986 1803 4039 Sed
1837 3992 1902 4041 de

342 4069 428 4121 his
460 4071 619 4133 satis,
680 4070 821 4136 quod
864 4071 1056 4123 attinet
1098 4071 1162 4123 ad
1196 4075 1592 4137 separationem
1630 4079 1822 4130 animae
1852 4091 1903 4133 ct

338 4162 589 4227 corporis
654 4161 980 4214 beatissima:
1044 4162 1319 4245 Virginis;
1361 4181 1483 4218 nam
1533 4170 1739 4222 caelesti
1784 4172 1899 4239 ejus

340 4254 536 4305 animae
566 4268 801 4322 superna
840 4269 901 4307 ac
932 4256 1111 4308 divina
1138 4262 1451 4335 per-vaganti
1483 4265 1630 4315 omni
1661 4274 1903 4333 tempore

340 4359 490 4397 mors
544 4346 782 4412 jucunda
816 4348 997 4416 potius
1029 4352 1109 4417 (ut
1139 4350 1407 4419 principio
1439 4352 1715 4409 sermonis
1742 4359 1899 4434 dixi),

338 4444 502 4500 quam
538 4436 763 4488 molesta
784 4440 971 4509 procul
996 4439 1164 4492 dubio
1188 4452 1467 4503 censetur,
1500 4456 1555 4496 ut
1587 4460 1747 4513 quam
1777 4449 1900 4502 illuc

339 4524 771 4589 transmittebat,
795 4542 903 4593 quo
927 4530 1079 4583 abire
1102 4532 1374 4599 cupiebat,
1412 4535 1476 4587 ad
1500 4550 1653 4587 suum
1682 4536 1897 4602 Filium,

338 4616 405 4668 ad
446 4615 565 4683 ejus
618 4616 851 4683 Patrem,
893 4620 958 4671 ad
1002 4619 1340 4675 Paracletum
1385 4623 1667 4691 Spiritum,
1718 4643 1902 4681 sacro-

341 4716 587 4760 sanctam
619 4707 788 4776 ipsam
818 4700 1314 4781 Trinitatem‘apud
1348 4730 1507 4781 quam
1538 4727 1619 4771 est
1646 4735 1769 4772 vera
1808 4721 1898 4774 lux
1936 4724 1984 4781 Ι)

342 4799 765 4864 inaccessibilis,
818 4792 1132 4856 indelieieas
1184 4805 1429 4873 voluptas
1474 4808 1591 4863 sine
1629 4814 1895 4873 satietate,

340 4902 545 4941 corona
591 4889 1086 4957 immarceseibilis,
1116 4894 1223 4946 vita
1258 4906 1480 4959 aeterna,
1524 4900 1773 4961 beatitas,
1810 4904 1898 4954 ubi

340 4981 502 5048 plene
533 4980 720 5034 liceret
753 4981 829 5033 illi
866 4983 1186 5053 participem
1233 5002 1355 5041 esse
1401 4991 1548 5067 regni
1584 5000 1636 5044 et
1676 4995 1897 5048 ht‘nOl‘iS

342 5071 463 5124 Filii
505 5072 877 5126 excellentiori
908 5076 1087 5139 modo,
1116 5085 1299 5146 utpote
1341 5070 1522 5147 Mati’i,
1553 5100 1711 5151 quam
1739 5087 1897 5154 potiri

340 5167 573 5231 possint,
599 5166 699 5233 qui
734 5166 951 5221 virtutis
993 5171 1211 5222 nomine
1251 5172 1452 5239 primas
1513 5177 1756 5231 omnium
1819 5179 1898 5233 fe-

339 5266 485 5309 runt.
538 5257 675 5320 Quid
734 5257 852 5311 illos
901 5258 1052 5321 dico,
1096 5260 1531 5330 quandoquidem
1590 5274 1643 5318 et
1692 5278 1899 5322 mentes

341 5351 698 5414 incorporeas
733 5363 830 5401 sua
869 5349 1039 5416 gloria
1096 5350 1256 5419 longe
1290 5354 1607 5420 superavit?
1637 5357 1712 5410 Eo
1738 5375 1898 5426 porro

342 5437 735 5503 magnitudinis
791 5447 977 5491 evecta
1037 5449 1141 5502 est,
1195 5451 1252 5493 ut
1292 5457 1456 5511 supra
1500 5446 1757 5509 diximus,
1792 5451 1897 5503 imo

341 5545 471 5581 vero
526 5538 583 5579 ut
626 5530 805 5582 nullus
857 5531 1129 5597 explicare
1157 5534 1295 5587 valet
1329 5550 1528 5598 sermo,
1577 5555 1679 5592 non
1720 5546 1893 5594 Solum

340 5621 468 5688 quia
514 5622 723 5687 peperit
774 5621 1002 5674 salutem
1035 5634 1087 5677 ct
1120 5625 1544 5693 redemptionem
1575 5641 1625 5684 et
1660 5640 1899 5687 sanetili-

340 5713 613 5763 rationem
653 5714 953 5765 animarum
1005 5723 1057 5768 et
1088 5708 1376 5785 corporum
1420 5730 1750 5788 nostrorum,
1801 5728 1893 5779 sed

340 5804 469 5867 quia
502 5803 661 5853 etiam
698 5804 931 5870 puritate
980 5821 1140 5873 supra
1176 5812 1390 5863 modum
1441 5823 1493 5864 ct
1546 5815 1893 5870 inenarrabili

341 5904 469 5958 erga
494 5891 658 5943 Deum
693 5894 886 5947 all‘ectu
917 5900 1151 5950 animam
1172 5911 1223 5954 ct
1252 5916 1449 5957 cornus
1475 5906 1596 5956 talia
1638 5907 1890 5969 reddidit,

669 5984 929 6043 Pyrum.
974 5990 1084 6045 (in.
1184 5995 1391 6055 CLVI.

2031 692 2121 754 tis,
2158 699 2209 741 et
2233 686 2380 739 nullo
2405 679 2807 747 circumscripti
2849 678 2992 730 loco.
3042 676 3286 730 Arbitror
3314 676 3455 728 enim
3488 678 3588 726 im-

2032 792 2275 833 mensam
2314 774 2508 827 animte
2534 770 2652 837 ejus
2682 767 3147 837 pulchritudinem
3177 780 3205 820 e
3236 766 3435 818 virtute
3467 780 3591 832 pro-

2030 870 2338 921 venientem
2400 876 2507 915 non
2568 860 2734 912 fuisse
2774 857 3131 926 posteriorem
3183 868 3427 916 causam,
3494 868 3593 905 cur

2028 975 2092 1013 ex
2124 972 2186 1011 ea
2221 956 2363 1009 Deus
2401 967 2623 1007 carnem
2666 955 2996 1002 assumeret.
3031 945 3288 1010 Quinimo
3316 945 3454 1011 ipse,
3498 944 3588 1010 qui

2034 1051 2357 1101 incarnatus
2423 1053 2527 1107 est,
2596 1040 2929 1093 voluntatem
2984 1037 3103 1104 ejus
3144 1034 3377 1088 ducendi
3422 1033 3589 1085 vitam

2035 1136 2144 1190 Deo
2173 1136 2495 1203 placentem,
2546 1127 2927 1193 mandatisque
2958 1123 3077 1192 ejus
3112 1122 3461 1175 inhaerentem
3491 1134 3590 1172 an-

2032 1224 2271 1293 teposuit
2297 1222 2507 1276 muneri
2537 1217 2783 1287 gestandi
2809 1216 2961 1269 illum
2985 1215 3038 1265 in
3063 1220 3254 1266 ventre
3274 1221 3327 1264 et
3350 1210 3588 1262 laetandi

2029 1316 2315 1369 uberibus.
2346 1311 2478 1364 Nam
2529 1324 2650 1362 cum
2680 1308 2773 1359 illa
2832 1312 3049 1373 propter
3084 1303 3196 1355 huic
3221 1301 3379 1354 beata
3408 1300 3560 1352 cxcla
3580 1328 3593 1336 -

2032 1416 2290 1468 maretur,
2345 1404 2480 1472 ipse,
2531 1398 2807 1462 Quinimo,
2870 1394 3067 1462 inquit,
3115 1394 3267 1445 beata
3317 1398 3421 1455 est,
3462 1393 3589 1457 qula

2030 1499 2253 1552 verbum
2288 1495 2381 1549 Dei
2429 1492 2599 1557 audit,
2650 1499 2703 1543 et
2742 1488 2873 1541 illud
2903 1486 3177 1541 custodit:
3227 1499 3291 1536 ex
3340 1498 3447 1552 quo
3478 1484 3591 1551 pla-

2029 1604 2154 1642 num
2180 1584 2435 1640 omnibus
2466 1583 2614 1647 fecit,
2647 1586 2829 1634 utrum
2861 1590 2926 1632 ex
2954 1578 3169 1631 duobus
3191 1566 3588 1644 praeferendum

1996 1694 2000 1700 ·
2027 1680 2120 1743 sit,
2156 1686 2209 1730 et
2242 1676 2601 1744 beatiusjure
2631 1672 2963 1735 habendum,
2991 1677 3181 1739 partus
3214 1667 3488 1729 videlicet,
3523 1681 3588 1717 an

2029 1768 2224 1821 virtus.
2270 1765 2439 1820 Nemo
2462 1764 2607 1817 enim
2659 1762 2795 1814 adeo
2827 1759 3140 1826 desipuerit,
3177 1765 3237 1810 ut
3257 1771 3378 1809 eum
3412 1755 3590 1824 puris—

2027 1859 2163 1912 sima
2215 1857 2376 1926 Virgo
2430 1855 2591 1909 beata
2646 1852 2718 1906 ob
2766 1859 2979 1920 partum
3010 1846 3394 1910 aﬂirmaretur,
3426 1845 3585 1896 alium

2026 1947 2306 2000 existimet
2364 1942 2663 1998 beatiorem
2706 1955 2735 1993 a
2789 1940 3086 1993 Salvatore'
3121 1936 3319 1990 dictum
3370 1944 3587 2002 propter

2027 2050 2228 2089 mores.
2271 2032 2468 2087 Verum
2511 2031 2741 2101 probata
2788 2027 3039 2082 mulieris
3086 2024 3236 2088 Voce,
3267 2025 3586 2103 agnitione,

2027 2122 2404 2177 benevolentia
2434 2129 2486 2174 et
2519 2121 2788 2188 probitate.
2816 2131 2912 2186 per
2939 2117 3101 2169 verba
3142 2115 3252 2175 illa,
3308 2115 3582 2176 Quininm,

2025 2217 2231 2268 dictum
2284 2214 2406 2281 ejus
2456 2208 2874 2277 sapientissimae
2920 2206 3328 2275 comprobavit;
3390 2204 3587 2255 deimic

2027 2304 2274 2374 sequenti
2332 2315 2587 2357 sermone
2618 2299 2772 2368 quasi
2808 2296 3029 2349 Matrem
3084 2309 3205 2347 cum
3245 2293 3414 2345 Matre
3451 2308 3585 2345 eon-

2028 2392 2235 2455 ferens,
2272 2392 2457 2445 verbis
2502 2390 2609 2442 illis
2663 2402 2796 2441 usus
2842 2392 2927 2440 est
2966 2400 3085 2453 qua:
3121 2385 3342 2452 dignum
3372 2390 3489 2434 erat
3520 2391 3587 2432 an

2026 2501 2133 2539 uno
2184 2487 2305 2552 ejus
2350 2499 2445 2537 ore
2498 2479 2751 2551 proferri.
2801 2477 2937 2531 Dum
2985 2476 3129 2529 enim
3176 2474 3403 2528 docebat
3439 2474 3584 2524 illam

2026 2576 2329 2639 mulierem,
2360 2588 2552 2626 omnes
2588 2572 2640 2623 in
2663 2568 3037 2624 sublimiorem
3057 2566 3320 2620 evehebat
3342 2579 3583 2617 sensum.

2026 2665 2279 2718 Arbitror
2301 2673 2509 2729 autem,
2542 2662 2588 2715 si
2616 2676 2753 2731 opus
2779 2668 2925 2714 esset
2950 2658 3273 2711 clarioribus
3302 2655 3480 2708 verbis
3497 2670 3586 2707 ex-

2028 2756 2248 2820 planare
2307 2752 2658 2812 sententiam,
2713 2751 2785 2803 ita
2820 2749 2967 2802 illum
3008 2747 3231 2809 dixisse,
3282 2744 3375 2815 qui
3426 2746 3584 2798 homo

2029 2847 2141 2901 fieri
2174 2849 2345 2901 voluit
2374 2865 2386 2900 :
2418 2846 2462 2900 Ο
2497 2846 2715 2911 mulier,
2754 2859 2875 2913 qua:
2903 2844 3115 2896 beatam
3146 2841 3433 2911 praedicas,
3458 2859 3584 2898 vere

2029 2940 2238 2992 beatam
2272 2929 2561 3006 oportebat
2616 2935 2838 2988 Matrem
2893 2949 3014 2989 esse
3062 2935 3190 2987 mihi
3226 2935 3393 2997 illam,
3425 2935 3583 3003 cujus

2026 3030 2207 3079 anima
2260 3016 2561 3080 incredibili
2611 3024 3013 3093 pulchritudine
3059 3034 3204 3077 esset
3254 3034 3468 3087 ornata,
3527 3036 3579 3076 et

2026 3118 2239 3185 qualem
2274 3108 2447 3179 nulla
2500 3129 2737 3185 unquam
2792 3114 3033 3167 habuere
3087 3122 3352 3180 tempora.
3394 3113 3581 3183 Itaque

2026 3208 2229 3277 praevio
2256 3195 2329 3259 ‘in
2363 3208 2487 3275 ipsa,
2512 3220 2725 3261 summo
2777 3206 3015 3258 candore
3039 3205 3109 3258 ob
3137 3206 3389 3257 eximiam
3420 3208 3582 3257 animi

1938 3311 1983 3372 ρ
2026 3300 2423 3366 integritatem,
2450 3298 2955 3365 sublimitatemque
2988 3311 3051 3350 ac
3084 3298 3429 3363 modestiam,
3463 3300 3589 3351 sub-

2027 3400 2274 3445 secutum
2326 3400 2431 3454 est,
2468 3397 2525 3442 ut
2564 3403 2683 3442 mea
2717 3387 2869 3441 ﬁeret
2894 3389 3083 3453 Mater,
3117 3388 3431 3457 factumque
3483 3399 3585 3447 est,

2029 3491 2086 3536 nt
2116 3482 2179 3535 ad
2242 3482 2417 3535 lucem
2446 3520 2459 3545 ,
2510 3494 2629 3550 qua:
2676 3480 2796 3549 ejus
2838 3480 3074 3532 animam
3117 3478 3472 3540 inhabitabat,
3507 3494 3591 3531 me

2026 3575 2200 3629 lucem
2231 3574 2452 3642 insuper
2471 3570 3041 3641 acquireretomnium
3070 3572 3330 3623 luminum
3362 3574 3583 3625 creatri-

2025 3681 2165 3719 cem.
2206 3666 2404 3717 Amant
2436 3666 2581 3718 enim
2609 3666 2814 3729 omnia,
2850 3679 2971 3731 quas
3011 3665 3266 3735 affinitate
3298 3665 3587 3732 conjuncta

2025 3769 2174 3824 sunt,
2203 3761 2462 3814 accedere
2494 3761 2561 3813 ad
2599 3759 2798 3814 aﬂinia.
2835 3760 2910 3814 Ita
2943 3774 3097 3815 sane.
3134 3758 3269 3812 Cum
3299 3772 3429 3811 vero
3456 3771 3585 3809 exe-

2022 3854 2191 3922 gisset
2259 3853 2577 3916 necessitas,
2636 3862 2695 3905 ut
2756 3851 3110 3921 impassibilis
3154 3861 3207 3903 et
3264 3849 3590 3901 immortalis

2027 3942 2339 4011 passibilem
2380 3953 2435 3997 et
2484 3945 2767 3997 mortalem
2808 3949 3112 3997 assumeret
3145 3956 3384 4003 carnem,
3421 3950 3477 3992 ut
3518 3945 3586 4008 (si

2025 4033 2410 4100 explicandum
2444 4034 2576 4086 mihi
2610 4042 2694 4087 est
2723 4048 2829 4086 non
2863 4034 3035 4098 magis
3074 4032 3420 4086 sermonibus
3461 4027 3581 4082 Tri;

2025 4122 2210 4175 uitatis
2246 4122 2347 4174 hac
2381 4124 2447 4175 de
2504 4139 2560 4183 re
2604 4124 2893 4176 consilium
2948 4123 3254 4190 antiquum,
3302 4134 3489 4173 Verum
3534 4131 3587 4171 et

2029 4211 2350 4276 maximum)
2401 4223 2656 4280 suscepta
2715 4212 2995 4271 l’assione,
3039 4220 3089 4263 et
3128 4218 3320 4273 morte,
3364 4220 3415 4261 et
3449 4224 3583 4275 qua-

2026 4306 2147 4357 dam
2180 4305 2426 4373 corporis
2451 4312 2665 4373 gustata
2709 4302 3081 4369 corruptione,
3112 4315 3303 4353 omnes
3336 4300 3583 4352 homines

2029 4395 2073 4444 si
2113 4395 2334 4457 vellent,
2363 4409 2390 4445 a
2428 4392 2778 4461 passionibus
2825 4402 2875 4444 et
2907 4399 3081 4443 morte
3134 4398 3188 4442 et
3234 4388 3583 4455 corruptione

2025 4484 2279 4536 liberaret
2316 4501 2328 4535 :
2377 4499 2480 4535 non
2522 4486 2664 4534 enim
2726 4488 2845 4533 erat
2894 4479 3164 4533 afferenda
3207 4479 3310 4541 vis,
3357 4478 3452 4532 sed
3485 4496 3579 4531 vo-

2025 4575 2262 4627 tantibus
2314 4572 2643 4627 conferenda
2685 4573 2874 4626 salus:
2914 4571 3061 4624 dedit
3112 4578 3429 4638 potestatem
3471 4570 3580 4637 (in-

2024 4663 2161 4731 quit)
2216 4663 2487 4734 praecipuo
2520 4663 2752 4715 dilectus
2786 4660 2864 4713 illi
2903 4674 3086 4712 amore
3120 4660 3185 4712 iis
3223 4659 3316 4728 qui
3352 4660 3581 4711 credunt

2027 4754 2081 4806 in
2113 4753 2426 4817 eum,[ilios
2499 4752 2589 4805 Dei
2652 4752 2785 4806 ﬁeri.
2840 4752 3019 4815 Quare
3051 4749 3305 4803 Trinitati
3360 4750 3581 4817 quidem

2029 4854 2141 4897 tum
2173 4846 2241 4898 ob
2273 4844 2559 4897 consilium
2590 4843 2735 4898 istud
2785 4858 2882 4911 pro
2915 4841 3072 4894 nobis
3096 4841 3170 4892 illi
3204 4849 3535 4894 coaaternuin
3565 4858 3579 4889 ;

2027 4951 2202 5004 neque
2239 4938 2379 4989 enim
2420 4934 2581 4987 habet
2618 4932 2945 5002 principium
2979 4932 3240 4999 temporis
3269 4928 3360 4982 Dei
3401 4932 3583 4984 censi-

2027 5030 2180 5090 lium,
2210 5026 2303 5081 sed
2339 5028 2406 5079 ab
2457 5027 2603 5079 omni
2645 5026 2946 5079 aeternitate
2972 5037 3261 5076 commune
3292 5032 3376 5075 est
3407 5024 3580 5075 tribus

2027 5118 2584 5172 consubstantialibus
2654 5116 2923 5184 personis,
2989 5130 3109 5184 quae
3156 5114 3580 5183 proprietatibus

2028 5210 2437 5277 distinguuntur
2466 5226 2477 5260 :
2521 5214 2632 5258 tum
2669 5196 2800 5274 quia
2826 5205 2956 5258 illud
2985 5220 3085 5259 suo
3115 5211 3357 5271 tempore
3386 5204 3579 5269 imple—

2030 5300 2124 5364 vit,
2153 5301 2371 5369 agenda?
2400 5307 2526 5352 sunt
2554 5299 2772 5366 gratim;
2807 5296 3126 5349 beatissima:
3147 5304 3324 5347 autem
3348 5293 3576 5361 Virgini,

2030 5400 2142 5443 tum
2172 5394 2241 5444 oh
2272 5390 2487 5442 virtutis
2516 5391 2712 5451 ollicia,
2749 5400 2859 5439 tum
2897 5386 2967 5439 ob
3005 5384 3128 5437 inde
3174 5384 3576 5452 provenientein

2034 5484 2149 5535 vitae
2202 5481 2753 5543 commendationem,
2802 5480 3019 5545 promer
3060 5490 3221 5544 quam
3272 5474 3364 5527 Dei
3411 5474 3581 5526 Mater

2027 5584 2112 5625 est
2163 5571 2323 5623 facta.
2390 5570 2492 5624 Sed
2520 5573 2626 5638 jam
2688 5580 2899 5638 tempus
2942 5568 3176 5621 arbitror
3218 5567 3575 5619 contrahendi

2028 5664 2378 5724 de~iilerium,
2435 5677 2499 5714 ne
2562 5662 2739 5723 simul
2769 5676 2892 5713 cum
2951 5658 3273 5713 immorandi
3321 5657 3576 5710 aviditau-

2030 5757 2379 5824 protrahatur
2435 5771 2539 5807 non
2592 5756 2849 5808 deficiens
2903 5754 3101 5806 oratio.
3148 5752 3402 5804 Eveniret
3432 5752 3576 5801 enim

2030 5846 2187 5903 nobis
2224 5849 2349 5901 dum
2380 5845 2697 5902 satisfacere
2724 5848 2795 5898 illi
2830 5858 3111 5909 conamur,
3133 5841 3277 5911 quod
3308 5850 3359 5896 et
3391 5856 3576 5910 pueris

3116 5981 3147 6033 Γιι
