4202 6444
269 450 371 516 109

1419 441 1669 501 CANON
1715 437 2233 509 DEi’REth'l‘Olll
2256 436 2367 495 US.

3408 428 3510 488 HO

273 572 457 624 Eidem
486 579 615 637 ergo
659 583 801 623 nunc
840 568 1105 636 supplica,
1138 574 1194 621 ut
1256 561 1446 616 liberet
1478 568 1544 616 ab
1578 566 1820 620 hostibus
1867 563 1909 617 A
1948 558 2224 611 tnultoties
2259 556 2422 609 Deum
2477 555 2957 616 commoverimus,
3020 566 3251 624 quantas
3316 572 3507 625 poenas

270 674 321 717 te
351 661 577 715 tldeliter
605 660 906 714 laudantes.

929 746 1043 801 Ode
1075 745 1163 798 ιν.

340 846 625 901 Sexcentis
656 840 937 897 erroribus
970 838 1157 892 lassati
1204 838 1257 891 in
1286 838 1453 891 altum
1490 848 1656 906 caput
1687 838 1821 892 sub-

271 941 450 992 levare
467 936 688 990 omnino
705 947 811 986 non
836 944 1149 1000 possumus.
1174 927 1255 981 Tu
1278 944 1427 997 ergo,
1451 944 1483 981 o
1505 929 1818 997 purissima,

272 1034 380 1084 Deo
403 1032 671 1084 ferventer
706 1024 951 1093 supplies
981 1036 1079 1091 pro
1116 1021 1294 1075 nobis.

339 1122 523 1175 Catus
564 1126 616 1172 te
662 1116 1026 1180 laudantium,
1053 1128 1084 1167 o
1120 1112 1499 1177 mundissima,
1542 1112 1609 1165 ad
1666 1122 1817 1165 tuum

266 1211 530 1281 templum
566 1207 797 1262 ﬁdeliter
825 1213 1198 1266 accurrentes,
1230 1212 1395 1272 atque
1451 1204 1817 1272 ingruentium

268 1303 637 1356 calamitatum
707 1296 1178 1367 propulsationem
1256 1305 1633 1363 exposcentes,
1697 1311 1820 1363 spes

269 1406 403 1447 suas
432 1398 815 1458 assequamur.

342 1482 683 1552 lmpossibile
709 1495 811 1546 est,
840 1497 873 1536 o
918 1480 1287 1541 immaculata,
1322 1477 1635 1546 praesidium
1666 1485 1817 1528 tuum

172 1628 181 1633 ,
270 1576 607 1634 invocantes.
635 1573 789 1626 irrito
830 1581 954 1626 voto
986 1570 1277 1624 frustratos
1294 1568 1511 1623 reverti.
1538 1566 1815 1631 Quamob-

274 1682 389 1721 rem
424 1675 549 1721 ante
572 1674 625 1720 te
660 1665 1027 1734 procidentes,
1068 1664 1123 1714 te
1153 1658 1339 1713 fideles
1369 1668 1642 1725 rogamus.
1682 1665 1736 1705 ut
1767 1653 1830 1703 ab

268 1758 522 1813 hostibus
551 1757 758 1813 nostris
789 1754 1140 1809 redimamur.

1948 654 2075 702 dare
2120 648 2357 717 oportet!
2399 646 2503 700 Sed
2536 647 2735 699 liberes
2767 655 2821 699 tu
2856 662 2977 700 nos.

2021 737 2127 792 Nec
2166 739 2446 807 propheta,
2481 752 2579 790 nec
2636 739 2910 807 ptittccps,
2942 753 3042 792 nec
3085 740 3190 792 dux
3245 740 3502 795 auxiliari

1952 831 2104 883 nobis
2134 829 2291 882 hodie
2325 837 2522 896 potest,
2557 844 2654 881 nec
2691 829 2833 884 ullus
2859 838 2963 893 est,
3003 831 3094 899 qui
3133 830 3383 889 cohibeat
3416 847 3503 885 res

1950 923 2229 983 adversas,
2255 933 2447 973 omnes
2485 919 2630 971 enim
2664 919 2771 973 Deo
2819 931 2946 974 sunt
2978 921 3199 975 obnoxii
3234 923 3499 976 criminis.

1948 1015 1991 1065 (ι
2018 1029 2179 1082 quam
2210 1027 2402 1082 graves
2437 1025 2624 1079 plenas
2657 1023 2970 1078 exspectare
3002 1028 3213 1081 aequum
3247 1022 3354 1078 est,
3398 1015 3500 1067 nisi

1949 1114 2028 1165 tu,
2067 1119 2097 1155 ο
2131 1101 2439 1169 purissima,
2483 1101 2801 1169 praaripias!

2021 1191 2241 1260 Mystice
2268 1206 2364 1243 nos
2391 1190 2655 1257 baptisma
2705 1205 2734 1241 e
2789 1190 2961 1244 servis
2992 1191 3148 1245 malis
3176 1190 3267 1245 Dei
3301 1207 3499 1261 pueros

1947 1283 2146 1344 elieeit,
2182 1289 2458 1349 peccatum
2492 1289 2673 1333 tamen
2712 1280 2965 1334 liduciatn
2999 1296 3097 1336 nos
3130 1281 3332 1336 habere
3388 1297 3496 1335 non

1950 1374 2101 1426 sinit.
2139 1374 2453 1441 Propterea,
2487 1388 2518 1423 o
2545 1373 2918 1437 sanctissima,
2954 1374 3322 1443 calamitatum
3358 1378 3499 1427 mul-

1950 1463 2181 1515 titudine
2210 1464 2578 1515 circumdatos
2613 1463 3103 1519 intercessionibus
3132 1464 3238 1517 tuis
3275 1464 3463 1517 libera.

2021 1552 2371 1621 Nequaquam
2401 1562 2666 1622 praecepta
2688 1552 2800 1615 Dei,
2822 1555 3063 1607 omnium
3085 1554 3369 1624 Principis,
3388 1569 3501 1609 ser-

1949 1645 2219 1705 vavimus,
2247 1657 2280 1695 o
2310 1642 2601 1710 purissima
2631 1658 2644 1705 ;
2683 1643 2923 1711 undique
2974 1644 3139 1711 igitur
3171 1653 3365 1697 contra
3401 1658 3503 1697 nos

1952 1735 2055 1788 hoc
2095 1734 2482 1788 adversitatum
2546 1732 2815 1787 ﬂammam
2856 1735 3225 1787 vehementem
3278 1733 3501 1787 excitat.

343 1840 599 1901 Plurimis
652 1845 841 1914 gratiis
895 1842 1008 1897 tuis
1057 1846 1215 1894 antea
1275 1834 1457 1905 potiti,
1499 1848 1533 1887 o
1584 1825 1833 1898 Deipara,
1872 1832 1913 1886 lt
1957 1838 2002 1895 δ

1872 1832 1913 1886 Β
1957 1838 2063 1895 Sed
2102 1837 2211 1892 tuis
2265 1832 2333 1889 ad
2374 1826 2569 1889 Filium
2601 1837 2753 1882 tuum
2808 1825 3059 1895 precibus
3112 1822 3258 1874 illam
3303 1814 3509 1871 exstin-

271 1939 385 1992 Ave
412 1938 508 1993 tibi
532 1938 902 1992 acclamamus
970 1946 1131 2002 teque
1158 1930 1536 1987 obsecramus,
1568 1938 1602 1976 o
1630 1921 1838 1991 glorio-

271 2030 518 2095 sissima,
550 2038 612 2083 ut
658 2026 929 2081 adversus
963 2025 1151 2078 hostes
1194 2030 1246 2075 te
1284 2018 1698 2077 inbonorantes,
1730 2013 1839 2064 tuis

272 2121 562 2176 Victoriam
596 2118 866 2190 largiaris.

956 2226 1071 2281 Ode
1103 2221 1165 2279 ν.

352 2323 592 2393 Spiritus
623 2320 843 2391 quidem
867 2318 1019 2373 carni
1057 2317 1235 2378 malae,
1267 2320 1604 2369 caroautem
1635 2307 1844 2377 passio-

280 2416 467 2479 nibus,
498 2414 602 2467 heu
626 2412 781 2474 milii,
807 2411 1040 2477 turpiter
1060 2406 1306 2474 subjecta
1328 2416 1433 2467 est,
1455 2418 1487 2456 ο
1508 2402 1799 2470 purissima
1826 2415 1839 2449 :

282 2504 639 2574 quamobrem
669 2517 771 2555 nos
802 2501 857 2554 in
894 2501 1163 2553 malorum
1195 2498 1491 2550 multorum
1527 2492 1850 2546 discrimine

284 2596 620 2650 constitutos
693 2593 889 2659 libera,
936 2583 1031 2645 Dei
1095 2585 1289 2651 Mater,
1362 2579 1853 2639 intercessionibus

284 2687 418 2740 tuis.

358 2780 571 2847 Corpus
601 2778 839 2842 peccatis
890 2776 1108 2846 plenum
1166 2782 1273 2837 est,
1318 2776 1494 2827 anima
1536 2787 1661 2826 vero
1696 2772 1853 2825 malis

289 2870 489 2939 gaudet
528 2886 544 2922 ε
587 2883 791 2931 sermo,
842 2878 959 2929 cor,
996 2882 1151 2920 mens
1184 2868 1248 2919 ad
1299 2866 1481 2933 pejora
1524 2863 1768 2926 inclinat,
1802 2870 1855 2914 et

295 2957 526 3009 nuncin
576 2956 741 3008 rebus
792 2954 1130 3007 calamitosis
1190 2966 1493 3013 versamur,
1526 2961 1583 3002 ιιι
1623 2964 1773 3013 vero,
1821 2964 1853 2999 o

295 3048 483 3117 Virgo,
508 3048 578 3101 ab
616 3048 699 3100 bis
725 3048 897 3101 libera
927 3062 1115 3101 servos
1147 3055 1291 3098 tuos.

1956 1943 2108 2003 guas.

2596 2034 2708 2086 Ode
2749 2028 2884 2083 V’lll.

2026 2157 2361 2210 Salvatorem
2422 2148 2605 2201 mundi
2638 2143 2916 2214 peperisti,
2949 2156 2981 2194 ο
3012 2137 3262 2199 Domina,
3311 2134 3511 2196 bonum

1958 2266 2023 2304 ac
2082 2245 2383 2302 beneﬁcum
2435 2251 2484 2294 te
2539 2234 2989 2308 glorificantibus.
3036 2229 3189 2282 Hunc
3228 2240 3357 2296 ergo
3400 2224 3512 2292 jam

1958 2356 2120 2395 manu
2142 2352 2328 2397 exora,
2364 2344 2420 2387 ut
2450 2332 2519 2383 ab
2542 2329 2794 2383 hostibus
2817 2327 3007 2378 liberet
3030 2332 3176 2383 tuos,
3197 2320 3325 2372 dum
3358 2314 3513 2369 multi

1954 2441 2170 2489 exstant
2202 2430 2408 2483 ﬁdeles.

2030 2525 2200 2578 Filius
2250 2531 2399 2583 tuus,
2434 2534 2465 2571 o
2514 2515 2700 2582 Virgo,
2738 2506 2983 2562 liberavit
3037 2512 3148 2556 tres
3198 2511 3397 2567 pueros
3450 2496 3517 2547 ab

1961 2620 2083 2688 igne
2111 2610 2486 2670 voracissimo,
2513 2603 2693 2658 omnia
2718 2598 2919 2667 quippe
2941 2600 3136 2661 potest.
3166 2588 3343 2658 Hujus
3373 2586 3519 2655 ejus-

1958 2677 2080 2760 dvem
2109 2718 2273 2757 manu
2302 2699 2471 2752 libera
2501 2710 2599 2748 nos
2625 2705 2837 2751 omnes,
2868 2701 2898 2739 ο
2920 2686 3128 2754 Sponsa
3148 2680 3265 2745 Dei,
3290 2694 3317 2731 a
3341 2677 3519 2748 gentis

1964 2794 2375 2851 immanissima:
2419 2790 2623 2841 l‘urorc.

2034 2890 2174 2942 Deus
2222 2900 2314 2954 per
2362 2882 2647 2951 plurimam
2714 2868 3145 2926 misericordiam
3199 2863 3519 2917 incarnatus

1964 2988 2047 3036 est
2077 2996 2139 3033 ex
2171 2951 2245 3038 te.
2272 2990 2304 3030 ο
2355 2972 2537 3025 Puella
2565 2967 2847 3021 universos
2875 2962 3086 3015 salvare
3125 2955 3334 3008 volens.
3364 2951 3518 3005 llum:

1963 3088 2118 3133 vero,
2152 3085 2184 3123 o
2205 3066 2514 3137 purissima,
2550 3058 2826 3113 erroribus
2858 3051 3059 3107 nostris
3080 3048 3369 3119 prepitiutn
3396 3043 3519 3098 red-

364 3139 667 3194 vaenia‘
713 3155 834 3203 "03’
873 3153 904 3191 ⁰
935 3138 1075 3193 bona
1113 3137 1366 3200 Domina’
1429 3142 1686 3190 consueta
1734 3132 1850 3185 mm
1885 3143 1925 3196 δ
1963 3132 2301 3229 dereposse,
2336 3151 2719 3208 conﬁdentiam
2761 3145 2924 3199 habes
2954 3161 2966 3195 ε
2998 3142 3235 3195 accelera
3273 3137 3457 3209 igitur,
3489 3153 3521 3186 υ

296 3232 376 3286 tui
438 3231 793 3299 omniumque
864 3229 1230 3283 Dominatoris
1282 3226 1677 3289 misericordia,
1742 3238 1862 3292 qtlzc

299 3322 529 3378 molesta
584 3321 767 3375 omnia
821 3320 981 3373 nobis
1020 3318 1279 3372 instantia
1321 3316 1577 3385 depellat,
1609 3329 1661 3368 et
1693 3314 1859 3366 libera

304 3428 402 3467 nos
441 3414 509 3467 ab
551 3411 856 3473 erroribus,
892 3408 1383 3463 intercessionibus
1417 3406 1550 3461 tuis.

374 3502 481 3556 Res
509 3516 702 3570 graves
735 3499 1083 3552 multifariam
1114 3510 1260 3549 nunc
1312 3483 1471 3548 nobis
1530 3492 1864 3561 impendent.

310 3595 415 3646 ιιιιε
444 3604 497 3645 ιιι
531 3594 663 3654 cito,
688 3607 721 3644 o
759 3590 967 3653 Puella,
1002 3589 1208 3658 dissipa
1239 3588 1291 3639 iu
1330 3600 1533 3640 murem
1566 3584 1721 3646 l'unti,
1748 3597 1871 3636 ven-

308 3690 347 3737 ti
414 3682 751 3737 vehementis
833 3683 1098 3751 impetum
1173 3681 1324 3733 nullo
1379 3676 1541 3729 modo
1598 3675 1872 3729 sustinere

313 3777 562 3831 valentis.

977 3863 1091 3918 Ode
1130 3862 1237 3919 Vl:

384 3979 521 4036 Vitae
554 3980 869 4043 commotio,
899 3994 931 4033 o
962 3976 1148 4046 Virgo,
1183 3978 1418 4031 animam
1441 3976 1649 4041 turbat,
1682 3976 1876 4029 turba-

316 4088 491 4128 bones
519 4086 912 4140 usquequaque
969 4070 1215 4123 inferunt
1268 4066 1503 4121 diliicilia
1559 4067 1715 4119 nobis
1774 4066 1875 4118 line

316 4175 580 4232 tempore,
615 4163 727 4215 haec
754 4160 1082 4230 quantocius
1116 4158 1371 4227 precibus
1423 4158 1532 4210 tuis
1597 4157 1874 4225 propulsa.

318 4252 360 4309 Η
394 4271 516 4306 rum
548 4254 896 4306 inolestarum
932 4250 1131 4303 ﬂuctus
1186 4248 1366 4301 navim
1395 4246 1543 4299 illam
1569 4249 1878 4314 demergere

318 4347 616 4406 minantur.
665 4347 821 4410 cujus
871 4349 948 4402 tu,
982 4339 1075 4392 Dei
1110 4337 1301 4398 Mater,
1340 4348 1498 4389 manu
1537 4344 1624 4389 tua
1676 4336 1878 4403 guber-

1967 3254 2058 3307 Dei
2084 3254 2271 3305 Mater.

2039 3343 2131 3397 llle
2166 3355 2323 3409 quem
2377 3334 2632 3406 genuisti,
2688 3329 2861 3397 magis
2904 3326 3097 3394 gaudet
3144 3321 3347 3375 donare
3398 3334 3522 3387 gra-

1967 3437 2097 3487 tiam
2130 3446 2293 3501 quam
2344 3430 2404 3487 ii,
2456 3425 2657 3494 quibus
2721 3422 2835 3488 ipsa
2874 3418 3054 3480 datur,
3082 3413 3353 3483 gaudeant
3382 3410 3522 3461 acci-

1970 3542 2115 3595 pere.
2148 3500 2391 3574 lProinde
2417 3527 2471 3569 tu
2529 3515 2669 3583 apttd
2708 3512 2860 3563 illum
2900 3521 2996 3576 pro
3046 3506 3205 3557 nobis
3258 3500 3525 3569 legatione

1970 3622 2197 3687 fungens
2253 3612 2505 3663 universa
2561 3602 2843 3671 expedias.
2898 3596 3065 3663 Perge
3098 3592 3302 3659 itaque,
3334 3604 3365 3641 ο
3400 3587 3522 3639 Dei-

1971 3725 2116 3778 para.

2629 3806 2739 3859 Ode
2774 3803 2861 3855 IX.

2045 3934 2231 3993 Dcum,
2256 3943 2288 3980 ο
2318 3925 2505 3993 Virgo,
2535 3920 2836 3973 secundum
2892 3927 3109 3967 carnem
3146 3906 3402 3977 genuisti,
3431 3904 3523 3972 qui

1972 4028 2133 4079 etiam
2179 4034 2274 4088 pro
2307 4017 2464 4069 nobis
2489 4007 2795 4065 voluntarie
2826 4018 3016 4073 passus
3052 4008 3155 4054 est.
3184 3998 3318 4051 Cum
3361 3996 3528 4049 susti-

1976 4120 2185 4170 nuisset
2244 4117 2420 4161 autem
2454 4112 2703 4163 mortem,
2752 4098 2943 4151 mortis
2972 4093 3205 4147 vinculis
3232 4105 3326 4143 eos
3348 4090 3529 4141 absol-

1978 4214 2049 4261 vit
2078 4207 2164 4272 qui
2193 4208 2347 4257 erant
2379 4200 2432 4251 in
2468 4195 2702 4248 inferno.
2745 4190 2881 4242 lluic
2921 4188 3085 4254 igitur
3118 4183 3366 4250 snpplica
3405 4188 3461 4231 ut
3492 4181 3524 4229 ii

1978 4299 2066 4368 qui
2096 4271 2149 4349 te
2179 4292 2421 4351 laudant,
2452 4299 2480 4336 a
2517 4284 2678 4337 rebus
2704 4278 2943 4332 sinistris
2976 4276 3192 4326 valeant
3243 4271 3468 4324 exsolvi.

2048 4382 2334 4437 Hominum
2377 4388 2547 4444 genus
2597 4371 2706 4423 Deo
2763 4366 3026 4436 peccavit,
3059 4370 3113 4416 et
3162 4375 3333 4429 usque
3383 4374 3531 4411 nune

318 4436 511 4543 infula
551 4431 1202 4543 mﬁérﬁlﬁihﬁj‘gitﬂr
1234 4436 1439 4491 “emc'
1466 4434 1521 4481 et
1570 4429 1875 4495 "anqmm-
1906 4461 1944 4513 Ῐ)
1981 4473 2301 4543 procedunt,
2344 4429 2905 4517 oviutemeratiss'ima,
2940 4451 3035 4506 sed
3068 4466 3174 4504 non
3197 4458 3325 4503 sunt
3356 4449 3531 4501 homi-

319 4538 485 4579 tatem
509 4526 763 4593 precibus
791 4524 902 4576 tuis
934 4521 1203 4576 concede.

388 4616 572 4669 Multis
638 4613 893 4684 lacrymis
951 4626 1090 4681 Opus
1138 4607 1516 4678 cst,oVirgo,
1570 4606 1728 4661 nobis
1787 4607 1878 4675 qui

320 4707 526 4763 Christi
561 4714 828 4774 prteeepta
865 4702 1138 4772 aspernati
1192 4715 1406 4761 sumus.
1461 4708 1684 4768 prepter
1737 4699 1878 4765 quod

322 4815 444 4851 cum
501 4795 665 4848 rebus
720 4793 963 4847 sinistris
1006 4792 1295 4855 luctamur,
1330 4791 1398 4845 ab
1432 4790 1514 4843 bis
1547 4803 1648 4843 nos
1684 4788 1888 4842 redime

324 4889 391 4941 ad
424 4889 683 4956 optimam
722 4884 843 4937 vitae
880 4883 1147 4937 rationem
1177 4883 1495 4936 traducens.

398 4978 458 5032 Si
489 4987 634 5041 tuos,
671 4990 705 5029 ο
740 4975 1114 5038 sanctissima,
1163 4989 1311 5027 nunc
1337 4974 1406 5025 ab
1447 4972 1700 5027 hostibus
1758 4971 1892 5023 libe-

1985 4538 2110 4615 num
2138 4569 2351 4611 errores
2392 4545 2723 4616 bujusmodi,
2757 4557 2892 4610 quos
2928 4538 3021 4593 Dei
3072 4538 3293 4606 sanguis
3341 4550 3529 4589 eorum

1982 4653 2153 4722 gratia
2170 4647 2377 4701 ell'usus
2398 4639 2659 4695 mundare
2676 4650 2782 4689 non
2810 4641 3011 4702 posset.
3036 4630 3161 4683 ideo
3187 4643 3333 4682 nune
3354 4626 3529 4695 ipsum

1984 4758 2083 4813 pro
2111 4739 2287 4802 nobis,
2312 4750 2348 4789 ο
2370 4732 2617 4792 Domina,
2655 4741 2837 4781 exora.

2052 4831 2233 4885 llostis
2269 4824 2482 4895 tyranni
2544 4818 2748 4887 antiqui
2801 4815 3094 4885 potentiam
3144 4812 3446 4881 disperdas,
3499 4826 3532 4861 ο

1987 4925 2300 4997 purissima,
2329 4918 2475 4972 velut
2511 4914 2726 4968 mollem
2753 4920 2805 4963 et
2832 4922 3083 4962 enervem
3119 4901 3524 4957 intercessioni-

1988 4991 2084 5070 bus
2119 5012 2252 5074 luis,
2287 5020 2447 5075 atque
2493 5004 2641 5055 illius
2674 4999 2873 5051 fastum
2928 4995 2981 5047 in
3031 4994 3199 5045 altum
3260 4991 3530 5045 sublatum

329 5070 559 5131 raveris,
608 5065 741 5119 nihil
795 5066 899 5119 erit
963 5065 1135 5129 novi;
1179 5065 1352 5132 magis
1404 5070 1586 5117 autem
1644 5062 1751 5115 erit
1800 5070 1890 5114 tua
1984 5062 2294 5175 ἆξώᾷᾓό
2342 5062 2521 5162 v'irgo,
2563 5099 2796 5155 tuosque
2843 5098 3027 5138 servos
3054 5097 3177 5136 cum
3214 5080 3377 5133 rebus
3410 5094 3532 5146 sm,

398 5170 409 5175 -
473 5174 477 5175 ν
551 5173 563 5175 -
588 5174 599 5175 γ
652 5157 844 5175 ημιηιι-
909 5170 925 5175 Α
963 5166 1145 5175 _A,__.___
1185 5153 1472 5175 l_A_:‘u.2--
1506 5153 1567 5175 -L
1594 5153 1675 5175 μζ-
1709 5153 1891 5175 :-........

332 5170 486 5213 vetns
508 5157 873 5221 consuetudo,
901 5170 939 5209 ο
963 5166 1145 5210 vertex
1184 5153 1474 5219 bonitatis;
1504 5153 1571 5207 ab
1593 5153 1677 5206 bis
1708 5153 1893 5221 itaque

333 5265 390 5308 ut
418 5253 716 5307 liberemur
736 5250 989 5305 celeriter
1017 5248 1235 5317 largire.

984 5360 1099 5417 Ode
1131 5358 1241 5413 VII.

1988 5168 2461 5245 vibusinnumeris
2494 5181 2760 5231 luctantes
2791 5172 3051 5227 velociter
3089 5168 3283 5221 invise.

2057 5280 2161 5333 Eos
2184 5276 2278 5345 qui
2309 5288 2407 5327 nos
2444 5272 2545 5323 hoc
2594 5278 2835 5333 tempore
2852 5264 3109 5324 διατι-ειη,
3144 5274 3187 5322 ο,
3217 5254 3530 5326 purissima.

1988 5387 2042 5427 tu
2070 5372 2310 5439 trepidos
2341 5382 2403 5418 ac
2443 5361 2661 5416 timidos
2696 5360 2749 5410 in
2787 5356 2970 5425 fugam
3013 5350 3221 5419 conjice
3251 5358 3305 5404 et
3337 5349 3529 5401 borum

409 5476 591 5533 Unum
618 5475 892 5545 quoddam
917 5480 1247 5543 praeceptum
1279 5479 1657 5539 transgressus
1689 5478 1797 5530 est,
1823 5484 1898 5521 va:
1992 5475 2303 5535 prosperum
2337 5471 2555 5509 cursum
2589 5452 2704 5518 ipsa
2759 5461 2962 5501 reseca.
3007 5442 3080 5495 Da
3122 5452 3300 5495 autem
3332 5441 3529 5510 pOpuln

338 5571 526 5633 nobis,
565 5583 598 5622 ο
628 5566 876 5631 Domina,
913 5531 1122 5635 primus
1172 5573 1324 5632 pater
1349 5561 1543 5624 Adam,
1570 5567 1626 5614 et
1652 5558 1778 5613 lacti
1812 5559 1898 5612 sui
1989 5531 2107 5617 tuo,
2155 5562 2211 5605 ut
2244 5558 2479 5604 statuere
2532 5542 2703 5613 possit
2760 5554 2824 5593 cx
2877 5538 3009 5605 ipsis
3058 5547 3275 5604 tropa-.1,
3316 5542 3371 5586 ut
3401 5531 3531 5585 olim

340 5674 557 5732 partam
626 5658 811 5717 statim
865 5656 1012 5711 dedit
1074 5655 1204 5708 Deo.
1263 5651 1395 5707 Cum
1463 5665 1591 5705 vero
1651 5650 1724 5703 ad
1765 5649 1896 5704 iram

2003 5641 2304 5711 majoribus
2365 5639 2565 5691 nostris
2592 5644 2832 5691 statuere
2857 5635 3075 5689 dedisti.

1774 5831 2141 5856 ψ.
