4202 6444
305 454 402 515 19.9

1342 453 1655 512 Dl.\l.OGI
1693 452 1851 510 CUM
1893 451 2448 514 MOIIAMETANO.

3429 447 3533 518 130

302 570 379 630 τὸ,
411 569 469 621 τὸ
504 569 656 635 γένος
686 567 881 637 ἐκείνῳ
911 567 1011 637 μέν
1045 566 1311 636 εὐτυχεῖν,
1348 569 1479 636 ἡμῖν
1517 567 1571 618 δε
1607 567 1698 618 νῦν
1732 566 1859 618 δυσ-
1893 573 1934 623 Α

1893 573 1934 623 Α
1963 581 2068 634 qua
2104 566 2278 631 gentis
2310 565 2455 618 illius
2491 563 2739 618 homines
2764 579 3016 632 prospera
3046 575 3293 632 utuntur,
3313 584 3412 623 nos
3440 577 3533 621 ad.

305 663 553 730 πραγεῖν’
578 661 614 715 ἃ.
638 661 701 730 δὴ
734 661 914 714 πάντα
954 660 1055 728 τὴν
1101 659 1312 710 ἐκείνου
1339 658 1563 725 γνώμην
1595 656 1862 710 ἀνθεῖλκε.

303 759 506 825 Χεῖρας
537 756 643 823 γὰρ
675 757 769 808 καὶ
798 754 963 814 πόδας
998 753 1094 822 (ὡς
1128 754 1194 804 ἂν
1236 754 1376 803 εῖποι
1407 750 1514 817 τις)
1558 750 1864 816 δεδεμένος,

300 849 412 909 τοῖς
449 848 782 917 είρημένοις,
810 839 885 899 ὧν
918 844 1015 913 μὲν
1041 844 1161 896 λίαν
1185 844 1452 911 κατέγνω,
1478 842 1688 900 τούτοις
1712 836 1868 902 αὖθις

303 939 580 1008 ἐνέμενεν*
607 937 642 991 ἃ
671 939 714 990 δ’
738 936 925 1007 ἐπῄνει
950 937 1066 997 πῶς
1092 938 1192 989 οίει
1223 936 1320 1004 (1),
1347 935 1441 986 καὶ
1469 933 1558 986 διὰ
1588 932 1868 1002 θαύματος

301 1025 425 1098 ἦγε,
461 1033 556 1082 καὶ
591 1029 690 1095 τῆς
740 1027 974 1098 ἀληθοῦς
1015 1027 1234 1097 μερίδος
1286 1028 1398 1088 τοῖς
1449 1026 1593 1088 ὅλοις
1627 1023 1866 1093 νομίζων

306 1123 580 1190 ἐφαίνετο,
611 1117 698 1173 ἐπ’
727 1119 866 1172 αὐτὰ.
916 1117 1175 1188 βαδίζεινν
1193 1118 1345 1187 ὅμως
1395 1119 1494 1186 οὐχ
1527 1114 1636 1180 οἷός
1667 1117 1714 1171 τ’
1745 1114 1813 1189 ἦν
1840 1119 1868 1170 ὁ

307 1215 551 1282 σχέτλιος
580 1212 781 1282 γέρων.
818 1211 909 1276 Ὠς
943 1211 1052 1281 γὰρ
1086 1210 1257 1273 ἔοικε,
1292 1211 1580 1280 κακοδοξίᾳ
1615 1210 1870 1275 καθάπαξ

303 1306 649 1375 αἰχμάλωτος
699 1301 959 1370 γεγονὼς,
1019 1304 1116 1372 οὐχ
1170 1302 1206 1356 ἃ.
1267 1303 1547 1372 προείλετο
1606 1303 1868 1372 πράττειν

305 1399 495 1466 κύριος
518 1391 605 1466 ἦν’
636 1397 682 1447 εί
718 1394 771 1446 δὲ
805 1394 1011 1462 βούλει,
1047 1395 1148 1464 τῆς
1180 1393 1414 1463 ἀληθοῦς
1449 1393 1761 1464 ἐλευθερίας
1792 1392 1868 1464 μὴ

305 1488 656 1557 γεγευμένος,
688 1485 798 1536 οὐδ’
828 1485 953 1537 ὅσον
980 1478 1048 1554 ἦν
1078 1485 1397 1552 γιγνόμενον
1431 1484 1530 1555 (2),
1559 1484 1668 1536 οὐδ’
1701 1485 1869 1552 ἐγγὺς

307 1568 488 1630 ποθῶν
525 1576 726 1646 ταύτην
755 1571 844 1647 ἦν.
871 1575 1054 1638 Ὅθεν,
1086 1577 1222 1645 ὅπερ
1265 1576 1434 1646 ἔφθην
1463 1575 1657 1638 εἰπὼν,
1692 1578 1872 1630 κινδυ-

306 1668 451 1720 νεύει
485 1669 680 1736 μικροῦ
728 1666 838 1720 δεῖν
869 1667 1061 1737 εὔηθες
1108 1664 1248 1720 εἶναι
1294 1669 1492 1731 δοκεῖν,
1529 1667 1868 1735 διαλέγεσθαι

308 1762 437 1830 περὶ
467 1762 563 1827 τῆς
595 1759 706 1811 τῶν
744 1758 1002 1828 Τούρκων
1030 1758 1285 1820 ἀσεϐείας
1316 1758 1409 1811 καὶ
1429 1759 1537 1810 τῶν
1565 1757 1694 1826 παρ’
1728 1757 1869 1808 ἐκεί-

306 1870 415 1913 νοις
462 1839 774 1920 δογμάτων,
811 1845 886 1904 ὧν
940 1849 1000 1902 τὸ
1056 1852 1308 1918 κρεῖττον
1353 1849 1436 1902 ὅτι
1493 1864 1601 1919 περ
1654 1848 1867 1916 γέλωτα

308 1945 609 2014 παρασχεῖν
645 1941 806 1996 ίκανὰ
843 1943 953 2006 τοῖς
988 1941 1299 1996 ἀκούουσιν.

888 2055 1267 2111 ΠΡΟΟΙΜΙΟΝ
1273 2095 1288 2110 .

376 2151 443 2206 α’.
479 2151 550 2205 Τὸ
582 2150 684 2220 μὶν
713 2145 807 2204 οὖν
831 2148 929 2219 τὴν
956 2149 1318 2218 παραπλῆγος
1364 2146 1608 2217 Μωάμεθ
1650 2147 1865 2214 ἐξελέγ-

305 2262 420 2312 γειν
455 2243 657 2310 μανίαν
687 2241 924 2309 σπουδὴν
957 2241 1104 2309 ἡμᾶς
1143 2238 1238 2291 νῦν
1268 2239 1563 2305 ποιεῖσθαι,
1599 2239 1735 2302 ὅλως
1776 2256 1865 2306 μοι

302 2336 453 2388 δοκεῖ
483 2334 776 2403 περίεργον
814 2327 978 2398 εἶναι,
1013 2332 1198 2401 ἐπειδὴ
1238 2331 1344 2414 ικαὶ
1395 2332 1494 2383 οὐκ
1547 2332 1717 2398 ὀλίγοι
1748 2347 1869 2383 του-

303 2429 446 2479 τονὶ⁹
473 2426 565 2478 τὸν
620 2426 835 2480 δίαυλον
887 2425 1131 2495 ἔφθησαν
1177 2425 1458 2495 ἡνυκὸτες⁸
1487 2427 1547 2478 ἐν
1599 2421 1680 2488 οἷς
1718 2426 1812 2478 καὶ
1841 2425 1868 2476 ὁ

305 2521 583 2582 θειότατος
611 2519 836 2580 πάππος
868 2520 1022 2587 ἡμῖν,
1054 2519 1080 2569 ὁ
1115 2518 1483 2587 παντάριστος
1515 2520 1607 2570 καὶ
1657 2517 1869 2587 θαυμά-

305 2629 419 2674 σιος
448 2609 723 2680 βασιλεύς·
759 2609 816 2673 ὃς
847 2608 1124 2672 εὐσεϐείας
1147 2609 1222 2662 ὢν
1251 2608 1449 2674 κανὼν,
1485 2610 1580 2662 καὶ
1606 2610 1713 2662 τῶν
1742 2609 1870 2661 ταύ-

301 2722 401 2774 της
430 2705 594 2757 ἕνεκα
625 2705 803 2757 πόνων
831 2702 1024 2773 μηδενὶ
1051 2702 1158 2754 τῶν
1183 2701 1469 2772 πρωτείων
1500 2701 1867 2771 παραχωρῶν,

304 2798 473 2850 πολλὰ
527 2797 627 2864 μὲν
675 2798 771 2850 καὶ
827 2798 971 2850 ἄλλα
993 2796 1083 2848 τὸν
1121 2794 1333 2848 ἐκείνου
1367 2795 1528 2864 ζῆλον
1578 2797 1710 2863 ἡμῖν
1743 2796 1870 2865 περὶ

303 2890 402 2958 τὴν
426 2889 594 2960 ὀρθὴν
623 2888 808 2941 πίστιν
830 2888 1100 2957 λαμπρῶς
1130 2887 1573 2957 ἀνακηρύττοντα
1605 2886 1868 2953 συνεγρά-

304 2982 466 3050 ψατο·
498 2983 705 3046 τούτοις
736 2982 790 3035 δέ
822 2981 1133 3052 προσέθηκε
1159 2980 1423 3033 τελευτῶν
1450 2980 1545 3034 καὶ
1571 2972 1613 3050 ᾧ
1637 2980 1736 3048 τὴν
1763 2979 1871 3032 τῶν

305 3078 615 3146 εἰρημένων
659 3077 1046 3147 Ἀχαιμενιδῶν
1079 3076 1337 3146 λατρείαν
1375 3075 1539 3144 λῆρον
1575 3073 1871 3142 ἀποφαίνει

308 3171 474 3237 σαφῆ.
507 3169 726 3240 Ἐπειδὴ
755 3171 811 3220 δέ
849 3187 906 3220 σε
933 3168 1099 3239 ᾔδειν,
1133 3167 1224 3220 τὸν
1263 3169 1335 3229 ὡς
1369 3166 1587 3236 ἀληθῶς
1617 3165 1866 3232 ἀδελφὸν,

1970 673 2122 710 versa
2156 675 2167 709 :
2223 673 2340 725 quae
2374 668 2524 711 certe
2555 659 2737 710 omnia
2765 662 2881 724 ejus
2914 659 3152 711 animum
3203 662 3268 713 ad
3318 663 3537 716 diversa

1970 749 2339 803 retrahebant.
2364 750 2643 817 Siquidem
2664 751 2918 803 manibus
2937 751 3272 819 pedibusque
3295 754 3538 822 (utqu's-

1971 841 2112 910 piam
2150 840 2381 908 dixerct)
2430 841 2666 904 vinetus,
2701 857 2762 895 ex
2794 843 2952 896 dictis
2984 843 3344 912 qttzequidem
3379 848 3537 900 valde

1968 933 2280 996 damnabat,
2302 933 2492 986 iisdem
2522 933 2876 988 nihilominus
2899 936 3196 1001 inhaerebat
3222 950 3236 989 τ
3260 944 3378 1005 qua:
3408 953 3536 991 vero

1969 1022 2108 1077 mire
2154 1023 2408 1077 laudabat
2459 1024 2963 1092 admirabaturque,
3005 1029 3370 1096 onmibuSque
3408 1045 3532 1082 vera

1969 1128 2030 1167 ea
2064 1127 2186 1169 esse
2210 1113 2464 1167 arbitrari
2495 1114 2803 1180 videbatur,
2836 1115 2900 1168 ad
2935 1130 2995 1168 ea
3045 1125 3222 1170 tamen
3268 1120 3532 1174 accedere

1970 1203 2136 1257 miser
2166 1203 2254 1257 ille
2273 1218 2440 1258 senex
2465 1220 2572 1257 non
2598 1204 2795 1272 potuit.
2827 1204 2985 1271 Nam,
3023 1215 3081 1258 ut
3109 1207 3398 1261 vetisimile
3427 1221 3531 1273 est,

1969 1310 2149 1364 pravae
2181 1295 2422 1364 opinioni
2457 1295 2624 1349 semel
2659 1296 3023 1362 mancipatus,
3051 1296 3171 1360 ejus
3195 1298 3338 1366 quod
3373 1300 3534 1352 vellet

1970 1388 2200 1441 faciendi
2245 1396 2563 1456 potestatem
2611 1403 2719 1441 non
2759 1387 3029 1441 habebat:
3081 1399 3195 1451 aut,
3237 1391 3283 1443 si
3337 1391 3531 1454 mavis,

1970 1493 2150 1532 veram
2181 1477 2483 1532 libertatem
2512 1494 2634 1531 cum
2667 1495 2942 1547 nunquam
2975 1490 3265 1548 gustasset,
3305 1481 3532 1534 multum

1971 1569 2160 1626 aberat
2193 1579 2248 1623 ut
2271 1585 2388 1623 eam
2421 1580 2682 1638 quantum
2710 1585 2807 1638 par
2829 1582 2945 1623 erat
2977 1572 3326 1627 desideraret.
3359 1574 3531 1639 Unde,

1969 1661 2112 1729 quod
2140 1659 2250 1728 jam
2279 1659 2409 1722 dixi,
2429 1675 2619 1728 parum
2649 1661 2786 1714 forte
2811 1662 2968 1716 abest
2995 1661 3124 1730 quin
3147 1663 3386 1732 ineptum
3413 1679 3535 1719 esse

1973 1752 2237 1815 videatur,
2275 1752 2341 1805 de
2387 1753 2693 1806 Turcarum
2743 1754 3021 1821 impietate
3056 1755 3380 1825 illorumque
3416 1760 3536 1825 Opi-

1972 1842 2226 1893 nionibus
2261 1842 2516 1910 colloqui,
2572 1859 2695 1910 quae
2746 1843 2876 1896 nihil
2913 1844 3114 1899 habent
3160 1849 3527 1916 praestantius,

1900 1907 1940 1963 Β
1969 1947 2131 2001 quam
2155 1931 2297 2001 quod
2321 1907 2490 1986 risum
2519 1907 2864 1988 audientibus
2891 1936 3097 2002 possint
3128 1907 3392 2006 prirbere.

2558 2043 2944 2100 PREFATIO.

2041 2135 2091 2188 I.
2132 2133 2317 2202 Itaque
2352 2134 2536 2187 vesani
2574 2134 2893 2189 Mahometis
2937 2136 3176 2189 furorem
3212 2138 3536 2207 redarguere

1972 2241 2117 2280 nunc
2150 2228 2361 2289 conari,
2397 2240 2860 2295 supervacaneum
2891 2244 3113 2296 prorsus
3140 2245 3260 2284 esse
3300 2232 3429 2284 mihi
3460 2236 3536 2284 vi-

1970 2317 2151 2379 detur,
2176 2316 2430 2385 quoniam
2471 2317 2575 2370 hoc
2603 2317 2839 2371 stadium
2866 2319 2976 2384 jam
3027 2328 3182 2374 antea
3227 2337 3332 2374 non
3379 2325 3534 2392 pauci

1970 2410 2374 2465 decurrerunt:
2423 2409 2478 2462 in
2512 2408 2712 2477 quibus
2757 2409 2975 2465 divinus
3008 2412 3087 2465 vir
3140 2427 3273 2468 avus
3328 2424 3535 2479 noster,

1970 2502 2210 2572 optimus
2240 2511 2292 2555 et
2316 2492 2657 2558 admirabilis
2685 2501 2980 2571 Imperator
3006 2504 3119 2577 (3):
3154 2507 3249 2576 qui
3278 2524 3400 2563 eum
3426 2511 3538 2578 pie-

1974 2595 2101 2650 tatis
2146 2603 2292 2648 esset
2317 2594 2524 2661 regula,
2557 2604 2609 2648 et
2639 2594 2694 2649 in
2729 2599 2997 2663 susceptis
3030 2613 3126 2665 pro
3169 2614 3231 2651 ea
3257 2599 3537 2654 laboribus

1974 2689 2178 2758 primas
2219 2688 2423 2741 nemini
2476 2691 2824 2751 concederet,
2866 2700 2978 2743 tum
3015 2692 3117 2744 alia
3173 2693 3366 2757 multa,
3415 2710 3538 2762 quae

1974 2779 2173 2835 ardens
2208 2779 2356 2833 illius
2390 2793 2518 2847 erga
2556 2789 2763 2834 rectam
2797 2780 2954 2834 fidem
2986 2782 3225 2837 studium
3263 2782 3538 2840 luculente

1975 2871 2135 2925 nobis
2175 2871 2478 2935 declarant,
2533 2872 2905 2940 conscripsit:
2963 2881 3074 2925 tum
3133 2873 3262 2926 illud
3313 2873 3535 2928 demunt

1975 2978 2112 3032 opus
2159 2962 2243 3016 his
2283 2963 2552 3030 adjunxit,
2606 2978 2713 3032 quo
2751 2963 3258 3019 Achaemenidarum
3310 2967 3536 3021 istorum

1975 3055 2260 3124 religiones
2300 3055 2444 3107 aliud
2472 3055 2602 3108 nihil
2629 3069 2748 3109 esse
2787 3054 2888 3109 nisi
2923 3071 3100 3111 meras
3123 3073 3294 3125 nugas
3313 3059 3536 3116 eviden-

1976 3147 2186 3201 tissime
2220 3148 2576 3201 demonstrat.
2623 3147 2728 3201 Sed
2777 3148 2900 3217 quia
2935 3164 3146 3215 noram,
3184 3158 3235 3203 te
3267 3165 3392 3204 vere
3425 3151 3539 3203 fra-

305 3259 510 3327 ταύτην
536 3256 597 3324 δὴ
631 3257 729 3326 τὴν
763 3258 871 3309 τῶν
905 3257 1211 3326 εἰρημένων
1239 3257 1416 3308 ἀθέων
1444 3255 1702 3307 ἀσέϐειαν
1730 3255 1869 3324 ὑπὲρ
1895 3243 1939 3305 C

1895 3243 1939 3305 ί]
1977 3249 2112 3292 trem
2163 3240 2302 3293 hanc
2337 3239 2654 3306 impiorum,
2701 3255 2837 3308 quos
2881 3241 3011 3303 dixi,
3052 3241 3294 3295 fraudem
3327 3246 3539 3312 egregie

305 3351 402 3411 τὶς
434 3349 602 3408 ἄλλας
634 3348 918 3416 μισοῦντα⁸
955 3350 1049 3400 καὶ
1074 3349 1208 3417 πρός
1238 3363 1299 3413 γε
1330 3347 1410 3399 ἑτι
1447 3347 1510 3415 δὴ
1543 3347 1753 3416 τρυφὴν
1783 3346 1874 3397 καὶ

306 3435 416 3491 οἷον
465 3439 687 3508 ἄθυρμα
739 3456 791 3491 τι
847 3438 1190 3507 ποιούμενον,
1236 3439 1289 3490 εἴ
1336 3439 1387 3489 τί
1438 3454 1522 3499 τις
1575 3437 1724 3503 λέγοι
1775 3438 1873 3503 τῆς

307 3531 533 3582 ἐκείνων
588 3530 857 3599 φλυαρίας
906 3529 1170 3600 διήγημα,
1228 3529 1318 3581 καὶ
1378 3525 1613 3596 μάλισθ’,
1663 3528 1792 3578 ὅταν

305 3621 462 3672 τοῦτο
493 3637 556 3686 γε
597 3620 704 3672 τῶν
741 3619 970 3681 ἐκείνοις
1015 3620 1346 3688 ἀπορρήτων
1393 3619 1490 3682 καὶ
1535 3616 1775 3686 σεμνῶνο
1815 3617 1874 3670 τὸ

311 3714 411 3780 μὲν
450 3713 524 3774 ὡς
561 3712 722 3780 ἔργον
765 3714 860 3764 καὶ
891 3713 977 3763 διὰ
1009 3711 1229 3765 πάντων
1275 3711 1508 3780 γράφειν
1543 3711 1692 3778 ἡμᾶς
1736 3711 1874 3762 κατὰ

307 3808 406 3870 τῆς
433 3807 543 3857 τῶν
579 3805 838 3873 Τούρκων
875 3803 1098 3872 μανίας,
1128 3805 1240 3854 δεῖν
1270 3802 1440 3870 ἔγνων
1471 3801 1870 3870 παραδραμεῖν·

308 3899 413 3948 eiz‘t
453 3896 580 3965 γὰρ,
628 3897 788 3961 εἰσὶν,
837 3896 1023 3963 ὥσπερ
1068 3891 1242 3956 εἷπον,
1291 3893 1340 3944 οἳ
1376 3893 1637 3945 κάλλιστά
1682 3909 1742 3958 γε
1779 3892 1873 3944 καὶ

309 3989 510 4050 ἱκανῶς
542 3987 688 4041 τοῦτ’
718 3988 1063 4057 είργάσαντιο⁹
1109 3989 1202 4039 καὶ
1231 3986 1405 4038 ἔνεστί
1446 4003 1528 4037 σοι
1565 3984 1874 4053 βουλομένῳ

309 4080 792 4150 Θριαμϐευομένην
827 4080 954 4130 ίδεῖν
1000 4078 1099 4149 τὴν
1137 4078 1342 4131 τούτων
1396 4077 1776 4145 μελαγχολίαν,
1798 4075 1875 4148 ,ἢν

308 4177 423 4234 τοῖς
469 4174 778 4241 εἰρημένοις
825 4171 1092 4242 ἐθελήσῃς
1144 4171 1576 4240 συγγράμμασιν
1609 4170 1871 4238 ἐντυχεῖν.

309 4263 479 4325 Αὐτὸς
515 4262 700 4332 μέντοι
733 4277 815 4313 σοι
849 4262 940 4313 τὸν
973 4261 1154 4329 κόρον,
1189 4259 1264 4322 ὡς
1295 4255 1406 4312 οἷόν
1433 4274 1513 4323 τε,
1546 4257 1873 4326 διαφεύγων,

309 4354 520 4419 ὅσαπερ
564 4350 901 4419 καιριώτερα
938 4351 1030 4401 καὶ
1079 4347 1272 4416 βελτίω
1326 4345 1570 4398 δοκοῦσιν
1623 4344 1876 4413 εἰρῆσθαι

311 4441 419 4492 τῶν
452 4439 528 4508 τῷ
563 4440 878 4510 Μουτερίζῃ
911 4438 1232 4508 λεχθέντων,
1270 4438 1477 4507 φράσαι
1513 4437 1870 4506 πειράσομαι,

309 4534 385 4593 ὡς
425 4532 480 4584 δὲ
526 4531 620 4584 καὶ
650 4524 834 4601 ὦνπερ
865 4530 930 4584 ἂν
977 4530 1275 4599 μνησθείην
1305 4530 1414 4581 τῶν
1447 4531 1595 4597 ἐμῶν
1629 4547 1692 4596 γε
1740 4529 1872 4597 πρὸς

311 4621 404 4673 τὸν
451 4622 680 4691 γέροντα
723 4621 920 4688 λόγων.
956 4623 1220 4675 Τακείνου
1262 4623 1363 4692 μὲν
1398 4624 1505 4690 γὰρ
1535 4623 1667 4692 ἐρῶ,
1720 4623 1876 4690 χαρί-

312 4713 505 4774 ζεσοαί
568 4730 652 4766 σοι
721 4713 1064 4782 βουλόμενοςο
1116 4714 1362 4783 ἀδικοίην
1417 4715 1528 4782 γὰρ
1577 4715 1664 4779 ἂν,
1698 4715 1746 4765 εί
1793 4707 1874 4775 οἷς

311 4805 505 4874 παρὼν
534 4804 611 4874 (4)
642 4804 907 4873 ἐτρύφας,
941 4805 1112 4860 ταῦτα
1140 4806 1378 4874 δηλῶσαι
1410 4805 1585 4873 παρὸν
1615 4807 1672 4857 ἐν
1700 4804 1878 4873 γράμ-

313 4913 449 4962 μασι
479 4896 872 4965 παραλίποιμι.

1978 3341 2174 3399 praeter
2207 3339 2432 3384 caeteros
2463 3332 2587 3383 odio
2622 3329 2873 3400 prosequi
2901 3349 2913 3386 :
2953 3334 3287 3401 insuperque
3317 3332 3541 3386 delicia-

1978 3438 2096 3476 rum
2127 3438 2189 3476 ac
2221 3423 2366 3476 velut
2409 3422 2792 3476 oblectamenti
2826 3423 2942 3476 loco
2978 3425 3193 3486 ducere.
3229 3424 3273 3479 si
3315 3424 3438 3493 quis
3476 3430 3542 3477 de

1976 3516 2190 3569 illorum
2231 3515 2450 3584 ineptiis
2485 3516 2687 3584 aliquid
2719 3528 2955 3579 enarret,
3002 3527 3051 3569 et
3083 3517 3148 3571 de
3182 3518 3248 3572 iis
3283 3520 3536 3585 maxime,

1977 3623 2096 3676 qua:
2129 3622 2323 3661 arcana
2351 3608 2762 3676 venerandaque
2788 3609 2927 3677 apud
2956 3609 3078 3662 illos
3113 3611 3421 3664 habentur:
3453 3611 3540 3663 his

1975 3699 2042 3751 de
2065 3699 2245 3752 causis
2273 3700 2486 3767 integro
2510 3699 2725 3767 quidem
2752 3700 3037 3769 solidoque
3069 3700 3329 3756 adversus
3354 3703 3538 3756 omnia

1976 3790 2224 3845 Turcica:
2265 3791 2488 3845 insaniae
2510 3792 2688 3860 Capita
2723 3807 2882 3859 opere
2916 3793 3313 3849 conscribendo
3349 3810 3542 3865 super-

1976 3885 2277 3941 sedendum
2326 3898 2446 3938 esse
2476 3883 2731 3939 decrevi:
2763 3886 3076 3949 suntenim,
3119 3894 3267 3951 sunt,
3321 3895 3380 3940 ut
3408 3889 3540 3953 dixi,

1977 3975 2069 4044 qui
2096 3973 2300 4043 optime
2319 3975 2438 4039 hoc,
2462 3983 2512 4027 et
2536 3983 2799 4042 quantum
2828 3973 2962 4028 satis
2980 3983 3120 4036 erat.
3140 3976 3386 4030 exsecuti
3423 3976 3543 4032 fue-

1977 4067 2120 4120 rint:
2161 4081 2392 4135 quorum
2429 4067 2630 4134 scripta
2670 4067 2843 4134 legere
2869 4065 2914 4120 si
2942 4067 3314 4136 volueris,per
3349 4069 3545 4122 trium-

1978 4159 2142 4226 phum
2173 4158 2391 4212 ductam
2426 4158 2610 4212 videre
2641 4158 2822 4212 licebit
2857 4159 2951 4211 tibi
2987 4160 3187 4214 volenti
3229 4159 3541 4215 Turcarum

1978 4249 2328 4303 dementiam.
2372 4250 2485 4319 Ipse
2521 4259 2700 4303 tamen
2751 4249 3078 4316 satietatem,
3112 4262 3377 4320 quantum
3427 4253 3542 4308 fieri

1977 4342 2194 4410 poterit.
2221 4341 2507 4410 effugiens,
2543 4356 2882 4411 quaecunque
2914 4344 3306 4409 opportuniora
3341 4353 3393 4397 et
3427 4360 3545 4399 nte-

1980 4435 2116 4488 liora
2163 4434 2366 4487 dixisse
2397 4433 2614 4486 videtur
2670 4433 2978 4493 Muterizes,
3016 4448 3077 4485 ea
3109 4433 3206 4488 tibi
3243 4434 3424 4489 verbis
3455 4451 3544 4489 ex-

1979 4527 2213 4594 primere
2241 4526 2502 4589 conabor,
2558 4525 2699 4579 sicut
2742 4524 2905 4577 etiam
2957 4540 3294 4594 quaecunque
3332 4527 3428 4580 abs
3461 4543 3545 4580 me

1979 4617 2094 4672 seni
2127 4616 2270 4670 dicta
2306 4615 2475 4669 fuisse
2509 4615 2824 4668 meminero.
2861 4613 3009 4668 Illius
3042 4614 3186 4667 enim
3218 4615 3374 4669 verba
3411 4615 3546 4671 refe-

1977 4724 2114 4774 ram,
2142 4707 2430 4779 gratificari
2455 4707 2546 4761 tibi
2577 4708 2763 4761 volens
2795 4723 2808 4760 :
2846 4707 3114 4774 siquidem
3141 4707 3191 4759 in
3230 4715 3283 4760 te
3316 4707 3546 4776 injurio-

1980 4816 2073 4856 sus
2104 4815 2302 4863 essem,
2330 4801 2373 4853 si
2431 4814 2496 4852 ex
2529 4799 2726 4867 quibus
2769 4813 3006 4866 praesens
3062 4799 3176 4863 ipse
3211 4798 3542 4867 voluptatem

1979 4894 2245 4962 cepisses,
2278 4908 2339 4946 ea
2408 4891 2460 4944 in
2512 4890 2752 4958 scriptis,
2813 4889 3014 4959 quibus
3062 4890 3222 4943 facile
3277 4891 3548 4945 declarari

1984 4993 2234 5052 possunt,
2278 4985 2770 5052 prmtcrmitlerem.

386 5143 462 5214 (I)
485 5140 615 5208 ne:
642 5144 766 5212 οίει,
805 5142 944 5200 sicut
969 5147 1085 5207 πῶς
1115 5145 1312 5210 δοκεῖς,
1340 5145 1665 5214 peculiarem
1707 5142 1870 5195 habet
1974 5153 2045 5214 est

1974 5139 2434 5214 estconvenjens,
2478 5155 2805 5208 congruum,
2843 5149 2986 5214 patet
3027 5139 3273 5214 pluribus
3325 5140 3464 5214 locis
3495 5143 3546 5197 in

311 5213 622 5281 emphasin,
650 5225 702 5269 et
731 5215 1179 5283 significationem
1204 5216 1296 5266 τοῦ
1326 5214 1469 5266 κατὰ
1513 5213 1679 5283 πολὺ,
1723 5215 1871 5265 vehe-

309 5293 510 5336 menter
541 5282 828 5348 plurimurn
858 5302 876 5339 :
910 5286 1182 5352 profertur
1238 5285 1391 5352 quasi
1458 5282 1869 5336 admirabnnde.
1897 5327 1900 5330 .

310 5353 470 5421 Apud
497 5355 918 5423 Aristophanem
971 5354 1117 5406 Plut.
1154 5370 1206 5409 ν.
1241 5354 1341 5407 742
1382 5352 1698 5423 ϐίοεδιιιοτη
1747 5352 1869 5411 Πῶς

307 5422 514 5493 δοκεῖς]
554 5421 927 5490 θαυμαστικόν
965 5439 977 5453 ο
1016 5425 1132 5474 λίαν
1167 5439 1182 5455 ⁸
1214 5425 1320 5477 vid.
1371 5422 1603 5476 Brunck.
1637 5421 1701 5473 ad
1751 5424 1803 5474 lt.
1833 5425 1867 5475 ι.

307 5494 439 5544 edit.
467 5495 799 5561 Argeutorat.
829 5494 983 5555 I783.
1005 5495 1144 5552 ill-8,
1173 5505 1298 5546 tom.
1322 5491 1488 5562 I,pag
1523 5491 1870 5562 265.'Hcpqv

309 5564 450 5618 ἀλλα
477 5564 591 5624 πῶς
625 5564 765 5624 οἴεις
815 5565 1004 5630 Synes.
1041 5563 1207 5632 Epist.
1240 5565 1330 5624 2:2,
1392 5561 1476 5616 ed.
1517 5561 1734 5630 Dionys.
1771 5561 1870 5613 Pe-

310 5641 421 5683 tav.
458 5632 630 5704 Ltttet.
675 5633 1036 5704 I712,_m-fol.
1069 5653 1121 5701 ρ.
1160 5635 1281 5687 175.

387 5704 464 5771 (2)
502 5702 638 5756 Voce
677 5704 798 5756 ὅσον
831 5700 894 5773 ἦν
937 5700 1256 5773 γιγιὸμενον
1295 5704 1345 5757 id
1376 5703 1691 5772 significari,
1730 5707 1871 5770 quod

1978 5210 2237 5277 Stephani
2276 5208 2580 5274 Thesauro,
2607 5219 2718 5262 tum
2740 5226 2803 5261 ex
2828 5210 3008 5263 multis
3033 5210 3303 5262 similibus
3324 5209 3550 5280 loquen-

1978 5282 2032 5334 di
2065 5281 2314 5332 formulis
2347 5281 2398 5331 in
2436 5280 2667 5331 decursu
2701 5280 2861 5346 hujus
2897 5281 3098 5346 operis.

2050 5353 2125 5419 (ὅ)
2158 5350 2425 5403 Joannem
2462 5348 2900 5402 Cantaenzenuzn
2929 5350 3122 5413 imper.
3155 5349 3411 5415 intelligit
3443 5350 3543 5417 (ιι),

1983 5421 2153 5474 nostri
2214 5420 2480 5472 Mannelis
2549 5429 2850 5472 maternum
2906 5432 3114 5470 avum:
3160 5433 3283 5470 nam
3309 5419 3548 5471 Joannes

1983 5489 2317 5559 Paleeologus
2360 5489 2623 5559 Manuelis
2656 5499 2821 5559 pater
2878 5488 3137 5559 Helenam
3184 5487 3547 5559 Cantaeuzeni

1983 5561 2146 5613 filiam
2177 5556 2426 5614 duxerat.
2485 5557 2614 5612 Vide
2653 5558 2894 5629 Ducang,
2930 5556 3133 5612 Famil.
3183 5557 3406 5626 August.
3436 5561 3549 5627 By-

1984 5631 2182 5682 ωηιξη.
2222 5645 2341 5697 pag.
2373 5629 2496 5682 259.

2055 5702 2128 5769 (4)
2159 5700 2294 5752 Cod.
2315 5716 2428 5768 reg.
2472 5699 2667 5768 παρόν.

373 5847 443 5904 tu)
473 5843 619 5906 Cujus
652 5850 827 5908 scripta
869 5854 1033 5895 contra
1064 5847 1387 5895 \IJII’IIIDICIII
1413 5854 1460 5893 ct
1492 5847 1598 5904 ejus
1624 5843 1839 5892 aSscclas
1870 5840 2108 5890 edidimus
2135 5845 2181 5888 in
2207 5848 2337 5889 tonio
2362 5839 2513 5889 [ζων.
2557 5839 2691 5887 lion.
