4202 6444
646 404 737 464 131

1751 391 2145 455 ΜΑΝΠΕΗΒ
2184 382 2637 447 ΡΑ1.;ἘΟΙ.()ΟΙ

3777 371 3876 433 Ῑ)2

712 512 764 563 2.
800 506 1061 576 Quamvis
1115 505 1259 562 enim
1301 506 1542 561 umbrosi
1578 514 1793 558 montes
1840 513 1895 557 et
1938 517 2197 557 sonorum
2233 550 2236 561 ,

2376 496 2443 565 β’.
2476 499 2538 550 Εἰ
2564 498 2671 564 γάρ
2716 494 2781 565 δὴ
2808 495 2903 546 καὶ
2934 491 3101 560 οὔρεά
3136 506 3195 543 τι
3228 488 3501 552 σκιόεντα,
3534 487 3784 542 θάλασσά
3818 505 3875 537 τε

643 618 792 654 tnare
822 616 1051 669 corpora
1084 610 1273 653 nostra
1297 598 1455 665 longo
1485 605 1737 662 separent
1774 594 2085 657 intervallo,
2115 602 2194 644 ta-

640 707 762 746 men
795 690 849 745 in
895 705 1028 746 vero
1063 688 1420 743 fraternitatis
1458 687 1656 740 atlectu
1692 685 1911 740 eﬂicere
1950 684 2055 737 hoc
2090 697 2196 737 non

643 790 871 851 possunt
902 782 984 836 :is
1015 780 1160 834 enim
1193 779 1304 833 ullo
1337 779 1562 833 omnino
1596 777 1759 831 modo
1790 775 2045 833 claustris
2071 789 2199 828 con-

647 875 805 930 tineri
838 877 1041 944 nequit.
1081 873 1236 929 Unde
1265 871 1564 942 splendidae
1586 870 1730 926 illius
1757 884 1948 934 creua,
1972 884 2074 936 qua
2101 880 2201 920 nos

649 967 911 1043 convivas
963 967 1176 1036 excepit
1226 981 1416 1030 senex,
1459 964 1776 1036 participem
1816 972 1875 1017 te'
1903 962 2018 1016 ﬁeri
2057 960 2200 1014 volo.

653 1054 786 1109 Nam
808 1058 941 1111 forte
962 1056 1061 1110 tibi
1090 1057 1357 1110 videbitur
1381 1056 1470 1110 illa
1498 1054 1798 1118 delicatior,
1820 1068 1983 1121 quam
2006 1050 2205 1119 saepius

652 1147 809 1201 nobis
838 1148 1120 1216 apparavit
1146 1147 1403 1216 Satrapes
1440 1144 1529 1199 ille
1556 1144 1913 1214 gravissimus
1940 1151 1995 1197 et
2023 1140 2205 1209 perdi.

650 1240 917 1305 tissimus,
969 1239 1064 1308 qui
1102 1238 1343 1308 prodigia
1397 1235 1646 1303 qumdam
1682 1244 1741 1288 ut
1772 1235 1826 1288 in
1865 1234 2206 1289 somniorum

652 1332 941 1399 ﬁgmentis,
966 1341 1176 1400 raptum
1210 1329 1463 1383 videlicet
1488 1328 1589 1383 sibi
1609 1336 2021 1395 congruentem,
2052 1338 2210 1395 para-

650 1425 967 1493 tlisumque,
993 1422 1218 1477 canibus
1251 1420 1557 1491 puellisque
1595 1418 1849 1485 inﬁnitis,
1889 1432 2011 1487 qua:
2047 1417 2236 1471 arho--

652 1532 770 1569 rum
804 1515 966 1571 rantis
1001 1514 1323 1577 insiderent,
1359 1512 1589 1583 aliisque
1643 1510 2020 1579 compluribus
2052 1509 2211 1577 nugis

652 1607 909 1661 refertum
955 1605 1233 1660 narrabat.
1265 1603 1482 1657 Duabus
1524 1616 1651 1657 vero
1680 1603 1746 1655 de
1774 1602 1955 1655 causis
1990 1613 2212 1653 necesse

652 1708 756 1764 est,
778 1706 838 1751 ut
872 1711 994 1766 qute
1024 1696 1123 1751 abs
1170 1709 1257 1750 me
1286 1705 1414 1749 sunt
1447 1693 1593 1749 dicta
1658 1693 1753 1748 tibi
1808 1691 2064 1746 referam.
2094 1688 2214 1747 Pri-

654 1804 824 1852 mum,
846 1787 971 1859 quia
1002 1801 1179 1856 neque
1195 1794 1621 1841 consentaneum
1650 1798 1827 1853 neque
1860 1781 1940 1836 las
1961 1792 2067 1846 est,
2090 1781 2202 1837 dia.

2306 594 2551 658 ἠχήεσσα
2578 590 2680 656 (1),
2708 590 2845 657 ἡμῖν
2874 604 2937 654 γε
2964 584 3207 637 διῖστῶσι
3241 583 3311 636 τὰ
3340 580 3591 650 σώματα,
3624 580 3741 633 ἀλλ’
3776 579 3879 649 ούχ

2306 679 2396 735 οἷά
2424 700 2483 735 τε
2523 683 2683 735 ταυτὶ
2718 680 2855 733 κάπὶ
2902 679 2999 747 τῆς
3043 676 3279 748 ἀληθοῦς
3326 673 3684 744 φιλαδελφίας
3718 670 3881 726 τοῦτο

2309 773 2555 841 ποιῆσαι·
2587 771 2892 825 ἀκάθεκτον
2917 770 3027 837 γάρ
3052 765 3192 837 αὕτη
3220 766 3415 835 χρῆμα
3440 764 3687 834 πέφυκεν
3714 759 3876 816 εἶναι.

2312 866 2482 919 Ὅθεν
2511 864 2771 935 βούλομαί
2806 879 2865 916 σε
2895 862 2991 915 καὶ
3020 861 3226 930 ταύτης
3255 860 3352 929 τῆς
3385 854 3568 927 θοίνης
3597 858 3730 927 ἡμῖν
3762 871 3881 909 ποι·

2311 962 2515 1024 νωνείν,
2629 960 2658 1012 ὀ
2704 959 2803 1027 μὲν
2854 957 3035 1026 γέρων
3068 954 3336 1026 λαμπρῶς
3388 952 3586 1016 είστία,
3618 953 3785 1022 ἡμεῖς
3822 949 3881 1004 δὲ

2309 1045 2452 1120 ἦμεν
2476 1050 2525 1101 οἱ
2551 1050 2893 1119 δαιτυμόνες.
2933 1048 3233 1118 Ἀὁροτέρα
3261 1047 3368 1117 γάρ
3396 1063 3477 1099 σοι
3507 1043 3670 1114 τυχὸν
3692 1044 3880 1111 φανεί-

2311 1160 2426 1205 ται,
2448 1136 2515 1213 ἦς
2545 1141 2808 1201 πολλάκις
2841 1141 3109 1211 ἑστιάτωρ
3150 1140 3287 1209 ἡμῖν
3317 1140 3345 1190 ὁ
3379 1137 3706 1208 σεμνότατος
3736 1138 3882 1191 latri:

2313 1254 2403 1300 νος
2423 1234 2718 1307 Σατράπης
2742 1235 2836 1288 καὶ
2857 1232 3319 1305 ἐπιτριπτότατος
3346 1232 3565 1299 γέγονε,
3590 1228 3882 1300 τερατείαν

2313 1332 2435 1384 τινὰ
2459 1329 2818 1399 διηγούμενος
2845 1332 2904 1382 έν
2925 1328 3220 1400 ὀνειράτων
3246 1326 3551 1395 πλάσματι,
3578 1323 3673 1379 καὶ
3704 1324 3883 1393 ἀρτισ-

2315 1422 2421 1490 γὴν
2476 1421 2623 1491 αὐτῷ
2683 1422 3025 1492 πρέπουσαν,
3092 1423 3189 1474 καὶ
3247 1418 3579 1488 παράδεισον
3640 1417 3883 1485 γέμοντα

2317 1511 2500 1567 κυνῶν
2527 1513 2619 1566 καὶ
2649 1512 2830 1582 κορῶν
2859 1512 3124 1583 ἀπείρων,
3153 1512 3368 1574 κλάδοις
3400 1505 3634 1581 δένδρων
3668 1509 3885 1579 ιφιδρυ-

2320 1600 2517 1669 μένων,
2547 1602 2641 1655 καὶ
2665 1602 2836 1669 ἄλλης
2869 1602 3140 1673 φλυαρίας
3174 1602 3413 1670 μακρᾶς.
3448 1599 3611 1669 Τάμά
3638 1599 3695 1652 δὲ
3724 1596 3883 1651 πάλιν

2318 1691 2613 1758 ἀναγκαῖον
2646 1692 2823 1744 εἰπεῖν
2857 1692 3003 1745 δυοῖν
3046 1692 3231 1745 ἕνεκα.
3269 1691 3493 1761 Πρῶτον
3524 1690 3624 1759 μὲν
3648 1688 3759 1759 γάρ
3786 1687 3887 1740 οὐκ

2320 1781 2610 1836 ἀκόλουθον
2650 1784 2772 1836 οὐδι
2820 1783 2996 1854 θέμις,
3036 1785 3285 1855 διάλογον
3335 1798 3458 1837 τινα
3490 1780 3775 1852 γίγνεσθαι
3812 1779 3884 1851 μὴ

655 1882 835 1950 Iugum
898 1878 1139 1949 aliquem
1170 1876 1309 1944 ﬁeri,
1349 1877 1455 1933 nisi
1498 1877 1738 1932 omnium
1786 1874 2211 1945 colloquentium

2316 1877 2409 1929 καὶ
2460 1876 2569 1930 τῶν
2619 1876 3166 1947 προσδιαλεγομένων
3229 1878 3356 1941 τοὺς
3418 1876 3611 1946 λόγους
3666 1876 3884 1945 ἔχοντα.

655 1984 936 2026 sermones
964 1969 1264 2025 contineat.
1296 1969 1520 2030 Deinde,
1558 1968 1625 2041 in
1667 1968 1802 2038 ipsis
1829 1966 2076 2021 nonnihil
2109 1965 2217 2020 lor-

659 2074 801 2117 tassc
829 2062 1124 2133 reperietur
1153 2061 1221 2117 iis
1250 2062 1399 2126 utile,
1443 2060 1537 2131 qui
1568 2059 1634 2114 de
1657 2075 1754 2129 spe
1780 2059 1837 2113 in
1868 2059 2030 2114 nobis
2063 2074 2219 2128 repo-

657 2157 760 2209 sita
796 2153 865 2209 de
910 2153 1206 2224 improviso
1248 2154 1574 2221 respondere
1616 2151 1824 2215 volunt,
1858 2151 2078 2221 quando
2124 2150 2221 2205 Dei

656 2260 847 2300 usores
884 2244 958 2300 illi
989 2244 1242 2313 nugando
1269 2242 1474 2313 aliquid
1522 2243 1650 2297 huic
1683 2241 1977 2310 objiciunt.
2007 2242 2145 2296 Nam
2168 2250 2223 2295 ct

658 2339 751 2391 ille
790 2351 1003 2390 omnem
1041 2336 1349 2402 pharetram
1380 2333 1703 2396 exinanivit,
1735 2333 2017 2389 barbarica
2053 2346 2219 2387 manu

662 2443 911 2499 magnam
961 2428 1278 2499 sagittarum
1328 2426 1435 2481 vim
1469 2426 1724 2480 emittens
1757 2441 1772 2477 :
1809 2438 1948 2494 quas
2000 2424 2226 2495 quidem

664 2525 808 2580 Deus
842 2525 987 2579 leves
1017 2539 1082 2578 ac
1114 2523 1331 2577 hebetes
1360 2522 1519 2593 plane
1548 2520 1734 2577 eﬂccit
1762 2538 1774 2575 :
1809 2531 1865 2577 at
1885 2521 2228 2576 contrarium

664 2618 741 2672 illi
773 2618 993 2679 accidit,
1022 2632 1147 2670 nam
1180 2614 1432 2670 conﬁxus
1464 2623 1548 2670 est
1582 2613 1901 2684 sagittarius
1930 2614 2028 2670 iste
2049 2614 2230 2683 spicu-

664 2709 731 2764 lis
753 2709 953 2764 nostris
977 2724 991 2763 :
1027 2708 1138 2761 imo
1156 2708 1373 2769 etsuis,
1402 2706 1550 2775 quod
1567 2706 1786 2775 quidem
1825 2705 2081 2759 acerbius
2108 2719 2229 2758 om-

668 2803 796 2856 nino
840 2801 1087 2855 videtur:
1116 2814 1433 2869 quanquam
1481 2796 1775 2870 sacrarum
1820 2795 2233 2867 Scripturarunt

670 2891 1209 2962 interpretationibus
1260 2890 1699 2960 testimoniisque
1741 2904 1917 2960 neque
1968 2898 2231 2959 quantum

671 2986 864 3040 licebat
920 2999 1093 3053 neque
1139 2992 1404 3054 quantum
1450 2983 1736 3049 Oportebat
1774 2996 1967 3035 sumus
1999 2984 2107 3043 usi,
2134 2981 2228 3035 sed

666 3088 927 3147 quantum
951 3087 1004 3133 et
1027 3076 1245 3146 quando
1275 3076 1486 3131 volebat
1514 3076 1623 3131 ille.
1655 3075 1867 3144 Quippe
1903 3089 2080 3143 opera:
2112 3089 2233 3143 pre-

2290 1976 2293 1979 ’
2324 1966 2535 2021 Ἐπειτ’
2569 1968 2699 2031 ίσως
2733 1968 2827 2022 καί
2857 1969 2907 2021 τί
2939 1986 3044 2022 που
3090 1970 3366 2039 χρήσιμον
3398 1971 3457 2023 έν
3504 1968 3687 2032 αὐτοῖς
3728 1968 3887 2037 εὐρε-

2320 2060 2547 2130 θήσεται
2577 2064 2688 2125 τοῖς
2721 2064 2788 2117 ἐκ
2810 2063 2906 2117 τοῦ
2935 2066 3233 2135 προχείρου
3272 2065 3623 2135 βουλομένοις
3652 2063 3889 2131 ἀποκρί-

2321 2154 2508 2208 νεσθαι
2537 2154 2668 2226 περὶ
2697 2157 2795 2226 τῆς
2820 2157 2880 2209 έν
2910 2158 3043 2227 ἡμῖν
3072 2156 3308 2222 ἐλπίδος,
3338 2157 3561 2211 ιπειδάν
3580 2171 3635 2210 τι
3664 2153 3891 2225 ληροῦν-

2322 2262 2414 2309 τες
2438 2245 2612 2317 ταύτῃ
2648 2248 3004 2317 προφέρωσιν
3030 2250 3079 2303 οί
3114 2249 3391 2317 θεομίσεις
3422 2248 3522 2318 (2).
3558 2247 3798 2310 Ἐκεῖνός
3830 2262 3889 2299 τε

2324 2340 2434 2410 γάρ
2463 2342 2647 2393 πᾶσαν
2689 2338 2789 2411 τὴν
2834 2341 3118 2411 φαρύτραν
3153 2342 3415 2407 tuimur,
3446 2341 3578 2413 βέλη
3624 2336 3792 2411 συχνά
3826 2343 3891 2394 ἐκ

2324 2434 2423 2501 τῆς
2450 2431 2799 2503 βαρϐαρικῆς
2827 2432 3011 2502 χειρὸς
3040 2433 3245 2501 ἀφιείςο
3272 2432 3406 2495 Θεὸς
3430 2449 3490 2485 τε
3515 2433 3695 2487 ταῦτα’
3714 2432 3893 2500 κοῦφα

2326 2524 2525 2582 τελέως
2554 2525 2854 2592 ἀπέφηνενο
2888 2524 2952 2577 οὺ
3000 2523 3109 2595 μὴν
3134 2524 3206 2577 τά
3255 2522 3352 2577 ἶσα
3393 2522 3550 2593 ὤφθη
3585 2525 3889 2589 πεπονθὼς,

2327 2617 2443 2670 ἀλλ’
2467 2615 2675 2686 With
2719 2616 2819 2686 μιν
2849 2619 2962 2680 τυῖἷ
3000 2617 3300 2688 ἡμετέροις
3334 2618 3550 2687 βέλεσιν
3579 2619 3607 2671 ὀ
3647 2617 3890 2686 τοξότης·

2330 2708 2537 2778 ἐϐλήθη
2561 2708 2619 2760 δὲ
2648 2709 2741 2760 καὶ
2771 2708 2885 2771 τοῖς
2914 2705 3103 2773 αὐτοῦ,
3127 2707 3155 2759 ὃ
3181 2706 3247 2777 δὴ
3278 2707 3377 2759 καὶ
3397 2707 3724 2777 πικρότερον
3754 2696 3894 2760 εἶναι

2332 2800 2551 2861 πάντως
2575 2800 2741 2851 δοκεῖ·
2768 2799 2860 2851 καί
2889 2809 2971 2852 τοι
2996 2802 3295 2868 γραφικαῖς
3321 2800 3613 2870 ὲξηγήσεσι
3638 2802 3731 2853 καὶ
3762 2818 3899 2869 μαρι

2331 2889 2542 2960 τυρίαις
2575 2891 2671 2960 οὐχ
2714 2892 2837 2943 ὅσον
2876 2891 3008 2961 ἐξῆν
3043 2907 3100 2943 τε
3146 2895 3243 2944 καὶ
3284 2893 3472 2963 ἐχρῆν,
3519 2893 3893 2961 ἐχρησάμεθα,

2334 2983 2449 3035 ἀλλ’
2483 2983 2608 3036 ὅσον
2643 2996 2703 3036 τε
2736 2985 2832 3036 καὶ
2867 2985 2955 3037 ὅτε
2984 2983 3156 3052 ,τοῦτο
3200 2986 3405 3045 ἐκεῖνος
3440 2985 3715 3040 ἐϐούλετο.
3749 2986 3895 3039 Ἔδει

2333 3076 2388 3127 δὲ
2432 3075 2591 3129 τοῦτο
2622 3075 2899 3146 προύργου
2948 3078 3241 3130 ποιεῖσθαιο
3277 3078 3393 3131 ἀλλ’
3428 3076 3576 3132 ικὼν
3608 3076 3897 3149 ἀφῄρημαι

669 3172 803 3224 tium
831 3168 1046 3239 quidem
1078 3183 1197 3223 esse
1226 3167 1459 3222 debebat
1485 3168 1586 3219 hoc
1606 3166 1786 3220 facere
1808 3182 1823 3220 :
1849 3166 1942 3220 sed
1968 3166 2229 3237 princlarn

2334 3168 2430 3235 τὴν
2467 3168 2678 3237 ἄμαχον
2711 3171 2937 3236 ταυτηνὶ
2984 3170 3080 3221 καὶ
3126 3170 3296 3239 καλὴν
3351 3171 3692 3240 συμμαχίαν,
3728 3173 3902 3225 ἐκεῖνο

670 3261 774 3315 isto
812 3258 1121 3328 invictoque
1165 3256 1366 3311 auxilio
1418 3256 1610 3311 lubens
1640 3256 1887 3324 privatus
1932 3270 2073 3320 sunt,
2102 3270 2228 3309 cum

671 3352 798 3406 illud
830 3350 1063 3421 primum
1098 3349 1278 3404 animo
1305 3358 1636 3418 reputarem,
1666 3362 2005 3417 quacunque
2027 3346 2233 3403 theolo-

670 3458 939 3515 gutnenon
962 3443 1219 3497 librorum
1242 3440 1460 3495 oracula
1478 3454 1716 3495 errorem
1737 3438 2049 3504 Mahometi,
2070 3454 2235 3507 quan-

672 3550 759 3592 tus
776 3544 881 3602 est,
905 3535 1040 3589 nihil
1061 3533 1165 3588 nisi
1189 3548 1397 3588 merum
1430 3546 1671 3587 errorem
1697 3546 1820 3588 esse
1850 3540 2101 3601 arguant,
2120 3532 2235 3585 hau:

672 3624 850 3688 abiis,
882 3624 976 3693 qui
1000 3632 1190 3678 contra
1228 3622 1393 3675 istum
1425 3620 1782 3690 scripserunt,
1810 3621 1985 3690 etiam
2016 3620 2237 3676 inventa

672 3730 818 3778 csse,
853 3726 908 3771 et
936 3714 1226 3783 disposita,
1260 3721 1315 3767 et
1339 3711 1707 3767 ornatissimis
1734 3709 1917 3765 verbis
1954 3724 2235 3781 expressa.

675 3808 899 3873 Deinde,
930 3807 1180 3879 quamvis
1213 3807 1355 3861 inter
1378 3821 1569 3861 omnes
1600 3806 1778 3859 aetatis
1803 3805 2090 3874 gentisque
2127 3820 2241 3860 sum

678 3902 927 3957 homines
956 3916 1186 3969 magnus
1207 3907 1349 3954 esset
1369 3910 1423 3953 et
1456 3898 1749 3953 haberetur
1776 3913 1943 3951 senex
1965 3898 2074 3962 ille,
2095 3899 2239 3967 quod

678 3992 894 4063 quidem
932 3992 998 4046 ad
1033 3990 1286 4045 liberales
1313 3989 1634 4059 disciplinas
1666 3991 1882 4053 attinet,
1917 4000 1969 4045 et
2016 3989 2084 4043 ad
2121 4004 2239 4043 eam

680 4102 801 4155 qnze
844 4084 989 4156 apud
1020 4083 1173 4154 ipsos
1200 4083 1344 4153 viget
1378 4083 1727 4153 sapientiam,
1762 4083 2028 4136 barbarus
2059 4091 2241 4135 tamen

678 4187 798 4233 erat
828 4195 842 4231 :
870 4178 1100 4233 barbara
1127 4192 1343 4246 quoque
1369 4192 1501 4244 gens
1530 4176 1646 4245 eius
1664 4184 1723 4233 et
1744 4176 1931 4229 dictio.
1962 4172 2245 4239 Quamob-

683 4286 818 4329 rem.
867 4277 923 4322 ut
965 4268 1197 4322 debebat
1224 4268 1495 4331 accidere,
1531 4282 1637 4320 non
1671 4281 1787 4319 eant
1820 4272 2052 4319 mentem
2079 4264 2243 4318 habe-

684 4362 796 4421 bat,
827 4374 948 4427 qnae
978 4356 1151 4411 sacris
1178 4357 1376 4411 litteris
1416 4356 1790 4410 absconditam
1829 4353 2245 4422 divinatquein-

686 4450 996 4518 telligcntiar
1029 4448 1444 4503 convenientem
1500 4447 1827 4501 sententiam
1881 4455 2023 4500 recte
2067 4450 2247 4513 posset

2336 3259 2553 3328 πρῶτον
2588 3260 2935 3329 ἐνθυμηθεὶς,
2968 3262 3042 3324 ὡς
3071 3262 3171 3315 ὃσα
3204 3262 3312 3314 τῶν
3341 3263 3537 3331 λογίων
3572 3262 3782 3334 ἐλέγχει
3806 3264 3903 3333 τὴν

2335 3348 2430 3400 τοῦ
2469 3347 2713 3419 Μωάμεθ
2766 3350 2981 3418 πλάνην
3036 3352 3171 3404 αὐτὸ
3230 3352 3387 3405 τοῦτο
3444 3348 3654 3422 πλάνην
3710 3353 3901 3418 οὖσαν,

2339 3440 2592 3509 εὕρηται,
2622 3441 2717 3493 καὶ
2739 3442 3025 3507 τέτακται,
3052 3443 3145 3495 καὶ
3170 3443 3519 3512 ἀπήγγελται
3543 3444 3621 3514 (5)
3660 3445 3903 3515 κοσμίως

2338 3533 2450 3594 τοῖς
2476 3530 2597 3583 κατ’
2628 3531 2795 3585 αὑτοῦ
2826 3533 3187 3602 γεγραφόσιν.
3216 3533 3431 3587 Ἔπειθ’
3459 3535 3561 3601 ὅτι,
3594 3534 3799 3607 καίπερ
3831 3535 3907 3591 ὣν

2339 3627 2433 3679 καὶ
2460 3624 2813 3694 νομιζόμενος
2866 3626 3042 3695 μέγας
3071 3627 3101 3678 ὀ
3131 3625 3312 3695 γέρων
3357 3629 3415 3679 ὲν
3444 3630 3555 3689 τοῖς
3587 3629 3707 3681 κατ’
3743 3629 3905 3682 αύτῦν

2341 3718 2567 3783 ἅπασιν,
2601 3717 2703 3769 ὅσα
2732 3734 2795 3785 γε
2830 3719 2911 3780 είς
2941 3716 3131 3785 λόγους
3168 3718 3263 3770 καὶ
3296 3719 3491 3787 σοφίαν
3519 3718 3618 3788 τὴν
3652 3721 3775 3772 κατ’
3807 3721 3905 3772 αύ-

2340 3811 2484 3874 τοὺς,
2518 3809 2794 3879 βάρϐαρος
2841 3811 2989 3879 ὅμως
3038 3806 3129 3881 ἦν·
3172 3811 3263 3863 ὅτε
3318 3813 3409 3863 καὶ
3450 3812 3509 3863 τὸ
3554 3812 3711 3879 γένος
3761 3813 3910 3881 αὐτῷ

2345 3902 2513 3967 ἅπαν,
2542 3902 2636 3954 καὶ
2668 3904 2701 3970 ὴ
2731 3903 2907 3971 φωνή.
2948 3904 3059 3955 Καὶ
3087 3898 3233 3972 εἶχεν
3264 3903 3329 3956 ἂν
3358 3903 3583 3963 εἰκότως
3617 3904 3706 3956 διὰ
3739 3905 3911 3957 ταῦτα

2342 3994 2435 4045 τὸν
2472 3992 2590 4045 νοῦν
2632 3994 2731 4061 οὐχ
2761 3987 2873 4045 οἷον
2913 3993 3204 4061 ἐφικέσθαι
3237 3994 3419 4056 καλῶς
3463 3994 3726 4048 δύνασθαι
3776 3997 3913 4065 προς

2346 4087 2443 4145 τὴν
2482 4088 2951 4157 έγκεκρυμμένην
2992 4090 3106 4149 τοῖς
3147 4088 3442 4159 γράμμασι
3491 4089 3768 4160 θεοπρεπῆ
3799 4092 3914 4143 διά-

2348 4193 2517 4230 νοιαν⁸
2550 4176 2668 4228 ἀνθ’
2711 4170 2786 4229 ὧν
2817 4178 2913 4245 οὐχ
2946 4176 3024 4239 ὡς
3057 4178 3246 4246 ἐχρῆν,
3289 4178 3655 4246 διειλέγμεθα,
3695 4181 3813 4233 ἀλλ’
3840 4183 3914 4244 ὡς

2349 4260 2459 4328 οἷός
2487 4267 2533 4317 τ’
2563 4258 2631 4334 ἦν
2678 4266 2883 4325 ἐκεῖνος
2929 4265 3183 4334 δέχεσθαι
3223 4268 3292 4318 τὰ
3330 4268 3622 4335 λεγόμενα.
3654 4270 3765 4321 Καὶ
3805 4271 3913 4339 γάρ

2326 4357 2442 4408 ικαὶ
2460 4356 2721 4426 ἑρμηνεῖς
2739 4358 2869 4426 ἡμίν
2889 4359 3013 4419 τοὺς
3034 4358 3225 4424 λόγους
3240 4358 3739 4427 διαπορθμεύοντες
3753 4357 3913 4431 ἦσαν·

2352 4446 2380 4499 ὃ
2405 4446 2665 4510 πολλάκις
2699 4446 3011 4516 βουλομένῳ
3061 4465 3152 4517 μοι
3178 4449 3360 4516 λέγειν
3410 4449 3483 4519 μὴ
3520 4452 3695 4519 πάντη
3729 4455 3916 4518 γήϊνον

685 4542 941 4613 assequi:
982 4540 1164 4610 itaque
1199 4554 1306 4593 non
1340 4547 1398 4593 ut
1442 4539 1751 4608 oportebat,
1794 4540 1889 4592 sed
1932 4546 1989 4592 ut
2024 4552 2087 4592 ea
2128 4553 2236 4606 qua

2307 4543 2328 4594 >
2358 4539 2493 4609 μηδὲ
2514 4541 2823 4610 χαμερπὲς,
2848 4540 2985 4593 ἀλλά
3006 4541 3383 4610 γενναιότερον
3399 4558 3451 4593 τι
3480 4543 3572 4594 καὶ
3590 4543 3919 4612 ὑψηλότερον

686 4634 1031 4700 dicebantur,
1069 4632 1368 4701 intelligere
1392 4641 1620 4701 poterat,
1663 4630 2042 4684 disseruimus.
2079 4628 2252 4683 Erant

685 4724 850 4777 etiam
880 4724 1216 4789 interpretes,
1251 4724 1345 4790 qui
1370 4736 1651 4777 sermones
1672 4730 1887 4776 nostros
1910 4720 2054 4775 ultro
2079 4720 2253 4775 citro-

690 4830 799 4884 que
838 4814 1270 4868 transntitterent
1293 4829 1308 4865 :
1332 4828 1453 4883 quae
1474 4828 1560 4868 res
1586 4813 1785 4867 volenti
1815 4812 1951 4866 mihi
1983 4826 2124 4881 saepe
2153 4812 2255 4865 ali—

692 4910 822 4980 quid
848 4922 959 4962 non
982 4907 1204 4961 omnino
1224 4915 1499 4960 terrenum
1526 4919 1703 4974 neque
1723 4905 2018 4974 abjectum,
2036 4904 2128 4958 sed
2155 4918 2254 4958 no-

693 5002 856 5056 bilius
880 5009 931 5054 et
966 4998 1255 5054 sublimius
1282 4997 1465 5067 eloqui
1495 4996 1643 5066 (nam
1666 5010 1787 5065 qua:
1810 5002 2135 5049 venerantes
2163 5009 2255 5048 co-

691 5094 877 5159 limus,
908 5108 968 5145 ea
998 5099 1127 5147 sunt
1151 5089 1485 5159 huiusmodi)
1513 5090 1739 5144 obstare
1756 5087 1958 5157 ubique
1979 5096 2032 5140 et
2055 5087 2248 5140 adver-

688 5187 797 5242 sari
829 5184 1112 5240 videbatur
1142 5202 1157 5239 :
1186 5181 1627 5253 Qttanquuidetn
1651 5182 1733 5237 bis
1765 5190 1821 5235 et
1843 5190 1931 5235 ter
1950 5180 2141 5235 eadem
2173 5178 2255 5235 di-

692 5293 816 5333 cere
845 5277 1151 5347 oportcbat,
1183 5284 1243 5330 ut
1280 5275 1557 5335 intellectu
1601 5273 1844 5327 faciliora
1878 5274 2090 5329 tierent.
2118 5271 2256 5327 Pru-

695 5380 874 5439 pterca
905 5369 960 5425 in
994 5370 1204 5431 multis.
1234 5369 1323 5424 ubi
1359 5383 1643 5425 sacrarum
1675 5366 2088 5436 Seripturarum
2117 5380 2257 5433 opus

695 5470 812 5519 erat
856 5462 1121 5529 subsidio,
1164 5470 1388 5518 coactus
1441 5478 1561 5518 sum
1596 5460 1798 5524 nudus,
1835 5471 1895 5515 ut
1932 5461 2002 5515 ita
2034 5461 2245 5529 loquar,

767 5673 844 5743 (ί)
881 5672 1090 5726 Homer.
1122 5673 1271 5727 Iliad.
1306 5674 1372 5727 Α.
1404 5672 1529 5726 157.

766 5746 847 5807 (il
880 5743 1019 5796 Cod.
1043 5743 1271 5813 Coislin.
1301 5744 1601 5813 θεομισεῖς.

767 5815 843 5883 (5)
886 5814 1141 5870 Alludere
1181 5812 1497 5870 videtur'ad
1551 5825 1662 5870 tres
1689 5814 1822 5880 {illas
1867 5817 2078 5885 priores
2130 5812 2255 5869 Elo-

2350 4631 2594 4699 (τοιαῦτα
2632 4631 2801 4702 γάρά
2837 4633 3261 4702 πρεσϐεύομεν),
3288 4634 3541 4702 ἐμποδὼν
3573 4637 3825 4703 ἐφαίνετό
3862 4655 3915 4689 τε

2353 4723 2603 4790 πανταχῆ
2632 4723 2728 4777 καί⁵
2757 4724 3112 4791 προσίστατοο
3147 4726 3229 4787 δὶς
3259 4729 3373 4795 γάρ
3394 4726 3500 4778 ἔδει
3526 4728 3619 4780 καὶ
3653 4729 3783 4795 τρὶς
3801 4733 3920 4781 ταὺ-

2352 4815 2422 4865 τὰ
2441 4813 2516 4880 (4)
2536 4814 2737 4880 λέγειν,
2758 4814 2825 4867 ἶν’
2842 4814 3086 4883 εύληπτα
3107 4818 3338 4883 γένοιτο.
3355 4820 3451 4871 Διά
3467 4819 3529 4887 δὴ
3549 4819 3722 4871 ταῦτα
3743 4823 3798 4873 ὲν
3822 4825 3918 4875 οὐκ

2354 4894 2577 4972 ὀλίγοις,
2594 4902 2674 4967 οἷς
2691 4906 2795 4959 ἔδει
2811 4906 2908 4975 τῆς
2932 4907 3038 4960 ἀπὸ
3053 4909 3152 4976 τῆς
3170 4911 3385 4978 γραφῆς
3406 4913 3743 4979 συμμαχίας,
3762 4915 3919 4974 αὐτὸς

2354 4996 2530 5065 ψιλὸς,
2556 4998 2631 5059 ὡς
2662 4998 2859 5061 εἰπεῖν,
2886 5000 2982 5067 τῆς
3009 4999 3116 5051 ἀπὸ
3141 5001 3251 5051 τῶν
3277 5001 3473 5069 λογίων
3499 5003 3671 5072 ῥοπῆς
3705 5007 3923 5057 καὶτῶν

2356 5090 2565 5143 ἐκεῖθεν
2589 5090 2769 5143 ὃπλων
2801 5092 3194 5162 συμπλακῆναι
3218 5094 3600 5163 ἠνάγκασμαι,
3637 5096 3923 5165 λογισμοῖς

2357 5180 2401 5234 δ’
2433 5183 2552 5236 ἀντὶ
2609 5182 2799 5236 τούτου
2858 5183 2960 5238 καὶ
2998 5186 3466 5255 παραδείγμασιν,
3489 5187 3563 5249 ὡς
3616 5187 3683 5239 τά
3730 5189 3921 5250 πολλὰ,

2360 5275 2598 5344 χρῆσθαι
2629 5276 3031 5346 διαλεγόμενος,
3075 5278 3171 5330 καὶ
3205 5278 3420 5339 τούτοις
3466 5278 3830 5348 καταλλήλοις
3862 5282 3924 5347 τῇ

2361 5368 2471 5421 τῶν
2500 5368 2805 5421 ἀκουόντων
2836 5370 3003 5438 ἰσχύϊ.
3034 5371 3239 5441 Πολλὴν
3275 5372 3371 5439 μὲν
3392 5366 3487 5424 οὖν
3520 5390 3610 5441 μοι
3644 5370 3804 5425 τοῦτο
3833 5373 3927 5440 τὴν

2360 5462 2565 5531 ζημὶαν
2591 5458 2986 5532 προύξένησεν,
3010 5462 3210 5531 ἢνεγκε
3240 5461 3284 5515 δ’
3311 5458 3407 5515 οὖν
3433 5481 3484 5515 τι
3514 5466 3609 5515 καὶ
3637 5467 3927 5532 χρήσιμον.

2370 5669 2604 5752 quentiae
2633 5679 2847 5741 partes:
2874 5669 3266 5736 inventionem,
3287 5670 3719 5742 dispositionem,
3752 5672 3932 5726 elocu—

2370 5752 2596 5795 tlnnem.

2438 5814 2514 5885 (4)
2546 5813 2713 5870 Codd.
2750 5812 2933 5879 ambo,
2966 5810 3159 5865 ταῦτα.
