4202 6444
261 455 362 522 I33

1281 457 1403 515 DlA
1415 455 1554 514 Ι.Οὸ
1570 455 1664 514 US
1699 457 1856 516 CUM
1895 453 2165 515 MOHAM
2180 452 2446 512 ΕΤΑΝΟ.

3405 449 3504 517 134

255 570 481 623 Δύναιτο
513 569 620 638 γὰρ
668 567 732 620 ἄν
779 585 882 630 τις,
932 564 1104 636 οἶμαι,
1145 568 1343 638 ῥαδίως
1383 569 1694 637 μεμνῆσθαι
1732 572 1825 621 καὶ
1854 578 1898 632 Α

1854 578 1898 632 Α
1929 570 2276 622 oraculorum
2312 568 2515 620 aus-ilio
2539 575 2592 621 et
2620 569 2806 630 armis.
2847 583 2967 636 quae
3003 568 3126 624 inde
3156 572 3363 626 assumi
3400 588 3493 642 p0-

256 663 427 724 )όγων
463 661 684 712 ἐκείνων
717 661 946 728 ἄπειρος
989 661 1085 725 ὢν,
1131 656 1210 722 οἷς
1259 678 1320 728 γε
1372 662 1506 729 πρὸς
1552 661 1818 730 ἀλλήλους

255 753 635 823 ἐχρησάμεθα,
667 753 760 805 καὶ
807 753 1045 823 χρῆσθαι
1090 753 1303 817 τούτοις
1350 753 1550 824 δεῆσαν
1590 754 1815 821 εὐχερέ-

256 846 448 912 στερόν
492 863 552 898 τε
598 847 693 899 καὶ
735 846 1180 915 προχειρότερον,
1214 847 1246 916 ἦ
1287 849 1403 906 ταῖς
1451 847 1557 898 τῶν
1590 845 1820 912 Γραφῶν

254 940 566 1008 gemam.
596 941 722 1001 Τοῖς
748 940 857 1008 γὰρ
885 940 992 991 ἀπὸ
1019 940 1226 992 τούτων
1252 938 1446 999 τελέως
1476 938 1820 1004 διαλέγεσθαι

257 1029 496 1096 θέλουσι,
522 1032 602 1083 δεῖ
639 1032 736 1100 μέν
769 1031 948 1093 καλῶς
985 1033 1200 1092 ἐκείνας
1236 1031 1623 1100 ἐξησκηκέναι,
1657 1029 1734 1082 δει
1767 1029 1822 1081 δέ

257 1125 472 1191 φρενῶν
503 1123 795 1190 όξυτέρων,
824 1124 903 1175 δεῖ
937 1123 993 1174 δὲ
1029 1123 1205 1194 ῥοπῆς
1230 1122 1536 1189 θειοτέρας,
1565 1121 1600 1174 ἃ
1631 1122 1819 1174 συνελ-

257 1213 372 1265 θεῖν
404 1214 523 1265 κατ’
552 1213 683 1265 αὐτὸ
726 1213 984 1282 χαλεπόν.
1019 1212 1206 1266 Ταῦτα
1240 1212 1339 1282 μὲν
1374 1212 1490 1273 οὖν,
1518 1207 1562 1264 ὥ
1591 1212 1818 1282 φιλτάτη

256 1305 492 1372 κεφαλὴ,
520 1304 712 1373 ὥσπερ
742 1305 864 1356 τινὰ
908 1306 1150 1374 κρηπῖδα
1189 1303 1268 1374 τῷ
1309 1304 1456 1372 λόγῳ
1497 1304 1608 1356 δεῖν
1637 1303 1821 1373 ᾠήθην

257 1394 687 1462 προῦποθέσθαι,
717 1394 784 1446 ἶν’
816 1395 962 1463 ἐχοις
996 1396 1124 1464 ῥᾷον
1158 1395 1256 1462 τὴν
1284 1393 1397 1446 τόθ’
1425 1392 1580 1462 ἡμῶν
1614 1395 1821 1462 συμϐᾶ-

256 1502 357 1536 σαν
389 1485 622 1550 διάλεξιν
660 1484 1042 1554 ἐκλαμϐάνειν,
1076 1485 1196 1554 ἥτις
1225 1479 1328 1537 ὧδέ
1353 1501 1466 1545 πως
1502 1484 1676 1552 ἔσχεν.

1926 664 2177 724 luissem,
2246 661 2558 729 coalligere,
2599 671 2761 732 atque
2818 663 2981 732 hujus
3033 673 3321 719 armatura:
3368 666 3491 720 loco

1927 753 2440 809 ratiocinationibus
2471 756 2526 809 in
2555 754 2915 824 Colloquendo
2947 754 3268 824 plerumque
3306 756 3402 821 uti,
3430 768 3487 811 et

1925 847 2213 914 exemplis,
2245 848 2419 916 iisque
2450 848 2514 901 ad
2545 847 2880 903 audientium
2922 859 3144 918 captum
3179 862 3489 902 accommo-

1925 935 2088 990 datis.
2116 935 2168 988 ld
2203 935 2332 988 mihi
2374 951 2624 1005 magnum
2660 937 2880 1006 quidem
2934 938 3219 1005 damnum,
3253 939 3487 1008 aliquam

1929 1042 2058 1082 vero
2091 1028 2256 1081 etiam
2309 1029 2594 1082 utilitatem
2646 1030 2847 1084 attulit.
2907 1030 3356 1101 Quandoquidem
3409 1035 3493 1087 vel

1931 1119 2214 1187 imperitus
2242 1120 2514 1188 quispiam
2543 1120 2782 1184 illorum,
2818 1136 2956 1190 quos
2987 1122 3217 1176 invicem
3251 1125 3494 1177 contuli-

1931 1225 2076 1271 mus.
2129 1210 2447 1265 meminisse
2493 1211 2669 1279 possit
2725 1226 3070 1276 sermonum,
3111 1212 3312 1282 iisque,
3366 1229 3492 1268 cum

1929 1301 2254 1369 oportuerit,
2277 1302 2494 1356 facilius
2525 1301 2942 1371 promptiusque
2969 1303 3071 1370 uti,
3096 1319 3256 1372 quam
3281 1319 3311 1359 e
3333 1319 3492 1360 sacra

1931 1390 2215 1460 Scriptura
2251 1397 2435 1465 petitis
2471 1396 2826 1466 argumentis.
2860 1396 2964 1460 Qui
2999 1397 3145 1451 enim
3186 1396 3400 1451 divinos
3431 1396 3495 1450 li-

1932 1485 2057 1540 bros
2100 1487 2156 1541 in
2199 1487 2516 1546 disserendo
2561 1498 2707 1544 recte
2753 1491 3013 1544 adhibere
3042 1489 3230 1552 velint,
3262 1489 3326 1542 iis
3367 1503 3491 1540 cum

254 1576 513 1642 praeclara
537 1577 750 1631 illorum
781 1577 1194 1641 exercitatione,
1212 1586 1320 1628 tum
1348 1576 1616 1630 subtiliori
1641 1586 1818 1631 mente
1856 1589 1908 1633 et
1939 1580 2208 1633 diviniore
2240 1581 2552 1649 adjumento
2580 1593 2662 1637 est
2691 1597 2830 1650 opus
2866 1599 2879 1636 :
2913 1597 3032 1650 qua:
3098 1589 3247 1636 certe
3309 1579 3490 1632 omnia

253 1670 308 1720 in
343 1683 511 1721 unum
539 1677 591 1722 et
631 1668 772 1722 idem
800 1667 1013 1723 dilllcile
1044 1677 1128 1721 est
1156 1666 1470 1720 convenire.
1507 1665 1706 1730 Habes,
1744 1668 1815 1720 mi
1857 1668 2057 1737 Optime
2125 1669 2312 1735 frater,
2364 1685 2488 1739 qua:
2558 1669 2713 1739 quasi
2771 1669 3019 1737 qua-dam
3064 1667 3248 1735 operis
3297 1665 3489 1722 funda-

253 1769 434 1812 menta
466 1759 839 1827 praestruenda
871 1773 989 1812 esse
1029 1757 1360 1822 existimavi.
1401 1769 1458 1811 ut
1487 1756 1688 1812 factum
1717 1767 1842 1815 tunc
1882 1761 2020 1816 inter
2049 1776 2148 1816 nos
2188 1762 2403 1819 facilius
2433 1763 2613 1833 possis
2649 1776 2956 1817 sermonem
3011 1759 3335 1829 intelligere,
3397 1769 3494 1825 qu}

251 1849 353 1902 hoc
377 1850 490 1904 fere
515 1848 676 1904 modo
705 1864 763 1904 se
795 1849 1002 1917 habuit,

3339 2056 3471 2077 να..

268 2058 3338 2085 W

1282 2226 1877 2319 DIALOGUS
1974 2225 2460 2313 PRIMUS.

1436 2421 1521 2481 De
1555 2418 1808 2496 Angelis
1841 2425 1902 2480 et
1937 2414 2299 2478 Animabus.

1998 2741 2050 2793 l.
2086 2736 2351 2792 Sedebam
2378 2736 2445 2791 ad
2476 2735 2654 2791 focum
2680 2742 2804 2806 post
2843 2750 3078 2800 cmnam,
3118 2734 3366 2805 idemque
3391 2749 3492 2806 pro

1925 2846 2075 2884 more
2119 2829 2349 2884 faciebat
2391 2843 2577 2890 senex,
2615 2843 2722 2881 una
2756 2844 2879 2882 cum
2926 2829 3049 2882 aliis
3077 2842 3142 2883 ex
3185 2838 3374 2883 nostro
3397 2845 3488 2882 εον

320 2757 391 2806 α’.
441 2747 755 2816 Ἐκαθήμην
791 2747 927 2816 μετὰ
964 2746 1175 2799 δεῖπνον
1211 2741 1347 2810 πρὸς
1388 2742 1452 2810 τῇ
1503 2739 1673 2810 πυρᾷ,
1728 2739 1820 2790 καί
1855 2747 1893 2798 Β

241 2842 444 2894 ταυτὸν
472 2843 498 2891 ὁ
545 2839 723 2906 γέρων
771 2837 1042 2894 εἰωθότως
1085 2832 1281 2894 ἐποίει,
1326 2830 1510 2892 ἄλλοις
1543 2831 1658 2898 ἅμα
1709 2829 1817 2880 τῶν

241 2935 558 3003 ἡμετέρων,
587 2933 683 2983 καὶ
727 2932 839 2992 τοῖς
886 2928 1050 2981 αὐτοῦ
1085 2926 1293 2979 παισὶψ
1327 2921 1466 2995 ἦσαν
1496 2924 1604 2990 γάρ
1645 2924 1692 2974 οἱ
1721 2921 1814 2972 δύο

246 3030 405 3090 υἱεῖς,
437 3025 530 3078 νοῦ
555 3042 613 3076 τε
648 3024 739 3076 καὶ
767 3022 960 3089 σοφίας
997 3020 1342 3090 μετέχοντες,
1363 3017 1458 3068 καὶ
1487 3016 1548 3068 οὐ
1584 3014 1814 3083 σμικρὸν

244 3120 422 3169 ἐνίοτε
474 3115 566 3167 τοῦ
615 3111 889 3182 πατρικοῦ
947 3107 1575 3176 συναντιλαμὸανόμενοι
1632 3104 1812 3170 λόγου.

247 3209 359 3261 Καί
396 3209 485 3276 μοί
531 3223 697 3276 φησιν
723 3207 750 3256 ὁ
776 3203 1111 3272 πρεσϐύτηςο
1141 3201 1205 3252 El
1241 3198 1313 3268 μὴ
1355 3197 1605 3268 μέλλοιμι
1645 3195 1817 3256 δόξειν

189 3343 198 3350 .
244 3302 494 3368 ἐπαχθὴς
533 3301 629 3368 (1),
657 3296 924 3365 δεήσομαί
960 3312 1052 3345 σου
1094 3291 1323 3345 ὀικοῦσαί
1374 3307 1499 3359 μου,
1534 3290 1623 3339 καὶ
1661 3286 1817 3353 λόγον

249 3391 600 3461 μεταδοῦναι,
651 3389 779 3456 περὶ
824 3382 898 3439 ὦν
939 3386 1000 3439 ἂν
1033 3385 1282 3453 ἐροίμην·
1330 3382 1526 3451 σχολὴν
1562 3379 1670 3448 γὰρ
1716 3377 1815 3448 ἤδη

245 3489 425 3552 ἄγεις.
465 3485 643 3552 Ἕφην
689 3480 734 3535 δ’
789 3479 916 3546 ἐγώ·
963 3475 1101 3529 Ἀλλ’
1135 3477 1182 3527 εἰ
1232 3475 1324 3526 καὶ
1377 3474 1450 3542 μὴ
1501 3469 1814 3539 ἐσχόλαζον,

245 3578 424 3646 ἡδέως
455 3578 518 3630 ἄν
554 3592 647 3626 σου
681 3572 1016 3636 ἁκούσαιμιπ
1048 3567 1308 3637 βούλομαι
1339 3567 1444 3635 γάρ
1485 3581 1564 3618 σοι
1592 3562 1816 3633 χαρίζε-

245 3669 395 3720 σθαι.
435 3667 543 3719 Καὶ
573 3665 629 3726 ὃς
663 3664 966 3734 ἀρξάμενος
1001 3661 1105 3730 ἔφη
1127 3671 1145 3689 ⁸

320 3757 384 3828 β’.
417 3759 602 3827 Ἔρως
648 3751 716 3826 ἦν
767 3771 858 3821 μοι
907 3753 1184 3821 διηνεκὴς,
1234 3750 1326 3802 τοῦ
1370 3748 1466 3819 τὴν
1515 3747 1639 3800 καθ’
1671 3748 1814 3817 ὑμᾶς

241 3850 506 3919 λατρείαν
538 3844 842 3908 διδάξοντός
885 3861 950 3910 με
985 3843 1190 3911 τυχεῖν.
1219 3841 1326 3893 Καὶ
1357 3839 1700 3908 Χριστιανῶν
1736 3839 1812 3907 (2)

249 3945 352 4011 μὲν
381 3941 590 3992 οὐδέσιν
619 3935 954 3990 οὐδεπώποτ’
978 3934 1246 4001 ἐνέτυχον,
1276 3931 1326 3983 οἶ
1351 3931 1514 3998 λόγου
1545 3948 1603 3982 τε
1637 3933 1813 3999 μετεῖ-

243 4053 364 4103 χον,
399 4033 493 4086 καὶ
532 4033 730 4099 πεῖραν
765 4027 970 4095 ταύτης
1008 4026 1277 4092 τοσαύτην
1328 4019 1494 4092 εἶχον,
1525 4023 1665 4076 ὥστε
1722 4023 1811 4090 μοί

1925 2923 2137 2983 mitatu,
2164 2933 2360 2976 etcum
2395 2921 2507 2975 suis
2536 2920 2694 2975 ﬁliis:
2719 2920 2773 2974 hi
2803 2929 2961 2974 erant
2983 2921 3114 2985 duo,
3151 2921 3372 2992 ingenio
3394 2938 3487 2976 sa‘

1923 3016 2236 3084 pientiaque
2283 3015 2520 3084 praediti,
2559 3028 2662 3067 nec
2716 3029 2907 3082 parum
2955 3015 3244 3084 aliquando
3279 3030 3488 3069 sermo-

1923 3123 2044 3160 nem
2076 3108 2244 3174 patris
2274 3105 2624 3175 adjuvabant.
2657 3103 2794 3158 Tmn
2843 3120 3031 3172 senex,
3075 3106 3188 3160 Nisi
3222 3107 3487 3163 molestus

1922 3213 2041 3254 esse
2071 3199 2277 3261 videar,
2302 3199 2498 3267 inquit,
2531 3207 2580 3252 te
2612 3198 2814 3265 roga'ho
2845 3207 2904 3252 ut
2931 3214 3017 3252 me
3048 3200 3258 3265 audias,
3279 3214 3484 3254 sermo-

1923 3305 2156 3358 nemque
2194 3290 2260 3343 de
2284 3289 2485 3357 quibus
2525 3289 2867 3360 lnterrogaro
2907 3291 3254 3360 impertiare:
3288 3303 3481 3348 nactus

1919 3383 2064 3438 enim
2091 3392 2140 3435 te
2159 3396 2277 3436 sum
2305 3381 2563 3435 otiosum.
2591 3382 2661 3434 At
2681 3381 3037 3450 ego.Etiamsi
3068 3398 3230 3451 quam
3259 3385 3481 3439 minime

1920 3477 2128 3528 Otiosus
2146 3487 2345 3533 essem.
2370 3473 2613 3539 inquam,
2634 3480 2812 3526 tamen
2840 3474 3092 3526 lubenter
3119 3483 3166 3529 te
3194 3473 3440 3528 audirem
3466 3493 3478 3526 :

1923 3581 2020 3621 nec
2045 3565 2340 3636 quidquam
2383 3574 2593 3616 tantum
2624 3564 2809 3632 cupio,
2838 3579 2999 3633 quam
3036 3565 3128 3618 tibi
3161 3566 3480 3636 gratificari.

1920 3656 2073 3711 Thuc
2099 3657 2277 3710 dicere
2317 3670 2545 3711 exorsus
2575 3665 2660 3709 est
2694 3673 2706 3711 :

1987 3749 2044 3802 2.
2080 3748 2324 3816 Semper,
2362 3749 2555 3817 inquit,
2590 3762 2690 3816 ego
2734 3749 2936 3816 optavi,
2973 3756 3029 3802 ut
3065 3749 3117 3802 in
3172 3765 3341 3804 unum
3384 3751 3485 3807 ali-

1917 3860 2077 3914 quem
2106 3843 2533 3909 inciderem,qui
2559 3852 2790 3894 vestram
2830 3857 2915 3895 me
2945 3842 3260 3910 religionem
3291 3845 3484 3901 edoce-

1919 3943 2018 3987 ret.
2063 3933 2271 3988 Etenim
2306 3949 2336 3986 e
2365 3933 2700 3987 Christianis
2747 3933 2967 4001 quidem
3018 3935 3196 3989 nullos
3240 3954 3479 4007 unquam

1920 4026 2117 4094 reperi,
2152 4027 2245 4093 qui
2269 4035 2481 4078 tantum
2515 4025 2738 4094 ingenii,
2779 4037 3094 4098 tantamque
3128 4047 3240 4085 sua:
3266 4033 3482 4100 religio-

243 4099 300 4178 τι
329 4126 522 4191 σαφὲς,
555 4123 648 4175 καὶ
678 4116 790 4173 οἷον
817 4120 882 4173 ἂν
919 4120 1233 4187 βουλοίμην,
1267 4116 1528 4168 δύνασθαι
1559 4116 1810 4183 φρᾶζειν.
1844 4099 1885 4155 C

1844 4099 1885 4155 (ἶ
1918 4117 2003 4170 nis
2032 4115 2275 4185 peritiam
2313 4117 2594 4180 haberent,
2649 4127 2707 4170 ut
2745 4117 2807 4171 de
2850 4119 2938 4171 illa
2974 4121 3106 4173 mihi
3138 4123 3345 4182 clarum
3370 4099 3472 4178 fali-

246 4217 477 4287 Περσῶν
533 4215 613 4279 δέ,
661 4214 754 4264 καὶ
793 4211 1064 4279 Ἀράῆων,
1115 4215 1207 4261 καὶ
1256 4203 1537 4276 Τούρκων,
1572 4207 1620 4260 οἳ
1662 4207 1812 4275 παρὰ

242 4310 352 4360 τῶν
376 4307 682 4375 ὑμετέρων,
705 4305 777 4365 ὼς
802 4303 1009 4371 ἔλεγον,
1029 4301 1382 4370 ἐδιδάχθησαν
1405 4299 1441 4353 ἃ
1460 4298 1808 4369 πρεσϐεύετε,

244 4397 464 4449 πολλῶν
517 4395 689 4448 πολλὰ
737 4393 1002 4460 λεγόντων
1049 4393 1281 4459 ἀκήκοαο
1319 4386 1398 4452 οἷς
1433 4391 1491 4440 οὐ
1540 4389 1681 4441 πάνυ
1729 4404 1808 4440 τοι

241 4487 525 4542 πιστεύειν
549 4487 756 4553 ἠξίουν·
779 4485 940 4536 τοῦτο
977 4483 1095 4552 μέν,
1122 4482 1193 4544 ὡς
1230 4483 1474 4542 ἐναντίας
1501 4477 1656 4533 οὖσιν
1683 4480 1810 4548 ύμῖν

241 4582 570 4653 θρησκεέας,
619 4579 778 4630 τοῦτο
806 4579 849 4629 δ’
884 4576 960 4639 ὡς
1004 4575 1356 4643 διαφωνοῦσι,
1392 4575 1486 4628 καὶ
1523 4573 1597 4643 μὴ
1639 4572 1809 4625 ταυτὰ

241 4679 519 4741 λέγουσιν.
557 4670 749 4742 ΙἈλλος
778 4669 885 4739 γὰρ
914 4669 1041 4721 ἄλλο
1067 4684 1120 4719 τι
1146 4668 1275 4737 περὶ
1306 4666 1401 4718 τοῦ
1433 4665 1601 4717 αὑτοῦ
1631 4667 1810 4734 πράγ-

245 4784 418 4835 ματος
447 4763 745 4832 ἀκηκοέναι
779 4759 1161 4828 διῖσχυρίζετο·
1196 4759 1396 4819 πάντες
1431 4758 1487 4810 δέ
1524 4757 1808 4808 παντάπα-

245 4878 330 4911 σιν
390 4857 640 4924 ἀλλήλοις
695 4851 990 4921 ἀσύμϐατα
1045 4853 1251 4917 ελεγον.
1320 4849 1462 4900 Ἀλλ’
1518 4848 1616 4917 ήδη
1670 4848 1806 4918 τύχῃ

242 4950 426 5019 ἀγαθῇ
471 4946 715 5016 τοιούτου
763 4943 916 5009 ξένου
959 4959 1050 4995 σου
1097 4939 1301 5010 τυχὼν,
1338 4941 1541 5007 σφόδρα
1588 4938 1807 5000 εὔελπίς

243 5046 386 5110 εἰμι,
433 5039 526 5091 νῦν
581 5035 714 5105 γοῦν
765 5035 973 5086 ἐκείνου
1029 5033 1338 5096 τεύξεσθαι,
1393 5023 1566 5100 οὗπερ
1601 5030 1808 5082 ἄνωθεν

240 5140 415 5206 ἥρων.
446 5133 611 5186 Ὀθεν
654 5129 717 5200 δὴ
770 5129 864 5180 καὶ
914 5127 1105 5196 δέομαί
1156 5144 1248 5178 σου
1302 5125 1376 5195 μὴ
1427 5126 1524 5194 τῆς
1570 5124 1807 5193 ἐφέσεως

240 5227 538 5298 ἁμαρτεῖν,
579 5222 714 5292 μηδέ
755 5220 863 5273 τῶν
896 5220 1126 5271 ἐλπίδων
1175 5217 1500 5286 ψευσθῆναι,
1537 5217 1672 5268 ἀλλὰ
1705 5235 1805 5268 xa-

239 5320 424 5392 Οαρῶς
459 5315 688 5369 ἀκοῦσαι
739 5313 888 5384 παρὰ
931 5312 1024 5365 σοῦ
1071 5311 1231 5364 πάνθ’
1263 5310 1298 5363 ἅ
1345 5313 1615 5381 φρονεῖτε·
1648 5311 1804 5378 κάγὼ

234 5417 294 5465 δέ
328 5412 640 5481 βουλομένῳ
672 5424 754 5460 σοι
781 5407 937 5460 πάντ’
963 5405 1069 5474 ἐρῶ
1095 5406 1162 5456 τὰ
1185 5407 1452 5474 ἡμέτερα,
1478 5403 1512 5458 a
1545 5405 1684 5457 δοκῶ
1715 5424 1804 5474 μοι
1841 5424 1884 5480 ο

237 5503 422 5563 καλῶς
459 5502 678 5554 εἰδέναι.
723 5498 1024 5567 Ἐνδεχεται
1071 5496 1126 5550 δέ
1177 5513 1259 5548 σοι
1304 5496 1493 5564 μισθὸν
1544 5498 1799 5564 γενέσθαι

235 5594 349 5645 τῶν
387 5584 588 5650 πόνων,
618 5582 728 5640 οἷον
760 5587 825 5638 ἂν
855 5585 1016 5645 αὐτὸς
1044 5581 1247 5648 εὔξαιο.
1277 5584 1335 5635 Et
1365 5583 1472 5651 γὰρ
1506 5582 1568 5650 δὴ
1599 5583 1667 5633 τὰ
1698 5600 1803 5633 πα-

241 5686 312 5752 ρὰ
361 5681 454 5736 σοῦ
505 5679 881 5750 λεχθησόμενα
927 5677 1186 5744 ἀληθείας
1246 5675 1478 5743 ἐχόμενα
1529 5675 1802 5741 φανεῖται,

321 5866 398 5936 (1)
427 5864 561 5920 Cod.
589 5863 751 5919 Coisl.
787 5862 1069 5931 ἐπαχθεῖς.

1915 4209 2066 4278 quid,
2093 4209 2252 4278 quale
2273 4209 2486 4271 vellem,
2503 4209 2682 4278 eloqui
2708 4219 2951 4278 possent.
2969 4210 3130 4266 Plura
3156 4230 3284 4270 vero
3309 4231 3338 4270 e
3359 4217 3478 4285 plu-

1917 4301 2068 4355 ribus
2086 4302 2290 4365 Persis,
2320 4303 2610 4364 Arabibus,
2638 4301 2939 4372 Turcisque
2960 4305 3164 4370 audivi,
3187 4309 3334 4377 quia
3359 4327 3479 4367 ves-

1916 4395 2035 4455 tris,
2057 4403 2112 4446 ut
2143 4393 2381 4457 aiebant,
2412 4394 2689 4463 religionis
2724 4405 2918 4449 vestra:
2959 4397 3138 4466 capita
3169 4399 3478 4470 placitaque

1912 4487 2086 4538 edocti
2111 4485 2321 4539 fuerant
2343 4486 2581 4558 {quibus
2603 4493 2784 4540 tamen
2815 4503 2918 4539 non
2951 4489 3110 4556 plane
3134 4491 3356 4546 credere
3385 4507 3477 4548 vo-

1912 4579 2089 4633 lebam
2115 4595 2128 4631 :
2152 4587 2264 4631 tum
2301 4574 2428 4646 quia
2462 4579 2792 4630 contrariam
2816 4590 3012 4634 vestra:
3045 4581 3355 4650 religionem
3383 4601 3475 4638 co-

1912 4670 2050 4735 lunt,
2093 4679 2205 4723 tum
2234 4669 2359 4736 quia
2386 4669 2527 4724 inter
2562 4683 2620 4722 se
2644 4668 2998 4735 dissentiunt,
3029 4686 3127 4724 nec
3159 4674 3346 4726 eadem
3385 4676 3474 4728 di-

1912 4768 2062 4812 cunt.
2099 4755 2232 4810 Nam
2267 4757 2407 4810 alius
2433 4756 2577 4809 aliud
2597 4759 2782 4811 eadem
2810 4759 2876 4811 de
2904 4774 2959 4814 re
2995 4762 3213 4817 audisse
3246 4779 3304 4816 se
3334 4765 3474 4817 allir-

1910 4855 2124 4906 mabat:
2157 4866 2347 4904 omnes
2376 4861 2556 4903 autem
2588 4865 2649 4903 ea
2682 4849 2962 4918 dicebant,
2992 4868 3110 4922 quae
3142 4854 3281 4908 inter
3304 4871 3362 4910 se
3388 4858 3472 4909 in-

1911 4946 2080 4998 vicem
2104 4944 2328 4996 omniuo
2352 4944 2628 4998 cohaerere
2655 4959 2761 4996 non
2783 4954 3026 5013 possent.
3050 4946 3153 5000 Sed
3175 4946 3472 5017 jam,quod

1914 5037 2037 5089 felix
2066 5036 2418 5103 faustumque
2444 5039 2534 5096 sit,
2555 5036 2714 5088 talem
2743 5045 2792 5088 te
2817 5035 3085 5105 hospitem
3110 5049 3301 5092 nactus
3325 5040 3473 5092 valde

1911 5142 2069 5195 Spero
2106 5127 2243 5190 fore,
2275 5137 2331 5179 ut
2355 5128 2631 5195 quml,jam
2662 5129 2867 5196 pridem
2896 5130 3294 5194 desiderabam,
3327 5148 3470 5186 nunc

1911 5231 2057 5271 certe
2116 5233 2439 5284 consequar.
2477 5219 2626 5274 Unde
2686 5221 2938 5285 obsecro,
2989 5231 3048 5274 ut
3093 5226 3200 5276 voti
3250 5239 3471 5293 compos

1914 5311 2056 5372 liam,
2091 5322 2266 5376 neque
2299 5323 2413 5360 mea
2456 5323 2540 5361 me
2580 5325 2702 5378 spes
2722 5311 2890 5372 fallat.
2917 5314 3010 5366 sed
3045 5323 3097 5365 et
3123 5330 3241 5382 qua:
3266 5315 3472 5369 sentia-

1913 5403 2001 5462 tis,
2036 5415 2065 5452 a
2094 5410 2144 5453 te
2193 5400 2416 5453 omnino
2445 5401 2650 5469 liquido
2681 5405 2937 5458 audiam:
2971 5407 3100 5473 quin
3137 5422 3237 5477 ego
3278 5408 3394 5473 tibi,
3423 5410 3469 5464 si

1912 5492 2127 5560 quidem
2165 5491 2318 5554 velis,
2351 5494 2530 5544 omnia
2574 5503 2758 5549 nostra
2802 5496 3052 5566 eloquar,
3090 5514 3211 5568 qua:
3246 5499 3470 5568 pulchue

1912 5584 2042 5636 mihi
2068 5583 2254 5635 videor
2289 5584 2449 5637 scire.
2489 5583 2551 5635 Et
2583 5596 2759 5652 potest
2791 5587 2930 5654 fieri,
2985 5597 3044 5643 ut
3085 5606 3246 5659 quam
3283 5591 3468 5658 utique

1911 5683 2149 5742 optares,
2177 5689 2296 5728 eam
2335 5675 2535 5729 laboris
2581 5677 2658 5731 tui
2694 5682 2998 5736 mercedem
3038 5681 3202 5738 feras.
3237 5681 3293 5737 Si
3320 5685 3468 5739 enim

1990 5866 2061 5932 β.)
2107 5861 2238 5916 Cod.
2279 5862 2439 5918 Coisl.
2473 5865 2836 5934 Χριστιανὺῖς·
