4202 6444
221 452 328 522 137

1215 447 1600 508 DIALOGUS
1640 443 1665 502 Ι
1708 441 1862 502 ωλι
1907 440 2473 502 MOHAMETANO.
3367 429 3467 494 133

214 567 604 656 γεγραμμέναι
637 564 769 636 παρ’
800 559 933 633 ἡμῖν
965 558 1124 615 οὖσαι
1169 562 1552 630 τυγχάνουσιν,
1585 555 1786 627 ἡμετέ-

1913 556 2180 619 ιαὺθηιητ,
2206 571 2232 608 a
2266 556 2466 610 nostris
2503 552 2890 620 interpretibus
2917 549 3189 604 translati.
3220 548 3314 603 Vis
3355 549 3460 605 iui-

216 681 333 735 ροις
373 650 704 730 ἑρμηνεῦσιν
746 656 1186 727 ἀντιγραφεϊσαι.
1236 652 1426 705 Βούλει
1466 650 1580 713 οὖν,
1627 652 1788 718 ἔφην,

215 754 371 822 ἅπερ
386 750 629 817 λέγουσι,
662 749 945 816 στέργεινς
982 744 1112 808 Ναὶ,
1160 743 1332 814 φησί·
1376 741 1494 802 πῶς
1539 742 1650 810 γὰρ
1684 739 1745 792 οὑ
1775 757 1789 805 ;

214 845 309 898 ὅτε
336 843 430 896 καὶ
458 842 515 895 τὺ
545 840 878 907 Εὑαγγέλιον
900 839 1031 907 παρ’
1059 839 1191 908 ἡμῖν
1211 838 1347 900 ἔστι,
1372 835 1468 888 καὶ
1497 835 1793 903 ὑπερφυῶς

218 952 276 988 τι
306 934 448 987 θεῐον
481 933 672 1002 χρῆμα
722 931 1017 1000 νομίζομεν
1056 928 1238 994 τοῦτο,
1295 928 1395 981 καὶ
1424 927 1598 997 δῶρον
1627 925 1792 996 οὑρά-

217 1041 357 1078 νιον.
399 1023 640 1076 Ἐκεῖθεν
667 1021 776 1093 γὰρ
829 1024 928 1076 καὶ
952 1018 1111 1073 τοῦτο
1155 1020 1388 1083 κάτεισι,
1437 1018 1634 1087 νόμους
1681 1019 1794 1076 τοῖς

220 1117 534 1187 ἀνθρώποις
559 1114 810 1185 κομίζον.
839 1115 988 1180 Πλήν
1018 1128 1101 1176 τις
1131 1113 1291 1178 λόγος
1331 1113 1551 1176 λέγεται
1582 1113 1676 1164 καὶ
1703 1124 1795 1163 πι-

221 1209 475 1264 στεύεται
507 1208 640 1278 παρ’
673 1209 827 1278 ἡμῖν,
863 1207 940 1269 ὡς
971 1207 1064 1260 καὶ
1095 1205 1229 1259 αὑτδ
1256 1203 1321 1275 δὴ
1359 1203 1538 1270 τοῦτο,
1574 1204 1666 1257 καὶ
1693 1203 1796 1255 πᾶ-

221 1320 323 1356 σαν
356 1303 457 1371 τὴν
489 1302 750 1368 Παλαιὰν,
780 1301 896 1372 ἅμα
934 1300 1030 1373 καὶ
1055 1303 1118 1368 τῇ
1153 1298 1322 1370 βίϐλῳ
1354 1299 1537 1365 Δαϐὶδ,
1585 1300 1633 1352 oi
1663 1298 1798 1366 ὑμέ-

220 1413 373 1464 τεροι
403 1395 573 1449 πάλαι
601 1395 937 1464 διερμηνεῐς,
966 1393 1017 1447 οἶ
1052 1394 1155 1460 τὴν
1190 1392 1419 1463 πρώτην
1446 1391 1599 1446 ταῦτ’
1646 1391 1795 1457 ἐξελ-

221 1485 477 1554 λήνισαν,
515 1483 755 1550 ἀφειδῶς
807 1484 945 1552 πρὸς
992 1492 1060 1536 τά
1105 1481 1366 1535 δοκοῦντα
1423 1482 1681 1552 συνιστᾷν
1737 1480 1797 1532 τδ

223 1575 492 1646 ὑμέτερον
519 1575 685 1639 σέϐας
727 1573 902 1628 ταῦτα
942 1573 1406 1644 διηρμηνεύκασι,
1437 1573 1547 1625 τῶν
1579 1589 1794 1638 πρωτο-

219 1667 414 1720 τύπων
449 1667 916 1736 ὀλιγωρήσαντες.

299 1757 374 1821 ς’.
422 1758 581 1814 Ἀλλὰ
613 1758 772 1812 τοῦτο
834 1759 956 1827 μὲν,
982 1751 1028 1813 ὦ
1057 1759 1176 1823 τᾶν,
1222 1758 1381 1827 ἔφην,
1423 1757 1640 1829 πρῶτον
1698 1759 1796 1828 μὲν

222 1851 326 1905 οὑκ
357 1850 630 1920 εὐπρεπὲς
666 1836 732 1903 ἄν
779 1850 868 1920 εἴη
901 1851 1104 1918 λέγειν,
1137 1850 1248 1904 οὐδ’
1282 1852 1452 1918 ἄξιον.
1488 1847 1664 1920 οἶμαι,
1710 1866 1798 1902 πι-

226 1943 521 1995 στεύεσθαι
543 1956 558 1973 ⁸
587 1941 707 1996 ἀνθ’
731 1936 808 1996 ὧν
837 1943 1018 2012 ὑμεῖς,
1055 1946 1103 1996 οί
1137 1944 1275 2013 πρὸς
1310 1944 1492 2014 κρίσιν
1536 1946 1670 2014 ἡμῖν
1705 1945 1798 1996 ἀν·-
1832 1933 1873 1987 Β

222 2036 698 2105 τικαθιστάμενοι,
726 2036 1025 2106 μάρτυρες.
1072 2036 1314 2090 Ἐκεῖθεν
1336 2037 1381 2090 δ’
1404 2037 1469 2091 ἄν
1486 2055 1566 2090 σοι
1589 2038 1802 2104 γένοιτο

229 2127 426 2196 μαθεῖν
478 2127 871 2199 ἀκριϐέστερον
910 2129 1166 2199 τάληθές.
1220 2129 1280 2182 Ei
1330 2131 1437 2200 γὰρ
1483 2129 1549 2200 δὴ
1606 2129 1802 2197 καιροῦ

223 2235 360 2271 ⁴ιιεοτε
395 2220 490 2272 καὶ
542 2219 884 2291 διερμηνέων
918 2220 1142 2288 ἀγαθῶν
1185 2221 1546 2292 εὑπορήσαις.
1595 2223 1691 2275 καὶ
1722 2223 1805 2293 βι-

224 2307 397 2361 ϐλίων
439 2309 766 2379 Ἑϐραϊκῶν,
808 2311 996 2379 γνοίης
1049 2312 1117 2365 ἂν
1147 2311 1329 2375 καλῶς
1370 2313 1466 2365 τὸν
1498 2313 1622 2375 ταῖς
1668 2313 1808 2383 Γρα-

226 2401 364 2469 φαῐς
409 2400 816 2472 λυμηνάμενον.
868 2403 1067 2457 Σκόπει
1116 2403 1172 2456 δέ
1210 2421 1302 2473 μοι
1335 2405 1428 2458 καὶ
1477 2404 1574 2476 τὴν
1626 2408 1806 2458 πάντα

227 2493 419 2556 καλῶς
475 2494 866 2564 οίκονομοῦσαν
901 2497 1187 2565 πρόνοιαν,
1241 2497 1392 2558 ὅπως
1421 2499 1534 2560 τοῖς
1583 2497 1806 2567 άναίδην

230 2585 550 2654 ἐπιπηδῶσι
577 2589 692 2648 τοῖς
721 2587 1034 2657 πράγμασι,
1071 2589 1165 2642 καὶ
1207 2588 1450 2661 εὐχερῶς
1491 2589 1807 2643 διαϐάλλου-

231 2692 348 2740 σιν,
394 2676 698 2747 ἔμφράττει
745 2677 946 2740 τελέως
985 2679 1052 2731 τὰ
1096 2679 1359 2749 στόματα.
1395 2681 1524 2734 Ὅτε
1567 2681 1677 2750 γὰρ
1711 2682 1811 2750 τὴν

231 2769 395 2824 θείαν
442 2770 551 2822 εδει
610 2772 795 2823 πᾶσαν
844 2769 1069 2841 Γραφὴν
1127 2771 1392 2840 Ἑλληνίδι
1454 2771 1811 2840 μεταδοΟῆναι

232 2864 419 2931 φωνῇ,
452 2862 549 2930 οὑχ
578 2863 652 2923 ὼς
685 2862 841 2932 ἔτυχέ
869 2879 1010 2926 πως,
1041 2858 1101 2915 εὖ
1137 2863 1268 2925 ῐσΘι,
1300 2862 1410 2915 οὐδ’
1446 2863 1495 2916 οί
1529 2862 1809 2933 τυχόντες,

233 2953 446 3014 ἀλλ’ὅς
494 2968 557 3019 γε
610 2952 706 3020 τῆς
743 2951 917 3022 Ἕῴας
966 2951 1166 3021 μικροῦ
1202 2952 1313 3004 δεῖν
1358 2951 1537 3020 πάσης
1588 2950 1812 3019 ἐκράτει

233 3041 333 3116 (ἦν
359 3043 408 3097 δ’
447 3044 686 3106 εἰδώλοις
717 3043 1022 3114 λατρεύων,
1050 3046 1146 3097 καὶ¹
1161 3044 1264 3098 οὑκ
1290 3043 1661 3113 εὐαρίθμητον
1689 3044 1815 3112 χρό-

235 3155 335 3193 νον
361 3137 534 3209 ἄρξας
563 3139 668 3209 ripe
701 3138 795 3191 τοῦ
827 3137 1093 3208 Χριστοῦ,
1121 3137 1455 3206 Πτολεμαῖος
1485 3136 1657 3205 δνομα
1689 3138 1814 3189 τάν-

233 3233 355 3303 δρὶ)
388 3232 546 3286 τοῦτο
594 3233 670 3302 (1)
727 3233 1030 3304 τηνικαῦτα
1085 3233 1405 3302 εἰργάσατο.
1446 3232 1652 3300 Σοφοὺς
1707 3234 1816 3301 γὰρ

239 3325 447 3395 ἄνδρας
485 3325 810 3395 διερμηνέας
843 3327 932 3378 τὸν
967 3325 1201 3395 ἀριθμὸν
1230 3325 1324 3378 δύο
1349 3325 1485 3393 πρὸς
1513 3325 1626 3388 τοῖς
1658 3326 1812 3377 ἑϐδο-

242 3418 494 3486 μήκοντα
517 3419 580 3469 ὲκ
603 3418 711 3470 τῶν
755 3415 1027 3470 Ἰουδαίων
1054 3417 1578 3486 μεταπεμψάμενος,
1607 3417 1818 3480 τούτοις

236 3506 392 3559 τοῦτ’
421 3509 710 3560 ἐπίστευσε
767 3507 997 3578 τοῦργον
1025 3524 1039 3538 ⁶
1075 3506 1170 3572 οὓς
1198 3511 1227 3562 ό
1275 3513 1372 3576 τῆς
1420 3510 1644 3562 ἐκείνων
1698 3511 1818 3562 τότε

241 3595 637 3665 μητροπόλεως
666 3596 1055 3667 ἐξηγούμενος,
1087 3598 1271 3652 θεόθεν
1309 3600 1530 3663 πάντως
1565 3601 1822 3669 κινούμε-

239 3706 362 3753 νος,
426 3689 753 3758 Ἐλεάζαρος
804 3689 852 3742 δ’
904 3685 1062 3756 οὗτος
1111 3693 1573 3763 προσηγορεύετο,
1635 3695 1691 3760 ἒξ
1726 3695 1819 3761 ἀφ’

243 3780 491 3848 ἑκάστης
523 3780 700 3849 φυλῆς
732 3781 1112 3851 ἐκλεξάμενος,
1147 3785 1383 3852 ἔπεμψε.
1422 3786 1519 3837 Διὰ
1566 3785 1628 3853 δὴ
1662 3785 1821 3838 τοῦτο

240 3871 360 3923 οὐδ’
392 3872 526 3924 αὐτὸ
557 3874 618 3924 τὸ
651 3873 761 3925 τῶν
805 3874 1081 3927 Ἰουδαίων
1102 3875 1486 3928 ἀναιδέστατον
1518 3878 1671 3943 γένος
1700 3877 1821 3929 τολ-

245 3963 396 4032 μῶσί
420 3981 472 4016 τι
506 3965 802 4035 προφέρειν
834 3967 1043 4030 αὑτοῖς,
1079 3966 1191 4018 οὐδ’
1215 3965 1455 4019 ὁντινοῦν
1484 3968 1819 4040 προστρίψαι

248 4055 447 4123 μῶμον
473 4054 550 4125 τῷ
581 4057 871 4126 πράγματι
897 4074 911 4089 ο
946 4056 1119 4122 λέξεις
1148 4057 1206 4110 δέ
1240 4058 1394 4121 τινάς
1444 4075 1547 4110 που
1578 4060 1686 4112 τῶν
1727 4078 1846 4127 γε-·

243 4148 590 4216 γραμμένων
620 4147 984 4203 ὑπαλλάττειν
1011 4148 1403 4219 ἐπιχειροῦσιν,
1433 4149 1489 4201 αἳ
1516 4151 1610 4202 καὶ
1633 4151 1822 4222 ὥσπερ

243 4238 398 4291 οῦτοι
452 4238 676 4306 λέγουσι
710 4239 1144 4310 λαμϐανόμεναι,
1183 4241 1287 4310 τῆς
1330 4240 1564 4312 ἀληθοῦς
1616 4243 1824 4308 ἑννοίας

244 4331 590 4399 οὑδὲνπδμως
620 4333 922 4402 ἀπᾴδουσιν
962 4333 1068 4402 (2).

322 4420 393 4486 ζ’.
425 4423 497 4475 Σὺ
532 4424 588 4477 δέ
628 4441 719 4493 μοι
748 4425 873 4492 λέγε
899 4466 914 4489 ,
954 4427 1098 4488 τίνος
1147 4426 1507 4491 κελεύσαντος
1542 4430 1821 4498 ἄρχοντος,

248 4515 347 4568 καὶ
378 4514 505 4567 ὅθεν
534 4515 748 4576 τούτοις
775 4517 968 4584 γέγονε
1005 4519 1074 4570 τὰ
1123 4519 1458 4587 πρωτότυπα
1495 4522 1820 4588 κτήσασθαι,

1896 652 2005 709 tur,
2037 648 2354 716 inquam,in
2386 647 2452 702 iis
2475 646 2850 715 acquiescere,
2899 657 3021 712 quae
3088 641 3330 696 dicunt?
3376 638 3467 694 Li-

1897 741 2109 804 benter,
2151 742 2377 809 inquit:
2431 756 2532 796 cur
2584 754 2693 794 non
2747 734 3464 805 iaciam?quandoquidem

1897 833 2247 902 Evangelium
2277 844 2497 901 quoque
2519 831 2662 900 apud
2693 845 2791 883 nos
2814 838 2919 892 est,
2944 837 2997 882 et
3025 827 3077 881 in
3111 827 3304 895 primis
3333 826 3469 878 divi-

1898 942 2025 980 num
2057 926 2261 995 aliquid
2296 920 2422 980 esse
2453 924 2834 979 existimamus
2865 937 2929 976 ac
2982 919 3204 975 caeleste
3236 921 3464 973 donum.

1895 1021 1974 1074 Dc
1998 1021 2140 1075 emlo
2161 1021 2305 1074 enim
2337 998 2552 1086 lapsum
2583 1025 2688 1079 est,
2710 1016 2776 1070 ad
2801 1016 2944 1085 leges
2991 1016 3234 1066 humano
3283 1012 3467 1081 generi

1897 1112 2170 1166 ferendas.
2197 1111 2410 1179 Aliquis
2443 1117 2623 1163 tamen
2658 1121 2844 1160 rumor
2874 1108 3042 1174 serpit
3064 1105 3337 1174 fidemque
3373 1107 3472 1160 ob-

1901 1203 2196 1274 tinet’apud
2226 1219 2345 1268 nos,
2373 1204 2473 1258 hoc
2505 1203 2682 1271 ipsum
2708 1199 3088 1267 Evangelium,
3109 1209 3162 1252 et
3190 1214 3354 1253 omne
3379 1214 3471 1253 ve-

1902 1307 1986 1352 tus
2019 1297 2454 1360 Testamentum,
2492 1309 2597 1348 una
2629 1307 2751 1346 cum
2783 1291 3003 1346 Davidis
3032 1293 3196 1357 iibro,
3221 1306 3250 1345 a
3273 1292 3470 1345 vestris

1899 1388 2631 1458 interpret~ibus,cumhosce
2657 1387 2826 1448 libros
2847 1383 3036 1439 Grtece
3075 1384 3308 1452 primum
3347 1397 3472 1437 rer-

1899 1490 2100 1540 terunt,
2135 1480 2212 1533 sic
2244 1480 2415 1534 fuisse
2449 1479 2731 1539 translata,
2767 1487 2827 1531 ut
2851 1476 3093 1545 neglecta
3127 1476 3326 1545 prioris
3355 1486 3473 1528 tex-

1899 1581 1988 1627 tus
2014 1572 2335 1626 auctoritate
2353 1572 2418 1625 ad
2440 1587 2502 1625 ea
2522 1570 2686 1626 nimis
2708 1570 3208 1638 attenderent,qure
3234 1578 3470 1623 vestram

1897 1665 2215 1734 religionem
2242 1663 2575 1719 conﬁrmare
2618 1663 2958 1716 viderentur.

1970 1759 2023 1814 6.
2061 1757 2190 1820 Sed,
2223 1758 2463 1825 inquam,
2498 1757 2705 1824 optime
2735 1756 2839 1816 vir,
2864 1753 3474 1824 primumquidemha‘c

1905 1852 2080 1906 oratio
2103 1867 2278 1920 neque
2304 1851 2531 1905 honesta
2565 1858 2667 1912 est,
2697 1864 2895 1917 neque,
2927 1857 2983 1902 ut
3019 1848 3232 1917 Opinor,
3263 1847 3364 1900 fide
3388 1846 3476 1899 di-

1903 1958 2005 2014 gna
2033 1961 2044 1995 :
2075 1957 2201 1996 nam
2230 1956 2338 2009 qua
2362 1942 2428 1995 de
2457 1955 2516 1995 re
2540 1950 2729 1994 contra
2753 1939 3474 2008 nosinjudieiodecertatis,

1904 2037 2144 2105 ejusdem
2178 2039 2253 2091 rei
2281 2035 2447 2092 vultis
2477 2051 2597 2091 esse
2625 2044 2816 2091 testes.
2837 2034 2943 2089 Sed
2973 2034 3283 2088 accuratius
3301 2032 3480 2103 possis

1904 2131 2030 2184 inde
2055 2130 2336 2183 veritatem
2366 2129 2592 2184 discere.
2630 2125 2765 2180 Nam
2799 2128 2843 2181 si
2885 2127 3150 2195 temporis
3214 2141 3477 2195 unquam,

1903 2221 2284 2288 bonorumque
2301 2221 2677 2288 interpretum,
2694 2215 3194 2287 llehraicorumque
3215 2216 3477 2270 librorum

1903 2317 2059 2382 copia
2093 2313 2183 2368 tibi
2214 2313 2389 2379 lieret,
2443 2313 2669 2381 pulchre
2701 2321 2814 2367 tum
2864 2325 3255 2380 cognosceres,
3297 2323 3484 2364 sacras

1903 2407 2029 2476 quis
2060 2404 2366 2474 corruperit
2404 2403 2742 2474 Scripturas.
2766 2404 3071 2459 Considera
3099 2404 3287 2466 etiam,
3332 2420 3483 2471 qua:-

1909 2514 1993 2565 so,
2021 2497 2193 2553 divini
2225 2497 2478 2551 Numinis
2519 2496 2701 2551 omnia
2756 2497 3016 2564 prmclare
3072 2497 3479 2566 dispensantem

1913 2590 2329 2660 providentiam,
2357 2589 2633 2658 quomodo
2665 2589 2878 2642 illorum
2913 2604 3009 2643 ora
3056 2592 3327 2652 obstruat,
3391 2607 3484 2658 qui

1911 2687 2060 2738 hunc
2093 2698 2271 2736 rerum
2304 2682 2552 2737 ordinem
2588 2690 2907 2751 oppugnant
2936 2691 2989 2736 et
3020 2681 3255 2736 libenter
3310 2699 3491 2752 repre-

1916 2775 2182 2829 hendunt.
2215 2774 2350 2827 Cum
2377 2775 2521 2827 enim
2559 2774 2774 2827 divinas
2822 2789 3014 2828 omnes
3064 2775 3376 2841 Scripturas
3432 2776 3489 2830 in

1916 2871 2152 2936 linguam
2183 2866 2428 2922 Grzecam
2453 2869 2589 2922 verti
2607 2878 2908 2936 Oporteret,
2934 2883 3040 2921 non
3058 2877 3270 2923 temere
3305 2869 3491 2939 utique

1917 2977 2017 3016 nec
2045 2961 2284 3030 vulgaris
2308 2971 2450 3015 notm
2466 2961 2718 3014 homines
2743 2961 2844 3015 hoc
2869 2959 3138 3026 fecerunt,
3164 2961 3258 3016 sed
3287 2963 3378 3030 qui
3407 2970 3492 3016 to-

1917 3054 2026 3106 tius
2046 3052 2155 3105 fere
2169 3053 2405 3106 Orientis
2423 3052 2709 3121 imperium
2733 3053 2955 3106 tenebat
3002 3052 3327 3106 Ptolemreus
3373 3069 3488 3117 rex,

1919 3146 2162 3215 antiquis
2190 3146 2295 3200 diis
2313 3154 2494 3199 tamen
2521 3146 2787 3208 serviens,
2811 3154 2864 3197 et
2882 3145 3049 3197 multo
3065 3155 3193 3198 ante
3211 3144 3490 3201 Christum

1842 3262 1888 3323 ρ
1923 3254 2176 3308 regnans.
2199 3235 2333 3290 Nam
2367 3249 2652 3319 postquam
2678 3237 2868 3290 doctos
2892 3251 2958 3290 ex
2986 3235 3192 3292 Judmis
3221 3240 3367 3293 viros
3388 3254 3492 3293 nu-

1922 3347 2072 3385 mero
2098 3330 2234 3386 duos
2262 3341 2314 3384 et
2343 3330 2689 3401 septuaginta
2719 3329 3053 3398 interpretes
3078 3331 3490 3394 accersivisset,

1921 3423 1987 3478 iis
2012 3423 2116 3477 hoc
2142 3438 2277 3491 opus
2312 3421 2619 3476 faciendum
2648 3422 2884 3476 credidit
2913 3439 2928 3476 ι
2955 3437 3095 3491 quos
3119 3424 3335 3476 illorum
3361 3433 3492 3478 tunc

1924 3518 2287 3585 metropoleos
2324 3518 2632 3568 moderator
2685 3532 2748 3568 ac
2790 3526 2969 3569 rector
3018 3514 3333 3579 Eleazarus,
3383 3514 3502 3573 ins-

1924 3607 2090 3660 tinctu
2120 3607 2306 3660 divino
2330 3618 2531 3669 motus,
2557 3623 2722 3661 senos
2742 3624 2806 3662 ex
2832 3621 3159 3678 unaquaque
3186 3609 3328 3663 tribtt
3359 3610 3502 3665 elec-

1925 3710 2005 3752 tos
2031 3701 2269 3753 miserat.
2296 3700 2660 3763 Quamobrem
2689 3716 2751 3753 ne
2783 3701 2896 3769 ipsa
2918 3702 3138 3770 quidem
3184 3701 3495 3758 Judaeorum

1925 3790 2388 3860 impudentissima
2419 3794 2567 3845 natio
2598 3795 2896 3861 quidquam
2927 3794 3059 3863 ipsis
3102 3796 3343 3865 ohjicere
3400 3813 3501 3850 an-

1924 3886 2033 3944 det,
2059 3899 2234 3950 neque
2258 3885 2419 3936 ullam
2448 3900 2686 3953 unquam
2726 3886 3167 3955 reprehensionis
3205 3888 3383 3942 labem
3422 3890 3498 3942 illi

1926 3979 2068 4030 iacto
2093 3992 2379 4045 aspergere
2412 3995 2424 4030 :
2453 3978 2547 4030 sed
2581 3977 2984 4047 Scripturarum
3029 3963 3292 4049 quasdam
3356 3977 3496 4037 ferte

1927 4069 2191 4124 dictiones
2215 4070 2403 4123 leviter
2436 4071 2728 4124 immutare
2774 4082 3065 4139 conantur,
3109 4089 3232 4142 qua:
3280 4075 3496 4129 etiamsi

1925 4163 2262 4231 accipiantur
2289 4173 2448 4232 prout
2480 4165 2762 4230 hi'dicuut,
2786 4167 2917 4219 nihil
2955 4177 3137 4220 tamen
3184 4167 3501 4239 discrepant.

1925 4270 1956 4309 Ω
1998 4271 2127 4310 νετο
2171 4271 2359 4311 sensu.

2000 4439 2050 4491 7.
2083 4437 2162 4491 Tu
2190 4453 2318 4492 vero
2340 4437 2428 4492 dic
2455 4439 2608 4502 mihi,
2635 4440 2883 4506 obsecro,
2910 4441 3196 4509 cujuSnam
3241 4443 3501 4512 principis

1925 4531 2082 4599 jussu
2113 4538 2299 4600 etquo
2322 4548 2387 4586 ex
2413 4533 2534 4585 loco
2572 4531 2866 4602 Scriptura:
2896 4545 3105 4588 textum
3148 4537 3501 4604 arripurrnnt

248 4607 300 4659 οἳ
336 4608 404 4676 τῇ
434 4606 544 4659 τῶν
580 4606 828 4677 ’Δράϐων
873 4609 1013 4662 εἰσιν
1046 4611 1406 4673 έκδεδωκότες
1456 4613 1722 4682 διαλέκτῳ
1755 4613 1816 4666 τὰ

1932 4623 2094 4693 ii,qui
2119 4608 2333 4678 divinos
2355 4623 2523 4678 libros
2540 4625 3070 4679 edideruntArahica
3093 4628 3503 4699 lingua?quan—

248 4700 356 4768 τῆς
389 4700 656 4770 Γραφῆςς
707 4702 803 4754 καὶ
851 4702 1023 4767 πότε;
1067 4705 1160 4755 καὶ
1213 4705 1360 4766 τίνες
1408 4702 1472 4772 δὴ
1521 4700 1690 4766 οὗτοι,
1730 4707 1824 4757 καὶ

247 4791 437 4843 ὁποῖοί
473 4808 615 4854 τινες
668 4786 830 4862 ἦσαν,
866 4796 960 4846 καὶ
1010 4795 1168 4846 πόσοι
1221 4797 1314 4846 τὸν
1366 4779 1636 4864 ἀριθμόνς
1684 4795 1826 4847 Ἀλλ’

251 4884 356 4936 οὑκ
397 4882 463 4935 ἂν
493 4882 670 4951 ἔχοις*
722 4886 943 4937 πάντων
982 4887 1091 4953 γὰρ
1141 4885 1267 4954 ἑξῆς
1314 4888 1585 4956 ἀμοιρεϊς,
1640 4883 1722 4949 οἷς
1759 4889 1828 4940 τὰ

251 4973 383 5028 καθ’
415 4975 564 5043 ἡμᾶς
599 4974 658 5026 τὸ
689 4974 908 5037 βέϐαιον
938 4976 1052 5045 ἔχει
1081 4993 1095 5007 ⁸
1125 4979 1184 5029 τὸ
1220 4977 1264 5028 δ’
1299 4977 1535 5046 ὑποψίαν
1567 4980 1828 5048 παρέχειν

249 5068 354 5120 καὶ
388 5067 554 5136 μόνον
606 5066 807 5121 ἅπασιν
844 5071 1047 5124 ίκανὸν.
1085 5071 1238 5123 Μετὰ
1286 5072 1391 5138 γὰρ
1427 5070 1525 5142 τὴν
1568 5073 1663 5140 τῆς
1701 5074 1835 5142 Ορη·

253 5158 454 5220 σκείας
486 5158 585 5211 τοῦ
621 5160 864 5227 Μωάμεθ
912 5162 1228 5231 φανέρωσιν
1288 5165 1446 5232 ὑμεῖς
1504 5164 1657 5216 αὐτοὶ
1705 5167 1836 5217 πάν-

252 5268 373 5312 τως
406 5251 559 5320 μόνοι
611 5255 689 5316 είς
742 5253 840 5322 τὴν
887 5255 1160 5324 ὑμετέραν
1203 5260 1385 5326 φωνὴν
1437 5257 1705 5327 ἠμείψατε
1737 5263 1835 5327 τὴν

251 5341 511 5417 Γραφὴν,
543 5346 677 5413 ὅπερ
707 5349 964 5410 ἐναντίως
997 5349 1116 5418 ἕχον
1156 5352 1266 5412 τοῖς
1297 5349 1426 5419 παρ’
1461 5352 1594 5420 ἡμῖν
1640 5352 1834 5405 ἁποδέ-

251 5438 496 5494 δεικται.
533 5439 694 5492 Ὅθεν
741 5440 826 5504 τίς
877 5442 943 5494 ἂν
983 5443 1073 5494 νοῦ
1114 5442 1356 5511 μετέχων
1388 5447 1500 5505 τοῖς
1543 5446 1834 5513 ἡμετέροις

245 5530 511 5582 ἀπιστῶν
564 5533 677 5594 τοῖς
728 5532 1016 5602 ὑμετέροις
1069 5536 1537 5601 πιστεύσειενςΕί
1586 5539 1684 5606 μὲν
1733 5535 1828 5591 οὖν

242 5615 404 5688 ἦσθα
427 5621 700 5674 πιστεύων
721 5626 831 5683 τοῖς
861 5629 1287 5695 γεγραμμένοις,
1317 5627 1416 5679 οὐκ
1442 5628 1506 5680 ἂν
1530 5629 1659 5698 ἡμῖν
1683 5627 1825 5702 ἦσαν

336 5736 574 5806 (1)0151.
614 5737 840 5794 Coislin.
878 5734 1054 5803 οὗτος.

340 5807 422 5874 (‘2)
475 5810 826 5876 Septuaginta
890 5815 1216 5876 versionem,
1284 5814 1371 5866 uhi
1433 5815 1500 5867 ah
1551 5815 1816 5871 Hebraico

248 5887 415 5932 textu
449 5879 696 5939 dissidet,
722 5897 751 5931 a
785 5881 910 5934 dolo
943 5899 1176 5946 semper,
1204 5885 1270 5936 ali
1287 5900 1474 5938 errore
1498 5886 1818 5958 plerumque

542 5979 809 6040 Ριτιωι..
855 5984 968 6037 Gn.
999 5980 1170 6038 CLVI

1933 4715 2003 4767 do
2032 4713 2319 4767 fecerunt?
2347 4718 2589 4783 quinam,
2617 4719 2830 4786 quales,
2858 4731 2987 4787 quot
3029 4736 3186 4775 erant
3207 4723 3312 4776 ?At
3355 4728 3500 4778 enim

1937 4807 2049 4859 haec
2071 4807 2324 4873 expedire
2363 4825 2469 4860 non
2496 4819 2647 4875 potes
2675 4826 2687 4861 :
2713 4813 2970 4866 omnibus
2989 4816 3216 4867 omnino
3243 4816 3507 4875 destitue-

1937 4898 2012 4949 ris
2033 4897 2311 4961 sobsidiis,
2349 4901 2548 4967 quibus
2579 4914 2761 4956 nostra
2807 4904 2987 4958 versio
3017 4906 3263 4960 tirmatur
3289 4927 3304 4974 ;
3329 4911 3500 4962 solam

1938 5005 2065 5043 vero
2082 4992 2444 5059 suspicionem
2475 5010 2709 5056 merere,
2739 4998 2819 5048 vel
2840 4999 3098 5053 omnibus
3131 4999 3275 5054 licet.
3322 5003 3509 5070 Siqui-

1939 5081 2060 5134 dem
2088 5091 2206 5149 post
2228 5081 2600 5138 Maemethicre
2621 5086 2896 5154 religionis
2913 5099 3093 5142 ortum
3117 5091 3217 5159 ipsi
3238 5101 3384 5145 certe
3405 5095 3507 5148 soli

1938 5185 2106 5224 saera:
2129 5170 2426 5240 Scriptura:
2446 5174 2614 5228 libros
2637 5187 2870 5230 vestram
2909 5174 2958 5230 in
2988 5180 3227 5247 linguam
3262 5189 3505 5236 transtu-

1940 5264 2253 5333 listis.quod
2275 5269 2713 5332 contra§vcrsioni
2739 5281 2935 5323 nostrae
2963 5274 3231 5328 accidisse
3276 5275 3508 5330 demon-

1939 5359 2256 5412 stravimus.
2285 5358 2414 5422 ρυλε
2443 5377 2566 5413 eum
2596 5362 2665 5414 ita
2701 5362 2830 5426 sint,
2877 5364 3022 5431 quis,
3045 5381 3254 5433 quaso,
3311 5369 3510 5423 mentis

1940 5465 2161 5518 compos
2182 5451 2792 5519 nostrislihrisdillidat,
2836 5456 3036 5509 vestris
3073 5457 3230 5512 tidem
3276 5459 3512 5515 habeat?

1938 5537 2325 5605 Quamobrem,
2342 5542 2383 5594 si
2409 5540 2704 5611 Seripturis
2718 5547 2990 5611 crederes,
3010 5550 3362 5617 non}multum
3388 5553 3508 5606 her-

1934 5633 2016 5685 cle
2040 5633 2194 5686 nobis
2213 5637 2410 5702 negotii
2433 5635 2792 5690 lacesseretur
2816 5656 2831 5695 :
2857 5638 3135 5708 Scriptura
3157 5644 3304 5696 enim
3333 5647 3514 5702 omnis

1917 5749 2194 5824 vindicari
2221 5764 2408 5824 posse,
2450 5752 2719 5809 innumeri
2770 5754 3295 5824 demonstraverunt
3326 5779 3339 5814 :
3370 5762 3516 5818 inter

1919 5821 2057 5894 alios
2084 5820 2395 5894 [indevicus
2421 5825 2709 5894 tlappellus
2733 5827 2784 5878 in
2817 5825 3015 5880 Critica
3049 5845 3229 5894 sacra,
3255 5820 3505 5893 Parisiis.

1923 5889 2044 5943 Scb.
2081 5889 2380 5960 Cramoisy,
2413 5889 2572 5960 1650,
2603 5897 2652 5948 in
2687 5897 2783 5948 fol.

3041 5998 3078 6056 5
