4202 6444
252 474 349 545 141
1200 462 1581 529 DIALOGUS
1629 460 1649 516 ι
1699 456 1859 516 CUM
1901 456 2461 516 MOIIAMETANO.
3398 452 3495 513 ita

251 592 390 660 πλὴν
417 590 495 644 ἔτι
531 589 821 660 βουλοίμην
847 602 900 639 τι
934 584 1139 638 τούτων
1171 582 1402 636 ἀκοῦσαι
1435 580 1772 647 σαφέστερον
1795 590 1806 601 ·
1837 570 1889 629 Α

1842 570 1889 629 Α
1914 572 2287 641 quodcunque
2320 574 2499 628 dicis:
2532 575 2638 629 nisi
2669 573 2815 644 quod
2848 587 3011 626 unum
3061 586 3173 625 rem
3219 569 3501 639 aliquanto

251 683 393 735 ἀλλὰ
440 681 598 735 τοῦτο
632 682 732 748 μὲν
777 677 883 748 ὀδῷ
940 675 1170 747 βαδίζων
1221 674 1250 725 ό
1285 674 1443 739 λόγος
1494 670 1658 739 τυχδν
1694 671 1823 737 ἡμῖν

1926 664 2128 720 clarius
2156 667 2313 720 velim
2342 668 2643 735 intelligere
2668 686 2681 721 :
2708 668 2805 721 sed
2827 667 2956 721 illud
2984 666 3037 719 in
3068 665 3341 719 sermonis
3376 681 3501 731 pro.

252 773 549 826 ἀποδώσει.
592 772 928 831 ’Δθανὰτους
980 769 1163 837 μέντοι
1198 766 1419 828 τούτους
1453 765 1570 826 πῶς
1615 762 1705 829 ἄρ’
1740 763 1826 812 ἐνο

1928 772 2118 824 gressu
2149 758 2377 815 fortasse
2403 761 2561 814 nobis
2591 761 2887 830 continget.
2910 760 3189 823 Attamen,
3216 757 3496 827 quomodo

253 864 472 933 δέχεται
505 859 644 917 εἶναι
672 880 685 929 ;
716 864 807 915 Δεῖ
833 860 944 930 γὰρ
992 860 1155 929 φύσιν
1182 858 1427 923 ἃπασαν,
1457 856 1578 925 ἥτις
1607 855 1666 908 οὐ
1701 853 1826 923 μέλ-

1931 848 2047 901 ﬁeri
2070 860 2265 916 potest,
2282 860 2340 904 ut
2364 852 2539 920 angeli
2569 852 2679 907 sint
2705 852 3085 906 immortales?
3109 850 3337 920 Oportet
3356 848 3501 903 enim

253 955 342 1007 λει
386 954 564 1025 πάντη
611 952 1107 1023 διαφθαρήσεσθαι,
1147 950 1320 1020 ἀρχὴν
1366 947 1639 1001 λαὸοὖσάν
1671 962 1826 1009 ποτε,

1931 940 2112 995 hercle
2141 957 2358 998 omnem
2393 954 2669 1009 naturam,
2724 960 2845 1013 quae
2886 960 2990 997 non
3041 944 3264 997 omnino
3317 941 3507 995 interi-

256 1048 357 1099 καὶ
390 1046 544 1109 τέλος
593 1050 802 1115 ταύτην
848 1045 1039 1099 λαϐεῖν
1062 1061 1076 1075 ·
1111 1044 1179 1096 ἵν’
1211 1045 1402 1111 ὥσπερ
1437 1042 1497 1093 ἐν
1549 1039 1734 1108 κύκλῳ
1760 1041 1827 1107 τῇ

1931 1043 2053 1089 tura
2082 1036 2172 1099 sit,
2198 1037 2662 1104 quemadmodum
2694 1036 2989 1106 aliquando
3017 1035 3231 1088 initium
3266 1034 3504 1104 accepit,

261 1138 497 1206 γενέσει,
526 1138 623 1191 καὶ
668 1137 873 1206 φθίσει,
908 1137 1004 1191 καὶ
1033 1134 1328 1190 ἀναδιὼσει
1362 1138 1443 1196 είς
1481 1134 1677 1186 ταυτόν
1712 1130 1833 1183 ποτ’

1932 1126 2007 1180 ita
2033 1126 2192 1182 linem
2223 1130 2382 1182 etiam
2410 1130 2644 1199 aliquem
2668 1130 2868 1183 habere
2899 1146 2913 1181 :
2940 1137 2999 1182 ut
3028 1126 3184 1197 quasi
3213 1125 3274 1179 in
3296 1124 3507 1180 circulo

258 1230 516 1292 ἐλθοῦσα,
560 1228 921 1283 ἀλλοιωθεῖσά
960 1246 1021 1282 τε
1073 1227 1169 1282 καὶ
1207 1225 1562 1287 ἀναστάσεως
1590 1224 1833 1294 κρείττο-

1932 1233 2032 1287 per
2081 1224 2511 1289 generationem,
2537 1222 2814 1275 interitum
2849 1230 2903 1276 et
2938 1219 3394 1275 resurrectionem
3440 1218 3505 1273 ad

260 1339 353 1385 νος
378 1319 755 1385 ἀπολαύσασα,
799 1322 1006 1390 φθορᾶς
1050 1320 1269 1390 ἁπάσης
1316 1318 1569 1387 ἀνωτέρα
1604 1315 1833 1384 γένηται

1945 1309 2088 1362 idem
2148 1311 2365 1365 tande-tn
2415 1312 2707 1378 aliquando
2750 1311 3046 1379 perveniat,
3081 1317 3135 1363 et
3198 1310 3508 1370 immutata,

261 1410 359 1465 τοῦ
388 1412 601 1467 λοιποῦ.
632 1412 866 1475 Οὐκοῦν,
902 1412 1062 1480 ἔφην,
1090 1404 1135 1464 ὧ
1174 1410 1349 1477 ⁹γαθέ,
1388 1410 1482 1463 καὶ
1511 1410 1636 1473 τοὺς
1663 1409 1834 1477 ἀγγέ-

1935 1401 2413 1469 praestantiorique
2448 1401 2849 1457 resurrectione
2876 1400 3086 1465 fruens,
3116 1401 3337 1453 interitu
3358 1402 3507 1454 oniui

259 1504 391 1567 λους
439 1504 639 1567 αὐτοὺς
665 1504 896 1573 θνητοὺς
933 1501 1073 1555 εἶναι
1118 1502 1415 1567 δοξάζετες
1464 1503 1574 1556 Καὶ
1616 1501 1675 1563 ὃς
1706 1500 1833 1570 ἔφη,

1936 1493 2187 1560 superior
2214 1492 2266 1546 in
2295 1504 2565 1562 posterum
2598 1495 2810 1551 evadat.
2862 1492 3001 1546 Tum
3058 1508 3183 1563 ego,
3236 1493 3427 1560 Igitur,
3478 1506 3512 1545 ο

265 1601 402 1655 Ναί.
434 1596 509 1656 Ἦ
548 1600 686 1653 πολύ
737 1617 843 1667 τοι,
878 1599 1017 1669 ἔφην
1061 1599 1197 1668 ἐγὼ,
1245 1598 1504 1661 ἐναντίως
1538 1596 1723 1667 ἔχουσί
1772 1613 1835 1665 γε

1937 1583 2100 1649 bone,
2135 1586 2358 1653 angelos
2384 1586 2530 1653 ipsos
2553 1586 2716 1640 etiam
2740 1587 2999 1640 mortales
3016 1601 3135 1640 esse
3162 1585 3464 1653 opinamini
3492 1586 3515 1636 ?

264 1695 402 1763 ἡμῖν
431 1695 486 1747 ai
540 1693 812 1765 περὶτῶν
860 1693 1112 1762 ἀγγέλων
1154 1693 1305 1758 δόξαι
1330 1710 1344 1724 °
1382 1691 1528 1760 ζωῆς
1580 1692 1691 1761 γὰρ
1744 1690 1838 1744 καὶ

1936 1674 2048 1731 Nos
2078 1691 2206 1731 vero
2242 1681 2497 1740 maxime,
2522 1678 2720 1746 inquit.
2767 1677 2858 1731 Nae
2891 1679 3120 1732 multum
3170 1678 3375 1741 dill‘ert,
3432 1678 3516 1730 in—

267 1785 503 1839 θανάτου
536 1786 621 1848 τίς
657 1785 722 1838 ἂν
751 1784 964 1852 γένοιτο
996 1785 1198 1851 μείζων
1228 1784 1459 1853 διαφορά
1485 1799 1499 1848 ;
1529 1782 1624 1844 Τίς
1662 1780 1753 1834 οὖν
1778 1798 1837 1833 σε

1940 1785 2129 1838 quam,
2163 1781 2348 1825 nostra
2381 1772 2667 1840 deangelis
2700 1772 2890 1838 opinio
2925 1772 3219 1840 :quidnam
3238 1773 3380 1824 enim
3404 1771 3518 1824 dis—

264 1878 455 1929 πεῖσαι
484 1875 797 1942 δυνήσεται,
830 1874 906 1938 ὡς
933 1874 1109 1938 ἄλλως
1134 1874 1269 1942 ἔχει,
1302 1872 1339 1928 ἃ.
1371 1872 1576 1941 λέγεις,
1615 1873 1840 1926 πιθανόν
1871 1906 1914 1964 Β

1871 1906 1914 1964 Β
1942 1861 2148 1913 crimen
2178 1874 2302 1914 esse
2340 1862 2507 1929 possit
2538 1864 2715 1929 maius
2744 1863 2838 1915 illo
2864 1900 2878 1924 ,
2907 1862 3049 1930 quod
3078 1862 3220 1916 inter
3251 1863 3417 1916 vitam
3462 1873 3518 1914 et

266 1984 329 2020 τε
363 1966 542 2034 λέγειν
588 1966 869 2030 δοκοῦντα,
914 1964 1010 2017 καὶ
1055 1965 1151 2033 τὴν
1193 1963 1301 2015 ἀπὸ
1332 1964 1442 2015 τῶν
1472 1962 1706 2033 Γραφῶν
1738 1962 1838 2013 οὐκ
1874 1952 1912 1964 “’

1874 1952 1912 1964 “’
1944 1963 2171 2007 mortem
2205 1952 2495 2006 intercedit
2517 1954 2540 2004 ?
2559 1954 2620 2006 Et
2649 1955 2798 2022 quis,
2825 1969 3034 2021 quaeso,
3052 1954 3392 2021 persuadere
3418 1954 3514 2008 tibi

265 2055 524 2108 ἐθέλοντα
574 2055 832 2119 δέξασθαι
882 2054 1213 2124 μαρτυρίαν,
1264 2052 1360 2103 καὶ
1407 2049 1635 2119 προσέτι
1684 2049 1837 2116 φωνῇ

1941 2045 2159 2114 poterit,
2187 2045 2343 2098 aliter
2372 2061 2430 2099 se
2458 2046 2656 2100 habere
2702 2061 2767 2101 ea
2806 2061 2927 2114 quae
2966 2045 3122 2109 dicis,
3198 2048 3506 2114 praesertim

266 2145 680 2214 διαλεγόμενον,
713 2144 838 2213 ἥτις
870 2139 1129 2211 ἀλλοτρία
1174 2135 1307 2194 οὖσα
1337 2138 1416 2206 τῷ
1457 2135 1841 2206 προσδιαλεγο-

1941 2154 2065 2193 cum
2090 2148 2145 2191 tu
2181 2138 2273 2192 tibi
2305 2137 2585 2207 probabile
2608 2139 2816 2207 aliquid
2832 2140 3013 2193 dicere
3035 2138 3293 2198 videaris,
3317 2154 3516 2198 sacra.-

270 2238 423 2306 μένῳ
457 2252 563 2299 σοι,
614 2236 683 2288 τὰ
733 2234 1117 2305 λεχθησόμενα
1149 2234 1410 2301 παραινεῖ
1451 2230 1699 2300 ἐπίτηδες
1745 2244 1841 2281 τα-

1942 2243 2049 2296 que
2080 2226 2378 2296 Scripturae
2410 2228 2781 2282 testimonium
2843 2227 2984 2282 nolis
3030 2226 3360 2281 admittere?
3385 2242 3518 2295 prae-

269 2323 591 2393 πεινότερα,
629 2322 774 2395 ἥπερ
803 2323 948 2390 ἐστὶ,
984 2325 1160 2378 ποιεῖν
1189 2319 1499 2390 φαίνεσθαι.

1947 2331 2193 2389 terquam
2226 2320 2367 2389 quod
2386 2320 2567 2388 lingua
2596 2321 2765 2375 uteris
2794 2320 2927 2373 mihi
2956 2330 3137 2374 tecum
3188 2319 3516 2386 colloqueuti

1947 2413 2283 2481 aliena,qua:
2323 2412 2504 2465 nativa
2536 2414 2585 2466 vi
2617 2427 2715 2466 sua
2754 2411 2934 2477 ellicit,
2956 2420 3014 2467 ut
3035 2427 3121 2467 res
3156 2411 3400 2467 dicendae
3421 2411 3519 2465 hu-

1948 2502 2211 2567 ruiliores,
2240 2519 2401 2572 quam
2436 2518 2626 2557 revera
2665 2514 2813 2565 sunt,
2864 2517 2984 2557 esse
3036 2502 3346 2556 videantur.

351 2601 405 2650 t'.
449 2593 746 2666 Πειρατέον
780 2594 874 2648 καὶ
931 2590 1125 2659 οὕτως,
1173 2590 1303 2663 ἔφη,
1349 2590 1582 2659 τάληθὲς
1636 2591 1842 2661 εὑρεῖν.

2022 2597 2111 2651 10.
2167 2596 2257 2650 Sic
2290 2600 2477 2660 etiam,
2513 2598 2714 2664 inquit,
2754 2596 3037 2649 veritatem
3070 2610 3333 2649 conemur
3369 2595 3519 2650 inve-

271 2684 485 2739 Πολλοῦ
525 2686 623 2755 μὲν
655 2685 789 2755 γὰρ,
836 2684 897 2739 εὖ
938 2684 1069 2749 ίσθι,
1118 2685 1391 2754 πριαίμην
1425 2683 1511 2747 ἂν,
1554 2683 1609 2735 εί
1637 2682 1721 2744 τίς
1758 2699 1843 2750 μοι

1950 2692 2092 2744 nire.
2132 2690 2262 2742 Nam
2303 2703 2501 2755 magno
2532 2687 2775 2757 quidem,
2811 2687 2945 2740 mihi
2975 2687 3157 2748 crede,
3187 2701 3445 2748 emerem,
3480 2687 3524 2738 si

277 2778 548 2845 παρεῖχεν
601 2776 822 2845 ἀμέσως
855 2792 937 2829 σοι
976 2775 1238 2829 δύνασθαι
1287 2773 1649 2841 διαλέγεσθαι.
1704 2772 1848 2842 Πλὴν

1951 2784 2073 2855 quis
2093 2782 2195 2836 hoc
2221 2780 2355 2834 mihi
2378 2780 2663 2846 tribueret,
2694 2790 2751 2833 ut
2778 2779 2985 2847 absque
3023 2779 3187 2832 ullius
3218 2778 3523 2833 interventu

274 2871 650 2941 ἐγχωρητέον,
686 2872 763 2934 ὡς
796 2874 1052 2941 ἐγχωρεῖ,
1098 2871 1194 2925 καὶ
1220 2870 1418 2933 οὕτως,
1447 2870 1554 2939 ὅπη
1613 2870 1679 2924 ἂν
1715 2869 1848 2938 ἔχοι,

1951 2877 2190 2944 colloqui
2230 2884 2402 2929 tecum
2435 2888 2674 2942 possem.
2711 2871 2817 2927 Sed
2850 2881 3053 2936 tamen,
3083 2871 3262 2941 quoad
3300 2873 3418 2941 ejus
3451 2872 3529 2925 far--

275 2960 519 3029 τάληθὲς
579 2962 956 3031 εὑρεθήσεται.
1028 2961 1346 3031 Ἀπόκριναι
1399 2960 1464 3030 δή
1517 2978 1626 3030 μοι,
1692 2959 1849 3029 ἔφην.

1952 2982 2076 3024 cere
2113 2969 2432 3036 poterimus,
2457 2981 2567 3020 rem
2596 2966 2811 3035 aggredi
2846 2981 2945 3035 par
2971 2974 3073 3030 est,
3103 2974 3159 3020 et
3190 2965 3272 3019 sic
3303 2966 3528 3020 veritas.

282 3055 563 3123 ’Δναρχον
591 3049 734 3107 εῖναι
766 3054 945 3122 λέγεις
970 3055 1163 3111 πᾶσαν.
1181 3053 1382 3125 ψυχὴν,
1413 3052 1506 3106 καὶ
1538 3052 1677 3121 μηδέ
1702 3053 1854 3105 ἐκτί-

1954 3061 2446 3132 quomodocunque
2479 3073 2537 3114 se
2574 3059 2791 3123 babeat,
2842 3058 3166 3127 reperietur.
3232 3058 3342 3126 Age
3377 3073 3529 3119 vero,

278 3145 415 3199 σθαι
446 3145 599 3212 ποτὲ,
633 3144 758 3217 μηδ’
782 3140 947 3214 εῖναι,
972 3148 1062 3200 ὅτε
1082 3148 1183 3200 οὐκ
1212 3142 1282 3215 ἦν
1304 3163 1319 3211 ;
1341 3146 1375 3216 ἢ
1417 3146 1699 3213 γεγονέναι
1724 3143 1857 3196 ταύο

1956 3153 2179 3221 inquam
2212 3168 2227 3206 :
2260 3150 2554 3220 responde,
2583 3150 2627 3203 si
2653 3149 2747 3205 tibi
2770 3150 3006 3206 videtur.
3031 3149 3258 3205 Omnem
3294 3149 3532 3202 animam

277 3256 387 3309 την
423 3240 576 3305 ποτὲ,
606 3240 701 3293 καὶ
731 3239 937 3310 κτίσμα
971 3235 1133 3305 εἶναι,
1177 3240 1270 3291 καὶ
1302 3238 1480 3307 ἀρχὴν
1523 3237 1845 3307 είληφὲναις
1880 3234 1922 3294 C

1880 3234 1922 3294 (ἒ
1957 3255 2138 3299 utrum
2184 3244 2321 3298 initii
2374 3250 2649 3313 expertem
2686 3250 2809 3300 esse
2855 3243 3013 3305 dicis,
3067 3256 3244 3310 neque
3291 3254 3530 3308 unquam

278 3334 384 3395 Τίς
418 3331 465 3385 δ’
490 3330 558 3385 ἂν
592 3331 656 3383 τὸ
691 3331 906 3402 πρῶτον
955 3330 1141 3397 sinat;
1192 3330 1377 3399 φησίν.
1412 3327 1610 3391 Καλῶς
1649 3326 1851 3395 λέγεις,

1956 3341 2218 3398 creatam,
2248 3347 2346 3386 nec
2380 3334 2548 3386 ullum
2586 3331 2810 3387 omnino
2831 3331 3096 3401 assignari
3134 3331 3183 3384 ei
3216 3344 3375 3400 posse
3400 3340 3536 3384 tem-

280 3426 430 3493 ἐφην
454 3438 467 3451 ’
497 3422 637 3476 δοκῶ
662 3422 717 3476 δέ
745 3439 858 3492 μοι,
888 3421 964 3485 ὡς
988 3422 1081 3476 καὶ
1110 3422 1363 3491 πρώτους
1390 3422 1499 3476 τῶν
1525 3422 1704 3478 ἄλλων
1726 3424 1856 3476 πάν-

1957 3439 2081 3494 pus,
2116 3438 2225 3492 quo
2255 3438 2363 3477 non
2403 3424 2582 3478 esset?
2624 3439 2693 3477 an
2726 3433 2913 3478 contra
2962 3423 3092 3476 olim
3141 3422 3338 3476 factam
3386 3435 3538 3474 crea—

280 3531 397 3567 των
433 3515 750 3584 κτισμάτων
800 3512 1043 3578 δοξάζεις
1086 3513 1213 3576 τοὺς
1262 3512 1529 3582 ἀγγέλους
1582 3513 1855 3579 ἐκτίσθαι,

1960 3525 2179 3583 tamque
2206 3529 2352 3578 esse,
2377 3514 2739 3570 etexsistendi
2770 3515 3070 3582 sumpsisse
3104 3512 3319 3566 initium
3344 3509 3543 3576 lQuis.

283 3607 386 3660 καὶ
420 3606 656 3676 κρείττω
701 3605 865 3675 φύσιν
910 3602 1054 3660 εῖναι
1086 3605 1280 3659 πασῶν
1324 3607 1433 3660 τῶν
1488 3607 1606 3676 μετ’
1658 3606 1858 3667 αὐτοὺς

1960 3609 2155 3677 inquit.
2195 3607 2347 3676 prius
2381 3606 2510 3660 illud
2562 3606 2815 3660 dixerit?
2845 3604 3074 3673 Opinor,
3123 3605 3343 3673 inquam
3374 3619 3388 3658 :
3425 3604 3543 3681 sed,

284 3699 732 3769 γεγεννημένων,
783 3700 879 3753 καὶ
924 3698 1362 3766 συγγενεστέραν
1402 3699 1470 3769 τῇ
1526 3697 1722 3768 πρώτῃ
1758 3698 1854 3768 (l).

1961 3712 2022 3757 ut
2048 3700 2180 3755 mihi
2217 3700 2453 3765 videtur,
2484 3710 2806 3753 caeterarum
2854 3700 3020 3754 etiam
3051 3698 3295 3753 omnium
3329 3706 3546 3751 creatu-

293 3794 461 3861 ’Δρτι
492 3791 599 3860 γὰρ
634 3791 758 3861 ἐμοὶ
786 3789 929 3844 τοῦτ’
966 3790 1194 3855 είπόντι,
1229 3783 1311 3853 οἷς
1349 3790 1450 3843 οὐκ
1494 3792 1755 3860 ἀντέφης,
1785 3785 1861 3843 οϊ-

1962 3812 2147 3850 rarum
2174 3786 2396 3865 "primos
2431 3796 2650 3864 angelos
2695 3803 2908 3849 creatos
2940 3793 3113 3848 fuisse
3164 3794 3410 3861 opinare,
3455 3806 3549 3843 eo-

293 3902 423 3954 μαι,
462 3883 707 3936 συνέθου.
735 3882 846 3936 Ναί⁵
890 3880 1087 3947 οὕτως,
1128 3880 1233 3951 ἔφη
1257 3882 1288 3934 ό
1324 3882 1522 3951 γέρων,
1550 3881 1684 3950 ἔχει.
1720 3882 1863 3934 Οὐκ-

1964 3902 2196 3955 rumque
2250 3896 2501 3940 naturam
2557 3886 2810 3940 omnibus
2845 3901 2967 3955 quae
3011 3892 3135 3953 post
3190 3885 3341 3951 ipsos
3395 3882 3548 3936 facta:

291 3974 416 4038 οὖν,
448 3966 493 4026 ὦ
526 3972 793 4042 βέλτιστε,
825 3971 982 4042 ἔφην,
1037 3970 1134 4024 καὶ
1176 3968 1277 4040 τὴν
1313 3970 1498 4040 ψυχήν
1548 3972 1862 4025 σουσοανεῖν

1968 3986 2097 4033 sunt
2131 3980 2566 4047 praestantiorem
2616 3994 2759 4040 esse,
2803 3980 3100 4046 prima‘que
3150 3978 3225 4031 illi
3255 3976 3425 4047 magis
3457 3991 3548 4029 co-

288 4066 397 4128 δεῖ,
428 4065 526 4118 καὶ
555 4065 736 4117 πᾶσαν
765 4062 953 4133 ἄλλην,
984 4063 1079 4116 καὶ
1121 4059 1304 4132 πολλῷ
1331 4078 1395 4130 γε
1429 4062 1865 4130 μᾶλλονταύτας

1967 4079 2209 4139 gnatam.
2245 4070 2404 4124 Modo
2432 4070 2577 4122 enim
2604 4069 2707 4122 hoc
2733 4069 2862 4122 mihi
2891 4067 3093 4121 dicenti
3124 4083 3248 4121 cum
3282 4084 3391 4121 non
3419 4082 3551 4121 con-

291 4159 329 4226 ῆ
361 4156 491 4219 τοὺς
541 4155 830 4223 ἀγγέλους,
878 4155 1000 4207 ἐπεὶ
1050 4153 1248 4208 πολλοῦ
1300 4169 1364 4223 γε
1423 4154 1517 4208 καὶ
1565 4154 1646 4207 δεῖ
1688 4154 1866 4226 ψυχὰς

1970 4163 2287 4220 tradixeris.
2334 4176 2595 4217 assensus
2621 4175 2702 4223 es,
2735 4161 2990 4214 arbitror.
3026 4159 3194 4213 Recte
3243 4167 3299 4213 tu
3333 4159 3550 4228 quidem

294 4249 559 4315 ἀγγέλοις
613 4246 1034 4315 παρισωθῆναι·
1087 4244 1223 4299 πολὺ
1272 4246 1384 4316 γὰρ
1441 4245 1614 4315 δήπου
1665 4247 1866 4311 ταύτας

1972 4254 2264 4316 arbitrare,
2299 4254 2502 4321 inquit.
2525 4248 2681 4314 Vide,
2719 4250 2964 4317 inquam,
3008 4247 3213 4316 optime
3248 4248 3353 4309 vir,
3382 4262 3556 4316 quan-

297 4342 532 4393 ἐκείνων
581 4340 779 4409 ἥττους
814 4336 1178 4406 γνωρίζομεν.
1206 4336 1369 4391 Καὶό
1429 4337 1684 4408 Πέρσηςο
1728 4339 1870 4391 Ἀλλ’

1976 4353 2088 4397 tum
2138 4344 2326 4397 fallare
2362 4357 2463 4396 :an
2495 4358 2603 4398 non
2636 4352 2781 4395 luant
2814 4341 2977 4394 etiam
3023 4339 3284 4402 animant,
3310 4352 3554 4392 omnem-

298 4436 363 4486 οὐ
393 4432 641 4495 δοξάζειν
691 4430 1114 4501 παρειλήφαμεν
1158 4427 1344 4483 οὕτω’
1375 4429 1471 4483 καὶ
1519 4431 1629 4499 γάρ
1681 4447 1763 4484 τοι
1814 4432 1871 4485 αἱ

1975 4452 2081 4507 que
2116 4436 2277 4490 aliam
2333 4436 2557 4489 interire
2607 4433 2855 4503 oportet?
2904 4433 3186 4500 multoque
3238 4430 3411 4500 magis
3458 4430 3558 4483 luas

300 4526 476 4594 ψυχαὶ
529 4522 878 4591 διαμένουσιν
907 4520 1189 4592 ἀθάνατοι,
1243 4519 1383 4590 μετὰ
1423 4520 1482 4574 τὸ
1512 4520 1717 4584 ταύτας
1764 4521 1873 4575 τῶν
1902 4565 1954 4626 D

1902 4565 1954 4626 Β
1980 4544 2142 4599 quam
2175 4528 2416 4597 angelos,
2447 4528 2705 4595 quoniam
2738 4526 2907 4579 multo
2941 4524 3119 4578 hercle
3155 4523 3326 4583 abest,
3361 4530 3420 4575 ut
3444 4520 3558 4574 ani—

306 4616 583 4685 σωμάτων
637 4613 1049 4682 ἀπαλλαγῆναι.
1100 4607 1176 4666 Εὖ
1227 4611 1400 4664 ποιῶν
1448 4611 1622 4665 ταῦτα
1670 4611 1874 4679 λέγεις,
1902 4607 1952 4626 ⁸¹

1902 4607 1952 4626 ”
1982 4638 2084 4676 mae
2116 4621 2321 4691 angelis
2346 4628 2700 4687 exaequentur
2732 4634 2747 4671 :
2789 4619 2885 4672 has
2913 4616 3057 4669 enim
3094 4614 3202 4668 illis
3233 4613 3395 4683 longe
3416 4611 3558 4665 inl'e-

306 4704 470 4759 εἷπον
501 4705 631 4774 ἐγώ.
688 4704 859 4775 Πλὴν,
916 4705 1034 4767 πῶς
1063 4698 1225 4758 αὗται
1256 4702 1379 4774 μὶν,
1421 4704 1629 4776 καίπερ
1680 4705 1878 4768 ἐνδεῶς

1983 4713 2156 4768 riorcs
2187 4727 2307 4766 esse
2333 4719 2570 4764 constat.
2602 4706 2724 4762 Non
2762 4717 2943 4762 tamen
2973 4708 3044 4761 ita
3072 4712 3175 4770 est,
3210 4703 3420 4771 inquit:
3452 4716 3558 4756 non

307 4799 452 4867 πρὸς
477 4798 579 4865 τὴν
613 4795 721 4849 τῶν
762 4795 1012 4863 ἀγγέλων
1036 4792 1256 4863 ἔχουσαι
1289 4793 1628 4863 τελειότητα,
1676 4795 1881 4865 φθορᾶς

1980 4804 2129 4860 illam
2158 4819 2257 4857 nos
2282 4801 2626 4869 disciplinam
2661 4814 2691 4852 a
2717 4798 3018 4865 majoribus
3050 4796 3364 4865 accepimus
3395 4811 3408 4847 :
3443 4792 3560 4846 ani-

308 4892 452 4942 είσιν
483 4886 815 4957 ὑψηλότεραι
842 4903 857 4951 ;
888 4885 923 4956 ἢ
980 4884 1045 4939 δι
1068 4884 1276 4938 τούτων
1327 4884 1651 4952 ὑπέρκειται
1698 4884 1882 4953 φύσις,

1984 4912 2108 4971 ωσι,
2144 4902 2431 4964 postquam
2468 4890 2790 4957 corporibus
2837 4889 3081 4943 liberata:
3136 4897 3284 4949 sunt,
3341 4900 3562 4953 perma-

309 4980 525 5047 φθορὰν
555 4977 646 5030 καὶ
674 4976 905 5030 θάνατον
937 4974 1338 5044 ὑποστήσεται;
1364 4975 1437 5027 Τὸ
1460 4975 1571 5045 γὰρ
1598 4974 1660 5029 τὺ
1696 4975 1882 5029 δεύτε-

1988 4998 2115 5043 nent
2145 4986 2498 5042 immortales.
2539 4985 2682 5040 Bene
2714 4983 2871 5047 facis,
2912 4980 3322 5051 inquam,quod
3353 4981 3458 5033 hoc
3482 4979 3564 5033 di-

316 5073 410 5139 ρόν
446 5086 503 5121 τε
532 5069 627 5121 καὶ
659 5062 821 5139 ἧττόν
851 5085 903 5120 τι
930 5067 1186 5137 πάσχειν,
1216 5066 1355 5135 ὅπερ
1378 5065 1439 5119 οὺ
1467 5066 1529 5118 τὸ
1549 5066 1764 5137 πρῶτον
1790 5072 1882 5122 καὶ

1987 5077 2087 5131 cis.
2106 5074 2234 5136 Sed,
2250 5089 2358 5141 quo
2386 5075 2596 5129 tandem
2621 5075 2781 5127 modo
2803 5073 2999 5126 anima
3018 5071 3259 5140 quidem,
3278 5070 3379 5126 etsi
3405 5084 3565 5139 ange-

318 5164 572 5230 κρεῖττον
620 5160 875 5229 φαίνεται
913 5162 1142 5228 πάσχον,
1168 5156 1323 5210 οὐδὲν
1368 5157 1682 5227 θαυμαστόν
1701 5176 1717 5191 ο
1746 5155 1809 5214 οὗ
1837 5162 1882 5215 δ’

1991 5169 2169 5222 lorum
2193 5166 2525 5234 perfectione
2553 5162 2860 5227 inferiores,
2878 5174 3044 5230 supra
3073 5175 3289 5215 omnem
3314 5160 3567 5215 interitus

316 5252 383 5304 ἂν
416 5252 502 5320 είη
544 5251 603 5302 τὸ
659 5250 912 5321 δεύτερόν
944 5267 1005 5303 τε
1066 5252 1161 5303 καὶ
1197 5245 1360 5321 ⁴ἧττον
1398 5250 1535 5313 ὅλως
1578 5251 1884 5323 ἐλεύθερον,

1993 5260 2166 5313 aleam
2225 5258 2412 5324 positae
2443 5265 2587 5318 sunt,
2612 5254 2811 5309 animis
2841 5264 3024 5308 autem
3077 5252 3328 5320 superior
3370 5260 3565 5305 natura

321 5345 490 5413 σχολῇ
523 5343 573 5409 γ’
605 5343 672 5396 ἂν
722 5344 898 5411 τούτῳ
938 5342 1282 5396 ηδουλεύσειεν
1311 5341 1342 5395 ὃ
1385 5342 1519 5395 πολύ
1565 5360 1647 5396 τοι
1676 5345 1888 5399 ἐκείνου

1997 5350 2401 5417 corruptionem
2438 5358 2775 5416 mortemque
2810 5345 3093 5415 patietur?
3138 5344 3333 5396 Mirum
3367 5343 3570 5412 quippe

317 5434 711 5501 εὐγενέστερον
738 5435 1102 5504 ὡμολόγηται.
1142 5435 1211 5488 Ἣ
1241 5435 1302 5488 οὐ
1345 5435 1495 5488 δοκεῖ
1529 5455 1652 5503 aut;

1996 5457 2103 5496 non
2137 5451 2240 5501 est,
2273 5439 2566 5492 secundam
2603 5438 3028 5507 interioremque
3051 5432 3412 5490 substantiam
3458 5432 3568 5501 pati

319 5527 554 5595 aliquid,
586 5527 727 5596 quod
758 5527 930 5595 prima
968 5536 1023 5581 et
1051 5527 1300 5598 superior
1330 5544 1436 5585 non
1476 5531 1713 5598 patiatur
1744 5552 1756 5587 :
1794 5536 1887 5590 sed
1930 5550 2035 5604 qua
2069 5534 2137 5587 ab
2185 5547 2241 5585 re
2276 5529 2515 5586 secunda
2553 5529 2889 5598 inferiorque
2922 5540 3119 5583 natura
3183 5527 3362 5581 soluta
3427 5524 3575 5582 site:

322 5622 518 5683 libera,
549 5620 599 5675 ei
632 5619 736 5687 ipsi
774 5620 849 5674 rei
882 5635 1024 5690 aegre
1050 5622 1288 5677 obnoxia
1322 5637 1442 5678 esse
1474 5624 1646 5691 possit
1712 5634 1932 5690 natura,
2009 5638 2173 5694 quant
2220 5623 2377 5692 longe
2413 5625 2650 5677 secunda
2696 5620 3021 5675 nobiliorem
3062 5633 3184 5674 esse
3225 5616 3571 5672 conﬁtentur.

326 5713 527 5765 Annon
561 5710 655 5764 tibi
690 5713 763 5764 ita
798 5709 1050 5766 videtur?

396 5893 474 5959 (Ι)
505 5890 711 5960 Nempe
747 5893 965 5949 divinar.
