4202 6444
269 421 377 486 lii

1222 428 1609 491 DIALOGUS
1656 430 1675 489 l
1716 430 1875 491 CUM
1922 427 2476 489 MOHAMETANO.

3403 420 3508 487 146

261 511 425 581 ἡμεῖς
475 509 678 579 μᾶλλον
730 509 763 579 ἦ
799 509 1006 579 μεθόδῳ
1054 513 1148 566 καὶ
1186 514 1346 587 τέχνῃ
1396 517 1490 569 καὶ
1518 518 1814 586 ,λογισμοῖς
1846 524 1888 579 Α

1846 524 1888 579 Α
1919 516 2061 569 modi
2085 515 2383 570 auferatur.
2406 517 2536 569 Nam
2574 514 2676 569 [ide
2701 514 2874 587 magis
2892 528 3055 585 quam
3087 520 3224 585 arte,
3245 511 3505 568 methodo

258 599 657 671 ἐδραιούμιεθα⁶
689 599 828 670 πλὴν
853 601 955 665 ἕως
996 603 1226 672 ἐφεῖται,
1273 608 1505 677 χρῆσθαι
1533 609 1607 677 τῷ
1653 608 1824 661 είκότι

260 698 405 751 πάνυ
437 697 622 750 καλόν.
652 696 822 751 Ἔνθα
875 698 975 766 μὲν
1004 698 1115 768 γὰρ
1146 699 1331 761 πίστις
1367 700 1429 751 ού
1474 701 1823 770 προηγεῖται,

259 788 656 859 ἀναντιρῤήτου
684 805 744 841 τε
767 788 942 859 πάντη
974 788 1071 843 καὶ
1118 788 1564 858 ὁμολογουμένης
1592 790 1825 858 δεόμεθα

260 880 594 946 ἀποδείξεως
619 896 633 911 ⁸
663 879 793 934 ἔνθα
820 881 877 934 δὲ
907 882 1092 944 πίστις
1118 880 1177 933 τὸ
1212 883 1317 935 πᾶν
1343 881 1537 951 ίσχύει,
1567 882 1825 951 ἐναργέσι

262 968 366 1037 μὲν
419 968 728 1033 ἀποδείξεσι
772 969 937 1032 τόπος
982 971 1082 1023 οὐκ
1137 970 1240 1024 ἔνι.
1305 970 1669 1025 Ἀντίκεινται
1721 972 1828 1042 γὰρ

259 1059 561 1130 ἀλλήλοιςῆ
580 1077 637 1112 τε
662 1059 840 1124 πίστις
867 1063 961 1113 καὶ
986 1062 1019 1131 ἡ
1049 1062 1344 1128 ἀπόδειξις,
1364 1069 1461 1117 καὶ
1489 1064 1588 1116 ούκ
1609 1064 1674 1117 ἄν
1700 1081 1828 1117 ποτε

262 1151 509 1206 συνέλθοι
541 1153 685 1207 κατά
714 1152 909 1205 ταυτὸν
933 1153 1216 1223 ἀμφότερα
1236 1171 1250 1186 ο
1279 1153 1339 1207 τὸ
1368 1155 1424 1207 δέ
1462 1154 1612 1218 εἰκὸς
1638 1158 1703 1225 τῇ
1735 1154 1829 1207 πί-

261 1260 385 1296 στει
415 1244 803 1315 παρομαρτοῦν
852 1246 915 1297 ἐκ
953 1247 1275 1315 περισσείας
1307 1247 1384 1315 (1)
1408 1248 1621 1315 γίνεται
1666 1248 1831 1315 λιμὴν

260 1336 376 1395 τοῖς
429 1333 769 1397 πιστεύουσι,
815 1336 910 1388 καὶ
957 1338 1199 1407 γαλήνην
1253 1338 1533 1408 λογισμοῖς
1588 1339 1829 1406 ἐμποιεῖ,

261 1423 512 1494 ἀγκύρας
546 1425 633 1477 ἐπ’
688 1426 940 1496 ἰσχυρᾶς,
992 1428 1138 1495 λέγω
1175 1429 1239 1501 δὴ
1270 1430 1370 1499 τῆς
1420 1429 1680 1491 πίστεως,
1734 1428 1833 1491 τὰς

261 1512 367 1581 τῆς
414 1514 694 1583 σωτηρίας
753 1516 975 1581 ἐλπίδας
1026 1518 1407 1589 ἀναθεμένοις.
1465 1518 1637 1571 Ἔνθα
1700 1518 1834 1587 γοῦν

260 1605 502 1673 ἐφεῖται,
535 1606 677 1660 πάνυ
724 1624 789 1673 γε
818 1608 983 1661 καλὸν
1020 1610 1195 1680 τούτῳ
1239 1610 1516 1681 χρῆσθαι*
1550 1610 1578 1663 δ
1616 1609 1681 1680 δὴ
1733 1611 1828 1664 καὶ

260 1699 529 1768 ποιῶμεν,
556 1702 604 1753 εί
634 1700 835 1770 βούλει,
861 1702 1291 1763 ἐπαναλαϐόντες
1319 1703 1422 1773 ήδη
1453 1683 1753 1770 τὸνλόγον.

1928 618 1982 661 et
2036 608 2549 663 ratiocinationibus
2597 616 2809 663 stamus
2843 626 2857 662 :
2895 608 2988 664 sed
3021 616 3200 661 tamen
3236 613 3504 673 quantum

1928 698 2054 752 licet
2104 699 2579 767 probabilitatibus
2625 700 2703 753 uti
2755 715 2883 755 sane
2934 698 3202 753 laudabile
3247 704 3350 750 cst.
3403 694 3506 748 Ubi

1927 790 2071 843 enim
2118 790 2246 845 ﬁdes
2275 806 2381 844 non
2429 791 2605 860 prazit,
2646 790 2951 845 indubitata
2999 791 3239 858 nullique
3282 788 3509 841 omnino

1929 880 2350 939 contradictioni
2382 884 2613 939 obnoxia
2646 884 3115 940 demonstratione
3152 881 3461 949 indigemus
3489 894 3503 928 :

1933 975 2066 1029 lides
2096 989 2221 1028 vero
2248 976 2336 1028 ubi
2364 991 2580 1030 omnem
2609 976 2714 1029 vim
2741 976 2924 1039 habet,
2960 972 3263 1028 manifestis
3289 969 3510 1035 quidem

1931 1066 2489 1121 demonstrationibus
2522 1068 2671 1121 locus
2696 1083 2803 1121 non
2835 1076 2941 1122 est.
2989 1065 3120 1119 Nam
3150 1063 3510 1117 adversantur

1933 1155 2035 1209 sibi
2074 1155 2202 1209 ﬁdes
2238 1166 2290 1210 ct
2315 1157 2731 1220 demonstratio,
2765 1171 2864 1210 nec
2890 1151 3364 1223 unquaminidem
3392 1164 3510 1201 am-

1934 1246 2003 1299 bo
2037 1248 2330 1300 convenire
2354 1255 2582 1314 possunt
2620 1263 2634 1298 :
2672 1245 2762 1299 sed
2791 1244 3066 1314 probabile
3106 1248 3509 1311 argumentum,

1936 1336 2091 1390 ﬁdem
2127 1352 2188 1390 ex
2221 1336 2518 1389 abundanti
2554 1337 2844 1400 comitans,
2872 1333 3224 1389 credentibus
3274 1330 3331 1383 lit
3383 1345 3512 1398 por-

1937 1441 2023 1482 tus
2057 1428 2279 1495 quidam
2317 1446 2329 1480 :
2364 1427 2871 1481 ratiocinationibus
2904 1439 3092 1479 eorum
3143 1423 3379 1492 quietem
3415 1435 3510 1486 pa-

1937 1519 2033 1581 rit,
2074 1520 2329 1587 quoniam
2365 1534 2512 1587 spem
2540 1534 2651 1573 suae
2683 1518 2868 1573 salutis
2902 1518 2955 1571 in
2989 1515 3113 1571 forti
3148 1527 3373 1575 ancora,
3408 1511 3513 1562 hoc

1934 1620 2017 1664 est
2048 1610 2172 1676 ﬁde,
2205 1620 2488 1679 reponunt.
2524 1610 2692 1678 igitur
2722 1610 2810 1663 ubi
2843 1609 3050 1662 licitum
3105 1618 3209 1670 εει,
3244 1600 3511 1672 probabili

1934 1711 2254 1772 argumento
2302 1703 2379 1756 uti
2432 1718 2591 1771 quam
2656 1704 2895 1755 maxime
2965 1701 3169 1755 decet:
3215 1696 3357 1763 quod
3416 1707 3517 1748 nos

259 1791 711 1860 etiam,slplacet,
752 1792 1035 1862 faciamus,
1078 1801 1242 1864 atque
1272 1794 1337 1848 ad
1366 1809 1486 1850 eam
1518 1803 1727 1865 partem
1768 1794 2060 1861 sermonis,
2093 1809 2158 1848 ex
2190 1808 2297 1861 qua
2325 1794 2526 1863 egressi
2563 1809 2770 1860 sumus,
2801 1802 3159 1849 revertamur.

336 1910 419 1964 ιδ’.
460 1906 637 1972 Εἶπας
675 1909 855 1963 τοίνυν
899 1910 1102 1981 κυρίως
1147 1911 1246 1980 μέν
1287 1912 1519 1967 θάνατον
1561 1908 1702 1968 εἶναι
1745 1912 1834 1965 τὸν
1869 1917 1909 1972 Β

1869 1917 1909 1972 Β
2014 1913 2101 1967 Η.
2138 1912 2364 1968 Mortem
2392 1913 2557 1984 igitur
2587 1916 2804 1984 proprie
2838 1928 2962 1967 esse
2996 1912 3180 1966 dixisti
3213 1910 3513 1965 discessum

264 1998 368 2068 τῆς
392 1997 571 2068 ψυχῆς
597 1998 705 2052 ἀπὸ
727 1997 819 2051 τοῦ
849 1999 1099 2067 σώματος
1125 2000 1404 2070 χωρισμόν
1425 2013 1441 2030 ⁶
1468 2018 1837 2072 καταχρηστι-

267 2091 381 2152 κῶς
418 2090 476 2143 δέ
513 2091 606 2144 καλ⁵
646 2090 779 2145 ἄλλα
818 2089 1078 2160 θνήσκειν
1116 2092 1410 2160 λέγεσθαι,
1447 2092 1542 2146 καί
1579 2110 1700 2148 τινα
1739 2094 1838 2163 μὲν

268 2172 476 2239 τούτων
509 2185 699 2254 μηκέτ’
722 2179 864 2238 εἶναι
896 2184 1019 2255 μηδ’
1040 2186 1439 2240 ἀνασιώσεσθαι
1471 2188 1709 2257 μέλλειν,
1739 2204 1838 2240 κα-

268 2276 548 2347 ταφθορὰν
589 2276 898 2331 ὑποστάντα
924 2292 940 2309 ο
983 2276 1099 2330 ἔνια
1139 2278 1193 2331 δὲ
1239 2278 1401 2332 πάλιν
1440 2278 1835 2346 ἀλλοιωθέντα,

270 2372 368 2423 καὶ
408 2369 578 2439 ταύτῃ
621 2367 926 2439 κρείττονος
965 2370 1349 2434 καταστάσεως
1389 2371 1834 2438 ἀπολελαυκότα,

274 2461 477 2531 μηκέτι
505 2460 676 2513 ταῦτα
706 2459 1013 2513 δουλεύσειν
1043 2460 1256 2532 θανάτῳ
1284 2479 1341 2515 τε
1375 2464 1469 2517 καὶ
1501 2462 1696 2534 φθορᾷ.
1727 2463 1837 2533 Τὴν

270 2552 330 2606 δέ
377 2551 661 2605 ἀλλοίωσιν
704 2542 927 2623 ταύτην
956 2551 1183 2606 θάνατόν
1233 2571 1316 2607 σοι
1363 2554 1516 2622 φίλον
1566 2572 1837 2625 προσαγο-

275 2640 461 2711 ρεύειν
493 2641 586 2695 καὶ
627 2640 927 2695 ἀναϐίωσιν
949 2682 965 2707 ,
999 2636 1065 2714 ἧς
1104 2644 1196 2696 καὶ⁵
1229 2644 1328 2707 τάς
1366 2643 1545 2714 ψυχὰς
1588 2646 1837 2714 μεθέξειν

272 2734 573 2801 ἀναγκαῖόν
605 2750 688 2786 σοι
729 2733 1019 2801 φαίνεται·
1053 2734 1121 2788 ἶν’
1146 2735 1444 2806 ἐπειδήπερ
1481 2736 1654 2807 ἀρχὴν
1688 2738 1837 2808 εἰλή-

274 2844 430 2895 φασι,
455 2825 605 2888 τέλος
625 2823 934 2890 ἀκολούθως
957 2824 1339 2895 ἐκδεχομένην,
1362 2826 1840 2883 ἀπαθανατισοῶσι

272 2920 363 2973 διά
389 2920 483 2986 τῆς
514 2918 929 2980 ἀνακαινίσεως,
956 2918 1051 2970 καὶ
1077 2918 1337 2988 δευτέρας
1362 2920 1535 2991 ταύτῃ
1564 2923 1839 2976 καταστά-

275 3026 412 3071 σεως
456 3009 721 3076 τύχωσιν,
768 3006 1025 3068 ἐπιεικῶς
1070 3007 1354 3074 ἀμείνονος
1399 3009 1496 3081 τῆς
1541 3011 1835 3079 προτέρας.

273 3106 445 3161 Ταυτὶ
482 3106 539 3159 δέ
579 3104 789 3174 ἔφησθα
825 3105 1041 3169 πάντως
1073 3105 1153 3175 τῷ
1193 3106 1363 3159 εἰκότι
1406 3104 1721 3175 χρώμενος’
1758 3101 1839 3170 οἷς

274 3202 384 3270 γὰρ
409 3203 521 3264 τοῖς
550 3199 796 3269 σώμασιν
822 3200 877 3251 at
904 3200 1079 3269 ψυχαὶ
1104 3200 1419 3255 κοινωνοῦσι
1446 3203 1542 3255 καὶ
1566 3201 1673 3255 τῶν
1700 3203 1838 3269 ἀγα-

276 3293 387 3344 θῶν
405 3333 420 3356 ,
448 3292 539 3345 καὶ
564 3291 672 3343 τῶν
701 3291 775 3360 μὴ
798 3291 1085 3355 τοιούτων,
1113 3292 1206 3344 καὶ
1234 3290 1419 3357 ἁπλῶς
1446 3292 1662 3346 πάντων
1687 3294 1841 3363 ἐξῆς,

276 3382 372 3436 καὶ
406 3381 499 3434 τοῦ
538 3380 768 3435 θανάτου
800 3381 985 3444 αὐτοῖς
1017 3384 1426 3451 κοινωνήσουσι.
1463 3382 1644 3435 Ταῦτα
1675 3379 1763 3452 ἦν,
1798 3378 1843 3437 ὧ

276 3474 429 3541 ’γαθέ
448 3514 464 3539 ,
496 3472 550 3526 εί
575 3490 638 3540 γε
673 3473 748 3542 μὴ
790 3471 1137 3526 παντάπασιν
1163 3472 1557 3543 ἐπιλέλησμαι,
1592 3474 1627 3528 ἀ
1656 3473 1722 3526 δι’
1747 3475 1842 3526 ἄλ-

276 3565 387 3617 λων
420 3562 696 3632 ὀνομάτων
730 3562 1058 3634 (συνέτεμον
1090 3563 1201 3631 γάρ
1232 3562 1324 3615 τὸν
1357 3562 1540 3628 λόγον)
1576 3563 1704 3630 περὶ
1737 3563 1845 3616 τῶν

277 3656 474 3727 ψυχῶν
498 3672 600 3721 σοι,
629 3656 725 3708 καὶ
750 3653 846 3707 τοῦ
874 3653 1127 3718 θανάτου,
1152 3654 1250 3709 καὶ
1274 3654 1370 3723 τῆς
1400 3654 1739 3718 ἀλλοιώσεως
1767 3655 1845 3708 εῐ-

283 3764 484 3821 ρηται·
521 3749 570 3803 si
612 3747 658 3801 δ’
682 3746 1063 3817 ἐπελαθόμην,
1098 3746 1267 3810 αὐτὸς
1297 3747 1631 3819 ἀνάμνησον.
1668 3749 1775 3800 Καὶ
1816 3750 1843 3801 ό

281 3842 518 3911 Πέρσης,
557 3838 717 3893 Ἀλλὰ
743 3838 914 3892 ταῦτά
944 3840 1109 3904 ἐστιν,
1140 3838 1264 3907 ἔφη.

352 3962 435 4010 ιε’.
476 3954 609 4008 Eius
640 3955 703 4023 δὴ
734 3953 978 4023 πρῶτον,
1009 3952 1144 4021 ἔφην
1174 3953 1315 4020 ἐγὼ.
1351 3954 1487 4022 ποίῳ
1515 3955 1579 4022 δή
1610 3970 1715 4006 τινι
1746 3953 1845 4005 θα-

279 4048 431 4117 νάτῳ
468 4043 772 4097 δουλεύσειν
805 4043 1088 4112 ὑπόχρεως
1121 4037 1260 4094 εἶναι
1295 4043 1472 4111 λέγεις
1511 4044 1636 4105 τοὺς
1676 4044 1845 4110 ἀγγέ-

279 4140 428 4202 λους,
452 4136 530 4205 τῷ
556 4135 779 4206 κυρίως,
808 4136 841 4205 ἢ
868 4133 943 4204 τῷ
976 4135 1081 4204 pi);
1114 4133 1385 4203 Καθαρῶς
1419 4135 1537 4204 μὲν,
1567 4135 1667 4203 ἔφη
1698 4137 1725 4188 ό
1753 4138 1844 4202 γέ-

283 4246 416 4300 ρων,
461 4226 588 4280 οῦτε
638 4223 858 4294 λέγεται
905 4241 980 4287 τι,
1035 4222 1158 4277 οὔτε
1210 4223 1317 4293 μὴν
1362 4225 1670 4292 γέγραπται
1718 4228 1846 4292 περὶ

279 4317 474 4372 τούτου
491 4356 506 4381 ,
537 4314 705 4387 πλὴν,
735 4314 816 4368 ὅτι
844 4314 940 4368 καὶ
966 4315 1017 4366 oi
1043 4314 1266 4382 ἄγγελοι
1294 4313 1661 4382 τεθνήξονται.
1693 4314 1846 4367 Δοκῶ

277 4411 335 4464 δέ
372 4426 495 4477 μοι,
526 4408 619 4461 καὶ
648 4405 861 4477 μάλιστ’
883 4406 942 4472 ἐξ
973 4398 1049 4459 ὧν
1078 4421 1162 4458 σοι
1192 4403 1286 4459 νῦν
1314 4403 1378 4469 δὴ
1408 4406 1652 4475 εῖρηται,
1681 4404 1755 4465 ὡς
1784 4400 1844 4457 εῦ

278 4502 346 4558 ἂν
372 4500 487 4572 ἔχοι
509 4499 689 4567 λέγειν
706 4538 721 4561 ,
768 4500 959 4567 ὅτιπερ
988 4496 1077 4550 τὸν
1106 4495 1167 4548 οὐ
1214 4496 1421 4567 κυρίως
1448 4495 1845 4549 ἀποθανοῦνται

278 4594 512 4647 θάνατον
542 4590 592 4642 οἱ
627 4589 705 4660 (2)
740 4587 986 4657 ἄγγελοι.
1025 4588 1135 4641 Καὶ
1181 4587 1300 4651 πῶς
1342 4594 1403 4640 σε
1444 4587 1655 4650 ἄλλως,
1692 4581 1844 4639 εἷπον

280 4682 415 4751 ἐγὼ,
465 4680 737 4750 ἐνδέχεται
785 4678 985 4732 ἐννοεῖν
1024 4694 1084 4731 τε
1126 4677 1222 4731 καὶ
1262 4678 1470 4745 λέγειν,
1514 4676 1684 4748 ἄνδρα
1722 4678 1845 4731 νοῦν

281 4776 479 4844 ἔχοντα
505 4772 599 4824 καὶ
625 4770 788 4838 σοφόν
810 4786 826 4835 ;
848 4770 988 4822 Ὅσα
1021 4769 1118 4840 μέν
1144 4768 1253 4839 γάρ
1278 4770 1343 4822 ἐκ
1373 4770 1634 4823 πλειόνων
1661 4788 1720 4823 τε
1750 4773 1844 4823 καὶ

279 4864 554 4933 διαφόρων
580 4862 679 4932 τὴν
708 4859 943 4929 ὕπαρξιν
968 4860 1101 4929 ἔχει,
1130 4858 1352 4929 εῦδηλον
1377 4859 1452 4922 ὡς
1483 4861 1839 4923 συντέθειται,

284 4958 379 5009 καὶ
402 4955 484 5007 δεῖ
507 4969 638 5005 ποτε
660 4951 832 5004 ταῦτα
856 4951 1193 5019 διαλυθῆναι.
1220 4950 1480 5014 Σύνθεσις
1504 4952 1632 5022 γὰρ,
1661 4956 1841 5021 φασὶν,

280 5048 429 5117 ἀρχὴ
464 5044 819 5106 διαστάσεως.
854 5044 915 5095 El
952 5042 1011 5095 δέ
1042 5043 1107 5113 δὴ
1142 5044 1237 5096 καὶ
1272 5042 1330 5109 ἐξ
1365 5044 1621 5097 ἐναντίων
1657 5046 1845 5098 συντέ-

280 5139 458 5193 θειται
490 5136 587 5189 καὶ
620 5134 783 5203 φύσει
814 5133 1122 5202 πολεμίων,
1154 5127 1245 5187 οἷα
1275 5134 1338 5202 δὴ
1370 5134 1439 5186 τά
1471 5134 1665 5204 πρῶτα
1700 5152 1845 5188 στοι-

281 5230 405 5298 χεῖα
450 5224 548 5295 (ἐξ
578 5216 755 5279 ὧντά
790 5222 999 5293 σώμαθ’
1027 5224 1156 5291 ὑμῖν
1179 5262 1193 5285 ,
1229 5223 1362 5276 Θεοῦ
1396 5225 1621 5291 δυνάμει
1653 5242 1712 5277 τε
1754 5225 1848 5278 καὶ

281 5314 599 5383 κελεύσει),
635 5312 814 5383 θαῦμα
834 5352 849 5378 ,
881 5314 965 5366 ὅτι
993 5313 1088 5367 καὶ
1121 5313 1346 5383 συνῆλθε
1377 5314 1473 5383 τὴν
1502 5314 1675 5385 ἀρχὴν
1706 5314 1847 5368 κατά

279 5405 508 5469 ταυτὸν,
541 5402 637 5456 καὶ
667 5401 917 5456 ὁπωσοῦν
949 5401 1211 5471 συνέστη,
1247 5405 1339 5454 καὶ
1373 5402 1614 5473 διαρκεῖ,
1646 5404 1712 5455 τά
1748 5404 1845 5472 μὲν

276 5496 375 5547 ἐπὶ
420 5495 626 5558 πλεῖον,
665 5494 732 5545 τά
774 5492 830 5545 δέ
872 5492 958 5544 ἐπ’
981 5492 1201 5544 ἔλαττον
1227 5510 1242 5525 ο
1280 5491 1309 5544 δ
1352 5492 1410 5545 δέ
1449 5494 1543 5546 καὶ
1584 5492 1846 5561 ἔκπληξιν

277 5587 538 5657 ἐμποιεῖν
570 5578 681 5637 οἷόν
715 5600 775 5636 τε
810 5582 903 5635 νοῦ
938 5582 1283 5652 μετέχουσιν,
1317 5584 1491 5637 ἐκεῖνο
1525 5583 1753 5669 πάντως
1774 5586 1841 5639 ἂν

357 5813 433 5883 (l)
459 5812 596 5871 Cod.
626 5829 737 5881 rr-g.
774 5812 1108 5881 περιουσίας.

1939 2004 2107 2067 animi
2152 2019 2440 2073 acorpore
2470 2022 2485 2058 :
2517 2019 2612 2072 per
2659 2004 2979 2059 abusionem
3028 2018 3179 2066 vero,
3215 2000 3521 2069 inquiebas,

1939 2096 2044 2151 alia
2064 2097 2229 2150 etiam
2256 2098 2394 2151 mori
2419 2096 2698 2163 dicuntur,
2723 2110 2957 2166 quorum
2983 2096 3226 2165 quaedam
3249 2109 3354 2147 non
3391 2105 3519 2147 sunt

1940 2188 2198 2257 amplius,
2232 2204 2431 2259 neque,
2467 2199 2753 2259 postquam
2800 2195 3057 2257 corrupta
3114 2195 3260 2249 sunt,
3316 2184 3515 2238 revivi-

1940 2290 2093 2336 scent
2128 2301 2141 2337 :
2185 2282 2431 2351 quedam
2468 2292 2654 2336 contra
2684 2283 2988 2345 immutata,
3017 2280 3407 2344 melioremque
3436 2277 3520 2331 sic

1938 2375 2135 2443 adepta
2169 2374 2648 2435 constitutionem,
2700 2373 2859 2426 morti
2911 2372 3363 2440 corruptionique
3409 2384 3518 2419 non

1937 2466 2178 2536 amplius
2219 2473 2381 2519 erunt
2419 2464 2688 2532 subjecta.
2749 2465 2861 2517 [loc
2908 2477 3073 2531 porro
3121 2457 3521 2515 immutationis

1938 2574 2108 2628 genus
2132 2565 2356 2612 mortem
2380 2556 2650 2627 appellare
2677 2556 2772 2611 tibi
2792 2556 2965 2624 placet
2983 2564 3033 2609 et
3051 2551 3539 2615 resurrecﬁonem,

1938 2652 2096 2721 cujus
2130 2650 2339 2704 animas
2366 2664 2584 2719 quoque
2616 2649 2731 2703 fore
2771 2647 3068 2717 aliquando
3098 2645 3392 2715 participes
3424 2659 3521 2696 ne-

1940 2745 2235 2800 cessarium
2284 2744 2379 2798 tibi
2414 2743 2630 2797 videtur
2662 2758 2676 2795 :
2712 2753 2771 2797 ut
2810 2741 3068 2812 quoniam
3101 2749 3281 2794 ortum
3317 2738 3523 2791 habue-

1942 2848 2067 2892 runt
2097 2838 2313 2897 animm.
2344 2837 2572 2905 ideoque
2591 2836 2748 2891 linem
2782 2850 3000 2904 quoque
3032 2834 3233 2888 habere
3266 2838 3518 2900 possunt.

1942 2929 2293 2983 renovatione
2324 2927 2411 2980 illa
2439 2928 2659 2980 demum
2692 2925 3028 2979 immortales
3068 2923 3219 2985 ﬁant,
3251 2924 3438 2987 sicque
3466 2919 3519 2972 in

1940 3020 2169 3074 alterum
2204 3020 2493 3088 quemdam
2525 3025 2727 3071 statum
2777 3016 3115 3085 perveniant,
3153 3014 3332 3083 priore
3363 3012 3521 3080 longe

1941 3112 2247 3166 meliorem.
2300 3109 2423 3164 Hrec
2466 3120 2647 3164 autem
2700 3109 2909 3172 dixisti,
2965 3106 3242 3161 verisimili
3296 3118 3522 3173 prorsus

1943 3212 2267 3274 argumento
2320 3212 2526 3256 utens:
2584 3217 2707 3255 cum
2756 3201 2955 3269 quibus
3004 3201 3148 3254 enim
3200 3197 3522 3266 corporibus

1944 3295 2105 3356 bona,
2144 3295 2283 3348 mala
2344 3304 2644 3360 cateraque
2681 3294 2905 3347 omnino
2971 3292 3151 3345 omnia
3205 3292 3520 3344 connnunia

1945 3388 2251 3443 habuerunt
2293 3388 2509 3449 animae,
2547 3401 2671 3439 cum
2719 3385 2908 3439 iisdem
2956 3397 3299 3437 communem
3357 3381 3522 3433 etiam

1947 3489 2174 3533 mortem
2199 3479 2494 3532 habebunt.
2520 3475 2642 3529 llazc
2663 3475 2775 3528 fere
2793 3485 2936 3537 sunt,
2974 3476 3191 3543 hospes.
3218 3473 3318 3527 nisi
3338 3473 3523 3526 admo-

1945 3570 2072 3625 dum
2100 3584 2187 3623 me
2211 3583 2343 3623 mea:
2368 3567 2649 3622 memoria:
2671 3580 2864 3622 sensus
2886 3566 3043 3631 fallit,
3064 3581 3181 3633 quae
3205 3566 3325 3619 aliis
3344 3565 3524 3618 verbis

1951 3665 2100 3731 (nam
2135 3660 2383 3715 contraxi
2406 3658 2705 3714 orationem
2733 3658 2921 3728 tuam)
2952 3657 3019 3713 de
3051 3658 3359 3711 animarum
3383 3672 3523 3709 mor-

1947 3764 1999 3809 te
2017 3753 2420 3820 mutationeque
2436 3751 2640 3805 dixisti:
2660 3764 2896 3818 quorum
2920 3750 3114 3817 siquid
3132 3749 3263 3802 mihi
3285 3749 3489 3803 excidit
3504 3788 3521 3811 ,

1945 3840 1999 3917 in
2018 3840 2333 3893 memoriam
2352 3853 2562 3894 revoca.
2580 3837 2691 3905 Ego
2709 3853 2835 3893 vero
2855 3838 2992 3893 nihil
3010 3839 3154 3892 aliud
3175 3837 3307 3899 dixi,
3326 3838 3519 3905 inquit.

2017 3932 2103 3985 15.
2154 3930 2342 4000 Igitur,
2379 3932 2621 3998 inquam,
2655 3930 2743 3985 dic
2774 3931 2905 3984 mihi
2942 3930 3199 3997 primum.
3243 3931 3285 3983 si
3323 3931 3521 3996 placet,

1946 4023 2091 4092 quali
2128 4030 2184 4075 tu
2226 4022 2441 4076 tandem
2469 4022 2631 4075 morti
2664 4021 2927 4075 obnoxios
2962 4020 3078 4075 fore
3125 4022 3349 4090 angelos
3381 4023 3525 4075 atiir~

1948 4130 2083 4179 mas,
2137 4124 2319 4167 utrum
2375 4112 2592 4181 preprie
2627 4113 2785 4167 dicta:
2825 4113 2923 4177 illi,
2964 4128 3031 4164 an
3070 4114 3265 4166 secus?
3293 4111 3523 4181 Liquido

1946 4206 2191 4276 quidem,
2233 4205 2429 4274 inquit,
2464 4206 2563 4259 hac
2594 4203 2661 4258 de
2691 4220 2747 4259 re
2772 4220 2952 4274 neque
2979 4204 3176 4258 dicitur
3201 4208 3522 4276 quidquam,

1948 4314 2123 4367 neque
2152 4298 2428 4363 scribitur,
2468 4305 2664 4367 printer
2714 4296 2835 4358 hoc,
2882 4297 3026 4365 quod
3078 4299 3254 4367 angeli
3306 4315 3523 4369 quoque

1947 4390 2269 4444 morientur.
2307 4387 2435 4441 Mihi
2483 4401 2613 4441 vero
2638 4402 2703 4440 ex
2737 4387 2803 4441 iis
2829 4388 3083 4452 maximo,
3117 4403 3235 4456 qua:
3264 4388 3424 4443 modo
3440 4391 3525 4443 di-

1947 4485 2128 4546 cebas,
2156 4481 2353 4536 rationi
2383 4489 2809 4535 consentaneum
2845 4480 3078 4544 videtur,
3100 4490 3155 4534 ut
3186 4490 3515 4546 statuamus,

1878 4566 1919 4620 ι)
1951 4570 2248 4640 improprie
2276 4570 2477 4625 dictam
2509 4577 2740 4623 mortem
2790 4570 3013 4638 angelos
3043 4571 3340 4625 subituros.
3390 4569 3520 4632 Nec.

1954 4665 2199 4730 inquam,
2236 4677 2335 4731 pro
2362 4663 2649 4731 prudentia
2687 4661 2775 4715 illa
2814 4672 2869 4716 et
2901 4663 3166 4726 doctrina,
3192 4677 3313 4732 quae
3342 4671 3423 4718 cst
3467 4665 3519 4718 in

1953 4766 2005 4809 te
2032 4768 2265 4816 summa,
2294 4754 2450 4807 aliter
2474 4764 2625 4822 potes
2653 4752 2854 4807 sentire
2882 4763 2935 4807 et
2973 4752 3141 4821 loqui.
3176 4754 3522 4823 Quaecunque

1953 4862 2018 4900 ex
2052 4845 2296 4915 pluribus
2316 4845 2656 4913 diversisque
2683 4845 2841 4899 rebus
2871 4845 3245 4899 exsistentiam
3270 4845 3516 4910 trahunt,

1954 4956 2016 4993 ea
2042 4939 2258 5007 quidem
2287 4938 2585 5005 composita
2616 4952 2737 4991 esse
2763 4936 3164 5008 aliquandoque
3185 4938 3541 4992 dissolutum

1957 5030 2017 5083 iri
2054 5028 2342 5082 manifesto
2372 5029 2559 5096 liquet.
2590 5026 2719 5081 Nam
2765 5028 3144 5083 dissolutionis
3186 5027 3424 5092 initium,
3461 5038 3521 5083 ut

1953 5122 2128 5185 aiunt,
2160 5130 2242 5174 est
2291 5120 2632 5188 compositio.
2665 5119 2785 5175 Jam
2806 5135 2951 5174 vero
2981 5122 3023 5175 si
3057 5119 3303 5189 quaedam
3335 5120 3416 5175 vel
3451 5136 3516 5175 ex

1953 5213 2243 5266 contrariis
2278 5212 2575 5280 composita
2611 5211 2811 5266 fuerint
2851 5220 3151 5280 naturaque
3176 5212 3315 5265 inter
3337 5225 3395 5266 se
3419 5226 3519 5282 pu-

1950 5305 2263 5376 gnantibus,
2296 5304 2603 5372 cujusmodi
2634 5314 2763 5358 sunt
2792 5306 2965 5373 prima
2993 5302 3302 5371 elementa(
3337 5316 3367 5356 e
3394 5302 3516 5371 qni-

1952 5396 2054 5451 bus
2087 5406 2271 5449 nostra
2302 5410 2528 5463 corpora
2562 5392 2651 5445 Dei
2689 5393 2910 5446 numine
2934 5393 3199 5461 iussuque
3214 5392 3516 5461 constant),

1951 5491 2149 5544 mirum
2194 5496 2337 5540 certe
2373 5486 2589 5544 accidit.
2627 5500 2689 5539 ea
2732 5486 2785 5538 in
2828 5501 2994 5539 unum
3040 5485 3109 5538 ab
3140 5485 3295 5538 initio
3335 5485 3514 5539 locum

1946 5579 2290 5640 convenisse,
2325 5577 2620 5647 aliquoque
2648 5577 2865 5631 tandem
2899 5576 3059 5631 modo
3079 5571 3360 5646 utcunque
3383 5590 3514 5630 con—

2027 5806 2101 5874 (‘2)
2128 5808 2187 5857 (ll
2221 5807 2371 5860 deest
2403 5808 2453 5858 in
2492 5820 2583 5871 τοδε
