4202 6444
736 456 839 522 ῙίἹ

1899 477 2296 542 MANUELIS
2329 484 2780 549 PAL/EOLOGI

3873 498 3971 564 148

720 573 948 638 ειίιίεςο,
980 586 1033 629 et
1056 576 1157 631 alia
1196 577 1448 649 longiori,
1486 582 1591 635 alia
1624 584 1861 638 breviori
1899 590 2160 656 temporis
2205 590 2289 643 in-

2397 596 2505 666 εῐη.
2536 599 2608 651 To
2637 600 2747 668 γὰρ
2779 600 2954 653 πάντα
2987 601 3233 668 πεφυκὸς
3262 602 3621 674 διαφθείρειν,
3648 605 3677 657 ὀ
3708 608 3966 678 πξλεμος,

720 668 945 721 ten-allo
977 685 1295 738 permanere
1332 690 1345 723 :
1382 675 1455 737 id,
1477 676 1568 744 qui
1594 687 1716 731 sunt
1742 679 1967 734 rationis
1994 692 2297 765 compotes.

716 761 822 814 nisi
855 764 1218 819 admiratione
1242 768 1610 837 obstupefacti
1645 774 2007 839 contemplari
2037 790 2147 829 non
2174 761 2300 845 pos;

715 862 863 906 sunt.
893 854 1046 919 Quod
1077 858 1220 911 enim
1253 859 1319 914 ad
1351 862 1533 916 omnia
1563 858 1959 932 corrumpenda
1991 874 2185 921 natum
2210 878 2294 923 est

717 945 953 1011 bellum,
1015 950 1103 1005 hic
1158 961 1371 1008 mutato
1429 956 1621 1010 ordine
1676 958 2071 1015 conservandis
2125 961 2289 1016 rebus

717 1040 925 1092 videtur
974 1042 1258 1101 inservire.
1304 1046 1438 1100 Nam
1467 1050 1895 1116 consideremus,
1928 1068 2033 1122 qua
2082 1053 2292 1108 ratione

716 1131 924 1187 bellum
958 1145 1010 1189 et
1041 1153 1217 1207 pugna
1250 1142 1408 1195 linem
1447 1144 1683 1199 habeant
1718 1163 1732 1199 :
1772 1160 1994 1201 necesse
2021 1157 2123 1212 est,
2155 1146 2290 1200 alte-

713 1239 833 1277 rum
871 1228 1024 1282 sitde
1057 1229 1289 1296 duobus,
1322 1243 1376 1288 ut
1404 1236 1488 1288 vel
1524 1238 1588 1289 ad
1621 1237 1927 1305 pactionem
1956 1252 2049 1292 res
2083 1238 2283 1298 veniat.

715 1318 795 1371 vel
817 1334 843 1373 ο
868 1321 1201 1388 lvictoriatn,
1228 1334 1283 1377 ut
1305 1326 1438 1380 alter
1456 1327 1676 1396 quidem
1698 1330 1901 1394 vincat,
1924 1330 2059 1384 alter
2105 1330 2298 1383 vinca-

716 1418 824 1469 tur.
852 1418 1015 1487 Atqui
1047 1426 1103 1472 ut
1129 1422 1191 1472 ad
1217 1422 1516 1490 pactionem
1540 1424 1679 1479 inter
1696 1440 1753 1480 se
1772 1425 2038 1479 elementa
2056 1425 2295 1487 veniant.

712 1509 825 1560 tieri
841 1524 1181 1580 nequaquam
1206 1522 1378 1582 potest
1398 1531 1410 1568 :
1432 1531 1604 1585 neque
1624 1517 1765 1570 enim
1791 1531 1942 1571 suam
1976 1517 2090 1583 ipsa
2114 1525 2274 1569 natu-

711 1614 825 1653 ram
868 1601 1137 1671 abnegare
1176 1606 1607 1676 possunt.Atque
1626 1608 1691 1661 ab
1729 1608 2126 1678 alteroquidem
2167 1608 2300 1660 alte-

710 1708 831 1745 rum
860 1694 1002 1747 vinci
1032 1697 1398 1751 necessarium
1435 1698 1573 1754 foret
1606 1716 1618 1754 :
1656 1698 1797 1755 Deus
1825 1709 2004 1754 autem
2034 1699 2135 1753 hoc
2159 1697 2274 1753 ﬁeri

2407 687 2521 742 ἀνω
2560 690 2821 759 ποταμῶν
2855 692 2948 744 ἐπὶ
2982 692 3193 758 τούτοις
3231 696 3557 750 συστατικδν
3589 698 3970 766 ἀναφαίνεται.

2406 777 2707 848 Σκοπῶμεν
2736 779 2828 845 δὲ,
2860 782 3006 844 ὅπως
3038 783 3277 854 πολέμου
3308 786 3460 849 τέλος
3494 786 3585 839 καὶ
3618 788 3797 858 μάχης
3829 788 3976 843 δυοῖν

2402 867 2652 941 θάτερον,
2694 871 2729 941 ἢ
2780 874 3107 928 σπείσασθαι
3153 875 3189 946 η
3238 878 3513 945 κρατῆσαι
3540 895 3554 909 ο
3602 878 3829 951 θάτερον
3874 881 3973 951 μὲν

2404 963 2703 1031 κρατῆσαι,
2747 962 2977 1035 θάτερον
3020 966 3077 1020 δὲ
3118 967 3441 1039 ἡττηθῆναι.
3487 970 3599 1023 Καὶ
3643 972 3972 1027 σπείσασθαι

2406 1054 2504 1121 μὲν
2536 1056 2604 1107 τὰ
2636 1058 2879 1126 στοιχεῖα
2911 1058 3162 1129 ἀλλήλοις
3194 1062 3474 1126 παντελῶς
3503 1053 3765 1118 ἀδύνατον
3784 1081 3801 1094 ο
3839 1067 3973 1136 μηδὲ

2402 1144 2510 1214 γὰρ
2541 1144 2639 1215 τὴν
2668 1147 3071 1218 ἑαυτῶν-φύσιν
3099 1152 3433 1222 ἀρνήσασθαι
3466 1153 3719 1213 δυνατόν.
3743 1156 3966 1225 Κρατῆο

2400 1254 2488 1289 σαι
2530 1238 2586 1291 δὲ
2632 1240 2805 1310 πάντη
2853 1241 3056 1312 θάτερα
3129 1244 3237 1297 τῶν
3298 1245 3501 1313 ἑτέρων
3543 1247 3974 1314 ἀναγκαιότατον

2408 1330 2507 1399 μέν
2532 1348 2546 1363 ο
2576 1333 2708 1395 Θεὸς
2742 1334 2797 1386 δὲ
2833 1334 3007 1405 εἴργει
3033 1337 3191 1390 τοῦτο
3222 1338 3492 1406 γενέσθαι.
3526 1337 3598 1392 Τὸ
3630 1339 3738 1411 γὰρ
3771 1341 3977 1411 κρατῆ-

2404 1438 2502 1474 σαν
2536 1423 2592 1474 ἔν
2626 1424 2809 1486 αὐτοῖς
2845 1426 3056 1502 ἀνάγκη
3093 1427 3399 1496 διαφθεῖραι
3433 1432 3494 1484 τὸ
3528 1432 3805 1502 κρατηθὲν
3826 1471 3843 1495 ,
3880 1432 3974 1485 καὶ

2401 1513 2578 1583 τούτῳ
2614 1500 3013 1585 συμφθαρῆναι
3041 1518 3101 1571 τδ
3136 1519 3455 1585 ἀναλῶσαν,
3491 1500 3741 1593 καθάπερ
3776 1522 3878 1593 ὕλῃ
3911 1522 3972 1575 τὸ

2403 1604 2513 1672 πῦρ
2538 1620 2553 1636 ο
2591 1605 2731 1659 ὥστε
2766 1608 2836 1660 τά
2876 1611 3117 1678 στοιχεῖα
3160 1611 3298 1679 μόνα
3332 1613 3409 1680 (1)
3444 1613 3520 1681 τῷ
3563 1614 3820 1683 πολεμεῖν
3853 1614 3973 1667 δια-

2408 1697 2557 1766 μένει
2579 1738 2593 1759 .
2632 1702 2726 1753 καὶ
2759 1701 2836 1771 τῷ
2874 1701 3166 1773 παραδόξῳ
3198 1703 3373 1774 τούτῳ
3405 1705 3729 1768 διασώζεται
3762 1704 3969 1774 τρόπῳ.

713 1786 979 1851 prohibet.
1007 1788 1139 1843 Nam
1206 1791 1556 1858 elementum,
1584 1800 1728 1865 quod
1776 1795 1828 1849 in
1864 1795 1995 1863 ipsis
2015 1793 2256 1848 victoria:
2293 1807 2517 1862 compos
2556 1793 2719 1861 foret,
2748 1797 2799 1851 id
2826 1804 2880 1852 et
2916 1798 3115 1853 victum
3145 1800 3477 1855 elementum
3516 1801 3751 1865 tolleret,
3783 1808 3838 1854 et
3867 1807 3971 1855 una

708 1897 834 1933 cum
863 1883 955 1934 illo
980 1885 1122 1953 quod
1155 1888 1612 1955 consumpsisset.
1652 1891 1795 1943 sicut
1818 1889 2034 1943 ﬂamma
2061 1903 2183 1942 cum
2212 1886 2457 1950 materia,
2490 1887 2664 1956 ipsum
2695 1892 3136 1961 cxstingueretur
3174 1912 3189 1949 :
3225 1894 3366 1949 adeo
3407 1904 3466 1949 ut
3514 1893 3642 1949 belli
3707 1906 3811 1962 ope
3856 1891 3969 1947 sola

707 1975 975 2029 elementa
1022 1979 1333 2048 perdurent,
1378 1982 1802 2052 hujttsmodique
1839 1984 2021 2049 modo,
2071 1995 2244 2051 eoque
2283 1978 2589 2035 admirabili
2629 1995 3041 2041 conserventur.

779 2068 866 2124 l6.
921 2069 1073 2125 Unde
1120 2072 1318 2126 mirum
1366 2089 1490 2129 esse
1538 2075 1673 2140 dixi,
1717 2078 1867 2146 quod
1910 2091 1975 2131 ex
2011 2074 2274 2146 ejusmodi
2309 2076 2354 2134 Β

707 2163 992 2233 principiis
1026 2166 1093 2219 ab
1143 2166 1302 2221 initio
1354 2183 1443 2222 no.c
1486 2184 1537 2222 ra
1579 2183 1805 2239 corpora
1835 2170 2205 2235 constiterint,
2240 2177 2294 2225 et

706 2255 789 2308 vel
823 2255 968 2309 brevi
1001 2258 1253 2324 quopiam
1288 2266 1531 2326 tempore
1562 2251 1934 2324 permaneant.
1959 2259 2287 2329 Angelorum

706 2359 840 2399 vero
873 2355 1065 2399 natura
1099 2346 1330 2416 simplex
1355 2347 1755 2417 el'ementisque
1791 2351 2164 2418 praestantior,
2194 2364 2289 2402 ue-

705 2452 809 2506 qne
844 2438 912 2493 ab
943 2440 1030 2503 iis,
1063 2440 1345 2494 elementis
1377 2440 1519 2505 dico,
1546 2442 1918 2496 exsistentiam
1953 2442 2114 2498 habet
2140 2442 2289 2511 (quo

707 2530 876 2593 enim,
906 2532 1154 2597 obsecro,
1189 2543 1348 2602 pacto
1396 2546 1821 2589 consentaneum
1862 2547 2029 2599 esset,
2078 2551 2139 2591 ex
2175 2545 2297 2605 post

708 2618 866 2681 factis
912 2627 1058 2695 ipsm
1097 2643 1218 2681 esse
1269 2628 1549 2699 factost),
1581 2646 1756 2698 neque
1789 2630 1892 2685 alia
1930 2630 2184 2699 quapiam
2236 2644 2295 2683 re

618 2746 621 2749 λ
708 2719 936 2788 indiget,
994 2730 1054 2772 ιιι
1112 2721 1377 2775 consistat
1425 2730 1518 2777 aut
1562 2722 1703 2777 bene
1751 2738 1814 2777 se
1857 2725 2076 2778 habeat.
2124 2722 2292 2793 Igitur

708 2812 848 2863 haud
886 2822 1028 2867 reete
1058 2812 1314 2880 opinetur
1348 2815 1491 2882 quis,
1533 2815 1753 2884 angelos
1785 2816 2119 2884 corruptioni
2156 2818 2291 2871 sub-

700 2907 877 2971 jectos
916 2921 1037 2961 esse
1066 2921 1243 2974 posse.
1273 2907 1326 2961 Si
1357 2907 1500 2959 enim
1537 2908 1861 2976 composita,
1899 2924 1963 2964 ec
1992 2910 2110 2978 ipso
2143 2911 2286 2977 quod

704 3000 1006 3067 composita
1040 3011 1188 3060 sont,
1228 3008 1455 3054 mortem
1505 3001 1723 3069 quidem
1764 3003 1967 3056 obeunt
2018 2992 2291 3071 linemque

710 3090 1211 3159 habent,ideoque
1268 3092 1387 3147 aliis
1452 3093 1905 3161 corruptibilibus
1974 3093 2043 3147 ad
2108 3096 2294 3149 consi-

706 3182 957 3233 stendum
996 3181 1258 3250 indigent,
1297 3182 1473 3249 palam
1537 3192 1615 3235 est
1664 3183 1989 3237 immortalia
2025 3200 2145 3239 esse
2170 3199 2289 3252 qua:

705 3277 834 3320 sunt
902 3269 1049 3322 hisce
1113 3271 1409 3325 contraria.
1440 3270 1524 3323 Est
1551 3286 1681 3340 ergo
1730 3273 2047 3340 angelorum
2098 3283 2288 3327 natura

2464 2073 2561 2138 ις’.
2596 2077 2702 2131 Καὶ
2741 2079 3075 2149 θαυμαστὸν,
3111 2080 3250 2150 ὅπερ
3282 2073 3457 2145 εἷπον,
3491 2079 3573 2133 ὅτι
3608 2079 3702 2134 καὶ
3737 2081 3967 2150 συνέστη

2391 2166 2489 2237 τὴν
2522 2169 2695 2240 ἀρχὴν
2726 2170 2794 2224 τά
2828 2170 3058 2241 σώματα
3090 2172 3222 2243 ἡμῖν
3254 2172 3366 2225 ἀπὸ
3397 2172 3507 2229 τῶν
3538 2172 3798 2226 τοιούτων
3820 2213 3835 2236 ,
3873 2175 3967 2228 καὶ

2394 2261 2610 2331 διαρκεῖ
2654 2262 2858 2333 βραχύν
2893 2281 3015 2318 τινα
3056 2265 3271 2335 χρόνον.
3311 2265 3373 2318 Ol
3428 2264 3486 2319 δὲ
3526 2264 3747 2333 ἄγγελοι
3804 2264 3969 2333 φύσις

2389 2354 2537 2425 ἁπλῆ
2578 2360 2673 2410 καὶ
2706 2355 2814 2409 τῶν
2851 2356 3135 2428 στοιχείων
3170 2357 3470 2426 κρείττων,
3508 2357 3602 2409 καὶ
3642 2356 3770 2410 οὔτε
3812 2356 3967 2427 παρά

2390 2446 2597 2501 τούτων
2622 2448 2732 2520 ἔχει
2755 2447 2853 2518 τὴν
2879 2446 3116 2519 ὕπαρξιν
3146 2448 3287 2520 (πῶς
3313 2448 3422 2519 γὰρ
3446 2448 3740 2502 ἀκόλουθον
3765 2449 3829 2503 ἐκ
3856 2450 3965 2503 τῶν

2391 2541 2847 2611 ύστερογενῶνς),
2898 2541 3022 2595 οὗτε
3065 2542 3210 2603 τινὸς
3232 2541 3387 2603 αὖθις
3436 2541 3822 2609 δεῖταικῶστε
3871 2543 3965 2595 καὶ

2391 2632 2744 2685 συνίστασθαι
2776 2633 2807 2703 ἢ
2846 2628 2905 2686 εὖ
2938 2629 3098 2689 εἶναι.
3132 2632 3247 2686 Οὐκ
3278 2632 3365 2703 ἄρ’
3389 2632 3455 2687 εὖ.
3480 2633 3594 2702 ἔχει
3624 2635 3847 2707 τούτους
3880 2634 3965 2688 δο-

2391 2724 2572 2790 ξάζειν
2626 2724 2772 2787 οἴους
2806 2741 2863 2777 τε
2908 2721 3045 2778 εἶναι
3090 2724 3266 2796 φθορᾷ
3299 2723 3604 2779 δουλεῦσαι.
3643 2725 3706 2778 El
3743 2724 3853 2796 γὰρ
3893 2725 3961 2779 τά

2394 2817 2624 2867 σύνθετα
2664 2814 2833 2885 θνητά
2876 2814 2968 2868 καὶ
3006 2814 3159 2883 λῆξιν
3195 2815 3556 2886 ὲκδεχόμενα,
3596 2815 3773 2885 τούτῳ
3810 2817 3961 2883 αὐτῷ

2390 2908 2466 2976 τῷ
2514 2909 2743 2961 σύνθετα
2788 2904 2949 2967 εἶναι,
2993 2908 3085 2960 καὶ
3128 2909 3216 2961 διά
3251 2908 3410 2962 τοῦτο
3452 2908 3660 2963 δέονται
3703 2908 3961 2978 φθαρτῶν

2389 3000 2612 3069 ἑτέρων,
2636 2999 2775 3053 ὥστε
2805 3000 3182 3063 συνίστασθαι,
3214 3000 3386 3068 σαφὲς
3409 2999 3475 3053 ἂν
3500 2999 3587 3070 εἴη
3618 3000 3857 3063 πάντως,
3885 3000 3960 3063 ὡς

2388 3093 2647 3147 τάναντία
2676 3092 2884 3154 τούτοις
2916 3092 3181 3146 ἀθάνατα.
3217 3092 3282 3144 Ἢ
3310 3091 3417 3146 τῶν
3444 3092 3694 3159 ἀγγέλων
3722 3091 3830 3162 ἄρα
3863 3091 3964 3160 φύ-

2395 3203 2478 3246 σις
2515 3184 2800 3244 ἀθάνατος.
2838 3182 3039 3236 Θεόθεν
3070 3185 3180 3253 γὰρ
3213 3184 3310 3252 τὴν
3343 3168 3580 3252 ὕπαρξιν
3613 3182 3833 3252 ἔχουσι,
3868 3184 3962 3235 καὶ

2389 3280 2454 3347 τῇ
2486 3272 2680 3330 τούτου
2714 3276 2851 3346 μόνῃ
2880 3276 3098 3343 μεθέξει
3128 3275 3263 3338 ζῶσι
3292 3274 3390 3345 (2),
3418 3275 3510 3327 καὶ
3541 3274 3838 3339 κινοῦνται,
3868 3274 3962 3326 καὶ

705 3361 1050 3414 Immortalis.
1104 3360 1239 3414 Nam
1288 3376 1315 3413 a
1354 3362 1463 3415 Deo
1539 3364 1915 3417 exsistentiam
1974 3366 2195 3429 habent,
2230 3375 2289 3420 et

2394 3370 2527 3422 εἰσίν
2561 3370 2661 3435 ('5).
2684 3370 2850 3423 ’Ὅθεν
2884 3370 2915 3439 ἡ
2948 3368 3173 3437 τοιαύτη
3217 3367 3376 3437 φύσις
3416 3367 3535 3430 πῶς
3574 3367 3672 3436 μὲν
3702 3366 3957 3434 νοσήσεις

704 3454 818 3505 sola
851 3453 1019 3521 hujus
1071 3454 1492 3523 participatione
1537 3456 1748 3521 vivunt,
1790 3465 2101 3522 moventur,
2130 3468 2284 3513 sunt.

704 3544 1022 3621 llujusmmli
1092 3554 1274 3600 autem
1337 3556 1527 3601 natura
1604 3548 1880 3615 quomodo
1948 3552 2275 3619 regrotabit?

702 3639 980 3707 quomodo
1053 3646 1305 3691 sencscet
1339 3636 1368 3689 ἲ
1410 3637 1684 3705 quomodo
1745 3647 2047 3693 veterascet
2085 3640 2109 3691 ?
2149 3656 2289 3709 quo-

702 3730 866 3781 modo
916 3728 1222 3782 morietur?
1268 3726 1465 3782 Eadem
1527 3729 1736 3783 ratione
1792 3728 2003 3784 animas
2057 3746 2275 3801 quoque

702 3822 1044 3874 immortales
1098 3834 1219 3875 esse
1271 3820 1701 3874 existimandum
1767 3831 1872 3875 est.
1912 3821 2114 3877 Natura
2143 3826 2285 3877 enim

704 3920 831 3965 sunt
886 3912 1162 3981 simplices
1190 3949 1204 3971 .
1250 3910 1591 3980 rationisque
1672 3912 1968 3981 participes
1996 3952 2009 3974 ,
2057 3914 2286 3984 soloque

706 4004 797 4058 Dei
846 4003 1162 4057 intcrventn‘
1198 4002 1283 4072 (si
1337 4002 1415 4056 sic
1465 4001 1605 4072 quod
1658 4001 2283 4071 ϐνωςίμέθεξινιόςοηι

704 4098 969 4168 appellari
1008 4094 1225 4165 plact-t)
1263 4096 1562 4150 exsistunt.
1595 4094 1734 4160 Quin
1760 4088 1921 4150 etiam
1956 4099 2287 4167 corruptibi-

704 4191 834 4243 lium
882 4188 1305 4257 mortalinntque
1353 4201 1533 4241 rerum
1587 4201 1929 4257 quaecunque
1981 4191 2286 4259 corruptio-

704 4297 825 4335 nem
855 4296 918 4335 ac
953 4288 1183 4333 mortem
1233 4278 1597 4344 superabunt,
1634 4278 1772 4333 hanc
1824 4278 2283 4335 immortalitatem

702 4372 1133 4441 incorruptibil’s
1169 4379 1379 4424 natura:
1414 4369 1830 4439 participatione
1874 4370 2282 4441 adipiscuntur.

702 4470 963 4530 Qua‘nam
1002 4465 1166 4533 igitur
1195 4462 1332 4515 ratio
1375 4476 1497 4516 esse
1547 4470 1744 4529 potest,
1802 4471 1861 4516 ut
1907 4465 2135 4532 angelis,
2190 4467 2283 4535 qui

704 4555 1039 4611 substantiis
1073 4553 1399 4608 mortalibus
1431 4553 1838 4621 prmslantiores
1869 4563 2018 4616 sunt,
2053 4565 2283 4609 mortem

704 4647 1113 4702 attribuamus?
1146 4644 1239 4699 Sin
1273 4653 1452 4699 autem
1492 4643 1688 4697 horum
1718 4652 1967 4698 naturam
2001 4645 2054 4698 in
2088 4648 2283 4702 melius

2394 3461 2511 3524 πῶς
2550 3462 2606 3514 δὲ
2650 3460 2881 3530 γηράσει
2918 3461 3030 3531 (4);
3069 3459 3185 3521 πῶς
3222 3460 3279 3512 δὲ
3320 3458 3803 3525 παλαιωθήσεταις
3844 3456 3961 3519 πῶς

2390 3557 2447 3610 δὲ
2475 3554 2827 3623 τεθνήξεταις
2860 3553 3061 3605 Τοῦτον
3091 3552 3147 3605 δὲ
3177 3552 3269 3604 τδν
3296 3553 3500 3622 τρόπον
3529 3552 3621 3605 καὶ
3651 3550 3750 3610 τὰς
3780 3550 3960 3619 ψυχὰς

2390 3648 2691 3709 ἀθανάτους
2717 3647 3077 3716 ὑποληπτέον.
3112 3644 3306 3698 Ἀπλαῖ
3332 3644 3439 3714 γὰρ
3465 3644 3529 3713 δὴ
3557 3643 3648 3695 καὶ
3673 3634 3833 3696 αὗται
3860 3642 3960 3710 τὴν

2391 3740 2584 3809 φύσιν,
2622 3739 2717 3791 καὶ
2750 3738 3000 3805 λογικαὶ,
3036 3737 3132 3789 καὶ
3161 3738 3229 3806 τῇ
3264 3736 3358 3789 τοῦ
3393 3735 3525 3788 Θεοῦ
3564 3733 3779 3803 μεθέξει
3818 3734 3960 3804 μόνῃ

2391 3832 2758 3884 συνίστανται.
2787 3831 2895 3884 Καὶ
2929 3829 3033 3899 μὴν
3064 3822 3161 3881 καὶ
3186 3828 3294 3881 τῶν
3322 3827 3581 3895 φθαρτῶν
3607 3843 3665 3878 τε
3695 3826 3792 3878 καὶ
3823 3825 3956 3897 θνη-

2388 3924 2517 3988 τῶν,
2544 3925 2642 3976 ὅσα
2672 3922 2854 3992 μέλλει
2885 3922 3098 3982 πάντως
3121 3917 3457 3990 ’γενήσεσθαι
3486 3918 3719 3988 κρείττω
3746 3915 3957 3986 φθορᾶς

2389 4017 2484 4068 καὶ
2517 4014 2766 4079 θανάτου,
2802 4016 2868 4084 τῇ
2900 4011 2993 4066 τοῦ
3024 4013 3305 4083 ἀφθάρτου
3340 4012 3537 4081 μετοχῇ
3568 4009 3728 4063 τοῦτο
3758 4009 3823 4062 ἂν
3856 4007 3959 4061 πά-

2390 4107 2491 4163 θοι.
2524 4109 2685 4161 ’Ὡστε
2716 4106 2816 4160 τίν’
2841 4106 2953 4177 ἔχει
2984 4104 3141 4173 λόγον
3161 4142 3176 4168 ,
3209 4103 3442 4157 θάνατον
3472 4102 3726 4171 ἀγγέλοις
3758 4100 3959 4170 περιά·

2390 4217 2542 4252 πτειν
2571 4198 2811 4267 ἀμείνοσι
2839 4197 2947 4250 τῶν
2973 4196 3182 4265 θνητῶν
3210 4195 3292 4265 (5)
3319 4195 3688 4263 ύπάρχουσιν;
3720 4192 3782 4245 Εἰ
3808 4192 3865 4244 δὲ
3894 4192 3956 4260 δὴ

2388 4294 2487 4361 τὴν
2516 4289 2720 4343 τούτων
2750 4288 2910 4358 φύσιν
2942 4288 3048 4359 φῂς
3079 4287 3425 4340 ἀλλοιοῦσθαι
3453 4285 3590 4355 πρὸς
3618 4283 3678 4365 τδ
3710 4283 3955 4352 βέλτιον,

2388 4383 2489 4437 καί
2514 4399 2594 4436 σοι
2625 4382 2776 4450 φίλον
2807 4381 3034 4433 θάνατον
3063 4378 3220 4431 τοῦτο
3251 4378 3455 4441 καλεῖν,
3489 4376 3596 4430 ῑσθι
3629 4375 3749 4445 μὲν,
3782 4375 3859 4438 ὡς
3892 4378 3953 4427 ού

2387 4474 2538 4545 καλῷ
2587 4473 2872 4526 κάλλιστον
2922 4472 3152 4539 πρᾶγμα
3200 4467 3633 4537 προσαγορεύεις
3680 4466 3909 4535 ὀνόματι
3938 4480 3953 4494 ⁸

2386 4565 2486 4635 τὴν
2522 4566 2627 4633 γὰρ
2667 4562 2761 4615 ἐπὶ
2795 4564 2853 4615 τὸ
2890 4563 3141 4630 κρεῖττον
3168 4559 3457 4613 ἀλλοίωσιν
3491 4557 3637 4626 ζωῆς
3680 4573 3957 4628 προσηγο.

2394 4657 2517 4727 ρίαν
2554 4654 2804 4723 δέχεσθαι
2849 4653 3045 4722 μᾶλλον
3084 4652 3118 4720 ἦ
3162 4650 3393 4703 θανάτου
3436 4648 3956 4719 προσῆκε.·Λέξεως

704 4739 904 4793 mutari
935 4738 1100 4802 dicis,
1130 4748 1291 4807 atque
1333 4736 1435 4790 hoc
1464 4747 1691 4789 mortem
1722 4751 1918 4791 vocare
1964 4738 2058 4791 tibi
2083 4740 2276 4807 placet.

2390 4752 2428 4805 δ’
2454 4752 2641 4804 ἕνεκεν
2684 4750 2745 4801 οὐ
2790 4747 3101 4815 διοίσομαι’
3146 4746 3259 4798 ἀλλ’
3283 4744 3403 4797 οὐδὲ
3446 4742 3613 4797 πολύν
3653 4743 3781 4795 τινά
3826 4758 3956 4793 ποτε

702 4833 926 4886 nomine
964 4848 1069 4885 non
1113 4826 1340 4901 pulchro
1374 4828 1797 4898 pulcherrimam
1838 4845 1952 4882 rem
1986 4831 2081 4885 abs
2110 4843 2158 4887 te
2180 4849 2275 4903 ap-

704 4922 893 4989 pellari
948 4922 1085 4976 scito
1122 4938 1134 4973 :
1174 4936 1295 4973 nam
1330 4933 1451 4988 qua:
1491 4919 1545 4972 in
1587 4919 1783 4974 melius
1841 4920 1897 4973 lit
1950 4921 2275 4994 immutatio,

2386 4842 2689 4909 ποιήσομαι
2718 4839 2876 4903 λόγον
2895 4876 2910 4903 ,
2942 4839 3071 4891 ὅταν
3102 4853 3184 4889 σοι
3214 4836 3311 4903 τῆς
3345 4833 3579 4904 ἀληθοῦς
3607 4835 3635 4886 ὁ
3664 4831 3790 4897 νοῦς
3824 4831 3955 4901 ἔχη.

2382 4948 2474 4982 ται
2504 4929 2683 4998 δόξης.

704 5036 765 5072 ea
807 5019 930 5071 vita!
963 5016 1141 5086 potius
1169 5032 1332 5085 quam
1369 5017 1563 5069 mortis
1619 5015 2038 5085 appellationem
2102 5025 2348 5093 accipere
2390 5026 2630 5079 deberet.
2678 5022 2783 5077 Sed
2841 5021 2990 5078 nulla
3053 5022 3156 5076 erit
3218 5020 3354 5074 mihi
3430 5026 3607 5074 tecum
3674 5021 3739 5074 de
3790 5021 3957 5079 verl‘o

705 5112 1081 5169 controversia
1114 5126 1127 5162 :

706 5208 1087 5278 sententiaque
1120 5216 1211 5260 tua
1246 5220 1354 5258 non
1393 5204 1464 5259 sit
1495 5204 1695 5259 aliena.

777 5303 863 5357 Π.
898 5300 993 5355 llic
1033 5300 1218 5363 Persa,
1255 5296 1487 5367 Optime,
1523 5298 1719 5366 inquit,
1757 5300 1998 5354 omnium
2039 5310 2095 5355 tu
2148 5305 2276 5358 mili

706 5398 805 5452 abs
829 5407 879 5450 te
905 5395 1175 5450 dictorum
1205 5391 1441 5462 probasti
1463 5392 1750 5455 rationem,
1776 5396 2134 5463 orationeque
2163 5407 2280 5460 tua,

706 5505 831 5546 cum
860 5489 1102 5557 angelos,
1124 5496 1237 5540 tum
1284 5486 1514 5549 animas,
1540 5485 1876 5541 immortales
1910 5504 2028 5541 esse
2059 5490 2106 5543 (lc
2130 5507 2282 5542 mur-

707 5583 919 5638 strasti.
943 5582 1241 5635 Amborum
1272 5588 1449 5631 tamen
1484 5586 1674 5631 natura
1707 5594 1814 5633 non
1850 5580 2027 5634 omnis
2056 5583 2280 5635 omnino

705 5672 979 5744 passionis
1009 5685 1205 5741 erpers
1232 5685 1351 5725 esse
1383 5669 1512 5723 mihi
1540 5670 1752 5724 videtur
1783 5688 1795 5724 :
1840 5687 1937 5725 nec
1963 5674 2104 5726 enim
2139 5690 2280 5727 sem-

778 5811 859 5871 (Ι)
882 5812 1044 5867 Forte
1072 5815 1239 5881 μόνῳ.

780 5867 860 5945 (ei
891 5883 1026 5938 Cod.
1055 5867 1222 5939 Cnisl.
1259 5883 1392 5949 ςιῖα.

782 5953 860 6026 ιδ)
886 5955 1091 6010 Alludit
1120 5957 1184 6011 ad
1229 5956 1283 6011 S.
1312 5956 1456 6012 l'auli
1488 5956 1711 6022 dictum,
1745 5959 1799 6008 Λι-
1824 5966 1858 6010 ι.
1907 5959 1986 6029 Ap
2011 5969 2092 6012 st.
2135 5973 2268 6023 xm,

1211 5124 1309 5162 nec
1348 5108 1571 5177 longum
1606 5124 1705 5178 ego
1734 5109 1800 5164 de
1842 5110 1934 5165 illa
1964 5129 2020 5166 re
2052 5129 2171 5169 sum
2204 5134 2509 5173 sermonem
2560 5118 2824 5183 facturus,
2864 5116 3157 5171 dummodo
3186 5132 3217 5170 a
3248 5131 3376 5171 vera
3423 5115 3683 5184 opinione
3726 5116 3958 5175 intentio

2456 5308 2538 5372 ιζ’.
2584 5308 2800 5377 Σφόδρα
2828 5309 3003 5362 πάντα
3023 5350 3035 5369 ,
3068 5306 3173 5376 ἔφη
3203 5309 3230 5359 ὁ
3259 5307 3506 5378 Πέρσης,
3540 5310 3723 5379 ἔχεταί
3754 5328 3839 5362 σοι
3870 5310 3957 5363 λόο

2381 5417 2479 5465 γου
2521 5400 2587 5451 τὰ
2628 5401 2927 5469 εἰρημένα,
2973 5401 3065 5452 καὶ
3112 5398 3412 5462 ἀθανάτους
3456 5402 3580 5461 τοὺς
3622 5402 3889 5467 ἀγγέλους
3928 5405 3955 5454 ὁ

2382 5489 2538 5555 λόγος
2566 5489 2843 5559 ἀπέφηνε,
2874 5491 2965 5540 καὶ
2991 5490 3053 5558 δὴ
3084 5491 3175 5542 καὶ
3200 5491 3296 5552 τὰς
3321 5490 3516 5559 ψυχάς.
3547 5491 3613 5543 Ἥ
3643 5492 3803 5558 φύσις
3833 5492 3956 5560 μέν·

2385 5599 2467 5633 τοι
2514 5583 2609 5634 καὶ
2650 5584 2855 5651 ἀμφοῖν
2900 5584 2997 5636 οὐκ
3042 5583 3256 5649 ἀπαθὴς
3299 5584 3645 5637 παντάπασιν
3685 5581 3818 5637 οὖσά
3864 5602 3950 5651 μοι

2388 5674 2674 5740 φαίνεται·
2710 5676 2828 5727 οὐδὲ
2868 5677 2974 5744 γὰρ
3010 5676 3095 5729 ἀεὶ
3126 5677 3387 5737 ὡσαύτως
3422 5675 3652 5745 ἔχουσα,
3687 5658 3780 5727 καὶ
3814 5676 3953 5730 κατά

2384 5816 2452 5868 ‘28
2504 5815 2565 5868 In
2589 5820 2698 5883 ipso
2720 5821 2854 5870 enim
2887 5820 3127 5881 vivimus,
3160 5830 3499 5873 movemur?!
3531 5837 3734 5874 sumus.

2463 5888 2895 5957 (41(ἶιιιΙ,(]()ἱΞΙ.
2927 5907 2985 5955 γε
3027 5892 3311 5957 κρατήσει.

2459 5958 2537 6015 (iit
2569 5956 2658 6013 Sic
2688 5960 2898 6013 correxi
2940 5978 2950 6010 ;
2978 5963 3026 6012 in
3061 5956 3188 6014 mss.
3216 5961 3410 6028 igitur
3434 5961 3537 6013 τῶν
3559 5960 3752 6018 ὄντων.
