4202 6444
233 423 334 488 H9

1185 429 1573 492 DIALOGUS
1605 431 1664 491 II
1700 430 1858 491 CUM
1889 429 2458 491 MOHAMETANO.

3393 418 3506 482 ιθιι

225 536 431 604 ταυτα,
469 538 562 592 καὶ
601 538 880 610 ἀκίνητος.
915 540 1053 607 Ναὶ,
1092 542 1229 611 ἔφην
1264 544 1377 612 ἐγώ
1403 560 1418 575 ο
1453 546 1512 599 τὸ
1533 547 1662 616 ίγὰρ
1708 564 1808 616 μη-

1918 561 2012 616 per
2039 545 2231 600 eodem
2263 543 2538 611 similique
2569 540 2728 595 modo
2757 556 2814 596 se
2851 540 3037 604 habet,
3073 553 3251 602 neque
3274 538 3500 592 immota

220 630 372 699 δαμῆ
404 631 669 701 μηδαμῶς
694 634 958 705 τροπὴνή
987 636 1200 706 κίνησιν
1228 637 1478 706 ἡντινοῦν
1506 640 1802 707 ὑπομένειν

1918 637 2174 692 consistit:
2216 635 2289 689 ita
2321 637 2500 704 plane,
2550 633 2771 699 inquam
2805 650 2819 687 :
2858 631 3060 684 etenim
3096 629 3302 681 nullam
3335 644 3496 696 pror-

222 722 508 788 δὺνασθαι,
550 723 708 779 τοῦτο
756 727 821 797 δὴ
865 730 932 797 τῇ
985 726 1106 799 θείᾳ
1155 729 1252 781 καὶ
1301 729 1526 801 ἀνάρχῳ
1574 731 1669 782 καὶ
1715 731 1807 801 δη-

229 815 478 886 μιουργῷ
528 816 686 885 φύσει
716 818 854 893 μόνῃ
879 820 1080 874 δοτέον.
1107 820 1347 875 Τοιαῦτα
1367 823 1538 893 δήπου
1565 823 1801 890 λέγοντι,

223 906 360 976 ἔφη,
397 909 481 960 σοὶ
514 909 612 977 μέν
644 909 819 978 ἔγωγε
847 909 1053 981 χαίρων
1082 912 1330 981 ὁμολογῶ
1354 930 1368 943 °
1401 914 1525 983 ἐμοὶ
1554 914 1610 967 δέ
1643 915 1806 969 πάλιν

222 999 327 1052 οὐκ
358 999 774 1072 ἀπειθήσουσιν,
806 997 890 1065 οἷς
922 1002 988 1056 ἂν
1021 1004 1118 1058 καὶ
1155 1004 1444 1076 μεταδοίην
1476 1005 1570 1059 τοῦ
1605 1006 1763 1074 λόγου
1788 1023 1802 1039 ο

222 1092 285 1144 οὐ
322 1093 432 1160 γὰρ
465 1092 782 1147 ἀντιτείνειν
818 1095 1253 1168 ἐπιχειρήσουσι.
1292 1098 1401 1152 Kal.
1433 1101 1543 1169 γὰρ
1577 1100 1804 1167 νομίζω,

227 1184 440 1251 μηδένα
472 1183 647 1248 οὕτως
679 1181 817 1239 εἶναι
853 1187 1063 1257 θρασὺν
1094 1189 1203 1241 τῶν
1237 1191 1319 1252 είς
1354 1193 1455 1258 ἐμέ
1494 1190 1805 1259 φοιτώντων

224 1273 477 1342 (φοιτῶσι
493 1273 550 1328 δέ
580 1275 687 1346 ἄρα
709 1277 933 1344 πάντες,
963 1278 1111 1340 ὅσοις
1138 1279 1247 1331 τῶν
1273 1279 1398 1348 ἐμοὶ
1429 1278 1664 1332 πολιτῶν
1689 1279 1811 1345 δογ-

225 1365 414 1432 μάτων
443 1383 502 1418 τε
538 1366 708 1436 μέλει,
741 1369 835 1422 καὶ
893 1371 1092 1438 νόμων,
1127 1371 1218 1423 καὶ¹
1276 1371 1448 1440 λόγων
1476 1372 1584 1424 τῶν
1611 1371 1810 1441 ἡμετέ-

1913 745 2009 784 sus
2038 729 2399 782 mutationem
2459 727 2831 780 motionemve
2877 724 2987 792 pati
3026 737 3206 791 posse,
3249 721 3350 774 hoc
3399 721 3503 782 soli

1907 823 2124 887 divinae,
2143 835 2436 889 rerumque
2456 817 2703 872 omnium
2725 815 3074 883 procreati-lci
3108 814 3373 879 initioque
3401 827 3492 864 ca-

1913 915 2056 970 renti
2098 921 2330 976 naturae,
2394 909 2805 964 concedendum
2869 918 2974 961 εει.
3043 905 3161 958 Tibi
3201 919 3358 965 sane,
3423 902 3508 955 in-

1911 1007 2052 1078 quit,
2108 1003 2379 1060 assentior
2428 1001 2542 1056 haec
2583 1001 2824 1056 dicenti:
2856 1014 2956 1052 nec
3005 997 3164 1051 aliter
3200 1007 3361 1064 atque
3406 1009 3506 1062 ego

1913 1095 2186 1161 sentient,
2267 1093 2599 1163 quibuscum
2675 1091 2902 1160 posthac
2978 1090 3126 1142 hunc
3197 1099 3504 1140 sermonem

1917 1187 2329 1245 communicare
2369 1203 2382 1238 ε
2418 1199 2519 1238 nec
2571 1184 2712 1237 enim
2788 1183 3056 1237 obsistere
3128 1181 3501 1234 conabuntur.

1917 1281 1994 1335 Ex
2037 1281 2104 1336 iis
2143 1278 2314 1342 enim,
2358 1277 2451 1348 qui
2496 1276 2845 1344 frequentant
2886 1276 3107 1328 domum
3155 1287 3328 1326 meam
3367 1270 3502 1336 (frc-

1911 1381 2185 1443 quentant
2226 1371 2765 1439 autem,quicunque
2819 1376 3136 1421 nostrorum
3172 1363 3372 1419 civium
3407 1363 3504 1415 do—

225 1457 384 1527 ρων),
406 1459 611 1527 μηδένα
638 1459 818 1514 τοίνυν
842 1461 1052 1516 τούτων
1074 1462 1265 1516 σκαιὸν
1295 1464 1387 1516 καὶ
1417 1464 1644 1535 ἀνόητον
1669 1459 1809 1516 εἶναι

1918 1465 2233 1536 gmatibus,
2288 1463 2607 1534 legibusque
2663 1460 3041 1529 disciplinisve
3109 1457 3317 1510 nostris
3389 1464 3508 1509 stu-

220 1549 496 1615 τοσοῦτον,
524 1551 664 1604 ὥστε
692 1554 787 1604 καὶ
809 1552 1082 1622 τολμῆσαί
1112 1571 1202 1623 μοι
1231 1554 1368 1622 πρὸς
1392 1555 1588 1618 λόγους
1614 1556 1807 1610 ἐλθεῖν.

1918 1557 2104 1625 dent),
2128 1570 2194 1610 ex
2236 1555 2321 1609 his
2347 1542 2516 1624 igitur
2545 1553 2818 1606 neminem
2854 1552 2926 1604 ita
2951 1565 3075 1606 esse
3103 1549 3368 1604 audacem
3394 1549 3510 1615 opi-

226 1640 410 1693 ’ῐσασι
444 1644 586 1711 γὰρ,
619 1642 696 1708 ὡς
732 1642 837 1714 μῦς
869 1647 1087 1714 πίττης,
1123 1646 1288 1714 φασίν
1323 1647 1420 1716 (1).
1462 1647 1686 1705 Ἰκανῶς
1723 1664 1812 1716 μοι

1919 1664 2045 1713 nor,
2083 1658 2180 1702 aut
2226 1649 2301 1702 ita
2334 1647 2608 1707 hebetem,
2643 1654 2737 1698 aut
2769 1644 3142 1710 insipientem,
3195 1650 3253 1695 ut
3289 1655 3507 1694 mecum

219 1730 515 1800 τοιγαροῦν
549 1733 643 1784 τὸν
676 1736 809 1803 περ)⁸
841 1734 953 1786 τῶν
988 1735 1298 1804 εἰρημένων
1333 1737 1682 1800 ἀποδέδωκας
1725 1737 1812 1789 λό-

1921 1741 1975 1795 in
2012 1741 2446 1796 controversiam
2493 1754 2681 1794 venire
2726 1737 2946 1790 audeat.
2997 1735 3211 1787 Norunt
3242 1734 3412 1795 enim,
3449 1741 3509 1782 ut

220 1837 318 1888 γον
342 1838 356 1851 ο
394 1822 488 1875 καὶ
518 1823 682 1894 χάριν
710 1841 792 1878 σοι
819 1824 931 1879 τῶν
958 1828 1137 1880 πόνων
1163 1828 1465 1896 ὁμολογῶν,
1495 1828 1684 1897 δέομαί
1717 1845 1812 1880 σου

1920 1850 2041 1888 mus
2073 1837 2270 1904 picem,
2324 1832 2472 1902 quod
2508 1833 2686 1887 aiunt.
2729 1830 2918 1898 Itaque
2963 1837 3055 1882 tua
3105 1827 3171 1880 de
3217 1825 3302 1878 his
3345 1825 3506 1877 rebus

220 1916 422 1984 χωρεῖν
449 1916 543 1969 ἐπὶ
571 1918 638 1970 τὰ
672 1919 882 1986 πρόσω.
911 1919 1084 1972 Ταυτὶ
1113 1920 1213 1988 μέν
1237 1915 1332 1972 οῦν
1358 1919 1428 1972 τὰ
1451 1921 1549 1988 τῆς
1584 1921 1807 1990 πρώτης

1918 1927 2093 1981 oratio
2126 1925 2342 1980 abunde
2383 1925 2516 1978 mihi
2559 1923 2690 1977 fecit
2736 1923 2870 1977 satis
2908 1939 2920 1974 :
2961 1920 3328 1986 meritamque
3370 1915 3507 1968 adeo

219 2008 439 2071 νυκτός.
472 2010 550 2080 Τῇ
587 2010 632 2063 δ’
659 2010 922 2079 ὑστεραία
962 2027 1053 2078 μοι
1088 2010 1410 2076 προσελθὼν
1442 2013 1469 2064 ὁ
1502 2013 1679 2079 γέρων
1713 2011 1808 2080 ἅμ’

217 2099 358 2168 ἡλίῳ
389 2099 487 2152 σὺν
515 2104 627 2163 τοῖς
655 2102 856 2167 υἱέσιν,
893 2102 1100 2155 ἐδέοντό
1134 2121 1258 2172 μου,
1283 2103 1357 2173 μὴ
1393 2104 1640 2171 μέλλειν,
1675 2104 1811 2158 ἀλλὰ

214 2190 282 2242 τὸ
313 2191 478 2260 τάχος
512 2191 820 2262 ἄρξασθαι,
853 2194 978 2247 ὅθεν
1010 2198 1038 2248 ό
1071 2195 1227 2263 λόγος
1260 2198 1393 2267 ἡμῖν
1427 2197 1804 2275 ἐτελεύτησεν.

1916 2019 2013 2074 tibi
2048 2019 2222 2073 habeo
2252 2032 2348 2086 pro
2372 2032 2506 2071 cura
2544 2025 2631 2069 tua
2659 2015 2908 2085 gratiam,
2944 2025 3247 2082 pergasque
3275 2010 3512 2063 obsecro

1918 2110 1985 2162 ad
2033 2123 2095 2162 ea
2133 2123 2256 2176 quat
2294 2117 2625 2177 sequuntur.
2667 2106 2736 2159 Et
2767 2109 2913 2158 hunc
2933 2104 3151 2173 quidem
3195 2103 3247 2155 in
3284 2101 3503 2154 moduni

1915 2213 1976 2253 se
2007 2198 2341 2262 habuerunt,
2366 2212 2488 2266 quae
2529 2198 2704 2266 prima
2735 2203 2894 2250 nocte
2926 2203 3044 2249 acta
3068 2202 3214 2248 sunt.
3242 2191 3508 2246 Postridie

216 2291 404 2339 autem
441 2285 560 2356 ejus
590 2289 719 2355 diei,
769 2304 893 2347 cum
927 2306 1094 2346 senex
1124 2308 1232 2347 una
1268 2309 1390 2347 cum
1436 2294 1564 2349 ﬁliis
1615 2296 1827 2349 oriente
1893 2295 2007 2350 sole
2056 2297 2121 2350 ad
2159 2310 2244 2350 me
2272 2296 2615 2360 accessisset,
2663 2301 2995 2364 rogaverunt
3053 2303 3266 2355 omnes,
3311 2298 3369 2343 ut
3400 2304 3507 2358 quo

218 2380 280 2437 in
315 2383 437 2440 loco
469 2384 630 2440 ﬁnem
659 2385 970 2455 disputandi
1006 2387 1282 2456 fecissem,
1309 2390 1430 2448 sine
1465 2407 1614 2446 mora
1645 2391 1771 2445 inde
1798 2391 1865 2445 ad
1892 2392 2099 2461 reliqua
2134 2406 2439 2461 pergerem.

249 2585 428 2610 —

1469 2753 2069 2846 DIALOGUS
2125 2757 2264 2843 ΙΙ.

589 2950 674 3011 De
709 2949 890 3025 coalo,
932 2956 1118 3027 terra,
1155 2959 1216 3016 et
1258 2954 1340 3016 de
1398 2954 1479 3015 iis
1519 2973 1660 3034 quae
1693 2955 1782 3015 ibi
1853 2954 2296 3030 continentur;
2348 2955 2499 3016 item
2562 2956 2638 3018 de
2685 2955 2906 3019 Adami
2941 2957 3147 3036 lapsu,

1097 3079 1460 3158 Christique
1505 3079 1749 3155 judicio
1783 3084 1844 3142 et
1882 3080 2264 3146 Moamethis
2315 3082 2634 3160 paradiso.

299 3401 374 3458 a'.
401 3401 584 3454 Ἔστω
622 3401 822 3466 τοίνυν,
873 3403 1008 3473 ἔφην
1054 3403 1186 3470 ἐγώ.
1234 3403 1370 3456 Τίνα
1419 3403 1483 3472 δὴ
1531 3403 1624 3457 οὖν
1673 3403 1878 3466 artat}

225 3495 450 3562 φρονεῖς
486 3494 613 3563 περὶ
649 3495 906 3563 οὐρανοῦ,
941 3498 1036 3548 καὶ
1068 3499 1194 3564 γῆς,
1228 3498 1322 3548 καὶ
1351 3497 1576 3565 ,πάντων
1609 3497 1716 3549 τῶν
1755 3498 1811 3548 ἐν

224 3583 452 3648 αὕτοῖςς
489 3583 698 3636 τούτων
733 3583 840 3654 γὰρ
876 3581 1027 3653 οῒμαί
1070 3602 1127 3638 σε
1162 3587 1253 3639 τὸν
1287 3588 1445 3653 λόγον
1480 3588 1761 3657 ἐπιζητεῖν
1788 3604 1804 3620 ο

224 3674 285 3727 εῖ
308 3693 361 3728 τι
389 3671 486 3730 οῦν
516 3693 598 3729 σοι
630 3677 784 3743 φίλον
818 3677 1033 3746 πρῶτον
1064 3679 1259 3744 εἰπεῖν,
1293 3681 1324 3748 ἢ
1361 3680 1602 3748 ἐρέσθαι,
1635 3680 1811 3742 ἔξεστι

223 3766 482 3836 φράζειν.
536 3766 718 3820 Ταῦτα
769 3769 1015 3832 εἰπόντος
1063 3770 1223 3839 ἐμοῦ,
1253 3775 1280 3823 ὁ
1329 3773 1503 3841 γέρων
1555 3771 1811 3839 κεκυφὼς

223 3858 467 3926 ἐκάθητο
486 3897 501 3921 ,

372 3947 532 4002 Κατὰ
563 3950 783 4016 χθονὸς
815 3951 1046 4019 ὄμματα
1078 3952 1276 4018 πήξας
1309 3953 1384 4020 (2)
1407 3966 1420 3981 ⁸

224 4039 326 4091 καὶ
369 4039 532 4108 ἐῴκει
561 4040 624 4108 δή
656 4057 770 4103 πως
801 4044 1141 4110 φροντίζοντί
1168 4061 1224 4096 τε
1254 4047 1348 4098 καὶ
1369 4045 1809 4115 διαπορουμένῳ.

222 4125 338 4183 Ἦν
370 4133 512 4199 γὰρ,
544 4131 618 4193 ὡς
652 4132 820 4200 ἔφθην
851 4135 1022 4186 εἰπὼν
1043 4177 1056 4199 ,
1092 4136 1356 4206 ἔμπειρός
1385 4155 1442 4190 τε
1475 4138 1650 4201 λόγων
1673 4181 1686 4202 ,
1718 4139 1811 4190 καὶ

225 4223 450 4290 νόμων,
485 4225 579 4274 καὶ
611 4223 900 4291 δογμάτων
931 4225 1037 4276 τῶν
1068 4228 1186 4277 κατ’
1212 4229 1407 4290 αὐτοὺς
1428 4269 1441 4291 ,
1475 4230 1569 4281 καὶ
1598 4230 1696 4299 τὴν
1724 4246 1815 4282 κο-

229 4314 409 4381 ρυφὴν
429 4355 444 4377 ,
477 4315 550 4375 ὡς
581 4315 796 4382 ἐλέγετό
822 4332 880 4366 τε
911 4317 1004 4368 καὶ
1042 4317 1325 4385 ἐνομίζετο
1346 4361 1359 4383 ,
1392 4319 1490 4387 τῆς
1526 4321 1675 4389 σφῶν
1711 4322 1812 4372 αὑ-

224 4408 342 4461 τῶν
377 4408 569 4474 σοφίας
602 4410 950 4479 κατειληφώς
979 4426 992 4443 ο
1026 4407 1093 4481 ἦν
1123 4413 1180 4464 δέ
1211 4413 1278 4464 τὰ
1309 4413 1530 4466 τοιαῦτα
1565 4414 1726 4482 σοφὸς
1757 4416 1815 4467 ἐν

237 4502 295 4568 τῇ
343 4501 525 4570 γενεᾷ,
572 4500 707 4567 φησὶ
755 4502 854 4566 (5),
892 4504 958 4570 τῇ
1004 4502 1224 4554 ἐαυτοῦ.
1267 4502 1366 4555 Διὰ
1407 4502 1565 4554 τοῦτο
1607 4503 1815 4569 τοίνυν,

227 4585 420 4657 οἶμαι,
456 4589 993 4658 στενοχωρούμενος,
1021 4594 1133 4652 τοῖς
1166 4592 1485 4662 Πυθαγόρου
1518 4593 1678 4663 ἐῴκει
1710 4611 1814 4662 μα-

232 4681 446 4748 θηταῖς,
482 4680 616 4732 πολὺ
649 4681 748 4750 τὴν
785 4681 995 4752 σιωπὴν
1030 4683 1434 4749 ἀσπαζόμενος.
1473 4685 1559 4746 Ὠς
1599 4687 1690 4739 οῦν
1729 4687 1814 4755 ἐφ’

1990 3405 2039 3456 l.
2086 3402 2211 3456 Esto
2246 3401 2427 3470 igitur,
2479 3400 2724 3468 inquam.
2768 3399 3028 3465 Quaenam
3078 3414 3209 3454 vero
3244 3403 3415 3457 sentis
3441 3405 3506 3458 de

1922 3495 2086 3555 coelo,
2120 3493 2186 3546 de
2215 3502 2378 3554 terra,
2426 3493 2789 3561 omnibusque
2829 3508 2950 3560 quae
2983 3493 3032 3545 in
3066 3493 3171 3546 illis
3219 3496 3508 3549 continen-

1923 3585 2044 3638 tur?
2077 3584 2272 3636 liorum
2307 3583 2476 3644 enim,
2521 3583 2737 3651 Opinor,
2772 3585 3036 3637 rationem
3071 3585 3341 3651 exquiris.
3372 3588 3506 3652 Qni-

1921 3678 2026 3732 bus
2060 3677 2126 3730 de
2154 3678 2315 3730 rebus
2347 3677 2390 3730 si
2438 3675 2568 3744 quid
2602 3676 2785 3729 dicere
2821 3676 2976 3740 velis,
3011 3685 3104 3729 aut
3142 3679 3504 3749 interrogare,

1922 3770 2062 3823 facio
2094 3769 2207 3832 tibi,
2238 3771 2456 3836 hospes,
2485 3777 2827 3836 potestatem.
2867 3768 2998 3835 Quae
3039 3784 3163 3822 cum
3209 3773 3505 3837 dixissem,

1919 3863 2157 3917 demisso
2182 3862 2331 3916 vultu
2369 3861 2507 3916 sedit
2536 3877 2727 3922 senex,
2756 3869 2808 3914 et

2342 3951 2503 4005 Humi
2535 3969 2630 4004 sua
2661 3953 2866 4006 lumina
2904 3955 3046 4021 ﬁxit,

1922 4043 2240 4109 haerereque
2267 4041 2318 4093 in
2352 4042 2532 4109 aliqua
2573 4057 2629 4094 re
2660 4043 2969 4107 videbatur,
2996 4047 3345 4117 cogitareque
3404 4063 3501 4100 ne-

1927 4135 2044 4190 scio
2071 4135 2199 4204 quid
2235 4144 2436 4188 attente
2465 4135 2775 4188 admodum.
2810 4137 2934 4191 Erat
2963 4141 3131 4205 enim,
3157 4150 3212 4194 ut
3251 4143 3504 4209 superius

1923 4227 2440 4289 demonstravimus,
2490 4226 2887 4290 doctrinarum,
2931 4240 2983 4282 et
3035 4231 3234 4299 legum,
3281 4231 3507 4299 dogma-

1925 4328 2146 4384 tumque
2181 4317 2408 4383 peritus,
2444 4331 2563 4383 qum
2587 4319 2729 4385 apud
2765 4319 2898 4373 istos
2940 4321 3143 4390 vigent,
3183 4325 3507 4377 secundum.

1923 4422 2030 4477 que
2059 4408 2303 4461 omnium
2354 4423 2661 4461 sermonem
2711 4419 2765 4462 et
2815 4411 3125 4478 opinionem
3175 4415 3500 4469 altissimum

1921 4500 2063 4554 inter
2112 4498 2354 4568 ipsorum
2415 4499 2707 4566 magistros
2761 4502 2989 4567 gradum
3050 4513 3404 4569 consecutus,
3452 4516 3505 4558 et

1921 4591 2063 4658 quod
2096 4591 2162 4644 ad
2190 4591 2302 4643 haec
2329 4590 2541 4654 attinet,
2572 4592 2624 4642 in
2659 4595 2992 4660 generatione
3009 4613 3107 4648 sua
3135 4597 3344 4663 sapiens
3369 4597 3412 4658 ‘,
3446 4607 3506 4650 ut

1925 4678 2066 4732 Deus
2103 4678 2322 4731 cecinit.
2352 4678 2523 4742 Quam
2570 4679 2638 4732 ob
2689 4695 2825 4744 rem,
2874 4683 3089 4749 opinor,
3129 4684 3312 4737 animo
3342 4700 3505 4751 ange-

234 4768 424 4820 ίκανδν
473 4769 573 4821 οὐκ
619 4771 963 4833 ἁνέκυπτεν,
1014 4774 1042 4823 ὁ
1092 4773 1465 4843 πρεσϐύτερός
1517 4793 1650 4844 φησι
1699 4779 1812 4830 τοῖν

1924 4773 2104 4834 batur,
2135 4769 2523 4837 silentiumque
2554 4771 2749 4824 mirum
2804 4774 2858 4826 in
2905 4778 3122 4827 modum
3169 4775 3504 4842 amplectens

231 4861 394 4921 υἱοῖν,
431 4860 633 4928 βλέψας
662 4862 742 4923 είς
773 4862 911 4930 ἐμέ·
947 4863 1088 4916 Ἀλλ’
1114 4867 1167 4916 ετ
1194 4867 1276 4917 τοί
1311 4884 1391 4918 σοι
1424 4869 1522 4919 οὐκ
1554 4869 1814 4938 ἐπαχθὲς,

229 4952 329 5004 καὶ
373 4952 504 5020 περὶ
542 4952 748 5005 τούτων
789 4971 850 5020 γε
891 4956 1023 5024 ἡμῖν
1064 4957 1222 5018 αὐτὸς
1271 4959 1467 5022 ἀπόδος
1509 4960 1598 5013 τὸν
1639 4962 1814 5030 λόγον.

234 5043 416 5110 Ἕφην
448 5041 558 5111 ἐγὼ
593 5043 727 5112 πρὸς
766 5044 926 5099 αὐτόν
949 5063 962 5077 ⁸
1001 5049 1110 5099 Καὶ
1145 5049 1220 5117 (4)
1258 5051 1378 5103 τίνα
1413 5051 1477 5120 δὴ
1511 5053 1702 5106 τοῦτον
1738 5057 1812 5126 (5)

229 5135 492 5194 ἀπαιτεῖς
530 5133 724 5199 λόγον;
761 5135 853 5186 τὸν
886 5137 1034 5198 ὅπως
1075 5137 1281 5192 ἕκαστα
1322 5144 1559 5212 στοιχεῖα
1602 5145 1814 5212 φύσεως

231 5225 372 5295 ἔχει,
404 5225 496 5277 καὶ
525 5217 569 5292 ᾧ
597 5225 662 5295 δὴ
695 5225 869 5292 ταῦτ’,
901 5228 1150 5299 ἀλλήλοις
1182 5231 1420 5303 πολέμιά
1447 5251 1504 5285 τε
1539 5234 1686 5301 ὄντα,
1719 5237 1813 5289 καὶ

308 5360 323 5390 ⁸
352 5358 488 5414 Luc.
519 5375 631 5424 xvr,
654 5359 708 5414 8.

309 5473 386 5542 (Ι)
449 5473 1185 5554 ΡιρηίιιςΑὲριιᾳ-Ειξιιειηιιω
1237 5484 1468 5542 Chiliad.
1539 5490 1606 5554 ll,
1675 5506 1808 5547 cen-

237 5553 344 5597 tur.
375 5559 642 5625 III,.p|'0V.
679 5546 922 5626 63ξΜῦς
946 5551 1069 5626 ἄρτι
1103 5553 1300 5626 πίσσης
1335 5546 1651 5626 γενόμενος,
1689 5546 1709 5613 ι
1751 5564 1804 5615 in

236 5629 358 5695 eos,
393 5615 487 5695 qui
522 5631 647 5669 cum
677 5628 833 5669 antea
870 5615 1072 5695 fuerint
1095 5615 1422 5695 audac'nli'et
1446 5615 1806 5695 conﬁdentes,

239 5686 744 5759 posteadeguslato
773 5690 1012 5754 periculo
1057 5693 1213 5759 plane
1251 5696 1422 5749 timidi
1463 5700 1735 5754 videntur.
1784 5686 1802 5753 ί

310 5750 387 5818 (ε)
422 5750 572 5806 Iliad.
608 5756 666 5820 r,
705 5750 848 5809 ms.
887 5759 1011 5811 en.

319 5822 620 5893 (ἢφησὶν,
661 5827 1026 5900 ευὺὶηινίίὶςυ,
1090 5834 1115 5884 ὁ
1161 5833 1302 5902 ἱερὸς
1357 5837 1536 5906 λόγος,
1597 5842 1628 5910 ἡ
1685 5841 1814 5913 ἁγία

1919 4860 2240 4930 Pythagora:
2267 4861 2660 4930 discipulorum
2699 4863 2896 4918 similis
2951 4865 3268 4933 apparebat.
3316 4866 3503 4935 Itaque

1925 4969 2047 5007 cum
2083 4952 2424 5021 aliquantum
2459 4953 2720 5021 temporis
2746 4965 2910 5020 caput
2939 4971 3046 5009 non
3075 4957 3330 5025 erigeret,
3361 4960 3505 5014 ﬁlius

1925 5054 2053 5098 natu
2091 5047 2264 5112 major
2298 5047 2348 5098 in
2386 5059 2470 5098 me
2517 5045 2758 5111 intuens,
2794 5045 2908 5102 Nisi
2938 5049 3230 5101 molestum
3268 5059 3377 5110 est,
3414 5051 3498 5103 in-

1925 5140 2064 5209 quit,
2094 5138 2160 5192 de
2198 5139 2279 5193 his
2313 5139 2427 5207 ipse
2463 5139 2618 5193 nobis
2643 5140 2904 5194 rationem
2942 5142 3153 5196 reddas.
3193 5140 3497 5206 Quamnam

1926 5248 2076 5299 vero,
2130 5233 2374 5302 inquam,
2432 5234 2697 5288 rationem
2731 5235 2810 5289 vis
2840 5237 3035 5292 reddi?
3067 5255 3136 5294 an
3178 5249 3236 5294 ut
3275 5237 3373 5292 tibi
3403 5253 3502 5291 ex-

1917 5489 2158 5563 Γραφὴ,⁹
2174 5502 2268 5571 aut
2292 5494 2563 5571 ejusmodi
2598 5495 2799 5571 aliquid
2826 5515 2847 5571 _:
2879 5513 3004 5552 nam
3047 5500 3152 5554 hoc
3194 5502 3326 5570 φησί
3355 5518 3497 5571 smpe

1918 5562 2146 5644 utuntur
2168 5562 2341 5619 Graaci
2364 5605 2378 5628 ,
2420 5573 2476 5618 ut
2505 5562 3014 5637 sacrae—Scriptura:
3063 5562 3226 5626 verba
3255 5562 3496 5642 'proferri

1921 5647 1950 5685 a
1980 5647 2038 5686 se
2077 5644 2328 5687 Innuant.

1990 5702 2065 5770 (4i
2106 5704 2220 5772 Καὶ
2252 5706 2407 5759 deest
2439 5706 2490 5758 in
2510 5705 2646 5772 Reg.

1925 5841 1956 5896 l-
1994 5772 2086 5897 (δὲ
2104 5771 2263 5830 Forte
2293 5776 2500 5830 τούτων
2537 5779 2793 5833 rationem
2825 5780 2885 5835 de
2909 5780 2988 5836 his
3025 5783 3200 5852 rebus,
3235 5792 3292 5839 ut
3330 5799 3498 5854 supra

1947 5859 2018 5895 in.
2093 5883 2105 5895 .

1947 5859 2018 5895 ιιι.
2056 5859 2105 5895 ο.
