4202 6444
732 372 835 443 15!

1885 384 2283 449 MANUELIS
2303 389 2769 451 .l’AL/EGIDGI

3863 381 3963 448 152

716 491 932 557 plicem,
962 506 1211 560 quaenam
1252 493 1324 548 sit
1371 493 1708 563 singulorum
1762 497 2154 556 elemenwrutn
2196 519 2291 557 na-

2399 509 2619 575 μακράν
2655 503 2904 573 ἀλλήλων
2940 506 3005 574 τῇ
3053 502 3214 572 φύσει
3256 502 3597 573 διεστηκότα.
3641 501 3721 565 είς
3761 502 3962 557 ταυτὸν

719 583 881 635 tura?
918 585 1197 652 quomodo
1224 586 1359 650 haec,
1391 587 1601 640 etiamsi
1642 601 1881 656 pugnent
1906 590 2045 644 inter
2083 608 2163 656 se,
2194 610 2291 652 na.-

717 680 946 741 turaque
980 675 1141 744 longe
1166 664 1495 740 discrepent,
1533 677 1741 731 inidem
1760 688 1938 733 tamen
1960 686 2290 737 conveniant

717 765 1147 831 quodammodo,
1191 768 1474 836 vicinaque
1514 768 1667 823 sint?
1713 771 1816 824 alia
1848 771 2070 840 quidem
2101 775 2290 827 imme-

715 856 877 918 diate,
913 866 968 907 ut
1004 856 1073 909 ita
1110 857 1308 921 dicam,
1342 861 1758 929 quibuscunque
1790 862 2041 916 videlicet
2086 880 2289 933 cogna-

719 946 793 995 lin
819 946 1065 1013 quaedam
1100 957 1154 1001 et
1188 952 1398 1003 occulta
1433 951 1688 1003 identitas
1721 952 1904 1004 inest?
1930 953 2035 1007 alia
2062 956 2290 1009 mediate

714 1053 776 1089 ra
802 1037 945 1102 dico,
980 1056 1102 1107 qua:
1135 1041 1332 1094 (Ιίνιιτυὶ
1366 1044 1589 1095 omnino
1616 1053 1745 1097 sunt
1775 1044 2016 1113 generis,
2051 1056 2103 1098 et
2134 1060 2290 1114 pror-

716 1144 811 1182 sus
843 1130 1063 1184 aliena?
1093 1148 1213 1212 qua:
1248 1142 1424 1186 tamen
1459 1136 1718 1188 similium
1751 1138 2076 1199 qualitatum
2119 1139 2292 1191 inter-
2320 1206 2326 1212 ι

716 1231 879 1273 ventu
916 1205 1163 1287 latenter,
1198 1234 1255 1278 ut
1278 1227 1545 1294 quispiam
1580 1228 1797 1289 dixerit,
1821 1239 1877 1279 et
1904 1230 2116 1283 occulte
2148 1229 2291 1284 inter

720 1328 779 1363 se
811 1314 1230 1368 reconciliantur
1262 1333 1275 1368 :
1308 1318 1447 1369 unde
1481 1316 1694 1385 singula
1731 1318 1976 1388 singulis,
2021 1321 2165 1389 quod
2207 1329 2292 1376 est

716 1403 859 1454 dictu
897 1405 1165 1471 mirabile,
1207 1410 1538 1462 contrariam
1593 1410 1727 1478 ipsis
1762 1420 2012 1465 naturam
2042 1427 2290 1467 commu-

720 1495 925 1561 nicant,
970 1500 1521 1570 commistionemque
1566 1512 1620 1556 et
1660 1503 1919 1556 unitatem
1972 1520 2094 1557 cum
2125 1505 2289 1560 dissi-

718 1587 936 1641 milibus
990 1589 1215 1657 t‘aciunt,
1260 1596 1401 1660 quod
1457 1610 1673 1648 omnem
1724 1596 1902 1648 hercle
1947 1595 2289 1650 admirabili-

716 1680 843 1733 tatis
882 1695 1165 1736 excessum
1216 1694 1435 1755 superat
1474 1702 1487 1738 :
1532 1686 1801 1756 siquidem
1840 1686 1893 1740 id
1942 1689 2289 1744 dissimilitu-

720 1772 867 1825 dinis
907 1776 1093 1842 Specie
1144 1778 1358 1830 dulcem
1416 1781 1704 1845 quemdam
1733 1790 2055 1835 concentum
2106 1780 2287 1847 eﬂicit,

2393 595 2714 666 συνέρχεται
2740 592 2877 657 πως,
2904 596 2997 647 καὶ
3023 594 3351 665 γειτνιάζει;
3378 595 3475 648 καὶ
3495 595 3561 647 τὰ
3589 593 3688 662 μὲν
3712 595 3960 662 ἀμέσως,

2390 688 2535 749 ὅσοις
2577 686 2821 755 δηλονότι
2864 685 3158 753 συγγένειά
3193 703 3277 747 τις
3319 685 3516 748 ἔνεστι,
3559 683 3653 737 καὶ
3691 684 3961 753 ταυτότης

2391 776 2855 848 ὲγκεκρυμμένη;
2891 778 2959 829 τὰ
2999 776 3045 829 δ’
3071 769 3139 831 αῦ
3176 776 3462 847 ὲμμέσως,
3498 775 3641 843 λέγω
3674 776 3730 829 δὲ
3766 776 3863 829 νῦν
3894 776 3962 830 τά

2392 869 2567 936 πάντη
2610 866 2820 935 ἓκφυλά
2860 883 2919 920 τε
2965 867 3043 937 (1)
3086 868 3182 921 καὶ
3220 866 3507 936 ἀλλότριας
3549 865 3586 921 ἃ.
3616 866 3725 919 τῶν
3758 865 3964 933 ὁμοίων

2393 959 2796 1026 μεσιτευουσῶν
2823 959 3150 1028 ἀμφοτέροις
3183 958 3509 1028 ποιοτήτων,
3539 956 3863 1028 λεληθότως,
3889 957 3963 1020 ὼς

2390 1050 2455 1103 ἄν
2484 1066 2568 1110 τις
2597 1052 2742 1103 εἴποι
2767 1090 2782 1114 ,
2815 1051 2911 1102 καὶ
2943 1050 3190 1119 κρυφίως
3217 1048 3646 1102 καταλλάττεται
3672 1064 3687 1079 ·
3718 1050 3815 1110 καὶ
3848 1065 3965 1099 κοι-

2390 1142 2550 1192 νωνεί
2586 1141 2817 1193 ἒκαστον
2853 1140 3069 1209 ἑκάστῳ
3122 1138 3224 1207 τῆς
3273 1137 3523 1200 ἐναντίας
3563 1136 3710 1205 αὐτῷ
3750 1136 3966 1203 φύσεως

2392 1229 2684 1300 θαυμασίῳ
2712 1232 2922 1300 τρόπῳ,
2956 1232 3051 1282 καὶ
3088 1230 3447 1299 μεταδίδωσιν
3478 1228 3662 1299 ἠρέμα
3694 1227 3795 1297 τῆς
3827 1227 3966 1296 πρὸς

2390 1321 2458 1374 τὰ
2487 1322 2715 1391 ἀνόμοια
2743 1320 3101 1391 συγκράσεώς
3126 1339 3185 1374 τε
3213 1322 3306 1373 καὶ
3332 1319 3610 1384 ἑνώσεως,
3636 1318 3664 1371 ὃ
3689 1319 3753 1389 δὴ
3783 1320 3966 1371 πᾶσαν

2392 1410 2669 1479 θαύματος
2699 1411 3006 1480 ὑπερσολὴν
3036 1412 3169 1464 εἵσω
3197 1410 3504 1465 πίπτουσαν
3536 1410 3864 1476 ἀποφαίνει,
3898 1410 3963 1477 τῇ

2393 1502 2624 1572 δοκούσῃ
2655 1503 2933 1572 ἀνισότητι
2964 1501 3158 1572 εύηχόν
3191 1521 3313 1555 τινα
3343 1502 3610 1572 ἁρμονίαν
3641 1499 3963 1563 ἀποτελοῦν,

2392 1592 2487 1643 καὶ
2519 1593 2620 1645 οὐκ
2652 1593 2819 1659 ἀξίως
2851 1593 3156 1663 δυναμένην
3189 1593 3586 1660 θαυμάζεσθαι.
3620 1591 3840 1645 Τούτων
3868 1589 3963 1642 οὖν

2391 1682 2485 1736 τὸν
2516 1683 2677 1751 λόγον
2710 1685 2804 1738 νῦν
2836 1687 3126 1750 dnctis-sic;
3162 1685 3195 1754 ἢ
3238 1686 3443 1738 ἐκεῖνον
3464 1724 3477 1745 .
3517 1682 3641 1736 καθ’
3666 1682 3726 1735 ὃν
3756 1683 3788 1735 ὁ
3826 1682 3963 1737 πάν-

2392 1790 2500 1826 των
2528 1774 2859 1844 δημιουργὸς
2892 1779 2954 1828 ὲκ
2984 1775 3079 1828 τοῦ
3116 1775 3189 1845 μὴ
3221 1774 3373 1837 ὄντος
3400 1773 3572 1827 ταῦτα
3605 1774 3962 1844 παρήγαγεν;

716 1876 877 1924 quem
916 1879 1077 1917 nemo
1112 1882 1210 1933 pro
1254 1870 1328 1920 rei
1364 1870 1626 1938 dignitate
1652 1871 1786 1924 satis
1812 1871 1985 1939 possit
2008 1872 2288 1927 admirari.

2394 1866 2426 1936 ἢ
2456 1866 2547 1919 τὸν
2578 1866 2894 1937 ἱστοροῦντα
2922 1868 3129 1921 τούτων
3158 1869 3258 1937 τὴν
3292 1867 3531 1936 ποίησιν,
3560 1867 3653 1919 καὶ
3684 1867 3837 1918 ποῖον
3868 1864 3965 1933 μὲν

715 1950 853 2006 Νιιιιι
888 1954 1053 2024 igitur
1100 1957 1294 2010 hormn
1333 1960 1449 2024 tibi,
1476 1958 1695 2029 hospes,
1728 1963 1993 2017 rationem
2018 1964 2278 2033 explicari

716 2061 861 2100 nunc
893 2051 1136 2116 postulas
1162 2052 1183 2103 ?
1214 2053 1294 2105 vel
1323 2069 1461 2115 eam,
1494 2070 1600 2123 qua
1649 2056 1859 2110 ratione
1898 2056 2080 2123 Opifex
2110 2058 2282 2110 aedili-

714 2146 976 2207 catorque
1006 2141 1250 2192 (minium
1291 2142 1426 2194 licus
1459 2159 1521 2194 ex
1566 2143 1736 2195 nihilo
1770 2144 1883 2197 ha‘c
1913 2146 2228 2212 produxerit
2262 2144 2286 2197 ?

716 2230 796 2283 vel
829 2245 975 2293 eam,
1012 2250 1131 2301 qua-
1164 2236 1353 2288 liurutn
1390 2238 1631 2288 omnium
1671 2236 2000 2289 creationem
2042 2225 2283 2301 enarret,

2392 1958 2628 2028 πρῶτον,
2668 1962 2821 2012 ποῖον
2862 1960 2920 2013 δὲ
2966 1960 3152 2027 μέσον,
3199 1962 3353 2012 ποῖον
3396 1958 3441 2011 δ’
3470 1957 3698 2010 ὕστατον
3741 1957 3959 2023 γέγονες

2393 2052 2504 2102 Καὶ
2531 2050 2611 2114 ὃς,
2639 2052 2743 2104 Τὸν
2770 2053 2948 2122 τρίτον
2974 2051 3147 2119 οἶμαι,
3176 2053 3301 2122 ἔφη,
3326 2053 3416 2104 τὸν
3442 2052 3655 2120 πατέρα
3686 2050 3958 2103 ἀπαιτεῖν.

2395 2138 2469 2194 Οὓ
2504 2143 2834 2211 συνθεμένου
2867 2145 2944 2213 τῷ
2978 2144 3165 2210 παιδὶ,
3200 2145 3296 2198 καὶ
3327 2144 3757 2214 ὁμολογήσαντος
3779 2180 3795 2206 ,
3829 2140 3962 2210 ἔφην

2394 2234 2503 2302 ἐγώ
2528 2250 2540 2263 ·

713 2334 766 2375 ct
796 2327 922 2394 quid
971 2330 1225 2396 primum,
1270 2332 1399 2399 quid
1437 2332 1697 2399 medium,
1732 2333 1858 2401 quid
1895 2333 2143 2385 ultimum
2181 2332 2382 2388 factum
2416 2331 2614 2390 fuerit?
2644 2336 2795 2392 Istuc
2821 2334 3043 2391 tertium
3110 2334 3326 2405 opinor,
3392 2332 3593 2402 inquit,
3642 2339 3801 2400 pater
3868 2341 3961 2382 ex-

714 2423 869 2489 petit.
901 2424 1001 2490 Qui
1039 2442 1161 2478 eum
1204 2428 1294 2481 lilii
1319 2429 1530 2482 dictum
1554 2444 1782 2483 assensu
1813 2446 1912 2483 suo
1937 2431 2370 2499 comprobasset,
2405 2442 2516 2489 tum
2547 2451 2677 2506 ergo
2713 2450 2905 2490 rursus
2937 2433 3012 2486 ita
3044 2446 3163 2486 sum
3200 2443 3432 2484 exorsus
3459 2428 3680 2481 dicere:

782 2518 836 2570 2.
888 2518 1113 2572 Rectum
1152 2521 1368 2588 quidem
1422 2538 1539 2577 mea
1594 2523 1886 2586 sententia,
1934 2524 2125 2592 optimi
2166 2525 2287 2589 viri,

712 2612 1002 2665 consil-ium
1036 2612 1260 2677 iniistis,
1305 2615 1449 2682 quod
1483 2614 1784 2669 iuclinastis
1815 2614 1878 2667 ad
1913 2616 1985 2677 id,
2011 2615 2155 2683 quod
2182 2631 2288 2669 non

715 2704 1032 2772 pcrdiilicile
1100 2714 1205 2767 est,
1242 2706 1323 2759 vel
1362 2706 1585 2759 omnino
1615 2717 1767 2761 extra
1822 2705 2138 2761 lacultatem
2188 2721 2288 2761 no-

713 2808 884 2850 stram
911 2798 1146 2864 positum
1184 2799 1390 2851 :multo
1417 2799 1561 2853 enim
1592 2800 1772 2852 hercle
1800 2814 2049 2852 sermone
2078 2798 2288 2867 indige-

714 2898 799 2942 ret
876 2889 1118 2957 priorum
1172 2892 1532 2959 quaestionum
1573 2890 1883 2959 explicatio,
1944 2890 2289 2960 multumque

716 2979 873 3034 nobis
912 2980 1207 3035 lacesseret
1240 2983 1461 3051 negotii,
1501 2982 1949 3052 philosophorum
1991 2982 2154 3036 etiam
2183 2981 2288 3035 lin-

714 3088 819 3141 gua
848 3082 901 3127 et
931 3075 1119 3128 auditu
1165 3090 1304 3144 opus
1335 3076 1571 3129 haberet.
1610 3074 1754 3129 Illam
1786 3090 1950 3145 porro
1994 3076 2284 3138 rationem,

2472 2528 2538 2598 β’.
2574 2528 2648 2582 Εὖ
2677 2546 2767 2597 μοι
2795 2525 3178 2597 βεϐουλεῦσθαι
3204 2524 3433 2586 δοκεῖτε,
3464 2521 3598 2589 πρὸς
3626 2518 3686 2571 τὸ
3717 2515 3804 2585 μὴ
3821 2511 3959 2568 πάνυ

2398 2620 2633 2689 χαλεπὸν
2656 2620 2689 2690 ἢ
2720 2618 2981 2672 ἀδύνατον
3006 2618 3298 2677 νεύσαντες
3324 2630 3338 2643 ⁸
3368 2612 3475 2666 τῶν
3504 2612 3603 2681 μὲν
3628 2611 3736 2678 γὰρ
3764 2607 3961 2677 προτὲ-

2399 2731 2509 2781 ρων
2549 2713 2880 2783 ζητημάτων
2916 2712 2945 2762 ὀ
2987 2710 3145 2778 λόγος
3191 2705 3358 2769 πολὺς
3400 2704 3467 2758 ἀν
3506 2702 3614 2771 εἴη,
3656 2703 3750 2755 καὶ
3792 2700 3961 2753 πολλὰ

2395 2804 2653 2874 παρέχων
2685 2806 2816 2873 ἡμῖν
2848 2802 3171 2873 πράγματα,
3190 2798 3514 2867 φιλοσόφων,
3553 2794 3647 2847 καὶ
3676 2792 3924 2860 γλώττης
3943 2828 3962 2854 ,

2394 2899 2488 2951 καὶ
2517 2899 2687 2965 ἀκοῆς
2716 2897 2990 2966 δεόμενος.
3021 2894 3193 2962 Λόγον
3222 2893 3281 2946 δὲ
3310 2891 3472 2944 πάλιν
3502 2888 3729 2949 ἐκεῖνον,
3761 2884 3885 2938 καθ’
3905 2884 3962 2938 ὃν

2393 2988 2571 3041 πάντα
2603 2988 2930 3057 παρήγαγεν
2957 2989 2986 3040 ὁ
3011 2986 3165 3051 Θεὸς,
3192 2984 3284 3037 καὶ
3312 2982 3525 3051 σοφίαν,
3616 2978 3788 3031 ταῦτα
3816 2976 3964 3044 δεδη-

2396 3080 2762 3149 μιούργηκεν,
2801 3079 2967 3142 αὐτὸς
3021 3077 3089 3131 ἀν
3134 3076 3292 3145 μόνος
3338 3072 3505 3141 εἰδείη
3533 3089 3547 3104 ο
3586 3071 3717 3139 ἡμῖν
3756 3067 3815 3120 δὲ
3857 3066 3964 3133 ἄρα

714 3182 821 3234 qua
859 3167 972 3220 luce
999 3170 1179 3223 omnia
1215 3170 1528 3238 produxerit
1562 3169 1721 3231 Deus,
1766 3172 2199 3239 sapientiamque
2229 3171 2292 3225 il-

2390 3172 2511 3225 τόδε
2542 3172 2740 3234 παντὸς
2776 3171 2976 3240 μᾶλλον
3004 3169 3291 3223 ἀδύνατον.
3325 3166 3398 3217 Οὐ
3430 3162 3535 3234 γὰρ
3562 3159 3701 3215 οἶδεν
3733 3160 3766 3230 ἡ
3791 3159 3962 3222 οίκία,

716 3258 845 3323 lam,
873 3274 978 3327 qua
1003 3261 1321 3314 universum
1352 3263 1494 3314 hunc
1522 3262 1781 3315 mundum
1805 3262 2106 3325 mdilicarit,
2140 3262 2291 3316 Solus

2391 3264 2500 3317 οὐδ’
2527 3266 2560 3334 ἠ
2596 3264 2757 3328 ναῦς,
2792 3262 2891 3333 τὴν
2921 3262 3118 3331 τέχνην
3138 3298 3152 3322 ,
3255 3257 3445 3323 γέγονε
3471 3272 3485 3286 ο
3520 3252 3696 3306 καίτοι
3729 3252 3823 3304 καὶ
3854 3252 3962 3319 ἀμ-

715 3352 833 3419 ipse
862 3353 1074 3406 noverit
1106 3369 1121 3405 :
1160 3367 1257 3407 nec
1288 3354 1582 3422 quidquam
1616 3366 1698 3409 est
1730 3354 1996 3424 proiecto,
2033 3356 2191 3426 cujus
2236 3356 2289 3408 in

2397 3358 2601 3424 φότερα
2625 3356 2799 3410 ταῦτα
2846 3350 3006 3408 τοῦτο
3033 3353 3067 3422 ἢ
3098 3354 3274 3405 ἐκεῖνο
3302 3350 3363 3403 τὸ
3389 3343 3525 3408 εῒδος
3554 3346 3714 3413 μόνον
3744 3342 3827 3409 (ού
3860 3342 3964 3411 μὴν

718 3443 1083 3511 cognitionem
1121 3446 1376 3497 devenire
1405 3445 1584 3499 utinus
1612 3446 1909 3514 possimus.
1944 3445 2086 3511 Quid
2119 3444 2293 3498 enim?

718 3534 937 3589 noritne
961 3535 1185 3602 domus,
1214 3536 1438 3590 novitne
1469 3538 1623 3592 navis
1654 3546 1851 3601 artem,
1880 3552 1986 3606 qua
2018 3537 2159 3591 facta
2188 3537 2294 3592 est?

720 3626 783 3679 Bt
816 3634 993 3680 tamen
1019 3627 1191 3682 amba
1212 3628 1346 3682 nihil
1379 3639 1571 3696 praeter
1602 3630 1739 3683 Lanc
1776 3629 1861 3683 vel
1891 3629 2035 3683 illam
2063 3629 2292 3683 formam

716 3718 851 3785 (non
880 3728 1156 3786 acceptam
1198 3719 1351 3773 initio
1383 3720 1909 3784 exsistentiam,non
1934 3729 2157 3783 statum,
2184 3735 2292 3775 non

718 3810 1227 3879 conservationem)
1272 3827 1433 3865 manu
1460 3811 1900 3882 cogitationeque
1929 3822 2113 3867 nostra
2141 3827 2297 3867 acce-

720 3911 936 3970 perunt.
971 3902 1113 3958 Deus
1144 3912 1349 3968 autem,
1382 3903 1524 3972 quod
1562 3907 1747 3958 omnia
1779 3920 1844 3959 es
1892 3904 2064 3958 nihilo
2095 3905 2297 3973 produ-

719 3991 820 4054 xit,
854 3993 993 4045 etin
1037 4006 1218 4051 rerum
1261 4003 1452 4046 natura
1506 4001 1819 4057 conservat,
1868 4006 1977 4046 non
2026 3993 2293 4046 minorem

720 4080 846 4136 inde
867 4082 1283 4135 admirationem
1310 4092 1511 4146 moret,
1530 4098 1689 4151 quam
1716 4082 1837 4151 quia
1862 4081 2151 4150 quamdam
2176 4081 2297 4135 sine

721 4174 830 4228 ulla
878 4174 1082 4242 spicio,
1130 4185 1295 4243 atque
1341 4186 1621 4229 carentem
1673 4174 1933 4243 qualitate
1988 4173 2294 4239 materiam,

720 4274 870 4320 certa
896 4266 1077 4336 aliqua
1114 4266 1289 4320 forma
1323 4268 1598 4335 posterius
1629 4265 1931 4335 insignivit.
1961 4264 2050 4330 Et,
2094 4266 2141 4321 si
2198 4282 2297 4321 no-

723 4373 835 4414 stra
871 4375 979 4413 non
1016 4360 1420 4431 cognoscimus,
1441 4360 1904 4426 alienaquomodo
1937 4370 2082 4413 recte
2108 4374 2296 4414 nosce-

721 4452 941 4506 remus?
975 4451 1080 4507 Sed
1110 4461 1292 4506 tanien
1324 4451 1427 4506 hoc
1455 4462 1604 4506 certo
1642 4452 1868 4514 scimus,
1910 4451 2157 4506 divinum
2187 4452 2294 4505 Nu-

722 4559 846 4595 men
894 4542 962 4596 ob
984 4542 1155 4596 solum
1188 4541 1484 4596 bonitatem
1534 4556 1689 4597 suam
1732 4542 1955 4612 angelos
1999 4542 2292 4606 creavisse,

721 4648 1049 4701 otttnemque
1081 4633 1245 4685 alium
1276 4634 1548 4697 ordinem,
1583 4632 1676 4701 qui
1700 4643 1894 4687 natura
1924 4633 2193 4688 sentiente
2219 4641 2298 4687 le-

2400 3451 2494 3503 καὶ
2519 3449 2579 3503 τὸ
2604 3450 2702 3520 τὴν
2732 3448 2906 3519 ἀρχὴν
2936 3446 3238 3509 ὑποστῆναι
3261 3484 3276 3509 ,
3304 3442 3399 3495 καὶ
3427 3434 3843 3506 συντηρεῖσθαι,
3872 3432 3967 3484 καὶ

2399 3541 2785 3611 διασώζεσθαι)
2817 3536 2972 3611 παρὰ
3000 3540 3095 3607 τῆς
3124 3536 3401 3607 ἡμετέρας
3432 3530 3615 3602 χειρός
3641 3546 3701 3581 τε
3730 3528 3827 3580 καὶ
3855 3525 3969 3579 δια-

2402 3633 2551 3694 νοίας
2586 3632 2856 3700 ἀπείληφε
2881 3647 2896 3662 ο
2928 3630 3061 3690 Θεὸς
3099 3627 3156 3679 δὲ
3192 3625 3372 3703 πάντα
3405 3615 3742 3703 παραγαγὼν
3775 3614 3834 3680 ἐξ
3865 3613 3964 3665 οὐκ

2400 3724 2591 3787 ὄντων,
2626 3722 2719 3775 καὶ
2760 3718 3041 3789 συντηρῶν
3076 3719 3136 3770 ὲν
3169 3715 3247 3785 τῷ
3284 3701 3444 3776 εἶναι,
3482 3710 3578 3777 οὐχ
3610 3701 3770 3777 ἦττόν
3804 3721 3869 3772 γε
3905 3705 3967 3756 ὲκ

2401 3814 2595 3866 τούτου
2640 3812 3018 3881 θαυμάζεται,
3053 3809 3085 3877 ἢ
3133 3806 3241 3860 ἀπὸ
3273 3803 3367 3856 τοῦ
3400 3801 3497 3871 τὴν
3532 3798 3766 3851 ἀνείδεον
3798 3795 3965 3862 ὕλην,

2402 3904 2469 3974 ἢν
2495 3906 2859 3973 ὑπεστήσατο,
2887 3901 3225 3969 είδοποιῆσαι
3256 3892 3731 3966 μεταγενέστερον.
3762 3886 3893 3952 Καὶ,
3922 3886 3969 3937 εἰ

2403 3995 2470 4048 τὰ
2511 3994 2632 4047 καθ’
2657 3995 2805 4063 ἡμᾶς
2846 3992 2905 4044 οὐ
2947 3988 3311 4058 γινώσκομεν,
3356 3984 3471 4047 πῶς
3510 3981 3574 4036 ἂν
3614 3979 3794 4041 καλῶς
3840 3976 3971 4046 περὶ

2402 4087 2512 4139 τῶν
2543 4085 2717 4140 ἄλλων
2745 4084 2908 4152 εἰδείη
2920 4100 3055 4151 μεν;
3089 4080 3236 4149 Πλήν
3264 4095 3325 4147 γε
3351 4075 3509 4131 τοῦτο
3538 4073 3735 4134 παντὸς
3769 4070 3970 4141 μᾶλλον

2405 4182 2584 4249 ίσμεν,
2639 4179 2711 4239 ὡς
2763 4176 3168 4243 δι’ἀγαθότητα
3220 4172 3385 4242 μόνην
3427 4167 3552 4229 τούς
3595 4183 3654 4219 τε
3703 4163 3973 4231 ἀγγέλους

2405 4269 2895 4340 προῦπεστὴσατο,
2926 4269 3021 4317 καὶ
3053 4264 3233 4316 πᾶσαν
3263 4262 3429 4329 ἀλλην
3457 4256 3816 4322 διακόσμησιν
3848 4269 3973 4319 νοη⁶

2402 4367 2501 4432 τήν
2526 4379 2541 4392 ·
2587 4357 2706 4414 εἶτα
2751 4360 2846 4413 καὶ
2884 4358 3040 4428 τήνδε
3085 4357 3182 4426 τὴν
3224 4355 3511 4424 ὁρωμένην
3553 4346 3845 4416 παρήγαγε
3886 4359 3963 4407 τε,

2404 4454 2500 4508 καὶ
2534 4454 2870 4520 είδοποίησε,
2902 4452 2996 4502 καὶ
3026 4450 3274 4519 προνοεῖ,
3308 4447 3401 4498 καὶ
3434 4442 3648 4509 συνέχει
3678 4439 3858 4491 πάντα
3884 4436 3967 4488 δε-

2405 4546 2560 4615 σμοῖς
2600 4543 2781 4612 φιλίας
2819 4542 3082 4613 άρρήτοις
3124 4539 3225 4610 (‘2),
3268 4538 3361 4590 καὶ
3401 4532 3666 4604 συμφυῐᾳ,
3704 4529 3863 4596 λόγον
3897 4544 3966 4579 νι-

2406 4637 2556 4705 κώσῃ
2583 4639 2674 4687 καὶ
2700 4632 2825 4686 νοῦν
2848 4631 3208 4702 ἀνθρώπειον.
3235 4628 3495 4681 Λείπεται
3518 4622 3692 4675 τοίνυν
3716 4619 3966 4689 φράζειν,

723 4736 917 4779 nentur
950 4742 964 4779 :
998 4724 1193 4778 deinde
1217 4726 1382 4791 hunc,
1406 4739 1567 4793 quem
1593 4725 1857 4790 videmus,
1879 4725 2139 4780 mundum
2169 4739 2293 4795 pro-

2400 4719 2543 4797 ᾗτινι
2594 4724 2766 4778 ταῦτα
2792 4721 2944 4785 τάξει
2971 4719 3451 4788 δεδημιούργηται.
3480 4713 3547 4767 "ll
3608 4711 3733 4797 mli;
3752 4710 3966 4775 R7515;

722 4820 967 4883 duxisse,
1000 4829 1260 4888 certaque
1285 4819 1468 4890 specie
1494 4834 1559 4874 ac
1582 4818 1753 4875 forma
1775 4819 2087 4883 decorasse,
2115 4820 2298 4888 provi-

722 4912 1015 4981 detttiaqlte
1037 4926 1135 4966 sua
1155 4911 1336 4965 adhuc
1353 4926 1681 4968 conservare
1701 4914 2035 4981 aeternisque
2061 4926 2298 4965 concor-

2416 4816 2580 4871 Ἀλλά
2611 4814 2789 4878 τοῦτο,
2822 4814 3028 4880 ἔφασαν
3059 4811 3190 4877 οἶδε,
3222 4810 3356 4871 τέως
3388 4807 3711 4871 ἀκούσωμεν
3730 4796 3751 4829 ν’
3786 4799 3883 4868 τὴν
3916 4796 3967 4849 δὲ

2410 4910 2520 4963 τῶν
2552 4910 2693 4978 ὑπὲρ
2723 4908 2869 4977 ἡμᾶς
2894 4904 3094 4973 γνῶσιν
3120 4903 3236 4971 Θεῷ
3261 4900 3665 4967 καταλίπωμεν.

723 5006 825 5058 dia-
856 5007 1110 5073 vinculis,
1152 5007 1499 5077 naturalique
1517 5006 1922 5075 conjunctione,
1948 4999 2065 5076 qua:
2085 5022 2245 5076 supra
2264 5021 2479 5061 omnem
2508 5004 2789 5059 hominum
2811 5002 3077 5055 rationem
3102 5006 3431 5067 captumque
3457 4992 3690 5062 putanda
3712 4998 3816 5051 est,
3839 5002 3971 5042 cun-

723 5112 807 5153 rta
831 5103 1128 5155 continere.
1148 5099 1434 5169 Reliquum
1458 5100 1744 5170 estigitur,
1768 5109 1829 5153 ut
1854 5116 1961 5167 quo
1985 5100 2097 5152 haec.
2121 5101 2311 5153 ordine
2336 5098 2595 5152 fabricata
2624 5096 2847 5158 fuerint,
2891 5094 3236 5162 eloquamur.
3259 5092 3337 5142 An
3380 5103 3484 5141 non
3515 5086 3665 5140 vobis
3706 5085 3781 5138 ita
3827 5080 3970 5134 vide-

725 5195 854 5249 tur?
880 5193 1051 5249 Nobis
1078 5192 1294 5263 quidem
1322 5195 1558 5256 videtur,
1584 5190 2099 5262 iuquiebant.idque
2140 5192 2355 5245 interim
2384 5191 2671 5243 audinnus
2703 5206 2715 5240 :
2753 5201 2875 5255 quae
2909 5200 3036 5238 vero
3066 5197 3229 5252 supra
3260 5194 3357 5234 nos
3388 5187 3533 5241 situt,
3561 5191 3743 5230 eorum
3788 5173 3969 5243 cogni-

727 5297 925 5348 tionem
963 5291 1070 5345 Deo
1099 5292 1490 5359 relinquamus.

751 5381 758 5389 ’
798 5388 851 5440 5.
885 5387 1084 5441 Verum
1129 5388 1195 5439 de
1230 5385 1358 5451 illis,
1396 5386 1643 5453 inquam,
1708 5383 1843 5437 nihil
1894 5393 2143 5437 nostrmn
2197 5397 2295 5433 au-

727 5481 864 5533 dies.
912 5476 1043 5529 Nam
1069 5492 1190 5547 qua;
1242 5476 1384 5531 Deus
1416 5475 1585 5546 Moysi
1652 5475 1935 5528 scribenda
1995 5474 2292 5537 lt:altda\il,

731 5570 845 5622 Iure
869 5582 969 5635 ego
996 5566 1090 5621 tibi
1132 5568 1389 5619 narrabo.
1415 5566 1660 5631 Quorum
1698 5565 1744 5619 si
1800 5564 1927 5633 quid
1979 5562 2131 5616 aliter
2179 5575 2297 5613 cre-

728 5661 893 5725 datis,
915 5661 1086 5714 dicas.
1113 5658 1295 5727 Neque
1322 5671 1501 5713 tamen
1537 5658 1669 5712 illud
1693 5658 1790 5712 abs
1813 5666 1863 5711 te
1891 5655 2128 5726 ignorari
2154 5655 2295 5719 volo,

802 5864 879 5932 (ι)
912 5862 980 5914 Te
1008 5862 1157 5917 ιίεριηι
1190 5861 1241 5913 ιιι
1277 5859 1408 5927 Reg.

2475 5378 2544 5445 γ’.
2588 5376 2725 5429 Ἀλλ’
2753 5376 2906 5427 οὐδὲν
2924 5372 3134 5440 ἀκούσῃ
3161 5370 3289 5437 περὶ
3315 5373 3537 5429 τουτων,
3578 5361 3734 5431 ἔφην,
3772 5360 3965 5429 ἡμέτε-

2409 5486 2532 5540 ρονυ
2571 5469 2607 5521 ἀ
2640 5471 2747 5535 γὰρ
2785 5467 2991 5533 Μωῡσῇ
3024 5464 3156 5522 Θεὸς
3195 5454 3494 5529 προσέταξε
3537 5452 3763 5521 γράψαι,
3800 5448 3965 5501 ταῦτά

2408 5581 2489 5616 σοι
2526 5561 2881 5631 διηγήσομαι.
2915 5556 2979 5608 Ei.’
3009 5573 3060 5607 τι
3093 5553 3223 5621 γοῦν
3266 5551 3470 5602 τούτων
3511 5547 3636 5615 ὑμῖν
3673 5543 3844 5604 ἄλλως
3879 5558 3965 5591 πι-

2410 5655 2679 5718 στεύεται,
2720 5650 2946 5717 φράσον.
2987 5646 3132 5713 Πλὴν
3180 5660 3235 5693 σε
3270 5640 3557 5709 γινώσκειν
3599 5634 3788 5699 ἐθέλω,
3818 5632 3887 5692 ὡς
3921 5629 3966 5683 οι

2480 5850 2667 5922 (Q)Eie
2701 5848 2893 5911 ambo;
2935 5845 3071 5900 forte
3108 5841 3421 5911 ἀρρὴκτυις.
