4202 6444
219 418 326 489 153

1199 431 1425 494 DIALO
1450 434 1603 497 GUS
1641 437 1697 498 lI
1735 437 1891 499 CUM
1925 438 2482 504 ΜΟΠΛΜΕΤΑΝΟ.

3359 443 3461 508 154

212 540 286 597 τὰ
331 539 663 609 πρωτότυπα
702 540 1049 611 κεκτημένοι,
1088 542 1214 607 τοὺς
1274 542 1560 611 Ἰουδαίους
1614 550 1778 619 λέγω,

1888 567 1984 606 eos
2006 552 2100 621 qui
2130 566 2302 607 sacra:
2367 552 2664 624 Scriptura:
2704 552 2915 623 primos
2976 561 3152 610 textus
3204 556 3467 626 possede-

212 630 416 698 καίπερ
447 630 631 700 ἐχθροὶ
654 630 755 700 τῆς
791 631 1029 697 πίστεως
1053 632 1225 705 ὅντες,
1260 639 1389 707 περ).
1414 640 1524 691 τῶν
1551 640 1648 707 τῆς
1669 641 1785 692 κτί-

213 739 356 785 σεως
384 722 559 792 λόγων
586 724 741 777 οὐδὲν
764 727 899 796 πρὸς
921 728 1071 797 ἡμᾶς
1098 727 1465 800 διαφέρονται.
1507 732 1667 785 Ἀλλά
1692 733 1787 786 καὶ

212 815 349 882 ἡμῖν
380 815 744 886 διαφερόντως
772 818 971 871 ἐκεῖνοι
1007 819 1195 889 ἐχθροὶ
1218 823 1578 889 τυγχάνουσιν
1610 822 1782 887 ὄντες,

209 902 373 971 ἔφην,
407 904 544 975 πρὸς
567 906 753 975 μέντοι
778 907 935 963 τοῦτο
964 907 1369 979 ξυμϐαίνουσιν.
1395 913 1623 978 Οὐκοῦν,
1647 914 1785 983 ἔφην

212 996 350 1063 ἐγὼ,
382 999 431 1050 εί
466 1000 559 1051 καὶ
587 1000 919 1070 ἀμφοτέροις
946 1004 1078 1073 ἡμῖν
1130 1004 1234 1057 οἵδε
1276 1007 1418 1058 κατά
1450 1006 1608 1059 τοῦτο
1643 1023 1785 1074 συμ-

212 1089 483 1155 ϐαίνουσι,
524 1091 615 1143 καὶ
650 1093 905 1164 ἀλλήλοις
953 1097 1113 1163 ἡμεῖς
1158 1095 1569 1166 ξυμϐησὸμεθα.
1615 1099 1784 1165 Δῆλον

210 1181 299 1248 δὴ,
329 1181 431 1250 ἔφη
491 1182 520 1232 ὁ
556 1184 761 1253 γέρων.
796 1187 947 1255 Ἀμα
978 1182 1158 1241 δὲ’καὶ
1189 1191 1239 1241 οἱ
1274 1193 1463 1253 παῖδες
1491 1192 1582 1243 τόν
1608 1209 1666 1245 τε
1698 1192 1786 1243 λό-

216 1288 317 1338 γον
350 1273 609 1343 ἐπῄνουν,
646 1278 741 1330 καὶ
770 1277 867 1348 τὴν
904 1280 1147 1351 ἱστορίαν
1180 1281 1441 1351 ἀπῄτουν,
1471 1283 1539 1352 ἢν
1567 1283 1631 1354 δὴ
1660 1283 1783 1338 κατ’

212 1365 530 1435 ἀκρίϐειαν,
558 1368 632 1429 ὠς
667 1364 778 1421 οἷον
803 1369 849 1423 τ’
878 1367 970 1442 ἦν,
1000 1375 1341 1429 ἀποδέδωκα.
1366 1376 1633 1447 Εὖρισκον
1658 1377 1784 1445 μέν·

208 1472 293 1508 τοι
332 1456 556 1521 τούτους
588 1460 654 1512 τὰ
685 1461 856 1514 πλείω
883 1480 945 1529 γε
982 1465 1403 1533 συγκεχυμένως
1436 1467 1666 1529 είδὸτας.
1689 1466 1783 1518 κα)⁵

208 1551 287 1609 ὡς
318 1545 385 1619 ἦν
424 1554 571 1615 είκὸς
602 1556 845 1610 διάνοιαν
874 1557 1054 1623 ἄθεον,
1093 1560 1187 1611 καὶ
1235 1561 1333 1630 οὐχ
1384 1561 1501 1613 οἵαν
1535 1561 1783 1631 θειότερά

205 1658 333 1695 τινα
354 1643 608 1709 δέξασθαι
641 1649 967 1727 πράγματα.
989 1652 1080 1702 καὶ
1114 1655 1386 1721 σαρκικῆς
1416 1652 1695 1718 δυνάμεώς
1719 1670 1779 1705 τε

208 1731 306 1782 καὶ
333 1733 588 1798 γνώσεως
612 1736 938 1808 ὑψηλότερα,
967 1740 999 1810 ἢ
1030 1742 1304 1810 ἀλλότρια.
1336 1739 1431 1805 Οἷς
1461 1747 1566 1815 γὰρ
1590 1745 1655 1812 δὴ
1671 1744 1781 1797 τῶν

208 1821 523 1892 λεγομένων
549 1826 617 1879 τά
642 1830 793 1895 σφῶν
828 1830 1010 1898 βιϐλία
1038 1830 1338 1895 ξυνέϐαινε.
1369 1835 1581 1897 τούτοις
1619 1836 1780 1899 εὐθὺς

206 1912 552 1983 ὡμολόγουν,
580 1918 915 1986 φιλονεικίας
950 1925 1133 1993 πάσης
1162 1926 1580 1994 ἀπηλλαγμένοι
1601 1942 1616 1958 ο
1667 1930 1781 1989 τοῖς

208 2003 267 2055 δὲ
298 2004 506 2070 λοιποῖς
539 2009 635 2079 ἀψὲ
674 2014 765 2064 καὶ
798 2015 969 2082 μόλις.
1010 2017 1191 2070 Πάντα
1224 2018 1293 2081 δ’,
1326 2019 1409 2071 ἵνα
1448 2020 1643 2073 θᾶττον
1690 2019 1781 2072 ἐπί

205 2113 264 2150 τι
298 2100 659 2172 καιριώτερον
703 2104 934 2175 ἔλθοιμι,
974 2108 1332 2174 τελευτῶντες
1364 2111 1603 2175 ἅπαντες
1636 2112 1783 2165 ἀπε-

201 2188 448 2258 δέχοντο.
486 2194 559 2246 Οὐ
594 2195 701 2265 μὴν
745 2197 880 2250 ἀλλά
913 2199 1009 2251 καὶ
1037 2201 1127 2254 τὸν
1151 2202 1279 2270 περὶ
1313 2205 1418 2271 τῆς,
1441 2203 1661 2273 ἐντολῆς
1687 2203 1783 2257 καὶ

199 2284 298 2335 τὲιν
317 2285 415 2351 τῆς
442 2288 810 2356 παραϐάσειιις
839 2290 1016 2358 λόγον,
1048 2294 1144 2361 τῆς
1172 2295 1582 2365 προπατορικῆς
1612 2297 1777 2361 λέγω,

203 2378 304 2427 καὶ
345 2378 445 2445 τῆς
475 2379 562 2433 διὰ
594 2380 796 2448 ταύτην
848 2383 987 2452 ἀρᾶς
1035 2385 1129 2437 καλ⁸
1165 2385 1402 2455 ἐξορίας,
1433 2388 1527 2440 καὶ
1556 2389 1655 2458 τῆς
1684 2389 1779 2440 τοῦ

204 2467 381 2519 Ἀϐελ
420 2469 705 2539 τελευτῆς,
762 2478 859 2529 καὶ
895 2476 959 2545 δὴ
991 2476 1087 2530 καὶ
1116 2478 1211 2531 τοῦ
1242 2481 1652 2550 κατακλυσμοῦ,
1686 2482 1781 2535 καὶ

200 2559 307 2627 τῆς
341 2559 435 2612 τοῦ
470 2560 593 2613 Νῶε
628 2562 863 2617 κιϐωτοῦ
889 2604 904 2629 ,
940 2568 1034 2619 καὶ
1064 2568 1164 2636 τῆς
1200 2570 1257 2621 ἐν
1292 2570 1555 2640 Αἰγύπτῳ
1589 2589 1781 2641 παροι-

202 2649 330 2712 κίας
367 2651 463 2704 τοῦ
510 2652 748 2724 Ἰσραὴλ,
784 2658 876 2707 καὶ
927 2659 1024 2728 τῆς
1073 2661 1283 2713 ἐκεῖθεν
1312 2661 1512 2726 ἐξόδου,
1556 2664 1650 2716 καὶ
1682 2666 1779 2734 τῆς

199 2742 507 2806 διαϐάσεως
533 2745 632 2814 τῆς
667 2747 723 2797 ἐν
759 2747 1016 2818 Ἐρυθρᾷ,
1044 2751 1252 2821 καὶτῆς
1280 2754 1337 2806 ἐν
1365 2756 1557 2824 ἐρήμῳ
1582 2754 1776 2821 διόδου,

198 2836 429 2888 καὶτῶν
458 2838 515 2888 ἐν
533 2839 669 2889 πᾶσι
697 2841 907 2903 τούτοις
941 2842 1121 2911 ἔργων
1142 2845 1275 2897 Θεοῦ
1306 2860 1322 2877 ·
1353 2849 1571 2899 πάντων
1599 2849 1779 2902 τοίνυν

200 2924 416 2978 τούτων
435 2927 534 2995 τὴν
560 2928 826 2997 ἱστορίαν,
851 2933 943 2985 καί
965 2950 1116 2996 τινας
1141 2936 1309 3001 ἄλλας
1332 2939 1439 2989 τῶν
1476 2940 1535 2992 ἐν
1564 2943 1629 3011 τῇ
1661 2939 1779 3010 θείᾳ

202 3014 398 3085 Γραφῇ
448 3017 599 3070 ίσασι
654 3019 1199 3092 μὲν,νενοθευμένως
1245 3024 1293 3077 δ’
1338 3021 1432 3079 οῦν
1464 3029 1647 3097 ὅμως·
1684 3029 1779 3083 νῦν

200 3107 314 3174 γὰρ
345 3108 403 3159 ἐν
429 3104 509 3170 οἷς
541 3108 831 3178 ἐχὼλευον,
863 3110 1073 3165 ἕκαστα
1108 3114 1287 3182 λέγειν
1313 3117 1629 3188 περίεργον.
1667 3120 1779 3175 Καὶ

1892 652 2046 706 runt,
2071 642 2290 698 Iudaeos
2326 646 2471 711 dico,
2523 645 2879 714 quantumvis
2943 656 3145 701 nostra:
3186 648 3464 719 religionis

1889 734 2098 795 hostes,
2130 734 2222 788 ubi
2244 733 2313 788 de
2344 735 2593 790 doctrina
2647 736 2943 791 creationis
3000 736 3199 806 agitur,
3258 752 3464 807 nequa-

1888 838 2051 891 quam
2081 838 2112 877 a
2153 824 2312 879 nobis
2330 826 2640 881 dissentire.
2678 828 2746 881 At
2802 829 2969 892 enim,
3020 829 3221 897 inquit,
3269 844 3465 897 quam-

1889 921 1971 974 vis
2000 921 2269 976 maximas
2325 921 2489 977 etiam
2543 923 2828 976 nobiscum
2875 922 3191 979 inimicitias
3247 930 3463 993 gerant,

1888 1012 1988 1066 hac
2018 1022 2198 1066 tamen
2230 1015 2296 1068 de
2329 1029 2387 1067 re
2421 1014 2577 1067 nobis
2602 1012 2973 1067 consentiunt.
3002 1012 3137 1067 Tum
3165 1031 3265 1084 ego
3293 1032 3308 1070 :
3354 1015 3465 1068 Ita-

1886 1120 1992 1172 que
2019 1106 2064 1158 si
2103 1106 2263 1159 nobis
2293 1105 2559 1159 ambobus
2586 1106 2685 1157 hac
2708 1105 2775 1157 de
2826 1121 2882 1158 re
2924 1107 3302 1171 consentiunt,
3359 1122 3464 1161 nos

1886 1194 2050 1249 etiam
2099 1195 2330 1250 invicem
2355 1195 2790 1251 consentiemns.
2830 1196 2905 1250 Ita
2929 1204 3031 1257 est,
3063 1195 3242 1263 inquit
3267 1212 3460 1251 Senex.

1887 1286 2055 1352 Quem
2100 1303 2408 1342 sermonem
2476 1288 2638 1341 simul
2694 1288 2855 1341 etiam
2922 1287 3016 1341 ﬁlii
3058 1289 3463 1355 collaudabant,

1889 1380 2376 1449 narrationemque
2406 1381 2472 1432 de
2521 1384 2803 1434 creatione
2856 1380 3246 1448 exposcebant,
3297 1395 3463 1449 quam

1886 1487 1987 1539 ego
2098 1487 2262 1538 quam
2362 1471 2780 1526 accuratissime
2868 1481 3116 1539 poteram
3209 1470 3461 1540 exposui.

1890 1563 1997 1617 Eos
2061 1575 2241 1617 tamen
2303 1564 2627 1633 plerumque
2677 1562 3015 1632 deprehendi
3054 1562 3284 1617 confuse
3344 1576 3459 1616 rem

1887 1663 2093 1713 tenere.
2140 1665 2195 1710 et
2242 1665 2303 1710 ut
2362 1670 2587 1710 necesse
2612 1662 2732 1709 erat
2766 1670 2795 1708 a
2850 1654 2961 1708 Deo
3012 1670 3120 1709 non
3176 1655 3466 1710 illustratre

1887 1747 2058 1801 menti
2092 1748 2433 1817 contingere,
2472 1762 2594 1815 qua:
2622 1746 2896 1801 diviniora
2942 1746 3226 1809 vaticinia,
3268 1761 3467 1800 carna-

1888 1840 2033 1907 lique
2059 1838 2319 1892 facultate
2379 1851 2446 1891 ac
2489 1836 2688 1891 notitia
2726 1836 2810 1891 vel
2870 1836 3089 1897 altiora,
3129 1836 3214 1890 vel
3262 1836 3466 1902 aliena,

1886 1944 2083 1999 capere
2106 1940 2362 1998 nequeat.
2391 1927 2523 1982 Nam
2555 1944 2677 1998 quae
2706 1928 2850 1982 dicta
2876 1928 2993 1982 suis
3013 1928 3166 1982 libris
3194 1942 3464 1998 congrue-

1888 2023 2038 2083 bant,
2072 2021 2138 2075 iis
2172 2021 2248 2075 illi
2272 2020 2459 2074 statim
2478 2020 2686 2088 absque
2721 2020 2825 2073 ulla
2877 2020 3227 2073 contentione
3272 2035 3465 2075 asseu-

1887 2115 2204 2178 tiebantur;
2235 2112 2461 2180 reliquis
2492 2113 2646 2165 tarde
2674 2119 2727 2166 et
2756 2111 3062 2164 diﬂiculter.
3111 2112 3237 2177 Sed,
3299 2122 3357 2165 ut
3393 2111 3461 2165 ad

1885 2205 2088 2274 aliquid
2116 2204 2340 2273 majoris
2367 2202 2627 2258 momenti
2670 2202 2961 2256 confestim
2993 2202 3227 2269 veniam,
3266 2217 3462 2258 omnes

1883 2298 2065 2352 omnia
2089 2314 2189 2353 suo
2231 2312 2459 2352 assensu
2519 2294 2737 2350 tandem
2784 2296 3083 2364 aliquando
3136 2294 3464 2364 comproba-

1885 2390 2031 2443 bant.
2066 2389 2319 2442 Attamen
2357 2387 2647 2443 historiam
2675 2386 2740 2440 de
2762 2385 2855 2440 Dei
2888 2387 3144 2439 mandato
3172 2394 3225 2439 et
3252 2385 3319 2440 de
3338 2401 3464 2456 pee—

1882 2491 2027 2545 cato,
2060 2482 2220 2550 primi
2260 2481 2501 2549 parentis
2528 2480 2673 2542 dico,
2704 2480 2772 2534 de
2797 2480 3184 2534 maledictioue
3215 2484 3283 2533 oh
3324 2482 3467 2535 hanc

1883 2574 2113 2643 prolata,
2150 2573 2294 2627 etde
2326 2572 2551 2638 exsilio,
2576 2574 2641 2627 de
2681 2572 2866 2627 Abelis
2930 2581 3126 2636 morte,
3180 2586 3345 2641 porro
3400 2574 3468 2626 de

1883 2667 2108 2733 diluvio,
2142 2666 2208 2720 de
2231 2680 2360 2720 arca
2402 2664 2535 2732 Noe,
2572 2666 2638 2719 de
2673 2664 2892 2721 lsraelis
2918 2666 2972 2718 in
3022 2664 3315 2735 [Egyptum
3359 2664 3466 2717 mi-

1883 2759 2151 2826 gratione,
2189 2757 2256 2811 de
2312 2757 2464 2811 exitu
2493 2756 2646 2819 inde,
2680 2758 2743 2809 de
2782 2756 2954 2810 maris
3007 2755 3178 2809 Rubri
3212 2754 3465 2820 transitu,

1883 2849 2187 2918 itinereque
2219 2865 2315 2918 per
2344 2847 2697 2910 solitudines,
2728 2846 2796 2901 de
2826 2846 3220 2916 operibusque,
3262 2860 3384 2914 qua:
3406 2844 3466 2899 in

1881 2940 1968 2995 his
1994 2940 2249 2995 omnibus
2289 2937 2503 2993 Numen
2528 2937 3066 3008 patravitdivinum:
3128 2938 3321 2992 horum
3364 2936 3469 3007 igi-

1884 3040 1972 3085 tur
2000 3030 2243 3085 omnium
2278 3030 2565 3086 historiam
2599 3030 3000 3099 nonnullasque
3031 3029 3172 3085 alias
3196 3029 3249 3083 in
3307 3042 3465 3083 sacra

1885 3119 2169 3190 Scriptura
2201 3129 2537 3174 memoratas
2585 3130 2795 3174 norunt
2835 3120 3083 3189 quidem,
3124 3119 3470 3174 adulteratas

204 3195 318 3265 μὴν
349 3197 442 3248 καὶ
466 3197 564 3268 τὴν
608 3197 778 3269 Ἑνὼχ
826 3203 1119 3270 μετάθεσιν
1170 3206 1335 3273 ίσασι,
1373 3210 1467 3262 καὶ
1504 3208 1657 3279 ἀρμα
1683 3212 1777 3265 τοῦ

1888 3221 2068 3266 tamen
2098 3230 2111 3266 :
2137 3212 2231 3267 sed
2274 3228 2421 3268 nunc
2446 3212 2659 3280 singula
2691 3213 2746 3267 in
2803 3213 3008 3281 quibus
3054 3211 3466 3276 claudicabant.

215 3287 404 3341 Ἦλίου
433 3288 533 3359 (1),
563 3292 658 3343 καὶ
687 3293 786 3362 ζῇν
814 3294 1010 3356 autc“;
1041 3297 1119 3349 ἐτι
1152 3297 1366 3365 λέγουσι
1394 3314 1407 3329 ⁶
1432 3301 1525 3353 καὶ
1549 3302 1687 3373 πρός
1713 3318 1777 3371 γε

196 3378 286 3433 ἔτι
334 3380 587 3453 ’Δϐραάμ
614 3384 714 3436 οὐκ
743 3385 1050 3452 ἀγνοοῦσιν,
1085 3388 1204 3441 οὐδὲ
1249 3390 1435 3455 Δαϐὶδ,
1461 3392 1581 3445 ούδέ
1614 3392 1673 3445 τὸ
1705 3388 1781 3445 εἷ-

199 3490 295 3525 ναι
325 3473 531 3527 τούτων
561 3476 727 3529 παῖδα
774 3477 868 3530 τὸν
918 3478 1151 3548 Ἰησοῦν.
1188 3482 1368 3535 Καλὸν
1399 3482 1456 3537 δέ
1488 3482 1642 3554 οἶμαι
1690 3485 1780 3538 λέ-

200 3582 325 3636 γειν
350 3569 444 3620 καὶ
474 3566 574 3639 τὴν
595 3568 782 3638 τιμὴν,
809 3570 877 3640 ἢν
901 3570 1073 3641 Ἑνώχ
1089 3590 1147 3625 τε
1173 3576 1264 3628 καὶ
1306 3575 1494 3629 Ἠλίαν
1524 3578 1779 3645 εὑρέσθαι

201 3658 365 3728 φασὶ,
399 3658 496 3713 καὶ
516 3659 597 3714 διδ
626 3662 734 3714 τῶν
761 3662 983 3717 πάντων
1014 3663 1317 3733 ἀνθρώπων
1348 3667 1491 3730 ὅρων
1526 3669 1671 3737 ζωῆς
1688 3687 1779 3737 γε·

202 3752 404 3819 γόνασι
440 3752 758 3821 κρείττους,
799 3755 893 3808 καὶ
932 3758 1099 3824 νόμου
1140 3756 1394 3827 σώματος
1429 3762 1526 3814 καὶ
1558 3761 1778 3828 σαρκός.

203 3848 319 3915 Ζῇν
356 3845 467 3916 γὰρ
500 3847 721 3908 αὐτοὺς.
769 3847 957 3915 φασὶν,
987 3848 1253 3919 ἠθέλησεν
1285 3852 1313 3904 ό
1356 3851 1508 3915 Θεὸς,
1546 3854 1686 3906 ὥστε
1715 3854 1782 3907 τὰ

206 3940 406 4008 ἱμάτια
440 3938 668 4009 ῥάπτειν
690 3939 801 3992 τῶν
834 3941 949 3993 ὅσοι
974 3943 1146 4010 δήπου
1184 3943 1439 4011 μέλλουσι
1473 3944 1568 3997 τοῦ
1605 3963 1781 4016 παρα-

199 4030 387 4086 δείσου
408 4032 692 4095 τεύξεσθαι
714 4050 728 4063 '
755 4032 900 4087 οὗτοι
925 4034 982 4087 δέ
1002 4033 1091 4105 ἄρ’
1111 4034 1250 4088 εἰσὶν
1278 4036 1329 4088 οἶ
1356 4039 1469 4099 τοίς
1496 4039 1589 4091 τοῦ
1617 4039 1784 4092 Μωάέ-

206 4125 313 4195 μεθ
349 4124 573 4178 ἕπονται
604 4126 812 4194 νόμοις,
843 4125 919 4189 ὥς
956 4143 1021 4194 γε
1071 4127 1231 4198 ἡμεῖς
1263 4127 1515 4198 λέγομεν.
1558 4130 1689 4194 Θεὸς
1727 4131 1783 4194 δὲ

204 4216 377 4288 μόνος
404 4215 693 4272 ἐπίσταται
720 4217 976 4289 τάληθές.

277 4486 344 4543 δ’.
409 4488 665 4542 ’Δκεσταὶ
704 4488 886 4543 τοίνυν
917 4489 1027 4545 οτδε
1056 4485 1215 4562 ἦσαν,
1243 4493 1403 4563 ἔφην,
1441 4489 1487 4548 ὦ
1513 4495 1779 4566 βέλτιστε,

1885 3318 2210 3358 enumerare
2250 3318 2743 3371 supervacaneum.
2820 3303 2965 3368 Quin
3038 3302 3245 3357 Enochi
3299 3302 3465 3357 etiam

1887 3396 2299 3452 translationem
2325 3395 2526 3459 sciunt,
2547 3395 2786 3465 Elimque
2803 3409 3047 3457 currum,
3068 3408 3271 3462 eosque
3288 3393 3467 3447 adhuc

1883 3487 2065 3541 vivere
2098 3486 2428 3554 perhibent:
2462 3485 2526 3537 ad
2557 3486 2671 3539 haec
2698 3501 2870 3554 neque
2909 3484 3278 3538 Abrahamum
3313 3483 3471 3552 igno—

1886 3588 2028 3638 rant,
2063 3592 2237 3646 neque
2274 3577 2465 3641 David,
2514 3591 2691 3646 neque
2730 3592 2797 3631 ex
2834 3576 2919 3631 his
2976 3585 3157 3629 ortum
3200 3590 3323 3629 esse
3370 3573 3466 3628 Je-

1885 3684 2028 3721 sum.
2064 3667 2173 3721 Nec
2196 3668 2434 3722 alienum
2466 3669 2661 3735 opinor
2684 3667 2783 3720 abs
2822 3683 2901 3729 re,
2931 3680 3055 3719 eum
3095 3666 3319 3720 honoris
3339 3680 3465 3734 gra-

1885 3759 2014 3814 dum
2046 3760 2263 3822 referre,
2297 3775 2460 3828 quem
2526 3758 2810 3812 Enochum
2868 3758 3152 3827 Eliamque
3192 3772 3462 3812 consecu-

1888 3859 1969 3905 tos
1995 3865 2115 3905 esse
2143 3850 2354 3913 dicunt,
2393 3866 2754 3919 causamque,
2789 3866 2887 3905 cur
2910 3864 3233 3904 communes
3286 3847 3464 3902 homi-

1890 3958 2019 3996 num
2055 3942 2177 3996 vitaa
2232 3943 2518 4007 terminos,
2566 3943 2927 4011 corporisque
2954 3951 3011 3995 et
3066 3942 3246 3995 carnis
3289 3940 3464 4011 legem

1886 4033 2356 4104 superarint.Eos
2383 4035 2556 4099 enim,
2590 4034 2867 4104 inquiunt,
2894 4033 3076 4088 vivere
3106 4033 3279 4087 voluit
3298 4033 3461 4098 Deus,

1889 4135 1947 4178 ut
1977 4136 2156 4181 vestes
2199 4136 2422 4182 suerent
2448 4140 2666 4190 eorum,
2693 4126 2787 4194 qui
2825 4125 3143 4195 paradisum
3196 4139 3468 4180 consecu-

1884 4218 1992 4275 turi
2022 4226 2241 4273 essent:
2288 4219 2343 4273 hi
2375 4230 2556 4273 autem
2595 4228 2721 4273 sunt
2744 4218 2801 4282 ii,
2852 4219 2946 4288 qui
3006 4216 3333 4272 Moamethis
3392 4216 3469 4271 le-

1885 4323 2005 4377 gem
2051 4321 2382 4378 sequuntur,
2420 4316 2480 4363 ut
2506 4324 2609 4365 nos
2634 4306 2855 4379 quidem
2890 4309 3148 4364 dicimus.
3184 4308 3290 4363 Sed
3326 4307 3473 4367 Deus

1885 4398 2038 4454 solus
2076 4402 2361 4455 veritatem
2424 4401 2600 4455 novit.

1954 4490 2011 4545 4.
2048 4491 2144 4545 llic
2165 4506 2268 4562 ego
2298 4509 2312 4545 :
2348 4489 2600 4549 Sartores
2628 4493 2796 4563 igitur
2822 4533 2838 4559 ,
2861 4492 3069 4563 optime
3119 4494 3226 4561 vir,
3287 4502 3473 4560 erant,

205 4583 305 4635 καὶ
336 4581 629 4651 ἀκούμενοι
654 4581 843 4651 μισθοῦ
873 4584 1084 4650 διέζων,
1112 4584 1288 4641 ἐνθάδ’
1319 4562 1631 4657 ἀνθρώποις
1660 4562 1783 4643 suv-

1892 4578 2183 4650 vestesque
2250 4591 2412 4650 pacta
2492 4562 2744 4637 mercede
2817 4581 3168 4648 sarciebant,
3229 4586 3477 4654 quandiu

202 4675 561 4743 διαιτώμενοι
588 4691 603 4740 ;
638 4671 737 4738 Οὓ,
770 4676 939 4744 φησὶν
967 4677 995 4730 ὁ
1028 4677 1267 4749 Πέρσης,
1299 4680 1589 4749 ούδαμῶςο
1623 4681 1740 4736 ἀλλ’
1761 4685 1790 4737 ὁ

205 4770 346 4832 Θεὸς
376 4768 565 4831 αὐτοῖς
601 4767 745 4838 μετά
774 4767 875 4835 τὴν
911 4767 1125 4823 ἐνθένδε
1162 4770 1499 4840 μετάστασιν
1531 4772 1679 4826 τοῦτ’
1695 4775 1795 4828 ἐπ·-

204 4862 450 4931 εχείρισε
487 4856 735 4932 τοῦργον.
771 4857 939 4916 Εῐπον
966 4864 1013 4916 δ’
1047 4862 1140 4916 ἐπὶ
1176 4864 1389 4924 τούτοις
1420 4864 1553 4933 ἐγὼ,
1585 4868 1644 4921 ὃν
1676 4868 1797 4922 ποτ’

205 4956 316 5024 ἔφη
373 4953 535 5021 λόγον
574 4955 603 5006 ὸ
633 4953 944 5022 θαυμάσιος
998 4956 1133 5025 ἡμῖν
1185 4955 1453 5026 δεσπότης
1498 4959 1593 5011 καὶ
1644 4959 1801 5029 βασι-

208 5044 340 5104 λείις
366 5045 444 5114 (2)
474 5043 588 5115 (τὸν
613 5043 859 5113 φύσαντα
880 5044 1067 5111 λέγω),
1097 5043 1157 5097 ὃν
1192 5044 1404 5108 πολλοῖς
1439 5045 1538 5115 μὲν
1561 5046 1795 5114 ἀγαθοῖς

209 5136 524 5206 ἐκόσμησεν
546 5137 572 5189 ὁ
587 5135 740 5199 Θεὸς,
755 5135 1069 5205 καὶμᾶλλον
1090 5125 1442 5206 βασιλεύοντα
1461 5138 1574 5201 τοῖς
1603 5139 1795 5191 πλεον-

207 5228 525 5297 εκτήμασιν
571 5218 647 5282 ὧν
681 5221 851 5298 ἦρξεν
880 5226 1050 5280 ὄντων
1086 5227 1354 5295 γενναίων
1398 5227 1618 5292 ἔδειξεν,
1648 5230 1680 5299 ἦ
1711 5229 1792 5298 τῷ

206 5318 458 5385 σχήματι
483 5332 497 5345 ’
534 5315 715 5385 πολλῷ
745 5315 793 5369 δ’
820 5316 1107 5385 ἀμείνονός
1145 5333 1205 5369 τε
1245 5319 1341 5370 καὶ
1370 5318 1684 5388 κρείττονος
1705 5319 1786 5389 (εὖ

202 5404 325 5462 οἴδα
350 5409 446 5461 καὶ
467 5408 607 5462 πάνυ
631 5407 960 5478 πέπεισμαι)
983 5408 1291 5479 μετέδωκεν
1305 5409 1457 5478 αὐτῷ
1482 5409 1782 5479 βασιλείας,

204 5501 350 5555 κατά
384 5503 574 5571 καιρὸν
601 5500 712 5553 τῶν
736 5501 862 5569 τῇδε
895 5502 1032 5569 πρὸς
1058 5500 1220 5553 αὑτὸν
1247 5500 1555 5568 κεκληκώς.
1592 5504 1785 5555 Πειθο-

210 5612 310 5663 μαι
335 5596 471 5664 γὰρ,
489 5594 563 5654 ὼς
589 5592 688 5662 τὴν
709 5590 803 5645 νῦν
834 5591 1117 5663 παροῦσαν
1145 5593 1300 5662 ἡμῖν,
1325 5590 1425 5644 εἴτ’
1455 5594 1647 5662 ὀργὴν,
1674 5595 1784 5646 εἴτε

204 5688 491 5749 πχιδείαν,
544 5685 846 5752 ἐπαγαγεῖν
892 5684 1239 5753 βουλόμενος,
1270 5685 1482 5753 φθάσας
1526 5683 1585 5738 ὃν
1613 5683 1787 5754 ἐφίλει

392 5803 529 5885 god.
564 5804 772 5885 regite
814 5803 996 5885 ᾘλιού
1025 5803 1149 5885 (sic)

1888 4688 2013 4729 cum
2037 4673 2351 4727 hominibus
2390 4673 2479 4727 hic
2526 4676 2826 4728 vixerunt?
2869 4675 2951 4730 Dii
2986 4676 3229 4740 meliora,
3295 4676 3476 4743 inquit

1893 4763 2058 4819 Persa
2087 4778 2103 4818 :
2127 4763 2219 4817 sed
2256 4770 2542 4832 postquam
2574 4781 2640 4818 ex
2673 4766 2776 4820 hoc
2805 4768 3009 4820 mundo
3037 4765 3283 4820 translati
3310 4775 3471 4828 sunt,

1900 4859 2003 4913 hoc
2032 4857 2169 4927 ipsis
2196 4854 2340 4911 Deus
2366 4872 2504 4926 opus
2531 4855 2842 4912 faciendum
2881 4858 3122 4913 tradidit.
3181 4856 3313 4922 Qua:
3337 4872 3466 4912 cum

1902 4951 2152 5015 dixisset,
2184 4964 2494 5005 sermonem
2530 4950 2693 5005 retuli
2722 4965 2821 5020 ego
2850 4951 2981 5004 olim
3016 4949 3261 5004 habitum
3308 4964 3338 5003 a
3370 4948 3481 5003 ιιιίς

1898 5045 2055 5100 rabili
2089 5052 2279 5098 nostro
2311 5043 2537 5097 domino
2565 5042 3002 5111 imperatoreque
3030 5047 3263 5112 (patrem
3296 5042 3474 5113 dico),

1898 5147 2061 5202 quem
2104 5131 2289 5185 multis
2321 5130 2542 5200 quidem
2567 5130 2723 5185 bouis
2755 5143 3049 5185 ornaverat
3109 5132 3199 5186 Dei
3247 5147 3473 5199 numen,

1896 5224 2286 5294 praeclarisque
2312 5222 2495 5293 potius
2560 5224 2826 5278 virtutum
2887 5225 3110 5278 dotibus
3161 5225 3475 5294 generosis,

1893 5319 2095 5388 quibus
2121 5326 2368 5386 praeerat,
2398 5317 2611 5371 civibus
2635 5317 2992 5385 imperantem
3020 5317 3281 5381 ostendit;
3308 5330 3472 5384 quam

1895 5407 2263 5477 imperatoria:
2293 5406 2574 5476 dignitatis
2636 5406 2964 5474 majestate:
3018 5409 3303 5477 multoque
3355 5421 3473 5461 me-

1897 5500 2049 5555 lioris
2091 5499 2595 5568 praislantiorisqne
2630 5499 2775 5567 regni
2798 5498 2972 5569 (certo
3007 5499 3121 5553 seio
3143 5507 3196 5552 et
3245 5514 3473 5564 persua-

1895 5608 2015 5646 sum
2046 5591 2240 5655 habeo,
2284 5592 2473 5660 frater)
2502 5590 2823 5660 participem
2866 5591 3066 5654 effecit,
3100 5589 3318 5659 quando
3346 5605 3475 5645 eum

1897 5698 1968 5739 ex
2000 5686 2102 5738 hoc
2136 5684 2341 5739 mundo
2367 5685 2432 5738 ad
2450 5698 2509 5739 sc
2541 5684 2777 5740 vocavit.
2803 5682 2870 5739 Et
2896 5691 3199 5752 opportune
3227 5681 3473 5752 quidem,

303 5877 359 5940 Ξ)
390 5874 629 5929 Joannes
666 5874 1187 5944 Palaeologus,itup.
1222 5874 1369 5930 solus
1406 5874 1472 5929 ab
1523 5889 1574 5928 a.
1614 5874 1776 5937 1557,

1888 5883 2068 5929 )rtuus
2101 5891 2148 5927 ιι.
2185 5876 2281 5931 591
