4202 6444
705 411 816 478 155

1895 421 2298 482 MANUELIS
2338 422 2792 486 PALIEOLOGI

3844 426 3942 492 156

687 532 762 585 mi
793 529 983 587 frater.
1018 532 1199 588 Facile
1234 533 1378 588 enim
1413 533 1518 590 hoc
1559 535 1692 591 mihi
1718 539 2048 607 persuadeo,
2101 538 2263 607 Deus,
2296 546 2338 603 Α

2296 546 2338 603 Α
2372 543 2780 613 προαφήρπασε
2830 543 2938 597 τῶν
2984 542 3176 598 δεινῶν
3202 558 3214 575 ·
3254 543 3303 596 εί
3347 543 3402 598 δέ
3441 561 3518 616 τῳ
3564 544 3734 613 φίλον,
3765 546 3945 613 λέγειν

691 637 818 676 cum
853 636 1175 693 praesentem
1207 625 1372 692 hanc,
1406 627 1521 682 sive
1571 628 1732 690 iram,
1787 629 1901 684 sive
1957 632 2275 700 castigatio-

691 729 839 779 nem,
869 717 1024 770 nobis
1059 717 1217 770 vellet
1261 718 1580 783 immittere,
1615 720 1870 774 dilectum
1929 722 2031 776 sibi
2074 723 2277 791 princi-

694 822 814 876 pem
841 818 948 861 tam
979 810 1238 878 gravibus
1276 813 1491 867 emalis
1557 813 1708 881 prius
1767 813 2008 882 eripuit:
2061 815 2169 869 nisi
2231 816 2278 870 si

693 900 820 968 quis
849 901 980 954 illud
1020 903 1208 956 dicere
1245 905 1394 957 malit
1430 905 1597 970 (dicet
1623 915 1804 958 autem
1839 907 2094 974 quisquis
2149 921 2275 962 eum

697 1003 839 1048 tecte
869 995 1035 1064 norit)
1074 1014 1087 1049 :
1129 994 1184 1050 Si
1215 1009 1494 1065 superstes
1531 997 1721 1052 fuisset
1756 1014 1985 1068 tnagnns
2042 1001 2280 1070 impera-

696 1096 802 1148 tor,
841 1103 868 1140 a
901 1089 1169 1156 principio
1191 1090 1425 1143 fortasse
1463 1106 1570 1144 non
1603 1091 1822 1160 longius
1852 1093 2145 1162 serpsisset
2188 1110 2282 1149 ca—

699 1177 961 1234 lamitas:
1002 1181 1080 1232 vel
1113 1182 1330 1236 etiamsi
1391 1183 1874 1238 vehementissimo
1933 1201 2033 1240 nos
2077 1187 2282 1256 impetu

699 1273 1013 1336 invasisset,
1049 1276 1195 1342 quis,
1234 1277 1306 1329 dii
1347 1276 1498 1336 boni,
1532 1277 1626 1330 illo
1651 1278 1866 1346 imperii
1933 1279 2150 1333 clavum
2205 1290 2284 1335 te-

700 1373 883 1428 nente,
917 1373 1291 1435 tempestatem
1366 1367 1606 1434 aliquam
1654 1367 2028 1439 ﬂuctuumque
2070 1380 2122 1425 et
2157 1386 2287 1426 ven-

702 1464 883 1509 torum
913 1459 1053 1513 alios
1079 1474 1242 1524 super
1275 1460 1411 1513 alios
1440 1461 1677 1529 impetus
1707 1462 2028 1517 timuisset?
2078 1463 2280 1520 Verum

705 1549 854 1603 illius
886 1551 1198 1620 quicunque
1231 1552 1563 1605 mentionem
1586 1552 1795 1618 fecerit,
1829 1555 1874 1609 is
1905 1563 1967 1609 ut
2022 1557 2179 1625 quasi
2231 1557 2286 1610 in

709 1655 860 1694 mare
890 1642 1216 1696 immensum
1247 1643 1468 1696 laudum
1507 1645 1712 1697 incidat
1740 1661 1964 1701 necesse
1995 1656 2078 1700 est
2101 1665 2113 1699 :
2134 1662 2290 1701 cum-

705 1746 813 1798 que
845 1734 989 1786 nulla
1025 1735 1208 1802 lingua
1267 1736 1428 1802 digna
1486 1735 1722 1790 inveniri
1773 1737 1949 1806 possit
1996 1739 2292 1792 virtutibus

2382 635 2560 686 ἐκεῖνο
2589 634 2665 702 (1)
2697 635 2834 704 (ἐρεῖ
2858 634 2913 688 δὲ
2953 635 3060 703 ἄρα
3083 637 3188 698 πᾶς
3220 653 3324 702 τις,
3351 637 3408 698 ὃς
3438 652 3500 705 γε
3533 635 3707 698 καλῶς
3736 637 3946 688 ἐκείνου

2383 725 2739 797 πεπείραται)
2768 741 2781 756 ³
2809 728 2857 780 εί
2891 727 3091 796 περιῆν
3120 729 3148 780 6
3171 726 3343 796 μέγας
3372 728 3640 798 βασιλεὺς,
3675 728 3802 789 ίσως
3828 727 3947 779 οὐδὲ

2383 817 2482 888 τὴν
2530 818 2705 888 ἀρχὴν
2741 817 2808 871 ἂν
2843 819 3141 888 παρεισέδυ
3192 819 3262 872 τὰ
3307 819 3455 873 δεινά
3483 834 3496 847 ·
3525 820 3570 872 εί
3612 820 3664 871 δὲ
3695 821 3788 871 καὶ
3814 818 3949 888 μετὰ

2388 907 2588 979 πολλῆς
2622 910 2848 964 ἐπέθετο
2887 911 2984 980 τῆς
3017 909 3398 981 σφοδρότητος,
3431 909 3514 973 τίς
3542 911 3606 964 ἂν
3634 911 3801 963 ἔδεισέ
3828 929 3950 962 τινα

2387 1001 2559 1071 ζάλην
2583 1004 2679 1057 καὶ
2696 1002 2963 1072 κυμάτων
2983 1003 3079 1055 καὶ
3106 1003 3427 1072 πνευμάτων
3451 1002 3536 1057 ἐπ’
3559 1003 3816 1073 ἀλλήλους
3837 1003 3953 1054 ἐπι-

2389 1093 2587 1164 φοράς,
2613 1096 2826 1149 ἐκείνου
2874 1112 2939 1164 γε
2984 1096 3109 1158 τοὺς
3140 1096 3331 1159 οἴακας
3384 1097 3596 1165 ἔχοντος
3633 1097 3690 1148 ὲν
3735 1097 3950 1165 χεροῖν;

2391 1181 2538 1238 Ἀλλ’
2562 1185 2777 1238 ἐκείνου
2814 1187 2914 1255 μέν
2949 1203 3034 1250 τις
3065 1186 3343 1257 μνησθεὶς,
3375 1187 3536 1249 εὐθὺς
3565 1189 3640 1247 είς
3669 1184 3953 1253 ἐγκωμίων

2392 1277 2689 1347 ἐμπίπτειν
2716 1279 3088 1347 ἀναγκάζεται
3134 1279 3368 1347 πέλαγος
3395 1297 3407 1310 ·
3449 1281 3599 1349 μήτε,
3629 1279 3683 1331 δὲ
3710 1277 3956 1346 γλώττης

2395 1369 2561 1437 οὔσης
2587 1370 2696 1423 τῶν
2724 1372 2936 1424 ἐκείνου
2960 1373 3142 1424 καλῶν
3161 1371 3455 1439 ἀξίας,λκαὶ
3477 1371 3567 1424 τοῦ
3599 1369 3954 1440 προκειμένου

2395 1462 2599 1517 σκοποῦ
2633 1463 2770 1533 πρὸς
2799 1464 2936 1518 ἄλλα
2967 1464 3346 1533 μεθέλκοντος,
3381 1463 3474 1516 τοῦ
3509 1463 3772 1532 προτέρου
3799 1462 3958 1514 πάλιν

2395 1554 2664 1624 ἁψώμεθα
2692 1558 2878 1625 λόγου,
2908 1557 2967 1620 ὃς
2996 1557 3128 1627 ἡδύς
3157 1575 3216 1611 τε
3239 1559 3331 1610 καὶ
3351 1558 3562 1618 ἀστεῖος
3597 1557 3761 1608 πᾶσιν
3783 1553 3958 1620 ἔδοξεν

2397 1646 2559 1712 εἶναι,
2617 1650 2714 1702 καὶ
2771 1650 3023 1721 λαμπρὸν
3070 1650 3179 1704 τῶν
3231 1648 3443 1704 ἀσεϐῶν
3499 1647 3681 1718 ῥηθεὶς
3735 1646 3960 1715 κατέχεε

2401 1741 2634 1808 γέλωτα.

706 1824 846 1894 ejus,
874 1827 1160 1893 operisque
1219 1827 1482 1895 propositi
1540 1843 1739 1898 scopus
1800 1831 1906 1885 alio
1953 1845 2054 1886 nos
2113 1832 2314 1894 trahat.
2369 1834 2439 1888 ad
2502 1834 2692 1901 istum,
2747 1838 2937 1904 frater,
2998 1843 3339 1891 revertamur
3376 1847 3696 1899 sermonem,
3755 1832 3848 1902 qui
3913 1839 3964 1885 et

702 1917 979 1983 iucundus
1007 1920 1357 1988 urbanusque
1384 1921 1637 1976 omnibus
1669 1923 1819 1978 visus
1842 1933 1944 1991 est,
1974 1933 2026 1978 et
2058 1937 2284 1993 magnos
2314 1932 2430 1978 tum
2466 1928 2614 1983 risus
2641 1931 2937 1986 concitavit
2968 1930 3036 1986 de
3064 1929 3339 1986 Barbaris.

782 2033 834 2088 5.
879 2034 1194 2100 Meministi,
1235 2038 1451 2106 opinor,
1486 2039 1558 2091 mi
1609 2040 1814 2108 Optime
1851 2039 2041 2105 frater,
2079 2041 2282 2097 fontem
2317 2048 2358 2102 Β

2317 2048 2358 2102 Β
2461 2044 2522 2098 ε’.
2560 2041 2727 2116 Οἶμαί
2778 2065 2836 2100 σε
2886 2046 3200 2117 μεμνῆσθαι
3252 2045 3351 2114 τῆς
3392 2045 3599 2116 κρήνης
3633 2044 3707 2114 (2)
3742 2043 3961 2113 καὶτῆς

713 2128 864 2181 illum
897 2137 950 2182 et
978 2145 1264 2197 quercum,
1292 2131 1394 2184 sub
1444 2147 1549 2199 qua
1601 2133 1926 2187 consederat
1959 2136 2163 2188 aestatis
2196 2151 2287 2190 ar-

713 2222 845 2276 dore
866 2221 1082 2277 divinus
1108 2222 1572 2292 princeps,cibum
1601 2235 1860 2294 capturus
1884 2242 1949 2281 ex
1979 2229 2286 2294 venatione,

715 2313 781 2364 aal
820 2328 983 2381 quam
1019 2314 1193 2381 ipsum
1222 2324 1508 2369 vocaverat
1535 2325 1781 2385 satrapes
1830 2317 1941 2382 ille,
1975 2319 2068 2388 qui
2108 2324 2292 2389 genuit

719 2400 864 2452 istud
899 2401 952 2454 in
1014 2403 1358 2458 Christianos
1405 2420 1551 2457 nunc
1614 2406 1874 2460 emissum
1938 2409 2166 2474 fulmen,
2229 2426 2294 2464 ex

719 2495 983 2546 malm-um
1036 2496 1335 2551 acerbitate
1384 2499 1462 2549 sic
1533 2499 1896 2554 nominatum.
1937 2500 2090 2555 Tunc
2131 2503 2295 2569 igitur

727 2585 836 2648 ille,
872 2587 1074 2647 utscis,
1107 2590 1319 2655 longum
1345 2602 1647 2642 sermonem
1707 2590 1915 2657 habuit,
1952 2594 2099 2662 quod
2154 2593 2297 2648 Euo-

717 2679 886 2730 chum
924 2689 974 2731 et
1005 2679 1174 2732 Eliam
1207 2681 1588 2733 demonstrare
1621 2682 1780 2736 vellet
1808 2683 1861 2736 in
1919 2685 2120 2739 caelum
2175 2701 2298 2742 esse

721 2782 926 2839 raptos,
959 2773 1321 2840 omnibusque
1353 2773 1424 2826 ibi
1489 2775 1810 2830 vestimenta
1839 2791 1997 2829 suere
2027 2795 2039 2828 :
2090 2793 2197 2846 qua
2230 2778 2296 2832 de

722 2877 886 2914 causa
971 2863 1251 2932 splendide
1294 2880 1388 2918 eos
1437 2866 2129 2936 extollebat,delatumque
2166 2869 2300 2938 ipsis

726 2954 985 3005 honorem
1053 2955 1446 3010 admirabatur.
1509 2956 1607 3011 Cui
1665 2960 1966 3024 imperator
2010 2960 2302 3014 subridens

725 3041 900 3094 dixit:
943 3042 1086 3096 Itane
1115 3058 1243 3098 vero
1276 3056 1328 3098 tu
1377 3046 1432 3099 id
1465 3047 1687 3100 honoris
1746 3047 2023 3116 divinique
2055 3049 2304 3103 muneris

725 3132 846 3186 loco
872 3135 1045 3196 ducis,
1080 3135 1448 3206 sudorumque
1471 3146 1523 3191 et
1547 3137 1798 3192 laborum
1849 3152 1949 3207 pro
1986 3140 2184 3193 virtute
2212 3156 2305 3193 su—

727 3235 1036 3295 sceptorum
1079 3230 1359 3295 praemium
1382 3231 1649 3284 arbitrare
1670 3234 1692 3283 ?
1711 3231 1852 3284 unde
1899 3231 2022 3297 hoc,
2042 3232 2307 3286 obsecro?

727 3323 924 3390 quippe
966 3321 1016 3374 id
1074 3322 1384 3376 hominibus
1444 3326 1496 3376 in
1534 3323 1624 3376 Dei
1661 3323 2011 3378 oﬂ'ensionem
2060 3326 2300 3394 graviter

729 3413 894 3480 lapsis
951 3428 1047 3480 pro
1071 3413 1172 3466 alia
1207 3415 1462 3482 quapiam
1498 3414 1703 3469 ultione
1733 3430 1794 3468 ac
1826 3430 1988 3484 paena
2023 3417 2158 3470 satis
2185 3431 2303 3472 esse

730 3505 926 3572 possit.
965 3504 1112 3559 Pone
1142 3506 1236 3559 tibi
1264 3515 1387 3560 ante
1425 3509 1613 3562 oculos
1646 3524 2088 3579 unumquemque
2115 3523 2296 3565 sarto-

729 3611 850 3649 rum
886 3614 898 3649 :
936 3598 1116 3652 nullus
1164 3598 1408 3668 profecto
1439 3609 1541 3666 est,
1595 3601 1811 3670 opinor,
1833 3602 1924 3671 qui
1957 3618 1987 3656 a
2016 3601 2127 3656 Deo
2176 3603 2305 3658 data

732 3688 832 3741 sibi
866 3691 1105 3756 optione,
1137 3701 1314 3743 utrum
1361 3706 1427 3745 ex
1465 3691 1565 3746 hoc
1599 3694 1804 3746 mundo
1829 3695 1942 3763 rapi
1998 3695 2178 3759 vellet,
2205 3697 2306 3750 ali-

733 3779 965 3846 cubique
1002 3781 1198 3844 vivere,
1226 3791 1443 3849 tamque
1469 3783 1625 3836 vilem
1661 3793 1831 3838 artem
1863 3785 2123 3838 continuo
2143 3785 2298 3840 labo-

733 3884 792 3923 re
850 3878 1102 3934 tractare,
1159 3881 1250 3925 aut
1301 3872 1469 3926 semel
1527 3873 1688 3943 mori,
1749 3873 1944 3928 deinde
1998 3889 2306 3944 resurgere,

733 3962 1177 4032 vestimentisque
1195 3963 1368 4027 indui,
1404 3979 1524 4032 quae
1541 3964 1777 4033 paradisi
1802 3965 2220 4036 futurarumque
2254 3967 2308 4020 in

732 4069 799 4109 eo
820 4054 1132 4109 deliciarum
1168 4055 1367 4125 pignus
1389 4055 1569 4111 forent
1596 4073 1613 4114 :
1646 4058 1772 4126 quin
1798 4057 2026 4112 alterum
2055 4058 2160 4113 hoc
2195 4076 2313 4114 ma-

735 4141 937 4196 nifesto
970 4143 1129 4210 eligat
1160 4160 1173 4197 :
1217 4145 1349 4213 quin
1383 4159 1543 4198 acum
1576 4145 1723 4198 illico
1750 4145 1990 4214 abjiciat,
2022 4155 2306 4217 artemque

736 4248 845 4285 non
899 4235 1036 4288 bene
1068 4235 1209 4289 scire
1268 4250 1326 4289 se
1361 4237 1528 4302 jurct,
1579 4237 1834 4304 illamque
1894 4238 2310 4293 translationem

734 4337 993 4394 tanquam
1027 4327 1302 4396 opprobrii
1333 4336 1387 4381 et
1452 4327 1725 4392 laborum,
1757 4343 1867 4382 non
1896 4338 2077 4384 autem
2114 4332 2314 4398 quietis

737 4430 917 4484 neque
970 4416 1198 4471 honoris
1229 4417 1572 4471 occasionem
1597 4417 1944 4472 vehementer
1971 4429 2312 4488 aspernetur.

805 4530 860 4584 6.
886 4529 1017 4594 Quae
1044 4547 1168 4586 cum
1223 4532 1470 4588 audisset
1520 4533 1706 4586 arrisit
1766 4547 1955 4597 senex,
1979 4541 2033 4586 et
2088 4533 2156 4588 ad
2188 4550 2317 4592 suos

736 4622 1060 4690 respiciens,
1093 4622 1194 4677 Per
1217 4624 1384 4677 Deum
1427 4625 1815 4688 immortalem,
1881 4624 2093 4692 inquit,
2120 4627 2193 4680 ita
2235 4635 2314 4681 ta-

2391 2137 2571 2207 δρυὸς,
2605 2139 2695 2206 ὑφ’
2733 2139 2801 2210 ἦν
2834 2140 2949 2193 ποτ’
2980 2139 3236 2192 ἐκάθισεν
3263 2138 3291 2189 6
3320 2137 3680 2206 παντάριστος
3714 2137 3963 2205 βασιλεὺς

2394 2229 2588 2299 θέρους
2618 2228 2761 2300 ὥρᾳ,
2795 2231 3007 2300 τροφῆς
3045 2227 3493 2300 μεταληψόμενος
3521 2226 3626 2281 ἀπὸ
3661 2226 3852 2296 θήρας,
3889 2228 3964 2287 είς

2393 2322 2461 2392 ἢν
2507 2324 2670 2376 αὑτὸν
2701 2322 2987 2393 κεκληκὼς
3030 2318 3098 2391 ἦν
3137 2323 3164 2375 6
3201 2320 3488 2391 σατράπης
3526 2320 3730 2381 ἐκεῖνος
3777 2318 3876 2386 (5),
3911 2318 3967 2380 ὃς

2393 2413 2488 2466 τὸν
2538 2413 2632 2467 νῦν
2662 2416 3011 2484 Χριστιανοϊς
3061 2412 3408 2482 ἐπικείμενον
3438 2411 3602 2478 ἔφυσε
3639 2409 3713 2481 (4)
3745 2409 3836 2461 τὸν
3871 2425 3966 2460 κε-

2402 2506 2600 2574 ραυνὸν
2630 2506 2970 2576 καλούμενον
3007 2504 3085 2574 (5)
3113 2505 3177 2558 ὲκ
3198 2505 3301 2572 τῆς
3326 2503 3585 2572 ὀξύτητος
3615 2502 3725 2554 τῶν
3761 2500 3965 2553 κακῶν.

2399 2599 2532 2651 Τότε
2565 2598 2744 2652 τοίνυν
2788 2601 3020 2663 ἐκεῖνος,
3051 2599 3124 2661 ὡς
3148 2592 3324 2661 οἶσθα,
3355 2594 3511 2663 λόγον
3537 2595 3828 2663 ἐποιήσατο
3869 2610 3967 2662 μα-

2401 2690 2560 2759 κρὸν,
2611 2688 2702 2743 τὸν
2741 2689 2916 2761 Ἑνὼχ
2960 2689 3176 2744 καὶτὸν
3213 2687 3397 2742 Ἠλίαν
3431 2687 3822 2758 μετατεθέντας
3862 2685 3966 2737 δει-

2402 2781 2593 2834 κνύναι
2615 2781 2939 2850 βουλόμενος
2965 2783 3044 2844 είς
3068 2780 3162 2833 τδν
3182 2780 3430 2850 οὐρανὸν,
3466 2779 3599 2832 πᾶσι
3617 2777 3671 2830 δὲ
3692 2777 3761 2829 τὰ
3783 2777 3968 2845 ίμάτια

2407 2873 2733 2943 βάπτοντας,
2767 2872 2863 2925 κει)⁸
2887 2871 3119 2942 ἐξαίρων
3156 2871 3240 2924 διὰ
3271 2869 3478 2923 τούτων
3511 2869 3654 2937 μάλα
3681 2866 3966 2935 λαμπρῶς,

2406 2965 2499 3017 καὶ
2548 2964 2846 3033 θαυμάζων
2875 2981 2938 3032 γε
2983 2964 3180 3027 αὐτοὺς
3213 2964 3310 3030 τῆς
3360 2961 3544 3030 τιμῆς.
3571 2955 3643 3030 ᾯ
3690 2957 3971 3027 μειδιάσας

2405 3056 2508 3122 ἐφη
2539 3057 2567 3108 6
2603 3055 2860 3124 βασιλεύς
2884 3069 2898 3084 ·
2930 3049 3066 3109 Εῐτα
3102 3056 3166 3108 σὺ
3187 3054 3345 3108 τοῦτο
3373 3052 3539 3122 τιμὴν
3573 3049 3838 3120 νομίζεις,
3880 3050 3972 3100 καὶ

2405 3148 2584 3216 δῶρον
2614 3149 2780 3214 θεῖον,
2823 3149 2918 3200 καὶ
2955 3147 3192 3216 ἀμοιϐὴν
3225 3145 3467 3216 ἱδρώτων
3501 3143 3736 3212 άρετῆς;
3769 3140 3970 3202 πόθεν;

2408 3241 2435 3293 ὃ
2461 3241 2556 3293 καὶ
2586 3243 2700 3304 τοῖς
2734 3239 3245 3309 προσκεκρουκόσιν
3296 3235 3558 3297 ἐπιεικῶς
3588 3233 3664 3304 τῷ
3691 3233 3811 3301 Θεῷ
3862 3233 3973 3284 ἀντ’

2411 3330 2574 3399 ἄλλης
2592 3329 2655 3396 γέ
2675 3347 2819 3391 τινος
2851 3328 3192 3397 εἰσπράξεως
3223 3327 3314 3379 καὶ
3338 3326 3494 3394 δίκης
3517 3325 3748 3396 ἧρκεσεν
3772 3324 3860 3376 ἄν.
3887 3319 3975 3375 Οἶ-

2412 3440 2508 3490 μαι
2540 3421 2671 3490 γὰρ,
2705 3421 2781 3483 ὡς
2809 3421 2916 3483 πᾶς
2941 3419 3198 3485 ἀκεστὴς,
3229 3418 3494 3487 αίρέσεως
3521 3414 3665 3484 αὑτῷ
3701 3414 3976 3485 προτεθεί-

2411 3524 2510 3576 σης
2541 3508 2692 3577 παρὰ
2722 3507 2882 3571 Θεοῦ,
2933 3506 3299 3577 μετατεθῆναι
3334 3505 3434 3576 μὲν
3464 3506 3571 3557 τῶν
3611 3505 3758 3574 τῇδε,
3785 3505 3886 3574 ζῇν
3923 3505 3976 3556 δέ

2411 3615 2537 3662 που,
2578 3597 2674 3651 καὶ
2722 3598 2942 3667 μοχθεῖν
2973 3597 3261 3666 ἀνέχεσθαι
3297 3595 3580 3666 διηνεκῶς,
3618 3596 3708 3647 καὶ⁸
3751 3595 3974 3663 χυδαίαν

2410 3687 2552 3741 οῦτω
2594 3689 2792 3758 τέχνην
2829 3690 3233 3758 μεταχειρίζειν
3256 3704 3271 3718 ⁵
3304 3687 3334 3756 ἢ
3368 3685 3513 3750 ἅπαξ
3541 3686 3853 3749 ἀποθανεῖν,
3879 3682 3974 3737 εἴτ’

2411 3780 2736 3849 ἀναστῆναι,
2771 3781 2866 3832 καὶ
2901 3780 3090 3847 ίμάτια
3117 3779 3519 3847 ἀμφιάσασθαι,
3551 3777 3846 3848 ἀρραϐῶνα
3879 3795 3976 3830 πα-

2415 3872 2665 3941 ραδείσου
2723 3872 2817 3926 καὶ
2869 3872 2969 3941 τῆς
3001 3873 3057 3924 ὲν
3081 3873 3276 3940 ἐκείνῳ
3313 3873 3525 3940 τρυφῆς
3547 3885 3563 3902 ο
3597 3870 3781 3936 σαφῶς
3832 3869 3899 3922 ἂν
3925 3869 3979 3920 τὸ

2413 3960 2664 4033 δεύτερον
2693 3962 2868 4015 ἕλοιτο
2895 3977 2908 3990 ·
2937 3959 3093 4032 ῥίψαι
3119 3960 3228 4028 γὰρ
3259 3962 3324 4012 ἂν
3347 3959 3510 4021 εὐθὺς
3538 3958 3697 4013 αὑτὸν
3724 3959 3826 4026 τὴν
3859 3959 3982 4011 ἀκέ-

2417 4069 2610 4123 στραν,
2632 4055 2728 4107 καὶ
2750 4051 2980 4120 ὀμνύναι
3002 4051 3078 4120 μὴ
3101 4047 3280 4110 καλῶς
3303 4047 3499 4100 είδέναι
3520 4046 3617 4116 τὴν
3646 4049 3865 4114 τέχνην,
3893 4047 3979 4096 καὶ

2417 4143 2740 4198 ἀπώσασθαι
2790 4143 2998 4212 σπουδῇ
3055 4141 3155 4210 τὴν
3216 4140 3539 4209 μετάθεσιν,
3601 4137 3674 4198 ὡς
3732 4138 3982 4205 ἀφορμὴν

2419 4237 2684 4306 αἰσχύνης
2725 4235 2819 4289 καὶ
2868 4236 3068 4300 πόνων,
3121 4232 3222 4284 οὐκ
3268 4229 3585 4296 άναπαῦλτπς
3631 4229 3812 4293 οὖσαν,
3871 4229 3982 4279 οὐδὲ

2418 4345 2602 4398 τιμης.

2495 4533 2570 4599 ς”
2603 4532 2824 4587 Τούτων
2853 4531 3034 4584 τοίνυν
3067 4528 3311 4590 ἀκούσας
3342 4526 3449 4579 τῶν
3479 4523 3650 4589 λόγων
3675 4523 3900 4590 ἐγέλασὲ
3931 4539 3982 4571 τε

2423 4628 2451 4679 6
2496 4626 2698 4694 γέρων,
2731 4622 2850 4688 καὶ,
2901 4621 2986 4689 Νὴ
3042 4620 3132 4672 τὸν
3164 4619 3315 4679 Θεὸν,
3344 4616 3470 4685 ἔφη,
3509 4615 3704 4683 βλέψας
3743 4617 3822 4675 εἰς
3871 4614 3985 4673 τοὺς

737 4730 861 4769 men
887 4716 1085 4769 alicubi
1118 4716 1319 4785 scripta
1353 4723 1438 4770 est
1487 4717 1602 4770 haec
1629 4731 1736 4780 res,
1778 4715 2047 4785 nobisque
2069 4719 2315 4786 antiqui-
2350 4728 2391 4782 ι)

2350 4728 2391 4782 ι)
2424 4717 2620 4781 αὐτοῦ,
2649 4714 2790 4767 οὕτω
2821 4713 2918 4782 μὲν
2949 4714 2976 4766 6
3013 4711 3173 4779 λόγος
3199 4703 3351 4770 οὗτος
3397 4709 3492 4760 καὶ
3522 4705 3838 4803 γέγραπταί
3868 4720 3980 4803 που,

741 4817 828 4863 tus
885 4808 1133 4862 tradita:
1199 4823 1346 4863 nunc
1407 4819 1590 4862 autem
1649 4809 1780 4862 mihi
1840 4809 2011 4863 nimio
2037 4817 2311 4878 quantum

2418 4808 2513 4861 καὶ
2558 4807 2806 4860 κάτεισιν
2837 4803 3042 4857 ἀνωθεν
3071 4802 3152 4861 είς
3181 4800 3328 4868 ἡμᾶς
3356 4816 3369 4828 ·
3403 4797 3550 4848 δοκεῖ
3581 4795 3635 4846 δὲ
3688 4795 3782 4844 νῦν
3809 4795 3983 4858 ἀτόπῳ

740 4901 975 4955 absurda
1005 4901 1237 4955 videtur.
1271 4900 1407 4954 Tum
1441 4899 1537 4954 lilii
1567 4916 1582 4953 :
1621 4900 1726 4954 Sed
1776 4898 1985 4954 credin’
2026 4915 2152 4954 vere
2181 4899 2318 4954 fuis-

2419 4900 2539 4951 λίαν
2590 4897 2804 4959 ἐοικώς,
2843 4897 2952 4949 Καὶ
3002 4893 3050 4946 οἱ
3083 4891 3271 4953 παῖδες
3296 4906 3309 4920 ’
3339 4883 3415 4940 Ἦ
3451 4889 3601 4939 δοκεῖ
3642 4903 3742 4937 που
3779 4885 3983 4955 ἀληθῶς

741 5012 801 5052 se
832 4991 1038 5052 dictam
1063 5009 1094 5048 a
1131 4993 1425 5063 majoribus
1449 4991 1652 5048 nostris
1678 4991 1702 5043 ?
1733 5006 1857 5044 nam
1894 4991 1984 5058 qui
2010 4991 2318 5044 sartorihus

2420 4990 2595 5052 ἄλλως
2622 4988 2877 5058 εἰρῆσθαι
2906 4988 3018 5050 τοῖς
3046 4982 3294 5054 ἀρχαίοις
3315 4973 3468 5042 οὗτος
3491 4980 3517 5030 6
3533 4978 3719 5044 λόγος;
3751 4978 3866 5074 πῶς
3887 4975 3985 5074 γὰρ

743 5091 1009 5161 indigeret
1038 5089 1180 5142 Deus
1213 5093 1410 5140 cuncta
1450 5094 1585 5139 nutu
1613 5099 1714 5138 suo
1746 5082 2013 5136 trahens?
2040 5082 2140 5136 nisi
2178 5082 2320 5136 forte

2423 5082 2489 5135 ἂν
2517 5082 2612 5133 καὶ
2648 5081 2894 5134 ἀκεστῶν
2923 5077 3138 5147 δεήσειε
3180 5075 3256 5142 τῷ
3287 5072 3426 5140 Θεῷ,
3461 5071 3518 5132 ὃς
3546 5071 3669 5134 ἄγει
3707 5068 3883 5170 πάντα
3914 5068 3984 5132 τῷ

745 5183 855 5236 lino
871 5160 1041 5235 etiam
1069 5189 1123 5233 et
1159 5177 1462 5232 textoribus
1488 5175 1722 5228 amicula
1767 5174 1927 5228 nobis
1950 5174 2312 5227 contexturis:

2424 5171 2689 5239 νεύματιὶς
2716 5170 2763 5220 εἱ
2799 5168 2873 5238 μὴ
2907 5169 3002 5219 καὶ
3031 5165 3177 5217 λίνου
3208 5161 3461 5229 ὑφαντῶν
3489 5160 3765 5226 δεήσεται,
3800 5160 3983 5215 οἵτινες

745 5288 843 5329 nec
871 5273 1016 5328 enim
1061 5272 1177 5325 auri
1220 5268 1485 5324 ramentis
1553 5265 1835 5336 indigebit,
1875 5266 2312 5334 negotiandoque

745 5365 942 5419 lucrari
992 5363 1194 5431 aliquid
1244 5370 1486 5429 cogetur,
1551 5369 1664 5410 uta
1707 5359 2103 5410 mercatoribus
2148 5364 2315 5420 emat,

744 5471 867 5527 qua
898 5454 1250 5512 conﬁciendis
1313 5452 1553 5507 vestibus
1625 5449 1946 5504 inserviunt.
1983 5445 2087 5499 Sed
2143 5446 2323 5500 nullus

818 5657 898 5725 (Ι)
920 5655 1054 5711 Cod.
1087 5654 1255 5709 Coisl.
1286 5654 1496 5725 ἐκεῖνον
1521 5667 1534 5685 ο
1569 5652 1747 5722 suppl.
1778 5651 1958 5718 {iam
1994 5665 2039 5703 s.
2068 5648 2166 5702 ἔνι.

821 5724 896 5800 (Ξ)
923 5728 1057 5800 (ξος-1.
1104 5727 1234 5800 Reg.
1268 5724 1483 5800 κρῐνης.

823 5789 904 5864 (5)
936 5797 1124 5848 Sultau
1158 5789 1536 5861 Mttra't-Chan,
1561 5809 1655 5849 seu
1688 5793 2013 5846 Amurathi
2039 5789 2081 5854 1,
2144 5804 2320 5844 rerum

750 5871 956 5927 Ootitas
991 5882 1018 5920 a
1051 5866 1183 5920 1360
1218 5866 1370 5921 1389.

2424 5263 2522 5322 τὰς
2575 5261 2892 5329 ἀμπεχόνας
2943 5255 3237 5325 ὑφανοῦσιν
3275 5255 3439 5320 ἡμῖν·
3489 5251 3550 5301 οὐ
3598 5250 3706 5316 γὰρ
3742 5247 3984 5315 δεήσεταί

2429 5371 2532 5405 που
2566 5353 2659 5404 καὶ
2683 5350 2885 5421 χρυσοῦ
2920 5349 3242 5417 ψηγμάτων,
3271 5344 3460 5402 καὶείς
3488 5341 3730 5406 ἀνάγκην
3753 5340 3872 5406 ἥξει
3901 5335 3984 5387 τοῦ

2429 5443 2886 5515 χρηματίζεσθαι,
2922 5438 2985 5492 tv’
3025 5438 3131 5489 ἀπὸ
3171 5437 3281 5488 τῶν
3312 5430 3728 5501 πιπρασκόντων
3765 5431 3832 5482 τὰ
3863 5427 3987 5496 πρὸς

2509 5647 2582 5711 (4)
2635 5643 2795 5715 Cudb
2890 5641 3051 5694 iislin.
3095 5640 3264 5708 ἔφησε
3293 5674 3306 5697 ,
3332 5707 3340 5715 _
3367 5633 3527 5702 (forte
3579 5627 3798 5698 ἐφῆκε).
3861 5625 3981 5694 Reg.

2435 5715 2624 5782 ἔφυσε,
2658 5714 2798 5780 quod
2839 5714 2903 5784 in_
2931 5720 3137 5762 textum
3167 5714 3366 5784 recept.
3600 5770 3634 5784 η
3711 5771 3722 5780 ,
3777 5765 3862 5784 η,

2505 5765 2596 5851 l5)
2615 5765 2819 5835 VAl'ludit
2843 5781 2905 5832 ait
2937 5795 3132 5851 nomen
3155 5765 3723 5851 Alldifim-Chan-Gasi
3775 5765 3993 5835 Bajaze-

2438 5856 2527 5920 tis,
2567 5840 2747 5908 rerum
2776 5851 2925 5921 potiti
2959 5865 3008 5904 a.
3045 5840 3358 5904 15894402.
