4202 6444
215 436 314 500 157

1201 437 1588 498 DIALOGUS
1625 436 1686 498 ll
1734 436 1893 498 CUM
1920 435 2470 499 MOHAMETANO-

3347 437 3451 500 158

209 551 310 618 τὴν
345 547 688 618 κατασκευὴν
717 535 825 603 τῶν
868 549 1097 617 ῖματῑων
1151 549 1449 620 ὠνήσηται.
1497 549 1634 601 Ἀλλ’
1665 547 1772 601 οὐδ’
1807 549 1850 609 Α

1807 549 1850 609 Α
1882 547 2043 602 homo
2076 549 2181 602 tale
2221 549 2496 614 quidpiam
2524 545 2716 602 dixerit
2759 563 2772 598 :
2826 555 2968 602 esset
2996 547 3138 602 enim
3170 562 3198 602 a
3236 550 3444 601 ratione

211 641 278 694 ἂν
314 636 395 702 εἷς
431 639 732 709 ἀνθρώπων
765 640 1058 707 φθέγξαιτό
1087 657 1138 691 τι
1182 639 1420 691 τοιοῦτον
1446 655 1459 668 ·
1501 639 1619 691 οὐδὲ
1662 638 1769 707 γὰρ

211 732 655 801 σωφρονούντων.
685 733 744 785 Εἰ
776 731 987 800 δ’·ὑπὲρ
1006 730 1164 798 λόγον
1195 731 1226 798 ἡ
1259 730 1451 798 κτῆσις
1485 728 1592 781 τῶν
1623 728 1773 781 ἐνδυο

213 827 400 894 μάτων
427 826 521 876 καὶ
555 823 838 894 ήδιαμονὴ
868 821 1206 891 (διαμένουσι
1235 821 1364 890 γὰρ,
1393 821 1456 873 τὸ
1480 819 1772 888 παραδοξό-

209 934 394 979 τατον,
431 916 702 985 ἄφθαρτα,
799 912 881 984 [ιι
913 911 1284 981 πιστεύομεν),
1311 911 1425 973 πῶς
1443 911 1540 975 οὐκ
1564 909 1774 962 ἀτοπώ-

209 1025 372 1062 τατον
421 1010 634 1062 πάντων
688 1008 764 1077 μὴ
798 1008 858 1059 τὸ
894 1008 1000 1060 πᾶν
1057 1006 1264 1075 ἰσχύειν
1306 1005 1485 1071 λέγειν
1537 1004 1772 1073 περᾶναι

209 1102 302 1151 τὸν
332 1099 716 1168 ἁριοτοτέχνην
741 1098 894 1163 Θεὸν,
927 1097 1062 1150 ἀλλὰ
1091 1098 1179 1149 καὶ
1206 1097 1446 1165 άκεστῆν
1473 1095 1772 1162 ἐπιζητεῖν,

210 1193 270 1251 ὃς
316 1193 639 1260 εἰδοποιήσει
693 1192 771 1260 (2)
813 1191 916 1259 τὴν
966 1189 1134 1260 ὔλην;
1168 1188 1355 1254 ὥσπερ
1406 1189 1502 1240 οὐκ
1533 1188 1649 1240 ἐνὸν
1683 1189 1775 1240 καὶ

213 1283 328 1336 τόδε
366 1285 498 1352 πρὸς
529 1285 638 1346 τοῖς
667 1282 849 1346 ἄλλοις
873 1281 1092 1335 τελέσαι
1119 1281 1264 1352 μόνῳ
1281 1279 1606 1350 βουλήματι.

284 1547 352 1608 ζ’.
401 1549 508 1602 Καὶ
535 1549 561 1602 6
609 1547 821 1618 Πέρσης
848 1547 988 1616 ἥσθη
1021 1563 1080 1600 τε
1130 1544 1493 1614 διαφερόντως
1527 1546 1639 1607 τοῖς
1670 1545 1776 1596 τῶν

216 1643 371 1694 υἱέων
417 1641 617 1708 λόγοις,
671 1641 785 1705 καὶ,
835 1638 1032 1699 Καλῶς
1084 1655 1173 1707 μοι
1209 1636 1476 1699 δοκοῦσιν,
1509 1631 1682 1695 εἶπεν,
1728 1635 1776 1687 οι

211 1737 323 1787 νέοι
359 1733 744 1803 βεϐοηθηκέναι
779 1734 887 1794 τοῖς
940 1731 1044 1783 ὑπὸ
1085 1731 1176 1782 σού
1208 1728 1539 1798 λεγομένοις,
1572 1726 1627 1779 εὖ
1682 1726 1778 1778 καὶ

209 1828 394 1880 δίκαια
425 1814 747 1894 πράξαντες.
775 1825 870 1891 τῆς
899 1825 1033 1892 πρὸς
1060 1823 1252 1884 αὐτούς
1279 1839 1367 1890 μοι
1402 1820 1774 1903 παραινέσεως

1875 651 1926 694 et
1951 641 2216 706 sapientia
2244 638 2694 692 remotissimum.
2732 639 2884 704 Quod
2911 641 2956 693 si
2996 639 3292 693 humanum
3349 655 3446 694 ca-

1873 743 2024 800 ptum
2054 739 2275 800 superat
2322 730 2768 785 vestimentorum
2795 730 2906 783 haec
2941 730 3115 799 gestio
3144 740 3197 784 et
3225 745 3446 784 conscr-

1873 824 2019 877 vatio
2048 824 2387 893 (permanent
2417 823 2582 884 enim,
2619 823 2762 892 quod
2796 824 2875 877 vel
2930 823 3174 877 omnium
3210 824 3445 886 maxime

1876 916 2206 981 mirandum,
2235 916 2570 983 incorrupta,
2607 925 2664 969 ut
2695 931 2793 970 nos
2840 917 3062 984 quidem
3095 917 3372 970 credimus
3401 917 3442 982 ).

1874 1010 2178 1078 quomodo,
2205 1025 2413 1077 quaeso,
2454 1025 2560 1062 non
2599 1010 2750 1062 valde
2775 1010 3048 1063 absurdus
3077 1019 3220 1062 esset
3255 1008 3323 1070 is,
3351 1008 3443 1073 qui

1875 1108 2256 1167 prmpotentem
2318 1101 2692 1167 optimumque
2745 1100 2992 1167 opilicem
3025 1099 3438 1152 aedificatorem-

1875 1203 1980 1256 que
2028 1189 2211 1242 mundi
2250 1189 2414 1242 Deum
2460 1206 2564 1242 non
2614 1189 2794 1242 omnia
2856 1188 3113 1258 perﬁcere
3144 1205 3301 1256 poxse
3353 1190 3435 1241 di-

1879 1289 2047 1344 ceret,
2085 1281 2174 1333 sed
2211 1291 2477 1336 sartorem
2512 1283 2672 1334 etiam
2705 1281 3001 1350 requirere,
3033 1280 3122 1348 qui
3151 1282 3432 1333 materiam

1877 1371 2050 1425 forma
2083 1373 2380 1439 insigniat?
2432 1376 2584 1441 quasi
2634 1389 2740 1426 non
2783 1383 2982 1442 posset,
3024 1383 3079 1426 nt
3112 1385 3329 1438 ctetera,
3364 1375 3442 1428 sic

1878 1464 1979 1516 hoc
2008 1478 2224 1530 quoque
2264 1465 2537 1517 voluntate
2569 1465 2680 1516 sola
2729 1481 2823 1518 sua
2855 1467 3087 1520 efﬁcere.

1947 1553 1997 1604 7.
2033 1551 2162 1616 Quae
2190 1568 2311 1605 cum
2348 1553 2640 1617 dixissent,
2675 1572 2941 1609 summam
2985 1558 3114 1611 mihi
3144 1573 3172 1611 e
3206 1558 3439 1610 filiorum

1878 1643 2217 1697 sermonibus
2270 1645 2595 1714 voluptatem
2632 1660 2822 1712 capere
2857 1649 3008 1702 visus
3030 1659 3111 1703 est
3141 1648 3325 1709 Persa,
3365 1657 3440 1709 et,

1879 1733 1968 1787 Nae
2000 1735 2209 1787 medius
2245 1735 2422 1798 fidius,
2456 1737 2650 1805 inquit,
2710 1739 2932 1806 pulchre
2960 1740 3065 1794 tuis
3112 1740 3275 1793 dictis
3313 1740 3444 1791 ado-

1879 1820 2146 1877 lescentes
2173 1823 2259 1878 isti
2300 1836 2429 1877 sunt
2482 1828 2824 1891 patrocinati,
2871 1828 3032 1898 idque
3065 1841 3208 1884 recte
3231 1847 3293 1884 ac
3322 1830 3446 1898 jure

214 1918 667 1988 μνημονεύοντες.
703 1916 944 1983 Ἥδομαι
975 1913 1105 1983 γάρ,
1139 1913 1253 1976 πῶς
1287 1914 1408 1976 οῖει,
1442 1914 1523 1965 ὃτι
1554 1910 1646 1962 καὶ
1676 1909 1770 1961 τοῦ
1806 1909 1845 1964 Β

1806 1909 1845 1964 Β
1877 1916 2094 1980 merito,
2119 1916 2259 1983 quod
2306 1930 2478 1968 meam
2517 1916 2581 1969 ad
2619 1919 2765 1986 ipsos
2789 1920 3220 1975 adhortationem
3254 1923 3443 1973 ruenti-

211 2010 484 2078 φύσαντος
508 2010 640 2074 ἐμοῦ
657 2007 886 2076 τάληθὲς
911 2005 1242 2086 προτιμῶσι.
1261 2005 1366 2056 Ναὶ
1392 2005 1583 2066 ὅντως,
1611 2002 1766 2071 ἔφην,

210 2100 258 2155 ὦ
308 2102 580 2171 βέλτιστεο
626 2095 770 2154 οὗτοί
808 2116 864 2151 τε
911 2099 1020 2168 γάρ
1073 2115 1172 2166 μου
1212 2097 1288 2164 τῷ
1323 2095 1466 2166 λόγῳ
1499 2094 1770 2164 λαμπρῶς

213 2197 464 2246 συνεῖπον
490 2209 503 2221 ⁸
543 2191 606 2244 σύ
639 2209 698 2243 τε
745 2192 952 2249 δίκαιος
983 2190 1225 2259 ἥδεσθαι,
1266 2185 1343 2251 οἷς
1389 2190 1437 2240 ol
1468 2189 1651 2249 παῖδές
1690 2203 1770 2238 σοι

210 2286 312 2352 τῆς
364 2284 619 2354 ἀληθείας
649 2284 870 2350 ἄγουσιν
917 2283 1066 2335 οὐδὲν
1117 2281 1461 2350 τιμιώτερον.
1500 2279 1646 2345 Πλὴν
1683 2294 1771 2345 μοι

213 2379 306 2429 τὸν
334 2377 661 2445 παράδεισον
699 2375 896 2443 φράζε,
923 2376 1017 2426 καὶ
1045 2374 1141 2441 τὴν
1163 2372 1324 2426 αὐτοῦ
1353 2371 1652 2439 διατριϐὴν,
1682 2369 1774 2421 καὶ

213 2467 312 2536 τὴν
342 2466 640 2518 ἀπόλαυσιν
667 2467 864 2527 πᾶσαν,
895 2465 987 2518 καὶ
1021 2464 1155 2532 πρός
1171 2479 1232 2529 γε
1270 2463 1349 2514 ἔτι
1373 2461 1467 2528 τὴν
1498 2461 1674 2523 δόξαν,
1707 2453 1774 2529 ἦς

217 2557 534 2626 μεθέξουσιν
556 2558 810 2621 ἆπαντες,
842 2557 956 2608 ὅσοι
984 2555 1047 2624 δὴ
1067 2555 1134 2607 τά
1163 2554 1352 2622 ἱμάτια
1386 2552 1771 2620 ἀμφιέσονταιο

213 2645 295 2709 οἷς
340 2649 434 2700 καὶ
477 2647 660 2716 θαῦμα
712 2649 994 2716 μέμικται,
1049 2646 1205 2716 ετπερ
1250 2645 1448 2714 ἀληθές
1495 2646 1660 2706 ἐστιν,
1700 2657 1775 2705 ως

215 2741 326 2807 ἄρα
359 2740 591 2808 κρείττω
616 2739 786 2791 ταῦτά
816 2757 878 2808 γε
909 2739 1221 2807 διαμενοῦσι
1255 2731 1456 2804 φθορᾶς
1482 2750 1496 2764 ⁶
1524 2734 1656 2786 πολύ
1686 2751 1776 2802 μοι

215 2833 348 2900 γᾰρ.
384 2825 443 2883 εὗ
481 2830 612 2890 ῐσθι,
650 2829 822 2882 ταῦτα
852 2831 1086 2899 παρέχει
1117 2829 1439 2880 διαπιστεῖν.
1473 2826 1690 2888 Δίδαξον
1720 2825 1775 2876 δέ

223 2939 290 2991 με
331 2922 466 2992 πρὸς
515 2924 626 2984 τοῖς
657 2922 833 2984 ἄλλοις
865 2922 958 2975 καὶ
991 2923 1106 2973 τόδε
1128 2937 1140 2949 °
1170 2921 1369 2981 πάντες
1420 2918 1778 2986 ἀμφιέσονται

219 3014 414 3078 ταῦτα,
442 3015 555 3066 ὅσοι
584 3013 647 3083 δὴ
679 3013 776 3081 τῆς
801 3013 1071 3081 ὑμετέρας
1100 3011 1395 3082 θρησκείας
1422 3027 1435 3073 ;
1471 3011 1500 3079 ἢ
1529 3009 1658 3060 ἔνιοι
1684 3008 1778 3074 μὲν

215 3105 422 3168 αὐτῶν,
450 3105 579 3158 ενιοι
608 3103 663 3156 δὲ
685 3103 744 3156 οὗ
770 3122 784 3169 ;
819 3107 910 3156 καὶ
940 3105 989 3155 εί
1019 3103 1162 3155 ἐστιν
1190 3101 1488 3154 ἀπολαῦσαι
1521 3098 1778 3165 μειζόνων

216 3193 438 3260 ἀγαθῶν
495 3194 756 3261 φανέντας
789 3193 983 3262 ἄνδρας
1034 3193 1271 3260 ἀγαθοὺς
1325 3193 1418 3244 καὶ
1447 3191 1776 3258 βεϐιωκότας

1872 2018 2090 2064 nerunt.
2118 2006 2250 2060 Nam
2287 2008 2431 2076 quod
2459 2010 2658 2064 veritas
2686 2010 2755 2065 ab
2815 2011 2920 2065 illis
2979 2014 3060 2066 vel
3124 2013 3254 2066 mihi
3305 2016 3442 2082 patri

1871 2100 2195 2162 antefertur,
2227 2099 2574 2153 vehementer
2609 2100 2781 2154 laetor.
2817 2102 2892 2154 lla
2927 2112 3032 2167 est,
3068 2103 3310 2173 inquam,
3345 2122 3444 2172 op-

1875 2193 2003 2244 time
2035 2195 2112 2244 vir
2147 2190 2284 2247 :.isti
2339 2176 2642 2245 luculenter
2671 2207 2799 2246 mea:
2831 2194 3109 2261 suifragati
3161 2206 3287 2249 sunt
3317 2212 3444 2250 ora-

1873 2273 2004 2337 tioni
2044 2298 2059 2335 :
2097 2283 2344 2350 filiosque
2381 2292 2504 2336 tuos
2532 2283 2758 2338 veritate
2815 2285 2948 2339 nihil
2995 2286 3275 2355 antiquius
3341 2289 3444 2341 du-

1873 2389 1996 2428 cere
2033 2373 2226 2426 merito
2285 2373 2489 2426 laetare.
2553 2372 2659 2426 Sed
2721 2376 2865 2428 enim
2909 2393 3053 2430 nunc
3086 2378 3152 2431 de
3188 2381 3444 2447 paradiso

1875 2467 2004 2518 mihi
2048 2479 2234 2528 narra,
2267 2474 2318 2516 et
2352 2463 2417 2516 de
2458 2465 2738 2520 beatorum
2780 2467 2832 2520 in
2865 2483 2930 2521 eo
2957 2477 3122 2532 statu,
3158 2477 3210 2521 et
3257 2469 3322 2522 de
3352 2486 3445 2523 vo-

1877 2557 2175 2625 luptatibus
2201 2571 2338 2626 quas
2369 2557 2676 2625 percipiunt
2708 2575 2721 2610 :
2748 2558 2877 2611 item
2914 2559 2978 2613 de
3000 2562 3319 2616 muneribus
3351 2579 3444 2614 eo.

1875 2648 2136 2716 ronisque
2183 2661 2370 2700 eorum
2430 2648 2521 2716 qui
2568 2649 2813 2702 vestibus
2879 2649 3006 2708 illis.
3042 2665 3179 2718 quas
3235 2651 3441 2712 dixisti,

1876 2735 2170 2789 induentur
2194 2755 2206 2789 :
2226 2737 2423 2805 quibus
2446 2747 2626 2792 tamen
2652 2740 2896 2794 vestibus
2918 2741 3119 2807 aliquid
3145 2742 3438 2795 admistttm

1878 2842 1997 2880 esse
2025 2837 2238 2894 Oportet
2279 2828 2549 2892 miraculi,
2583 2831 2626 2884 si
2678 2831 2900 2901 quidem
2957 2848 3142 2886 verum
3179 2843 3282 2896 est,
3321 2850 3446 2887 cor-

1880 2919 2147 2986 ruptionis
2175 2929 2425 2988 expertes
2448 2936 2541 2975 eas
2577 2936 2696 2976 esse
2731 2935 3113 2991 permanSuras
3146 2942 3158 2978 :
3185 2923 3446 2992 quocirca

1879 3009 1944 3063 de
1992 3020 2100 3065 tota
2139 3027 2218 3074 re,
2296 3012 2429 3066 mihi
2495 3013 2675 3077 crede,
2736 3015 3053 3069 addubitare
3113 3015 3282 3068 nimio
3325 3015 3446 3082 plus

1883 3092 2105 3170 incipio.
2135 3100 2270 3156 Illud
2302 3112 2481 3157 autem
2518 3119 2602 3158 me
2633 3114 2824 3174 prmtcr
2853 3116 3043 3161 caetera
3087 3108 3314 3161 edoceas
3345 3107 3446 3160 ob-

1881 3210 2082 3248 scere:
2139 3211 2204 3248 an
2249 3192 2562 3264 hujusmodi
2620 3198 2865 3252 vestibus
2918 3198 3207 3264 induantur
3250 3213 3443 3252 omnes

218 3287 334 3356 βῐον
364 3285 512 3351 φίλον
538 3285 675 3354 Θεῷ,
717 3285 750 3352 ἦ
777 3287 939 3353 μέχρι
971 3286 1062 3336 καὶ
1088 3284 1178 3336 τοῦ
1224 3283 1554 3349 παραδείσου
1590 3284 1779 3349 στῆσε·
1808 3265 1848 3320 C

1808 3265 2189 3356 C'quieunque
2261 3289 2568 3355 religionem
2637 3299 2871 3344 vestram
2935 3290 3305 3359 proﬁtentur?
3357 3290 3442 3342 vel

214 3394 306 3429 ται
344 3377 547 3435 τούτοις
575 3378 606 3444 ή
634 3375 742 3427 εῖτε
765 3376 921 3443 χάρις
948 3373 1262 3442 εἴτ’ἁμοιὸὴ
1296 3376 1390 3440 τῆς
1429 3374 1536 3424 τῶν
1565 3374 1779 3442 τρόπων

217 3467 455 3534 ἁρετῆς;
492 3467 582 3518 καὶ
615 3467 700 3519 διὰ
732 3467 798 3518 τὰ
841 3465 974 3535 ἔργα
1014 3465 1245 3529 τούτοις,
1293 3465 1326 3533 ἢ
1352 3464 1439 3516 διὰ
1469 3465 1564 3534 τὴν
1598 3463 1779 3516 πίστιν

218 3557 374 3608 ἔσται
431 3557 588 3608 ταυτὶ
610 3555 818 3623 τάγαθά
842 3573 859 3622 ;

1888 3382 2081 3449 partim
2122 3381 2336 3448 quidem
2367 3381 2684 3448 induantur,
2721 3384 2915 3451 partim
2965 3399 3093 3438 vero
3121 3399 3226 3436 non
3267 3385 3394 3436 item
3421 3383 3448 3436 ?

1886 3487 1952 3524 an
1990 3472 2285 3540 majoribus
2333 3473 2652 3542 quibusdam
2683 3476 2836 3528 bonis
2885 3475 2992 3527 frui
3061 3483 3308 3542 possunt,
3349 3474 3443 3540 qni

1886 3563 2031 3614 viros
2078 3562 2278 3630 probos
2336 3576 2393 3616 se
2450 3562 2915 3618 demenstrarunt.
2987 3573 3302 3630 gratamque
3341 3561 3447 3614 Deo

229 3653 396 3702 vitam
431 3649 703 3713 vixerunt,
734 3651 818 3703 vel
847 3649 966 3716 ipso
1021 3649 1272 3719 paradiso
1302 3649 1777 3703 circumscribatur
1813 3651 1899 3705 illa
1932 3663 2023 3706 aut
2054 3654 2223 3722 gratia
2254 3663 2347 3708 aut
2377 3653 2634 3708 virtutum
2665 3657 3074 3710 remuneratio?
3099 3657 3352 3725 denique,
3378 3671 3446 3710 an

218 3754 442 3816 propter
467 3759 650 3810 opera,
689 3744 770 3797 vel
813 3753 1031 3811 propter
1082 3743 1263 3808 fidem,
1319 3743 1433 3797 hzee
1483 3744 1563 3798 eis
1602 3744 1882 3812 obtingent
1913 3749 2095 3801 bona?

288 3839 360 3909 η’.
406 3839 565 3891 Ἀλλά
604 3855 683 3891 σοι
737 3837 914 3889 πάντα
968 3838 1326 3907 πειράσομαι,
1384 3840 1538 3906 φησὶ,
1589 3839 1782 3908 διηγή-

220 3932 447 3995 σασθαι,
477 3931 541 4002 ἢν
577 3934 604 3984 6
635 3931 824 3998 κασρδς
874 3929 1312 4000 ἑπιτρέψῃυΚαὶ
1363 3931 1472 3998 γὰρ
1510 3931 1570 3982 τὸ
1603 3931 1780 3996 λέγειν

215 4027 466 4088 τοιαῦτα,
500 4027 531 4094 ἢ
578 4025 793 4078 ἀκούειν
823 4023 978 4078 άλλου
1006 4022 1098 4076 τοῦ
1158 4023 1429 4091 λέγοντος,
1459 4023 1650 4092 ἔμοιγε
1690 4026 1783 4074 καὶ

221 4119 440 4185 μέλιτος
471 4117 640 4185 ἥδιον.
693 4115 914 4182 Ῥητέον
952 4114 996 4166 δ’
1027 4115 1092 4167 ἂν
1142 4114 1226 4183 ιῖη
1261 4113 1476 4182 πρῶτον
1507 4114 1636 4182 περὶ
1687 4111 1781 4164 τοῦ

217 4210 463 4276 πρῶτον.
508 4205 644 4260 Ἰσθι
675 4205 872 4270 τοίνυν,
906 4205 981 4268 ὼς
1007 4200 1175 4272 ὀλίγοι
1204 4205 1403 4273 κομιδῆ
1436 4207 1685 4276 μετεῖχον
1716 4204 1783 4257 ἂν

217 4300 322 4368 τῆς
357 4299 633 4368 μακαρίας
667 4298 810 4367 ζωῆς
844 4298 936 4350 καλ⁸
984 4297 1092 4350 τῶν
1139 4298 1197 4351 ἐν
1227 4298 1542 4368 παραδείσῳ
1584 4297 1784 4360 καλῶν,

218 4392 380 4460 εῖπερ
423 4392 452 4442 6
485 4389 714 4455 Χριστὸς
755 4387 999 4458 ἀκριϐῶς
1039 4387 1147 4440 τῶν
1190 4389 1324 4458 ἡμῖν
1377 4389 1785 4459 πεπραγμένων

216 4482 321 4544 τὰς
355 4482 585 4544 εὐθύνας
628 4479 846 4550 ἀπῄτει.
880 4479 1053 4541 Αὐτὸς
1084 4480 1192 4548 γὰρ
1225 4479 1534 4533 καθεδεῖται
1566 4480 1784 4532 πάντων

219 4572 416 4642 κριτὴς
439 4570 777 4632 δικαιότατος
801 4584 815 4600 ·
851 4570 1009 4634 ἴσμεν
1033 4567 1193 4622 τοῦτο
1233 4569 1372 4621 πάνυ
1398 4567 1578 4631 καλῶς
1598 4584 1612 4598 ο
1644 4567 1780 4636 πνοή

1956 3843 2009 3897 8.
2043 3842 2311 3906 Conabor,
2355 3842 2551 3912 inquit,
2585 3843 2627 3896 si
2652 3845 2864 3913 quidem
2894 3857 2989 3912 per
3021 3853 3233 3911 tempus
3274 3843 3447 3899 licue-

1885 3934 1976 3997 rit,
2009 3948 2265 3987 enarrare
2295 3934 2387 3987 tibi
2417 3933 2529 3987 haec
2561 3934 2764 3986 omnia.
2802 3932 3010 3986 Etenim
3045 3933 3110 3986 de
3135 3932 3447 4000 hujusmodi

1888 4026 2047 4077 rebus
2081 4024 2159 4075 vel
2193 4025 2393 4080 dicere.
2428 4025 2507 4076 vel
2542 4025 2773 4089 aliquem
2801 4024 3070 4078 dicentem
3121 4024 3332 4084 audire,
3367 4023 3450 4076 vel

1888 4115 2044 4169 meile
2079 4115 2206 4168 mihi
2235 4125 2315 4168 est
2346 4115 2580 4169 dulcius.
2630 4113 2868 4168 Primum
2920 4125 3099 4168 autem
3153 4113 3221 4168 de
3251 4113 3444 4183 primo.

1889 4207 2040 4262 Scire
2071 4207 2233 4276 igitur
2267 4215 2318 4260 te
2352 4208 2495 4270 volo,
2521 4208 2695 4262 felicis
2747 4208 2890 4260 illius
2972 4209 3115 4269 vitze,
3148 4206 3450 4260 bonorum-

1886 4313 1991 4367 que
2025 4313 2144 4366 qua:
2183 4299 2236 4350 in
2275 4298 2528 4366 paradiso
2569 4298 2959 4364 percipientur,
2992 4296 3285 4365 participes
3332 4294 3449 4350 fore

1887 4387 2184 4440 admodum
2213 4402 2436 4456 paucos,
2472 4387 2515 4441 si
2545 4387 2799 4442 Christus
2831 4396 3138 4441 accuratam
3169 4385 3445 4439 actionum

1884 4489 2194 4533 nostrarum
2229 4478 2490 4532 rationem
2538 4493 2568 4530 a
2622 4479 2780 4531 nobis
2826 4479 3088 4548 exigeret.
3127 4478 3247 4546 ipse
3297 4479 3438 4531 enim

1887 4571 2095 4626 sedebit
2123 4572 2365 4624 omnium
2399 4571 2736 4642 justissimus
2757 4571 2921 4639 judex
2953 4587 2967 4624 :
2997 4572 3220 4640 pulchre
3247 4571 3297 4624 id
3348 4571 3451 4625 sci-

218 4682 276 4716 τε
304 4664 415 4732 γάρ
445 4664 579 4727 ἔστι,
600 4663 693 4716 καὶ
725 4661 893 4731 ψυχὴ,
921 4661 1016 4714 καὶ
1045 4661 1217 4728 Λόγος
1255 4661 1458 4724 ζῶντος
1487 4657 1647 4724 Θεοῦ,
1689 4659 1782 4712 κα)⁸
1817 4645 1860 4700 ι)

1817 4645 2051 4715 θηιυεε
2107 4661 2332 4728 Spiritus
2389 4663 2533 4714 enim
2581 4669 2685 4722 est,
2724 4670 2780 4716 et
2839 4664 3044 4723 anima.
3094 4671 3146 4715 et
3210 4661 3444 4716 Verbum

219 4759 283 4808 ὲκ
314 4755 592 4823 Παρθένου
623 4753 858 4822 τεχθεὶς,
890 4753 1134 4820 φυλάξας
1164 4753 1368 4820 ταύτην
1396 4753 1490 4806 καὶ
1526 4751 1664 4818 μετὰ
1691 4752 1782 4804 τό-

219 4865 342 4908 κον,
384 4846 459 4907 ὡς
499 4846 564 4914 δὴ
593 4837 694 4898 ’καὶ
744 4847 1009 4914 πρότερον
1053 4840 1120 4912 ἦν
1145 4860 1159 4875 ο
1217 4843 1351 4896 ἀλλὰ
1391 4843 1480 4896 τὸν
1527 4841 1776 4910 Ἀιωάμεθ

222 4939 453 4990 πλεῖστα
481 4938 674 5006 φιλῶν,
720 4937 860 5005 ὑπὲρ
900 4937 1009 4988 τῶν
1043 4936 1381 4989 ἐπταικότων
1411 4933 1784 5002 παραιτούμε-

219 5047 330 5090 νον,
361 5029 803 5097 αίσχυνθήσεται.
832 5029 924 5080 καὶ
954 5029 1052 5080 οὐκ
1080 5026 1395 5095 ἀποπέμψει
1423 5025 1609 5077 τοῦτον
1633 5025 1785 5075 κενὸν

221 5121 453 5172 ἐλπίδων
481 5135 495 5148 ⁸
539 5121 670 5196 ,ὅθεν
701 5123 747 5172 οἱ
780 5121 979 5181 πάντες
1024 5119 1208 5188 σχεδὸν
1244 5118 1598 5185 σωθήσονται,
1643 5115 1785 5179 λέγω

220 5211 286 5277 δὴ
316 5211 440 5270 τιὺς
478 5211 794 5277 ἡμετέρους.
839 5209 896 5261 Ὀ
931 5209 986 5261 δὲ
1035 5209 1098 5276 δὴ
1140 5209 1339 5276 τρόπος
1370 5210 1468 5274 τῆς
1512 5205 1784 5272 σωτηρίας

223 5301 320 5352 καὶ
349 5293 374 5351 6
407 5301 731 5368 παράδεισος
762 5300 932 5363 οὕτως
963 5303 1096 5369 ἔχει.
1121 5301 1338 5368 Τάφρος
1368 5298 1528 5350 αὑτὸν
1552 5297 1643 5348 τὸν
1683 5313 1790 5347 πα-

225 5395 477 5462 ράδεισον
515 5393 924 5461 περικυκλοῦσα
961 5393 1170 5462 βαθεῖα,
1200 5392 1321 5460 ἣτις
1383 5407 1444 5458 γε
1486 5389 1789 5455 αὐτόματος

222 5477 459 5551 γέγονεξ
519 5487 633 5547 τοῖς
692 5487 824 5539 πᾶσι
877 5483 1064 5537 τοῦτον
1114 5483 1312 5537 ἄϐατον
1370 5479 1742 5550 ἀπεργάζεται
1773 5491 1786 5504 ⁸

224 5576 322 5627 καὶ
369 5575 477 5643 γάρ
525 5593 605 5627 τοι
657 5575 849 5644 πίττης
899 5577 1112 5645 πλήρης
1163 5573 1338 5635 ἐστὶν,
1385 5573 1503 5641 ἥτις
1551 5571 1614 5638 δὴ
1659 5568 1791 5635 πυρὶ

223 5665 475 5735 άσὸέστῳ
515 5668 895 5736 ἑκπυρουμένη
925 5667 1016 5722 τὸν
1058 5664 1234 5720 πάντα
1265 5664 1453 5734 χρόνον
1491 5662 1693 5731 σφόδρα
1731 5677 1789 5712 τε

299 5849 377 5920 (l)
405 5849 539 5905 Cod.
573 5848 735 5908 Coisl.
764 5846 821 5924 ἧ.

1891 4753 2122 4807 viventis
2151 4751 2266 4815 Dei,
2300 4760 2457 4821 natus
2499 4766 2563 4805 ex
2613 4750 2852 4820 Virgine,
2887 4767 3048 4820 quam
3078 4761 3198 4821 post
3234 4761 3448 4820 partum

1891 4845 2076 4908 etiam,
2113 4855 2171 4898 ut
2209 4853 2322 4899 erat
2358 4853 2506 4907 ante,
2568 4846 2946 4899 conservavit:
3004 4846 3096 4899 sed
3126 4844 3448 4906 Moamethi,

1893 4952 2052 5006 quem
2079 4937 2278 4990 eximie
2305 4937 2496 5003 diligit,
2528 4951 2625 5004 pro
2658 4937 2823 5003 lapsis
2854 4937 3237 4990 intereedentis
3265 4938 3450 5003 depre-

1895 5029 2179 5096 cantisque
2233 5028 2497 5082 rationem
2546 5027 2785 5090 habebit,
2849 5042 3020 5094 neque
3058 5043 3178 5082 cum
3231 5043 3328 5081 sua
3356 5039 3450 5092 spe

1891 5121 2206 5174 frustratum
2235 5120 2468 5173 dimittet
2499 5134 2513 5173 :
2537 5121 2674 5172 unde
2692 5134 2883 5174 omnes
2915 5120 3046 5179 fere,
3074 5129 3283 5173 nostros
3304 5118 3447 5176 dico,

1890 5213 2274 5265 servabuntur.
2310 5211 2511 5266 Salutis
2543 5221 2722 5264 autem
2759 5213 2900 5265 ratio
2929 5221 2984 5266 et
3013 5211 3296 5280 paradisus
3323 5217 3447 5261 sunt

1892 5302 2228 5369 huiusmodi.
2269 5303 2582 5357 Paradismn
2636 5303 2781 5356 fossa
2830 5303 3127 5356 circumdat
3160 5299 3449 5367 profunda,

1895 5390 2097 5453 nativa,
2133 5389 2279 5441 aditu
2304 5404 2492 5442 omnes
2517 5403 2710 5443 arcens
2745 5407 2758 5441 :
2794 5404 2857 5442 ea
2897 5387 3040 5442 fossa
3095 5387 3210 5454 pice
3242 5383 3442 5451 repleta

1897 5489 2004 5543 εει,
2031 5494 2150 5546 qua:
2182 5479 2607 5548 inexstinguibili
2657 5478 2889 5546 flagrans
2945 5477 3154 5530 llannna
3187 5485 3442 5542 perpetuo

1898 5569 2075 5630 bullit,
2110 5569 2369 5636 omnique
2405 5580 2645 5637 tempore
2673 5569 3002 5622 circumfluit
3056 5569 3105 5620 in
3163 5567 3329 5625 fossa,
3355 5564 3444 5615 in-

1895 5660 2231 5728 fandumque
2258 5660 2476 5713 exhibet
2513 5661 2739 5716 auribus
2795 5661 3079 5728 fragorem,
3105 5666 3160 5712 et
3186 5654 3452 5712 horribile

1975 5846 2050 5916 (‘2)
2084 5843 2266 5912 Forte,
2301 5844 2633 5915 εἰδοποιήσῃ.
