4208 6444
727 459 827 522 159

1924 460 2316 521 ΜΑἪΠΞΙᾸΞ
2376 459 2820 521 PAL.‘EOLOGI

3857 463 3876 525 1
3894 465 3958 523 (Et)

720 569 993 635 quoddam
1026 571 1393 639 spectaculum
1427 573 1620 625 oculis.
1684 573 1775 626 Est
1831 588 1998 640 porro
2036 575 2279 642 paradisi
2313 576 2353 630 A

2390 569 2488 635 ζεῖ,
2520 574 2610 624 καὶ
2647 575 2904 642 περιρρεῖ
2931 572 2989 625 ἐν
3017 573 3078 641 τῇ
3115 574 3306 641 τάφρῳ
3336 572 3623 640 διηνεκῶς,
3650 574 3744 626 καὶ
3764 574 3963 628 δοῦπον

720 669 876 726 porta
916 676 1042 723 una,
1071 677 1205 728 pons
1239 677 1379 714 unus
1410 681 1421 715 :
1467 662 1510 716 is
1570 677 1706 731 pons
1737 665 1950 728 gladius
1979 674 2062 719 est
2087 666 2285 719 mirum

718 759 982 817 quantum
1013 762 1226 814 acrtus,
1251 769 1416 822 super
1453 771 1612 821 quem
1646 755 1809 809 nudis
1842 755 2069 823 pedibus
2111 765 2292 809 trans-

723 842 800 894 ire
853 855 1090 911 oportet,
1143 855 1199 898 ιιι
1227 847 1350 914 quis
1398 848 1633 915 paradisi
1685 850 1777 902 ﬁat
1827 849 2278 919 particepszalio

729 931 887 984 modo
929 949 994 987 eo
1048 938 1331 1003 pervenire
1363 954 1466 990 non
1536 939 1681 994 licet.
1733 939 2158 1006 Quibuscnnque
2190 941 2292 1009 igi-

722 1029 810 1073 tur
841 1022 954 1076 leve
980 1039 1176 1094 corpus
1211 1028 1332 1092 erit,
1366 1039 1419 1081 et
1462 1029 1747 1098 aligerum,
1783 1039 1840 1084 ut
1870 1031 1942 1084 ita
1974 1032 2172 1096 dicam,
2213 1031 2266 1084 hi

720 1113 867 1168 nulla
902 1131 957 1169 re
988 1117 1098 1171 Iresi
1129 1121 1458 1182 transibunt,
1490 1121 1556 1174 ad
1589 1123 1985 1190 beatorumque
2014 1124 2287 1191 regionem

719 1209 1038 1275 pervenient
1072 1229 1081 1262 :
1111 1211 1428 1281 quicunque
1477 1222 1658 1268 autem
1701 1225 2046 1284 peccatorum
2075 1218 2285 1285 pondus

720 1311 902 1350 secum
932 1299 1326 1355 circumferunt
1351 1305 1500 1371 (sunt
1535 1313 1717 1357 autem
1744 1307 1776 1357 ii
1807 1321 2034 1359 numero
2062 1307 2285 1378 plures),

719 1389 835 1439 acie
873 1389 922 1440 hi
956 1389 1068 1444 laesi
1105 1393 1357 1447 deorsum
1394 1397 1894 1464 prtecipitabuntur.
1936 1398 2040 1452 Sed
2084 1415 2177 1464 pro
2212 1402 2276 1454 iis

721 1487 922 1542 tamen,
950 1489 1007 1532 ut
1028 1481 1160 1544 dixi,
1196 1483 1451 1552 prapheta
1500 1493 1682 1538 noster
1712 1496 1981 1538 amantem
2011 1490 2092 1541 sui
2126 1489 2280 1556 judi-

722 1583 838 1620 cem
868 1569 1268 1637 deprecabitur.
1292 1573 1666 1644 obtinebitque
1691 1593 1812 1647 quae
1844 1578 1988 1633 volet
2019 1597 2032 1633 :
2063 1580 2121 1635 id
2154 1596 2288 1650 quo-

721 1661 883 1715 modo
912 1662 1020 1728 ﬁet,
1053 1663 1160 1732 jam
1197 1679 1343 1719 nunc
1376 1665 1576 1722 dicam.

787 1844 842 1900 9.
877 1846 1170 1916 Postquam
1220 1857 1388 1903 totum
1420 1850 1727 1905 confectum
1759 1851 1920 1906 fuerit
1954 1852 2146 1921 iudicii
2183 1868 2281 1907 ne-

721 1939 948 2005 gotium,
989 1939 1152 1994 Jcsus
1184 1939 1515 2004 Moametbo,
1538 1959 1698 2011 quem
1724 1945 2069 2014 singulariter
2096 1945 2287 2014 diligit,

721 2027 861 2083 hanc
892 2031 1165 2098 optionem
1197 2032 1349 2086 dabit
1388 2051 1401 2086 :
1441 2040 1623 2087 utrum
1662 2037 1813 2089 malit
1841 2051 1935 2090 eos
1978 2038 2070 2105 qui
2099 2040 2286 2092 eadem

723 2120 827 2173 [ide
865 2121 1090 2182 fuerint,
1123 2122 1338 2176 etiamsi
1377 2139 1443 2176 ex
1473 2126 1579 2177 alio
1601 2141 1817 2193 genere,
1840 2127 2162 2197 diversaque
2198 2144 2295 2183 su-

721 2210 1050 2277 perstitione
1085 2212 1150 2264 ad
1204 2227 1303 2266 nos
1357 2216 1713 2281 accesserint,
1773 2232 1837 2270 ex
1898 2217 2044 2272 [ossa
2076 2221 2291 2289 eripere

725 2299 1080 2368 frucmlisque
1112 2303 1350 2369 paradisi
1392 2304 1603 2359 deliciis
1658 2306 1866 2360 donare
1901 2324 1915 2360 :
1955 2324 2025 2363 an
2073 2325 2167 2366 eos
2195 2311 2287 2381 qui

721 2406 920 2461 genere
955 2394 1127 2458 ipsum
1165 2394 1451 2462 attingant,
1487 2397 1740 2461 quamvis
1789 2413 1894 2451 non
1923 2400 2167 2467 ejusdem
2190 2384 2291 2458 re-

725 2482 944 2548 ligionis
971 2485 1211 2538 cultores
1243 2500 1364 2540 esse
1422 2487 1919 2554 deprehendantur.
1973 2492 2109 2546 Tum
2144 2493 2291 2547 Moa-

723 2574 939 2625 methus
974 2573 1270 2640 discipulos
1298 2575 1476 2642 potius
1518 2578 1683 2647 eliget
1713 2593 1870 2646 quam
1902 2583 2239 2650 propinquos
2272 2601 2284 2637 :

722 2663 1035 2732 Christique
1076 2665 1404 2719 auctoritate
1440 2665 1611 2720 fretus
1639 2670 1704 2720 ad
1739 2668 1940 2724 fossam
1970 2671 2081 2724 cito
2124 2674 2290 2728 devo-

726 2755 884 2814 labit,
918 2766 969 2809 et
999 2766 1151 2810 stans
1186 2757 1237 2808 in
1298 2757 1582 2826 crepidine
1642 2760 1901 2814 inclinato
1931 2762 2106 2829 capite
2133 2779 2287 2819 suam

725 2846 840 2913 ipse
873 2861 1084 2899 comam
1119 2845 1377 2912 prehendi
1410 2847 1573 2911 sinet,
1603 2857 1655 2900 et
1685 2864 1790 2901 uno
1821 2865 2038 2919 quoque
2066 2853 2291 2921 capillo-

725 2953 844 2989 rum
874 2938 1005 3004 (non
1035 2936 1221 2989 dubito
1248 2936 1380 3004 quin
1413 2938 1612 2991 mirere
1635 2941 1777 3005 quod
1806 2941 2017 3009 audies)
2056 2943 2289 2998 incredi-

726 3029 886 3080 bilem
915 3028 1310 3095 discipulorum
1338 3043 1649 3093 numerum,
1671 3031 1761 3097 qui
1780 3030 2079 3085 facinorum
2103 3049 2290 3101 poenas

725 3121 986 3190 pendunt,
1015 3137 1044 3174 e
1071 3120 1210 3173 fossa
1243 3119 1413 3173 tollet.
1443 3124 1618 3188 Atque
1647 3123 1716 3175 ita
1747 3125 1822 3187 ﬁt,
1844 3124 2061 3191 hospes,
2091 3135 2146 3179 ut
2176 3141 2292 3181 ser-

2390 663 2680 732 ἀποφράδα
2722 665 2954 733 παρέχει
2991 667 3109 725 ταῖς
3141 667 3350 728 ἀκοαῖς,
3409 669 3504 720 καὶ
3553 671 3786 736 φρικτήν
3840 686 3966 720 τινα

2389 748 2518 802 θέαν
2540 752 2652 813 τοῖς
2674 751 2991 821 ὀφθαλμοῖς.
3018 754 3134 806 Μία
3160 753 3215 806 δέ
3245 769 3328 815 τις
3357 753 3499 823 θύρα
3520 753 3597 822 τῷ
3622 755 3962 822 παραδείσῳ,

2388 840 2482 894 καὶ
2511 842 2724 912 γέφυρα
2757 844 2884 912 μίαο
2915 845 3000 913 ἥδ’
3026 843 3143 896 ἐστὶ
3169 843 3322 912 ξίφος
3344 844 3661 914 τομὼτατον
3687 847 3805 908 πῶς
3838 847 3963 911 οῐει,

2388 931 2417 984 ὃ
2440 933 2521 985 δεῖ
2547 936 2775 1005 γυμνοῖν
2804 938 2917 988 τοῖν
2947 937 3130 989 ποδοῖν
3161 935 3472 1001 διελθόντας
3503 938 3596 990 τοῦ
3629 941 3967 1010 παραδείσου

2391 1026 2681 1094 μετέχειν·
2724 1029 2901 1091 άλλως
2951 1029 2997 1082 δ’
3048 1031 3149 1082 οὐκ
3209 1029 3422 1082 ἔνεστιν
3479 1031 3690 1085 ἐκείνου
3750 1037 3964 1103 τυχεῖν.

2390 1118 2581 1182 Ὅσοις
2631 1122 2812 1174 τοίνυν
2846 1123 2904 1174 τὸ
2932 1120 3092 1190 σῶμα
3144 1121 3368 1190 κοῦφον,
3403 1126 3501 1178 καὶ
3532 1125 3862 1195 ὑπόπτερον,
3891 1127 3968 1188 ὡς

2390 1207 2457 1260 ἂν
2498 1207 2642 1262 εἴποι
2670 1227 2774 1276 τις,
2824 1210 2990 1280 μηδὲν
3013 1211 3458 1279 παραϐλαϐέντες
3480 1213 3848 1280 διαϐήσονται,
3874 1219 3970 1267 καὶ

2387 1300 2671 1364 τεύξονταί
2711 1320 2774 1368 γε
2825 1304 2919 1356 τοῦ
2965 1303 3144 1374 χώρου
3205 1304 3314 1356 τῶν
3370 1305 3695 1374 μακαρίων·
3739 1308 3855 1358 ὅσοι
3920 1307 3966 1358 δ’

2386 1393 2550 1460 ἄχθος
2578 1393 2862 1462 ἁμαρτιῶν
2889 1396 3281 1464 περιφέρουσιν
3308 1395 3440 1464 (εἰσὶ
3456 1395 3500 1446 δ’
3525 1397 3676 1464 άρ⁹οί
3703 1396 3965 1460 πλείους),

2385 1486 2462 1554 τῷ
2498 1488 2699 1556 σιδήρῳ
2729 1488 3056 1556 τεμνόμενοι
3089 1489 3604 1558 κατενεχθήσονται.
3642 1491 3802 1543 ’Δλλὰ
3833 1493 3968 1560 περὶ

2384 1578 2611 1643 τούτων,
2629 1579 2702 1640 ὼς
2724 1579 2881 1649 ἔφην,
2909 1580 2936 1632 ό
2958 1579 3227 1649 ήμέτερος
3253 1582 3543 1651 προφήτης
3571 1581 3665 1633 τὸν
3691 1582 3957 1648 φιλοῦντα

2387 1669 2578 1738 κριτὴν
2599 1671 3022 1740 παραιτήσεται,
3042 1672 3137 1724 καὶ
3154 1672 3252 1740 τῆς
3279 1673 3545 1743 αἰτήσεως
3571 1672 3920 1738 ἔπιτεύξεται
3940 1688 3955 1704 ·

2386 1759 2446 1811 τὸ
2473 1759 2517 1812 δ’
2554 1760 2725 1828 ὅπως,
2757 1761 2990 1831 ἔρχομαι
3027 1760 3214 1824 λέξων.

2461 1852 2525 1906 θ’.
2579 1854 2732 1906 Μετὰ
2769 1855 2830 1906 τὸ
2871 1855 3023 1917 τέλος
3058 1856 3236 1908 πάντα
3273 1855 3424 1922 σχεῖν
3457 1853 3527 1906 τὰ
3567 1853 3668 1922 τῆς
3699 1854 3962 1924 κρίσεως,

2392 1945 2658 2015 προθήσει
2688 1946 2764 2015 τῷ
2806 1946 3052 2014 Μωάμεθ
3095 1948 3123 1998 ὁ
3155 1947 3523 2016 διαφερόντως
3572 1947 3734 1999 αὑτὸν
3788 1947 3968 2014 φιλῶν

2404 2037 2611 2106 Ἰησοῦς
2642 2038 2855 2106 αἵρεσιν
2885 2037 3044 2107 τήνδε
3076 2052 3089 2067 ⁸
3123 2039 3152 2107 ἢ
3189 2039 3313 2098 τοὺς
3343 2037 3681 2104 ὁμοπίστους
3710 2038 3884 2106 αὐτῷ,
3917 2039 3969 2090 εί

2391 2127 2456 2195 δὴ
2490 2129 2584 2180 καὶ
2604 2127 2662 2191 ἐξ
2695 2129 2855 2180 ἄλλου
2887 2129 3075 2195 γένους
3101 2129 3193 2181 καὶ
3224 2128 3522 2200 θρησκείας
3565 2128 3971 2197 προσεληλύθε-

2394 2236 2514 2283 σαν,
2570 2220 2848 2285 ἐξελέσθαι
2896 2221 3114 2290 ὲκείνης
3145 2222 3245 2289 τῆς
3289 2222 3526 2288 τάφρου,
3557 2222 3652 2273 καὶ
3679 2222 3779 2290 τῆς
3802 2221 3865 2272 ὲν
3892 2219 3972 2289 τῷ

2400 2311 2718 2382 παραδείσῳ
2748 2312 2932 2364 δοῦναι
2976 2313 3190 2382 τρυφῆς
3221 2312 3520 2365 ἀπολαύειν
3543 2327 3560 2344 ο
3601 2312 3634 2381 ἢ
3667 2313 3792 2375 τοὺς
3819 2311 3974 2380 αὐτῷ

2392 2405 2770 2472 προσήκοντας
2823 2406 2966 2457 κατὰ
3004 2404 3182 2470 γένος,
3214 2405 3261 2455 εί
3311 2405 3406 2456 καὶ
3461 2403 3560 2472 τῆς
3595 2405 3764 2472 αὐτῆς
3813 2405 3968 2474 αὐτῷ

2393 2493 2691 2563 θρησκείας
2723 2496 2820 2565 οὐχ
2853 2495 3138 2565 εὕρηνται.
3188 2496 3246 2547 Ὀ
3274 2494 3331 2548 δὲ
3364 2494 3493 2557 τοὺς
3524 2497 3790 2563 φοιτητὰς
3825 2499 3969 2566 μᾶλ-

2391 2587 2484 2639 λον
2524 2588 2556 2656 ἢ
2591 2589 2716 2650 τοὺς
2756 2589 2820 2641 ὲκ
2850 2589 3040 2655 γένους
3073 2589 3359 2658 αἱρήσεται
3385 2602 3400 2618 ο
3423 2590 3520 2640 καὶ
3546 2587 3731 2642 λαϐὼν
3756 2588 3972 2642 τούνδό-

2393 2695 2556 2748 σιμον
2587 2680 2724 2749 ταχὺ
2784 2680 3076 2750 δραμεῖται
3109 2681 3260 2750 παρὰ
3284 2679 3383 2750 τὴν
3427 2682 3657 2750 τάφρον,
3689 2684 3785 2735 καὶ
3827 2682 3969 2751 πρὸς

2390 2776 2509 2836 ταῖς
2536 2774 2738 2841 ταύτης
2769 2773 2955 2842 ὄχθαις
2984 2775 3136 2838 στὰς,
3161 2772 3350 2834 κλίνας
3377 2772 3528 2827 κάτω
3556 2775 3657 2844 τὴν
3687 2777 3958 2845 κεφαλὴν,

2390 2863 2550 2916 δώσει
2585 2865 2684 2931 τῆς
2718 2865 2892 2931 κόμης
2931 2864 3223 2928 λαόέσθαι,
3265 2865 3360 2918 καὶ
3391 2865 3594 2936 ἑκάστῃ
3625 2866 3734 2920 τῶν
3764 2869 3969 2938 τριχῶν

2393 2953 2718 3023 (θαυμάσεις
2752 2954 2810 3006 εὖ
2859 2950 2954 3006 οἶδ’
2984 2957 3065 3008 ὃτι
3106 2957 3368 3025 ἀκούσας)
3395 2958 3665 3027 μυριάδας
3694 2960 3969 3014 ἀνελεῖται

2390 3045 2499 3098 τῶν
2534 3046 2722 3112 αὐτοῦ,
2755 3047 3011 3099 τινόντων
3041 3047 3198 3118 δίκην
3226 3048 3336 3100 τῶν
3366 3051 3797 3119 πεπραγμένων.
3827 3051 3970 3105 Τοῦο

2391 3153 2484 3188 τον
2531 3137 2712 3190 τοίνυν
2750 3138 3016 3206 ἀμηγέπη
3043 3140 3136 3192 τὸν
3160 3140 3360 3209 τρόπον
3389 3141 3496 3203 πᾶς
3527 3142 3554 3202 ό
3587 3143 3848 3212 καθαρῶς
3877 3145 3971 3196 ἑλ-

726 3226 884 3267 vatus
914 3215 1073 3266 fuerit
1103 3214 1416 3281 quicunque
1445 3215 1497 3266 in
1531 3211 1893 3268 Moametbum
1929 3218 2146 3270 sincere
2174 3234 2289 3287 spe-
2322 3229 2366 3292 ο

2398 3229 2563 3290 πίσας
2589 3231 2669 3291 είς
2697 3229 2787 3282 τὸν
2816 3231 3062 3299 Μωάμεθ
3091 3232 3418 3301 σωθήσεται,
3444 3235 3716 3303 μακάριος
3739 3211 3844 3304 μὲν
3871 3237 3972 3304 τῆς

726 3308 882 3371 rarit,
908 3310 1094 3360 beatus
1119 3307 1208 3360 ille
1230 3309 1297 3359 ab
1321 3306 1732 3361 immortalitate
1758 3317 1813 3361 et
1843 3309 2073 3375 honore,
2106 3311 2299 3365 beatus

729 3414 758 3452 a
795 3399 1005 3451 deliciis
1041 3398 1242 3465 quibus
1296 3399 1610 3466 perfruetur
1637 3399 1689 3451 in
1713 3400 1988 3466 paradiso,
2021 3416 2156 3468 quas
2183 3401 2297 3469 jam

729 3506 873 3544 nunc
891 3499 1100 3556 tempus
1128 3499 1212 3544 est
1231 3488 1530 3543 utdicendo
1554 3504 1866 3558 persequar.
1886 3491 2012 3556 Sed,
2033 3492 2108 3544 dii
2140 3493 2292 3559 boni,

729 3582 987 3650 quidnam
1008 3596 1072 3634 ex
1094 3579 1200 3632 illis
1223 3579 1384 3633 rebus
1397 3580 1634 3648 primum
1659 3581 2154 3635 enarrabo?omnia
2173 3593 2302 3639 sunt

730 3671 910 3724 divine
969 3670 1193 3738 pulchra
1225 3685 1240 3722 :
1275 3669 1489 3738 singula
1539 3669 1788 3734 suadent,
1816 3681 1895 3734 ut,
1926 3671 2302 3742 cujuscunque

731 3764 883 3833 prius
909 3761 1241 3825 memineris,
1263 3761 1314 3814 id
1335 3761 1571 3827 primum
1592 3762 1827 3816 humana
1845 3763 2077 3818 celebret
2095 3765 2299 3833 lingua.

804 3856 890 3909 10.
928 3854 1145 3908 Florum
1168 3854 1312 3908 enim
1344 3854 1596 3916 varietas,
1640 3836 1914 3908 fructuum
1941 3857 2295 3922 abundantia,

735 3947 919 4002 omnis
955 3945 1170 4015 generis
1200 3944 1418 4015 frugum
1451 3945 1730 4011 nobilitas,
1751 3946 2058 4014 plantarum
2081 3963 2299 4017 semper

734 4037 1025 4091 virentium
1055 4036 1252 4105 gratia,
1283 4049 1479 4106 cespes
1531 4035 1684 4090 nullo
1711 4051 1948 4103 unquam
1970 4037 2130 4092 modo
2181 4054 2299 4091 are-

734 4143 918 4190 scens,
960 4142 1223 4195 aquarum
1255 4126 1763 4196 limpidissimarum
1807 4126 2003 4182 ell‘usio
2046 4137 2099 4183 et
2155 4146 2302 4184 mur-

737 4235 879 4282 mur,
920 4219 1144 4273 suavius
1171 4233 1333 4287 quam
1365 4217 1620 4272 Sirenum
1653 4227 1847 4272 cantus
1873 4235 2032 4273 aures
2064 4223 2300 4289 permul-

736 4327 888 4376 cens,
921 4311 1102 4365 omnia
1151 4311 1384 4379 denique
1415 4325 1535 4380 quae
1561 4309 1824 4363 olfactum
1848 4312 2084 4367 aliumve
2114 4328 2301 4381 quem-

737 4404 820 4458 vis
853 4418 1071 4456 sensum
1100 4402 1374 4457 oblectare
1401 4411 1652 4472 possunt,
1681 4402 1734 4456 in
1772 4417 2006 4465 summa,
2035 4403 2299 4473 quidquid

737 4505 1044 4557 venustum,
1068 4493 1329 4563 quidquid
1364 4509 1643 4564 magnum,
1665 4494 1930 4562 quidquid
1953 4496 2299 4563 splendidum

738 4601 768 4645 ιι
800 4586 891 4641 Dei
924 4586 1252 4641 immortalis
1283 4600 1446 4639 manu
1470 4594 1844 4639 constructum
1891 4595 1996 4651 est,
2030 4586 2082 4640 id
2113 4601 2296 4653 omne,
2332 4567 2378 4624 Ῐ)

741 4680 966 4746 hospes,
1007 4677 1062 4732 in
1098 4685 1478 4730 ornamentum
1525 4678 1667 4730 cedit
1711 4677 2014 4745 paradiso:
2054 4677 2104 4731 id
2137 4693 2300 4732 omne

737 4782 860 4821 eum
895 4767 1213 4820 mirabiliter
1243 4774 1468 4820 exornat
1499 4783 1514 4820 :
1545 4766 1597 4820 id
1619 4781 1780 4820 omne
1800 4767 1978 4820 locum
2013 4765 2140 4821 facit
2163 4782 2300 4836 qua~

740 4859 869 4913 libet
902 4859 1121 4912 tristitia
1153 4858 1510 4925 superiorem.
1539 4857 1656 4911 Duo
1695 4873 1858 4926 porro
1898 4873 2086 4912 amnes
2111 4874 2302 4927 peren-

739 4965 855 5013 nes,
872 4949 1117 5012 tuaximi,
1146 4952 1312 5002 latera
1335 4947 1452 5015 ejus
1480 4948 1765 5014 alluentes,
1782 4963 1907 5001 eum
1931 4949 2301 5016 complectun-

741 5055 852 5103 tur,
873 5052 926 5095 et
949 5042 1224 5096 caelestem
1249 5082 1264 5105 ,
1293 5049 1352 5093 ut
1383 5041 1456 5093 ita
1489 5040 1691 5104 dicam,
1723 5049 2048 5094 concentum
2083 5040 2250 5094 edunt
2283 5058 2297 5094 :

739 5134 1164 5203 paradisumque
1197 5131 1511 5186 scindentes
1563 5130 1824 5193 medium,
1862 5140 2048 5198 postea
2081 5129 2182 5198 ipsi
2208 5131 2296 5183 di-

741 5224 840 5278 visi
859 5224 910 5277 in
941 5225 1140 5277 multas
1170 5229 1353 5290 partes
1379 5221 1717 5283 dilabuntur,
1740 5223 2026 5290 denuoque
2053 5223 2104 5274 in
2135 5236 2301 5275 unum

740 5313 1045 5379 confluunt,
1071 5314 1310 5381 inseque
1335 5312 1694 5380 praecipitant,
1735 5313 1889 5378 quasi
1923 5312 2148 5365 animati
2179 5328 2305 5381 per-

741 5418 954 5473 petuam
1022 5406 1258 5472 aliquam
1303 5402 1642 5455 saltationem
1669 5412 2003 5462 exercerent,
2039 5410 2308 5470 spectato-

741 5496 999 5562 ribusque
1060 5492 1398 5547 exhiberent.
1445 5489 1554 5544 Nec
1573 5504 1761 5543 eorum
1812 5491 2070 5543 alteruter
2101 5505 2297 5558 aquam

742 5587 920 5639 habet:
955 5585 1135 5647 ambo,
1161 5595 1217 5636 ut
1243 5599 1364 5636 cum
1393 5581 1694 5649 inspexeris
1722 5590 1773 5635 et
1798 5582 2059 5644 audieris,
2080 5583 2149 5635 ita
2175 5599 2297 5638 cum

744 5677 996 5739 gustaris,
1025 5672 1327 5726 incredibili
1362 5682 1412 5725 te
1444 5673 1715 5740 voluptate
1740 5672 2114 5740 permulcent:
2145 5669 2300 5722 melle

740 5768 899 5828 slter,
930 5765 1070 5818 lacte
1108 5764 1242 5817 alter
1267 5772 1450 5816 manat
1485 5779 1499 5816 :
1540 5762 2103 5829 remunerationisquc
2137 5761 2296 5813 ambo

814 5873 892 5945 (l)
919 5873 1052 5929 Cod.
1082 5890 1192 5943 reg.
1219 5874 1451 5946 ὅσφησιν

2400 3318 2700 3380 ἀθανασίας
2752 3318 2846 3371 καὶ
2900 3319 2999 3385 τῆς
3039 3320 3228 3387 τιμῆς,
3265 3319 3534 3388 μακάριος
3579 3322 3635 3374 δὲ
3666 3321 3767 3390 τῆς
3799 3324 3858 3376 ὲν
3892 3325 3972 3394 τῷ

2401 3409 2714 3477 παραδείσῳ
2751 3409 2985 3478 τρυφῆς,
3017 3409 3085 3478 ἢν
3123 3411 3188 3481 δὴ
3229 3410 3419 3481 καιρὸς
3448 3411 3513 3465 ἂν
3561 3412 3646 3482 εἴη
3688 3413 3970 3479 διεξιέναι.

2401 3500 2467 3551 Τί
2489 3500 2544 3553 δὲ
2565 3502 2786 3571 πρῶτον
2817 3503 2926 3554 τῶν
2943 3503 3058 3554 ἐκεῖ
3085 3503 3452 3572 διηγήσομαις
3484 3504 3662 3558 πάντα
3692 3505 3800 3574 γάρ
3830 3507 3974 3558 καλὰ

2401 3588 2520 3641 λίαν
2547 3607 2560 3620 ·
2601 3592 2691 3644 καὶ
2724 3592 2819 3660 τὴν
2847 3592 3093 3660 γλῶτταν
3129 3593 3363 3646 ἕκαστον
3396 3594 3596 3656 πείθει,
3629 3596 3748 3649 ὅτου
3789 3614 3874 3661 τις
3905 3598 3972 3651 ἂν

2401 3681 2621 3736 πρώτου
2653 3683 2888 3753 μνησθῇ,
2924 3686 3053 3754 περὶ
3087 3683 3252 3737 αὑτοῦ
3285 3701 3347 3752 γε
3380 3686 3596 3756 πρῶτον
3622 3690 3818 3742 εἰπεῖν.

2474 3868 2525 3917 t'.
2553 3862 2760 3915 Αὐτίκα
2781 3863 2961 3916 τοίνυν
2991 3863 3202 3917 ἀνθέων
3231 3881 3287 3917 τε
3319 3865 3585 3931 ποικιλία,
3616 3869 3707 3921 καὶ
3739 3872 3969 3939 καρπῶν

2401 3952 2655 4021 ἀφθονία,
2685 3955 2778 4006 καὶ
2801 3954 3163 4008 παντοδαπῶν
3188 3955 3410 4024 ὡραίων
3434 3957 3706 4026 εὐγένεια,
3741 3962 3837 4016 καὶ
3869 3982 3971 4032 φυο

2401 4043 2510 4096 τῶν
2564 4043 2832 4096 άειθαλῶν
2878 4044 3061 4114 χάρις,
3094 4045 3188 4097 καὶ
3241 4046 3349 4098 πόα
3386 4048 3650 4116 μηδαμῶς
3702 4052 3971 4118 μηδέποθ’

2403 4133 2746 4204 ὑπομένουσα
2768 4135 2972 4203 φθίσιν,
3001 4135 3093 4188 καὶ
3119 4135 3496 4189 διειδεστάτων
3527 4139 3731 4192 ὑδάτων
3749 4139 3850 4209 ῥοὴ
3875 4144 3974 4192 σὺν

2401 4225 2518 4294 ἤχῳ
2552 4225 2659 4277 τῶν
2699 4225 2971 4295 Σειρήνων
3023 4227 3246 4293 άμεινον
3295 4229 3392 4295 τὴν
3431 4231 3600 4296 ἀκοήν
3630 4232 3972 4300 γοητεύοντι,

2403 4317 2496 4369 καὶ
2531 4315 2688 4370 πάνθ’
2732 4315 2769 4369 ἃ
2799 4316 2895 4386 τὴν
2929 4317 3198 4384 ὄσφρησιν
3223 4318 3299 4386 (1)
3328 4317 3506 4386 θέλγει
3533 4322 3625 4373 καὶ
3654 4321 3754 4390 τὴν
3805 4324 3975 4390 ἄλλην

2402 4407 2659 4476 αἴσθησιν
2694 4407 2899 4468 πᾶσαν,
2940 4408 3035 4458 καὶ
3064 4407 3222 4470 ὅλως,
3256 4409 3308 4460 ετ
3352 4426 3404 4460 τι
3434 4409 3646 4478 χαρίεν,
3677 4411 3772 4464 καὶ
3803 4414 3970 4480 μέγα,

2403 4495 2498 4548 καὶ
2529 4495 2805 4565 λαμπρὸν,
2839 4495 2934 4548 ἅτε
2976 4494 3042 4563 δὴ
3076 4496 3221 4565 χειρὶ
3265 4495 3402 4548 Θεοῦ
3437 4499 3972 4567 κατεσκευασμένον,

2405 4587 2484 4657 τῷ
2519 4587 2837 4657 παραδείσῳ
2866 4586 3112 4654 γίγνεται
3147 4587 3380 4656 κόσμος·
3412 4588 3505 4640 καὶ
3525 4587 3753 4656 ὠραῒξει
3782 4589 3975 4643 τοῦτον

2407 4678 2526 4741 πῶς
2560 4680 2661 4732 olet
2687 4693 2700 4707 °
2746 4679 2844 4730 καὶ
2897 4679 3042 4729 ποιεῖ
3084 4677 3283 4746 χωρίον
3319 4677 3496 4747 λύπης
3538 4677 3831 4748 ἀνώτερον.
3867 4683 3980 4735 Καὶ

2404 4768 2540 4836 δῆτα
2562 4765 2797 4835 ποταμοί
2826 4781 2970 4827 τινες
2997 4765 3110 4831 δύο,
3140 4764 3353 4818 άένναοί
3378 4781 3434 4817 τε
3454 4765 3548 4819 καὶ
3567 4769 3975 4836 παμμεγέθεις,

2407 4858 2668 4914 κυκλοῦσί
2703 4873 2762 4909 τε
2801 4856 2964 4910 αὐτόν
2993 4858 3399 4926 περιρρέοντες,
3430 4859 3524 4911 καὶ
3555 4859 3756 4927 κομιδῆ
3781 4861 3980 4928 δαιμό-

2407 4971 2519 5006 νιον
2542 4953 2729 5022 ῶσπερ
2747 4950 3130 5020 άναπέμπουσι
3156 4952 3317 5017 μέλος
3342 4964 3357 4979 °
3384 4944 3503 5003 εἶτα
3528 4951 3719 5003 τοῦτον
3750 4954 3980 5022 τέμνον-

2403 5063 2495 5108 τες
2530 5047 2715 5116 μέσον,
2748 5045 2841 5097 καὶ
2875 5043 2943 5098 αὖ
2974 5043 3084 5097 οἵδε
3117 5043 3440 5112 τεμνόμενοί
3471 5061 3529 5095 τε
3563 5046 3658 5097 καὶ
3691 5048 3773 5107 είς
3803 5047 3981 5102 πολλὰ

2403 5137 2798 5206 διαιρούμενοι,
2832 5137 2926 5189 καὶ
2955 5136 3117 5188 πάλιν
3144 5137 3222 5198 είς
3239 5135 3403 5187 ταυτὺ
3431 5137 3837 5204 συνερχόμενοι,
3875 5141 3980 5192 καὶ

2404 5230 2484 5290 είς
2504 5228 2766 5297 ἀλλήλους
2796 5227 3149 5296 ἐμϐαλόντες,
3175 5225 3425 5295 καθάπερ
3450 5226 3682 5296 ἐμψυχοί
3709 5245 3857 5290 τινες
3882 5247 3977 5296 χοι

2410 5317 2560 5388 ρείαν
2583 5316 2873 5382 ἐξελίττειν
2901 5316 3122 5385 διηνεκῆ
3152 5316 3359 5380 δόξαιεν
3377 5318 3441 5369 ἂν
3478 5320 3584 5380 τοῖς
3617 5319 3810 5387 ὁρῶσι.
3839 5320 3980 5371 Tati-

2404 5422 2520 5457 τοιν
2551 5405 2828 5473 οὐδέτερος
2859 5404 3030 5473 ὕδωρ·
3066 5405 3324 5473 ἑκάτερος
3358 5405 3424 5470 δ’,
3457 5406 3646 5476 ῶσπερ
3673 5411 3850 5480 τρυφή
3884 5427 3977 5474 τις

2408 5495 2553 5563 ἄκρα
2581 5495 2854 5563 θεώμενός
2891 5512 2951 5547 τε
2987 5496 3081 5548 καὶ
3109 5496 3460 5563 ἀκουόμενος,
3488 5496 3578 5548 τὸν
3622 5499 3734 5549 ἴσον
3769 5499 3976 5566 τρόπον

2407 5589 2498 5638 καὶ
2527 5588 3075 5657 μεταλαμϐανόμενες
3097 5605 3111 5619 ο
3144 5590 3264 5655 μέλι
3291 5591 3386 5657 μὲν
3408 5590 3513 5658 γὰρ
3539 5591 3566 5642 ὁ
3595 5590 3803 5659 ἔτερος,
3831 5591 3976 5657 γάλα

2406 5677 2451 5729 δ’
2483 5679 2510 5729 ὁ
2541 5678 2725 5740 λοιπὸς
2756 5679 2831 5731 ῶν
2860 5679 3116 5748 τυγχάνει
3138 5697 3151 5710 ο
3184 5679 3232 5731 οἳ
3267 5681 3330 5749 δὴ
3363 5680 3548 5750 μισθός
3585 5683 3738 5732 ἐστον
3769 5682 3844 5748 (2)
3878 5684 3981 5734 καλ⁵

2407 5769 2676 5832 ἀντίδοσις
2723 5772 2834 5830 τοῖς
2883 5769 3118 5824 ἐνταῦθα
3153 5771 3551 5841 καθαρεύουσιν
3598 5773 3764 5824 οἴνου.
3803 5772 3982 5826 Βαῦαὶ

2478 5879 2552 5948 (‘2)
2580 5880 2710 5933 Cod.
2745 5880 2915 5935 Coisl.
2951 5882 3090 5932 ἐστι.
