4208 6444
209 463 299 529 l6]

1159 456 1535 519 DIALOGUS
1567 457 1626 516 Il
1665 455 1824 515 CUM
1859 450 2409 510 MOHAMETANO.

3352 447 3454 522 162

198 580 298 647 τῆς
337 573 690 645 εὐεργεσίαςι
725 568 807 634 οἷς
864 570 1207 643 πρόσκαιρον
1239 571 1537 623 ἀκόλαστον
1571 567 1762 638 ἡδονὴν

1887 579 1985 617 oco
2021 572 2183 615 erunt
2214 562 2281 616 iis
2311 561 2406 630 qui
2440 560 2497 614 in
2538 559 2638 614 hac
2681 560 2792 614 vita
2828 561 2953 614 vino
2982 575 3040 614 se
3063 560 3446 614 abstinuerint.

199 667 635 739 ἀπεκρούσαντο,
667 662 886 718 αἰωνίου
922 661 1196 733 σώφρονος
1229 661 1652 716 ἀπολαύσουσιν.

271 911 364 968 ια’.
411 911 478 964 Τί
513 911 618 982 χρὴ
650 909 971 979 καταλέγειν
1003 908 1100 970 τὰς
1159 907 1290 977 ἡμῖν
1350 907 1770 978 ἐπηγγελμένας

198 1008 355 1069 θείας
374 1004 585 1075 τρυφάς
609 1020 626 1069 ;
653 1004 754 1056 Ἀν
780 1018 840 1053 τε
868 1001 977 1072 γάρ
1006 1018 1090 1064 τις
1122 1000 1386 1069 φίλιππος
1413 995 1468 1073 ᾖ,
1505 1000 1600 1052 καὶ
1631 999 1771 1071 θήρᾳ

201 1098 432 1169 χαίρων,
461 1097 558 1150 καὶ
581 1094 780 1159 τόξοις,
805 1094 898 1148 καὶ
924 1095 1072 1157 κυσὶ,
1089 1093 1185 1144 καὶ
1210 1090 1523 1161 χειροήθεσι
1548 1094 1769 1162 πτηνοῖς

201 1189 463 1260 (τουτοισί
488 1205 628 1258 φημι
659 1188 768 1249 τοῖς
796 1185 1160 1254 θηρευτικοῖς,
1190 1178 1270 1246 οἷς
1299 1183 1368 1235 τὰ
1398 1181 1634 1252 ἐδώδιμα
1662 1201 1770 1252 χει-

202 1282 489 1354 ρούμεθα),
515 1281 582 1336 ἄν
604 1297 662 1332 τε
693 1278 792 1349 τὴν
827 1278 1033 1347 ἐσθῆτα
1065 1276 1367 1345 φιλότιμοε,
1414 1277 1508 1328 καὶ
1535 1276 1614 1345 τῷ
1645 1292 1773 1327 συν-

201 1378 344 1428 εῖναι
397 1373 590 1442 κόραις
651 1369 970 1441 ἐντρυφῶν,
1015 1369 1110 1420 καὶ
1165 1368 1354 1433 πᾶσιν,
1391 1367 1479 1419 ἵνα
1543 1367 1772 1431 συνέλω,

205 1468 352 1535 ειπερ
395 1467 472 1526 είς
506 1461 701 1532 ἡδονὴν
728 1464 755 1514 ὁ
782 1459 906 1522 νοῦς
933 1460 1066 1528 ἡμῖν
1093 1459 1382 1529 δυνήσεται
1412 1456 1636 1520 πλάσαι,
1670 1457 1776 1508 πά-

207 1574 392 1627 ρεστιν
419 1555 582 1617 εὐθὺς
608 1551 946 1623 βουληθεῖσιν
965 1565 977 1578 ·
996 1551 1057 1602 οὐ
1082 1551 1192 1618 γάρ
1218 1550 1364 1600 ἐστιν
1383 1543 1442 1601 οῦ
1474 1548 1775 1617 δεηθέντων

203 1651 383 1702 έκεῖνο
437 1648 512 1716 μὴ
566 1644 896 1715 φθάσοιτὴν
933 1641 1142 1711 ἔφεσιν,
1175 1640 1357 1710 πολλῷ
1407 1641 1484 1711 τῷ
1529 1642 1773 1712 περιόντι

201 1741 410 1809 ταύτην
438 1739 623 1793 νικῶν.
662 1737 945 1806 Τοσαύτην
977 1752 1038 1803 γε
1075 1735 1174 1806 τὴν
1205 1735 1442 1804 ἀμοιϐὴν
1471 1734 1776 1804 ἀπολήψον-

203 1850 297 1885 ται
343 1831 496 1900 παρά
526 1829 622 1882 τοῦ
657 1828 870 1883 δικαίου
930 1827 1200 1879 Δεσπότου
1255 1827 1348 1878 καὶ
1396 1825 1626 1893 ἀγαθοῦ,
1661 1826 1775 1878 ὅσοι

1877 656 2178 722 Quantum,
2227 655 2370 708 bone
2405 652 2568 715 Deus,
2603 651 2966 706 beneﬁcium!
3011 651 3086 705 illi
3118 652 3260 720 quod
3321 651 3451 704 bre-

1877 760 1997 800 vem
2029 755 2082 799 et
2114 746 2564 812 intemperantem
2603 744 2940 813 voluptatem
2977 744 3308 810 reiecerunt,
3329 743 3455 797 ideo

1875 837 2205 904 sempiterna
2279 836 2716 904 temperantique
2758 837 3128 906 perfruentur.

1949 927 1988 978 ll
2008 965 2021 978 .
2053 925 2190 990 Quid
2215 941 2353 996 opus
2375 935 2458 980 est
2482 926 2713 994 amplius
2739 927 3034 995 promissas
3059 929 3214 983 nobis
3237 930 3449 984 divinus

1878 1022 2102 1076 delicias
2131 1020 2459 1075 recensere?
2485 1020 2540 1073 Si
2570 1022 2692 1089 quis
2724 1021 2882 1090 equis
2917 1024 3118 1086 studet,
3151 1026 3266 1079 sive
3290 1043 3454 1079 vena-

1883 1115 2031 1168 tione
2095 1115 2314 1185 gaudet,
2378 1129 2639 1182 arcuque,
2690 1114 3010 1176 canibusve,
3076 1125 3172 1170 aut
3232 1118 3458 1171 alitibus

1885 1210 2178 1262 mauSuetis
2210 1208 2296 1270 (de
2323 1207 2616 1262 venatoriis
2645 1208 2752 1262 illis
2789 1207 3004 1274 loquor,
3024 1208 3220 1278 quibus
3253 1211 3461 1262 bestias

1882 1302 2079 1354 victum
2107 1301 2261 1354 nobis
2293 1301 2697 1369 suppeditautcs
2738 1302 3048 1370 capimus),
3077 1302 3191 1354 sive
3222 1303 3456 1355 vestium

1882 1392 2218 1459 Splendorem
2245 1391 2932 1460 aflt-ctat,,puellarumque
2993 1409 3290 1462 congressu
3319 1394 3466 1445 dele—

1888 1499 2086 1547 ctatur,
2113 1485 2292 1537 unuiia
2328 1484 2584 1550 denique,
2619 1492 2678 1538 ut
2706 1485 2941 1537 breviter
2981 1485 3180 1547 dicam,
3206 1500 3461 1553 quaecun-

1883 1592 1990 1645 que
2051 1575 2104 1630 in
2142 1576 2416 1644 voluptate
2463 1591 2615 1629 mens
2653 1575 2906 1644 efﬁngere
2953 1575 3112 1629 nobis
3155 1584 3352 1642 potest,
3397 1591 3459 1628 ea

1885 1669 2186 1722 volentibus
2219 1669 2398 1721 statim
2448 1667 2675 1722 adsunt:
2740 1682 2839 1720 nec
2901 1667 3043 1720 enim
3109 1667 3271 1721 ullam
3346 1682 3458 1720 rem

1884 1761 2212 1824 desiderant,
2236 1775 2359 1828 quae
2394 1776 2498 1812 non
2536 1761 2773 1828 ipsorum
2805 1759 2965 1812 etiam
3009 1760 3272 1812 desideria
3330 1775 3465 1826 pra!-

1887 1860 2076 1912 vertat,
2155 1851 2727 1920 abundautissimeque
2793 1859 3036 1918 superet.
3112 1849 3458 1917 ilujusmodi,

204 1922 474 1992 δήπουθεν
503 1921 680 1983 καλῶς
711 1920 780 1973 τά
807 1918 1206 1986 διατεταγμένα
1262 1919 1621 1987 τηρήσουσιν.
1641 1917 1782 1968 Ἀλλ’

1891 1943 2108 2009 hospes,
2141 1941 2634 1995 remunerationem
2666 1941 2736 1993 ah
2776 1942 3086 2010 justissimo
3143 1941 3458 2010 optimoque

204 2015 241 2084 ἡ
303 2014 414 2065 τῶν
473 2010 826 2080 προσκαίρων
895 2008 1082 2078 ἀπάτη
1142 2006 1317 2059 πείθει
1369 2009 1495 2070 τοὺς
1552 2007 1783 2068 πολλοὺς

203 2106 601 2172 κατολιγωρεϊν
635 2105 732 2172 τῆς
763 2102 1078 2172 ἀπορρήτου
1106 2100 1264 2170 δόξης
1304 2100 1522 2170 ἐκείνης
1553 2100 1648 2152 καὶ
1684 2100 1782 2168 τῆς

201 2198 440 2266 τρυφῆς,
461 2196 555 2249 καὶ
607 2193 937 2262 πρόσκαιρον
977 2193 1071 2245 καὶ
1111 2192 1312 2263 μικρὰν
1341 2191 1530 2261 ἡδονὴν
1570 2190 1670 2260 τῆς
1710 2191 1782 2251 ὡς

202 2289 424 2359 ἀληθῶς
460 2287 722 2358 μεγίστης
757 2305 816 2340 τε
865 2287 958 2339 καὶ
998 2285 1172 2339 ἀϊδίου
1203 2284 1692 2339 ἀνταλλάττεσθαιο
1717 2278 1778 2336 οῦ

199 2382 262 2433 τί
298 2381 494 2450 γένοιτ’
526 2381 591 2434 ἀν
619 2379 975 2450 εὐηθέστερόν
999 2395 1058 2431 τε
1090 2378 1183 2431 καὶ
1209 2377 1598 2448 σχετλιώτερον
1618 2394 1632 2441 ;
1650 2376 1780 2430 Ἰδού

205 2492 294 2527 σοι
323 2475 466 2529 κατά
500 2475 699 2527 σκοπὸν
723 2473 818 2545 (ὡς
847 2471 991 2526 δοκῶ
1023 2470 1160 2541 μοι),
1197 2469 1295 2540 τὴν
1327 2469 1618 2534 ἀπόκρισιν
1649 2469 1783 2521 ἀπο-

202 2565 438 2631 δέδωκα,
472 2566 602 2636 περὶ
646 2557 720 2619 ὧν
745 2563 908 2628 αὐτὸς
943 2563 1247 2616 έπυνθάνου
1268 2577 1282 2592 ο
1321 2564 1369 2614 εἰ
1399 2561 1453 2614 δέ
1483 2579 1534 2614 τι
1562 2563 1654 2614 καὶ
1690 2564 1782 2614 ἐπὶ

201 2655 376 2708 πλέον
418 2656 640 2709 ἀκούειν
690 2656 920 2729 ἐθέλεις,
956 2655 1102 2726 εἰπὲ,
1137 2654 1233 2706 καὶ
1263 2653 1322 2705 ὲν
1367 2653 1550 2721 χεροῖν
1581 2652 1640 2705 τὸ
1683 2669 1782 2704 πο-

208 2748 499 2816 θούμενον.
540 2749 681 2818 Ἤδη
742 2747 851 2818 γάρ
910 2745 1143 2818 πάρειμί
1182 2762 1266 2799 σοι
1322 2743 1638 2814 πρόθυμος,
1672 2747 1782 2799 πᾶν

205 2843 350 2914 ὅπερ
379 2844 444 2899 ἂν
474 2845 788 2908 κελεύσειας
821 2843 897 2914 (l)
933 2842 1253 2896 ὲκτελέσων.

286 3115 376 3188 ιβ’.
419 3116 556 3172 Ἀλλ’
619 3115 757 3180 ἅλις,
807 3113 963 3183 ἔφην,
1016 3113 1292 3185 διεξῆλθες
1339 3113 1408 3167 τὰ
1440 3115 1543 3184 τῆς
1584 3114 1774 3184 Ἕδέμ’

1887 2035 1996 2090 Deo
2028 2037 2270 2089 omnium
2321 2051 2497 2088 rerum
2555 2037 2782 2090 Domino
2844 2037 3134 2105 accipient,
3194 2037 3284 2104 qui
3342 2037 3462 2105 ejus

1884 2136 2146 2196 praecepta
2175 2138 2317 2180 recte
2336 2128 2621 2183 servarint.
2646 2127 2716 2178 At
2737 2127 2881 2179 enim
2910 2142 3091 2180 rerum
3120 2128 3460 2182 terrestrium

1882 2233 2034 2271 error
2065 2218 2338 2287 plerisque
2369 2217 2679 2286 persuadet,
2716 2226 2774 2270 ttt
2802 2217 3100 2271 im-ﬂ‘ahiles
3156 2218 3279 2273 illas
3329 2219 3464 2271 deli-

1883 2308 1995 2363 cias
2025 2310 2362 2378 gloriamque
2414 2309 2712 2379 negligant,
2771 2310 3097 2380 brevemque
3127 2325 3191 2364 ac
3242 2326 3462 2378 parvam

1886 2401 2214 2468 voluptatem
2253 2417 2377 2455 vere
2400 2401 2636 2455 maxima
2665 2409 2719 2454 et
2753 2402 3085 2470 sempiterna
3119 2402 3214 2456 illa
3249 2403 3465 2456 chario-

1883 2507 1994 2546 rem
2024 2491 2296 2547 habeant:
2332 2507 2438 2560 quo
2468 2492 2596 2562 quid
2631 2492 2882 2546 stolidius
2933 2496 3069 2556 fieri,
3127 2495 3256 2561 quid
3301 2492 3468 2549 mise-

1883 2583 2109 2637 rabilius
2127 2584 2299 2652 possit
2320 2584 2343 2636 .’
2363 2583 2487 2638 Haec
2518 2584 2647 2637 mihi
2669 2583 2781 2638 fere
2806 2584 2859 2637 in
2890 2592 3127 2639 mentem
3153 2585 3466 2647 veniebant,

1882 2674 2083 2744 quibus
2115 2690 2417 2743 congruum
2447 2674 2529 2745 (ut
2561 2675 2776 2744 Opinor)
2813 2675 3075 2729 vol'uutati
3112 2686 3215 2730 tuae
3241 2692 3466 2746 τειρομ-

1881 2783 2000 2820 sum
2030 2766 2307 2820 redderem
2343 2767 2408 2821 de
2453 2769 2557 2822 illis
2591 2768 2773 2833 rebus,
2804 2767 2870 2822 de
2900 2766 3102 2836 quibus
3167 2770 3439 2837 interroga

1881 2857 1978 2912 bas
2003 2874 2017 2910 :
2041 2859 2184 2927 quod
2222 2859 2266 2913 si
2309 2859 2436 2926 quid
2468 2859 2707 2927 amplius
2763 2859 2956 2912 audire
2986 2859 3139 2922 velis,
3201 2861 3350 2914 dicas
3375 2875 3472 2928 per

1882 2965 1968 3003 me
1991 2949 2135 3014 licet,
2167 2961 2219 3003 et
2249 2951 2391 3019 quod
2441 2961 2596 3020 optas
2632 2952 2685 3004 in
2719 2966 2883 3004 mauu
2911 2950 3034 3004 erit.
3071 2950 3274 3004 Adsum
3324 2952 3469 3006 enim

1881 3041 1999 3102 tibi,
2029 3041 2245 3110 hospes,
2270 3042 2335 3095 ad
2368 3043 2731 3111 quodcunque
2756 3025 3466 3111 jusserisexsequendum.

1952 3134 2050 3186 12.
2084 3131 2228 3186 Satis
2267 3143 2326 3185 tu
2379 3134 2534 3197 mihi,
2565 3133 2812 3200 inqnam,
2851 3149 2972 3202 quae
3000 3133 3065 3188 ad
3121 3133 3266 3187 Eden
3296 3135 3470 3203 perti-

206 3210 362 3271 ὅπως
390 3207 436 3260 δ’
465 3207 694 3277 ἀμυνεϊς
727 3206 993 3272 γενναίως
1023 3208 1132 3268 τοῖς
1167 3207 1498 3277 εἰρημένοις,
1530 3208 1657 3277 περὶ
1704 3202 1779 3261 ὧν

1884 3233 2032 3288 nent,
2077 3221 2308 3276 dicendo
2362 3223 2712 3291 percurristi:
2745 3224 2838 3279 sed
2870 3225 2989 3278 vide
3013 3225 3110 3290 sis,
3156 3225 3375 3293 hospes,
3410 3235 3469 3280 ut

206 3301 280 3354 ἂν
302 3301 480 3370 ἔχοιμι
534 3300 629 3355 νῦν
678 3300 975 3369 προφέρειν
1000 3316 1015 3331 ·
1043 3300 1163 3352 οὐδὲ
1192 3302 1299 3369 γὰρ
1336 3300 1502 3353 πάντ’·
1539 3303 1782 3372 ἐλέγχειν

209 3391 554 3460 βουλήσομαι
610 3389 679 3442 τά
736 3388 1112 3457 προειρημένα
1165 3404 1287 3453 σοι,
1332 3391 1440 3441 οὐδ’
1489 3391 1673 3444 ἐκεῖνά
1720 3408 1784 3459 γε

207 3481 453 3543 πάντως,
488 3481 567 3533 ὃσ⁹
618 3469 948 3532 ἔχ’τούτων
1001 3495 1090 3548 μοι
1129 3479 1375 3532 δοκοῦσιν
1435 3483 1675 3552 ἀνίσχειν
1718 3485 1784 3536 τὰ

207 3572 543 3638 ἀτοπήματα
567 3585 580 3599 ’
611 3566 679 3636 ἦν
705 3570 810 3638 γὰρ
840 3569 926 3631 ἂν,
961 3571 1122 3621 ταυτὶ
1151 3568 1456 3639 βουληθεὶς,
1500 3573 1580 3633 είς
1611 3571 1784 3637 λόγων

206 3663 449 3728 πέλαγος
479 3661 734 3731 ἐμπεσών
758 3679 770 3691 ·
803 3660 944 3713 οὕτω
989 3678 1081 3729 μοι
1115 3662 1286 3715 πολλά
1313 3663 1584 3731 φαίνεται.
1615 3663 1782 3716 Ταυτὶ

211 3754 317 3821 μὲν
349 3753 443 3805 οῦν
476 3754 827 3823 σιωπήσομαι
850 3768 864 3780 '
911 3754 1245 3822 πειράσομαι
1272 3754 1326 3806 δέ
1365 3772 1446 3806 σοι
1480 3755 1674 3819 δεῖξαι,
1711 3755 1785 3818 ὡς

207 3839 420 3905 avoid;
458 3861 515 3897 τε
553 3838 620 3907 ὧ,
650 3843 883 3909 σαθροὺς
915 3845 1039 3905 τοὺς
1070 3843 1351 3912 Θεμελίους
1401 3846 1509 3896 τῶν
1562 3847 1788 3914 εἰρημέ-

208 3952 322 3988 νων
362 3951 441 3987 σοι
466 3951 480 3964 ·
509 3933 613 3987 κᾶν
646 3933 803 3987 τοῦτο
829 3936 1075 4004 γένηται,
1101 3935 1274 3997 οὐδείς
1306 3953 1386 3989 σοι
1433 3938 1650 4000 πάντως
1676 3941 1784 3992 τῶν

207 4025 419 4079 λοιπῶν
446 4027 597 4079 ἔσται
625 4027 803 4094 λόγος.
841 4026 974 4079 Οὐδὲ
998 4027 1104 4097 γάρ
1129 4026 1350 4097 μελήσει
1396 4046 1478 4082 σοι
1515 4030 1613 4097 τῆς
1639 4034 1784 4083 οἰκο-

206 4119 406 4186 δομῆς,
440 4118 932 4188 ἀνατετραμμένης
985 4120 1083 4186 τῆς
1143 4120 1479 4190 ὑποσάθρας.
1529 4122 1782 4193 Ἐφησθα

208 4211 415 4275 τοίνυν,
463 4211 537 4273 ὡς
586 4213 614 4263 ὁ
667 4210 900 4278 Χριστὸς
957 4211 1266 4265 καθεδεῖται
1318 4213 1539 4267 πάντων
1590 4217 1782 4287 κριτὴς

207 4302 558 4362 δικαιότατος
582 4300 716 4369 μετά
732 4300 831 4368 τὴν
847 4300 1052 4352 τούτων
1079 4301 1398 4360 ἀνάστασιν.
1427 4299 1558 4359 Εἶτα
1580 4305 1780 4373 λέγεις,

204 4391 378 4443 αὑτὸν
406 4388 863 4458 αίσχυνθήσεσθαι
911 4389 1006 4441 τὸν
1032 4389 1276 4460 Μωάμεθ
1320 4393 1781 4463 παραιτούμενον,

205 4485 286 4541 ὡς
343 4482 474 4535 ὄντα
532 4481 652 4533 λίαν
705 4481 878 4551 τούτῳ
929 4483 1337 4551 πεφιλημένον
1375 4486 1468 4537 καὶ
1511 4487 1608 4557 τὴν
1639 4488 1782 4556 ὑπὲρ

1887 3312 2032 3366 dicta
2061 3321 2149 3365 tua
2172 3311 2385 3366 fortiter
2411 3313 2669 3369 defendas
2698 3315 2964 3371 adversus
2996 3334 3058 3372 ea
3104 3318 3316 3384 saltem,
3346 3336 3468 3390 qua:

1889 3419 2031 3457 nunc
2061 3405 2154 3458 tibi
2189 3405 2388 3472 possim
2424 3404 2698 3471 ohjicere:
2735 3423 2837 3462 nec
2862 3410 3005 3462 enim
3063 3413 3244 3465 omnia
3278 3413 3375 3468 abs
3417 3423 3468 3468 te

1886 3493 2028 3548 dicta
2071 3495 2191 3549 volo
2229 3495 2573 3566 redarguere,
2596 3512 2697 3552 nec
2720 3501 2771 3551 in
2804 3498 3119 3554 universum
3147 3501 3236 3555 illa
3274 3505 3465 3556 subiu-

1887 3587 2053 3650 sulsa,
2084 3603 2205 3655 quae
2253 3591 2406 3657 sequi
2447 3588 2696 3643 videntur
2728 3605 2793 3643 ex
2826 3591 3106 3659 principiis
3147 3595 3255 3648 tuis
3289 3614 3302 3648 :
3340 3612 3466 3650 nam

1886 3677 1929 3729 si
1965 3678 2171 3743 vellem,
2207 3679 2258 3732 iu
2290 3679 2562 3749 quoddam
2587 3682 2742 3749 quasi
2776 3683 3064 3738 verborum
3127 3687 3346 3757 pelagus
3376 3690 3465 3742 in-

1887 3770 2121 3843 ciderem
2153 3788 2164 3822 :
2199 3769 2334 3825 adeo
2365 3773 2529 3824 multa
2558 3774 2690 3826 mihi
2729 3774 2996 3829 videntur.
3048 3776 3138 3832 Illa
3194 3780 3358 3850 igitur
3391 3783 3469 3837 si-

1887 3861 2051 3915 lentio
2079 3863 2518 3930 praetermittam:
2543 3863 2641 3916 tibl
2670 3879 2821 3928 vero,
2851 3875 3113 3933 quantum
3142 3869 3194 3923 in
3222 3887 3305 3924 me
3326 3873 3464 3937 erit,

1886 3954 2175 4007 ostendere
2241 3955 2499 4018 conabor,
2556 3970 2720 4024 quam
2777 3957 3015 4025 infirma,
3067 3962 3283 4031 hospes,
3333 3966 3467 4019 mihi

1886 4045 2178 4099 videantur
2206 4046 2471 4100 dictorum
2530 4056 2746 4100 tuorum
2811 4049 3193 4106 fundamenta:
3243 4054 3389 4120 quod
3421 4056 3470 4109 si

1886 4138 2084 4191 factum
2119 4137 2302 4202 fuerit,
2344 4147 2664 4193 caeterorum
2699 4141 2901 4194 nullam
2937 4143 3162 4197 omnino
3195 4145 3466 4201 rationem

1886 4231 2083 4284 haltere
2111 4230 2331 4298 poteris.
2360 4230 2492 4283 Nam
2525 4246 2711 4286 eversa
2735 4233 2872 4296 basi,
2917 4235 2981 4287 de
3001 4235 3247 4299 adiﬁcio,
3281 4239 3470 4304 credo,

1883 4339 1989 4376 non
2020 4323 2259 4376 curabis.
2289 4323 2476 4376 Dixisti
2509 4323 2694 4391 igitur,
2724 4323 3001 4380 Christum
3033 4340 3153 4395 post
3183 4329 3469 4384 hominum

1884 4416 2333 4467 resurrectionem
2373 4415 2732 4483 iustissimum
2766 4417 3006 4470 omnium
3072 4419 3306 4486 judicem
3349 4437 3472 4477 esse

1881 4519 2184 4560 sessurum.
2226 4505 2428 4559 Deinde
2460 4508 2596 4562 dicis
2625 4507 2763 4572 fore,
2804 4519 2862 4562 ut
2924 4509 3239 4577 Moamethi,
3303 4529 3470 4582 quem

202 4575 319 4625 τῶν
381 4572 592 4624 ἐκείνου
648 4571 908 4641 μαθητῶν
958 4589 1018 4624 τε
1064 4574 1160 4625 καὶ
1189 4575 1404 4627 όπαδῶν
1433 4576 1613 4645 ψῆφον
1648 4579 1782 4647 πρὸς

1890 4597 2088 4650 eximie
2127 4598 2323 4667 diligit,
2354 4613 2452 4666 pro
2485 4600 2799 4654 hominibus
2828 4601 3166 4670 deprecantis
3197 4571 3462 4658 rationem

203 4665 374 4733 χάριν
435 4662 608 4714 οίσειν
656 4660 988 4733 διισχυρίζῃ.
1015 4664 1088 4716 Τὸ
1128 4665 1184 4718 δὲ
1231 4667 1366 4735 πρὸς
1397 4667 1557 4738 χάριν
1615 4671 1674 4721 οὐ
1709 4672 1790 4723 δί-

204 4772 373 4807 καιον
397 4771 410 4784 ·
448 4754 538 4806 ὅτε
575 4753 670 4806 καὶ
716 4753 777 4806 τὸ
808 4754 1015 4808 δίκαιον
1062 4757 1160 4808 οὐκ
1218 4758 1283 4810 ἄν
1334 4776 1460 4810 ποτε
1487 4760 1573 4829 εἴη
1608 4762 1790 4829 χάρις.

1897 4685 2114 4749 habeat,
2134 4701 2366 4754 eumque
2393 4702 2421 4739 a
2468 4690 2636 4758 gratia
2659 4688 2853 4743 ﬂexum
2881 4692 2947 4744 de
2997 4692 3141 4745 illius
3187 4694 3472 4763 discipulis

1893 4777 2360 4845 sectatoribusque
2389 4778 2716 4832 sententiam
2768 4779 3002 4833 laturum
3033 4798 3154 4836 esse
3205 4784 3468 4840 aﬂirmas.

207 4846 381 4898 Ὅθεν
438 4843 685 4913 οὐδαμῶς
734 4846 1042 4913 ,σιδμσαὶνει
1074 4849 1140 4900 τά
1188 4848 1479 4919 εἰρημένα,
1513 4852 1650 4905 ἀλλὰ
1699 4869 1786 4918 καὶ

1896 4869 2006 4924 Hoc
2031 4880 2234 4932 autem.
2268 4888 2295 4924 a
2326 4875 2494 4940 gratia
2527 4873 2745 4940 ﬂcxrtm,
2772 4876 2978 4944 justum
3007 4892 3111 4930 non
3146 4890 3229 4932 est
3257 4896 3270 4932 :
3304 4884 3466 4948 quia,

200 4937 582 5007 διαφερόντως
611 4937 865 5008 ἀλλήλοις
894 4940 1240 5009 διαφέρεται.
1278 4942 1352 4993 Τὸ
1375 4943 1480 5012 γὰρ
1519 4943 1645 5011 ῐσην
1675 4944 1794 4997 δοῦ-

201 5048 298 5081 ναι
360 5031 521 5098 δίκην
570 5030 696 5092 τοὺς
741 5032 799 5082 έν
848 5031 1039 5101 τάφρῳ
1064 5049 1124 5084 τε
1151 5033 1242 5085 καὶ
1272 5034 1338 5103 τῇ
1366 5035 1555 5114 πίττῃ,
1592 5035 1666 5096 ὡς
1691 5036 1782 5088 ἶσα

200 5117 484 5187 δήπουθεν
517 5118 1049 5188 πεπλημμεληκότας
1071 5137 1086 5153 ⁸
1120 5117 1260 5187 εἶτα,
1319 5125 1443 5187 τοὺς
1477 5126 1575 5194 μὲν
1602 5127 1783 5180 αὐτῶν

200 5209 339 5278 ἄχρι
364 5208 458 5259 τοῦ
481 5209 681 5271 παντὸς
705 5210 863 5262 ἐᾶσαι
883 5211 1229 5276 κολάζεσθαι,
1250 5214 1324 5278 ὡς
1350 5215 1426 5285 μή
1461 5217 1785 5287 δυνηθέντας
1820 5248 1828 5255 -

200 5298 477 5351 λαϐέσθαι
507 5300 618 5351 τῶν
647 5301 741 5352 τοῦ
768 5302 1015 5370 Μωάμεο
1042 5305 1249 5374 τριχῶν
1277 5347 1291 5370 ,
1322 5311 1433 5370 τοῖς
1464 5310 1519 5361 δὲ
1561 5313 1783 5380 τυχοῦσι

197 5391 441 5450 τούτων,
486 5391 582 5440 καὶ
638 5391 944 5455 ἀνελθοῦσι,
981 5395 1074 5446 καὶ
1113 5397 1276 5448 αὑτὸν
1316 5397 1383 5468 δὴ
1405 5401 1495 5452 τὸν
1525 5404 1786 5470 παράδει-

203 5498 305 5532 σον
357 5479 540 5532 δοῦναι
586 5481 993 5553 κληρονομῆσαι
1034 5487 1111 5557 (ὃς
1140 5491 1249 5552 τοῖς
1277 5491 1562 5559 ἀριστεῦσι
1605 5496 1784 5562 μόνοις

200 5570 378 5625 ἆθλόν
404 5589 465 5623 τε
504 5576 596 5625 καὶ
649 5574 820 5644 γέρας
851 5576 1209 5647 ἀφώρισται),
1244 5582 1346 5633 ποῦ
1376 5582 1439 5651 δὴ
1477 5584 1628 5636 ταῦτ’
1665 5588 1782 5639 ἐστὶ

199 5668 274 5715 τὰ
301 5663 488 5715 δίκαια
527 5665 794 5734 τιμῶντος
836 5668 1063 5736 ἀνδρός;
1101 5674 1264 5740 μήτοι
1294 5689 1356 5738 γε
1387 5674 1573 5741 κριτοῦ
1608 5677 1780 5728 τοιού.

197 5775 324 5822 του,
355 5758 451 5808 καὶ
489 5757 667 5827 ψυχῆς
699 5775 756 5810 τε
796 5760 886 5811 καὶ
920 5761 1085 5830 πνοῆς
1112 5764 1204 5816 καὶ
1235 5765 1407 5833 Λόγου
1439 5767 1596 5833 Θεοῦ,
1623 5768 1780 5824 τοῦτο

278 5873 358 5938 tl)
389 5872 522 5927 Cod.
559 5874 724 5928 Cuisl.
758 5877 1024 5931 κελεύσει.

1897 4963 2039 5030 quod
2065 4963 2267 5030 justum
2292 4976 2394 5030 est,
2420 4966 2589 5035 gratia
2616 4981 2737 5021 esse
2786 4969 2994 5036 nequit.
3025 4967 3177 5023 Unde
3206 4987 3326 5039 qua!
3377 4974 3464 5024 di-

1895 5053 2020 5106 xisti
2045 5069 2386 5123 nequaquam
2447 5066 2776 5124 congruunt,
2801 5059 2892 5111 sed
2921 5060 3266 5114 vehementer
3298 5064 3467 5116 etiam

1890 5143 2030 5198 inter
2051 5160 2109 5197 se
2132 5157 2389 5216 pugnant.
2419 5146 2552 5200 Nam
2579 5149 2813 5216 primum
2847 5151 2989 5217 quod
3032 5151 3094 5215 ii,
3123 5154 3211 5220 qui
3240 5154 3289 5205 in
3321 5154 3468 5208 fossa

1889 5243 1942 5288 et
1967 5236 2083 5304 pice
2103 5237 2430 5300 detinentur.
2454 5242 2686 5309 aequales
2708 5255 2896 5309 pmnas
2917 5246 3249 5310 persolvunt,
3277 5256 3468 5315 utpote

1889 5329 1982 5395 qui
2004 5330 2285 5398 aequaliter
2305 5333 2688 5398 peccaverint:
2723 5343 2858 5395 tum,
2884 5349 3071 5386 eorum
3106 5339 3369 5402 quosdam
3393 5340 3457 5388 ad

1889 5431 2150 5473 a'ternum
2177 5423 2498 5490 supplicium
2526 5425 2831 5484 detrudere.
2856 5426 2997 5493 quod
3015 5427 3308 5479 Moauzethi
3368 5444 3459 5481 ca-

1890 5512 2048 5578 pillos
2090 5513 2420 5580 prehendere
2461 5531 2569 5568 non
2609 5517 2885 5585 potuerint
2931 5535 2944 5571 :
2985 5519 3199 5582 deinde,
3224 5520 3461 5586 caeteris,

1888 5599 1984 5666 qui
2016 5614 2109 5652 eos
2135 5603 2522 5669 prehenderiut
2543 5612 2598 5657 et
2623 5605 2998 5670 ascenderint,
3027 5606 3354 5660 hmrcditatis
3381 5609 3456 5659 Iu-

1889 5701 1952 5738 co
1976 5689 2283 5755 paradisum
2305 5692 2434 5744 dare
2456 5691 2962 5761 (quiprazstantibus
2994 5706 3201 5748 tantum
3237 5695 3366 5749 viris
3399 5706 3459 5749 ut

1894 5778 2170 5843 praemium
2203 5789 2255 5835 et
2283 5795 2482 5837 corona
2512 5795 2816 5849 reservatus
2839 5786 2977 5855 est):
3007 5795 3203 5842 suntne
3225 5787 3338 5842 haec
3360 5786 3462 5841 viri
