4208 6444
692 504 797 565 1‘63

1906 483 2314 550 MANUELIS
2352 482 2801 544 PAIJZOLOGI

3845 474 3956 538 164

679 622 771 689 jus
802 628 856 673 ct
887 633 1103 688 aequum
1128 614 1492 670 :estimantis?
1520 611 1717 667 nedum
1746 609 2059 679 bujusmodi
2081 604 2281 675 judicis

2474 602 2535 652 το
2566 600 2673 669 πρὸ
2706 598 2904 669 μικροῦ
2930 600 3017 667 ὑφ’
3048 598 3202 669 ὑμῶν
3225 596 3518 669 εἰρημένον
3542 638 3557 662 ,
3582 593 3697 648 Καὶ
3721 594 3830 663 μὴν
3859 600 3907 645 εί
3931 594 3959 645 6

684 716 780 781 qui
803 714 963 782 paulo
982 720 1108 764 ante
1136 711 1228 763 Dei
1252 709 1457 771 anima,
1475 706 1701 775 spiritus
1721 714 1773 757 et
1798 701 2034 755 Verbum
2062 716 2090 751 a
2114 698 2270 751 vobis

688 802 1115 857 nominabatur?
1145 802 1308 869 Atqui
1366 802 1412 853 si
1460 797 1802 852 Moamethus
1831 803 2091 861 cognatos
2143 803 2272 844 suos

687 895 867 961 potius
894 909 1057 962 quam
1084 890 1380 959 diseipulus
1402 891 1560 943 malis
1585 888 1793 956 eripere
1816 883 2103 944 voluisset,
2122 888 2275 935 certe

690 989 741 1040 in
761 987 978 1040 mternis
1018 985 1303 1054 suppliciis
1350 982 1600 1052 discipuli
1650 981 2046 1034 remansissent
2093 989 2276 1030 :nunc

688 1095 838 1143 vero,
866 1081 1188 1149 prepinquis
1211 1079 1479 1137 dimissis,
1513 1091 1635 1128 cum
1664 1075 1758 1144 qui
1788 1073 1976 1126 eadem
2008 1069 2277 1139 religione

688 1184 947 1227 essentex
979 1174 1317 1227 tenebricosa
1349 1170 1439 1223 illa
1468 1170 1686 1222 llaunna
1736 1165 1969 1220 voluerit
2019 1163 2274 1228 educere,

690 1278 759 1316 ne
786 1266 884 1317 huc
908 1263 1125 1331 quidem
1158 1261 1405 1331 perfecit.

762 1358 849 1413 15.
880 1355 1011 1407 Nam
1055 1356 1239 1409 habito
1268 1356 1488 1424 quidem
1525 1352 1590 1406 ad
1622 1352 1887 1420 quosdam
1929 1356 2179 1415 respectu
2212 1361 2277 1400 ex

690 1447 856 1500 animi
894 1446 1160 1501 sententia
1199 1462 1309 1499 rem
1335 1444 1572 1499 confecit
1598 1460 1610 1494 :
1636 1441 1815 1495 cancri
1848 1450 2028 1493 autem
2059 1440 2110 1490 in
2152 1454 2271 1507 gur-

692 1559 721 1605 ιζ
750 1551 797 1593 te
838 1540 1081 1592 derelicti
1109 1547 1254 1597 sunt.
1285 1538 1498 1590 etiamsi
1541 1549 1733 1587 omnes
1770 1534 1859 1586 ille
1890 1547 1956 1585 ex
2011 1530 2158 1585 fossa
2188 1545 2283 1583 ex-

695 1633 911 1685 trahere
945 1630 1201 1683 voluerit.
1235 1628 1340 1682 Sed
1368 1628 1474 1691 fac,
1502 1627 1804 1681 secundum
1862 1625 2203 1694 propositum
2229 1632 2283 1675 et

695 1730 1030 1775 miuntatem
1075 1719 1368 1773 Moantetbi
1398 1721 1501 1773 boc
1524 1718 1789 1772 accidisse
1820 1730 2102 1785 ,quOnam,
2122 1716 2283 1768 obse-

697 1832 819 1878 cro,
842 1814 1217 1884 justojudicio
1237 1812 1351 1865 ﬁt‘l‘i
1413 1811 1587 1880 putuit
1616 1812 1637 1862 ?
1666 1807 1867 1863 Omnes
1896 1810 2037 1861 enim
2093 1807 2281 1860 eadem

698 1907 962 1973 religione
1023 1914 1201 1966 erant,
1242 1902 1575 1969 nimiamque
1628 1900 1864 1968 aliquam
1924 1907 2277 1966 peccatorum

704 1995 1107 2051 inultitudinem
1158 1993 1425 2047 ferebant.
1451 1989 1688 2043 Proinde
1721 1990 1805 2043 vel
1830 2003 2016 2041 omnes
2059 1996 2281 2055 pr0pter

712 2091 869 2141 fidem
903 2085 1136 2139 liberare
1162 2082 1466 2151 oportebat,
1502 2079 1583 2131 vel
1614 2092 1806 2131 omnes
1865 2089 2037 2145 plena:
2067 2073 2283 2126 tradere

704 2190 925 2251 propter
985 2183 1333 2245 peccatorum
1404 2170 1856 2240 ntagniludiuettt.
1914 2166 2068 2221 Nunc
2128 2181 2281 2229 vero,

700 2272 830 2341 quia
884 2264 1210 2321 criminibus
1266 2261 1541 2316 similibus
1581 2261 1885 2313 obstrictos
1943 2273 2049 2311 non
2094 2256 2283 2310 eodem

706 2365 866 2417 muth
892 2364 1391 2417 remuncrat,certe
1420 2363 1514 2405 aut
1539 2352 1625 2405 his
1660 2350 2015 2421 gratiﬁcatur,
2046 2358 2139 2402 aut
2164 2350 2286 2403 illos

704 2453 901 2521 injuria
923 2448 1107 2508 allicit,
1132 2455 1225 2498 aut
1247 2445 1416 2514 (quod
1443 2443 1659 2498 tertium
1687 2441 1957 2512 superem)
1981 2456 2089 2494 non
2115 2440 2289 2509 potuit

706 2563 738 2614 p
776 2546 965 2597 rlicere
992 2540 1043 2594 id
1063 2539 1208 2607 quod
1236 2537 1481 2590 volebat:
1502 2550 1815 2604 quanquam
1843 2535 1943 2587 bac
1966 2548 2181 2603 quoque
2205 2534 2289 2585 via

708 2649 901 2688 omnes
947 2647 976 2684 c
1009 2630 1168 2684 malis
1199 2626 1413 2682 liberari
1452 2641 1677 2680 necesse
1735 2637 1869 2679 erat.
1906 2623 2109 2691 Nempe
2142 2623 2286 2688 Alin,

723 2723 1131 2792 utpropbctam
1157 2730 1212 2772 et
1236 2718 1328 2771 Dei
1371 2718 1635 2780 amicum,
1693 2717 1963 2785 plurimos
2018 2714 2290 2785 supplicio

714 2816 923 2884 eripere
946 2817 1223 2879 beataeque
1250 2811 1371 2863 vitae
1420 2810 1722 2879 participes
1781 2808 1990 2863 edicere
2042 2808 2290 2871 decebat,

722 2908 974 2971 idemque
998 2901 1176 2955 facere
1201 2898 1452 2960 Fatmeu,
1499 2899 1576 2951 tui
1623 2898 1899 2966 prephetae
1937 2895 2123 2959 tiliam,
2170 2910 2293 2965 quae

722 2996 1063 3062 lUUIIOSipsa
1092 2990 1307 3059 σου]υεί
1342 3003 1445 3042 suo
1468 2987 1552 3041 Ali
1605 2988 1898 3056 prepbetas
1940 2988 2168 3056 peperit.
2216 2988 2293 3039 ita

713 3086 1085 3156 unusquisque
1102 3098 1289 3136 eorum
1324 3088 1587 3151 quantum
1610 3079 1679 3133 ab
1697 3078 1879 3148 judice
1896 3078 2158 3146 diligitur,
2178 3086 2295 3131 tan-

721 3192 833 3234 tum
869 3178 1067 3248 poterit
1096 3174 1239 3243 apud
1269 3175 1445 3241 ipsum
1472 3190 1486 3225 :
1512 3172 1648 3224 adeo
1677 3180 1735 3224 ut
1757 3171 1901 3224 alius
1925 3168 2145 3238 quidem
2171 3171 2291 3239 plu-

716 3290 824 3335 res.
855 3273 990 3325 alius
1027 3270 1334 3338 pauciores,
1369 3264 1597 3333 quilibet
1620 3273 1801 3317 tamen
1850 3279 1881 3317 a
1910 3263 2020 3317 Deo
2064 3260 2294 3316 dilectus

715 3370 927 3437 aliquos
957 3362 1260 3419 esoutibus
1309 3359 1545 3411 liberare
1600 3357 1794 3425 possit,
1844 3364 1999 3409 tanto
2062 3355 2296 3423 quisque

715 3456 955 3532 (opiner)
989 3468 1241 3516 numero,
1266 3461 1531 3519 quantum
1578 3448 1809 3502 dilectus
1839 3456 1940 3501 est.
1970 3445 2081 3501 Hoc
2113 3447 2297 3516 sequi-

716 3563 807 3607 tur
828 3566 892 3605 ex
922 3549 988 3602 iis
1006 3561 1126 3615 qua:
1150 3543 1356 3597 dixisti.
1384 3541 1519 3595 Nam
1538 3540 1582 3593 si
1601 3549 1724 3593 tuus
1749 3541 2013 3608 propheta
2037 3555 2124 3602 eo,
2151 3537 2298 3607 quod

717 3662 749 3700 a
782 3646 891 3698 Deo
922 3639 1072 3693 valde
1096 3637 1359 3708 diligitur,
1383 3634 1659 3687 infinitum
1688 3645 1876 3683 eorum
1921 3630 2012 3699 qui
2058 3630 2299 3699 puniun-

720 3749 809 3793 tur
829 3745 1116 3787 numerum
1151 3727 1413 3789 servabit,
1439 3724 1620 3778 caeteri
1645 3738 1862 3791 quoque
1889 3723 2166 3792 prophetae
2185 3738 2309 3776 oni-

719 3844 821 3885 nes
847 3828 986 3881 idem
1023 3823 1201 3877 facere
1256 3828 1520 3889 possunt;
1556 3816 1739 3869 nullus
1772 3815 1918 3868 enim
1964 3831 2156 3869 eorum
2205 3825 2311 3883 est,

719 3936 882 3994 quem
909 3935 1020 3974 non
1043 3911 1347 3986 ipsejudici
1377 3912 1624 3966 omnium
1650 3909 1933 3963 hominum
1961 3910 2199 3963 amicum
2220 3924 2311 3965 es-

720 4031 779 4071 se
810 4012 1066 4066 afﬁrmes.

793 4107 862 4159 Η
898 4142 911 4157 .
947 4104 1133 4173 Igitur,
1167 4099 1211 4153 si
1241 4110 1366 4151 vera
1405 4095 1501 4148 tibi
1541 4094 1800 4163 iustaque
1859 4092 2043 4148 dicere
2096 4093 2304 4163 videor,

722 4217 845 4264 nec,
879 4206 937 4251 ut
970 4204 1112 4250 certe
1137 4191 1271 4255 scio,
1315 4190 1453 4243 meis
1491 4188 1653 4242 dictis
1695 4185 1961 4240 infensius
1995 4186 2308 4244 adversaris

726 4300 858 4363 (non
898 4290 1042 4345 enim
1075 4301 1287 4341 mecum
1326 4291 1521 4352 praeter
1557 4295 1667 4333 rem
1718 4280 2047 4333 contendere
2105 4282 2256 4336 voles
2290 4297 2304 4334 :

727 4385 780 4438 id
810 4399 875 4435 ex
910 4380 1092 4433 multis
1125 4377 1231 4430 tuis
1267 4385 1317 4429 et
1338 4372 1615 4442 praeclaris
1670 4371 1967 4424 virtutibus
2004 4372 2306 4441 coniicio):

725 4475 854 4545 quid
887 4473 1063 4526 facere
1093 4485 1200 4522 non
1239 4473 1429 4535 posset
1462 4462 1675 4515 inﬁnita
1723 4460 1812 4513 illa
1840 4470 2150 4514 vestrorum
2182 4478 2308 4529 pro—

728 4570 1015 4637 phetarum
1046 4560 1362 4620 multitudo,
1396 4572 1493 4625 pro
1520 4556 1585 4609 iis
1619 4555 1710 4622 qui
1748 4554 2047 4621 puniuntur
2077 4554 2311 4608 amicum

2374 693 2621 760 Μωάμεο
2673 693 2851 744 είλετο
2913 693 3043 754 τοὺς
3104 695 3388 760 συγγενεῖς
3444 690 3479 760 ἢ
3530 688 3658 750 τοὺς
3692 683 3959 754 φοιτητὰς

2375 786 2544 839 αὑτοῦ
2577 786 2685 838 τῶν
2707 786 2894 840 δεινῶν
2926 786 3231 850 ἐξελέσθαι,
3260 784 3487 853 ἔμειναν
3524 782 3591 835 ἂν
3621 782 3672 833 σί
3702 776 3959 846 φοιτηταί

2374 876 2660 945 ἀπέραντα
2689 876 3083 945 κολαζόμενοι·
3117 875 3212 929 νῦν
3253 875 3333 939 δέ,
3368 873 3586 943 χαίρειν
3632 870 3800 928 ἐάσας
3832 866 3961 926 τοὺς

2376 968 2526 1037 αύτῷ
2575 969 2993 1038 προσήκοντας,
3021 969 3147 1030 τοὺς
3187 967 3245 1022 δὲ
3291 966 3392 1035 τῆς
3438 962 3612 1030 αὐτῆς
3661 958 3963 1029 θρησκείας

2378 1060 2528 1129 αὐτῷ
2558 1062 2658 1130 τῆς
2684 1061 2969 1129 σκοτεινῆς
2997 1059 3196 1127 φλογὸς
3222 1058 3439 1127 ἐκείνης
3470 1054 3734 1122 ἐθελήσας
3766 1052 3964 1116 ἐξαγα-

2377 1158 2518 1222 γεῖν,
2550 1154 2675 1208 οὐδὲ
2701 1152 2835 1223 γοῦν
2854 1152 3017 1207 τοῦτο
3044 1151 3413 1221 κατέπραξεν.

2450 1338 2543 1408 ιγ’.
2578 1338 2725 1407 Πρὸς
2776 1339 2875 1407 μὲν
2927 1336 3036 1407 γὰρ
3085 1336 3212 1399 τοὺς
3256 1334 3418 1399 ἐξέϐη
3480 1335 3661 1401 τούτῳ
3691 1330 3755 1384 τὺ
3792 1327 3969 1397 πέρας

2382 1439 2523 1489 κατά
2554 1434 2651 1503 τὴν
2685 1432 2947 1502 πρόθεσιν
2974 1446 2989 1461 ’
3026 1432 3075 1483 οί
3100 1430 3145 1482 δ’
3174 1426 3652 1494 ἐναπελείφθησαν
3693 1424 3777 1493 τῷ
3803 1421 3972 1493 βαρά-

2383 1530 2497 1597 θρῳ
2520 1567 2536 1590 ,
2575 1528 2767 1579 τούτου
2800 1526 3010 1585 πάντας
3038 1520 3395 1591 βουληθέντος
3428 1516 3711 1582 ἐξελέσθαι
3744 1515 3844 1582 τῆς
3877 1513 3975 1567 τά·

2384 1635 2544 1687 φρου.
2579 1618 2639 1669 El
2673 1617 2729 1667 δέ
2760 1614 2898 1667 κατὰ
2925 1612 3154 1680 γνώμην
3181 1609 3375 1663 τούτου
3411 1609 3604 1676 γέγονε.
3634 1604 3838 1667 ταῦτα,
3866 1602 3975 1655 τίνι

2384 1711 2569 1780 δικαίᾳ
2626 1710 2821 1778 γέγονε
2880 1706 3092 1775 ψήφῳς
3143 1704 3352 1763 Πάντες
3394 1701 3504 1770 γὰρ
3539 1698 3636 1750 καὶ
3657 1698 3759 1767 τῆς
3797 1693 3975 1760 αὐτῆς

2386 1803 2684 1875 θρησκείας
2718 1802 2873 1863 ὄντες
2902 1798 3225 1866 ἐτύγχανον,
3251 1796 3347 1849 καὶ
3377 1794 3438 1846 οὺ
3477 1790 3715 1863 φορητόν
3745 1804 3801 1840 τι
3835 1783 3979 1853 πλῆ-

2388 1898 2477 1959 θος
2505 1895 2795 1965 ἁμαρτιῶν
2841 1894 3119 1966 φέροντες.
3157 1888 3226 1942 Ἦ
3261 1888 3394 1955 γοῦν
3424 1886 3550 1947 τοὺς
3594 1883 3811 1941 πάντας
3855 1879 3979 1929 ἁνε-

2385 1988 2576 2042 λὲσθαι
2606 1987 2771 2055 ἐχρῆν
2805 1986 2894 2037 διά
2918 1985 3020 2052 τὴν
3068 1979 3331 2048 πίστιν,ἢ
3362 1977 3490 2039 τοὺς
3520 1976 3771 2035 ἅπαντας
3815 1970 3976 2022 ἐᾶσαι

2386 2079 2712 2143 κολάζεσθαι
2771 2076 2861 2129 διὰ
2908 2075 2970 2127 τὸ
2997 2073 3106 2127 τῶν
3136 2070 3426 2141 ἁμαρτιῶν
3471 2068 3724 2138 μέγεθος.
3761 2063 3877 2116 Νῦν
3919 2060 3976 2112 δὲ

2386 2177 2497 2236 τοῖς
2535 2174 2671 2232 ἴσοις
2700 2168 3056 2236 ἐνεχομένους
3086 2165 3147 2217 οὐ
3171 2166 3285 2225 τοῖς
3303 2163 3487 2223 αὐτοῖς
3511 2157 3906 2228 ἀμειϐόμενος,
3940 2152 3975 2221 ἢ

2384 2262 2623 2318 τουτοισὶ
2654 2262 3040 2331 χαριζόμενος,
3065 2257 3099 2326 ἢ
3129 2256 3375 2316 ἐκείνους
3406 2253 3610 2307 ἀδικῶν
3635 2247 3919 2318 φαίνεται,
3942 2242 3977 2312 ἢ

2389 2358 2471 2424 (τό
2508 2372 2573 2422 γε
2604 2350 2807 2421 τρίτον)
2847 2351 2923 2420 μὴ
2954 2348 3230 2418 δυνηθεὶς,
3252 2346 3390 2415 ὅπερ
3429 2343 3709 2404 ἐϐούλετο,
3744 2337 3977 2408 πρᾶξαι.

2388 2448 2584 2503 Καίτοι
2613 2464 2675 2513 γε
2705 2446 2800 2496 καὶ
2830 2442 2960 2513 τῇδε
3002 2441 3215 2500 πάντας
3266 2437 3437 2507 ἐχρῆν
3472 2436 3581 2489 τῶν
3604 2432 3797 2488 κακῶν
3824 2430 3981 2483 ἐλευ-

2390 2539 2725 2609 θερωθῆναι.
2754 2537 2859 2587 Τὸν
2889 2535 2997 2603 γάρ
3040 2532 3224 2602 ’Δλῆν,
3273 2530 3566 2599 προφήτην
3593 2543 3654 2579 τε
3693 2525 3789 2578 καὶ
3821 2522 3979 2591 φίλον

2389 2632 2520 2685 ὅντα
2554 2629 2716 2692 Θεοῦ,
2770 2626 3061 2687 πλείστους
3111 2624 3223 2677 τῶν
3271 2623 3465 2677 δεινῶν
3519 2614 3979 2697 ἀφαρπάσαιλί)

2392 2725 2489 2775 καὶ
2532 2722 2633 2785 τῆς
2682 2718 2958 2789 μακαρίας
2991 2714 3163 2781 δεῖξαι
3198 2716 3457 2784 μετόχους
3492 2710 3662 2781 ζωῆς,
3711 2711 3807 2761 καὶ
3843 2704 3985 2775 πρός

2390 2832 2455 2883 γε
2489 2814 2568 2866 ἔτι
2608 2812 2709 2881 τὴν
2753 2809 3049 2877 Φατουμᾶν
3084 2806 3163 2877 (2)
3189 2804 3353 2859 τοῦτο
3396 2805 3599 2873 δρᾶσαι
3624 2844 3637 2864 ,
3693 2797 3983 2866 θυγατέρα

2396 2905 2495 2973 μὲν
2523 2902 2693 2955 οὖσαν
2723 2900 2817 2952 τοῦ
2851 2899 2947 2952 σοῦ
2969 2899 3281 2968 προφήτου,
3304 2894 3537 2955 πολλοὺς
3562 2894 3620 2946 δὲ
3651 2892 3820 2945 πάλιν
3852 2906 3987 2961 προ-

2395 2998 2569 3067 φήτας
2601 2992 2853 3062 φύσασαν
2882 2992 2946 3043 ἐκ
2988 2989 3083 3042 τοῦ
3118 2987 3357 3055 συζύγου
3392 2985 3600 3055 ταύτης
3622 2984 3780 3052 ’Δλῆ,
3808 2982 3986 3034 Ἕκα.-

2396 3102 2520 3147 στος
2567 3085 2674 3154 γὰρ
2705 3080 2831 3136 καθ’
2865 3082 2989 3133 ὅσον
3013 3078 3337 3149 φιλούμενός
3370 3078 3490 3131 ἐστι
3519 3078 3597 3147 τῷ
3623 3077 3816 3144 κριτῇ,
3844 3072 3990 3127 κατὰ

2396 3176 2650 3231 τοσοῦτον
2675 3175 2968 3243 δυνήσεται
3005 3172 3134 3241 παρ’
3168 3170 3317 3240 αὐτῷ
3342 3186 3357 3202 ο
3394 3169 3526 3223 ὥσθ’
3552 3171 3583 3222 6
3611 3169 3711 3237 μὲν
3734 3168 3985 3230 πλείους,

2321 3300 2365 3357 c
2397 3270 2425 3321 6
2470 3268 2526 3321 δὲ
2580 3268 2858 3328 ἐλάττους,
2895 3267 3005 3326 πᾶς
3051 3280 3134 3325 τις
3164 3262 3221 3316 δέ
3254 3262 3407 3332 ὅμως
3443 3261 3741 3327 δυνήσεται
3769 3258 3883 3312 τῶν
3914 3257 3991 3327 τῷ

2402 3360 2522 3429 Θεῷ
2550 3358 2892 3428 φιλουμένων
2918 3356 3073 3415 τινὰς
3114 3356 3224 3409 τῶν
3270 3354 3547 3408 ὑποδίκων
3587 3351 3988 3423 ἐλευθερῶσαι,

2405 3454 2504 3509 καὶ
2532 3452 2822 3513 τοσούτους
2842 3450 3077 3511 ἕκαστος
3099 3446 3253 3520 (οίμα
3263 3447 3325 3519 ι),
3350 3448 3583 3502 καθόσον
3604 3448 3723 3501 ἐστὶ
3742 3447 3990 3516 φιλητός.

2406 3548 2580 3603 Τοῦτο
2616 3547 2672 3599 δέ
2702 3545 2811 3599 ἀπὸ
2832 3543 2929 3598 τοῦ
2965 3543 3059 3596 σοῦ
3093 3542 3533 3613 συμπεραίνεται
3562 3541 3751 3609 λόγου.
3778 3541 3845 3593 Et
3885 3540 3995 3610 γὰρ

2410 3642 2489 3711 τῷ
2543 3639 2820 3709 φιλεῖσθαι
2865 3636 3128 3699 ἐπιεικῶς
3186 3632 3420 3704 ἀριθμὸν
3477 3633 3764 3703 ἀμύθητον
3826 3631 3995 3684 σώσει
4059 3682 4063 3690 ,

2415 3730 2805 3800 κολαζομένων
2841 3729 2869 3782 6
2902 3727 2994 3790 σδς
3030 3726 3345 3795 προφήτης,
3376 3723 3573 3776 ταυτὸν
3620 3721 3689 3774 ἂν
3730 3719 3997 3789 δράσαιεν

2413 3826 2503 3878 καὶ
2534 3824 2583 3877 οί
2616 3823 2767 3885 ἄλλοι
2803 3821 3008 3881 πάντες
3036 3818 3318 3887 προφῆται
3338 3830 3353 3845 ⁶
3388 3813 3563 3873 οὐδεὶς
3588 3812 3700 3882 γάρ
3722 3810 3998 3883 δήπουθεν

2411 3914 2640 3979 τούτων,
2665 3914 2723 3966 ὃν
2750 3915 2853 3967 οὐκ
2879 3911 2946 3965 ἂν
2976 3910 3138 3972 αὐτὸς
3169 3909 3373 3977 φήσαις
3404 3905 3559 3975 φίλον
3591 3900 3738 3957 εἶναι
3771 3902 3853 3973 τῷ
3882 3917 3998 3971 κρι-

2409 4012 2480 4081 τῇ
2533 4008 2642 4060 τῶν
2682 4008 2899 4059 πάντων
2935 4000 3264 4072 ἀνθρώπων.

2487 4102 2572 4156 ιδ’.
2638 4100 2702 4153 El
2754 4096 2932 4151 τοίνυν
2989 4110 3073 4146 σοι
3122 4089 3389 4161 δοκοῦμεν
3443 4089 3621 4159 άληθῆ
3673 4090 3771 4143 καὶ
3811 4089 4002 4142 δίκαια

2413 4193 2616 4260 λέγειν,
2656 4189 2751 4241 καὶ
2783 4187 2883 4238 οὐκ
2915 4182 3259 4242 ἀντιτείνεις,
3290 4179 3352 4232 εὖ
3378 4176 3495 4233 οἶδα
3524 4180 3670 4249 (ούδέ
3700 4179 3815 4248 γάρ
3845 4180 4004 4232 ἀκαι.

2416 4301 2526 4355 ρως
2574 4280 2846 4350 καταδέξῃ
2917 4275 3283 4345 φιλονεικεῖν·
3360 4272 3581 4333 πολλοῖς
3660 4276 3780 4334 σοῖς
3843 4272 4002 4324 τοῦτο

2413 4369 2809 4443 τεκμαίρομαι)
2837 4384 2851 4400 ’
2878 4367 2930 4420 τί
2962 4367 3064 4420 οὐκ
3095 4365 3161 4419 ἂν
3197 4366 3478 4434 ίσχύσαιεν
3537 4362 3749 4433 πρᾶξαι
3785 4365 3843 4417 αί
3890 4362 3999 4415 τῶν

2419 4464 2705 4535 ὑμετέρων
2736 4458 3028 4530 προφητῶν
3060 4458 3318 4526 μυριάδες
3344 4457 3447 4524 (3),
3475 4454 3617 4525 ὑπὲρ
3644 4455 3756 4509 τῶν
3777 4456 4005 4518 κολαζο-

2425 4557 2603 4623 μένων
2644 4554 2737 4606 τὸν
2788 4551 2943 4619 φίλον
3005 4551 3202 4621 κριτήν
3260 4549 3739 4618 παραιτούμενοι;
3783 4550 3845 4601 οὐ
3902 4549 4009 4617 μὴν

722 4662 961 4729 judicem
1028 4650 1378 4723 deprecans?
1422 4648 1553 4718 quid
1616 4664 1741 4709 non,
1804 4644 2118 4713 quicunque
2170 4645 2297 4698 autin

2420 4618 2559 4701 άλλά
2610 4647 2706 4699 καὶ
2748 4618 2951 4704 πάντες
2989 4618 3126 4693 οἲνὲν
3150 4640 3230 4709 τῷ
3258 4639 3406 4707 νόμῳ
3440 4638 3813 4709 σωθήσονται,
3848 4640 4009 4709 εἴπερ

729 4769 835 4823 qua
870 4751 988 4817 lege
1026 4746 1412 4798 servabuntur.
1468 4738 1512 4792 si
1550 4754 1675 4790 vera
1714 4744 1818 4799 est,
1878 4750 1972 4787 nec
2002 4735 2312 4800 subinanis,

730 4858 821 4899 tua
850 4837 1075 4910 Opinio?
1117 4836 1284 4895 Cedo,
1313 4844 1521 4899 quaeso,
1577 4829 1668 4882 ubi
1736 4827 2027 4881 collocabis
2074 4825 2313 4895 Moysen,

732 4943 944 4988 tantum
999 4925 1218 4981 virum?
1268 4922 1358 4975 ubi
1412 4918 1581 4973 David
1641 4916 1859 4987 regem?
1904 4917 1995 4969 ubi
2040 4932 2162 4969 cum
2224 4917 2317 4970 illo

734 5028 998 5092 reliquam
1036 5032 1250 5072 omnem
1282 5015 1479 5069 seriem
1504 5009 1747 5078 generis,
1780 5025 1844 5062 ex
1871 5024 1977 5075 qua
2009 5009 2309 5061 secundum

734 5132 953 5174 carnem
988 5112 1241 5166 Christus
1293 5114 1374 5158 est
1407 5102 1603 5156 natus?
1630 5100 1769 5154 Num
1807 5100 1957 5153 solus
1987 5098 2325 5154 Moann-tlius

735 5215 923 5267 dolore
959 5209 1165 5260 fractus
1206 5218 1304 5271 pro
1358 5201 1424 5253 iis
1481 5198 1572 5266 qui
1619 5196 1921 5266 puniuntur
1984 5196 2326 5249 intercedet?

740 5310 789 5359 bi
832 5318 958 5355 vero
991 5298 1184 5366 Iapidei
1221 5291 1634 5365 quodammodo
1689 5299 1872 5349 erunt,
1932 5287 2326 5355 suppliciisque

738 5398 960 5448 :iil'eetos
1012 5389 1264 5442 homines
1290 5386 1496 5450 absque
1539 5379 1650 5431 ullo
1698 5377 1903 5430 doloris
1958 5390 2121 5428 sensu
2182 5376 2329 5442 aspi-

738 5487 934 5543 cient?
976 5498 1155 5536 nouue
1216 5474 1642 5546 pulcherrimum
1711 5470 1857 5523 illius
1918 5467 2145 5531 factum,
2177 5470 2321 5535 qqu

740 5585 880 5638 bene
904 5575 1252 5639 successerit,
1285 5572 1350 5624 ad
1396 5566 1805 5622 miserationem
1841 5578 1935 5616 eos
1982 5564 2145 5615 etiam
2178 5576 2328 5614 com-

741 5670 1018 5731 movebit?
1064 5683 1172 5723 non
1210 5660 1582 5735 persuadebit,
1619 5668 1677 5712 ut
1706 5658 1751 5712 si
1782 5656 1911 5725 quid
1965 5653 2197 5711 orarint.
2242 5651 2318 5706 rei

816 5809 895 5877 (ll
917 5808 1143 5876 Supple,
1178 5802 1373 5877 ἐχρῆν.

820 5868 899 5949 ζθὶ)
927 5868 1065 5932 κου’.
1094 5868 1603 5949 (Σοὶἐίλῷατουσᾷςι.
1796 5933 1807 5945 ,
1920 5947 1933 5949 Α

819 5933 896 6021 {si
926 5949 1020 6006 ilic
1053 5950 1108 6003 in
1140 5944 1305 6002 codd.
1344 5940 1588 5995 miniutis
1645 5933 1841 5990 litteris
1917 5933 2182 6000 scriptum
2244 5938 2327 5983 est

2424 4747 2456 4805 η
2487 4735 2613 4800 δόξα
2645 4751 2737 4787 σου
2772 4731 2978 4802 ἀληθὴς
3047 4731 3141 4780 καὶ
3196 4729 3259 4780 οὐ
3292 4728 3501 4797 ψευδής
3548 4746 3655 4792 τις,
3687 4725 3829 4782 οὖσα
3878 4746 4010 4796 τυγ-

2420 4830 2618 4897 χάνει;
2653 4825 2764 4878 Ποῦ
2792 4826 2899 4894 γὰρ
2929 4824 3138 4890 θήσεις,
3170 4821 3292 4872 είπέ
3330 4837 3443 4888 μοι,
3493 4822 3589 4871 καὶ
3625 4822 3881 4891 Μωῠσῆν
3921 4825 4013 4873 τὸν

2420 4917 2712 4980 τοσοῦτον;
2746 4917 2842 4969 καὶ
2869 4914 3032 4966 Δαϐἰδ
3062 4914 3149 4964 τὶν
3180 4912 3409 4980 βασιλέα
3432 4926 3447 4975 ;
3475 4910 3571 4963 καὶ
3607 4914 3708 4964 σὺν
3733 4914 3890 4982 αὖτῷ
3914 4913 4012 4979 τὴν

2420 5012 2591 5079 ἄλλην
2642 5011 2822 5062 πᾶσαν
2877 5007 3065 5075 σειρὰν
3120 5004 3216 5057 τοῦ
3264 5004 3481 5069 γένους,
3513 5003 3575 5065 ἐξ
3632 4997 3702 5073 ἦς
3760 5004 3825 5056 τὸ
3876 5006 4018 5057 κατὰ

2422 5102 2607 5169 σάρκα
2642 5100 2873 5168 Χριστός
2894 5116 2907 5157 ;
2929 5094 3004 5150 Ἦ
3026 5099 3053 5149 ὁ
3076 5096 3175 5165 μὲν
3202 5094 3447 5159 Μωάμεθ
3477 5094 3622 5162 ὑπὲρ
3648 5096 3761 5147 τῶν
3792 5095 4020 5159 κολαζο-

2429 5190 2608 5262 μένων
2665 5187 2935 5257 καμφθεὶς
2991 5187 3438 5253 παραιτήσεται,
3506 5181 3658 5235 οὗτοι
3708 5184 3771 5235 δὲ
3826 5186 4021 5237 λίθινοί

2422 5298 2572 5342 τινες
2628 5282 2861 5342 ἔσονται,
2910 5278 3175 5344 ἀναλγητὶ
3226 5280 3351 5338 τοὺς
3406 5278 3465 5329 ἐν
3512 5280 3578 5342 τῇ
3615 5274 3850 5329 κολάσει
3884 5278 4022 5331 θεά·-

2429 5389 2614 5443 μενοι;
2656 5375 2750 5425 καὶ
2821 5373 2943 5424 οὐδὲ
2986 5374 3048 5424 τὸ
3096 5375 3311 5424 ἐκείνου
3370 5375 3713 5446 κατόρθωμα
3776 5378 4019 5447 ἐρεθίτει

2432 5464 2625 5517 τούσδε
2662 5464 2793 5531 πρὸς
2823 5464 3009 5525 ἔλεον,
3046 5466 3165 5517 ούδέ
3200 5466 3383 5517 πείσει
3426 5468 3652 5531 πάντως
3682 5469 3916 5540 θαρρεῖν
3951 5470 4024 5530 ὠς

2435 5557 2535 5624 οὐχ
2571 5556 2953 5625 ἁμαρτήσουσι
2996 5556 3315 5623 δεησόμενοι
3344 5573 3359 5620 ;
3408 5557 3550 5610 Ἀλλ’
3584 5562 3689 5611 οὐκ
3719 5561 3790 5611 ἂν
3828 5562 4024 5620 εἴποις,

2430 5650 2561 5700 ὅταν
2583 5662 2646 5713 γε
2700 5646 2805 5715 μὴν
2854 5646 2988 5715 πρὸς
3023 5647 3135 5707 τοῖς
3176 5645 3361 5707 ἄλλοις
3415 5648 3593 5700 ἅπασι
3651 5649 4028 5718 πρεοὸευταίς

2439 5784 2507 5838 ad
2542 5800 2690 5837 orant
2729 5803 2741 5835 :
2774 5782 3123 5853 Σημείωσαι·
3159 5785 3206 5835 οἱ
3258 5784 3498 5852 Τοῢρκοι
3556 5787 3820 5852 λέγουσιν
3885 5784 4028 5843 εῖναι

2440 5857 2566 5916 τοὺς
2601 5855 2886 5923 προφήτας
2921 5855 3099 5904 αὐτῶν
3145 5854 3283 5921 ρμδ’.
3330 5857 3385 5907 ld
3414 5867 3535 5908 est:
3571 5858 3725 5910 Nola
3763 5876 3783 5912 :
3843 5858 4030 5917 Tum:

2438 5928 2648 5990 dicunt,
2680 5939 2801 5976 suos
2836 5926 3117 5993 prophetas
3146 5940 3365 5979 numero
3392 5940 3506 5980 esse
3533 5925 3797 5984 CXLIV.
