4208 6444
184 508 283 573 165

1140 507 1529 570 DIALOGUS
1567 504 1625 566 II
1663 504 1829 567 CUM
1860 500 2426 565 ΜΟΗΑΜΕΤΑΝΟ.

3335 502 3435 568 165

182 622 321 683 (τοῖς
352 619 644 692 ἡμετέροις
674 618 861 691 λέγω),
881 622 975 676 καὶ
1000 617 1097 691 τὴν
1120 620 1214 675 τοῦ
1242 621 1498 693 Σωτῆρος
1535 622 1753 693 μητέρα

1866 622 2138 682 compotes
2171 614 2287 668 fore
2310 627 2369 668 se
2420 624 2637 682 quoque
2696 610 3014 668 confidant?
3062 612 3166 670 Sed
3204 615 3307 672 hoc
3342 632 3435 672 ne-

181 710 524 781 ενθυμηθῇς,
570 710 906 783 συγγνώμην
940 729 1005 781 γε
1040 710 1441 781 ἐξαιτουμένην
1472 712 1615 781 ὑπὲρ
1641 713 1754 764 τῶν

181 805 265 866 είς
308 802 536 871 γέενναν
567 804 983 874 ἐμϐληθέντων·
1024 804 1147 874 ἣτις
1197 803 1259 873 δὴ
1302 804 1486 873 μήτηρ
1535 801 1751 871 ἀπόχρη

181 894 279 946 καὶ
310 893 447 965 μόνη
484 895 547 948 τὸ
578 896 687 949 πᾶν
725 892 1093 965 ἐργάσασθαι,
1134 896 1292 963 είπερ
1318 894 1465 956 είκὺς
1496 889 1563 967 ἦν
1595 892 1756 945 τοῦτο

180 986 459 1052 γενέσθαι.
480 986 547 1041 Τί
570 986 635 1041 ἀν
653 987 851 1052 ετποιςς
882 982 919 1057 ἦ
943 986 1128 1056 δῆλον,
1158 985 1235 1048 ὡς
1272 984 1450 1046 οὐδεὶς
1473 984 1584 1036 τῶν
1612 983 1753 1052 φαύ-

178 1075 290 1127 λων
323 1074 630 1146 ἀνθρώπων
676 1076 837 1147 δίκην
883 1075 1088 1129 τίσειεν
1116 1075 1207 1142 ἂν,
1236 1073 1354 1128 ἀλλ’
1384 1073 1625 1137 ἅπαντες
1656 1075 1755 1145 μὶν

181 1165 511 1238 ἀνδροφόνοί
550 1169 648 1221 καὶ
690 1168 938 1237 μέθυσοι,
970 1167 1211 1230 ἀπαντες
1264 1167 1311 1221 δ’
1354 1166 1627 1239 ἅρπαγες,
1660 1170 1756 1223 καὶ

180 1260 497 1323 ἀκόλαστοι,
528 1262 628 1316 καὶ
659 1260 988 1327 λωποδύται,
1011 1261 1106 1315 καὶ
1138 1260 1429 1333 ἱερόσυλοι,
1468 1264 1565 1316 καὶ
1600 1264 1627 1315 ὁ
1648 1262 1757 1314 τῶν

178 1354 444 1406 τοιούτων
466 1354 646 1423 ἓσμδς
667 1354 776 1407 τῶν
820 1351 1060 1408 αίωνίων
1097 1355 1320 1421 ἀγαθῶν
1352 1355 1754 1421 ἀπολαύσουσι;

178 1443 259 1496 Τδ
291 1443 401 1513 γὰρ
436 1444 636 1513 ἑτέρως
662 1446 883 1514 φρονεῖν
915 1445 1178 1508 ἐπιεικῶς
1206 1444 1575 1515 ἀνάρμοστον.
1600 1448 1756 1499 Δυοῖν

179 1533 239 1586 δὲ
294 1534 543 1604 θάτερον,
599 1534 709 1603 φίλ’
762 1536 982 1605 ἑταῖρε,
1033 1536 1216 1604 λέγειν
1283 1537 1538 1606 ἀνάγκη*
1598 1535 1631 1606 ἦ
1689 1537 1757 1591 τὰ

177 1624 367 1677 δίκαια
398 1624 696 1695 τηροῦντος
722 1624 816 1678 τοῦ
844 1625 1059 1695 κριτοῦ,
1082 1625 1284 1696 μηδένα
1304 1626 1414 1679 τῶν
1438 1627 1517 1689 είς
1540 1627 1761 1680 κόλασιν

177 1715 571 1785 ἐμϐληθέντων
600 1716 813 1770 ἐκεῖθεν
843 1717 1085 1783 ἐξελθεῖν
1117 1721 1181 1789 τῇ
1212 1718 1307 1772 τοῦ
1331 1719 1579 1788 Μωάμεθ
1608 1720 1759 1791 φιλίᾳ

178 1807 265 1874 (τὺ
293 1807 404 1875 γὰρ
434 1808 705 1879 ὑμέτερον
727 1809 875 1877 λέγω
904 1809 1104 1879 δόγμα)
1129 1825 1143 1839 ⁸
1181 1809 1214 1880 ἢ
1257 1810 1348 1863 καὶ
1384 1810 1522 1879 πρὸς
1553 1811 1758 1874 πάντας

177 1900 312 1961 τοὺς
338 1901 457 1952 εκεῖ
481 1900 615 1964 ἴσως
641 1901 852 1954 έκεῖνον
880 1900 1216 1970 διατεθῆναι,
1254 1902 1349 1953 καὶ
1396 1901 1754 1971 μηδοντινοῦν

1856 718 2134 774 quaquam
2172 703 2401 769 dixeris,
2435 702 2733 757 dummodo
2803 714 3001 770 praeter
3043 719 3233 763 omnes
3278 720 3439 764 caete-

1858 811 1950 852 ros
2010 796 2396 865 deprecatores
2459 803 2701 862 (nostros
2728 795 2873 866 dico)
2931 795 2984 850 in
3056 807 3289 853 mentem
3340 801 3437 857 tibi

1858 892 2041 945 veniat
2064 889 2374 945 Servatoris
2396 890 2569 959 ipsius
2590 900 2780 956 mater,
2796 906 2895 960 pro
2910 891 3137 960 dejectis
3163 892 3213 945 in
3233 894 3433 962 gehen-

1859 998 1985 1037 nam
2020 983 2377 1053 supplicans:
2414 998 2535 1051 qua:
2574 983 2794 1052 quidem
2828 994 2999 1038 mater
3035 985 3147 1039 sola
3182 986 3306 1039 huic
3338 988 3439 1040 toti

1857 1076 2077 1146 negotio
2119 1076 2483 1141 conficiendo,
2515 1075 2562 1131 si
2615 1075 2833 1145 quidem
2870 1076 2979 1129 ullo
3007 1079 3233 1131 omnino
3272 1080 3438 1133 modo

1860 1168 1976 1222 fieri
2005 1176 2211 1236 posset,
2240 1182 2468 1237 prorsus
2499 1167 2789 1222 sufficeret.
2812 1166 2930 1221 Jam
2956 1183 3083 1222 vero
3105 1170 3235 1238 quid
3270 1170 3443 1225 dicis?

1860 1274 2045 1315 nonne
2092 1260 2266 1327 palam
2320 1266 2424 1324 est,
2479 1259 2851 1326 improborum
2892 1261 3171 1315 hominum
3208 1261 3288 1315 sic
3346 1278 3442 1316 ne-

1860 1350 2065 1403 minem
2084 1364 2207 1404 esse
2238 1363 2427 1416 pmnas
2458 1350 2733 1414 daturum,
2763 1349 2855 1404 sed
2889 1346 3193 1405 homicidas
3229 1365 3440 1416 omnes,

1862 1441 2134 1503 ebriosos,
2166 1452 2433 1507 raptores,
2466 1440 2804 1502 libidinosos,
2856 1452 3218 1508 grassatores,
3269 1442 3443 1496 sacri-

1864 1530 2033 1597 legos,
2094 1536 2381 1595 t0lumque.
2442 1527 2752 1596 hujusmodi
2801 1543 3019 1596 gregem
3096 1532 3443 1599 sempiternis

1864 1620 2024 1675 bonis
2049 1634 2171 1674 esse
2208 1618 2515 1672 fruituros?
2563 1617 2842 1688 Siquidem
2890 1620 3048 1674 aliter
3082 1623 3284 1676 sentire
3334 1640 3442 1679 non

1860 1722 2033 1781 potes.
2070 1711 2307 1767 Necesse
2337 1722 2419 1767 est
2446 1711 2615 1775 enim,
2642 1712 2957 1766 dulcissime
2986 1713 3181 1778 amice,
3214 1723 3271 1767 ut
3302 1715 3443 1768 alte-

1862 1818 1981 1857 rum
2013 1803 2163 1856 dicas
2187 1802 2251 1855 de
2273 1800 2525 1855 duobus:
2572 1810 2689 1865 aut,
2732 1802 2915 1869 judice
2958 1804 3270 1873 azquitatem
3328 1821 3445 1860 ser-

1866 1906 2045 1959 vante,
2096 1896 2370 1947 neminem
2406 1910 2471 1947 ex
2522 1893 2656 1957 illis,
2685 1896 2776 1963 qui
2837 1897 2889 1949 in
2934 1898 3110 1965 poenis
3162 1898 3442 1959 haeserint,

178 1991 537 2063 κολασθῆναι.
557 1990 742 2063 Ταύτῃ
759 1992 868 2064 γὰρ
882 1988 1029 2069 ἃνῆν
1048 1994 1368 2062 περισῴζων
1386 1995 1480 2047 καὶ
1498 1994 1558 2045 τὸ
1577 1994 1764 2063 φιλάν-

1870 1996 2094 2057 propter
2134 1985 2427 2039 Moamethi
2449 1986 2745 2040 amicitiam
2776 1987 3139 2043 indeliberari
3174 1991 3440 2058 (vestrum

178 2083 400 2152 θρωπον
416 2079 606 2148 αύτοῦ,
624 2077 716 2136 καὶ
732 2085 793 2136 τὸ
804 2085 940 2154 πρὸς
958 2086 1055 2159 τὴν
1072 2083 1268 2137 ἑαυτοῦ
1291 2086 1503 2155 μητέρα
1518 2087 1612 2138 καὶ
1631 2087 1759 2139 πάν-

177 2190 279 2235 τας
309 2172 517 2225 δίκαιον
533 2174 729 2236 ’ἄλλως
751 2174 797 2226 δ’
817 2173 884 2228 ἀν
913 2179 1131 2237 πάντως
1162 2174 1398 2244 χωλεῦον
1415 2170 1480 2245 ἦν
1498 2192 1599 2227 που
1619 2176 1758 2229 κατά

177 2282 232 2316 τι
262 2264 296 2332 ἢ
334 2265 397 2317 τὸ
420 2264 801 2335 φιλάνθρωπον
818 2266 1005 2330 αὑτοῦ,
1028 2266 1060 2337 ἢ
1087 2268 1145 2319 τὸ
1172 2266 1399 2331 δίκαιον,
1424 2266 1456 2336 ἢ
1483 2268 1573 2320 καὶ
1601 2267 1757 2321 πάνθ’

176 2355 343 2424 ὁμοῦ,
379 2357 538 2426 φασὶ,
571 2358 861 2427 χρήματα·
912 2359 1216 2428 καθαπερεὶ
1261 2359 1369 2430 γὰρ
1403 2359 1635 2430 φύρεται
1663 2362 1757 2413 καὶ

179 2450 470 2516 συγχετται
521 2448 590 2502 τὰ
626 2448 720 2501 τοῦ
758 2448 894 2501 Θεοῦ
927 2450 1234 2518 πράγματα
1263 2452 1341 2520 τῷ
1376 2454 1759 2523 προειρημένῳ

181 2555 270 2589 σοι
300 2538 467 2607 λόγῳ.
497 2539 559 2591 Ei
591 2538 703 2607 γὰρ
745 2538 896 2590 οὐδὲν
937 2539 1045 2590 τῶν
1074 2538 1297 2604 ἀγαθῶν
1331 2542 1378 2591 οί
1420 2541 1612 2607 φαῦλοι
1651 2541 1759 2609 χεί-

184 2645 312 2696 ρους
337 2628 639 2696 ἐφαίνοντο,
672 2627 901 2697 μάταιον
936 2629 1034 2698 μὲν
1067 2629 1127 2680 τὸ
1157 2628 1383 2697 φεύγειν
1408 2630 1558 2698 ἥττω
1585 2632 1759 2699 φανῆ-

180 2738 273 2773 ναι
294 2722 405 2774 τῶν
436 2722 661 2790 ἡδονῶν,
692 2722 922 2792 μάταιον
948 2722 1004 2775 δὲ
1028 2723 1089 2775 τὸ
1115 2723 1244 2791 περὶ
1290 2722 1542 2774 πλείστου
1588 2725 1761 2775 ποιεῖ-

184 2812 313 2863 σθαι
359 2814 597 2877 κρείττω
638 2813 893 2881 γενέσθαι
941 2812 1136 2883 θυμοῦ,
1169 2811 1326 2865 κενὸν
1352 2812 1408 2864 δὲ
1440 2813 1546 2881 ἄρα
1578 2816 1670 2865 καὶ
1700 2815 1760 2867 τὸ

179 2904 296 2954 τῶν
328 2902 629 2972 ἀλλοτρίων
653 2904 979 2974 ἀπέχεσθαι.
1011 2904 1228 2958 Τούτων
1250 2907 1307 2957 δὲ
1342 2905 1513 2964 οὕτως
1529 2907 1760 2974 ἐχόντων

181 2995 466 3065 παρέλκον
496 2997 562 3050 ἂν
590 2997 801 3063 γένοιτο
822 3000 915 3052 καὶ
938 2998 997 3050 τὸ
1014 2998 1106 3051 τὸν
1128 2998 1362 3067 Χριστὸν
1389 2999 1665 3050 κατελθεῖν
1697 3000 1761 3048 ἐκ

179 3086 297 3139 τῶν
330 3087 599 3157 οὐρανῶν,
626 3092 811 3159 κρίναι
843 3092 1025 3143 πᾶσαν
1063 3090 1162 3160 τὴν
1194 3090 1319 3159 γῆν,
1356 3090 1503 3150 ὅπως
1547 3089 1761 3141 δικαίαν

179 3178 427 3251 ἀμοιϐὴν
458 3181 567 3234 τῶν
595 3184 1001 3252 πεπραγμένων
1027 3183 1259 3246 ἕκαστος
1288 3183 1467 3236 λάϐοι.
1498 3182 1667 3235 Πόθεν
1696 3182 1763 3236 ἂν

178 3271 280 3324 οὖν
336 3273 565 3340 δίκαιον,
594 3269 639 3329 ὦ
694 3276 892 3343 ἀγαθὲ,
938 3276 1063 3330 νοῦν
1096 3275 1269 3345 ἔχοντ’
1310 3275 1475 3345 ἀνδρα
1536 3277 1761 3329 τοιαῦτα

180 3363 372 3432 λέγειν
391 3382 407 3432 ;

1866 2080 2058 2150 dOgma
2088 2077 2288 2147 refero)
2322 2096 2337 2133 :
2370 2089 2463 2132 aut
2514 2095 2641 2151 erga
2675 2095 2884 2144 omnes,
2956 2082 3049 2150 qui
3084 2081 3156 2134 ibi
3219 2081 3441 2147 fuerint,

1864 2172 2142 2240 aequaliter
2171 2186 2293 2226 eum
2325 2171 2580 2226 affectum
2638 2187 2780 2237 esse,
2852 2188 2951 2228 nec
2998 2174 3164 2228 nilum
3216 2177 3442 2231 omnino

1866 2279 2058 2334 poenas
2076 2265 2226 2319 dare.
2250 2265 2364 2330 Qua
2387 2278 2442 2319 re
2459 2274 2511 2319 et
2534 2280 2688 2319 suam
2710 2266 2875 2335 judex
2892 2281 3018 2337 erga
3042 2268 3290 2323 homines
3303 2272 3445 2324 ami-

1865 2356 2145 2421 citiam,et
2181 2372 2304 2427 erga
2338 2358 2611 2426 propriam
2648 2368 2872 2413 matrem
2902 2372 3243 2431 cunctosque
3269 2363 3436 2429 justi-

1867 2449 1993 2505 tiam
2035 2458 2321 2505 tueretur:
2385 2452 2627 2520 alioquin
2690 2453 2773 2505 vel
2824 2453 3136 2509 humanitas
3196 2457 3315 2524 ejus
3362 2460 3443 2510 τιτι

1861 2541 2073 2611 justitia
2106 2557 2170 2596 ex
2203 2544 2384 2612 aliqua
2430 2553 2581 2613 parte
2609 2544 2961 2609 claudicaret,
3019 2549 3104 2602 vel
3158 2550 3338 2602 omnia
3372 2552 3446 2602 si—

1870 2634 2004 2697 mul,
2043 2642 2100 2687 ut
2140 2636 2335 2689 aiunt:
2370 2651 2494 2689 nam
2525 2637 2613 2702 iis,
2640 2652 2759 2705 quae
2791 2639 2953 2692 modo
2988 2638 3193 2703 dixisti,
3217 2640 3447 2695 confun-

1869 2726 2011 2777 ditnr
2039 2728 2195 2794 quasi
2226 2738 2277 2781 et
2306 2728 2656 2796 perturbatur
2687 2740 2797 2784 tota
2850 2731 2917 2785 de
2971 2731 3079 2786 Deo
3129 2734 3447 2802 disputatio.

1868 2817 2081 2869 Etenim
2112 2819 2157 2872 si
2214 2819 2589 2889 improborum
2633 2824 2780 2876 nulla
2805 2838 2864 2876 rc
2921 2824 3163 2879 deterior
3224 2828 3449 2881 essevi-

1866 2901 2087 2961 derctur
2124 2925 2288 2978 quam
2320 2913 2619 2980 proborum
2643 2914 2903 2981 conditio,
2933 2916 3109 2983 inepte
3134 2933 3266 2971 sane
3296 2918 3445 2973 face-

1869 3008 1971 3064 ret,
1999 3000 2092 3067 qui
2122 3002 2329 3070 fngeret
2359 3004 2649 3072 voluptatis
2688 3004 3015 3058 invidiosum
3059 3023 3277 3072 nomen,
3322 3010 3441 3062 inc-

1869 3102 1955 3160 pte
1984 3093 2073 3161 qui
2109 3094 2286 3162 magni
2320 3092 2523 3148 faceret
2564 3096 2898 3149 iracundiam
2921 3097 3195 3161 cohibere,
3218 3099 3449 3155 ridicule

1869 3184 1958 3251 qui
1994 3180 2186 3239 aliénis
2214 3186 2531 3240 abstineret.
2555 3186 2698 3253 Quin
2730 3188 2774 3241 si
2808 3188 2919 3242 haec
2963 3188 3036 3242 ita
3100 3202 3305 3256 essent,
3356 3207 3451 3245 su-

1868 3291 2203 3345 pervacanea
2232 3276 2417 3332 hercle
2450 3279 2590 3333 foret
2631 3279 2831 3334 Christi
2862 3296 2891 3335 e
2935 3281 3087 3335 cmlis
3136 3282 3449 3349 descensio,

1870 3377 1927 3421 ut
1962 3383 2177 3422 omnem
2208 3378 2407 3423 terram
2443 3370 2669 3439 judicet,
2730 3371 3043 3441 singuliqne
3100 3389 3326 3427 suorum
3368 3376 3450 3428 fa—

182 3452 410 3516 ctorum
471 3464 967 3519 remunerationem
1020 3464 1304 3534 accipiant.
1369 3465 1573 3535 Itaque,
1626 3467 1699 3519 mi
1753 3466 2148 3523 humanissime
2190 3468 2410 3538 hospes,
2468 3483 2715 3537 quamam
2764 3478 2941 3539 potest
2986 3470 3212 3527 subesse
3263 3487 3448 3541 causa,

181 3568 247 3614 ut
282 3558 389 3623 vir,
416 3560 469 3613 in
498 3574 605 3630 quo
635 3570 719 3616 est
749 3575 961 3616 summa
993 3558 1154 3626 ratio,
1188 3562 1267 3617 sic
1295 3563 1595 3630 loquatur?

261 3654 348 3707 ιε’.
382 3652 734 3722 Βούλομαιδέ
760 3670 813 3706 τι
848 3653 945 3707 νῦν
970 3655 1144 3707 εἰπεῖν
1179 3658 1273 3708 καὶ
1304 3657 1430 3725 περὶ
1469 3658 1568 3727 τῆς
1595 3656 1654 3710 ὲν
1684 3657 1762 3728 τῷ

186 3745 513 3815 παραδείσῳ
568 3746 800 3815 τρυφῆς,
830 3745 925 3799 καὶ
976 3749 1077 3817 τῆς
1122 3747 1180 3799 έν
1219 3748 1411 3819 ἐκείνῳ
1455 3748 1664 3819 διαίτης
1704 3767 1761 3803 τε

188 3839 290 3890 καὶ
349 3836 531 3901 ζωῆς·
588 3841 655 3909 ἢν
708 3838 773 3909 δὴ
819 3839 973 3892 θείαν
1027 3839 1126 3909 μὲν
1170 3840 1263 3893 καὶ
1305 3842 1581 3911 μακαρίαν
1624 3838 1764 3896 εἶναί

182 3948 355 3999 φατε,
401 3926 482 3993 οἷς
530 3931 586 3984 δὲ
634 3928 790 3996 αὖθις
833 3932 1045 4001 λέγετε,
1094 3935 1284 4005 πόρρω
1336 3953 1438 3988 που
1488 3936 1763 4005 θειότητος

180 4024 397 4096 ταύτην
450 4027 543 4077 καὶ
598 4028 1000 4097 μακαριότητος
1062 4029 1418 4096 ἀποφαίνετε.
1477 4030 1539 4082 Ei
1588 4030 1653 4083 σὺ
1707 4030 1762 4082 δὲ

184 4116 412 4186 βούλοιο
460 4119 677 4188 πρῶτον
722 4120 1191 4189 ἀπολογήσασθαι,
1230 4122 1355 4189 περὶ
1395 4114 1469 4175 ὧν
1503 4139 1596 4175 σου
1631 4139 1764 4176 ταυ-

183 4211 317 4279 τηνὶ
351 4210 453 4279 τὴν
482 4210 642 4275 δόξαν
672 4210 1064 4282 διεϐεϐλήκειν,
1098 4212 1327 4281 ἄσμενοί
1370 4232 1465 4267 σου
1514 4215 1766 4281 λέγοντος

1941 3656 2026 3709 15.
2072 3654 2261 3709 Dicam
2288 3670 2433 3710 nunc
2462 3655 2527 3711 de
2554 3656 2788 3725 paradisi
2832 3655 3060 3726 deliciis,
3086 3662 3229 3715 etde
3262 3664 3449 3716 tradu-

1868 3746 2035 3800 cenda
2074 3746 2143 3799 ibi
2195 3746 2335 3800 vita:
2388 3762 2549 3815 quam
2604 3746 2844 3801 divinam
2894 3750 3186 3819 quidemet
3237 3752 3447 3808 beatam

1866 3853 1987 3893 esse
2016 3838 2223 3901 dicitis,
2262 3840 2354 3892 sed
2420 3840 2735 3909 vestrisipsi
2786 3843 3134 3898 sermonibus
3162 3858 3192 3897 a
3247 3846 3451 3900 divini-

1870 3941 1975 3985 tate
2009 3936 2062 3985 et
2122 3930 2382 3984 felicitate
2431 3932 2621 3999 procul
2677 3932 2868 3986 abesse
2921 3934 3329 3989 demonstratis.
3387 3937 3446 3989 Si

1872 4030 2048 4075 tamen
2078 4022 2221 4075 illam
2256 4033 2401 4077 tuam
2460 4024 2771 4091 opinionem
2804 4031 2929 4076 ante
2981 4024 3274 4080 defendere
3295 4026 3452 4080 volu-

1869 4115 1999 4178 eris,
2020 4124 2071 4169 et
2096 4131 2231 4186 quas
2262 4127 2448 4171 contra
2474 4116 2643 4185 objeci
2675 4116 3125 4184 reprehensiones
3145 4118 3447 4182 infirmare,

1868 4209 2025 4263 valde
2044 4226 2165 4265 sum
2186 4210 2416 4278 cupidus
2436 4219 2487 4264 te
2517 4210 2571 4263 in
2599 4209 2870 4277 ejusmodi
2899 4209 3149 4263 oratione
3169 4210 3445 4263 audiendi.

181 4303 567 4373 ἀκουσόμεθα.
601 4304 713 4356 Καὶ
766 4302 826 4368 ὃς
866 4304 968 4373 ἔφη
996 4321 1010 4335 ο
1060 4304 1200 4357 Ἀλλ’
1257 4307 1358 4359 οὐκ
1412 4307 1657 4375 εὐχερῶς
1701 4308 1764 4360 ἂν

1871 4302 1937 4355 At
1965 4302 2135 4366 enim,
2183 4302 2479 4370 respondit,
2538 4317 2669 4357 meae
2719 4303 2992 4371 Opinionis
3055 4318 3199 4358 nunc
3269 4319 3445 4373 neque

182 4395 373 4465 ἔχοιμι
396 4394 513 4458 νῦν,
544 4396 652 4448 οὐδ’
676 4395 741 4448 ὲκ
775 4395 868 4448 τοῦ
904 4397 1195 4466 προχείρου
1229 4415 1310 4450 σοι
1342 4397 1441 4468 τὴν
1471 4398 1764 4465 ἀπολογίαν

1874 4391 2147 4461 perfacilis
2179 4401 2286 4456 est,
2326 4408 2504 4461 neque
2560 4395 2679 4448 sine
2740 4397 3199 4450 commentatione
3244 4398 3447 4465 suscipi

180 4487 417 4542 διδόναι.
449 4487 595 4557 Πλὴν
630 4487 774 4541 οὕτω
815 4488 1236 4558 παρειλήφαμέν
1282 4505 1343 4540 τε
1392 4493 1485 4542 καὶ
1518 4478 1764 4554 ἐδοξάζο-

1874 4483 2326 4552 potestdefensio.
2380 4484 2489 4538 Nos
2511 4485 2590 4539 sic
2612 4500 2641 4538 a
2692 4486 2986 4556 majoribus
3009 4487 3336 4555 accepimus,
3370 4491 3450 4543 sic

186 4596 293 4647 μεν
318 4595 333 4608 ·
364 4579 431 4632 τά
460 4596 541 4631 σοι
569 4578 625 4631 δὲ
652 4578 745 4632 νῦν
768 4580 1036 4650 εἰρημένα
1059 4580 1203 4649 (οὐδὲ
1232 4580 1339 4649 γὰρ
1371 4581 1649 4651 ψεύσομαι
1676 4588 1763 4652 γε)

1874 4574 2387 4642 credidimuszqua:
2425 4586 2603 4629 tamen
2627 4585 2681 4628 tu
2711 4578 2917 4639 dixisti,
2965 4591 3124 4633 recue
3188 4596 3250 4634 ea
3314 4582 3451 4634 rati-

184 4668 289 4720 τοῦ
320 4666 486 4737 ὀρθοῦ
532 4686 619 4736 μοι
654 4668 856 4737 μᾶλλον
886 4669 1124 4738 ἐχόμενα
1165 4666 1325 4737 λόγου
1365 4668 1505 4740 ἤπερ
1537 4673 1604 4724 τὰ
1634 4671 1764 4742 ἠμέ-

1875 4662 1965 4715 oni
1996 4665 2179 4732 magis
2208 4671 2569 4718 consentanea
2590 4665 2844 4720 videntur
2873 4668 3023 4736 (vere
3040 4679 3214 4723 tecum
3245 4672 3449 4741 agam),

186 4776 332 4830 τερα
360 4759 635 4827 φαίνεται.
678 4760 884 4829 Καιρός
933 4778 1014 4815 σοι
1068 4760 1249 4815 τοίνυν
1293 4761 1473 4829 λέγειν
1518 4764 1584 4815 τὰ
1627 4763 1768 4817 κατά

185 4848 325 4902 νοῦν
354 4852 483 4920 περὶ
520 4850 623 4920 τῆς
658 4850 841 4920 Ἐδέμ.
872 4853 979 4904 Κανι
1012 4854 1040 4904 ό
1084 4854 1233 4917 παῖς,
1267 4851 1450 4904 λαϐὼν
1497 4853 1769 4905 τούνδόσι-

193 4957 300 5008 μον
331 4939 486 5010 παρὰ
532 4939 624 4993 τοῦ
678 4941 903 5009 πατρές,
935 4940 1135 5011 βοήσας
1183 4958 1235 4994 τι
1290 4941 1770 5013 βαρϐαρικώτερον

188 5034 291 5084 καὶ
347 5030 703 5102 θρασύτερον.
745 5032 887 5101 ἔφη·
929 5033 1002 5086 Οὐ
1055 5032 1119 5085 σύ
1172 5050 1235 5100 γε
1284 5034 1497 5102 φθάσας
1541 5034 1773 5104 εἴρηκας

193 5127 339 5195 πρὸς
396 5126 567 5195 ἡμᾶς,
610 5124 701 5177 τὸν
751 5124 885 5177 Θεὸν
934 5123 1002 5177 δι’
1048 5122 1364 5194 ἀγαθότητα
1413 5126 1583 5194 μόνην
1622 5126 1774 5193 δεδη-

195 5220 607 5289 μιουργηκέναι
655 5218 730 5271 τά¹
766 5218 1094 5287 σύμπαντας
1134 5217 1249 5271 Νῦν
1288 5218 1333 5270 δ’
1380 5218 1563 5288 ὑμνῶν
1607 5218 1771 5273 αὐτοῦ

188 5315 300 5384 τὴν
354 5310 727 5378 δικαιοσύνην,
750 5309 845 5378 τὴν
882 5302 1196 5379 ἀγαθότητά
1246 5310 1603 5377 σεσιώπηκας
1630 5328 1642 5341 ο
1679 5313 1705 5363 ό
1730 5312 1774 5364 δ’

189 5408 296 5473 οὐχ
346 5400 511 5473 ἦττον
556 5401 759 5468 ἀγαθός
801 5404 949 5454 ἐστιν
998 5402 1142 5471 ἤπερ
1193 5400 1419 5464 δίκαιος.
1461 5399 1523 5453 Εί
1571 5399 1665 5453 οὖν
1710 5401 1773 5473 δὴ

190 5498 375 5549 σῶσαι
406 5495 614 5556 πάντας
649 5493 866 5563 θελήσει
897 5494 965 5546 δι’
996 5493 1063 5563 ἦν
1090 5494 1183 5545 καὶ
1210 5493 1418 5554 πάντας
1446 5492 1771 5563 δεδημιούρ-

188 5603 376 5656 γηκεν
402 5585 737 5653 ἀγαθότητα,
780 5584 1081 5645 ὑπεύθυνος
1122 5585 1252 5653 ἡμῖν
1296 5582 1448 5635 ἔσται
1488 5585 1596 5636 τῶν
1626 5585 1775 5653 αὐτῴ

189 5677 655 5746 πεπραγμένωνς
688 5676 813 5728 Οὐδ’
860 5674 1194 5739 οὑτινοσοῦν,
1228 5668 1272 5726 ὧ
1308 5676 1428 5739 τᾶν,
1464 5674 1622 5742 ἔφην,
1666 5676 1775 5728 τῶν

186 5766 349 5834 αὐτῷ
404 5764 809 5835 πεπραγμένων
863 5764 1165 5826 ὑπεύθυνος
1210 5763 1277 5816 ἂν
1329 5764 1414 5831 εἴη
1462 5764 1631 5827 Θεός’
1666 5766 1773 5817 τίνι

187 5857 310 5925 γὰρ
358 5855 424 5908 ἂν
471 5855 665 5907 ἑαυτοῦ
713 5854 918 5922 μείζονι
969 5855 1244 5906 ἀποτίσειε
1280 5854 1472 5918 λόγον;
1518 5854 1776 5923 λαμπρᾶς

192 5944 399 6014 μανίας
424 5946 459 6014 ή
478 5943 623 6008 δόξα·
654 5944 849 6007 ἀσεϐὲς
875 5943 932 5997 τὸ
959 5943 1266 6013 ἐνθύμημα.
1292 5945 1370 5996 Τὰ
1399 5946 1504 6009 γὰο
1535 5944 1595 5998 δὴ
1628 5946 1774 6012 παρὰ

1870 4769 2033 4824 quam
2074 4770 2192 4823 quae
2248 4770 2349 4810 nos
2415 4756 2668 4810 dicimus.
2715 4758 3072 4834 Quapropter,
3113 4759 3157 4811 si
3206 4761 3336 4828 quid
3396 4762 3451 4816 in

1873 4844 2055 4897 animo
2093 4843 2261 4897 habes
2294 4844 2359 4897 de
2408 4842 2560 4897 Edon
2607 4844 2812 4908 dicere,
2842 4845 2951 4913 jam
3013 4860 3157 4900 nunc
3212 4848 3447 4913 explica.

1872 4936 2003 5001 Quae
2028 4950 2152 4989 cum
2192 4935 2357 4989 Persa
2386 4935 2634 4999 dixisset,
2675 4935 2819 4999 filius
2848 4936 2989 5005 ejus,
3051 4951 3080 4989 a
3140 4952 3291 5006 patre
3354 4954 3451 4993 ac-

1874 5038 2029 5098 cepta
2061 5028 2319 5096 loquendi
2354 5027 2637 5089 facultate.
2674 5026 2967 5081 barbarum
3035 5029 3163 5097 quid
3193 5041 3248 5083 et
3279 5031 3453 5083 auda-

1874 5121 1991 5175 cius
2028 5121 2289 5186 clamans,
2320 5119 2512 5173 Nonne
2538 5129 2620 5184 tu,
2654 5120 2851 5187 inquit,
2912 5120 3070 5175 nobis
3108 5132 3265 5177 antea
3312 5124 3455 5176 dixi-

1876 5213 1966 5276 sti,
2005 5213 2075 5266 ob
2124 5211 2294 5267 solam
2354 5213 2653 5265 bonitatem
2706 5211 2873 5264 Deum
2929 5213 3109 5265 omnia
3174 5214 3455 5267 creasse?

1874 5303 2030 5358 Nunc
2060 5320 2187 5359 vero
2217 5304 2486 5357 celebrata
2513 5304 2659 5358 illius
2680 5304 2889 5371 justitia
2921 5305 2987 5358 de
3035 5306 3455 5360 bonitalesdui-

1876 5395 1988 5449 sti:
2021 5396 2116 5449 sed
2173 5394 2261 5448 hic
2292 5409 2402 5447 non
2449 5396 2628 5447 minus
2671 5395 2847 5450 bonus
2904 5403 2988 5449 est
3027 5410 3190 5464 quam
3246 5396 3452 5465 justus.

1876 5486 2055 5553 Quare
2103 5486 2146 5540 si
2212 5485 2281 5539 ob
2339 5501 2479 5548 eam,
2525 5501 2621 5555 per
2647 5502 2807 5554 quam
2869 5500 3058 5541 omnes
3107 5490 3330 5546 creavit,
3361 5492 3455 5539 lm—

1876 5578 2100 5631 nitatcm
2138 5619 2151 5641 ,
2182 5590 2371 5630 omnes
2397 5579 2559 5630 etiam
2593 5592 2809 5630 servare
2851 5576 3102 5639 voluerit,
3126 5592 3191 5629 an
3254 5576 3453 5629 idcirco

1879 5669 2168 5722 reddendis
2196 5668 2459 5721 factorum
2515 5682 2738 5720 suorum
2792 5666 3094 5720 rationibus
3142 5667 3245 5721 erit
3286 5668 3457 5720 obno-

1877 5756 2040 5815 sius?
2076 5760 2158 5814 Dii
2202 5761 2448 5823 meliora,
2480 5761 2727 5830 inquam,
2783 5760 3095 5814 adolescens
3125 5777 3139 5813 :
3169 5759 3301 5813 nulli
3336 5774 3457 5813 om-

1880 5854 2008 5906 nino
2051 5856 2101 5905 in
2140 5854 2406 5907 factorum
2438 5868 2659 5906 suorum
2717 5852 3023 5905 rationibus
3046 5852 3336 5905 reddendis
3360 5855 3457 5903 nh-

1880 5947 2077 6002 noxius
2107 5963 2226 6003 esse
2266 5956 2441 6018 petcst
2465 5947 2604 6003 Deus
2641 5964 2652 5999 :
2690 5946 2905 6000 cuinam
2975 5948 3119 5999 enim
3154 5960 3211 6000 se
3261 5944 3452 6013 majori
