4208 6444
198 474 300 540 Ῑίῖθ

1206 459 1593 523 DIAI.OGUS
1633 457 1687 514 ιί
1725 454 1879 512 CUM
1912 449 2465 511 MOllMlETANO.

3366 438 3471 505 170

191 616 319 657 τους
353 612 415 661 γε
471 591 687 663 βιαίους
742 589 902 649 ὂντας
942 584 1044 637 οὐκ
1094 579 1458 650 εὐαρίθμητοι
1498 591 1645 636 τινες
1679 573 1785 625 τῶν

1894 567 2079 619 liberis
2113 566 2452 631 reliquerunt
2488 581 2501 615 :
2547 564 2753 630 hosque
2782 561 3053 614 violentos
3085 575 3193 613 non
3222 563 3379 627 pauci
3405 563 3473 616 de

190 691 286 743 ὑπ’
323 685 502 741 αὐτῶν
545 682 897 751 ἠδικημένων
940 675 1007 727 τά
1058 674 1294 740 μέγιστα
1344 666 1782 736 προσκυνοῦντες

190 783 526 840 διετέλεσαν,
560 774 734 842 λύτρα
772 788 832 824 τε
863 764 1022 837 οἶμαι
1052 765 1152 818 καλ⁸
1184 768 1406 832 σῶστρα
1436 761 1531 825 τῆς
1570 757 1783 810 ἑαυτῶν

192 871 513 939 ἐλευθερίας
542 884 600 919 τε
633 864 728 919 καὶ
773 861 918 929 ζωῆς
945 858 1137 926 ὥσπερ
1180 853 1639 920 ἀντεισφέροντσις
1682 851 1781 917 τὴν

193 964 364 1033 τιμήν
393 977 408 991 ·
438 960 617 1013 καίτοι
662 953 895 1015 πολλοὺς
952 950 1019 1004 ἂν
1070 948 1253 1017 εὕροις
1302 948 1399 998 καὶ
1444 943 1554 995 τῶν
1586 942 1784 1011 ἠδικη-

198 1055 384 1125 μένων
421 1050 574 1122 παρὰ
628 1048 929 1108 κακίστων,
964 1040 1292 1101 σπουδαίους
1339 1054 1399 1089 τε
1448 1036 1645 1105 ἄνδρας
1689 1033 1786 1086 καὶ

193 1146 462 1212 ἀγαθοὺς.
500 1145 596 1197 καὶ⁸
627 1137 905 1207 ἐπιεικείᾳ
936 1135 1103 1205 πολλῇ
1136 1132 1509 1202 συζήσαντας.

272 1236 356 1301 ιζ’.
400 1237 532 1288 "Ore
582 1233 765 1287 τοίνυν
800 1230 956 1283 ταῦθ’
1012 1228 1188 1289 οὕτως
1238 1227 1373 1295 ἔχει,
1421 1223 1517 1277 καὶ
1570 1222 1634 1275 σὺ
1688 1224 1785 1291 μέν

195 1332 368 1383 πᾶσιν
391 1329 692 1396 ἀπονέμεις
723 1324 793 1377 τὰ
817 1324 1027 1386 δίκαια,
1051 1321 1184 1381 Gel);
1212 1319 1258 1371 δ’
1287 1320 1350 1370 ού
1396 1317 1556 1369 τοῦτο
1594 1314 1786 1382 φαίνε-

194 1439 289 1474 ται
316 1422 379 1472 τὸ
409 1422 653 1489 τήμερον
681 1416 965 1487 πράττων,
991 1416 1041 1465 εί
1070 1412 1180 1464 οὐδ’
1220 1413 1337 1463 ἐκεῖ
1385 1409 1544 1476 δίκην
1576 1409 1787 1460 τίσειαν

194 1515 249 1566 οἱ
274 1514 366 1565 τὸν
395 1513 530 1564 Θεὸν
554 1510 925 1579 ἀτιμάσαντες
954 1509 1022 1577 τῇ
1052 1504 1366 1576 παραϐάσει
1394 1504 1503 1553 τῶν
1530 1499 1783 1562 ἐντολῶν,

196 1604 265 1658 σύ
293 1621 359 1671 γε
388 1603 526 1656 Θεοῦ
570 1601 937 1671 δικαιότερος.
980 1600 1144 1668 Ὁρᾷς
1188 1597 1288 1662 τῆς
1328 1595 1561 1656 ἀτοπίας
1595 1595 1656 1646 τὸ
1687 1592 1785 1661 μέ-

194 1696 383 1764 γεθος,
404 1696 501 1749 καὶ
529 1689 587 1748 οἷ
616 1694 691 1763 (1)
724 1691 915 1746 κακῶν
949 1708 1045 1743 σου
1079 1688 1294 1760 προῦϐη
1325 1688 1384 1740 τὸ
1421 1687 1636 1754 δόγμα;
1673 1686 1787 1755 Τὴν

198 1791 262 1843 δέ
295 1790 479 1844 αἰτίαν
528 1788 581 1841 εί
619 1788 796 1849 θέλεις
847 1785 1061 1854 μαθεῖν,
1094 1783 1196 1853 ήδη
1238 1784 1494 1853 πάρεστι.
1531 1781 1655 1831 Τισὶ
1687 1778 1787 1847 μὲν

200 1886 315 1956 γὰρ
361 1885 757 1955 ἁμαρτήμασιν
786 1878 964 1933 ἐνθάδ’
987 1876 1343 1944 ἐπάγεταιτά
1372 1875 1542 1934 δεινὰ.
1586 1873 1671 1924 ἵνα
1714 1869 1788 1939 μὴ

194 1982 266 2048 τῇ
314 1978 537 2031 κολάσει
591 1973 971 2041 διαπιστῶμεν
998 1987 1012 2000 ·
1046 1971 1180 2023 ὅπου
1213 1967 1322 2036 γάρ
1374 1968 1468 2018 καὶ
1510 1963 1605 2016 νῦν
1648 1965 1788 2014 εἰσιν

194 2076 250 2126 oi
287 2073 365 2143 μὴ
394 2070 679 2125 πιστεύειν
712 2067 1055 2137 βουλόμενοι,
1085 2063 1135 2114 εί
1168 2061 1359 2130 μηδεὶς
1403 2060 1577 2112 ἐδίδου
1628 2058 1784 2125 δίκην

194 2166 459 2229 ἐνταῦθα,
492 2164 578 2226 τίς
605 2163 671 2217 ἂν
697 2160 959 2214 ἐπίστευε
993 2156 1188 2209 δώσειν
1231 2152 1653 2222 ἐξαμαρτήσας,
1690 2151 1786 2203 καὶ

196 2259 383 2321 ἄλλοις
433 2255 477 2309 δ’
523 2257 603 2317 είς
652 2253 713 2306 τὺ
770 2251 969 2320 μέλλον
1024 2247 1184 2301 ταυτὶ
1235 2242 1630 2313 ταμιεύεσθαι;
1678 2241 1788 2294 Καὶ

194 2348 365 2402 τοῦτο
413 2348 620 2409 πάντες
668 2342 1044 2397 πιστεύουσιν.
1094 2339 1190 2392 Ἐκ
1220 2338 1327 2405 γὰρ
1367 2337 1432 2404 δὴ
1462 2335 1557 2387 τοῦ
1601 2350 1789 2403 φαινο-

199 2442 373 2509 μένου
403 2439 501 2493 καὶ
527 2436 769 2505 τέιφανές
792 2434 893 2487 οὐκ
922 2429 1255 2503 ἀμφίϐολον..
1284 2428 1481 2479 Ἔσται
1508 2426 1619 2496 ἄρα
1666 2425 1789 2495 κρί-

197 2551 290 2595 σις
329 2534 428 2586 καὶ
474 2533 688 2593 ἐκτισις
742 2526 1031 2597 ἁμαρτιῶν
1080 2523 1482 2592 ἀπαραίτητος,
1530 2518 1788 2588 καθάπερ

194 2627 267 2698 δὴ
296 2626 393 2679 καὶ
413 2622 641 2692 ἀμοιϐαὶ
669 2623 783 2684 τοῖς
805 2618 1033 2686 ἀγαθοῖς
1066 2614 1212 2685 μετά
1238 2615 1340 2682 τὴν
1375 2611 1585 2664 ἐνθένδε
1616 2610 1783 2680 ζωήν.

210 2719 360 2771 Ἀλλ’
397 2718 515 2783 ἐρεῖ
547 2732 630 2776 τις
660 2715 791 2775 ἴσως
822 2710 1006 2781 ὑμῶν,
1035 2708 1109 2770 ὡς
1143 2709 1208 2761 ἀν
1251 2705 1351 2775 μὲν
1377 2705 1425 2757 οί
1456 2703 1651 2772 φαῦλοι
1685 2720 1788 2756 κα-

197 2812 341 2875 κῶν,
371 2811 422 2862 οἱ
452 2809 509 2861 δὲ
558 2806 835 2860 σπουδαῖοι
888 2803 1145 2873 χρηστῶν
1188 2797 1567 2860 ἀπολαύσωσι,
1604 2796 1664 2849 τὸ
1689 2798 1789 2866 μὲν

197 2902 416 2954 δίκαιον
458 2897 555 2951 τοῦ
613 2896 803 2965 κριτοῦ
860 2894 1134 2963 φανερὸν,
1187 2892 1249 2944 τὸ
1300 2890 1356 2943 δὲ
1399 2888 1790 2960 φιλάνθρωπον

199 2993 343 3057 ποῦς
376 2993 488 3046 Καὶ
514 2994 549 3060 ὴ
580 2992 853 3057 ἐρώτησις
882 2988 1020 3057 αῦτη
1056 2988 1159 3040 οὐκ
1200 2986 1306 3049 ἐξω
1333 2984 1493 3051 λόγου
1528 2984 1625 3037 τοῦ
1655 2982 1790 3053 πρέ-

202 3102 427 3145 ποντος.
463 3084 556 3135 Δεῖ
582 3084 694 3151 γάρ
738 3078 903 3134 αὑτὸν
947 3078 1204 3149 ἐνεργείᾳ
1246 3074 1388 3129 εἶναι
1429 3080 1569 3146 ὅπερ
1614 3077 1788 3139 ἐστὶν,

200 3172 665 3242 αὑτοδικαιοσύνη
710 3189 770 3224 τε
817 3170 914 3225 καὶ
966 3169 1409 3236 αύτοαγαθότης·
1448 3168 1569 3220 ἐπεὶ
1614 3166 1670 3219 δὲ
1710 3167 1793 3218 δεῖ

1890 662 1973 723 iis,
2005 674 2141 729 quos
2190 658 2445 712 maximis
2498 656 2713 722 injuriis
2768 654 3085 717 allecerant,
3135 654 3474 723 perolheiose

1888 766 2109 821 semper
2141 750 2453 821 coluerunt,
2498 749 2639 800 htute
2666 747 2732 799 iis
2758 746 3048 805 honorem,
3096 745 3315 812 opinor,
3347 760 3479 797 con-

1889 853 2122 898 Servata:
2145 843 2303 911 quasi
2331 842 2603 896 libertatis
2632 852 2684 893 et
2709 841 2830 893 vita!
2857 839 3142 907 praemium
3176 838 3475 908 rependen-

1887 948 2007 1002 trs;
2051 940 2199 1008 atqui
2234 938 2434 991 mullos
2465 952 2527 989 ex
2565 935 2692 993 illis,
2726 934 2922 1000 quibus
2946 947 2976 985 a
3007 932 3259 1000 pessimis
3301 930 3477 983 homi-

1897 1034 2060 1086 nibus
2096 1032 2257 1085 iIlatae
2288 1031 2501 1099 injuria:
2524 1039 2669 1093 sunt,
2703 1028 2962 1081 honestos
2989 1026 3299 1095 probosque
3330 1023 3480 1077 viros

1889 1139 2195 1192 magnaque
2226 1124 2594 1192 aequabilitate
2622 1123 2822 1175 vixisse
2860 1119 3123 1187 reperias.

1962 1218 2048 1271 l7.
2077 1217 2210 1282 Qua:
2235 1232 2359 1271 cum
2398 1218 2469 1269 ita
2501 1217 2631 1280 sint,
2666 1214 2925 1284 quoniam
2976 1224 3027 1266 tu
3055 1211 3274 1281 quidem
3315 1210 3479 1278 justi-

1890 1310 2019 1362 tiam
2054 1310 2297 1377 aliquam
2330 1308 2587 1362 omnibus
2628 1307 2847 1370 tribuis,
2880 1306 3022 1359 Deus
3054 1316 3237 1358 autem
3280 1318 3481 1357 secun-

1889 1399 2017 1452 dum
2041 1415 2103 1453 ea
2126 1415 2249 1469 qua:
2280 1400 2439 1453 hodie
2487 1400 2622 1453 ﬁunt
2654 1414 2840 1468 parum
2870 1397 3019 1466 juste
3062 1412 3224 1466 agere
3243 1398 3477 1460 videtur,

1889 1494 1933 1545 si
1969 1508 2144 1561 neque
2176 1492 2229 1545 iu
2286 1492 2468 1546 futura
2530 1494 2638 1545 vita
2701 1505 2892 1561 pmnas
2950 1490 3140 1553 luunt,
3191 1490 3283 1559 qui
3354 1505 3476 1544 eun-

1891 1596 2288 1654 praeceptorum
2314 1602 2539 1639 suorum
2581 1587 2874 1640 violatione
2913 1585 3191 1654 aspernati
3237 1595 3386 1647 sunt,
3423 1593 3476 1635 tu

1892 1676 2139 1745 profecto
2179 1694 2238 1731 es
2270 1676 2620 1746 Deojustior.
2658 1677 2821 1730 Vides
2854 1693 2997 1729 llllllc
3050 1687 3253 1745 quanta
3305 1690 3369 1727 ex
3396 1675 3481 1727 his

1891 1779 2153 1837 sequatur
2202 1770 2539 1831 absurditas,
2576 1779 2632 1824 et
2682 1785 2921 1839 quonam
2981 1769 3107 1821 mali
3152 1769 3483 1836 processerit.

1891 1863 2076 1931 opinio
2107 1863 2437 1931 tua?Cujus
2474 1865 2549 1916 rei
2603 1877 2825 1916 causam
2887 1861 3100 1914 discere
3129 1860 3173 1912 si
3231 1859 3390 1923 velis,
3424 1859 3477 1911 in

1894 1966 2140 2025 promptu
2177 1964 2278 2010 est.
2303 1956 2639 2021 Quibusdam
2691 1955 2927 2023 peccatis
2965 1956 3072 2021 jam
3102 1953 3154 2006 in
3212 1953 3313 2005 hac
3372 1953 3478 2004 vita

1892 2062 2070 2117 paenae
2097 2049 2433 2118 iniliguntur,
2490 2064 2683 2116 nempe
2710 2064 2778 2101 ne
2832 2048 3057 2100 omnino
3081 2047 3148 2100 de
3201 2046 3480 2114 punitione

1890 2143 2233 2196 diuidamus:
2266 2158 2388 2197 cum
2417 2142 2563 2195 enim
2592 2142 2669 2195 vel
2729 2157 2872 2194 nunc
2903 2141 3030 2201 sint,
3082 2140 3174 2209 qui
3226 2140 3356 2194 illud
3416 2145 3483 2193 de

1892 2234 2075 2289 futura
2111 2234 2345 2287 vindicta
2376 2235 2600 2288 credere
2635 2235 2831 2298 nolint,
2860 2235 2904 2289 si
2960 2249 3120 2287 nemo
3177 2234 3318 2288 ullas
3379 2235 3483 2287 hoc

1892 2330 1943 2380 in
1973 2327 2176 2381 saeculo
2206 2327 2398 2389 lueret,
2430 2329 2576 2394 quis,
2599 2328 2851 2393 obsecro,
2878 2337 2932 2381 et
2963 2344 3022 2381 se
3057 2328 3335 2382 commissi
3356 2344 3483 2397 pec-

1888 2420 1995 2473 cati
2022 2435 2212 2487 paznas
2244 2435 2364 2473 esse
2419 2422 2699 2483 daturum,
2734 2429 2785 2472 et
2820 2421 2941 2474 aliis
2991 2435 3085 2476 eas
3131 2421 3184 2473 in
3237 2420 3480 2473 futurum

1892 2519 2110 2581 tempus
2139 2513 2407 2565 reservari
2436 2512 2684 2565 crederet
2712 2510 2735 2564 Ἰ
2767 2509 2887 2565 Jam
2921 2528 3048 2565 vero
3098 2513 3226 2565 illud
3287 2528 3483 2566 omnes

1887 2601 2006 2663 fere
2053 2605 2300 2659 credunt.
2348 2600 2484 2656 Nam
2541 2604 2738 2657 intuitu
2768 2604 3082 2673 apparentis
3105 2607 3181 2659 rei
3212 2604 3483 2661 dubitatio

1892 2703 2105 2757 tollitur
2128 2702 2193 2753 de
2230 2713 2286 2751 re
2312 2712 2419 2750 non
2451 2708 2769 2765 apparente.
2820 2698 2935 2751 Erit
2984 2698 3148 2769 igitur
3184 2699 3481 2768 judicium,

1894 2797 2167 2865 nullisque
2216 2794 2470 2862 precibus
2520 2792 2859 2859 deprecanda
2916 2794 3181 2845 malorum
3247 2794 3481 2862 punitio,

1892 2895 2019 2948 item
2050 2901 2102 2941 ut
2137 2888 2321 2957 probis
2354 2888 2748 2947 remuneratio,
2781 2894 2903 2954 post
2933 2886 3072 2939 hanc
3119 2888 3303 2941 vitam.
3332 2887 3477 2940 Dicet

1896 2981 2033 3037 [orte
2059 2983 2258 3051 aliquis
2290 2993 2532 3035 vestrum
2558 2996 2576 3034 :
2602 2981 2667 3034 At
2695 2981 2738 3034 si
2774 2980 3026 3034 scelerati
3060 2981 3219 3036 malis
3242 2981 3480 3036 allicien-

1892 3087 2004 3139 tttr,
2029 3076 2157 3130 boni
2211 3075 2390 3142 bonis,
2424 3075 2635 3143 justitia
2686 3075 2905 3143 quidem
2948 3074 3149 3142 judiris
3189 3075 3366 3142 palam
3398 3076 3482 3141 lit,

1893 3168 2183 3221 clementia
2214 3176 2396 3220 autem
2427 3165 2546 3233 ejus
2574 3180 2702 3235 erga
2742 3165 2991 3219 homines
3010 3166 3098 3218 ubi
3161 3167 3483 3234 apparebit?

200 3268 330 3318 κατ’
359 3267 528 3334 ἄμφω
578 3264 670 3315 τὸν
711 3261 845 3314 Θεὸν
892 3261 1118 3329 ἐνεργὸν
1176 3254 1340 3321 εἶναι,
1371 3256 1617 3326 ἐξεῦρεν,
1644 3257 1791 3320 ὅπως

1901 3260 2008 3314 Nec
2042 3278 2070 3314 a
2100 3261 2309 3314 ratione
2340 3261 2518 3314 aliena
2557 3269 2639 3311 est
2682 3259 2798 3312 haec
2849 3259 3225 3327 interrogatio.
3258 3259 3484 3327 Oportet

197 3360 265 3410 τὸ
291 3358 686 3427 φιλάνθρωπον
716 3354 905 3418 δείξας
954 3355 1049 3407 καὶ
1081 3353 1143 3404 τὸ
1185 3351 1401 3403 δίκαιον
1436 3349 1791 3413 ἐπιδείξεται.

198 3450 301 3511 El;
341 3449 443 3517 μέν
475 3443 572 3499 οῦν
595 3445 746 3498 τόνδε
774 3444 867 3496 τὸν
900 3441 1109 3511 κόσμον
1142 3440 1394 3509 ἀφθόνως
1423 3456 1482 3492 τε
1516 3440 1612 3491 καὶ
1640 3439 1797 3508 δαψι-

198 3540 315 3601 λῶς
343 3539 441 3609 τὴν
471 3539 711 3609 ἀρρητον
758 3535 843 3587 ῦει
891 3532 1309 3602 φιλανθρωπίαν
1360 3534 1531 3584 πᾶσιν
1580 3533 1794 3595 ἁπλῶς,

198 3632 280 3694 ὡς
308 3632 522 3697 ἔξεστιν
552 3633 615 3682 ἐκ
641 3628 751 3680 τῶν
782 3627 1131 3696 πραγμάτων
1174 3624 1339 3675 αὑτοῦ
1386 3626 1612 3676 σκοπεῖν
1636 3639 1652 3655 ο
1696 3624 1795 3693 τὴν

198 3722 565 3790 δικαιοσύνην
588 3721 645 3773 δὲ
666 3722 732 3790 τῇ
762 3716 1157 3785 παλιγγενεσία
1177 3716 1254 3786 (2)
1276 3717 1601 3785 τετήρηκεν.
1626 3714 1793 3767 Οὔπω

199 3818 382 3882 λέγω,
413 3813 489 3875 ὡς
536 3814 632 3865 καὶ
662 3814 697 3881 ἡ
733 3810 957 3870 κόλασις
998 3809 1136 3877 αὑτὴ
1177 3808 1348 3876 πολλῇ
1402 3806 1792 3876 φιλανθρωπίᾳ

198 3922 263 3957 τε
322 3904 420 3956 καὶ
460 3902 791 3973 χρηστότητι
845 3900 942 3952 καὶ
989 3897 1461 3963 κατεσκεύασται,
1501 3898 1597 3950 καὶ
1635 3899 1796 3966 ἠπεί-

198 3999 394 4067 ληται.

1900 3354 2044 3403 enim
2070 3350 2235 3402 Deum
2258 3360 2380 3404 actu
2407 3361 2458 3404 et
2488 3350 2683 3403 eﬂ‘ectu
2712 3365 2833 3404 esse
2884 3350 2935 3402 id
2978 3352 3121 3419 quod
3181 3361 3286 3417 est,
3327 3368 3483 3406 sum-

1900 3459 2046 3496 mam
2073 3444 2357 3512 ipsamque
2389 3443 2657 3511 justitiam
2689 3452 2744 3497 et
2766 3443 3061 3496 bonitatem
3097 3461 3110 3496 :
3140 3454 3194 3498 et
3218 3446 3479 3513 quoniam

1901 3536 2202 3589 scentulum
2229 3537 2417 3589 ambas
2453 3536 2552 3589 has
2595 3536 2829 3589 virtutes
2853 3551 3014 3604 agere
3069 3552 3192 3590 eum
3257 3553 3483 3591 necesse

1899 3636 2002 3693 est,
2043 3629 2187 3681 viam
2222 3629 2447 3693 invenit,
2472 3645 2578 3696 qua
2611 3629 2695 3682 via
2716 3636 2779 3682 et,
2802 3630 3100 3683 bonitatem
3143 3632 3478 3697 ostenderet,

1897 3729 1953 3774 et
1981 3722 2339 3775 nihilominus
2368 3722 2699 3792 patefaceret
2724 3722 3017 3791 justitiam.
3060 3723 3119 3777 In
3152 3724 3298 3778 hunc
3324 3741 3482 3777 mun-

1898 3814 2028 3866 dum
2056 3814 2200 3866 enim
2220 3815 2325 3869 dici
2361 3831 2468 3868 non
2502 3824 2679 3885 potest
2706 3831 2872 3885 quam
2901 3816 3118 3869 abunde
3140 3827 3195 3869 et
3242 3816 3483 3871 liberali-

1898 3914 1978 3958 ter
2009 3919 2164 3956 suam
2192 3920 2319 3974 erga
2354 3905 2606 3961 homines
2637 3907 3027 3976 benignitatem
3070 3909 3328 3963 omnibus
3378 3910 3481 3962 itu-

1899 3994 2014 4048 bris
2043 3998 2216 4049 instar
2242 3996 2545 4065 profundit,
2593 4008 2653 4053 ut
2682 4014 2747 4053 ex
2793 4001 2964 4068 ipsius
3011 4000 3269 4066 operibus
3321 4002 3481 4054 intel-

202 4094 301 4163 ligi
344 4092 845 4163 potestzjustitiam
876 4106 1031 4146 nova).
1051 4100 1176 4161 post
1209 4101 1441 4146 mortem
1490 4088 1614 4143 vita:
1669 4091 1990 4144 reservavit.
2043 4090 2222 4160 Atque
2273 4108 2385 4147 non
2442 4109 2686 4149 memoro
2732 4110 2901 4160 nunc,
2964 4104 3172 4164 quanta
3239 4094 3484 4151 bonitate

198 4198 259 4241 et
286 4186 585 4240 clementia
614 4186 729 4253 ipsa
751 4188 961 4255 punitio
982 4196 1037 4241 et
1073 4185 1371 4241 constituta
1419 4196 1525 4251 εει,
1554 4197 1607 4242 et
1654 4188 2037 4257 pramuntiata.

283 4277 378 4348 ιη’.
410 4278 578 4331 Ταῦτ’
611 4278 746 4349 ἐμοῦ
780 4280 1091 4349 εἰρηκότος,
1125 4282 1459 4350 σιγήσαντος
1502 4280 1599 4335 τοῦ
1642 4282 1792 4353 πρώ-

198 4392 327 4436 του,
364 4371 566 4442 βλέψας
600 4374 629 4427 ὁ
665 4372 931 4445 νεώτερος
960 4374 1075 4436 υίὸς
1109 4374 1190 4435 είς
1238 4375 1334 4426 τὸν
1373 4375 1540 4428 αὐτοῦ
1574 4377 1793 4446 πατέρα

200 4464 333 4519 εἶπέ
366 4481 418 4518 τι
446 4466 585 4537 πρὸς
620 4466 783 4518 αὐτὸν
812 4468 881 4536 τῇ
925 4466 1036 4519 τῶν
1075 4466 1327 4536 Ἀράϐων
1375 4470 1567 4537 φωνῇ·
1611 4471 1707 4521 καὶ
1734 4467 1793 4531 ὃς

199 4554 639 4625 ἀποδεξάμενος,
669 4556 746 4619 ὡς
792 4555 961 4619 ἐοικε,
996 4556 1058 4609 τὸ
1102 4555 1293 4626 ῥηθὲν,
1326 4558 1465 4626 πρὸς
1511 4559 1661 4627 ἡμᾶς
1706 4558 1796 4610 διὰ

198 4650 308 4716 τῆς
338 4648 450 4700 τῶν
472 4647 733 4718 Τούρκων
758 4648 1057 4717 μετέδωκε,
1074 4650 1187 4709 τοῖς
1213 4648 1519 4717 ἑρμηνεῦσι
1548 4649 1794 4719 συνήθως

199 4743 291 4803 είς
323 4739 487 4792 τοῦτο
526 4728 899 4808 χρησάμενος.
930 4740 1006 4791 Τὸ
1058 4739 1115 4792 δέ
1157 4735 1227 4809 ἦν
1270 4742 1451 4793 ἐκεῖνο
1502 4741 1560 4793 τὸ
1610 4741 1800 4811 λεχθὲν

202 4830 347 4898 παρ’
374 4831 535 4900 ἐμοῦ,
563 4830 639 4891 ὡς
682 4830 793 4899 ἀρα
825 4830 1099 4897 παρέλκον
1135 4832 1200 4883 ἂν
1255 4833 1342 4899 εἰη
1388 4834 1486 4884 καὶ
1516 4835 1797 4903 περιττὸν,

197 4923 271 4974 τὸ
294 4922 392 4974 τὸν
422 4921 660 4989 Χριστὸν
683 4920 838 4990 ἥξειν
885 4920 1186 4989 κρινοῦντα
1231 4922 1416 4975 πᾶσαν
1450 4923 1551 4993 τὴν
1594 4924 1720 4991 γῆν,
1752 4927 1802 4977 εἰ

202 5014 406 5083 μέλλοι
454 5012 663 5074 πάντας
697 5011 898 5065 σώσειν
928 5013 1054 5082 ἑξῆς
1074 5029 1089 5042 ·
1121 5016 1218 5067 καὶ
1246 5015 1330 5067 ὅτι
1378 5015 1473 5066 καὶ
1503 5016 1561 5067 τὸ
1592 5015 1801 5079 δίκαιος

199 5102 357 5158 εἶναι
402 5104 494 5157 τὸν
543 5105 745 5174 τρόπον
792 5102 981 5179 τοῦτον
1020 5104 1310 5158 ἀπόλλυσι.
1344 5105 1532 5157 Ταῦτα
1577 5106 1656 5170 δὲ,
1691 5106 1795 5177 ἔφη

199 5201 447 5261 ἐκεῖνος,
477 5198 575 5267 οὐχ
608 5196 812 5258 ἱκανῶς
842 5196 1249 5253 ἀποδέδεικται.
1288 5200 1484 5268 Κρινεῖ
1518 5200 1626 5269 γάρ
1656 5200 1796 5268 ἀμέ-

198 5293 317 5353 λει,
336 5290 435 5341 καὶ
461 5287 780 5358 παραδώσει
810 5287 1069 5343 κολάσεσι
1099 5291 1221 5351 τοὺς
1249 5289 1797 5357 ἀντινομοθετοῦντας

199 5386 334 5446 ταῖς
382 5381 477 5434 τοῦ
515 5381 765 5452 Μωάμεθ
809 5381 1185 5451 παραδόσεσιν
1224 5382 1494 5441 ἅπαντας.
1532 5380 1674 5448 Πρὸς
1705 5380 1794 5430 ὃν.

203 5493 319 5545 περ
372 5475 510 5545 ἔφην
559 5474 759 5535 αὐτός’
806 5474 1066 5528 ’Ἥδιστόν
1119 5489 1212 5541 μοι
1263 5474 1431 5536 δοκεῖ,
1478 5473 1576 5523 καὶ
1627 5470 1797 5522 πολὺν

202 5567 433 5636 καρπὸν
458 5567 761 5636 δυνάμενον
790 5567 1063 5633 ἐνεγκεῖν,
1097 5565 1158 5618 τὸ
1189 5564 1281 5617 τὸν
1329 5563 1799 5633 προσδιαλεγόμε-

200 5677 306 5713 νον
364 5658 544 5715 είπεῖν
600 5657 665 5711 τὸ
718 5658 1179 5728 παριστάμενον·
1240 5656 1342 5708 κάν
1403 5654 1579 5718 άλλως
1638 5653 1799 5706 τοῦτο

287 5807 370 5875 (l)
401 5803 538 5875 Cod.
564 5803 731 5859 Coisl.
765 5806 839 5857 εί.

290 5872 371 5944 (2)
401 5874 808 5941 Ιιαλιγγενεσία
852 5877 938 5927 hic
972 5889 1077 5928 non
1123 5876 1409 5943 baptisma,
1451 5872 1566 5933 ,sed
1624 5874 1801 5927 futura

206 5958 347 6019 post
376 5946 841 6000 resurrectionem
868 5945 998 6011 vita,
1022 5961 1087 5998 ex
1114 5946 1305 6001 Matth.
1346 5960 1457 6007 xu,
1489 5944 1580 6009 ‘28,
1599 6016 1605 6025 .
1624 5945 1711 5997 ‘Ev
1736 5947 1805 6014 τῇ

535 6040 810 6104 ΡΑτιιοι.
852 6041 971 6103 Gtt.
1022 6039 1201 6101 CLVI

1974 4285 2062 4340 l8.
2094 4284 2225 4352 Quae
2255 4301 2381 4341 cum
2411 4301 2511 4356 ego
2538 4287 2826 4353 dixissem,
2873 4288 3126 4356 illiusque
3148 4298 3277 4343 natu
3306 4291 3481 4361 major

1901 4377 2108 4443 sileret,
2141 4378 2322 4433 minor
2352 4379 2405 4433 in
2439 4392 2647 4449 patrem
2675 4381 2895 4434 intuens
2928 4381 3137 4449 aliquid
3168 4382 3217 4435 ei
3249 4383 3480 4437 Arabico

1900 4482 2150 4522 sermone
2176 4469 2350 4535 dixit;
2380 4471 2526 4540 quod
2546 4471 2655 4535 ille,
2676 4480 2733 4524 ut
2754 4471 3056 4535 videbatur,
3078 4475 3476 4542 comprobavit,

1902 4557 1969 4612 ad
1998 4574 2205 4628 uosque
2225 4558 2458 4614 Turciea
2492 4562 2676 4631 lingua
2734 4563 3057 4627 transmisit,
3091 4564 3480 4634 interpretibus

1900 4666 1965 4705 ex
2001 4667 2151 4706 more
2176 4654 2456 4707 adhibitis.
2490 4654 2544 4706 ld
2578 4663 2696 4707 erat
2722 4654 2849 4708 illud
2899 4656 3076 4723 ipsum
3129 4659 3275 4725 quod
3327 4658 3483 4714 dixe-

1897 4758 2037 4809 ram,
2074 4745 2323 4799 inutilem
2367 4760 2591 4812 prorsus
2646 4745 2849 4799 Christi
2907 4749 2972 4799 ad
3026 4763 3225 4801 omnen
3276 4758 3479 4805 terram

1896 4836 2244 4902 judicandam
2268 4846 2323 4892 et
2346 4851 2746 4905 supervacuum
2781 4853 2903 4893 esse
2925 4842 3239 4906 adventum,
3276 4843 3323 4895 si
3355 4844 3481 4912 qui-

1900 4929 2023 4981 dem
2054 4943 2248 4981 omnes
2277 4928 2500 4979 omnino
2527 4929 2615 4981 ille
2660 4929 2732 4983 sit
2753 4942 3071 4985 servaturus
3100 4951 3115 4998 ;
3157 4938 3481 4991 verendum-

1901 5033 2005 5085 que
2033 5033 2180 5080 eSse,
2204 5032 2272 5070 ne
2301 5016 2434 5085 justi
2469 5035 2665 5073 nomen
2719 5021 2823 5075 hoc
2870 5025 3032 5076 modo
3084 5027 3315 5078 amittat.
3354 5026 3481 5080 Haec

1905 5108 2070 5169 enim,
2103 5109 2279 5174 inquit
2309 5110 2419 5172 ille,
2475 5127 2582 5164 non
2615 5113 2748 5165 satis
2799 5115 3169 5169 demenstrata
3209 5126 3353 5170 sunt.
3386 5116 3482 5172 Ju-

1907 5201 2109 5253 dicabit
2143 5210 2290 5253 certe
2308 5202 2577 5267 videlicet,
2613 5206 3003 5274 suppliciisque
3025 5222 3119 5261 eos
3142 5223 3334 5262 omnes
3366 5218 3481 5263 tra-

1905 5293 2014 5352 det,
2036 5307 2129 5360 qni
2156 5293 2493 5361 disciplinam
2525 5297 2814 5351 Moamethi
2850 5301 3117 5355 institutis
3146 5304 3477 5357 contrariam

1904 5383 2208 5436 docuerint.
2228 5385 2309 5438 Ad
2338 5402 2500 5453 quem
2522 5400 2649 5441 tunc
2671 5405 2772 5459 ego
2799 5406 2813 5443 :
2839 5390 2941 5446 l'er
2960 5394 3116 5459 mihi,
3137 5410 3229 5462 per
3254 5395 3479 5464 inquam

1906 5487 2118 5544 gratum
2154 5487 2259 5541 est,
2287 5494 2653 5548 magntnnque
2680 5486 2933 5539 utilitatis
2979 5485 3217 5541 fructum
3265 5488 3483 5543 videtur

1908 5567 2165 5634 praebere,
2197 5570 2241 5623 si
2302 5586 2533 5637 quocum
2586 5576 2870 5642 colloquor
2898 5578 2943 5630 is
2998 5578 3263 5649 quidquid
3300 5580 3403 5633 sibi
3428 5582 3482 5635 in

1907 5668 2141 5711 mentem
2176 5662 2321 5715 venit
2354 5663 2629 5731 eloquitur
2653 5679 2666 5716 :
2702 5668 2846 5734 quod
2869 5667 2913 5721 si
2942 5668 3098 5722 aliter
3127 5669 3304 5725 facere
3328 5672 3485 5725 volu-

1907 5806 2341 5887 παλιγγενεσία,-
2396 5810 2525 5887 ὅταν
2560 5810 2761 5887 κ-σιθίση
2802 5813 2828 5862 ό
2870 5812 2998 5877 Υἱὸς
3040 5813 3134 5867 τοῦ
3195 5816 3483 5887 ἀνθρώπου

1912 5879 2004 5929 ἐπὶ
2034 5879 2225 5948 θρόνου
2251 5880 2408 5948 δόξης
2436 5882 2629 5936 αὑτοῦ.

3099 6042 3135 6099 6
