4208 6444
790 427 887 492 171
1945 435 2345 499 MANUELIS
2387 442 2838 505 PAL/EOLO‘GI
3933 447 4044 514 1H

786 550 914 614 erit,
950 562 1058 601 non
1083 546 1307 610 videbi‘t,
1346 544 1731 614 disputationis
1778 545 1981 604 frustra
2008 567 2037 605 a
2068 568 2125 606 se
2157 554 2342 623 suscip

2441 561 2646 617 ,ποιεῖν
2700 561 2957 632 βουληθῇ,
2990 561 3146 631 λήσει
3192 562 3319 625 τοὺς
3374 563 3571 628 πόνους
3623 563 3911 626 ἀναλώσας
3943 567 4040 618 ἐστὶ

783 636 1048 691 laborem.
1084 636 1221 690 Nam
1248 634 1449 689 vulnus
1472 635 1614 703 quod
1633 634 1938 690 occultatur
1961 634 2026 693 ad
2069 641 2348 694 sanitatem

2465 650 2626 720 κενῷ.
2658 652 2894 721 Τραῦμα
2942 656 3052 722 γὰρ
3081 655 3503 724 κεκαλυμμένον
3546 656 3739 723 ὑγείας
3768 657 3871 709 οὐκ
3914 656 4045 709 ἐπι-

781 730 1066 797 pervcnire
1092 729 1299 797 nequit.
1337 726 1459 780 Tibi
1487 737 1668 780 autem
1697 728 1765 781 de
1792 728 2063 805 ejusmodi
2091 733 2212 786 [iliis
2241 749 2348 803 gra-

2462 734 2732 807 τεύξεται.
2760 747 2851 797 Σοὶ
2882 747 2939 798 δὲ
2969 749 3250 818 συγχαίρω
3286 749 3563 812 τοιούτους
3592 749 3827 817 φύσαντι
3847 763 3860 777 ⁸
3893 746 4047 803 δοκεῖ

781 821 957 874 tnlor:
987 821 1184 875 etenim
1218 818 1463 888 pulchre.
1499 835 1619 888 quae
1682 819 1769 874 hic
1805 821 2087 888 dicuntur,
2140 826 2355 893 assequi

781 911 999 963 videtur
1023 909 1343 964 adolescens
1375 924 1392 960 :
1424 909 1602 975 ipsum
1664 918 1842 961 tamen
1886 909 2029 963 scire
2087 912 2227 975 volo,
2259 913 2360 963 im-

777 1003 891 1053 pios
919 1003 972 1054 in
1000 1001 1208 1069 judicio
1232 1016 1335 1052 non
1369 1017 1475 1053 esse
1506 1014 1914 1063 resurrecturos,
1966 1012 2022 1053 ut
2049 1001 2119 1054 ait
2168 1002 2353 1056 David.

778 1100 950 1161 Quem
988 1098 1031 1150 si
1063 1095 1308 1150 admittis
1339 1105 1559 1159 testem,
1596 1111 1767 1166 vanus
1789 1096 1893 1149 erit
1932 1097 2017 1149 hic
2037 1112 2239 1161 sermo,
2268 1098 2354 1166 ju-

776 1200 920 1242 stum
950 1189 1189 1258 judicent
1220 1188 1594 1257 judicaturun:
1625 1203 1746 1243 esse
1772 1204 2025 1256 paganos,
2052 1190 2357 1258 suppliciis-

774 1294 878 1335 aue
931 1294 1024 1335 eos
1076 1294 1195 1333 esse
1244 1280 1567 1333 traditurum
1616 1298 1628 1333 :
1695 1289 2111 1334 atservaturum
2166 1298 2355 1338 omnes

775 1373 895 1427 sine
925 1372 1266 1431 discrimine.
1341 1372 1433 1440 qui
1498 1372 1636 1426 male
1682 1373 1915 1426 vixerint
1969 1374 2211 1441 quidem,
2259 1376 2353 1430 sed

774 1476 921 1517 recta
947 1476 1124 1517 tamen
1162 1464 1215 1516 in
1240 1463 1345 1517 lide
1368 1464 1586 1519 fuerint.
1624 1466 1778 1529 Quod
1805 1468 1846 1518 si
1871 1464 2089 1519 Davidis
2117 1469 2354 1522 auctori-

776 1566 943 1608 tatem
987 1556 1195 1624 rejieis,
1219 1555 1366 1624 quod
1423 1555 1693 1622 reliquum
1732 1568 1813 1611 est
1842 1556 2131 1623 faciamus,
2154 1559 2353 1613 armis-

773 1664 881 1716 que
945 1650 1146 1701 nostris
1174 1648 1573 1716 (probabilibus
1593 1648 1863 1702 rationum
1898 1652 2190 1703 momentis
2208 1649 2349 1720 dico)

773 1755 874 1809 pro
910 1751 1093 1794 nostra
1125 1741 1401 1795 sententia
1435 1754 1878 1809 propugnemus:
1913 1740 2178 1805 Quocirca
2236 1744 2349 1809 ple-

773 1846 942 1898 raque
969 1831 1152 1884 dicere
1187 1830 1414 1884 omitto:
1454 1831 1585 1884 illud
1618 1847 1785 1884 unum
1812 1833 1954 1887 addo
1979 1846 2140 1903 supra
2166 1834 2346 1894 dictis.

2466 852 2556 903 μοι
2582 838 2689 907 γὰρ
2719 830 2872 900 οὗτος
2897 841 2925 891 ό
2959 842 3078 901 νέος
3126 842 3309 902 καλῶς
3353 859 3417 909 γε
3467 842 3782 896 ἐπιϐάλλειν
3809 845 3925 906 τοῖς
3955 844 4044 895 λε-

2461 929 2750 997 γομένοις·
2799 931 2940 1002 πλὴν
2989 932 3282 1000 γινώσκειν
3335 934 3501 986 αὐτὸν
3549 935 3749 997 ἐθέλω,
3798 935 3875 997 ὡς
3936 936 4045 988 οὐκ

2459 1014 2860 1090 ἀναστήσονται
2914 1025 3133 1088 ἀσεϐεῖς
3165 1027 3224 1077 ἐν
3257 1027 3437 1095 κρίσει
3489 1026 3605 1095 (1)·
3645 1028 3674 1078 ό
3702 1027 3871 1079 Δαϐὶδ
3898 1028 4044 1080 οὕτω

2458 1110 2628 1178 λέγει.
2669 1115 2763 1168 Ὃν
2794 1118 2842 1168 εί
2897 1117 3152 1189 μάρτυρα
3194 1121 3501 1191 παραδέχῃ,
3535 1119 3764 1190 μάταιος
3810 1123 3837 1172 ό
3880 1120 4039 1187 λόγος

2454 1204 2635 1269 οὗτος,
2690 1209 2771 1259 ὄτι
2822 1210 2951 1272 τοὺς
3001 1212 3265 1275 ἀπίστους
3318 1217 3518 1282 κρινεῖ,
3576 1216 3671 1267 καὶ
3718 1214 4041 1282 παραδώσει

2457 1298 2681 1361 τούτους
2721 1301 3017 1355 κολάσεσιν
3047 1305 3075 1355 ὁ
3103 1302 3312 1368 δίκαιος
3343 1308 3541 1377 κριτής
3561 1321 3575 1335 ·
3609 1305 3773 1358 σώσει
3804 1305 3863 1356 δὲ
3898 1306 4040 1357 πάν-

2455 1404 2552 1452 τας
2593 1390 2720 1461 ἑξῆς
2750 1392 2879 1455 τοὺς
2903 1394 3124 1462 φαύλως
3164 1397 3241 1465 (2)
3280 1398 3381 1466 μὲν
3423 1399 3776 1468 βεϐιωκότας,
3813 1396 3954 1467 ὀρθῇ
3985 1397 4039 1448 δὲ

2457 1483 2639 1535 πίστει
2678 1480 3042 1555 αὐξήσαντας.
3075 1485 3139 1540 ΕΞ
3178 1488 3236 1540 δὲ
3273 1491 3366 1542 τὸν
3410 1490 3573 1545 Δαϐὶδ
3612 1493 3983 1561 παραγράφῃ.
4012 1488 4041 1539 ὓ

2456 1571 2640 1627 λοιπόν
2671 1577 2786 1629 ἐστι
2820 1577 3089 1646 ποιῶμεν,
3124 1583 3221 1633 καὶ
3253 1582 3318 1634 ἐκ
3345 1583 3455 1634 τῶν
3482 1582 3608 1636 καθ’
3632 1583 3778 1650 ἡμᾶς
3808 1582 4040 1649 (τούτων

2454 1666 2599 1736 φημὶ
2632 1669 2697 1738 δὴ
2734 1670 2845 1722 τῶν
2876 1672 3126 1739 εἰκότων)
3182 1674 3568 1743 συμμαχῶμεν
3617 1675 3718 1744 ήδη
3755 1674 3835 1744 τῷ
3864 1674 4036 1744 λόγῳ.

2454 1759 2659 1828 Παρεὶς
2703 1757 2797 1812 οὖν
2830 1761 3012 1829 λέγειν
3053 1766 3120 1816 τά
3152 1765 3568 1830 πλείω,·ἐκείνό
3617 1781 3682 1831 γε
3733 1764 4037 1834 προσθήσω

2452 1851 2564 1911 τοῖς
2607 1852 2942 1921 εἰρημένοις,
2967 1852 2995 1905 ὅ
3025 1854 3089 1923 δὴ
3118 1856 3211 1907 καὶ
3245 1855 3409 1924 μόνον
3438 1856 3601 1927 ῥηθὲν
3626 1854 3812 1909 ἱκανὸν
3844 1857 4035 1907 πεῖσαι

768 1920 914 1989 quod
948 1924 1026 1975 vel
1052 1922 1225 1975 solum
1268 1922 1477 1975 homini
1516 1938 1626 1975 non
1672 1924 1829 1991 plane
1858 1925 2223 1979 ςοιιιοιιιίοιιίε
2246 1939 2343 1980 cu-

2448 1942 2540 1994 τὸν
2578 1914 2866 2014 μὴὴπάντη
2897 1914 3218 2014 ιριλόνεικον.

765 2013 892 2083 pido
924 2000 1246 2082 persuadere
1275 2015 1469 2082 possit.

846 2107 931 2158 19.
964 2104 1073 2163 Fac
1142 2106 1380 2174 aliquem
1443 2116 1778 2161 structarum
1836 2107 1950 2177 regi
2023 2107 2341 2162 insidiarum

765 2211 916 2250 reum
952 2212 1072 2251 esse
1108 2217 1121 2250 :
1159 2198 1204 2252 si
1234 2212 1322 2253 res
1353 2199 1404 2251 in
1427 2199 1569 2252 dubi:
1618 2208 1885 2264 versetur,
1931 2199 2341 2255 delensionisei

762 2292 979 2344 dabitur
1008 2291 1158 2344 locus
1193 2308 1206 2343 :
1243 2290 1417 2343 actori
1449 2300 1502 2343 et
1534 2306 1625 2344 reo
1652 2292 1902 2344 eumdem
1927 2293 2339 2361 clepsydrarum

766 2396 1050 2433 numerum
1080 2379 1361 2441 concedet,
1394 2379 1663 2434 ambobus
1693 2394 1848 2449 asque
1882 2396 2044 2435 aures
2074 2382 2336 2451 praebebit

759 2477 949 2544 jutex,
981 2488 1081 2528 nec
1116 2475 1225 2527 ulla
1259 2467 1313 2526 re
1340 2474 1588 2541 superior
1610 2474 1712 2528 erit
1734 2474 1888 2543 isqui
1916 2490 2015 2543 pro
2033 2491 2158 2546 rege
2185 2476 2339 2532 dicit.

764 2567 858 2620 Szn
896 2577 1077 2620 autem
1129 2567 1637 2621 manifestissimum
1688 2567 1897 2621 crimen
1934 2569 2233 2631 estfadeo
2284 2577 2342 2623 ut

763 2671 941 2725 neque
980 2657 1318 2723 argumentis
1348 2670 1526 2725 neque
1556 2656 1662 2709 ullo
1703 2656 2029 2710 testimonio
2078 2656 2338 2726 indigeat,

762 2752 965 2801 nullam
1000 2748 1228 2799 omnino
1266 2749 1711 2816 deprecationem
1761 2750 1990 2803 tentabit
2037 2764 2185 2814 reus,
2246 2751 2339 2804 sed

761 2853 950 2893 t-otttt'a
985 2842 1175 2908 seipse
1212 2843 1319 2892 tata
1352 2842 1621 2895 sententia
1652 2842 1717 2895 ad
1761 2842 2019 2910 laqueum
2055 2843 2339 2899 festinabit

761 2932 1081 3000 aliquando,
1107 2940 1447 3001 mortemque
1479 2941 1695 2986 tantum
1727 2949 1834 2987 non
1866 2935 2143 2989 invocabit
2179 2936 2339 2989 :ideo

760 3024 907 3094 quod
962 3025 1249 3093 pudorem,
1312 3025 1776 3095 gravissimasque
1836 3028 2183 3082 conscientiae
2250 3042 2337 3081 re-

761 3115 1150 3183 prehensiones
1175 3123 1229 3168 et
1255 3114 1622 3170 intolerabiles
1644 3118 1895 3172 stimulos
1917 3120 2058 3172 terre
2079 3129 2332 3187 nequeat.

760 3208 1102 3276 Quapropter
1157 3221 1317 3260 nemo
1369 3223 1610 3277 unquatn
1645 3208 1697 3261 in
1769 3210 2026 3264 tribunali
2065 3212 2310 3266 consedit

2519 2122 2604 2178 ιθ’.
2647 2125 2747 2178 ’Ἢν
2796 2126 2888 2180 οὖν
2934 2145 3018 2190 τις
3061 2127 3329 2197 βασιλέως
3365 2129 3662 2197 ἐπιϐουλῆς
3692 2130 3897 2199 φεύγῃ,
3935 2133 4029 2183 καὶ

2446 2212 2587 2287 ᾖτὸ
2634 2218 2865 2287 πρᾶγμα
2917 2221 3244 2289 ἀμφίϐολον,
3290 2223 3591 2289 ἀπολογίας
3642 2224 3809 2286 τόπος
3852 2224 4030 2291 τούτῳ

2443 2309 2771 2379 δοθήσεται·
2804 2314 2902 2366 καὶ
2958 2316 3077 2368 ι’σον
3122 2317 3326 2385 ἀμφοῖν
3360 2316 3514 2369 ἔσται
3558 2317 3619 2369 τὸ
3648 2316 3812 2386 ὕδωρ,
3849 2317 3943 2371 καὶ
3971 2319 4030 2370 τὸ

2446 2400 2706 2469 ὑποσχεῖν
2734 2402 2802 2455 τά
2830 2396 2946 2456 ὦτα
2975 2404 3067 2457 τὸν
3098 2407 3385 2478 δικαστὴν,
3419 2410 3498 2478 τῷ
3525 2409 3784 2477 φεύγοντι
3832 2426 3894 2461 τε
3935 2411 4029 2462 καὶ

2442 2491 2521 2560 τῷ
2553 2494 2807 2547 διώκοντι
2833 2511 2848 2528 ’
2894 2496 3286 2566 πλεονεκτήσει
3332 2500 3391 2551 δὲ
3439 2500 3755 2573 οὑδαμῶςηό
3792 2500 3887 2553 τοῦ
3926 2500 4024 2570 βα-

2445 2584 2638 2647 σιλέως
2666 2587 3025 2659 ὑπερμαχῶν.
3046 2592 3150 2644 Ἦν
3167 2581 3267 2665 δ⁹ᾖ
3302 2593 3645 2661 σαφέστατον
3673 2593 4021 2664 τοῠγκλημα,

2439 2676 2514 2739 ὡς
2562 2680 2689 2749 μήτ’
2735 2680 2979 2751 ἐλέγχων
3000 2684 3206 2737 δεῖσθαι
3243 2687 3384 2755 μήτε
3424 2689 3732 2757 μαρτυρίας
3760 2692 4023 2758 ἡστινοσ-

2441 2768 2573 2833 οῦν,
2624 2771 2744 2823 οὐδὲ
2796 2773 2927 2839 γοῦν
2986 2777 3307 2845 πειράσεται
3353 2780 3454 2849 τὴν
3500 2781 3676 2852 ἀρχὴν
3742 2786 4020 2853 παραιτή-

2444 2864 2666 2927 σασθαι,
2697 2866 2832 2920 ἀλλά
2884 2867 3009 2921 καθ’
3043 2869 3209 2922 αὐτοῦ
3265 2872 3363 2940 τὴν
3405 2873 3589 2942 ψῆφον
3638 2876 3769 2939 ίδοις
3815 2877 3884 2930 ἂν
3928 2882 4021 2933 τὸν

2440 2945 2680 3010 τοιοῦτον
2708 2957 3066 3025 ἐξενεγκόντα
3098 2960 3246 3014 ἐστιν
3275 2956 3357 3027 οὗ,
3390 2967 3484 3017 καὶ
3515 2968 3610 3020 ἐπὶ
3639 2966 3839 3038 βρόχον
3866 2971 4019 3024 ἐπει-

2440 3047 2705 3115 γόμενον,
2752 3049 2846 3102 καὶ
2907 3052 3133 3120 μονονοὺ
3189 3053 3288 3123 τὴν
3337 3054 3593 3127 τελευτὴν
3643 3061 4019 3133 ἐπικαλούμε-

2439 3155 2527 3191 νον
2561 3139 2665 3209 (3),
2694 3141 2773 3211 τῷ
2806 3144 2905 3213 τὴν
2954 3145 3218 3216 αἰσχύνην
3265 3148 3339 3218 μὴ
3391 3150 3607 3221 φέρειν,
3636 3153 3732 3207 καὶ
3765 3158 3893 3219 τοὺς
3922 3156 4017 3225 βα-

2318 3252 2333 3278 ι
2363 3254 2405 3312 C
2444 3234 2556 3302 ρεῖς
2604 3233 2861 3304 ἐλέγχους
2908 3237 3002 3289 τοῦ
3051 3242 3372 3305 συνειδότος,
3409 3244 3505 3296 καὶ
3548 3244 3674 3308 τοὺς
3705 3248 4014 3315 ἀφορήτους

763 3314 821 3352 ιιι
878 3302 1087 3354 hostem
1114 3308 1330 3368 captum
1387 3306 1753 3372 redargueret,
1815 3304 2115 3373 mortisque
2176 3320 2335 3374 pretia

2441 3322 2632 3377 τούτου
2669 3302 2932 3397 νυγμούς.
2963 3330 3063 3383 Διά
3101 3348 3184 3384 τοι
3215 3302 3374 3388 τοῦτο
3420 3333 3619 3400 οῦκουν
3647 3302 4014 3410 Eni-praecata;

760 3396 981 3462 dignum
1005 3408 1126 3448 esse
1156 3394 1524 3449 convinceret.
1584 3395 1709 3451 Haec
1740 3398 1885 3451 enim
1940 3412 2096 3467 poena
2131 3402 2335 3468 peccati

761 3494 1011 3539 naturam
1061 3487 1331 3555 sequitur,
1367 3496 1420 3541 et
1444 3488 1561 3557 lege
1588 3504 1655 3543 ac
1683 3499 1927 3557 tempore
1956 3494 2332 3545 contirnnttur.

759 3576 1022 3629 'l'ribunal
1048 3587 1251 3642 autent,
1292 3579 1648 3647 etjudicium,
1672 3590 2084 3649 etargurnenla,
2111 3593 2165 3635 et
2191 3586 2333 3636 mul-

758 3677 811 3721 ta
843 3670 905 3721 de
937 3668 1053 3736 ipsa
1089 3684 1146 3722 re
1186 3669 1472 3738 inquisitio
1518 3685 1584 3723 eo
1638 3673 1931 3739 pertinent,
1990 3689 2053 3726 ne
2098 3673 2333 3729 ferenda:

759 3761 1039 3815 sententiae
1069 3761 1347 3827 dominus,
1369 3762 1531 3815 homo
1552 3778 1675 3817 cum
1694 3763 1783 3827 sit,
1808 3764 2131 3818 benevolum
2154 3767 2330 3820 virum

759 3868 857 3921 pro
888 3854 1110 3909 inimico
1164 3855 1483 3924 imprudens
1529 3856 1844 3911 interﬁciat.
1907 3862 1970 3912 At
2003 3862 2145 3912 enim
2202 3863 2326 3926 hoc,

758 3947 963 4015 optime
994 3949 1338 4013 adolescens,
1366 3949 1540 4002 locum
1570 3964 1679 4002 non
1721 3949 1939 4002 habebit
1996 3952 2135 4020 apud
2178 3952 2327 4005 illurn

756 4041 1015 4113 iudicem,
1047 4040 1137 4110 qui
1205 4056 1303 4109 pro
1346 4041 1592 4097 testibus
1644 4043 2169 4112 probationibusque
2197 4046 2325 4099 nulli

757 4134 1060 4202 eweplioni
1095 4134 1348 4187 obnoxiis
1383 4133 1816 4203 uniuscujusque
1850 4137 2182 4189 conscientia
2219 4142 2326 4190 uti-

757 4236 867 4281 tur.
906 4224 1096 4279 Omnia
1130 4229 1271 4277 nuda
1307 4226 1358 4289 1,
1385 4224 1565 4278 omnia
1585 4237 1772 4295 aperta
1795 4237 1924 4281 sunt
1953 4230 2128 4283 oculis
2157 4230 2324 4296 illius,

758 4318 853 4385 qui
879 4333 944 4371 eo
969 4319 1020 4369 in
1053 4316 1314 4371 tribunali
1346 4316 1554 4371 sedebit
1582 4336 1596 4372 :
1635 4318 1783 4371 illum
1823 4335 1981 4373 nemo
2014 4332 2145 4375 tunc
2182 4324 2327 4378 deci-

758 4426 887 4480 pere
918 4412 1225 4466 conabitur.
1251 4409 1516 4464 Omnibus
1534 4412 1700 4476 enim,
1730 4412 2325 4483 quibusnuneignotus

757 4512 861 4568 est,
896 4502 1218 4556 manifestus
1245 4502 1371 4555 erit.
1409 4503 1590 4571 Itaque
1625 4502 1868 4557 futurum
1897 4504 2160 4573 judicium
2216 4524 2322 4561 non

763 4594 1173 4647 inrredulorum
1207 4608 1374 4647 causa
1402 4593 1511 4646 lict.
1544 4590 1663 4646 Jam
1696 4609 1825 4648 vero
1848 4600 1892 4649 si
1920 4612 2039 4665 qua:
2090 4599 2327 4652 diximus

2441 4610 2515 4679 οἷς
2569 4590 2669 4671 νύν.
2710 4590 2868 4671 ἐστιν
2919 4620 3297 4689 ἀγνοούμενο;.

756 4682 849 4735 tibi
883 4682 1233 4750 persuadent,
1267 4696 1365 4736 nec
1391 4696 1451 4734 ea
1471 4696 1698 4751 prorsus
1716 4688 1996 4754 nugatoria
2020 4691 2320 4760 existimas,

754 4777 900 4841 quod
938 4781 1185 4841 superest
1216 4789 1356 4826 nunc
1391 4774 1638 4829 dicamus
1670 4793 1682 4829 :
1717 4776 1802 4831 vel
1829 4778 2085 4833 nimirum
2105 4794 2323 4853 pi-Opter

753 4866 963 4928 tideles,
1002 4865 1201 4932 lapsos,
1237 4865 1324 4917 vel
1359 4869 1584 4919 omnino
1625 4868 1833 4922 nullum
1888 4870 2002 4925 fore
2031 4873 2322 4941 judicium.

751 4959 915 5028 Atqui
944 4957 1189 5011 futurum
1230 4957 1642 5028 essejudieiuin
1684 4960 1737 5013 in
1768 4962 2023 5019 confesso
2056 4978 2141 5022 est
2176 4987 2189 5023 :
2224 4972 2325 5038 igi-

754 5059 841 5101 tur
872 5050 987 5101 lieri
1026 5064 1131 5104 non
1187 5058 1385 5115 potest,
1446 5061 1505 5104 ut
1550 5065 1743 5106 omnes
1795 5056 1888 5123 qui
1953 5058 2095 5126 piam
2161 5060 2319 5115 ﬁdem

754 5146 943 5198 colunt
988 5154 1272 5199 serventur
1314 5163 1331 5199 :
1380 5147 1618 5216 alioquin
1666 5150 1917 5207 Christus
1969 5170 2076 5209 non
2143 5170 2324 5224 posset

828 5240 841 5270 '
880 5240 1045 5292 Hebr.
1078 5254 1153 5305 tv,
1184 5240 1271 5294 l3.

823 5334 900 5414 (1.)
921 5330 1063 5414 Ps‘al‘.
1087 5347 1123 5395 ι,
1148 5332 1199 5386 5.
1224 5331 1314 5414 Sic
1332 5333 1491 5414 paulo
1511 5344 1656 5414 post,
1674 5350 1727 5405 p.
1746 5336 1869 5414 δβο,
1890 5338 1986 5394 lin.
2005 5339 2075 5391 22
2097 5358 2110 5394 :
2129 5340 2191 5414 Ἡ
2212 5347 2324 5414 κρί-

752 5419 835 5465 σις
865 5404 897 5469 ἡ
919 5403 1202 5480 ’μέλλουσα
1234 5404 1294 5454 οὐ
1322 5403 1431 5480 τῶν
1457 5403 1714 5480 ’ἀπίστων
1730 5408 1927 5480 εἵνεκα
1954 5426 1967 5439 ·
2001 5412 2144 5480 quod
2176 5403 2293 5470 vide

750 5483 841 5553 tur
864 5472 930 5551 uti
958 5471 1086 5554 illud
1121 5472 1394 5554 Evangelii
1420 5476 1692 5554 alludere:
1716 5476 1819 5554 Qui
1846 5482 1979 5554 enim
2013 5471 2315 5554 nortcredit,

738 5542 855 5610 jam
879 5542 1153 5609 judicatus
1184 5542 1463 5606 cst,ﬁJoan.
1488 5561 1571 5610 ιιι,
1604 5546 1691 5599 18.
1737 5550 1859 5625 .Nec
1897 5553 2061 5617 enim,
2094 5542 2311 5625 opinor,

748 5625 1555 5692 ntrpt_o_ru_tn__resurrectionem
1601 5616 1826 5692 omnino
1876 5616 2051 5688 negat
2078 5616 2311 5692 Illauuel,

748 5688 841 5736 sed
869 5684 1000 5735 illud
1035 5683 1163 5737 dicit
1193 5702 1203 5733 :
1233 5683 1313 5736 Ad
1350 5684 1615 5753 integram
1663 5683 2067 5745 damnationem
2127 5683 2313 5751 t'esur;

743 5764 871 5835 gent
923 5755 1138 5832 quidem
1194 5753 1390 5819 impii:
1443 5759 1507 5807 ad
1560 5757 2039 5835 judictuurautern
2093 5770 2308 5835 proprie

746 5830 969 5895 dictum,
1011 5829 1133 5895 ideo
1173 5836 1444 5891 quoujatn
1471 5838 1605 5884 sunt
1629 5829 1876 5895 judteati,
1909 5846 2012 5884 tton
2064 5829 2301 5892 venient.

818 5891 893 5961 (2)
917 5893 1052 5946 Cod.
1084 5891 1218 5962 Reg.
1255 5898 1517 5962 φαύλους.

2439 3417 2660 3471 πώποτέ
2707 3436 2792 3483 τις
2845 3421 3121 3490 ἐκάθισεν,
3149 3423 3292 3478 ὥστε
3340 3425 3433 3479 τὸν
3472 3429 3664 3499 ἐχθρὸν
3709 3430 4013 3500 ἐξελέγξαι,

2435 3508 2513 3572 ib;
2569 3510 2678 3579 ἀρα
2734 3511 2939 3575 δίκαιός
2996 3516 3113 3567 ἐστι
3174 3518 3406 3571 θανάτου
3458 3519 3713 3583 δέξασθαι
3768 3522 4013 3596 τίμημα.

2437 3602 2607 3655 Τοῦτο
2633 3603 2742 3671 γὰρ
2776 3607 2841 3674 τῇ
2880 3604 3041 3674 φύσει
3093 3606 3188 3660 τοῦ
3228 3609 3576 3678 πταίσματος
3607 3613 3825 3680 ἕπεται,
3861 3618 4010 3686 νόμῳ

2434 3713 2492 3746 τε
2526 3699 2619 3750 καὶ
2646 3699 2827 3770 χρόνῳ
2857 3701 3181 3770 βεϐαιωθέν.
3220 3702 3381 3773 Βῆμα
3411 3704 3487 3772 δὲ,
3530 3708 3625 3759 καὶ
3668 3710 4004 3778 κρίσιςςκαὶ

2435 3789 2669 3860 ἔλεγχοι,
2698 3794 2793 3845 καὶ
2832 3794 2866 3861 ἡ
2912 3794 3083 3863 πολλὴ
3130 3794 3224 3848 τοῦ
3273 3798 3596 3867 πράγματος
3628 3801 3887 3871 βάσανος,
3922 3806 4003 3858 ἵνα

2436 3880 2511 3949 μὴ
2544 3884 2634 3934 τὸν
2666 3882 2859 3936 εὔνουν
2914 3884 3038 3937 ἀντὶ
3073 3884 3167 3938 τοῦ
3214 3885 3517 3954 δυσμενοῦς
3566 3889 3704 3961 λάθῃ
3734 3894 4005 3958 φονεύσας

2433 3971 2720 4042 ἄνθρωπος
2758 3973 2833 4026 ὢν
2862 3975 2891 4026 ό
2922 3975 3023 4043 τῆς
3054 3975 3237 4047 ψήφου
3268 3975 3477 4047 κύριος.
3522 3979 3693 4033 Τοῦτο
3714 3982 3782 4047 δ’,
3803 3976 3851 4036 ὦ
3879 3986 4008 4038 καλί

2436 4069 2640 4129 νεανία,
2677 4067 2864 4135 χώραν
2905 4068 3005 4136 οὐχ
3052 4067 3163 4132 ἐξιι
3211 4069 3344 4138 παρ’
3385 4070 3584 4141 ἐκείνῳ
3611 4072 3692 4143 τῷ
3721 4080 3913 4146 κριτῇ,
3950 4079 4005 4140 ὃς

2432 4158 2553 4209 ἀντ-ἱ
2608 4153 2904 4227 μαρτύρων
2955 4159 3066 4228 ἔχει
3120 4160 3215 4213 καὶ
3257 4161 3714 4233 ἀπαραγράπτων
3764 4168 4005 4239 ἐλέγχων

2430 4248 2662 4302 ἑκάστου
2709 4250 2770 4301 τὸ
2828 4252 3091 4314 συνειδός.
3131 4253 3316 4306 Πάντα
3352 4254 3463 4323 γὰρ
3510 4250 3691 4323 γυμνά
3740 4262 3836 4312 καὶ
3870 4264 4002 4329 5th

2428 4344 2539 4402 τοῖς
2573 4342 2873 4412 ὀφθαλμοῖς
2933 4330 3026 4398 τοῦ
3080 4349 3171 4401 ἐπὶ
3218 4348 3312 4400 τοῦ
3349 4348 3591 4417 βήματος
3641 4352 3852 4407 ἐκείνου
3911 4374 4006 4409 κα·-

2431 4434 2665 4487 θιείσθαι
2704 4435 2991 4501 μέλλοντος
3018 4450 3031 4465 ⁸
3067 4436 3127 4490 ὃν
3170 4438 3281 4489 οὐδ’
3326 4440 3392 4491 ἂν
3433 4435 3513 4501 εἷς
3543 4443 3851 4509 τηνικαῦτα
3886 4464 4002 4497 πει-

2428 4525 2619 4594 ραθείη
2650 4524 2727 4595 (4)
2762 4527 3260 4595 παραλογίσασθαι.
3298 4530 3438 4582 nam
3479 4533 3585 4599 γὰρ
3625 4532 3779 4586 ἔσται
3813 4536 3998 4605 δῆλος,

3366 4621 3429 4674 Ἠ
3492 4622 3673 4693 κρίσις
3730 4628 3915 4681 τοίνυν
3964 4632 3996 4699 ἡ

2438 4708 2711 4775 μέλλουσα
2769 4710 2830 4761 οὐ
2872 4710 2983 4763 τῶν
3035 4712 3281 4764 ἀπίστων
3330 4713 3536 4767 εἵνεκα.
3571 4714 3681 4769 Καὶ
3728 4718 3784 4768 εἰ
3829 4736 3891 4772 σε
3934 4724 4003 4773 τὰ

2430 4796 2701 4868 λεγόμενα
2736 4801 2934 4865 πείθει,
2958 4803 3180 4867 πάντως
3214 4803 3271 4855 δὲ
3297 4806 3358 4857 οὺ
3389 4792 3760 4875 λῆρονταῦτα
3793 4813 4002 4883 ἡγήσῃ,

2423 4888 2452 4940 δ
2480 4889 2665 4944 λοιπὸν
2699 4892 2801 4962 ἤδη
2858 4894 3140 4961 λέγωμεν·
3175 4897 3251 4958 ὡς
3285 4896 3316 4965 ἢ
3358 4896 3455 4949 -διὰ
3499 4898 3623 4959 τοὺς
3672 4901 4002 4965 ἐπταικότας

2425 4983 2671 5047 πιστοὺς,
2726 4984 2759 5053 ἢ
2818 4982 3087 5053 οὐδαμῶς
3136 4986 3289 5040 ἔσται
3347 4988 3491 5056 δίκη.
3540 4990 3698 5043 Ἀλλά
3761 4993 3873 5063 μὴν
3924 4996 4001 5057 ὡς

2424 5071 2577 5125 ἐσται
2618 5075 2802 5145 κρίσις
2862 5080 3351 5149 προωμολόγηται·
3383 5082 3445 5133 τὸ
3491 5082 3700 5145 πάντας
3751 5087 3860 5156 ἄρα
3893 5104 4001 5140 οω-

2424 5164 2582 5235 θῆναι
2612 5170 2734 5232 τοὺς
2765 5170 3105 5242 εὐσεϐεῖς(5)
3128 5175 3227 5227 οὐκ
3254 5174 3546 5244 ἐνδίχεται·
3582 5174 3619 5248 ἦ
3650 5180 3761 5248 γὰρ
3795 5181 3863 5235 ἀν
3894 5184 3995 5235 οὐκ

2599 5354 2733 5431 Cod.
2769 5359 2902 5431 lieg.
2932 5361 3399 5429 προκαλούμενον,
3427 5366 3755 5431 provocabit.

2491 5425 2567 5499 (-l)
2607 5429 2748 5499 llud.
2777 5425 2943 5482 Coisl.
2978 5425 3277 5499 παραθείὴ.

2453 5563 2461 5572 ,
2493 5497 2567 5563 (5)
2602 5496 2861 5573 Εὐσεϐεῖς
2892 5516 3033 5568 saepe
3061 5496 3400 5570 appellantur
3428 5520 3457 5557 a
3521 5505 3794 5573 theologis
3841 5505 3991 5560 Gne-

2416 5578 2499 5643 ets
2524 5580 2631 5617 non
2653 5571 2743 5635 qut
2782 5572 3102 5643 innocenter
3127 5584 3396 5636 Vixerunt,
3434 5576 3525 5628 sed
3565 5592 3656 5643 qut
3692 5571 3875 5630 v'erarn
3937 5580 3993 5627 ti-

2412 5634 2536 5709 dem
2569 5634 2989 5706 suntprol'essi,
3033 5645 3307 5709 perversis
3344 5634 3470 5699 licet
3502 5634 3745 5699 moribus
3784 5667 3795 5698 :
3859 5651 3991 5697 ἀσε-

2413 5703 2528 5783 ϐεῖς
2556 5703 2751 5761 contra
2779 5703 3121 5783 haeretici-et
3159 5714 3375 5781 pagani,
3446 5716 3799 5782 quantumvis
3853 5718 3989 5783 justi

2420 5774 2554 5827 torte
2600 5785 2670 5846 iet
2723 5780 2901 5846 probi.
2980 5774 3410 5839 Conffb'uicevri
3461 5774 3724 5839 'Tltesaur.
3800 5774 3987 5839 εεὶιεδ.

2415 5852 2549 5897 ιυιη.
2598 5845 2638 5910 Ι,
2671 5845 2735 5901 ο.
2761 5848 2887 5901 545.
