4208 6444
190 493 293 553 173

968 483 1365 546 TlIEODURI
1399 473 1761 541 DESPO'I‘JE
1801 470 2189 532 LAUDA'l‘lU
2250 465 2658 526 FUNEBRIS.

3351 445 3453 508 174

182 602 249 671 ἦν
280 605 373 655 τὴν
424 601 663 671 Χριστὸν
703 598 897 667 κριτὴν
944 586 1111 660 εἶναι,
1162 599 1258 651 καὶ
1309 594 1527 665 ἀληθῶς
1572 588 1815 661 (Νομᾶ-Λ

1898 581 2035 634 ιιιίοι
2066 595 2209 639 esse.
2240 592 2474 644 vereque
2512 571 2797 643 appellari.
2822 568 2899 623 Ad
2933 568 3046 620 lnec
3082 578 3204 619 cum
3228 561 3455 618 sdercnt

184 696 394 760 ζεσθαι.
433 694 553 747 Τῶν
578 692 760 746 τοίνυν
783 692 919 744 νέων
951 692 1048 743 ἐπὶ
1088 689 1265 759 τούτῳ
1301 688 1460 757 σιγὴν
1491 686 1758 751 ἀγόντων,

186 789 290 858 ἔφη
325 790 353 841 6
386 788 565 858 γέρων
580 803 594 816 υ

260 879 331 935 κ’.
381 878 787 947 ’Λποδεδεῖχθαί
848 894 939 947 μοι
996 877 1157 929 τοῦτο
1196 875 1379 928 δοκεῖ’
1412 872 1539 938 λέγε
1582 870 1766 923 τοίνυί

184 975 255 1028 τὰ
289 974 371 1026 σοὶ
412 973 673 1027 δοκοῦντα
725 972 856 1039 περί
886 987 943 1023 τε
994 968 1089 1023 τοῦ
1141 968 1506 1038 παραδείσου,
1537 965 1630 1019 καὶ
1669 964 1765 1031 τῆς

187 1068 248 1120 ὲν
299 1066 449 1135 αὑτῴ
506 1066 891 1126 καταστάσεως
939 1063 1036 1116 καὶ
1073 1061 1307 1133 τρυφῆς.
1344 1061 1565 1121 Πάντως
1601 1057 1678 1122 δὲ,
1719 1057 1767 1108 εί

193 1163 293 1231 μὲν
326 1161 490 1232 ὀρθοῦ
526 1178 607 1214 σοι
642 1162 800 1229 λόγου
848 1160 916 1213 τὰ
945 1161 1192 1230 ἡμέτερα
1221 1160 1458 1228 ἐχόμενα
1490 1160 1765 1224 φαίνεται,

189 1258 289 1308 οὐκ
333 1257 397 1309 ἂν
435 1255 664 1325 μακρῶν
687 1256 827 1307 δέοιο
863 1255 1035 1320 λόγων
1057 1271 1069 1284 ·
1110 1254 1290 1315 ἄλλως
1321 1253 1377 1305 δέ
1430 1269 1511 1303 σοι
1544 1250 1767 1303 δοκούν-

190 1367 321 1412 των,
362 1350 436 1419 μὴ
478 1348 663 1416 φείδου
695 1348 978 1417 ῥημάτων,
1015 1345 1136 1416 μηδ’
1165 1345 1517 1412 ὑπολογίσαιο
1553 1343 1770 1404 πόνους,

191 1442 325 1494 ἔνθα
378 1440 744 1509 προσδόκιμός
792 1442 907 1492 ἐστι
964 1439 1173 1508 καρπὸς
1228 1437 1512 1507 ἀληθείας,
1549 1435 1607 1487 ὃν
1661 1431 1772 1486 οἶδε

194 1538 387 1606 φέρειν
431 1536 664 1600 διάλεξις
715 1534 935 1605 καθαρά
981 1533 1314 1601 φιλονεικίας
1352 1532 1589 1597 ἁπάσης.
1631 1529 1774 1580 ’AD.‘

192 1632 362 1698 ἡμεῖς
422 1647 503 1682 σοι
565 1629 726 1692 ξένοι,
780 1626 876 1679 καῖ⁵
932 1628 1085 1698 παρά
1126 1643 1209 1679 σοι
1256 1625 1427 1694 καλὴν
1477 1624 1775 1693 εὑρηκότες

194 1722 491 1791 ὑποδοχὴν,
530 1722 625 1774 καὶ
664 1721 894 1790 γνώμην
935 1722 1034 1791 τὴν
1071 1720 1267 1790 αὑτὴν,
1305 1720 1399 1771 καὶ
1448 1719 1616 1787 τιμὴν
1660 1717 1778 1786 (καὶ

192 1814 354 1867 οὐδὲν
379 1814 491 1867 οὐδ’
514 1816 573 1865 ὲν
608 1814 789 1880 λόγοις
820 1814 931 1865 οὐδ’
964 1816 1021 1866 ὲν
1052 1814 1233 1883 ἔργοις
1262 1811 1410 1881 ἡμᾶς
1454 1808 1777 1879 παρελύπη-

198 1908 350 1973 σας),
381 1907 463 1959 δεῖ
496 1901 593 1960 οὖν
633 1908 778 1975 ἡμᾶς
821 1908 933 1969 τοῖς
967 1906 1126 1968 ἴσοις,
1165 1904 1238 1968 ὡς
1284 1905 1484 1969 ἔνεστι,
1518 1905 1575 1955 σὲ
1607 1904 1772 1956 σπεύ-

193 2001 311 2053 δειν
360 1998 706 2068 ἀμείϐεσθαι.
748 1999 904 2066 Ἑμοὶ
943 1998 989 2049 δ’
1023 1999 1271 2051 ὑπονοεῖν
1301 1998 1533 2061 ἔπεισιν,
1561 1996 1636 2060 ὡς
1666 1999 1776 2068 ἄρα

198 2092 262 2145 σέ
314 2109 421 2144 που
473 2093 568 2144 καὶ
608 2091 932 2144 ἀποκναίσει
966 2090 1058 2168 ,τὰ
1118 2089 1248 2159 παρ’
1302 2090 1437 2159 ἐμοῦ
1483 2089 1778 2156 λεγόμενα.

210 2183 397 2246 ’Λνίας
444 2183 705 2253 πλησθεὶς
753 2185 926 2252 ἐφάνη
960 2186 1077 2243 τοῖς
1125 2183 1439 2252 εἰρημένοις
1477 2185 1504 2235 ὁ
1540 2185 1776 2250 Πέρσης,

200 2274 303 2328 καὶ
337 2275 559 2344 μηνύων
592 2275 669 2344 τῷ
721 2274 1002 2343 προσώπῳ
1035 2276 1135 2344 τὴν
1180 2275 1281 2343 τῆς
1312 2274 1493 2344 ψυχῆς
1538 2276 1783 2328 διάθεσιν

202 2368 312 2437 ἔφη
335 2384 349 2397 '
383 2369 457 2420 Οὑ
501 2366 611 2437 χρὴ
660 2368 900 2421 τοιοῦτον
947 2370 1195 2421 ὑπονοεῖν
1217 2386 1231 2399 ο
1266 2370 1357 2420 ἐπὶ
1388 2369 1643 2421 τοσοῦτον
1678 2372 1786 2437 γὰρ

202 2458 355 2526 αὑτῴ
394 2461 463 2511 τα
493 2460 592 2529 τῆς
632 2460 973 2531 εὑφροσὺνης
1022 2460 1387 2525 ὲκτείνεσθαι,
1418 2462 1502 2530 ἐφ’
1551 2463 1675 2513 ὅσον
1720 2480 1785 2530 με

203 2553 307 2620 τῆς
354 2551 613 2623 ἀληθείας
657 2552 915 2623 ἐχόμενον
960 2555 1172 2625 καθορᾷ
1198 2572 1210 2585 ·
1253 2554 1333 2607 δεῖ
1363 2554 1428 2623 δὴ
1464 2556 1630 2623 μηδὲν
1660 2557 1791 2606 ὑπο-

206 2642 568 2712 στειλάμενον
604 2643 807 2711 λὲγειν.
847 2644 955 2698 Καί
998 2646 1105 2715 γὰρ
1138 2646 1391 2707 κάκεῖνος
1419 2647 1583 2699 ταυτὸ
1620 2648 1791 2698 ποιεῖν

207 2731 314 2785 καὶ
353 2733 526 2785 ποιῶν
554 2734 885 2788 διατελέσειν
914 2734 1322 2803 διαλεγόμενος,
1352 2737 1442 2788 ὅτε
1487 2737 1543 2788 δέ
1581 2755 1647 2804 με
1696 2739 1791 2788 καὶ

209 2824 691 2894 ἐπαγγειλάμενον
734 2829 868 2896 ἔχει,
898 2828 990 2879 καὶ
1040 2830 1267 2881 ἁπαιτεί
1310 2828 1410 2899 τὴν
1446 2830 1790 2901 παρρησίαν,

209 2919 333 2971 ἀλλ’
377 2924 478 2971 οὑκ
534 2921 697 2985 αίτεί,
725 2920 937 2982 δίκαιος
987 2920 1054 2972 ἂν
1106 2921 1226 2990 εἴην
1267 2922 1367 2990 (Ι),
1412 2924 1508 2974 καὶ
1538 2924 1700 2984 αὐτὸς
1727 2924 1793 2974 τὰ

213 3013 579 3080 ὑπεσχημένα
619 3013 929 3080 φυλάττειν,
969 3014 1065 3066 καὶ
1118 3014 1194 3083 μὴ
1245 3014 1623 3082 δυσχεραίνειν
1660 3016 1795 3083 πρὶς

213 3103 319 3174 τὴν
376 3104 516 3172 μετὰ
563 3106 800 3175 θὰῥρους
846 3106 1175 3175 ἀπόκρισιν·
1240 3106 1268 3159 ὅ
1324 3107 1388 3178 δὴ
1445 3109 1567 3160 κατ’
1622 3109 1797 3178 ἀρχὰς

215 3197 614 3264 ἐπαγγείλαντι
660 3198 853 3251 δώσειν
893 3198 1053 3261 αὑτὸς
1097 3200 1438 3269 ὑπεσχόμην.
1473 3201 1685 3253 Οὐκοῦν
1731 3219 1797 3269 γε

1866 678 2116 746 juvenes,
2151 672 2242 725 illo
2274 670 2433 725 modo
2463 683 2626 722 senex
2655 667 2868 718 locutus
2894 671 2976 715 est
3008 675 3022 713 :

1945 849 2031 903 ‘20.
2062 850 2506 902 Demonstratum
2531 842 2668 896 milii
2697 841 2908 895 videtur
2936 851 3036 892 noc
3066 836 3285 906 quidem
3327 852 3340 887 :
3374 834 3462 886 die

1874 959 2003 1012 ergo
2039 942 2223 1002 sodes,
2266 938 2394 1007 quid
2434 948 2489 991 tu
2526 935 2591 989 de
2620 934 2875 1003 paradiso
2915 932 3142 993 sentias,
3176 938 3229 981 et
3274 926 3339 979 de
3375 925 3460 977 fu-

1876 1049 1997 1090 tura
2022 1035 2309 1089 hominum
2343 1032 2396 1085 in
2435 1031 2529 1083 illo
2565 1028 2883 1083 conditione
2912 1034 2965 1077 et
3010 1023 3241 1077 deliciis.
3300 1020 3457 1087 Quod

1875 1131 1919 1184 si
1957 1139 2115 1182 rectae
2146 1134 2513 1181 consentanea
2549 1122 2747 1175 rationi
2775 1128 2961 1172 nostra
2993 1118 3091 1170 tibi
3128 1115 3461 1169 videbuntur

1878 1226 2154 1293 dogmata,
2188 1238 2296 1274 non
2340 1221 2497 1283 longe
2537 1218 2717 1269 hercle
2752 1230 2891 1283 npus
2927 1211 3141 1265 tibierit
3175 1210 3459 1261 matione:

1880 1325 1964 1377 sin
1990 1323 2055 1376 de
2089 1323 2173 1375 his
2215 1320 2376 1373 aliter
2413 1318 2507 1371 tibi
2550 1316 2819 1377 videatur,
2856 1312 3035 1365 verbis
3083 1325 3186 1361 non
3249 1319 3462 1376 parcas,

1880 1432 1981 1468 nec
2022 1414 2187 1468 ullam
2224 1412 2470 1465 laborum
2514 1410 2778 1463 rationem
2826 1404 3049 1466 habeas,
3098 1413 3291 1468 nempe
3323 1397 3467 1450 unde

1880 1524 2011 1577 spes
2068 1517 2152 1561 est
2218 1521 2341 1559 eum
2395 1502 2639 1556 veritatis
2688 1500 2928 1553 fructum
2980 1505 3311 1564 perceptum
3377 1490 3465 1549 iri,

1881 1617 2044 1671 quem
2094 1598 2434 1665 colloquium
2472 1611 2499 1647 a
2554 1594 2815 1662 pertinaci
2878 1588 3289 1643 concertatione
3340 1584 3471 1637 libeo

1884 1711 2002 1748 rum
2027 1693 2168 1746 ferre
2193 1699 2397 1760 potest.
2430 1687 2541 1741 Nos
2575 1702 2722 1748 vero,
2759 1685 3011 1752 inquam,
3070 1680 3315 1749 hOSpites
3366 1679 3465 1739 tui,

1882 1793 2108 1847 liberale
2138 1790 2279 1857 apud
2313 1797 2363 1839 te
2395 1784 2716 1852 hospitium,
2749 1794 3053 1849 paremque
3087 1778 3141 1830 in
3208 1787 3257 1830 lc
3300 1775 3469 1830 animi

1836 1942 1850 1954 ,
1884 1888 2178 1939 candorem
2220 1893 2272 1935 et
2304 1879 2621 1949 dignitatem
2656 1874 2796 1928 nacti
2821 1874 2943 1941 (nec
2982 1871 3126 1925 enim
3160 1868 3341 1921 verbis
3372 1880 3472 1919 nec

1887 1976 2042 2032 factis
2089 1967 2799 2034 honoriﬁcentius,tractari
2870 1958 3285 2030 potuissemus),
3337 1956 3466 2026 quid

1882 2082 1963 2123 est
1991 2073 2208 2133 hospes,
2245 2078 2413 2132 quare
2447 2076 2551 2113 non
2587 2066 2854 2128 quantum
2885 2054 3161 2123 possimus
3194 2066 3289 2119 par
3354 2045 3471 2118 pari

1886 2168 2107 2220 reddere
2150 2173 2437 2215 conemur.
2474 2154 2579 2208 Sed
2617 2150 2762 2205 enim
2789 2149 3122 2204 submoleste
3164 2143 3301 2197 forte
3337 2142 3479 2193 latu-

1887 2274 2005 2310 rum
2042 2268 2091 2309 te
2119 2254 2371 2322 suspicor
2404 2262 2581 2301 meum
2632 2242 3042 2299 sermocinandi
3110 2251 3307 2307 genus.
3345 2233 3477 2299 Qun:

1887 2370 2010 2407 cum
2040 2369 2141 2418 ego
2178 2351 2464 2409 dixissem,
2500 2338 2935 2399 contristabatur
2982 2332 3170 2395 Persa,
3213 2329 3478 2397 vultuque

1890 2462 2112 2501 sensum
2152 2444 2320 2497 animi
2379 2442 2681 2495 indicante,
2739 2428 2888 2483 Nihil
2939 2422 3232 2491 ejusmodi,
3277 2421 3475 2488 inquit,

1899 2540 2081 2593 veleri
2109 2542 2615 2606 oportetzeatenus
2658 2520 3101 2582 benevolentiam
3157 2531 3313 2573 suam
3350 2530 3479 2584 por-

1898 2635 2025 2703 rigi,
2077 2642 2354 2700 quatenus
2406 2643 2491 2683 me
2552 2625 2767 2680 veritati
2836 2623 3115 2676 adhaerere
3167 2621 3477 2672 cerneret:

1898 2729 2278 2791 quamobrem,
2316 2722 2514 2792 inquit,
2574 2718 2725 2786 loqui
2791 2716 2926 2770 nihil
2989 2728 3099 2785 prae
3150 2706 3480 2765 verecundia

1899 2817 2201 2873 reticendo.
2235 2816 2357 2885 Ipse
2391 2815 2555 2868 etiam
2596 2812 2738 2865 idem
2769 2820 2825 2865 et
2853 2809 3035 2863 facere
3068 2820 3126 2859 se
3165 2811 3219 2857 et
3252 2802 3307 2855 in
3339 2801 3482 2855 serie

1899 2912 2327 2983 disputationum
2364 2922 2579 2976 semper
2622 2906 2895 2959 factorum
2926 2898 3229 2954 aliirniabat
3261 2914 3274 2949 :
3322 2909 3483 2948 cum-

1903 3026 2009 3079 quo
2049 3024 2192 3069 eam,
2228 3020 2391 3074 quam
2451 3003 2529 3057 illi
2586 3015 2741 3055 eram
2801 2997 3095 3067 pollicitus,
3161 2992 3377 3060 plenam
3402 2988 3485 3043 lo-

1904 3102 2103 3172 queruli
2155 3100 2458 3155 libertatem
2505 3109 2612 3148 non
2651 3100 2859 3162 peteret
2914 3097 3154 3148 tantum,
3214 3092 3484 3154 quantum

1908 3196 2146 3251 vicissim
2211 3200 2504 3262 repeteret,
2529 3204 2747 3258 azquum
2778 3198 2903 3239 csse
2930 3180 3193 3246 intellexi,
3231 3194 3318 3233 me
3348 3190 3488 3246 quo-

214 3284 376 3339 είπον
421 3289 515 3341 καὶ
546 3289 707 3341 αὑτὸν
753 3288 943 3358 πράως
974 3290 1192 3343 ἀκούειν
1216 3290 1403 3344 λοιπόν
1427 3308 1441 3322 ο
1477 3292 1538 3345 οὐ
1575 3293 1683 3362 γὰρ
1732 3293 1798 3346 ἶν’

1904 3307 2009 3359 que
2040 3288 2310 3358 promissa
2337 3298 2579 3344 servare,
2618 3295 2719 3334 nec
2772 3278 2999 3332 moleste
3054 3273 3199 3329 ferre
3253 3272 3486 3326 liberum

217 3378 490 3445 ἐξελέγξω
539 3381 616 3441 είς
652 3382 872 3448 ἀγῶνας
924 3376 1163 3450 ἐμαυτὸν
1198 3382 1418 3453 καθῆκα
1451 3383 1596 3453 ἄλλῳ
1633 3402 1802 3452 προσ-

215 3474 457 3539 ήκοντας
491 3474 887 3543 σχήματι,ἀλλ“
914 3476 1061 3538 ὅπως
1093 3492 1174 3527 σοι
1202 3476 1405 3529 τελέσω
1436 3477 1495 3528 τὸ
1528 3476 1797 3546 βούλημα·

218 3563 304 3614 ὅτι
366 3563 461 3615 καί
521 3581 605 3626 τις
664 3566 950 3618 ὑποσαίνει
1007 3567 1115 3621 τῶν
1173 3570 1557 3637 χρηστοτέρων
1623 3570 1799 3629 ἐλπίς.

224 3656 395 3708 Ὅθεν
450 3657 673 3709 πάντων
729 3658 917 3712 εἵνεκα
965 3654 1074 3714 οὔδ’
1124 3660 1436 3714 οὑτινοσοῦν
1479 3660 1543 3714 ἂν
1575 3663 1694 3733 εἴην
1725 3663 1804 3715 δί-

219 3765 381 3809 καιος
434 3750 752 3817 φείσασθαι,
782 3752 994 3821 ὅσαπερ
1045 3753 1181 3822 πρὸς
1231 3751 1389 3806 τοῦτο
1431 3755 1620 3821 φέρειν
1667 3754 1803 3806 ὑπο-

219 3840 514 3909 λαμϐάνω.
547 3841 768 3903 Δίκαια.
807 3844 1007 3907 πάντες
1047 3846 1279 3912 ἔφασαν,
1321 3845 1498 3913 λέγεις
1524 3862 1539 3877 υ
1577 3848 1668 3899 καί
1708 3864 1802 3898 σου

217 3933 484 4002 δεόμεθα,
518 3936 775 4006 καθάπερ
808 3936 1229 4008 {puga-torqui.
1279 3938 1544 3993 Ἐνταῦθα
1579 3942 1677 4009 μὲν
1710 3937 1803 3992 οὖν

223 4028 337 4130 πρδ
382 4026 567 4129 δείλης
614 4027 756 4097 ἑῴας
780 4029 846 4082 τὰ
880 4029 982 4098 τῆς
1022 4031 1283 4101 δευτέρας
1333 4034 1468 4101 ἡμῖν
1516 4032 1806 4097 διαλέξεως

223 4121 605 4188 ἐτελεύτησεν.

226 4231 284 4268 ιιι
325 4215 547 4284 quidem
587 4218 754 4282 istud.
803 4221 1057 4290 inquiunt
1090 4236 1279 4277 omnes

1903 3398 2227 3452 responsum
2267 3397 2279 3431 :
2310 3377 2583 3447 quodjam
2609 3374 2660 3426 in
2694 3371 3129 3439 principio.cum
3148 3381 3207 3420 se
3226 3366 3483 3419 daturum

1903 3479 2131 3538 diceret,
2169 3470 2600 3541 spoponderam.
2632 3465 2897 3531 Deinceps
2916 3462 3106 3530 igitur,
3139 3460 3387 3527 inquam,
3430 3464 3487 3508 tu

1908 3580 2123 3637 quoque
2151 3564 2381 3628 benigne
2418 3574 2506 3613 me
2525 3556 2716 3610 audies
2746 3573 2759 3610 :
2796 3569 2897 3608 nec
2925 3554 3070 3607 enim
3106 3559 3163 3604 ut
3193 3550 3493 3616 redargue-

1906 3672 2022 3711 rem
2052 3666 2101 3709 te
2124 3652 2383 3709 descendi
2414 3652 2466 3704 in
2505 3651 2608 3703 hoc
2637 3657 2937 3710 certamen,
2973 3641 3313 3698 conveniens
3345 3640 3491 3693 alius

1910 3765 2151 3820 persona:
2183 3748 2343 3818 paulo
2384 3746 2624 3799 fortasse
2656 3741 2832 3810 magis
2865 3752 3029 3807 quam
3056 3735 3189 3790 mihi
3242 3751 3256 3788 :
3304 3742 3360 3787 at
3398 3731 3492 3784 de—

1910 3844 2097 3900 scemli
2128 3852 2185 3895 ut
2208 3855 2415 3895 morem
2448 3837 2543 3893 tibi
2588 3850 2831 3907 gererem
2859 3852 2871 3887 :
2895 3842 2949 3887 et
2988 3840 3250 3901 praeterea
3303 3827 3491 3884 nescio

1910 3953 2030 4008 qua:
2066 3936 2397 4004 optimarum
2448 3945 2629 3986 rerum
2658 3945 2783 4000 spes
2820 3928 2950 3982 mihi
2987 3924 3253 3995 injicitur.
3282 3920 3493 3987 Quibus

1910 4032 2165 4087 omnibus
2208 4029 2272 4082 de
2316 4027 2501 4082 causis
2540 4040 2652 4079 non
2701 4024 2895 4079 attinet
2951 4020 3044 4074 nili
3113 4018 3189 4071 rei
3227 4023 3490 4085 :parcere,

1918 4140 2082 4194 quam
2109 4123 2301 4177 adhoc
2331 4119 2584 4175 conferre
2637 4132 2801 4188 posse
2851 4115 3109 4169 arbitror.
3164 4108 3495 4164 Rectissime

1331 4241 1345 4276 :
1403 4222 1750 4293 petimusque
1783 4237 1913 4292 ate,
1974 4234 2034 4277 ut
2081 4220 2227 4291 quod
2280 4218 2558 4289 pollicitus
2611 4232 2692 4280 es,
2742 4219 3118 4284 repraesentes.
3185 4208 3319 4273 Qua:
3366 4220 3493 4259 cum

225 4318 418 4364 essent
449 4311 613 4373 dicta.
635 4324 762 4369 ante
794 4317 1122 4369 matutinum
1156 4317 1540 4385 crepuSCulum
1569 4321 1844 4375 secundus
1870 4317 2120 4385 dialogus
2148 4313 2228 4370 sic
2251 4314 2548 4369 conclusus
2574 4319 2679 4365 est.

306 4519 387 4590 (ἰ)
426 4515 652 4572 Videtur
677 4518 764 4572 hic
803 4518 961 4589 ἔτην,
1009 4518 1129 4575 sive
1194 4517 1335 4589 πρὸς
1410 4518 1655 4590 ὲμαυτδν
1728 4517 1815 4570 ὲλο

1891 4517 2089 4587 σάμην,
2148 4517 2265 4572 sive
2328 4514 2437 4570 talo
2486 4510 2716 4580 aliquid,
2777 4510 2846 4564 ab
2903 4508 3107 4563 lectore
3158 4501 3497 4574 subintelligi

231 4586 453 4641 debere.

243 4780 303 4821 ιτ,

322 4769 3487 4815 ΜΨ*

1536 4979 1837 5094 MON
1856 4978 2208 5092 [TUM

1837 5226 1920 5267 AD

486 5420 897 5483 MANUELIS
961 5415 1447 5482 PALJEOLOGI
1482 5416 1559 5476 IN
1594 5412 1989 5473 FRATREM
2042 5411 2253 5473 SUUM
2304 5410 2785 5474 ORATIONEM
2812 5408 3261 5471 FUNEBREM.

1412 5570 1429 5627 (
1452 5564 1703 5617 (leuamus.

1767 5564 1910 5613 Auct.
1982 5560 2105 5612 Bibl.

2176 5562 2284 5611 PP.
2313 5562 2329 5622 )

310 5846 770 5907 Luculentissima
800 5845 1073 5909 oratione,
1111 5857 1234 5896 cum
1271 5856 1425 5896 suam
1448 5840 1746 5909 fratrisque
1769 5840 2023 5909 pietatem
2056 5834 2561 5904 egregietestatam,
2581 5831 2792 5887 meliori
2822 5846 2937 5887 aevo
2969 5846 3033 5888 ac
3057 5832 3273 5888 fortuna
3304 5832 3504 5903 dignus

238 5938 566 6006 imperator,
591 5930 743 5999 facit,
775 5930 1007 6001 ejusque
1034 5928 1171 5984 alias
1198 5927 1426 5981 virtutes
1445 5927 1711 5995 celebrat,
1738 5936 1853 5982 tum
1876 5924 2182 5981 occidentis
2216 5925 2272 5979 in
2287 5922 2507 5979 Oriente
2533 5919 2769 5977 Romani
2803 5920 3038 5991 imperii,
3057 5921 3406 5994 Orientisque
3431 5936 3496 5977 ac
