4208 6444
758 365 859 419 175
1930 360 2316 419 MANUELIS
2349 360 2787 422 PAL/EOLOGI

3863 369 3970 433 176

749 470 948 523 mirum
988 476 1254 538 quantum
1288 470 1656 539 promoventis
1692 468 1992 535 Osmanici,
2024 472 2260 539 speciem
2298 472 2572 541 proponit.
2609 474 2791 547 Plura
2824 473 3079 528 edisserit
3108 486 3172 527 ex
3202 472 3404 541 quibus
3444 473 3701 541 politicus
3724 474 3967 543 imperio

748 568 1023 621 regnoque
1057 554 1229 621 possit
1253 555 1555 618 consulere,
1581 552 1759 621 eique,
1788 568 1818 606 a
1841 554 2136 609 Christiani
2171 555 2411 610 nominis
2438 560 2713 613 communi
2742 561 2929 613 eodem
2964 560 3140 622 hoste,
3187 573 3303 627 quo
3338 560 3577 615 deletum
3608 570 3692 617 est
3752 560 3967 616 Orien-

749 640 853 693 tale
885 639 1195 707 imperium,
1218 640 1301 693 vel
1331 641 1489 692 modo
1524 654 1739 700 cavere,
1772 641 1964 693 cumis
1999 641 2199 694 bellum
2226 641 2278 693 in
2308 640 2651 694 Christianos
2682 642 3071 704 instauratum,
3103 642 3261 695 novis
3297 642 3408 707 jam
3442 643 3712 708 victoriis,
3773 658 3841 696 ac
3894 650 3967 695 ab

744 738 889 774 anno
922 721 1113 783 altero,
1148 720 1429 774 celebrare
1462 722 1645 789 cmpit.
1676 719 1897 786 Fecere,
1924 738 2047 775 cum
2082 722 2393 776 Graecorum
2416 725 2703 779 discordia:
2730 738 2948 789 mutuae,
2977 736 3252 794 tantazque
3278 727 3471 792 illa;de
3494 743 3705 784 summa
3741 730 3964 798 imperii

744 807 1200 869 toncertationes,
1242 816 1354 859 tum
1387 806 1741 874 dynastarum
1783 806 2043 871 aliorum,
2081 808 2271 863 iisdem
2313 822 2379 861 ac
2406 809 2507 861 sibi
2560 817 2748 861 nuituo
2782 808 2924 861 haud
2952 809 3089 861 satis
3117 808 3581 871 convenientium,
3610 813 3749 863 mala
3778 812 3965 865 studia

746 899 805 941 ut
832 906 897 941 ne
935 890 1164 940 aliorum
1194 888 1497 953 neglectum
1529 887 1731 950 dicam,
1768 888 1909 940 haud
1940 891 2248 957 putantium
2276 887 2529 960 ipsorum
2550 910 2661 948 rem
2696 895 2804 962 agi,
2839 911 2963 949 cum
2998 895 3217 947 arderet
3243 893 3526 959 prosimus
3556 896 3755 960 paries,
3787 907 3846 947 ut
3884 900 3966 949 sic

743 977 944 1030 nostris
963 976 1154 1030 accisis
1179 975 1360 1037 rebus,
1383 982 1678 1042 eoactaque
1709 976 1759 1027 in
1783 990 1911 1031 easa
1939 979 2180 1046 ngustias
2201 978 2827 1045 Christiana-republica,
2849 973 3193 1030 formidabile
3216 974 3352 1027 adeo
3384 975 3672 1043 imperium
3700 977 3758 1029 in
3778 978 3966 1029 mundi

746 1070 930 1127 partes
952 1073 1144 1111 omnes
1172 1058 1342 1111 bestia
1375 1058 1664 1125 proferret,
1696 1072 1756 1112 ac
1788 1070 1897 1113 tam
1926 1061 2114 1115 multis
2144 1063 2439 1129 provinciis
2461 1064 2757 1119 Christiani
2783 1062 3000 1130 imperii
3029 1062 3215 1116 lumen
3244 1061 3642 1131 exstingueret.
3666 1061 3721 1133 0,
3741 1063 3959 1118 utinam

745 1147 831 1201 vel
862 1162 983 1201 sero
1020 1145 1261 1209 tandem,
1290 1144 1500 1198 funesta
1534 1146 1670 1197 adeo
1704 1146 1904 1214 imago,
1927 1155 2189 1202 terrorem
2222 1166 2383 1219 quem
2411 1156 2490 1202 est
2523 1158 2673 1211 nata,
2696 1146 2902 1200 nostris
2952 1145 3251 1213 imprimat,
3290 1146 3635 1213 multamque
3662 1143 3839 1206 illam,
3870 1146 3969 1197 sed

747 1231 1041 1283 tardiorem
1069 1228 1122 1282 in
1157 1228 1366 1279 hostem
1401 1226 1647 1279 nonnihil
1675 1229 1941 1283 hactenus
1975 1233 2351 1300 remotiorem,
2384 1250 2572 1290 eorum
2604 1236 2860 1287 virtutem
2890 1232 3183 1299 provocet!
3225 1230 3338 1285 Hoc
3366 1231 3491 1294 tibi,
3521 1230 3727 1294 Gallia,
3777 1230 3964 1285 Ludo-

747 1317 849 1369 vici
886 1313 1023 1368 Justi
1052 1328 1115 1368 ac
1147 1312 1411 1366 Adeodati
1447 1314 1524 1365 tui
1554 1314 1841 1380 auspiciis,
1870 1316 2058 1386 gloriae
2090 1322 2256 1374 tantis
2278 1321 2539 1377 cumulis,
2574 1326 2843 1387 tantaque
2872 1313 3087 1381 imperii
3146 1314 3471 1381 prolatiohe,
3533 1313 3721 1366 divina
3777 1313 3965 1367 virtus

744 1398 1082 1468 pugnaverit,
1118 1405 1444 1464 pugnatque,
1476 1410 1585 1462 quo
1610 1396 1723 1463 ipsa
1757 1398 1975 1461 iterum,
2003 1401 2057 1454 in
2090 1403 2332 1469 ejusdem
2369 1424 2433 1461 ac
2481 1404 2782 1459 Christiani
2810 1403 3045 1456 nominis
3076 1403 3258 1458 hostes
3294 1401 3435 1464 illos,
3469 1410 3558 1455 tua
3587 1400 3675 1455 illa
3715 1401 3965 1455 victricia

744 1488 920 1554 signa,
950 1482 1177 1537 inferas.
1214 1479 1285 1535 Ut
1317 1481 1714 1547 subtlauuele,
1752 1498 1817 1538 ac
1849 1499 1914 1538 eo
1940 1488 2039 1541 abs
2064 1500 2118 1543 te
2142 1501 2371 1561 rogante
2417 1490 2705 1549 auxilium,
2736 1488 2818 1541 sic
2852 1485 3157 1546 habuisses,
3190 1499 3395 1552 parque
3429 1482 3560 1535 illud
3592 1492 3745 1535 tuum
3775 1499 3805 1535 a
3856 1483 3970 1536 lico

742 1572 990 1621 datorum
1015 1581 1077 1619 ac
1100 1574 1545 1619 conservatorqu
1571 1564 1822 1631 fratrum,
1852 1566 1928 1619 ιιιί
1955 1571 2115 1624 modo
2133 1574 2230 1628 tibi
2264 1578 2637 1644 praemisisset,
2674 1576 2896 1629 haberet,
2926 1576 3067 1627 forte
3097 1588 3227 1627 suos
3267 1573 3448 1625 adhuc
3479 1570 3687 1625 Gracia
3722 1572 3966 1640 impera-

744 1666 909 1717 tores,
945 1653 1193 1716 lunaeque
1222 1650 1311 1701 illa
1342 1664 1573 1713 cornua,
1610 1652 1796 1705 bestiae
1824 1653 2082 1711 domitrix
2107 1664 2489 1720 contrivisses.
2535 1661 2696 1715 Nunc
2724 1660 2909 1726 itaque
2951 1655 3133 1710 fauste
3184 1664 3457 1719 conteras,
3487 1654 3797 1723 majorique
3849 1656 3971 1724 glo-

748 1741 824 1792 tia
858 1739 1131 1790 instaures
1164 1732 1659 1814 deperdita,\quam
1692 1749 1818 1790 oras
1845 1740 2182 1805 sospiratura
2216 1746 2410 1802 hacten

1089 1749 1131 1786 :s
1164 1732 1659 1814 deperdita,\quam
1692 1749 1818 1790 oras
1845 1740 2182 1805 sospiratura
2216 1746 2481 1802 hactenus
2518 1745 2751 1811 integra.

818 1821 990 1886 llujus
1015 1818 1069 1870 in
1100 1815 1479 1883 PeIOponneso
1509 1830 1537 1867 a
1568 1816 1811 1870 Manuele
1839 1818 2036 1874 habitae
2064 1822 2309 1880 funebris
2336 1826 2623 1889 orationis,
2651 1824 2741 1877 ubi
2770 1821 2836 1875 ad
2885 1818 3321 1875 conﬁrmandum
3389 1815 3679 1870 Theodoro
3739 1815 3957 1882 juniori

744 1903 1029 1973 imperium
1058 1915 1089 1954 a
1116 1900 1342 1952 decessu
1386 1900 1563 1966 patrui
1600 1913 1665 1951 eo
1696 1904 2081 1965 concessisset,
2112 1908 2166 1959 in
2193 1898 2307 1963 haec
2341 1910 2504 1961 verba
2533 1903 2784 1958 meminit
2841 1901 3113 1954 Laonicus
3138 1899 3395 1953 Historia
3445 1896 3686 1950 Tunica:
3735 1896 3836 1951 lib.
3864 1911 3920 1949 tv
3950 1914 3965 1950 :

755 1987 1040 2051 Ἐπὰνειμι
1065 1982 1161 2032 ἐπὶ
1200 1981 1499 2048 Θεόδωρον,
1534 1980 1626 2032 τὸν
1663 1981 1931 2048 βασιλέως
1961 1987 2146 2049 παῖδα,
2203 1990 2451 2059 ἡγεμόνα
2476 1988 2734 2055 Σπάρτης
2781 1998 2841 2034 τε
2883 1983 3103 2049 καὶ,τῆς
3123 1981 3292 2047 ἄλλης
3325 1979 3753 2048 Πελοποννήσου,
3787 1978 3845 2040 ὃς
3863 1978 3970 2030 ὑπὸ

744 2068 1022 2137 Θεοδώρου
1059 2064 1153 2117 τοῦ
1184 2063 1437 2133 πατρώου
1473 2065 1815 2134 ἐξετρέφετο,
1843 2065 1959 2135 ἅμα
2006 2069 2100 2120 καὶ
2130 2071 2447 2140 ἐπαιδεύθη.
2479 2069 2633 2123 Μετὰ
2648 2067 2705 2119 δὲ
2727 2066 2922 2127 ταῦτα,
2964 2062 3295 2131 κατελείφθη
3327 2064 3383 2125 ἐς
3410 2064 3512 2133 τὴν
3564 2062 3740 2132 ἀρχὴν
3802 2062 3967 2115 αὐτοῦ

744 2151 985 2224 ἡγεμών.
1022 2149 1107 2210 Ἐς
1134 2147 1293 2199 τοῦτο
1327 2147 1383 2199 δὲ
1420 2148 1505 2213 ἀφ
1561 2148 1750 2213 όμενος
1772 2149 1798 2198 δ
1835 2151 2019 2218 πατὴρ
2051 2151 2212 2203 αὑτοῦ
2261 2152 2613 2222 Ἐμμανουὴλ
2636 2152 2664 2203 ὁ
2702 2148 2997 2211 Βυζαντίου
3040 2146 3317 2216 βασιλεὺς,
3350 2147 3443 2198 τόν
3480 2162 3540 2198 τε
3577 2147 3748 2203 παῖδα
3807 2144 3965 2197 καθίει

747 2225 847 2305 ἀτη
888 2237 941 2296 ὲς
979 2233 1075 2302 τὴν
1107 2232 1302 2298 ὰρλὴν,
1328 2231 1418 2282 καὶ
1437 2232 1528 2280 ἐπὶ
1564 2229 1637 2297 τῷ
1660 2230 1874 2297 ἀδελφῷ
1904 2232 2005 2300 ήδη
2024 2234 2433 2305 τετελευτηκότι
2474 2237 2634 2301 λόγον
2670 2233 2979 2301 ἐπιτήδειον
3030 2228 3419 2297 ἑξετραγῴδει,
3469 2227 3689 2293 διεξιὼν
3742 2228 3841 2281 ἐπὶ
3884 2227 3967 2297 τῷ

742 2322 897 2387 τάφῳ
925 2313 1111 2378 αὑτοῦ,
1142 2313 1623 2383 ἀπολοφυρόμενὸς
1654 2330 1711 2364 τε
1737 2312 1969 2381 apem
2016 2315 2321 2385 ἐπιτήδειον
2344 2317 2404 2370 ἀδ

2302 2334 2321 2369 ν
2344 2316 2573 2383 ἀδελφόν
2595 2330 2611 2345 ·
2646 2314 2816 2367 Porro
2850 2314 3005 2365 redeo
3038 2313 3105 2364 ad
3140 2309 3476 2365 Theodorum
3496 2310 3845 2375 imperatoris
3900 2310 3964 2376 ﬁ—

746 2406 896 2467 lium,
935 2402 1142 2466 Sparta:
1169 2414 1228 2449 ac
1262 2398 1474 2463 reliqua:
1524 2394 1868 2463 Peloponnesi
1895 2398 2201 2466 principem,
2256 2401 2345 2469 qui
2377 2416 2409 2452 a
2446 2398 2714 2452 Theodoro
2742 2406 2933 2465 patruo
2964 2396 3241 2459 educatus,
3266 2410 3326 2446 ac
3355 2394 3651 2460 disciplinis
3668 2394 3967 2459 institutus,

744 2488 855 2552 ejus
899 2493 1077 2552 postea
1134 2478 1396 2532 demortui
1418 2478 1778 2544 principatum
1813 2480 2033 2545 accepit.
2066 2478 2181 2541 Qua
2207 2480 2269 2533 de
2292 2498 2345 2535 re
2378 2481 2692 2534 Emmanuel
2714 2489 2865 2546 pater
2881 2479 3208 2548 Byzantinus
3231 2482 3517 2547 imperator
3544 2476 3964 2549 Peloponnesum

744 2569 956 2621 veniens
988 2579 1105 2616 cum
1129 2563 1302 2631 ﬁlium
1335 2560 1570 2629 prafecit
1594 2559 1894 2627 provinciw,
1926 2562 2286 2630 egregiamque
2306 2579 2458 2631 super
2481 2564 2645 2630 fratre
2668 2564 2783 2629 iam
2810 2560 3055 2627 defuncto
3085 2561 3373 2612 orationem
3402 2558 3671 2627 funebrem
3702 2558 3967 2611 declama-

747 2652 837 2713 vit,
890 2662 1005 2700 eam
1037 2647 1263 2699 recitans
1290 2646 1358 2696 ad
1390 2644 1502 2710 ejus
1529 2643 1847 2710 sepulcrum,
1878 2642 2198 2709 fratremque
2224 2659 2285 2695 ac
2309 2646 2659 2697 necessarium
2692 2643 2894 2713 lugens.
2918 2643 3079 2695 Plura
3109 2642 3337 2695 subinde
3385 2643 3451 2693 de
3476 2654 3659 2694 nostro
3681 2654 3745 2694 ac
3769 2640 3967 2694 seniori

722 2728 1048 2781 "t‘heodoro
1079 2725 1413 2792 perstringit,
1454 2739 1522 2777 ne
1555 2724 1680 2777 vitia
1714 2724 1931 2791 quidem
1962 2724 2336 2788 dissimulans,
2370 2729 2564 2793 quibus
2592 2728 2681 2782 ille
2713 2742 2819 2781 non
2857 2727 3081 2778 omnino
3125 2729 3322 2779 earuit.
3370 2724 3545 2778 Habet
3581 2735 3828 2779 creatum
3874 2726 3967 2777 de-

750 2819 956 2879 spotam
976 2825 1039 2861 ac
1065 2811 1253 2863 ducem
1280 2807 1661 2875 Peloponnesi,
1688 2821 1811 2859 cum
1831 2805 1940 2871 jam
1968 2803 2437 2865 liliiCantacuzeni
2464 2814 2725 2867 obiissent
2744 2816 2801 2865 ὲν
2832 2812 3084 2883 Σπάρτῃ,
3106 2810 3313 2879 Spartae
3345 2828 3363 2865 :
3389 2815 3534 2880 quod
3560 2812 3835 2880 interpres
3862 2827 3971 2863 ma-

751 2902 801 2951 lc
827 2896 1267 2955 omisit.‘Manuel
1308 2895 1538 2949 alterum
1564 2905 1795 2955 tantum,
1821 2906 1874 2946 et
1898 2893 1989 2961 qui
2021 2904 2169 2949 esset
2209 2897 2507 2962 praefectus
2536 2896 2927 2965 Peloponneso,
2976 2898 3248 2962 significat
3288 2910 3579 2949 mortuum
3608 2898 3729 2950 sine
3784 2895 3969 2949 liberis

750 2982 859 3035 alio
893 2982 1209 3051 superstite,
1244 2978 1401 3047 cujus
1420 2986 1607 3033 essent
1631 2975 1840 3045 probati
1870 2990 2068 3039 mores,
2088 2976 2182 3030 sed
2215 2992 2377 3045 quem
2408 2977 2574 3042 titius,
2603 2992 2667 3030 ac
2695 2975 3064 3030 consobrinus
3118 2974 3404 3032 Theodori
3455 2992 3640 3031 rerum
3696 2992 3969 3033 summam

753 3073 871 3129 post
902 3072 1157 3135 patruum
1195 3062 1248 3116 in
1277 3060 1655 3129 Peloponneso
1679 3059 1952 3123 ambiens,
1976 3073 2132 3113 secus
2157 3069 2364 3129 ageret.

776 3279 2653 3306 ,ρῳ-Μ

2658 3274 3960 3301 W

1204 3448 1835 3537 ΠΡΟΘΕΩΡΙΑ
1924 3446 2151 3533 ΤΟΥ
2229 3444 2816 3532 ΠΑΡΟΝΤΟΣ
2909 3440 3287 3567 ΛΟΓῼΥ
3353 3431 3434 3510 (⁸)
3476 3500 3495 3521 .

1539 3768 2366 3862 ARGUMENTUM
2479 3760 3189 3855 OBATIONIS.

822 4086 1115 4145 Exordium
1152 4076 1368 4151 quidem
1399 4075 1771 4133 vehementius
1810 4074 2141 4144 lugubre,’ac
2175 4090 2310 4148 qua-
2336 4085 2390 4145 Α
2482 4082 2484 4087 '

2336 4085 2390 4145 Α
2482 4076 2791 4148 Περιπαθὲς
2822 4075 2919 4144 μὲν
2962 4074 3023 4127 τὸ
3054 4073 3359 4144 προοίμιον,
3411 4074 3504 4137 καὶ
3531 4069 3645 4131 οἷον
3675 4076 3882 4144 γίνοιτ’
3912 4078 3976 4131 ἂν

750 4185 801 4240 le
841 4180 1073 4237 maxime
1104 4174 1353 4236 fratrem,
1403 4182 1567 4239 super
1600 4166 1784 4222 fratris
1814 4165 2005 4222 funere
2038 4176 2307 4234 orantem,

752 4278 961 4330 deccat.
993 4268 1095 4323 Ubi
1153 4272 1333 4319 autem
1389 4270 1662 4314 oratorem
1702 4273 1886 4325 agens,
1945 4258 2315 4314 divinissimus

753 4370 1084 4434 imperator,
1139 4369 1330 4427 parum
1394 4352 1521 4422 quid
1580 4350 1741 4404 etiam
1798 4350 2011 4415 generis
2047 4350 2311 4414 meminit,

754 4460 895 4513 haud
937 4456 989 4507 in
1019 4467 1084 4506 eo
1111 4448 1314 4502 diutius
1344 4442 1797 4498 moratur.Porro
1831 4442 2088 4495 devectus
2118 4453 2318 4495 seruio-

754 4567 821 4605 ne
861 4547 925 4601 ad
962 4543 1060 4597 viri
1086 4549 1224 4601 acta,
1260 4550 1359 4590 nec
1418 4547 1589 4603 pauca
1626 4532 1737 4596 illa,
1780 4544 1878 4584 nec
1906 4538 1960 4583 ut
1997 4531 2144 4584 brevi
2192 4546 2316 4584 ora-

756 4642 903 4693 tione
933 4610 1253 4703 eaplicanda
1285 4627 1482 4703 forent,
1537 4638 1824 4687 excusans,
1858 4631 1912 4673 ut
1963 4623 2091 4693 quia
2125 4637 2311 4675 eorum

758 4728 1017 4800 splendor
1049 4721 1303 4777 omnibus
1336 4726 1538 4785 pateat,
1577 4728 1676 4767 nec
1703 4730 1733 4765 a
1765 4728 2033 4779 quoquam
2075 4720 2317 4780 negetur,

758 4818 897 4875 haud
931 4828 1152 4869 necesse
1206 4811 1276 4864 sit
1304 4806 1514 4875 singula
1558 4818 1833 4865 enarrare,
1888 4819 1952 4856 eo
1988 4803 2102 4870 ipso
2154 4802 2316 4854 etiam

752 4912 912 4967 valde
960 4910 1228 4958 exornat:
1295 4897 1481 4963 sicque
1544 4895 1797 4961 deinceps
1855 4894 1972 4959 ejus
2032 4906 2320 4959 aggressus

757 5000 964 5060 laudes,
997 4995 1226 5063 primmn
1257 4988 1324 5041 de
1348 4987 1463 5055 ejus
1490 4985 1712 5054 pueritia
1740 4980 1981 5046 disserit,
2012 4992 2176 5051 utque
2206 4995 2321 5034 om-

759 5092 889 5145 nino
928 5084 1178 5140 habuerit
1207 5077 1468 5141 moribus,
1517 5091 1579 5130 ac
1609 5075 1788 5144 qualis
1812 5076 1892 5127 vir
1924 5076 2119 5133 factus,
2161 5072 2321 5125 fuerit

761 5178 1065 5234 universis:
1096 5188 1207 5228 tum
1231 5185 1357 5224 vero
1389 5169 1455 5222 ad
1476 5177 1592 5221 acta
1630 5181 1693 5220 ac
1722 5180 1808 5219 res
1826 5174 2005 5235 gestas
2037 5165 2277 5232 procedit
2304 5181 2316 5215 :

763 5280 1103 5347 primumque
1135 5282 1323 5325 eorum
1378 5264 1704 5319 mentionem
1731 5260 1881 5326 facit,
1905 5262 2025 5329 qu'a:
2047 5260 2318 5326 quondam

763 5372 815 5423 in
849 5376 1077 5437 patrem,
1106 5359 1464 5425 eumdemque
1491 5356 1688 5421 ipsum,
1713 5364 1775 5405 ac
1806 5352 2133 5420 propinquos
2166 5351 2323 5409 alios,

2416 4169 2629 4238 ἀδελφῷ
2664 4167 3161 4236 μάλιστα.πρέπον,
3187 4166 3473 4234 ἐπιτάφιον
3504 4167 3591 4226 ἐπ’
3622 4167 3836 4243 αδελφῷ
3872 4170 3977 4222 διε.

2417 4264 2617 4331 ξιόντιο
2651 4260 2909 4329 πατρίδος
2938 4258 2996 4313 δὲ
3028 4258 3121 4311 καὶ
3157 4258 3346 4323 γένους
3399 4257 3573 4327 βραχύ
3606 4275 3657 4309 τι
3690 4258 3975 4326 μνησθεὶς,

2416 4358 2446 4408 ὁ
2470 4353 2597 4408 τάδε
2632 4351 2805 4418 λέγων
2834 4349 3105 4406 Θειότατος
3143 4348 3415 4416 βασιλεὺς,
3445 4348 3544 4400 οὐκ
3575 4349 3668 4400 ἐπὶ
3694 4349 3861 4403 πλέον
3890 4350 3975 4403 ὲν·-

2416 4441 2677 4513 διατρίϐει
2710 4440 2789 4507 τῷ
2848 4440 2974 4507 περὶ
3028 4438 3234 4491 τούτων
3294 4438 3502 4509 χωρίῳ.
3552 4439 3975 4509 ΪΕπιγενάμενος

2420 4539 2519 4609 μὲν
2543 4541 2633 4590 ἐπὶ
2660 4540 2755 4598 τὰς
2787 4537 2880 4609 τοῦ
2928 4535 3319 4602 ἔπαινουμένου
3371 4534 3621 4602 πράξεις,
3658 4535 3825 4597 οῦσας
3878 4539 3977 4591 οὐκ

2417 4608 2625 4696 ὀλίγας,
2660 4628 2777 4679 οὐδὲ
2805 4608 3051 4695 β’ραχέων
3095 4624 3202 4678 τῶν
3235 4623 3408 4691 λόγων
3437 4625 3701 4692 δεομένας
3725 4642 3741 4657 ν
3775 4628 3977 4679 ἀπολο-

2419 4719 2543 4787 γίαν
2568 4718 2623 4770 δὲ
2644 4717 3034 4784 πορισάμενος,
3073 4715 3148 4777 ὼς
3194 4716 3283 4766 διὰ
3309 4715 3370 4766 τὸ
3414 4717 3548 4766 πᾶσι
3577 4716 3781 4768 τούτων
3826 4734 3981 4786 περι-

2423 4809 2609 4878 φανὲς,
2636 4810 2730 4860 καλ.
2766 4806 2885 4875 μηδ’
2920 4806 3009 4874 ὑφ’
3035 4805 3151 4866 ἑνὸς
3177 4804 3342 4874 ἀρνού
3353 4820 3533 4873 μενον,
3563 4806 3661 4857 οὐκ
3684 4806 3981 4874 ἀναγκαῖον

2421 4900 2505 4967 εἴη
2542 4896 2874 4950 καθέκαστον
2913 4894 3163 4959 διεξιέναι
3215 4896 3338 4962 περὶ
3392 4895 3592 4957 αὐτῶν,
3619 4897 3767 4965 αὑτῷ
3806 4899 3981 4967 τούτῳ

2423 4992 2513 5044 καὶ
2550 4990 2693 5058 μάλα
2732 4988 3009 5056 σεμνύνει.
3060 4984 3277 5037 Ἔπειθ’
3310 4984 3453 5037 οὕτω
3505 4986 3614 5038 τῶν
3664 4986 3785 5039 κατ’
3820 4989 3981 5041 αὑτὸν

2421 5082 2512 5133 τὸν
2542 5077 2931 5145 ἐπαινούμενον
2959 5075 3130 5143 λόγων
3162 5076 3460 5142 ἁψάμενος,
3485 5075 3702 5143 πρῶτον
3733 5077 3833 5143 μὲν
3857 5078 3981 5145 περὶ

2422 5173 2520 5237 τῆς
2543 5173 2605 5221 ἐκ
2638 5169 2823 5228 παιδὸς
2857 5167 3083 5235 τροφῆς,
3113 5167 3206 5217 καὶ
3257 5165 3351 5217 τοῦ
3379 5167 3503 5217 ὅλου
3539 5166 3707 5236 ἠϐους
3733 5166 3979 5230 διέξεισι,

2426 5263 2519 5312 καὶ
2542 5256 2650 5320 οἷος
2671 5261 2780 5319 τοῖς
2818 5257 2955 5318 ὅλοις
2985 5253 3051 5323 ἦν
3079 5258 3105 5307 ὁ
3140 5257 3279 5325 ἀνήρ
3300 5272 3312 5283 ·
3347 5251 3445 5307 εἴτ’
3474 5256 3570 5308 ἐπὶ
3609 5256 3709 5317 τὰς
3754 5258 3981 5324 πράξεις

2423 5368 2481 5402 τε
2518 5354 2609 5401 καὶ
2663 5351 2731 5401 τὰ
2777 5348 2912 5415 ἔργα
2967 5349 3151 5413 χωρεῖ.
3203 5348 3309 5398 Καὶ
3345 5348 3564 5413 πρῶτον
3606 5344 3706 5414 μὲν
3757 5347 3984 5398 ἐκείνων

760 5434 885 5513 cum
920 5458 956 5509 ti
992 5456 1153 5509 rebus
1182 5450 1429 5504 advorsis
1478 5451 1778 5507 uterentur,
1810 5440 1875 5494 ab
1904 5451 2137 5508 eoygesta
2167 5450 2314 5504 sunt,
2355 5434 2393 5485 Β

2355 5434 2393 5485 Β
2422 5444 2721 5508 μέμνηται,
2761 5439 2792 5489 ἆ
2825 5454 2951 5489 ποτε
2992 5436 3117 5504 περί
3151 5453 3207 5488 τε
3243 5439 3333 5489 τὸν
3368 5439 3598 5507 πατέρα,
3636 5438 3730 5489 καὶ
3761 5438 3976 5497 έαυτδνν

762 5556 1053 5614 narratquc
1081 5552 1139 5596 ut
1166 5540 1253 5594 ille
1302 5538 1353 5591 in
1412 5535 1573 5590 rebus
1603 5531 1848 5589 habuerit
1875 5546 1889 5580 :
1950 5539 2060 5580 tum
2095 5529 2315 5594 gradum

2427 5533 2520 5583 καὶ
2553 5530 2658 5581 τῶν
2708 5528 2879 5579 ἄλλων
2912 5528 3122 5579 οἰκείων
3176 5529 3299 5590 τοὺς
3334 5527 3451 5579 τότε
3497 5526 3981 5597 δεδυστυχηκότας,

822 5732 886 5799 (⁸)
909 5730 1140 5785 Auctore,
1158 5726 1293 5787 juxta
1316 5720 1421 5770 cod.
1444 5718 1505 5766 88
1534 5729 1611 5777 ap.
1635 5713 1966 5773 Lambecium,
2003 5710 2242 5763 Gemistio
2266 5710 2527 5764 Piethone.
