4208 6444
173 462 274 523 177

949 463 1750 531 ΤΗΕΟΒΟΒΙῘΟΕΒΡΟΤΑΞ
1800 470 2183 530 ωυῡΑΤιΟ
2222 474 2625 535 FUNEBRIS.

3334 481 3430 543 173

168 578 491 649 ἐπέπρακτο
515 579 681 649 αὐτῷ,
703 580 798 632 καὶ
816 580 891 643 ὡς
916 580 1264 651 προσηνέχθη
1291 582 1401 644 τοῖς
1422 582 1541 633 τότε
1568 584 1743 650 πρᾶγ·
1774 580 1819 638 Δ

1849 580 2050 637 faciens
2083 584 2147 636 ad
2186 582 2669 653 Peloponnesiaco,
2730 590 2963 658 primum
3008 592 3253 646 meminit
3306 595 3424 661 ejus

171 686 308 736 μασι
338 689 352 701 ·
387 670 525 740 μετὰ
544 671 600 723 δὲ
647 672 841 735 ταῦτα,
888 674 980 725 ἐπὶ
1018 674 1085 724 τὰ
1115 674 1599 741 Πελοποννησιακὰ
1632 674 1734 744 ἥδη

166 761 448 828 χωρήσας,
485 762 707 833 πρώτης
744 764 844 832 μὲν
894 763 995 832 τῆς
1027 765 1107 827 είς
1136 766 1237 835 τὴν
1290 765 1474 835 χώραν
1502 766 1738 833 ἀφίξεως

170 850 470 917 μέμνηται,
502 854 576 913 ὡς
612 855 706 906 καὶ
739 855 1176 925 προσδοκηθεῖσα
1212 858 1373 925 μόνον
1394 858 1571 929 ῶνησε
1610 862 1738 928 πρὶν

166 940 448 1004 γενέσθαι.
488 945 580 995 καὶ
627 944 701 1007 ὡς
740 946 962 1013 ἀφῖκτο,
995 950 1087 1000 καὶ
1142 949 1217 1010 ὡς
1251 950 1401 1020 παρά
1424 952 1531 1002 τῶν
1567 954 1741 1019 ἐγχω-

171 1032 307 1097 ρίων
334 1034 589 1098 ἀσμένως
628 1037 923 1107 ὑπεδέχθη.
967 1035 1041 1094 Οὗ
1073 1041 1159 1111 δὴ,
1190 1043 1288 1093 καὶ
1323 1045 1434 1095 τῶν
1473 1044 1603 1113 περὶ⁵
1648 1046 1739 1097 τοῦ

167 1139 227 1174 τε
260 1125 416 1193 σφῶν
442 1127 613 1195 θείου,
642 1131 735 1182 καὶ
768 1131 990 1199 ἀνεψιοῦ
1022 1134 1299 1202 ἁψάμενος
1324 1136 1522 1202 λόγων,
1552 1132 1611 1188 εὖ
1644 1139 1743 1205 μά-

166 1214 235 1265 λα
275 1216 634 1286 φυλάττεται,
684 1222 745 1274 τὸ
798 1225 966 1292 μηδὲν
1004 1227 1065 1288 ἐς
1109 1226 1311 1291 αὐτοὺς
1357 1228 1572 1297 ἀπηχὲς
1622 1230 1742 1281 καθ’

167 1306 294 1360 ὅσον
335 1302 447 1363 οἷόν
482 1329 562 1373 τε,
611 1316 748 1383 μηδὲ
802 1320 1063 1387 φορτικὸν
1104 1322 1302 1375 είπεῖν.
1364 1322 1598 1375 Ἔπειτα
1646 1325 1745 1393 τῆς

179 1398 462 1469 Ἰλλυριῶν
490 1404 677 1458 αὐτόοι
708 1410 1086 1476 μετοικίσεως,
1124 1410 1198 1474 ὡς
1247 1412 1540 1481 δύσκριτόν
1570 1431 1633 1480 γε
1660 1415 1744 1479 ὃν,

168 1490 280 1544 εῐτε
318 1496 691 1558 παραδεκτέον
723 1500 924 1562 αὐτοὺς
951 1501 1009 1562 ὲς
1049 1503 1146 1570 τὴν
1183 1503 1390 1574 χώραν,
1427 1508 1537 1558 εἴτε
1576 1508 1648 1574 μή
1671 1521 1684 1535 ⁸
1720 1510 1747 1559 ὁ

167 1584 213 1635 δ’
237 1584 461 1651 tatem
485 1603 544 1638 τε
574 1590 636 1641 οὐ
659 1589 853 1643 δοκοῦν
874 1593 1020 1646 οὕτω
1037 1596 1149 1657 τοῖς
1164 1596 1403 1660 πολλοῖς,
1430 1597 1589 1658 αὐτὸς
1606 1597 1747 1665 μάλα

167 1677 448 1745 εὐστόχως
485 1679 912 1752 βεϐουλευμένος
943 1686 1073 1754 περὶ
1124 1688 1220 1740 τοῦ
1262 1692 1625 1753 συνοίσοντος,
1657 1693 1750 1743 καὶ

172 1766 229 1826 ἐς
251 1766 371 1817 δέον
405 1768 619 1831 τούτοις
667 1771 943 1840 ἐχρήσατο
964 1790 977 1804 ·
1013 1778 1109 1828 καὶ
1145 1778 1285 1844 μετά
1318 1776 1479 1829 τοῦτο
1504 1778 1606 1845 τῆς
1639 1779 1750 1830 τῶν

170 1859 491 1923 προσοίκων
551 1862 766 1931 ἐχθρῶν
794 1865 985 1935 ἥττης,
1036 1869 1130 1921 καὶ
1161 1868 1262 1937 τῆς
1294 1870 1595 1937 πρίγκιπος
1630 1870 1753 1922 συλ-

168 1947 413 2018 λήψεως,
444 1952 514 2004 δι’
546 1946 623 2006 ὧν
650 1956 1096 2027 ἐγκρατεστέραν
1144 1961 1435 2028 ἀποφαίνει
1472 1963 1749 2031 καταστή-

172 2057 348 2095 σαντα
380 2044 481 2112 τὴν
515 2046 713 2117 ἀρχήν.
754 2045 887 2103 Εἶτα
913 2052 1205 2118 παρελθὼν
1246 2053 1338 2105 ἐπὶ
1366 2055 1493 2115 τοὺς
1522 2054 1596 2116 ὡς
1624 2058 1749 2117 τοὺς

173 2131 489 2203 βαρϐάρους
537 2140 872 2207 αὐτομόλους
905 2140 1164 2208 ἥκοντας,
1210 2145 1306 2197 καὶ
1339 2145 1556 2213 πρῶτον
1592 2149 1746 2214 κοινῇ

170 2224 448 2293 περὶτῶν
500 2227 760 2281 τοιούτων
796 2230 1121 2295 ἐπεξελθὼν,
1176 2235 1350 2301 φειδοῖ
1384 2234 1478 2287 τοῦ
1518 2236 1749 2303 μηδενὸς

174 2314 239 2367 ἂν
275 2316 539 2385 ὀνομαστὶ
567 2320 942 2390 καθάψασθαι,
976 2324 1151 2377 ἔπειτ’
1185 2328 1273 2378 ἐπ’
1301 2328 1465 2379 αὐτὸν
1496 2328 1587 2379 τὸν
1616 2328 1748 2397 βάρ-

172 2406 345 2474 ϐαρον
376 2414 565 2480 χωρεῖ,
590 2414 681 2465 καὶ
708 2410 789 2477 οἷς
818 2420 938 2468 κατ’
967 2418 1173 2486 ἀμφοῖν
1203 2420 1591 2489 ἐπεχείρησεν,
1649 2422 1750 2474 ὑπὸ

170 2498 285 2549 τῶν
299 2495 373 2559 ὡς
400 2498 563 2551 αὑτὸν
589 2502 828 2568 ἡκόντων
850 2506 1168 2573 αὐτομόλων
1198 2510 1358 2575 ὲναγό
1368 2527 1522 2578 μενος
1549 2527 1562 2540 ·
1592 2513 1749 2562 ἐνίων

170 2588 229 2639 δὲ
262 2591 359 2643 καὶ
393 2591 600 2645 οἰκόθεν
631 2597 1139 2665 μετακαλουμένων.
1165 2601 1396 2653 Ἔπειτα
1420 2603 1519 2669 τῆς
1550 2603 1621 2664 ὡς
1653 2604 1751 2653 αὑ-

174 2681 267 2731 τὸν
302 2682 544 2750 ἀφίξεως
581 2686 881 2755 μέμνηται,
934 2692 1031 2760 τῆς
1090 2708 1150 2743 τε
1184 2691 1376 2746 τούτου
1408 2694 1503 2746 καὶ
1529 2694 1749 2757 ἑαυτοῦ,

174 2773 429 2843 ἀνάγκης
476 2793 536 2828 τε
568 2781 964 2850 γεγενημένης,
1019 2783 1112 2835 καὶ
1163 2784 1313 2855 παρά
1364 2786 1431 2838 τά
1457 2786 1751 2855 δεδογμένα

178 2866 390 2931 σῳίσιν,
424 2870 568 2922 οὕτω
595 2871 659 2941 δὴ
688 2876 1162 2941 συμπεπτωκυίας
1184 2894 1200 2908 ο
1236 2878 1331 2930 τοῦ
1358 2896 1416 2931 τε
1443 2880 1589 2947 παρὰ
1623 2880 1753 2933 ταύ-

176 2975 281 3026 την
316 2960 587 3026 κινδύνου,
621 2965 714 3016 καὶ
746 2966 853 3017 τῶν
875 2966 1052 3021 ἄλλων
1081 2969 1191 3023 τῶν
1213 2972 1393 3023 ἐκεῖσε
1434 2972 1751 3040 ἀπηντηκό-

175 3066 294 3101 των
325 3050 606 3121 δυσχερῶν
630 3070 643 3084 ·
689 3059 783 3111 καὶ
813 3057 885 3119 ὼς
922 3060 1086 3121 αὐτὸς
1122 3061 1223 3129 μὲι
1268 3063 1523 3131 βασιλεὺς
1556 3066 1750 3136 γνώμῃ

175 3140 276 3191 τοῦ
313 3141 594 3213 βαρϐάρου
644 3146 739 3201 ἐπὶ
772 3147 868 3217 τὴν
924 3151 1166 3221 μεγάλην
1201 3153 1267 3206 αὖ
1302 3155 1455 3208 πόλιν
1487 3158 1635 3225 παρὰ
1664 3158 1752 3210 δό-

1842 667 1894 719 in
1930 669 2259 737 provinciam
2296 672 2580 739 adventus,
2610 686 2666 729 ut
2706 678 2817 733 sola
2856 681 3187 748 exspectatio
3227 680 3430 747 iuverit

1840 775 1962 812 cum
1985 775 2080 826 res
2117 768 2327 815 tantum
2357 763 2407 816 iu
2464 766 2742 832 procinctu
2796 783 2914 823 esse
2959 784 2971 819 :
3023 780 3186 837 utque
3252 773 3423 837 reipsa

1842 851 2147 915 advenerit,
2184 854 2368 921 sitque
2425 856 2667 911 lcetanter
2698 860 2763 912 ab
2794 860 3063 929 indigenis
3093 872 3422 929 Susceptus:

1842 958 1952 1012 quo
1986 944 2126 1006 loco,
2162 958 2285 997 cum
2319 946 2671 1015 cmpisset'de
2696 952 2964 1005 avunculo
2996 968 3058 1006 ac
3092 940 3426 1006 conSohriun

1842 1035 2043 1099 dicere,
2093 1036 2295 1103 Optime
2349 1049 2522 1101 cavet,
2560 1056 2625 1093 ne,
2661 1043 2789 1108 quid
2820 1043 2872 1096 in
2932 1059 3048 1105 eos.
3087 1047 3264 1111 quoad
3301 1045 3412 1097 fieri

1846 1138 2045 1195 potest,
2072 1131 2361 1197 absonum,
2393 1145 2486 1185 aut
2508 1149 2668 1200 grave
2699 1136 2863 1189 dicat.
2904 1136 3255 1189 Postmodum
3296 1135 3420 1203 lély-

1845 1221 1944 1273 riis
1980 1220 2044 1273 ad
2069 1237 2191 1275 eum
2216 1224 2724 1293 commigrautihus,
2759 1235 2817 1279 ιιι
2849 1243 2970 1281 cum
3004 1227 3225 1280 dubium
3259 1239 3423 1288 esset,

1848 1327 1975 1365 num
2007 1321 2188 1368 essent
2242 1317 2535 1384 recipiendi
2577 1320 2628 1370 in
2685 1320 3050 1387 provinciam,
3105 1336 3297 1381 necne,
3328 1337 3421 1373 eos

1848 1402 1983 1470 ipse,
2022 1420 2142 1457 cum
2176 1407 2326 1458 multi
2364 1424 2520 1463 secus
2546 1420 2813 1475 putarent,
2854 1413 3057 1480 optime
3083 1413 3422 1480 coniectans.

1850 1508 1913 1547 ac
1946 1495 2089 1563 quod
2115 1497 2426 1551 conducens
2456 1510 2619 1563 esset,
2644 1503 2956 1566 consulens,
2984 1508 3271 1571 receperit,
3317 1508 3418 1557 sii-

1854 1599 1959 1651 que
1985 1598 2185 1637 eorum‘
2214 1602 2377 1653 opera
2414 1600 2717 1655 opportune
2766 1609 2896 1645 usus
2926 1611 2937 1644 :
2971 1608 3081 1663 post
3110 1611 3258 1657 ιρι-ο,
3291 1598 3423 1647 rel..-

1853 1682 1960 1726 tam
2026 1675 2094 1729 de
2144 1678 2335 1733 vicinis
2389 1683 2635 1736 hosuhus
2681 1684 2957 1739 victoriam
3055 1700 3339 1750 memorat,
3367 1705 3426 1741 ac

1860 1776 2076 1831 captum
2117 1770 2436 1837 principem,
2471 1774 2672 1841 quibus
2732 1776 2974 1829 ostendit
3032 1780 3422 1831 corrohorasso

1860 1850 2171 1921 imperium.
2198 1857 2335 1912 Tum
2366 1863 2637 1916 transiens
2670 1865 2732 1915 ad
2770 1880 2883 1924 eos.
2943 1867 3033 1934 qui
3060 1870 3123 1917 ad
3160 1868 3427 1919 iiarhziros

1860 1946 2244 2012 perfugissent,
2280 1964 2341 2002 ac
2377 1951 2464 2003 uhi
2494 1953 2725 2019 primum
2747 1956 2926 2022 aliqua
2952 1956 3016 2007 de
3048 1956 3151 2008 iliis
3179 1972 3426 2008 commu-

1860 2036 1910 2087 ni
1945 2050 2189 2090 sermone
2215 2039 2429 2092 locutus
2462 2052 2625 2102 essu.
2683 2045 2891 2097 nullum
2945 2061 3007 2097 et
3082 2047 3300 2097 nomine
3333 2062 3427 2112 pro

1860 2128 2121 2181 modestia
2154 2142 2300 2183 notat
2328 2148 2340 2184 :
2365 2135 2645 2202 pergitque
2678 2136 2874 2189 deinde
2911 2138 2974 2189 ad
3010 2138 3184 2205 ipsum
3226 2137 3427 2191 Barba-

1860 2235 2001 2283 rum,
2033 2237 2096 2275 ac
2125 2237 2184 2273 ea
2216 2238 2334 2290 quae
2359 2225 2447 2277 ille
2484 2226 2535 2277 in
2568 2228 2758 2281 ambos
2792 2229 3011 2281 molitus
3048 2241 3219 2291 esset,
3266 2228 3425 2281 indu-

1858 2310 2105 2363 centibus
2142 2312 2401 2380 perfugis,
2436 2330 2557 2368 cum
2590 2320 2903 2386 etqua~dam
2934 2336 2961 2372 a
2996 2334 3053 2373 se
3082 2322 3243 2372 etiam
3276 2319 3423 2373 illum

1867 2413 2247 2468 provocarent.
2282 2406 2357 2456 Ad
2400 2407 2534 2471 haec,
2569 2411 2836 2473 meminit,
2873 2421 2931 2465 ut
2971 2428 3093 2466 cum
3135 2416 3265 2480 ipse,
3316 2424 3426 2466 tum

1860 2489 2024 2544 frater
2056 2491 2203 2544 illum
2244 2498 2619 2561 convenerint,
2680 2514 2801 2552 eum
2874 2504 3170 2557 necessitas
3199 2505 3426 2567 tulisset.

1861 2595 1923 2632 ac
1962 2599 2118 2634 secus
2159 2584 2233 2636 illi
2268 2587 2620 2641 constitutum
2686 2591 2981 2655 haberent;
3045 2595 3268 2662 periculi
3305 2597 3427 2649 item

1862 2672 1987 2725 inde
2037 2675 2278 2740 conﬂati,
2326 2694 2386 2732 ac
2414 2681 2647 2733 tristium
2706 2684 2940 2738 aliorum
3013 2702 3133 2755 quae
3188 2689 3298 2741 illic
3332 2704 3426 2741 oe-

1859 2780 2147 2855 currerunt
2170 2786 2184 2833 ;
2210 2782 2395 2840 utque,
2420 2776 2534 2843 ipse
2558 2777 2772 2844 quidem
2800 2779 3093 2848 imperator
3112 2798 3175 2834 ex
3210 2783 3429 2836 Barhari

1860 2857 2158 2923 voluntate,
2198 2864 2725 2935 Constantinopolim
2765 2871 2957 2924 iterum
2994 2884 3187 2937 prceter
3223 2875 3431 2940 opinio-

1859 2961 1982 2999 nem
2013 2963 2199 3018 sospes
2265 2969 2514 3010 reversus
2564 2959 2673 3023 sit;
2734 2959 2901 3013 frater
2933 2974 3137 3026 autem,
3187 2968 3276 3033 qui
3319 2966 3427 3033 jam

1861 3038 2187 3094 ineluctahili
2214 3044 2405 3111 laqueo
2432 3050 2598 3101 teneri
2625 3052 2915 3117 videretur,
2934 3070 3144 3107 summa
3175 3057 3296 3109 inde
3321 3056 3432 3109 for-

1863 3134 2091 3190 titurline
2157 3154 2218 3191 ac
2272 3142 2490 3196 solertia
2544 3145 2843 3215 profugerit
2893 3150 2944 3201 in
2974 3150 3425 3218 Peloponnesum,

178 3231 282 3294 ξαν
318 3235 690 3299 ἀνασώζεται·
741 3240 768 3291 ό
804 3238 848 3290 δ’
879 3240 975 3308 ήδη
1027 3242 1198 3295 δοκῶν
1253 3247 1310 3297 ὲν
1340 3236 1604 3314 ἀφύκτοις
1638 3249 1757 3317 ἕχε-
1786 3258 1826 3311 C

1859 3239 2031 3294 eoque
2063 3243 2332 3294 reversus,
2377 3236 2559 3287 omnia
2588 3237 2722 3304 jam,
2758 3240 2954 3292 nedum
3009 3256 3130 3309 quae
3182 3244 3233 3297 in
3278 3243 3430 3295 Pelo—

182 3325 339 3387 σθαι,
371 3329 519 3395 μάλα
558 3330 820 3398 ἀνδρείως
849 3350 908 3385 τε
936 3336 1031 3386 καὶ
1060 3338 1387 3406 εὐμηχάνως
1424 3342 1633 3393 ἐκεῖθεν
1664 3345 1755 3396 ἐπὶ

178 3418 592 3490 Πελοπόννησον
612 3422 1027 3499 ἀποδιδράσκει,
1062 3428 1153 3479 καὶ
1178 3428 1253 3491 ὡς
1283 3432 1313 3499 ἡ
1347 3433 1602 3495 ἐπάνοδος
1631 3436 1753 3487 τού-

176 3523 276 3558 του
312 3508 492 3562 πάντα
519 3510 642 3580 ήδη,
680 3494 834 3566 οίίτά
870 3516 929 3566 ἐν
972 3494 1364 3591 Πελοποννήσῳ
1398 3524 1751 3591 μόνον,ἀλλὰ

178 3596 279 3648 καὶ
310 3597 422 3651 τῶν
450 3600 548 3653 ὅσα
579 3602 726 3665 ἐντὸς
760 3600 964 3670 πυλῶν,
1002 3608 1069 3659 τὰ
1108 3610 1343 3664 πλεῖστα
1373 3614 1755 3670 κινδυνεύοντα

178 3687 412 3742 διέσωσε
435 3706 448 3718 '
485 3693 580 3745 καὶ
603 3694 689 3758 ῶςι
712 3699 805 3748 τοῦ
864 3697 1145 3769 βαρϐάρου
1184 3704 1247 3754 ὲκ
1290 3704 1388 3771 μὲν
1418 3710 1516 3773 τῆς
1570 3709 1755 3762 Ἐλλά-

178 3779 273 3840 Eo;
296 3780 812 3854 ἀνακεχωρηκότος,
865 3788 1181 3858 πέμψαντος
1217 3792 1274 3845 δὲ
1320 3795 1413 3846 ἐπὶ
1459 3798 1558 3866 τὴν
1594 3799 1755 3852 Πελο-

181 3870 459 3939 πόννησον
485 3877 585 3927 οὐκ
630 3877 818 3949 ὀλίγην
859 3882 980 3934 οὐδὲ
1020 3885 1234 3954 φαύλην
1268 3890 1548 3956 στρατιὰν,
1576 3893 1604 3942 ό
1628 3892 1670 3943 δ’
1696 3895 1757 3944 οὐ

182 3960 385 4027 πλήθει
422 3964 703 4035 ἀντιπάλῳ
755 3974 1037 4041 στρατιᾶς,
1100 3976 1313 4047 ἐπινοίᾳ
1347 3977 1402 4032 δὲ
1454 3984 1759 4053 στρατηγίᾳ

183 4052 481 4126 πρεπούσῃ
503 4059 862 4125 κεχρημένος,
896 4062 1194 4117 κεκωλύκει
1221 4066 1421 4135 ταύτην
1446 4069 1545 4138 τῆς
1578 4052 1758 4139 χώρας

182 4142 453 4211 ἐπιϐῆναι
475 4160 489 4175 ⁸
528 4150 621 4201 καὶ
666 4148 741 4211 ὡς
775 4151 865 4205 διὰ
896 4153 1051 4207 τοῦτο
1085 4155 1314 4226 τοῦργον
1340 4160 1433 4211 καὶ
1480 4160 1545 4213 τὰ
1582 4179 1759 4232 παρα-

184 4237 557 4304 κεχωρημένα
590 4238 670 4307 τῷ
714 4238 996 4311 βαρϐάρῳ,
1034 4246 1130 4298 καὶ
1164 4247 1265 4317 ἥδη
1315 4249 1573 4319 ἐχόμενα,
1606 4255 1760 4305 ἀπει-

183 4323 356 4392 λήφει
384 4343 441 4378 τε
473 4329 567 4381 καὶ
611 4330 929 4385 ὲπανέσωσε
953 4338 1019 4403 τῇ
1052 4338 1217 4406 άρχῇ.
1251 4334 1364 4390 Εῐτ’
1393 4341 1488 4391 ἐπὶ
1514 4341 1603 4392 τὸν
1648 4360 1758 4394 κοι-

187 4419 283 4467 νὸν
338 4417 431 4469 τοῦ
464 4419 742 4490 βαρϐάρου
794 4423 1034 4494 πόλεμον
1098 4428 1503 4497 μετεληλυθὼς,
1560 4434 1757 4495 καὶῶς

189 4508 423 4569 πολλαῖς
466 4509 567 4577 μιν
599 4511 941 4582 Χριστιανῶν
971 4520 1301 4588 συμφοραῖς,
1350 4521 1572 4583 πολλαῖς
1593 4523 1637 4575 δ’
1665 4525 1759 4577 άλ-

1867 3332 2130 3386 ponueso,
2154 3324 2245 3375 sed
2273 3335 2325 3376 et
2356 3328 2399 3378 si
2433 3341 2535 3393 qua
2564 3328 2703 3382 intra
2728 3332 2920 3399 janttas
2946 3343 3099 3385 erant
3127 3334 3227 3402 (l),
3257 3337 3396 3386 mari
3417 3364 3432 3376 ε

1864 3425 2003 3463 mam
2038 3424 2240 3480 partem
2295 3418 2346 3469 in
2407 3420 2707 3487 periculum
2763 3426 3018 3483 adducta.
3054 3428 3423 3495 sospitavert.

1868 3512 2034 3569 utque
2058 3521 2179 3557 cum
2216 3506 2512 3571 Barbarus.
2548 3514 2660 3581 ipse
2690 3517 2907 3583 quidem
2942 3522 3007 3569 ah
3044 3518 3263 3572 Hellade
3319 3536 3435 3571 tuo.

1864 3608 2015 3659 vens,
2049 3612 2155 3650 non
2182 3600 2433 3667 exiguum
2484 3613 2577 3657 aut
2611 3606 2879 3661 imbellem
2916 3613 3214 3663 exercitum
3254 3612 3305 3663 in
3336 3610 3434 3661 Pe-

1866 3683 2223 3749 lopOnnesum
2262 3692 2520 3756 misisset,
2584 3697 2925 3763 prohibuerit
2958 3700 3069 3762 ille,
3107 3716 3211 3752 non
3245 3717 3433 3753 nume—

1866 3790 1993 3831 roso
2024 3772 2241 3844 quidem
2271 3790 2508 3839 exercitu
2530 3788 2667 3842 hosti
2696 3804 2978 3854 occureus,
3008 3792 3099 3845 sed
3124 3794 3247 3846 duci
3275 3810 3435 3848 exer-

1866 3867 2005 3922 citus
2039 3885 2281 3939 congruo
2324 3888 2731 3946 stratageinale,
2772 3897 2882 3934 rem
2925 3885 3245 3944 conficiens,
3279 3898 3333 3936 ιιι
3365 3902 3431 3937 ne

1867 3958 1919 4010 in
1956 3963 2289 4025 provinciam
2317 3968 2631 4037 invaderet;
2677 3980 2844 4040 utque
2876 3974 3092 4025 demum
3125 3989 3189 4026 eo
3226 3975 3431 4027 facino—

1866 4064 1944 4115 re,
1964 4053 2075 4122 jam
2113 4071 2373 4113 concessa
2413 4060 2649 4116 Barbaro
2680 4075 2733 4117 et
2778 4066 2844 4116 ah
2869 4081 2933 4117 eo
2958 4076 3242 4133 oi-ciipata,
3279 4084 3430 4119 rece-

1866 4142 2026 4208 perit,
2065 4160 2127 4198 ac
2177 4148 2402 4217 imperio
2428 4154 2732 4206 vindiearit.
2774 4154 2896 4208 Post
2933 4157 3040 4207 hac
3074 4172 3321 4209 reversus
3364 4158 3429 4207 ad

1870 4249 2159 4292 commune
2191 4242 2319 4294 illud
2376 4244 2573 4297 bellum
2608 4244 2851 4310 Barbari,
2880 4246 3127 4313 factaque
3153 4250 3426 4299 Ini-tilith

1869 4335 1926 4376 ιιι
1955 4342 2018 4380 ex
2047 4330 2254 4383 crebris
2307 4332 2550 4387 cladibus
2582 4349 2647 4387 eo
2669 4336 2870 4388 victore
2908 4351 3030 4387 cum
3066 4335 3419 4399 Christianis,

1870 4436 1981 4477 tum
2016 4421 2266 4475 Barharis
2321 4422 2442 4475 aliis
2500 4422 2686 4483 illatis,
2744 4436 2831 4478 res
2883 4424 3251 4477 Romanorum
3304 4439 3428 4493 gra-

1868 4515 2007 4567 viter
2034 4512 2240 4565 aﬂ‘ecue
2286 4523 2487 4574 essent,
2515 4529 2611 4566 nec
2641 4530 2743 4565 non
2782 4527 3047 4582 suscepta:
3081 4518 3148 4569 ab
3188 4520 3303 4582 ipso
3337 4533 3431 4567 na-

186 4597 298 4648 λων
332 4597 624 4669 βαρϐαρων
651 4606 1094 4675 ένευτυχηκότος,
1130 4609 1381 4677 χαλεπῶς
1408 4612 1655 4665 ἐντεῦθεν
1690 4616 1757 4667 τά
1790 4601 1826 4657 Π

1870 4605 2158 4673 vigatiouis
2212 4618 2275 4655 ac
2313 4603 2521 4655 itineris
2578 4605 2641 4654 ad
2706 4605 2968 4657 Oeciduas
3015 4616 3217 4673 partes,
3254 4621 3433 4660 narrat

199 4688 501 4755 Ῥωμαίων
534 4692 840 4763 πράγματα
893 4696 1040 4765 ἔσχε,
1096 4700 1360 4769 μνησθεὶς
1401 4707 1495 4757 καὶ
1536 4707 1760 4772 προσέτι

186 4782 289 4833 τοῦ
322 4799 384 4849 γε
432 4785 627 4838 ἑαυτοῦ
651 4788 738 4840 διά
766 4789 940 4843 ταῦτα
968 4794 1211 4845 άπόπλου
1246 4811 1305 4846 τε
1335 4797 1426 4848 καὶ
1456 4798 1764 4866 ἀποδημίας

187 4874 291 4937 τῆς
312 4875 395 4935 είς
428 4870 497 4927 τὰ
518 4877 770 4946 ἑσπέρια,
798 4880 989 4934 ἔπειτα
1017 4884 1083 4935 τὰ
1106 4887 1281 4954 τούτῳ
1308 4889 1363 4937 ὲν
1392 4890 1619 4949 ἐκείνοις
1654 4893 1765 4951 τοῖς

190 4968 414 5034 καιροῖς
445 4972 811 5039 πεπραγμένα
862 4973 1112 5038 διέξεισι·
1144 4979 1238 5029 καὶ
1277 4979 1493 5046 πρῶτον
1529 4981 1650 5047 μὲν,
1694 4980 1767 5043 ὡς

194 5057 469 5123 Κόρινθον
494 5061 553 5111 ἐν
586 5066 855 5130 προφανεϊ
873 5064 1038 5118 οὖσαν
1067 5070 1294 5137 κινδύνῳ
1312 5071 1560 5139 Φρερίοις
1587 5074 1763 5138 ἐγχει-

198 5149 388 5212 ρίσας.
418 5148 591 5217 αὑτήν
620 5167 680 5202 τε
736 5151 906 5205 ἔσωσε
934 5154 1031 5222 τῆς
1067 5155 1177 5206 τῶν
1222 5156 1514 5225 βαρϐάρων
1557 5158 1761 5227 χειρὸς,

194 5240 295 5291 καὶ
342 5241 455 5302 τοῖς
480 5241 621 5304 ὅλοις
650 5244 970 5312 πράγμασιν
1001 5246 1061 5298 οὐ
1116 5250 1355 5318 σμικράν
1378 5248 1625 5300 ἐντεῦθεν
1664 5252 1763 5313 τὴν
1802 5300 1807 5304 ,

196 5328 463 5398 βοήθειαν
495 5332 882 5401 ἀμηχανήσατο
932 5351 946 5365 ·
999 5335 1171 5389 ἔπειθ’
1204 5339 1279 5400 ὡς
1308 5339 1484 5407 χρόνῳ
1517 5338 1763 5407 ὕστερον,

196 5426 293 5476 καὶ
336 5425 437 5493 τῆς
468 5423 636 5494 άλλης
664 5426 885 5494 ἀπάσης
914 5428 1087 5496 ἀρχῆς
1118 5431 1227 5489 τοῖς
1258 5431 1439 5491 αὐτοῖς
1479 5431 1634 5495 δόξας
1664 5448 1765 5481 πα-

199 5517 500 5583 ραχωρεῖν,
535 5517 625 5568 τὸν
664 5518 799 5587 πρὸς
841 5518 928 5569 τὸν
954 5520 1227 5589 βάρϐαρον
1254 5522 1510 5587 πόλεμον,
1549 5522 1763 5573 κάλλιον

198 5607 229 5672 ἢ
260 5606 341 5666 ὡς
372 5607 438 5658 άν
470 5624 551 5666 τις
601 5609 966 5675 προσεδόκησε
1001 5612 1275 5674 κατέθετο,
1334 5614 1427 5663 καὶ
1457 5613 1550 5682 τὴν
1582 5614 1763 5681 χώραν

196 5698 497 5749 άτολαϐὼν
552 5695 707 5760 αὖθις
763 5702 1124 5769 κατέστησεν,
1183 5704 1299 5753 οὐδὲ
1334 5703 1592 5771 Φρερίους
1640 5702 1763 5753 οὕτε

1860 4707 2070 4765 postea,
2102 4705 2249 4762 gesta
2286 4695 2499 4746 interitu
2534 4711 2560 4746 a
2599 4694 2761 4747 fratre
2789 4711 2881 4748 :ae
2922 4698 3156 4763 primum
3193 4699 3431 4764 quidem,

1862 4803 1915 4841 ut
1947 4784 2229 4843 Corintho,
2258 4799 2377 4852 quae
2412 4794 2720 4837 versaretur
2769 4787 2819 4837 iu
2857 4788 3142 4844 manifesto
3168 4790 3435 4855 periculo,

1863 4877 2174 4930 eoticrcdita
2215 4877 2496 4937 fratribus,
2529 4888 2651 4930 cum
2683 4879 2929 4931 eamdem
2966 4880 3136 4948 ipsam
3170 4896 3197 4931 a
3234 4880 3432 4931 Batha-

1869 4980 2048 5019 rorum
2080 4964 2307 5017 salvarit
2368 4981 2553 5025 manu,
2607 4976 2719 5017 tum
2786 4968 2909 5019 inde
2962 4970 3122 5017 rehus
3162 4970 3431 5021 uniwrsis

1868 5076 1974 5111 non
2009 5058 2273 5111 modicam
2312 5072 2463 5124 opem
2523 5060 2847 5125 compararit
2881 5077 2892 5110 :
2923 5063 2985 5110 ad
3023 5061 3153 5119 illl't‘.
3209 5072 3260 5111 ut
3309 5078 3433 5111 cum

1872 5164 2055 5221 postea
2120 5154 2270 5205 visus
2338 5164 2500 5213 esset,
2565 5154 2826 5220 reliquam
2855 5164 3023 5207 totam
3093 5158 3430 5224 provinpiam

1870 5244 1977 5297 illis
1994 5245 2205 5306 cedere,
2238 5260 2321 5296 res
2350 5260 2473 5297 cum
2510 5244 2742 5297 Barbaio
2767 5248 2914 5300 omni
2948 5248 3135 5300 melius
3168 5264 3259 5314 spe
3288 5263 3435 5298 coni-

1872 5336 2134 5403 posuerit,
2164 5346 2328 5403 utque
2360 5348 2570 5401 recepta
2606 5338 2900 5402 provincia,
2942 5341 3133 5389 iterum
3162 5355 3246 5388 res
3308 5338 3431 5405 ejus

1873 5425 2183 5495 stabilicrit,
2241 5441 2358 5477 cum
2426 5427 2571 5478 nulla
2627 5428 2822 5495 injuria
2885 5428 3095 5480 Fratres
3143 5430 3431 5488 all‘rcisset,

1874 5530 2033 5569 autve
2062 5517 2287 5569 omnino
2316 5518 2499 5570 damni
2530 5520 2730 5585 aliquid
2769 5518 3061 5574 intulisset.
3096 5520 3150 5573 lu
3188 5524 3271 5574 Itis
3311 5539 3435 5588 poi-

1876 5623 1935 5659 ro
1969 5608 2169 5660 diutius
2202 5619 2665 5671 versatursi-riro,
2700 5615 2842 5675 quod
2877 5613 3127 5667 tolli-udae
3159 5618 3320 5682 izpiui.
3349 5624 3431 5671 uis

1874 5693 2055 5761 causa,
2089 5716 2183 5767 per
2235 5703 2596 5768 iguorautiatn
2658 5706 2897 5759 veritatis
2956 5708 3052 5767 rei,
3122 5712 3432 5762 utoinninn

276 5884 356 5952 (2)
391 5883 494 5954 Ipsi
530 5884 763 5953 Bajazeti
791 5886 1113 5943 assistcntes
1150 5890 1309 5956 inque
1345 5888 1463 5955 ejus
1498 5885 1820 5939 exsistcntes
1855 5887 2022 5939 curia.
