4208 6444
782 442 884 508 179

1962 444 2359 506 MANUELIS
2399 452 2484 510 ΡΑ
2499 448 2844 510 L/EOLOGI

3919 443 4022 507 180

779 547 1082 608 habuisset,
1117 545 1261 614 apud
1297 547 1585 604 nonnullos
1619 550 1933 616 obtinentis,
1988 556 2144 620 plane
2195 572 2332 625 prm-
2366 562 2414 622 Α

2443 563 2729 632 ἀδικήσας,
2763 561 2887 614 οὕτε
2921 577 2973 614 τι
3009 558 3219 630 βλάψας
3251 558 3408 622 ὅλως.
3454 557 3580 612 Ἐπὶ
3617 557 3782 612 πλέον
3807 555 3864 610 δέ
3908 573 4017 611 που

781 644 971 699 staret,
1007 637 1202 692 borum
1235 655 1453 709 quoque
1498 644 1829 709 meminisse,
1854 647 2051 700 nedum
2087 651 2340 712 aliorum,

779 741 901 793 qua:
924 739 1110 783 essent
1144 732 1427 800 perspicue
1492 734 1655 798 bona,
1712 751 1876 805 quam
1928 738 2145 793 silentio
2179 741 2342 795 dissi-

780 819 1009 874 mulare.
1052 819 1330 888 Siquidem
1362 825 1506 877 enim
1541 842 1684 881 nunc
1748 835 2080 894 tacerentur,
2130 842 2189 885 ut
2220 834 2339 900 quis

775 912 1120 978 postmodum
1149 922 1379 966 tentaret
1410 915 1724 971 meminisse
1754 919 1818 972 ad
1860 919 2206 985 calumniam,
2242 923 2346 977 uti-

775 1015 880 1067 que
904 1011 1086 1069 posset
1111 1004 1249 1070 apud
1274 1005 1485 1072 aliquos
1515 1020 1676 1073 gestae
1712 1013 1787 1063 rei
1809 1011 2048 1079 ignaros,
2083 1023 2340 1081 tanquam

771 1107 900 1146 vera
933 1093 1122 1149 dicens
1162 1095 1360 1150 habere
1401 1099 1583 1163 fidem,
1648 1101 1795 1154 velut
1824 1118 1928 1154 non
1988 1103 2222 1156 fuissent
2261 1114 2340 1157 ta-

771 1185 941 1237 cenda
976 1185 1081 1250 hic,
1112 1197 1170 1240 ut
1209 1204 1315 1257 qua
1354 1191 1417 1242 de
1473 1191 1557 1243 bis
1591 1192 1692 1244 dici
1725 1194 2067 1259 potuissent:
2093 1210 2215 1262 cum
2251 1211 2338 1248 re-

773 1274 904 1337 lata,
929 1290 991 1328 ac
1028 1278 1203 1346 palam
1243 1282 1484 1348 exposita
1518 1291 1573 1334 ut
1602 1293 1749 1351 gesta
1779 1295 1980 1344 essent,
2011 1284 2063 1336 in
2109 1285 2336 1353 gloriam

771 1368 975 1435 potius,
1010 1384 1071 1420 ex
1116 1384 1180 1422 eo
1206 1375 1348 1438 quod
1383 1371 1563 1424 forsan
1600 1388 1757 1425 secus
1789 1373 2340 1436 videbatur,cessura

773 1469 984 1512 essent.
1049 1459 1255 1514 Deinde
1329 1463 1575 1530 procedit
1637 1465 1700 1516 ad
1763 1465 2192 1533 comparandum
2220 1483 2338 1518 cum

770 1549 1030 1618 antiquis,
1059 1552 1277 1619 quando
1331 1560 1385 1604 ct
1437 1553 1610 1606 morbi
1640 1555 1911 1608 mentione
1946 1555 2109 1617 facta,
2145 1558 2338 1609 iterum

771 1640 1393 1711 lugubrior,orationem
1423 1646 1737 1712 componit;
1768 1645 2041 1714 simulque
2073 1647 2340 1710 ostendit,

782 1736 919 1789 nihil
980 1736 1246 1789 minorem
1281 1736 1658 1790 fortitudinem
1697 1737 1749 1789 in
1800 1737 1988 1790 morbo
2008 1737 2338 1800 ostendisse,

774 1840 936 1893 quam
965 1824 1129 1878 rebus
1154 1825 1444 1894 gerendis:
1475 1841 1708 1893 cumque
1741 1826 1828 1878 hic
1857 1827 2074 1878 subdito
2123 1841 2339 1894 quoque

774 1915 1086 1972 auditurum
1129 1919 1292 1970 εωῑυί
1325 1919 1625 1981 annuisset,
1672 1927 1812 1972 utet
1845 1918 1947 1987 ipsi
1990 1919 2194 1986 aliquid
2240 1917 2342 1970 sibi
2372 1901 2418 1959 B

772 2023 1096 2078 congruum,
1150 2023 1248 2076 pro
1281 2007 1529 2076 pluribus
1568 2022 1630 2060 ac
1657 2008 1867 2075 magnis
1897 2007 2194 2068 beneficiis,
2220 2005 2343 2074 qui-

771 2101 873 2154 bus
903 2101 995 2154 ille
1017 2114 1111 2153 eos
1138 2099 1518 2160 demeruisset.
1547 2100 1921 2168 loquerentur,
1953 2104 2198 2152 eamdem
2223 2114 2344 2152 rur-

772 2209 868 2248 sus
894 2194 1127 2247 naniam
1164 2193 1413 2246 resumit.
1449 2193 1503 2246 ld
1538 2210 1565 2258 ιι
1596 2207 1699 2244 ,τι-ο
1729 2191 1880 2256 facit,
1908 2206 2032 2244 cum
2062 2189 2344 2244 remissio-

773 2301 842 2339 ne
888 2286 1071 2354 aliqua
1095 2300 1277 2353 egens,
1332 2284 1593 2351 impedita
1655 2299 1786 2335 voce
1843 2297 1954 2350 prae
2001 2280 2208 2334 doloris
2242 2277 2338 2342 vi;

775 2391 891 2433 tum
933 2392 1086 2441 vero,
1135 2378 1261 2445 quia
1294 2376 1456 2430 etiam
1495 2375 1696 2428 multos
1758 2373 1894 2428 alios
1919 2373 2102 2441 cupiat
2153 2373 2346 2427 audire

775 2474 1154 2532 lamentantes,
1217 2471 1287 2523 ob
1343 2468 1640 2537 impensius
1695 2467 1826 2520 illud
1885 2480 1950 2520 ac
2000 2465 2251 2518 insanum
2288 2464 2344 2518 in

775 2564 996 2622 fratrem
1036 2563 1318 2631 philtrum,
1375 2561 1620 2629 pluribus
1647 2573 1710 2612 ac
1769 2559 1979 2628 magnis
2037 2559 2103 2611 de
2136 2559 2343 2620 causis,

774 2673 909 2726 quas
939 2658 1053 2724 ipse
1074 2656 1343 2710 edisserit.
1381 2654 1744 2719 Quamobrem
1801 2653 1962 2704 etiam
1998 2650 2346 2706 all'ectuosius

773 2766 992 2820 quoque
1025 2764 1088 2802 ac
1118 2747 1401 2817 lugubrius
1433 2747 1626 2799 iterum
1676 2743 1906 2805 orditur,
1942 2751 2197 2810 tanquam
2223 2758 2347 2797 om-

780 2843 916 2896 nino
941 2857 1118 2908 neque
1147 2839 1537 2898 narrationem,
1558 2851 1733 2905 neque
1763 2835 1951 2888 laudes
1985 2835 2222 2903 potuerit
2247 2850 2346 2903 ag-

774 2913 947 3005 gredi,
977 2933 1294 3002 priusquam
1328 2929 1524 2983 fuisset
1578 2928 1846 2982 indultum
1875 2925 2156 2980 lamentis.
2189 2923 2348 2981 Post-

776 3029 997 3084 modum
1031 3038 1208 3081 tamen
1238 3027 1304 3081 ad
1355 3025 1746 3080 consolandum
1791 3021 2148 3085 descendens,
2184 3020 2345 3074 linem

775 3120 989 3175 dicendi
1015 3119 1164 3184 facit,
1195 3119 1449 3188 congruis
1471 3132 1535 3172 ac
1560 3117 1700 3186 aptis
1728 3116 1981 3170 laudibus
2010 3114 2208 3183 cuique
2227 3113 2347 3167 loco

2445 655 2654 715 τούτοις
2677 655 2704 705 ό
2735 653 2892 720 λόγος
2921 650 3246 722 ἐνδιατρίϐει
3269 651 3411 720 ὑπὲρ
3439 649 3532 704 τοῦ
3557 649 3657 718 τὴν
3677 650 3769 702 ὑπ’
3796 650 4021 716 ἀγνοίας

2442 746 2538 798 τοῦ
2573 745 2806 814 ἀληθοῦς
2852 745 2929 805 ὡς
2982 742 3157 798 ταῦτα
3223 742 3472 812 ἐπράχθη
3533 741 3848 811 κρατοῦσαν
3887 741 4020 806 παρ’

2447 838 2608 901 ἐνίοις
2639 838 2799 902 δόξαν
2848 838 3080 901 ἀνελεῖν,
3112 837 3333 903 ἄμεινον
3362 835 3422 888 ὒν
3453 834 3889 904 ἐπιμνησθῆναι,
3923 833 4020 885 καὶ

2444 928 2653 981 τούτων
2685 929 2824 998 πρὸς
2846 931 2958 991 τοῖς
2982 927 3164 991 ἀλλοις
3192 930 3307 990 τοῖς
3331 929 3394 980 ἐκ
3420 925 3516 979 τοῦ
3550 925 3790 994 φανεροῦ
3833 925 4020 984 καλοῖς

2445 1020 2478 1090 ἢ
2536 1021 2906 1088 σεσιγηκέναι.
2945 1018 3054 1071 Καὶ
3108 1018 3217 1089 γὰρ
3267 1004 3334 1070 ἂν
3383 1017 3479 1070 νῦν
3519 1014 3931 1084 σεσιγημένων,
3975 1014 4020 1064 εί

2446 1115 2576 1166 ποτέ
2611 1131 2692 1175 τις
2719 1114 2813 1166 ἐπὶ
2844 1113 3067 1182 διαϐολῇ
3102 1112 3409 1180 μνησθῆναι
3443 1110 3758 1178 τολμήσειε,
3793 1107 3915 1175 τάχ’
3958 1106 4022 1157 ἄν

2444 1221 2556 1258 τισι
2585 1205 2693 1256 τῶν
2725 1203 2936 1272 τάληθῆ
2973 1205 3048 1274 μὴ
3087 1203 3326 1263 εἰδότων,
3381 1202 3475 1255 καὶ
3529 1197 3897 1268 ἐπαληθεύειν
3938 1198 4022 1249 δόο

2445 1297 2611 1362 ξειεν,
2646 1295 2721 1355 ὼς
2753 1296 2852 1347 οὐκ
2897 1295 2962 1349 ἀν
2997 1298 3056 1350 ὲν
3089 1295 3165 1365 τῷ
3199 1295 3432 1362 παρόντι
3465 1291 3866 1362 σεσιγημένων,
3896 1289 4022 1340 εἴτι

2445 1388 2573 1456 ἐνῆν
2607 1388 2785 1454 λέγειν
2815 1388 2944 1457 περὶ
2982 1388 3185 1442 αὐτῶν.
3245 1386 3531 1456 Είρημὲνα
3562 1385 3619 1436 δὲ
3647 1382 3763 1434 ’καὶ
3805 1381 4022 1448 φανερᾶ

2444 1481 2794 1534 καταστάντα
2830 1479 2906 1542 ὡς
2935 1479 3210 1548 ἐπράχθη,
3246 1479 3340 1530 καὶ
3378 1477 3464 1540 είς
3513 1474 3762 1539 εὐδοξίαν
3816 1472 4023 1539 μᾶλλον

2444 1576 2507 1625 ἐκ
2538 1573 2632 1627 τοῦ
2668 1575 2742 1636 ὡς
2767 1557 3128 1643 ἑτέρως’ίσως
3153 1569 3440 1630 δοκοῦντος
3484 1568 3872 1636 περιέστηκεν.
3909 1560 4022 1614 Εἶτ’

2443 1666 2537 1717 ἐπὶ
2565 1667 2662 1727 τὰς
2698 1666 2832 1735 πρὸς
2859 1665 2990 1728 τοὺς
3017 1663 3281 1725 παλαιοὺς
3309 1659 3644 1731 παραθέσεις
3677 1657 3871 1726 χωρεῖ,
3901 1657 4023 1724 ἡνί-

2446 1770 2517 1807 κα
2552 1755 2774 1823 καὶτῆς
2828 1755 2989 1807 νόσου
3036 1753 3319 1822 μνησθεὶς,
3371 1752 3428 1812 ἐς
3460 1749 3522 1803 τὸ
3551 1745 4022 1817 περιπαθέστερον

2447 1839 2513 1897 αὖ
2542 1843 2822 1896 ἀποκλίνει
2845 1858 2861 1874 ο
2890 1842 3210 1910 ἀποφαίνων
3237 1839 3356 1907 ἀμα
3387 1837 3541 1891 οὐδὲν
3590 1835 3803 1887 ἐλάττω
3839 1832 3942 1898 τῆς
3966 1831 4022 1880 ὲν

2447 1936 2556 1996 τοῖς
2588 1934 2772 2003 ἔργοις
2799 1931 3018 2003 ἀνδρίας
3042 1931 3139 2000 τὴν
3169 1929 3321 1999 παρά
3348 1927 3447 1996 τὴν
3473 1928 3626 1978 νόσον
3648 1919 4021 1986 ἐπιδεδειγμέ-

2446 2043 2555 2078 νον.
2585 2023 2880 2077 Κάνταῦθα
2907 2022 3031 2085 δούς
3065 2040 3119 2074 τι
3163 2022 3261 2074 καὶ
3310 2020 3424 2081 τοῖς
3459 2015 3695 2086 παροῦσι
3729 2012 3842 2066 τῶν
3875 2011 4022 2074 ὑπτιο

2446 2121 2590 2170 κόων
2622 2114 2961 2184 φθέγξασθαι
2995 2112 3270 2184 προσῆκον
3308 2109 3538 2171 ἐκείνοις
3563 2107 3774 2165 αὐτοῖς,
3807 2100 4022 2154 πολλῶν

2447 2208 2562 2260 καὶ.
2594 2205 2847 2275 μεγάλων
2905 2204 3239 2270 εὐεργεσιῶν
3281 2201 3449 2252 ἕνεκα
3487 2193 3562 2251 ὧν
3606 2195 3666 2248 εὖ
3711 2192 4022 2245 πεπόνθασι

2447 2280 2580 2367 παρ’
2609 2296 2796 2363 αὑτοῦ,
2825 2296 2914 2348 τὸν
2945 2295 3110 2346 αὑτὸν
3143 2293 3297 2355 αὖθις
3320 2286 3770 2355 ὲπαναλαμὸἀνει
3798 2283 4020 2352 θρῆνον.

2446 2388 2616 2441 Τοῦτο
2644 2389 2701 2441 δὲ
2728 2389 2893 2451 ποιεῖ,
2927 2387 3042 2456 ἅμα
3067 2385 3187 2454 μὲν,
3216 2383 3290 2447 ὡς
3321 2380 3638 2448 ἀναπαὺλης
3664 2375 3905 2446 δεηθεὶς,
3934 2373 4021 2424 διά

2446 2484 2506 2534 τὸ
2536 2479 2629 2533 τοῦ
2658 2480 2864 2540 πάθους
2893 2477 3125 2546 μέγεθος
3160 2475 3488 2546 ὲπεχόμενος
3527 2471 3626 2538 τὴν
3661 2467 3869 2535 φωνὴν,
3908 2464 4020 2532 ἄμα

2447 2574 2526 2639 δὲ,
2568 2574 2663 2626 καὶ
2693 2572 2766 2633 ὡς
2802 2571 3150 2638 ἐπιθυμήσας
3173 2570 3268 2620 καὶ
3298 2567 3503 2633 ἐτέρων
3530 2562 3741 2615 πολλῶν
3758 2557 4020 2628 θρηνούν-

2447 2683 2555 2718 των
2597 2662 2848 2725 ἀκοῦσαι,
2880 2661 2966 2712 διὰ
2996 2661 3056 2712 τὸ
3089 2659 3218 2728 περὶ
3270 2658 3362 2710 τὸν
3383 2654 3609 2721 ἀδελφὺν
3642 2651 3871 2722 μανικὸν
3905 2647 4019 2715 φίλ-

2447 2773 2598 2826 τρον,
2634 2752 2845 2807 πολλῶν
2885 2751 2975 2804 καὶ
3006 2751 3259 2819 μεγάλων
3307 2746 3498 2803 αἰτιῶν
3538 2745 3724 2802 ἕνεκα,
3759 2742 3834 2799 ὡς
3857 2738 4019 2797 αὐτὸς

2448 2847 2670 2911 διέξεισι
2698 2843 2975 2916 βασιλεύς.
3000 2837 3073 2895 Ob
3106 2843 3266 2912 χάριν
3293 2841 3386 2893 καὶ
3416 2839 3523 2890 ἀπὸ
3567 2830 3908 2904 περιπαθοῦς
3935 2830 4020 2880 εὑ-

2451 2942 2548 3001 θὺς
2580 2938 2845 3008 ἐνήρξατο
2876 2935 3189 3005 προοιμίου,
3221 2934 3296 2995 ὡς
3350 2930 3425 3000 μὴ
3467 2929 3529 2981 τὸ
3562 2926 3830 2994 παράπαν
3859 2922 4019 2985 δυνηο

2452 3026 2567 3085 θεὶς
2600 3025 2705 3077 τῶν
2728 3041 2787 3078 τε
2815 3023 3140 3092 διηγήσεων,
3169 3020 3277 3071 τῶν
3293 3036 3354 3071 τε
3386 3016 3625 3069 ἐπαίνων
3645 3012 3888 3081 ἀψασθαι
3920 3009 4020 3077 πρᾶ

2451 3116 2558 3169 τῶν
2600 3115 2833 3185 θρήνων.
2889 3114 2963 3166 Οὐ
3021 3114 3128 3182 μὴν
3165 3111 3280 3164 ἀλλ’
3326 3111 3420 3163 ἐπὶ
3478 3105 3836 3175 παραμυθίαν
3869 3104 4020 3171 ὅμως

775 3216 1017 3277 intextis,
1052 3222 1109 3266 ut
1141 3228 1314 3281 neque
1348 3210 1574 3267 excedat
1621 3210 1766 3279 quod
1795 3209 1866 3264 sit
1899 3207 2200 3277 probabile,
2229 3221 2334 3262 nec
2371 3224 2418 3288 ο

2455 3206 2719 3276 μεταϐὰς,
2771 3204 3140 3266 ἀποπαύεται,
3169 3200 3616 3269 ἐπιπλεκομένων
3661 3199 3881 3262 ἑκάστῳ
3911 3213 4020 3264 χω-

777 3321 972 3372 eorum
1000 3305 1203 3375 aliquid
1231 3303 1464 3370 deficiat,
1497 3317 1617 3372 qua:
1648 3303 1794 3356 dicto
1820 3316 1978 3371 Opus.
2007 3315 2071 3354 ac
2105 3312 2347 3371 congrua

778 3405 959 3462 erant,
991 3405 1051 3451 ut
1097 3395 1158 3451 in
1175 3393 1405 3466 singulis
1455 3393 1691 3464 quisque
1735 3399 1851 3447 arte
1905 3390 2091 3458 legens
2127 3403 2350 3460 perspe-

788 3501 950 3557 xerit.

2454 3299 2555 3370 ρίῳ
2591 3299 2702 3351 τῶν
2741 3298 2831 3350 ἀεὶ
2860 3295 3246 3366 προσηκόντων
3280 3310 3338 3345 τε
3371 3291 3467 3344 καὶ
3498 3287 4022 3360 προσαρμοττόντων

2453 3393 2712 3456 ἐπαίνων,
2749 3391 2823 3452 ὼς
2853 3391 2990 3458 μήτε
3031 3389 3093 3441 τὸ
3148 3385 3378 3438 πιθανὸν
3438 3379 3828 3451 ὑπερϐάλλειν,
3885 3377 4023 3444 μήτε

2455 3484 2720 3538 ἐλλείπειν
2744 3500 2797 3535 τι
2822 3481 2931 3533 τῶν
2971 3483 3199 3533 ἐνόντων
3227 3495 3286 3530 τε
3315 3477 3411 3530 καὶ
3449 3475 3567 3545 ἀμα
3595 3473 3826 3526 δεόντων
3857 3467 4022 3538 ῥηθῆ-

2457 3593 2569 3641 ναι,
2590 3573 2666 3636 ὡς
2697 3574 2789 3628 ἐπὶ
2817 3573 2925 3624 τῶν
2974 3570 3095 3622 καθ’
3119 3570 3350 3622 ἕκαστον
3385 3568 3502 3620 ἐστι
3547 3563 3624 3633 τῷ
3654 3563 3799 3617 κατά
3830 3563 4022 3629 τέχνης

2458 3662 2886 3734 ἀναγινώσκοντι
2925 3661 3169 3731 θεωρεῖν.
