4208 6444
225 428 323 495 181

1034 424 1430 488 THEODORI
1466 423 1820 485 DESPDTE
1864 421 2247 483 LAUDATIO
2283 419 2691 482 FUNEBRIS.

3345 414 3448 476 1ῖὲ

1000 726 1137 779 ΤΟΥ
1164 723 1700 778 ΕΥΣΕΒΕΣΤΑΤΟΥ
1722 724 1841 776 ΚΑΙ
1866 725 2322 777 ΦΙΛΟΧΡΙΣΤΟΥ
2346 722 2675 776 ΒΑΣΙΛΕΩΣ

1724 862 1927 911 ΚΥΡΟΥ

537 1004 1367 1144 ΜΑΝΟΥΗΛ
1442 1005 1784 1137 ΤΟΥ
1866 1002 3111 1140 ΠΑΛΑΙΟΛΟΓΟΥ

1535 1224 1752 1277 ΛΟΓΟΣ
1787 1221 2148 1277 ΕΠΙΤΑΦΙΟΣ

512 1365 618 1417 ΕΙΣ
704 1364 855 1418 ΤΟΝ¹
938 1363 1390 1417 ΛΥΤΔΔΕΛΦΟΝ
1470 1362 1700 1415 ΑΥΤΟΥ
1794 1363 2158 1417 ΔΕΣΠΟΤΗΝ
2242 1364 2381 1418 TON
2464 1364 3158 1421 ΠΟΡΦΥΡΟΓΕΝΝΗἸὊΝ

774 1508 1148 1593 ΚΥΡΟΝ
1188 1503 1786 1594 ΘΕΟΔΩΡΟΝ
1815 1511 2040 1593 TON
2114 1507 2920 1598 ΠΑΛΑΙΟΛΟΓΟΝ

905 1668 1137 1737 Ῥηθεὶς
1165 1669 1543 1739 ἐπιδημήσω
1556 1687 1655 1736 τος
1684 1673 1770 1736 εἰς
1800 1674 2278 1741 Πελοπόννησον
2316 1676 2420 1730 τοῦ
2449 1677 2777 1743 βασιλέως.

1798 1844 1866 1855 ..-

1088 1966 1357 2023 PllSSlMl
1388 1966 1475 2022 AC
1506 1963 1776 2021 CHRISTE
1811 1962 2113 2017 AMANTIS
2144 1962 2607 2018 [MPERATORIS

744 2267 1703 2425 MANUELIS

1778 2101 1956 2151 OMlNl

1794 2254 2932 2416 PALZEOLOG—I

1508 2524 1852 2582 FUNEBRIS
1877 2520 2132 2578 ORATIO

678 2672 747 2729 ΙΝ
783 2669 1137 2728 PROPRIUM
1173 2669 1336 2727 EJUS
1397 2665 1724 2721 FRATREM
1798 2660 2165 2719 DESPOTAM
2228 2621 2981 2716 PORPIIYROGENNETANI

846 2825 1341 2904 DOMINUM
1382 2820 2023 2903 THEODORUM
2078 2822 2192 2894 PA
2210 2816 2790 2894 LIEOLOGUM

1098 2986 1281 3047 Dicta
1309 3004 1445 3047 cum
1480 2989 1820 3064 imperator
1852 2996 2001 3048 esset
2035 2986 2100 3046 in
2128 2980 2573 3058 Peloponneso.

299 3255 463 3307 Ἀλλὰ
490 3255 543 3306 τί
575 3255 668 3308 καὶ
706 3254 1002 3324 φθέγξομαι
1034 3254 1169 3324 πρὸς
1202 3254 1367 3321 ὑμᾶς,
1398 3249 1442 3308 ὦ
1479 3254 1768 3320 παρόντες,
1803 3262 1844 3312 Α
1948 3249 2226 3301 Enimverc

1805 3262 1844 3312 Α
1948 3242 2387 3312 Enimvero'quid
2417 3242 2481 3294 ad
2514 3256 2608 3294 vos
2654 3238 2815 3293 etiam
2871 3237 3081 3305 loquar,
3141 3236 3439 3293 auditores,

216 3347 350 3419 μήτ’
387 3346 546 3409 αὐτὸς
571 3347 748 3413 λέγειν
772 3347 994 3417 ἰσχύων,
1036 3347 1164 3416 μήθ’
1198 3348 1340 3416 ὑμᾶς
1367 3346 1505 3416 ὁρῶν
1543 3346 1777 3413 δυναμέ-

210 3458 343 3501 νους
373 3439 621 3509 καθαρὰν
643 3440 743 3510 τὴν
766 3439 936 3504 ἀκοὴν
967 3440 1224 3508 ὑποσχεῖν
1244 3441 1356 3501 τοῖς
1386 3439 1563 3503 λόγοις
1592 3455 1607 3501 ;
1645 3437 1775 3505 Ἐμέ

208 3549 271 3583 τε
306 3532 418 3599 γὰρ
446 3531 660 3596 ἀφωνία
706 3531 971 3599 κατέσχεν
1000 3531 1104 3583 ὑπὸ
1149 3532 1246 3597 τῆς
1281 3532 1539 3597 μεγίστης
1572 3517 1777 3598 ταύτης

210 3620 526 3688 συμφορᾶς,
566 3620 710 3686 ὑμᾶς
749 3635 808 3671 τε
833 3619 974 3672 τοῦτ’
1009 3615 1123 3671 οἶδα
1157 3619 1451 3683 παθόντας,
1496 3619 1588 3680 οὓς
1620 3621 1646 3670 ὁ
1682 3619 1776 3671 νῦν

209 3710 586 3777 θρηνούμενος
613 3710 927 3777 διαγέγονεν
960 3706 1018 3763 εὖ
1052 3711 1241 3764 ποιῶν.
1287 3712 1435 3762 Ἐπεὶ
1462 3711 1515 3761 δὲ
1559 3711 1775 3772 πάντως

205 3802 270 3853 οὗ
294 3803 686 3870 συγχωρήσετε
721 3804 952 3869 σιωπᾷν,
1005 3800 1319 3864 ὲλπίζοντές
1353 3819 1408 3853 τε
1441 3801 1775 3871 ῥηθήσεσθαι

207 3890 351 3956 παρ’
382 3891 560 3957 ἡμῶν,
614 3892 750 3959 ὅπερ
814 3892 878 3943 ἂν
917 3893 1049 3953 ἴσως
1105 3891 1346 3961 συμϐαίη
1407 3895 1470 3961 τῇ
1524 3891 1776 3961 παρούσῃ

207 3982 491 4048 συμφορᾷ,
544 3980 779 4048 ἐροῦμεν
824 3980 897 4043 ὡς
926 3982 1148 4049 ἐφικτόν
1171 3998 1183 4011 ⁸
1218 3983 1340 4034 ιπεὶ
1370 3983 1464 4033 καὶ
1515 3972 1671 4033 τοῦτό
1711 3998 1774 4048 γε

202 4071 645 4140 τεκμαιρόμεθα,
688 4072 763 4133 ὡς
791 4075 912 4142 ὲμοί
963 4075 1129 4144 γέᾚπη
1166 4074 1546 4143 χαλεπαίνετε,
1591 4074 1665 4141 τῷ
1699 4073 1774 4141 μὴ

203 4164 302 4214 καὶ
337 4161 529 4214 θᾶττον
558 4162 811 4233 εἰρῆσθαι
847 4165 1165 4232 γιγνόμενόν
1200 4182 1275 4218 τι.
1308 4166 1468 4233 Δῆλοι
1514 4168 1620 4235 γάρ
1649 4171 1771 4219 ἐστε

201 4258 322 4315 τοῖς
363 4251 526 4316 ὅλοις,
558 4254 655 4322 τὴν
692 4253 784 4304 τοῦ
820 4255 979 4320 λόγου
1016 4256 1277 4323 μέλλησιν
1319 4257 1480 4324 μόνον
1516 4257 1632 4324 οὐχὶ
1660 4258 1774 4308 δια-

200 4344 519 4409 6ἀλλοντες,
555 4348 619 4413 τῇ
655 4346 867 4415 γλώττῃ
905 4346 1003 4413 μὲν
1037 4347 1305 4414 οὐδαμῶς,
1332 4350 1392 4399 οὐ
1422 4349 1529 4416 γὰρ
1557 4366 1770 4416 συγχω-

202 4436 291 4499 ρεῖ
314 4433 376 4483 τὸ
403 4433 593 4496 πάθος,
619 4435 930 4510 ἐνακμᾲζον
954 4437 1073 4495 ταῖς
1126 4436 1346 4506 ψυχαῖς,
1381 4437 1457 4505 τῷ
1488 4438 1543 4488 δὲ
1580 4440 1770 4499 ἀτενὲς

198 4523 283 4585 εἰς
315 4523 463 4590 ἡμᾶς
494 4524 645 4592 ὸρᾷν,
697 4524 792 4574 καὶ
819 4525 929 4585 τοῖς
959 4527 1236 4589 κοπετοῖς,
1280 4524 1373 4578 καὶ
1414 4524 1767 4594 ὀλοφυρμοῖς,

198 4616 299 4665 καὶ
331 4615 445 4674 τοῖς
474 4613 654 4675 ἄλλοις
676 4612 903 4666 ἅπασιν.

288 4791 357 4841 Ἥ
390 4789 489 4857 μὲν
520 4783 612 4842 οὖν
635 4788 931 4857 ἀπαίτησις
967 4788 1184 4857 εὔλογος
1218 4792 1283 4843 ἂν
1321 4794 1413 4844 καὶ
1460 4794 1590 4861 παρ’
1618 4793 1771 4862 ὑμῶν

194 4886 437 4949 γένοιτο,
486 4880 583 4931 καὶ
628 4881 758 4948 παρ’
808 4882 962 4949 ἡμῶν
993 4882 1143 4942 τέλος
1196 4882 1382 4934 λὰὁοιο
1419 4884 1600 4937 δικαία
1626 4935 1637 4943 ,
1665 4885 1773 4953 γὰρ

191 4976 447 5047 δοθσῆναι,
497 4972 627 5037 πρὶν
658 4972 977 5039 αῑτηθῆναι·
1039 4973 1241 5040 μᾶλλον
1300 4975 1355 5026 δὲ
1414 4976 1762 5043 ἀποδοθῆναι,

1880 3341 1971 3409 qui
2002 3338 2242 3406 nceipse
2287 3338 2489 3389 valeam
2549 3331 2750 3393 dicere,
2812 3344 3016 3398 vosque
3066 3328 3273 3383 videam
3330 3346 3433 3380 ltnlt

1879 3431 2117 3483 valentes
2147 3442 2333 3497 puram
2379 3423 2716 3479 sermonibus
2768 3437 2951 3474 aurem
2990 3420 3441 3473 accommodare?

1875 3520 2008 3577 Cum
2043 3535 2127 3572 me
2183 3520 2325 3571 enim
2361 3512 2683 3568 calamitatis
2715 3512 2877 3579 hujus
2908 3510 3272 3563 immensitate
3297 3518 3439 3560 attn-

1877 3613 2051 3665 nilum
2076 3625 2177 3661 vox
2208 3608 2344 3675 fugit
2378 3624 2391 3670 ;
2426 3617 2533 3659 tum
2585 3619 2680 3657 vos
2730 3605 2915 3657 eadem
2968 3614 3183 3670 quoque
3233 3600 3440 3653 rationm

1877 3703 1989 3756 scio
2016 3700 2177 3761 allici,
2200 3716 2334 3767 quos
2375 3699 2455 3750 vir
2490 3697 2539 3748 in
2568 3696 2974 3764 praesentiarum
3017 3690 3267 3743 lamentis
3313 3706 3439 3757 pru-

1877 3790 2212 3861 sequendus,
2244 3788 2501 3857 praeclare
2553 3787 2684 3839 adeo
2730 3785 3017 3838 demeruit.
3070 3782 3207 3847 Quia
3257 3791 3435 3834 taun-n

1879 3884 2017 3936 haud
2045 3881 2267 3935 omnino
2301 3882 2431 3933 estis
2462 3877 2662 3931 silentii
2713 3876 3023 3929 facultatem
3080 3874 3297 3935 facturi,
3342 3873 3435 3937 qui

1876 3977 2014 4030 forte
2045 3976 2245 4043 aliquid
2282 3973 2529 4040 prtesenti
2558 3986 2853 4038 congruum
2897 3967 3189 4023 calamitati
3224 3968 3436 4019 auditu-

1878 4085 1964 4122 ros
1996 4069 2243 4136 speretis,
2280 4066 2466 4133 utique
2507 4078 2602 4130 pro
2630 4062 3005 4129 viriliquoque
3026 4060 3313 4112 dicendum
3344 4060 3432 4110 sit.

1876 4162 2005 4214 Nam
2037 4170 2088 4212 et
2115 4160 2242 4212 mihi
2284 4159 2467 4209 videor
2495 4156 2673 4207 videre
2690 4154 3104 4213 ‘succensentes,
3156 4152 3301 4220 quod
3330 4168 3432 4203 lmn

1875 4253 2035 4305 citius
2060 4266 2233 4319 operae
2256 4249 2481 4318 pretium
2519 4246 2722 4313 aliquid
2753 4246 3007 4298 dixerim.
3028 4244 3235 4312 Quippe
3258 4246 3438 4296 utimi-

1873 4342 1973 4395 bus
2004 4342 2224 4409 liqueat,
2264 4350 2314 4389 ut
2352 4336 2835 4401 lautumnoudctis
2876 4336 3094 4388 crimini
3123 4351 3430 4389 sermonem

1874 4434 2137 4486 hactenus
2172 4430 2491 4483 distulisse:
2523 4428 2665 4483 haud
2707 4428 2922 4495 quidem
2971 4428 3019 4480 id
3072 4428 3287 4493 lingua;
3328 4444 3433 4477 nun

1873 4524 2019 4577 enim
2048 4522 2199 4575 dolor
2248 4521 2433 4590 vigens
2481 4520 2698 4578 animis.
2735 4518 2862 4572 sinit
2896 4518 3025 4578 ;sed
3079 4518 3315 4570 vultibus
3382 4518 3431 4569 in

1805 4614 1847 4668 Β
1874 4628 1972 4666 nos
2004 4610 2245 4674 intentis,
2272 4612 2707 4679 plauctibusque,
2740 4619 2793 4663 et
2821 4609 3134 4677 eiulatibus,
3174 4622 3236 4660 ac
3256 4609 3432 4662 omni—

1876 4705 1976 4758 bus
2010 4704 2167 4756 aliis.

1943 4794 2077 4848 Cum
2119 4808 2251 4849 sane
2280 4792 2392 4845 haec
2416 4808 2444 4845 a
2477 4791 2631 4846 vobis
2649 4791 2839 4844 merito
2890 4790 3197 4859 exigantur,
3252 4798 3362 4843 tum
3401 4804 3427 4841 α

1873 4885 2031 4939 nobis
2054 4898 2215 4951 opere
2233 4884 2635 4953 compleantur;
2670 4898 2788 4950 quze
2820 4882 2890 4934 sit
2912 4882 3114 4947 iustum
3147 4891 3431 4944 praastartg

1873 4976 1955 5027 vel
1996 4976 2039 5028 si
2075 4989 2235 5029 nemo
2262 4976 2481 5043 exigat:
2516 4989 2609 5027 seu
2647 4976 2823 5041 potius
2866 4973 3112 5035 reddi-re,
3136 4982 3427 5039 antequam

194 5066 291 5115 xu“.
322 5062 429 5130 πρὸ
472 5060 570 5112 τοῦ
602 5059 801 5129 ταύτην
834 5061 1219 5129 ἁππιτηθῆναι.
1257 5063 1365 5113 Καὶ
1420 5064 1596 5129 ἔγωγε
1658 5066 1761 5131 τὴν
1870 5069 2032 5120 etiam
2066 5066 2226 5135 aliqui

1870 5069 2032 5120 etiam
2066 5066 2261 5135 aliquis
2312 5074 2534 5132 repetat.
2590 5063 2848 5131 Equidem
2898 5078 2925 5115 a
2973 5064 3145 5129 prima
3189 5062 3300 5129 jam
3346 5063 3433 5113 (lie

193 5154 431 5224 πρώτην
461 5152 526 5205 ἂν
557 5150 915 5204 ἀποδεδώκειν
944 5152 1004 5202 τὺ
1026 5153 1202 5221 χρέος,
1226 5156 1272 5205 εἰ
1303 5150 1411 5215 οἷός
1443 5172 1495 5206 τι
1531 5151 1598 5224 ἦν
1623 5156 1758 5207 ἀπο-

192 5245 383 5297 δοῦναι
404 5257 419 5273 ο
455 5243 555 5293 οὐκ
581 5241 820 5309 εὐχερῶς
857 5242 901 5292 δ’
927 5240 993 5293 ἂν
1024 5242 1331 5311 δυνηθείην,
1361 5243 1437 5311 τῷ
1472 5244 1571 5312 τῆς
1608 5246 1761 5312 μεγί-

194 5350 339 5402 στης
369 5331 599 5398 ταυτησὶ
648 5332 931 5399 συμφορᾶς
968 5330 1299 5400 βεϐλημένος
1322 5334 1506 5386 πάθει.
1552 5335 1669 5402 Ἀφ’
1700 5330 1766 5404 ἧς

194 5426 308 5493 γὰρ
341 5422 713 5490 καταγόμενος
744 5423 861 5482 ταῖς
891 5422 1099 5487 ναυσὶν,
1142 5419 1280 5475 εἶδόν
1311 5440 1361 5475 τι
1412 5425 1577 5493 μέρος
1609 5426 1767 5494 τῆσδε

188 5517 294 5580 τῆς
332 5516 456 5581 γῆς.
497 5514 566 5582 ἦν
596 5512 715 5564 ποτ’
754 5514 958 5574 ἐκεῖνος
991 5515 1297 5583 πεπάτηκε,
1331 5515 1512 5583 θηρῶν
1554 5518 1768 5579 πάντως

190 5608 224 5673 ἦ
262 5602 611 5671 στρατηγῶν,
646 5604 705 5654 τὸ
740 5602 839 5670 μὲν
865 5603 1100 5670 δάκρυον
1134 5607 1415 5672 προχεῖται
1436 5608 1761 5675 κρουνηδόν·

190 5694 412 5761 ἀφωνία
455 5693 512 5745 δὲ
567 5693 810 5762 κατέχει,
844 5694 934 5744 καὶ
984 5694 1084 5745 οὐκ
1112 5696 1173 5764 ἑᾷ
1200 5696 1552 5764 φοέγγεσθαι.
1596 5698 1765 5759 Αὐτὸς

193 5788 305 5855 γὰρ
346 5778 501 5847 οὗτος
539 5785 566 5835 ὁ
601 5784 794 5853 χῶρος,
825 5783 880 5835 ὃν
914 5786 1117 5848 ἐκεῖνος
1148 5786 1205 5838 εὖ
1246 5789 1415 5841 ποιῶν
1461 5790 1763 5842 διατετελέ-

1868 5158 2105 5211 debitum
2128 5157 2443 5211 redditurus
2474 5171 2646 5219 erant,
2692 5164 2749 5206 ut
2774 5170 2864 5221 per
2891 5153 3201 5207 facultatem
3249 5153 3439 5220 lienis-

1872 5254 2006 5300 set:
2059 5247 2200 5299 haud
2254 5260 2405 5309 vero,
2456 5262 2612 5313 quem
2678 5260 2841 5314 grave
2898 5245 3029 5295 adeo
3065 5244 3259 5296 vulnus
3304 5246 3433 5297 dita-2

1873 5340 2035 5406 hujus
2070 5338 2394 5392 calamitatis
2440 5338 2682 5399 inceSsit,
2730 5337 2933 5405 possim
2976 5336 3156 5388 facile.
3198 5336 3276 5389 Ex
3324 5353 3433 5404 quo

1876 5430 2019 5482 enim
2103 5430 2388 5498 applicatis
2466 5430 2719 5491 navibus,
2783 5435 2975 5481 vestra:
3058 5429 3217 5496 hujus
3298 5444 3429 5493 orte,

1878 5534 2037 5586 quam
2068 5519 2157 5571 ille
2184 5519 2456 5586 quondam
2486 5526 2577 5570 aut
2609 5518 2833 5569 Omnino
2865 5528 3084 5578 venatu,
3108 5526 3198 5569 aut
3246 5519 3432 5581 cupias

1876 5610 2101 5669 ducens,
2117 5606 2431 5669 ambulavit,
2452 5607 2910 5674 partcmfaliquam
2937 5609 3142 5674 asiwxi,
3162 5608 3433 5674 prullnuut

1876 5698 2128 5765 lacrymze
2184 5697 2423 5751 fluminis
2502 5698 2694 5758 instar,
2740 5713 2907 5764 usque
2957 5708 3162 5749 mutum
3220 5713 3431 5747 serum.

1876 5805 1939 5842 ne
1973 5789 2262 5842 interdicit.
2316 5789 2403 5841 Illa
2459 5788 2600 5842 enim
2662 5790 2774 5841 btet:
2837 5790 2983 5855 regio
3041 5805 3201 5855 quam
3234 5791 3307 5841 sic
3343 5790 3431 5841 ille
