4208 6444
202 411 317 475 185

991 412 1391 477 THEODORI
1434 412 1802 478 DESPOT/E
1844 413 2236 478 LAUDATIO
2276 416 2686 483 FUNEBRIS.

3364 417 3467 486 186

189 523 271 577 οὐ
309 524 417 593 μὴν
448 520 494 574 δ’
522 520 604 586 είς
637 520 936 594 τοῦσχατον
981 524 1139 595 δόξης
1167 527 1530 599 ὲληλακότων,
1580 531 1676 585 καῖ
1716 532 1776 584 τὸ
1805 568 1816 599 Α

1883 526 2074 596 patria,
2108 525 2197 597 qui
2237 526 2475 581 illustres
2504 526 2724 597 quidem
2757 533 2820 583 ac
2844 525 3374 594 clari,haud.tamen
3396 532 3463 584 ad

199 615 419 687 μηδένα
450 613 736 683 λεληθέναι
771 616 839 669 τὰ
865 617 1008 670 κατά
1048 621 1208 687 σφᾶς,
1237 620 1438 687 ἀγαθός
1467 638 1529 689 γε
1569 624 1778 685 πάντως

195 707 233 758 δ
267 705 468 774 νόμος·
505 706 596 760 ι’να
639 708 876 781 τοσαύτη
909 712 1202 778 περιουσία
1248 712 1664 782 λαμπρότητος,
1702 714 1779 774 ὥς

202 796 411 868 μηδέσι
442 799 555 853 τῶν
581 801 871 869 πρωτείων
898 807 1272 874 παραχωρεῖν,
1332 801 1467 877 μηδὶ
1496 805 1780 873 λεληθέναι

196 888 307 957 τῆς
339 892 445 959 γῆς
490 888 562 942 τά
610 890 849 961 πέρατα,
898 891 967 945 τά
1018 894 1170 961 σφῶν
1203 885 1656 964 πλεονεκτήματᾶ
1686 896 1781 946 καὶ

197 979 309 1049 τὴν
338 978 559 1049 ἀρετὴν.
595 980 830 1049 μάλιστα
857 982 1076 1037 πάντων
1096 983 1125 1035 δ
1149 983 1311 1055 νόμος
1331 979 1486 1049 οὗτος
1513 985 1575 1039 οὐ
1597 1002 1783 1054 περιο-

200 1071 379 1132 πτέος
411 1068 612 1133 δόξειεν
635 1070 721 1124 ἀν.
753 1068 827 1124 Τὸ
849 1074 962 1144 γὰρ
994 1075 1259 1145 ὑπερέχον
1281 1062 1486 1130 τούτων
1521 1078 1579 1128 ὲν
1608 1073 1779 1130 ἅπασι

202 1162 433 1215 πάντων
484 1163 651 1215 ’ἑνεκα
688 1159 723 1234 ἦ
754 1164 857 1217 πού
882 1182 945 1234 γε
976 1164 1253 1236 θαύματος
1283 1168 1454 1234 ἀξιον.
1487 1169 1595 1221 Καὶ
1626 1169 1781 1222 τοῦτό

200 1269 275 1320 γε
309 1253 626 1324 συνίστησιν
654 1257 683 1308 ό
712 1257 892 1311 πάντα
924 1257 1061 1330 λήθῃ
1094 1260 1372 1328 παραδοὺς
1418 1261 1633 1330 χρόνος,
1657 1261 1783 1314 ἀτο-

200 1346 386 1413 νήσας
419 1343 674 1401 ένταυθοῖ
708 1344 770 1402 τδ
808 1348 1002 1413 είωθὸς
1050 1351 1200 1421 αὐτῷ
1242 1354 1464 1421 δρᾶσαι.
1522 1345 1633 1406 Kal!~
1672 1354 1781 1423 γὰρ

200 1438 454 1509 τοσούτῳ
516 1441 660 1509 μέγα
724 1442 1175 1511 ὗπερηκόντισαν
1228 1444 1404 1513 συχνῇ.
1453 1434 1783 1515 περιφανείᾳ

200 1531 304 1582 καὶ
340 1532 684 1602 κοσμιότητι,
719 1535 814 1586 καὶ
838 1539 905 1605 τῇ
929 1534 1038 1587 τῶν
1065 1535 1287 1605 τρόπων
1312 1536 1664 1606 χρηστότητι,
1689 1539 1782 1592 καὶ

200 1622 277 1688 τῇ
306 1621 418 1673 τῶν
444 1624 722 1690 τροπαίων
740 1625 1106 1695 λαμπρότητι,
1138 1627 1249 1697 ὅσῳ
1281 1628 1414 1697 μηδὲ
1442 1627 1623 1697 ῥᾴδιον
1643 1623 1783 1680 εἶναι

201 1712 407 1776 δείξαι.
440 1716 554 1768 Καὶ
574 1717 732 1769 τοῦτο
751 1718 941 1786 λέληθε
965 1720 1063 1787 μὲν
1091 1720 1197 1773 οὐδ’
1219 1714 1459 1773 ὁντινοῦν
1483 1718 1592 1773 τῶν
1616 1722 1785 1774 ἀπάν-

156 1816 159 1819 ‘
187 1803 320 1857 ’των
344 1823 361 1837 ⁸
398 1807 636 1876 παρέχει
668 1809 724 1862 δὲ
753 1812 964 1873 πάντας
1010 1811 1333 1879 θαυμάζειν,
1364 1811 1456 1875 οὕς
1490 1829 1553 1881 γε
1600 1814 1662 1867 οὐ
1698 1815 1784 1866 λέ-

1881 629 2156 673 summum
2194 617 2380 688 gloriae
2424 618 2637 673 culmen
2678 630 2925 698 evasere,
2959 632 3024 672 ac
3069 626 3131 672 ut’
3178 633 3243 673 ne
3300 630 3468 690 quem

1880 725 2073 765 eorum
2107 724 2194 765 res
2228 712 2475 777 lateant;
2525 712 2659 766 bene
2714 728 2943 782 prorsus
2976 713 3064 766 illa
3110 712 3307 779 habet;
3368 714 3464 768 ubi

1881 811 2062 856 autem
2096 815 2288 856 eorum
2316 802 2504 868 gloria:
2528 810 2712 857 tantus
2737 809 3029 871 exsuperat
3078 803 3355 866 cumulus,
3401 811 3462 856 ut

1880 908 1951 949 ne
1979 894 2068 947 cui
2102 893 2309 962 primas
2332 902 2515 962 partes
2542 893 2759 957 cedant,
2777 909 2876 948 nec
2890 896 3465 962 eorumpraarogativae

1881 997 1946 1035 ac
1994 982 2205 1043 virtus,
2240 981 2391 1036 orbis
2430 981 2636 1036 lateant
2686 983 2820 1036 lines
2857 992 3029 1045 ;tunc
3061 983 3299 1036 maxime
3353 990 3464 1036 non

1881 1074 2183 1139 spernenda
2239 1073 2509 1127 videatur.
2549 1074 2719 1128 Tanta
2751 1076 2951 1143 quippe
2971 1084 3159 1129 eurum
3194 1074 3246 1128 in
3286 1076 3468 1128 omni-

1883 1162 2006 1224 bus.
2045 1178 2108 1217 ac
2131 1165 2279 1218 omni
2314 1170 2471 1231 parte
2509 1165 2857 1230 excellentia,
2889 1164 3007 1233 iure
3042 1165 3237 1218 merito
3286 1165 3465 1218 admi-

1882 1256 2081 1309 rationi
2138 1256 2430 1311 habeatur.
2504 1258 2676 1325 idque
2735 1272 2871 1311 sane
2931 1258 3099 1311 etiam
3177 1256 3467 1311 conﬁrmat

1885 1354 2121 1415 tempus.
2239 1340 2389 1414 quod'
2484 1346 2865 1401 universorum
2969 1345 3303 1400 oblivionem
3383 1345 3465 1399 [ει-

1881 1438 2054 1503 ciens,
2120 1438 2208 1491 hic
2274 1441 2456 1492 tamen
2537 1439 2844 1507 nequiverit
2889 1448 3146 1507 praestare
3192 1437 3340 1507 quod
3383 1447 3468 1489 est

1883 1535 2282 1598 comparatum.
2312 1524 2490 1585 Tanto
2524 1532 2791 1599 siquidem
2825 1546 3056 1585 excessu
3109 1537 3464 1597 superarunt,
3546 1542 3550 1545 ·

1883 1620 2076 1674 crebra
2101 1622 2273 1689 gloria
2305 1636 2372 1675 ac
2404 1623 2713 1683 honestate,
2742 1636 3072 1690 morumque
3101 1620 3361 1683 bonitate,
3401 1636 3465 1673 ac

1886 1722 2212 1780 tropatorum
2248 1713 2564 1782 splendore,
2598 1724 2779 1768 utnec
2813 1712 2973 1767 facile
3003 1714 3216 1767 ostendi
3268 1713 3464 1783 possit,

1883 1817 2059 1871 eaque
2099 1818 2188 1857 res
2216 1804 2489 1858 neminem
2516 1808 2683 1857 latere
2722 1805 2898 1873 potuit
2939 1806 3368 1871 ;cunvertitque
3412 1803 3464 1857 in

202 1895 398 1964 ληθεν.
449 1872 618 1951 Ἔνθα
651 1900 717 1969 δὴ
762 1872 1383 1974 ταῦτασυνέδραμεν,ό
1414 1872 1576 1974 νόμος
1622 1906 1789 1973 ἀναγ-

1889 1894 2326 1959 admirationem,
2353 1895 2400 1948 si
2436 1909 2577 1960 quos
2609 1909 2715 1948 non
2751 1894 2928 1949 latuit.
2967 1891 3068 1950 Ubi
3093 1910 3225 1949 sane
3258 1911 3321 1949 ea
3337 1910 3468 1949 con-

206 1984 522 2046 καιότατος.
560 1985 718 2040 Ἐστι
748 1989 951 2045 ταῦτα.

296 2074 444 2142 Ἐγὼ
467 2075 523 2129 δὲ
556 2074 817 2149 βούλομαι
844 2081 940 2135 νῦν
970 2084 1145 2139 είπεῖν
1168 2083 1340 2154 βίαιον
1360 2084 1460 2151 μέν
1487 2104 1630 2140 τισιν
1656 2086 1791 2150 ἴσως

205 2166 394 2233 δόξον,
426 2169 625 2240 ἀληθὲς
652 2172 699 2225 δ’
721 2174 813 2227 οὖν
842 2167 998 2243 οἴμαι
1027 2178 1427 2246 φανησόμενον.
1467 2179 1531 2232 '0
1565 2179 1673 2250 γάρ
1698 2180 1788 2232 νό-

210 2275 318 2326 μος
360 2262 658 2330 ἀναγκαῖος
707 2264 783 2329 ὡς
825 2265 1065 2335 ἀληθῶς,
1118 2270 1179 2322 οὐ
1213 2272 1324 2339 μὴν
1368 2271 1417 2324 δ’
1447 2272 1542 2325 ἐπὶ
1569 2273 1788 2326 πάντων

206 2348 391 2412 οὕτως
424 2352 635 2414 ἀπλῶς.
665 2353 785 2407 ἰνα
808 2355 918 2425 γάρ
951 2357 1257 2427 συνέδραμε
1279 2359 1534 2423 τοσοῦτος
1566 2361 1664 2428 μὲν
1687 2378 1790 2413 σω-

209 2442 311 2511 ρδς
369 2444 611 2511 ἀγαθῶν,
673 2447 769 2500 καὶ
824 2449 1027 2518 μηδένα
1075 2450 1269 2522 λέληθε
1316 2453 1428 2505 τῶν
1484 2453 1745 2506 ἁπάντων
1772 2490 1791 2519 ,

208 2534 452 2603 παρέχει
482 2528 540 2589 δὶ
575 2537 710 2591 πᾶσι
739 2532 1061 2609 θαυμάζειν,
1104 2542 1564 2609 ὲκπληττομένοις
1594 2545 1662 2596 τά
1693 2560 1792 2597 κα·

206 2624 567 2694 τορθώματα,
600 2629 701 2681 οὐκ
731 2630 1030 2699 ἀναγκαῖος
1080 2634 1109 2685 ό
1138 2633 1305 2704 νόμος
1351 2628 1506 2698 οὗτος
1542 2635 1691 2705 αὐτῷ
1724 2652 1789 2704 γε

205 2716 395 2787 τούτῳ
423 2756 440 2783 ,
471 2712 514 2786 ᾧ
536 2736 600 2787 γε
623 2723 735 2783 τοῖς
769 2724 952 2787 ἀλλοις
1003 2727 1302 2795 ἀναγκαῖος
1331 2723 1473 2784 εἶναι
1501 2724 1671 2784 δοκεῖ.
1697 2733 1789 2782 Δι-

208 2806 412 2871 καῖως.
448 2811 545 2864 Διά
571 2812 660 2878 τί;
688 2814 817 2867 Ὀτι
842 2816 935 2869 τὸν
957 2818 1121 2886 νόμον
1152 2816 1309 2887 οἶμαι
1340 2821 1619 2892 τετάχθαι,
1645 2824 1791 2887 ὅπως

207 2902 262 2953 οἱ
318 2901 481 2971 ῥίζης
525 2904 739 2971 ἀγαθῆς
792 2909 849 2959 έν
906 2910 1094 2979 ἀγαθῷ
1152 2914 1575 2981 πεφυτευμένης
1607 2914 1791 2984 χωρίῳ

207 2995 414 3062 ἁγαθοὶ
445 2998 579 3049 πᾶσι
606 2998 879 3068 δειχθῶσι,
919 3001 1014 3056 καὶ
1046 3002 1154 3073 πρδ
1193 3003 1290 3057 τοῦ
1319 3005 1410 3059 τὸν
1458 3006 1572 3075 βίον
1603 3009 1789 3069 αὐτοῖς

209 3087 475 3156 φανῆναι,
519 3090 617 3141 καὶ
666 3092 816 3161 παρά
849 3092 1069 3146 πάντων
1123 3097 1502 3167 ἐπαινεθῆναι.
1571 3098 1789 3154 Ὀποῖον

1888 1986 2185 2051 carrerint,
2219 1985 2471 2040 videatur
2499 1986 2587 2040 lex
2614 2002 2827 2041 summe
2859 1986 3194 2042 necessaria.
3219 1985 3290 2040 Ita
3313 2001 3465 2040 vero.

1957 2072 2223 2131 Caeterum
2252 2078 2427 2132 libens
2468 2079 2667 2141 dicam,
2694 2077 2838 2147 quod
2864 2077 3006 2132 forte
3041 2078 3322 2131 nonnullis
3361 2077 3464 2130 du-

1887 2168 2007 2223 rius
2043 2170 2315 2239 videatur,
2339 2184 2398 2222 ut
2436 2179 2615 2223 tamen
2666 2162 2914 2224 veritatis
2962 2170 3200 2239 speciem
3247 2170 3469 2222 habitu-

1887 2277 2007 2315 rum
2041 2270 2247 2331 putem.
2292 2261 2459 2316 Plane
2490 2263 2711 2329 quidem
2764 2262 3073 2318 necessnia
3129 2244 3258 2327 lex‘;
3317 2262 3461 2315 haud

1889 2365 2072 2410 tamen
2105 2355 2427 2423 simpliciter
2457 2357 2614 2417 adeo,
2658 2364 2718 2409 ut
2746 2364 3057 2421 spectemus
3096 2371 3311 2409 omnes.
3364 2353 3467 2409 Ubi

1888 2446 2032 2500 enim
2068 2446 2259 2512 ingens
2292 2446 2425 2499 adeo
2454 2447 2735 2499 concurrit
2768 2447 3034 2500 bonorum
3063 2447 3340 2510 cumulus,
3364 2461 3468 2500 nec

1890 2538 2033 2593 ullos
2054 2538 2278 2592 omnino
2312 2539 2461 2600 latet,
2494 2552 2797 2605 omnesque
2820 2540 3091 2592 Convertit
3117 2540 3170 2591 in
3217 2537 3461 2591 admira-

1894 2630 2125 2695 tionem,
2161 2632 2505 2699 stupentibus
2546 2632 2804 2685 omnibus
2830 2632 3048 2695 merita;
3075 2630 3215 2683 haud
3242 2646 3467 2699 prorsus

1892 2724 2198 2779 necessaria
2233 2723 2506 2788 videatur,
2535 2740 2599 2777 eo
2627 2725 2766 2792 ipso,
2801 2740 2909 2792 quo
2944 2725 3067 2779 aliis
3100 2725 3465 2778 videaturne-

1891 2815 2148 2869 cessaria.
2178 2816 2251 2870 lta
2290 2817 2504 2869 tuerito.
2532 2815 2805 2881 Quorsum
2826 2832 2954 2871 vero
2976 2817 3000 2870 ?
3020 2817 3177 2882 Quod
3197 2817 3456 2870 nimirum

1892 2926 1952 2962 ea
1982 2910 2196 2962 ratione
2222 2910 2532 2963 existimem
2558 2912 2889 2978 positam,ut
2908 2912 2999 2977 qui
3022 2926 3086 2964 ex
3115 2912 3254 2963 bona
3276 2910 3463 2963 radice

1890 3002 2035 3055 bono
2068 3012 2184 3056 sata
2218 3003 2336 3057 solo
2365 3002 2707 3071 prodierunt,
2731 3004 2855 3056 boni
2892 3004 3149 3057 omnibus
3168 3003 3466 3056 ostendati-

1892 3103 2003 3157 tur,
2036 3110 2159 3148 cum
2183 3095 2411 3149 necdum
2442 3097 2607 3148 etiam
2637 3111 2826 3149 eorum
2867 3096 2972 3149 vita
3015 3096 3079 3149 sit
3126 3095 3363 3163 prodita,
3402 3108 3468 3147 ac

207 3184 327 3251 γὰρ
358 3179 477 3255 ἀνῇ
515 3184 576 3235 τὸ
610 3186 798 3252 φυτὸν,
829 3189 923 3241 καὶ¹
952 3188 1009 3241 τὸ
1032 3192 1231 3259 χωρίον
1260 3194 1316 3244 έν
1347 3186 1389 3259 ᾧ
1425 3193 1784 3261 πεφύτευται,
1814 3236 1816 3249 η

1892 3187 2136 3241 omnium
2188 3202 2285 3240 ore
2338 3186 2584 3241 laudata.
2628 3186 2819 3253 Qualis
2862 3189 3004 3240 enim
3061 3194 3146 3240 est
3190 3187 3374 3248 arbor,
3404 3200 3468 3237 ac

206 3274 458 3326 τοιοῦτον
489 3276 700 3347 ἀνάγκη
733 3278 826 3331 καὶ
870 3279 960 3331 τὸν
1005 3281 1219 3350 καρπὸν
1250 3282 1381 3335 αὐτὸ
1415 3283 1624 3355 φέρειν.
1666 3287 1780 3339 Ἐν-

205 3363 387 3417 ταῦθα
420 3366 595 3418 τοίνυν
630 3368 899 3435 παρέλκον
950 3364 1104 3437 οἶμαι
1158 3373 1319 3426 τοῦτο
1353 3376 1451 3427 καὶ
1500 3378 1776 3446 περιττόν.

1888 3278 2036 3346 quali
2067 3285 2185 3337 orta
2208 3278 2348 3343 solo,
2372 3274 2535 3332 talem
2577 3292 2797 3346 quoque
2840 3292 3063 3330 necesse
3098 3277 3169 3329 sit
3202 3286 3259 3327 ut
3309 3276 3461 3326 fruc-

1883 3379 1995 3425 tum
2025 3370 2181 3424 ferat.
2214 3368 2326 3425 Hac
2347 3386 2476 3440 ergo
2522 3381 2675 3439 parte
2709 3386 3170 3439 supervacaneam
3213 3383 3276 3421 ac
3324 3367 3467 3419 otiu-

216 3457 282 3511 Ὀ
311 3460 423 3528 γὰρ
450 3459 528 3529 τῷ
556 3460 706 3530 νόμῳ
759 3465 968 3527 σκοπὸς
1010 3463 1202 3536 ὥσπερ
1233 3467 1541 3537 αὐτόματον
1570 3469 1781 3537 φθάσαν

1883 3476 1995 3517 sam
2019 3463 2353 3517 molitionem
2386 3472 2537 3531 puto.
2561 3464 2656 3517 Hic
2689 3462 3121 3532 siq.uidetn,.ejus
3146 3463 3282 3530 legis
3319 3460 3466 3520 linis.

207 3550 430 3618 γέγονε.
465 3552 563 3617 Τίς
610 3554 718 3623 γὰρ
751 3555 859 3608 τῶν
890 3558 1111 3611 πάντων
1132 3558 1232 3611 οὐκ
1260 3554 1423 3624 οἶδεν,
1445 3560 1521 3624 ὠς
1561 3562 1645 3631 εἴη
1685 3563 1783 3631 μὲν

208 3642 244 3708 ἠ
271 3641 510 3713 μεγίστη
562 3644 741 3710 πόλις,
773 3648 873 3715 τὴν
923 3650 1357 3702 ΚωνσταντίνουΔ
1388 3653 1553 3723 φημὶ,
1584 3657 1783 3723 πατρὶς

211 3730 413 3801 ἐκείνῳ
484 3733 697 3804 τάνδρὶ,
723 3737 816 3789 καὶ
859 3738 920 3805 δὴ
951 3741 1046 3790 καὶ
1081 3741 1225 3806 γένει
1273 3742 1349 3811 τῷ
1379 3743 1617 3808 ἐκείνου,
1643 3743 1784 3798 ὥστε

211 3824 313 3877 καὶ
351 3824 560 3878 δεῖσθαι
607 3826 738 3896 παρ’
776 3828 963 3899 ἑτέρου
1003 3829 1170 3884 τοῦτο.
1216 3833 1548 3901 μανθάνειν;
1606 3837 1702 3898 Τίς
1731 3837 1788 3890 δὲ

212 3913 424 3984 ταύτης
449 3914 564 3986 εχει
619 3916 950 3988 μνησθῆναι,
1012 3922 1107 3974 καὶ
1157 3924 1267 3978 τῶν
1321 3926 1787 3995 φυσάντων,ηάνιυ

213 4008 515 4077 ιγκωμίων
548 4009 857 4079 μιγίστωνς
891 4012 1204 4081 Θαυμάζων
1235 4018 1292 4072 δέ
1330 4033 1417 4082 τις
1471 4020 1573 4091 τήν
1598 4038 1659 4075 τε
1687 4039 1792 4076 πασ-

213 4098 398 4169 τρίδατ,
433 4098 558 4165 τούς
608 4116 668 4155 τι
693 4104 922 4170 γονέας,
969 4104 1087 4170 πῶς
1121 4107 1237 4179 οὐχὶ
1276 4110 1370 4163 καὶ
1399 4110 1491 4166 τὸν
1528 4113 1595 4165 bc
1624 4114 1793 4169 τῶνδε

213 4189 432 4254 τούτοις
463 4191 870 4264 συνεθαύμασεν
897 4197 997 4264 ἀν;
1034 4198 1167 4253 Ὀτι-
1199 4201 1380 4256 τοίνυν
1411 4205 1588 4259 ταῦτα
1624 4205 1793 4272 οὕτω,

218 4281 321 4333 καὶ
357 4280 548 4336 οὐδένα
579 4283 771 4356 λέληθε
815 4285 885 4341 τὰ
923 4291 1063 4342 κατά
1103 4290 1194 4345 τὸν
1225 4292 1324 4346 νῦν
1346 4283 1791 4367 ιύφημοῦμενον,
1833 4295 1837 4301 ’

223 4370 755 4443 μήποτε-περίεργον
870 4381 1299 4445 κατασκευάζειν
1329 4383 1450 4437 λίαν
1484 4386 1683 4454 σαφὲς,
1701 4391 1805 4441 καὶ-

216 4462 489 4517 δεικνύειν
511 4466 806 4535 ἐπιχειρεῖν
835 4470 895 4521 τὸ
948 4472 1135 4542 μ-ηδενὶ
1162 4476 1563 4545 κρυπτόμενον.
1604 4476 1661 4533 '0
1686 4478 1803 4549 γὰρ

1884 3572 1981 3611 sua
2016 3557 2133 3625 ipse
2179 3566 2405 3627 sponte,
2425 3571 2487 3607 ac
2533 3557 2660 3611 tltro
2681 3557 2987 3625 occupavit.
3019 3556 3154 3622 Quis
3177 3570 3322 3609 enim
3370 3571 3466 3607 nv-

1885 3646 2025 3700 sciat
2065 3645 2336 3711 omnium,
2373 3652 2431 3698 ut
2467 3644 2551 3697 vir
2575 3645 2687 3709 ille,
2742 3649 2835 3698 sed
2869 3653 2921 3699 et
2958 3647 3079 3715 ejus
3117 3660 3314 3713 genus,
3347 3659 3465 3694 nta-

1887 3738 2037 3791 x-ima
2066 3737 2307 3801 urbium,
2356 3736 2727 3798 Constantini,
2786 3738 3030 3805 inquam,
3075 3737 3237 3799 urbe,
3291 3737 3464 3804 patria

1890 3831 2175 3901 glorietur,
2214 3838 2276 3885 ut
2302 3839 2364 3884 et
2422 3828 2561 3883 illud
2611 3831 2677 3885 ab
2712 3829 2819 3884 alio
2852 3828 3133 3884 docendus
3169 3829 3468 3882 videatur?

1889 3922 2024 3990 Quis
2051 3931 2239 3978 autem
2261 3922 2380 3993 ejus
2406 3932 2690 3992 parentum
2741 3922 2842 3977 nisi
2895 3921 3151 3977 mavimis
3212 3922 3465 3975 laudibus

1892 4015 2206 4071 meminisse
2234 4015 2451 4085 possit?
2483 4012 2559 4070 Ut
2586 4016 2707 4083 quis
2730 4029 2887 4079 vero,
2910 4030 3034 4070 cum
3074 4015 3327 4084 patriam,
3349 4024 3460 4069 tum

1891 4114 2146 4175 parentes
2170 4102 2435 4171 miretur,
2478 4103 2571 4173 qui
2604 4119 2715 4160 non
2778 4104 2939 4159 etiam
2973 4104 3080 4160 illis
3125 4116 3305 4158 ortum
3351 4106 3464 4173 puri

1892 4196 2251 4252 admiratione
2286 4205 2644 4266 prosequatur
2673 4195 2695 4249 τ
2725 4196 2861 4251 (dum
2904 4198 2986 4253 sic
3027 4212 3156 4267 ergo
3207 4198 3319 4252 luec
3371 4198 3466 4250 ba-

1896 4289 2079 4355 beaut,
2153 4302 2258 4343 nec
2314 4288 2413 4343 viri
2462 4289 2954 4358 impraesentiarum
3014 4291 3322 4346 celebrandi
3377 4307 3464 4344 rus

1896 4380 2073 4434 ullum.
2096 4379 2325 4445 lateant,
2362 4382 2550 4449 utique
2576 4380 2813 4434 otiosum
2841 4382 2911 4435 sit
2956 4390 3015 4436 ιιι
3060 4382 3111 4437 id
3147 4386 3469 4457 probemus,

1897 4472 2040 4541 quod
2073 4472 2356 4541 perspicue
2385 4474 2591 4525 clarum
2620 4482 2735 4539 est,
2772 4487 2835 4527 ac
2870 4474 3105 4527 uita-mur
3154 4480 3463 4535 ostendere.

215 4555 516 4621 διδάσκειν,
573 4553 759 4625 οἴμαι,
799 4560 1147 4629 βουλόμενος,
1180 4565 1257 4627 ὡς
1305 4569 1345 4637 ή
1378 4570 1792 4623 Κγωνσταντίνου

1900 4565 2042 4634 quod
2065 4565 2194 4618 nulli
2230 4566 2302 4619 sit
2351 4566 2662 4620 occultum.-
2706 4564 2809 4631 Qui
2851 4566 2993 4620 enim
3060 4568 3258 4622 docere
3312 4570 3463 4633 velit,

216 4643 360 4711 τῷδε
393 4649 595 4715 πατρὶς
613 4686 634 4712 ,.
664 4652 759 4702 καὶ
782 4656 960 4716 γονεῖς
1002 4656 1051 4706 οί
1082 4656 1288 4726 ταύτης
1310 4660 1672 4728 κοσμήτορες,
1697 4663 1790 4714 καὶ

217 4735 401 4805 ἀγαθή
435 4754 497 4803 γε
545 4739 718 4808 τούτῳ
749 4742 900 4811 καὶὴ
937 4747 1135 4813 πατρὶς
1169 4748 1260 4800 καὶ
1287 4749 1335 4799 οί
1370 4750 1661 4816 φύσαντες,
1688 4770 1792 4804 πα-

222 4828 533 4896 ραπλήσιον
574 4830 653 4883 ἀν’
681 4831 768 4902 εἴη
802 4834 1001 4899 ποιῶν,
1026 4835 1218 4908 ὥσπερ
1255 4838 1320 4893 ἀν
1354 4842 1410 4892 εἰ-
1429 4842 1554 4905 τοὺς
1582 4843 1791 4913 ἀνθρώ-

216 4934 365 4979 πους
379 4920 650 4973 διδάσκειν
676 4922 954 4991 έδούλετο,
979 4928 1291 4997 πληθούσης
1319 4931 1420 4999 τῆς
1439 4933 1669 5002 ἀγορᾶς,
1697 4939 1792 4991 καὶ

216 5011 323 5076 τῆς
355 5011 571 5097 ἀκτζνος
603 5014 846 5079 ἅπαντας
900 5019 1335 5093 θερμαινούσης,
1382 5026 1521 5096 ὑπὲρ
1567 5028 1678 5097 γῆν
1700 5030 1790 5082 τὸν

216 5102 376 5171 ἡλιον
409 5092 570 5159 εἶναι.

296 5193 372 5247 υῦ
405 5195 510 5266 μίὴν
536 5197 678 5252 ἀλλά
712 5202 806 5253 καὶ
834 5202 968 5272 τῇδε,
1009 5207 1386 5275 παραδραμών
1439 5227 1523 5272 τις
1554 5211 1789 5265 ἐνταῦθα

216 5286 435 5337 τουτονὶ
484 5288 574 5339 τὸν
612 5291 728 5351 τοῖς
769 5292 1017 5360 ἀρχαίοις
1078 5296 1301 5350 τεθέντα
1359 5298 1522 5365 νόμον
1566 5300 1787 5371 ἄριστον

218 5379 521 5445 δικαιοῦτε»
554 5382 707 5452 παρά
750 5383 859 5438 τῶν
894 5385 1137 5454 θεμένων
1174 5384 1327 5457 οἶμαι
1382 5392 1469 5443 τὸν
1507 5392 1692 5461 νόμον,
1740 5396 1791 5447 εί·

221 5469 313 5520 εει
344 5469 652 5540 μεθ”ἠμῶν
700 5469 883 5543 ἦσαν..
907 5475 1033 5529 οὗτε
1068 5480 1199 5548 παρ’
1250 5481 1560 5535 οὑτινοσοῦν
1592 5484 1789 5553 εὐφρο-

220 5560 464 5625 νοῦντος,
491 5561 688 5626 δέξαιτ’
711 5566 776 5619 ἄν
799 5584 928 5620 ποτε
956 5570 1183 5640 μέμψιν.
1216 5573 1355 5626 οὔτε
1386 5577 1494 5643 γὰρ
1522 5578 1553 5645 ἡ
1588 5577 1787 5646 πατρὶς

219 5648 400 5720 αὐτῷ,
422 5650 536 5705 οὗθ’
557 5656 617 5706 ot-
641 5659 837 5722 γονεῖς,
868 5660 1111 5724 ἐπιδεεῖς
1135 5663 1232 5733 τῆς
1269 5666 1397 5734 παρ’
1435 5666 1691 5736 ἀλλήλων·
1704 5685 1786 5720 τι-

223 5745 335 5805 μῆς
354 5757 370 5772 ο
402 5744 504 5796 ἀλλ
530 5746 667 5799 ὀὐδὲ
701 5749 863 5813 αὐτὸς
886 5752 1095 5815 ἐκεῖνος
1122 5753 1223 5821 τῆς
1254 5756 1382 5824 παρ’
1415 5758 1597 5809 αὐτῶν
1618 5760 1787 5827 άναγέ

222 5832 413 5901 καίως,
461 5838 509 5889 εί
562 5840 654 5893 καὶ
686 5843 815 5911 παρ’
838 5842 1084 5915 ἀλλήλων
1130 5847 1275 5915 ὅμως
1303 5849 1647 5919 τετίμηνται,
1684 5868 1784 5903 κα-

1900 4660 2155 4713 ha-buisse
2184 4658 2433 4726 patriam,
2454 4657 2796 4712 Constantini
2831 4660 3051 4723 urbem,-
3075 4672 3462 4729 parentesque,

1896 4750 2043 4803 viros
2081 4750 2319 4819 ejusdem
2359 4751 2654 4819 principes,
2721 4751 3033 4819 bonamque
3058 4752 3105 4804 ei
3139 4752 3368 4819 patriam
3402 4768 3464 4804 ac.

1898 4852 2146 4912 parentes
2180 4842 2370 4904 fuisse.
2431 4842 2572 4894 haud
2608 4841 2756 4895 aliud
2783 4857 2900 4897 mea
2933 4844 3203 4897 sententia
3249 4842 3465 4900 fecerit.

1898 4950 2060 5004 quam
2098 4943 2155 4989 ut
2188 4936 2346 5002 pleno
2378 4932 2519 4997 foro,
2554 4936 2833 5002 radiisque
2859 4948 3050 4988 :estum
3112 4934 3463 4997 facientibus,

1897 5038 2110 5081 exstare
2147 5026 2315 5081 solem
2360 5041 2521 5095 super
2583 5032 2808 5088 terram,
2863 5040 2965 5079 ceu
3025 5025 3229 5081 inscios
3269 5026 3466 5080 doceru

1895 5119 2043 5172 velit.

1968 5210 2111 5264 Sane
2133 5217 2189 5261 ut-
2215 5225 2276 5262 ea
2313 5210 2434 5279 quis
2463 5208 2691 5271 ratione,
2744 5225 2869 5263 eam
2895 5209 3162 5278 antiquis,
3194 5209 3457 5277 optimam

1895 5299 2075 5361 illam,
2102 5300 2332 5367 positam
2368 5302 2556 5368 legem,
2586 5302 2836 5368 praesenti
2860 5311 3181 5369 argumento
3202 5301 3462 5353 omitten-

1895 5391 2017 5443 dam
2054 5393 2343 5457 putaverit,
2371 5390 2519 5444 haud
2547 5391 2735 5453 ullam,
2767 5393 2834 5444 ab
2867 5392 2933 5446 iis
2967 5393 3099 5459 ipsis
3137 5394 3339 5463 quibus
3390 5395 3463 5449 sit

1894 5492 2087 5550 pustta,
2111 5491 2166 5535 ut
2200 5481 2235 5535 ii
2264 5483 2441 5536 adhuc
2476 5484 2536 5534 in~
2557 5482 2689 5535 vivis
2719 5492 2963 5549 agerent.
2986 5485 3161 5539 ullove
3181 5486 3457 5553 sapiente.

1897 5572 2367 5639 reprehensionem
2396 5589 2631 5639 unquam
2670 5574 2873 5629 tulerit.
2922 5573 3108 5645 Neque
3140 5577 3283 5629 enim
3340 5577 3466 5633 talis

1894 5666 2218 5720 celebrando
2250 5666 2366 5718 viro
2409 5668 2605 5734 patria,
2639 5676 2732 5721 aut
2784 5678 3051 5737 parentes,
3090 5678 3147 5723 ut
3176 5672 3254 5725 eis
3287 5673 3354 5725 ab
3383 5673 3464 5725 in-

1894 5760 2066 5812 vicem
2099 5758 2359 5811 honorem
2409 5760 2646 5812 mnt-uari
2693 5776 2915 5815 necesse
2966 5762 3038 5817 sit
3075 5776 3088 5814 :
3122 5774 3176 5816 at
3208 5782 3378 5833 neque
3417 5767 3459 5819 is

1897 5866 2117 5906 necesse
2150 5851 2353 5907 abillis
2397 5852 2593 5906 habent
2627 5869 2641 5918 ;
2682 5855 2893 5908 tametsi
2949 5866 3137 5911 mutuo
3190 5859 3450 5912 honorem
