4208 6444
173 466 277 531 189

952 458 1356 523 THEODORI
1396 452 1759 518 DESPOTzE
1807 451 2195 512 LAUDATIO
2236 450 2626 510 FUNEBRIS

3317 437 3419 504 1‘30

168 588 229 641 τὸ
260 584 453 655 σχῆμα
486 579 707 651 μᾶλλον,
738 576 771 647 ἢ
807 578 886 647 τῷ
917 576 1062 646 λόγῳ
1087 575 1186 644 ζῇν
1242 572 1474 632 ἐθέλειν,
1506 571 1603 621 καὶ
1632 565 1736 633 τὴν
1768 570 1810 620 Α

1876 563 2225 619 escenderint
2254 563 2417 625 serie.
2451 560 2773 630 honestique
2797 571 2860 613 ac
2904 556 3035 611 clari
3075 552 3417 619 exstiterint,

172 678 455 750 βασιλείαν
486 675 711 738 ἰθύνειν,
749 673 846 725 καὶ
873 672 1052 725 ποιεῖν
1079 669 1142 722 εῦ
1200 668 1301 734 τὴν
1336 664 1593 734 πατρίδα,
1643 660 1739 713 καὶ

169 769 280 823 τῶν
314 767 704 837 χρηστοτέρων
725 764 948 818 πάντων
980 760 1280 830 πρυτάνεις
1328 750 1469 810 εἶναι
1499 756 1613 817 τοῖς
1633 752 1738 806 ὑπὸ

169 860 355 929 χεῖρα.
383 860 447 913 Εί
472 859 584 928 γὰρ
611 858 713 910 καὶ
744 858 806 910 τὸ
830 858 1017 926 σχῆμα
1049 853 1274 915 τούτους
1292 841 1386 905 καί
1416 847 1740 928 ἡμπορφύρα

172 949 600 1021 λαμπροτιρους
626 949 952 1015 ἀπέφαινον,
984 944 1121 999 ἀλλὰ
1161 944 1257 997 καὶ
1305 940 1460 996 αὐτοί
1497 956 1616 1002 πως
1644 938 1741 991 αῦ-

174 1040 259 1102 θις
285 1042 591 1108 ἀπέφαινον
621 1042 807 1092 ἐκεῖνα
836 1037 1194 1106 λαμπρότερα
1216 1035 1275 1087 ού
1303 1034 1467 1101 μόνον
1498 1029 1616 1099 ὥρᾳ
1630 1028 1737 1081 σώ-

176 1149 369 1199 ματος,
425 1131 563 1185 ἀλλὰ
617 1131 712 1184 καὶ
766 1128 947 1199 ψυχῆς
1000 1127 1348 1197 κοσμιότητι.
1415 1122 1742 1193 ᾘσχύνοντο

175 1225 312 1292 γὰρ,
342 1224 393 1275 εί
438 1222 601 1291 μόνον
634 1238 699 1288 γε
752 1224 864 1284 τοῖς
923 1219 1124 1282 ἔξωθεν
1174 1216 1606 1280 καλλωπίζοιντο
1647 1213 1743 1267 καὶ

176 1317 565 1385 προσκαίροις,
595 1313 733 1367 ἀλλὰ
758 1316 853 1366 καὶ
882 1313 1065 1380 πολλῷ
1096 1327 1160 1377 γε
1200 1309 1407 1380 μᾶλλον
1457 1311 1570 1370 τοῖς
1599 1308 1745 1360 οῐκο-

177 1408 272 1460 θεν
294 1408 389 1459 καὶ
431 1405 853 1476 μονιμωτέροις.
889 1402 1002 1473 Τῆς
1057 1398 1151 1456 οὖν
1209 1400 1363 1463 θείας
1397 1400 1620 1471 ἀρετῆς,
1685 1395 1743 1448 εῦ

180 1498 489 1563 ποιοῦντες,
513 1498 678 1569 μηδδν
703 1499 790 1551 ἀεὶ
836 1498 1239 1566 προτιμῶντες,
1285 1489 1457 1564 ἦρχον
1501 1492 1746 1561 ἐννόμως

180 1590 273 1641 καὶ
336 1589 602 1651 εὐσεϐῶς,
662 1589 915 1657 πατέρων
958 1587 1161 1657 μᾶλλον
1206 1587 1240 1657 ἢ
1303 1586 1582 1638 δεσποτῶν
1633 1584 1746 1645 τοῖς

180 1682 447 1751 ὑπηκόοις
474 1680 740 1744 σώζοντες
782 1681 985 1734 τόπονο
1016 1679 1113 1733 καὶ
1159 1674 1602 1749 προκινδυνεύειν
1646 1676 1747 1728 αύ-

180 1773 291 1826 τῶν
317 1773 636 1843 αἱρούμενοι
665 1773 699 1843 ἢ
732 1772 1003 1844 ῥᾳθυμεῖν
1028 1771 1234 1840 ἐτεροι.
1263 1768 1371 1822 Ἐῶ
1401 1768 1457 1821 δὲ
1487 1767 1667 1835 λέγειν
1680 1764 1751 1818 τὰ

1841 674 1947 712 non
1995 665 2102 710 tam
2138 656 2417 725 dignitatis
2466 652 2820 723 praerogativa
2849 663 3011 719 qnam
3037 647 3179 715 quod
3202 646 3367 700 vitam
3388 660 3419 697 e

1844 746 2055 801 ratione
2083 746 2472 800 instituendam
2507 751 2756 797 sanctum
2786 739 3096 801 nabuerint,
3136 736 3416 805 probeque

1846 839 2136 907 regendum
2170 837 2485 905 imperimn,
2511 851 2576 889 ac
2600 832 2988 888 demerentlam
3016 830 3274 899 patriam,
3319 828 3419 880 bo-

1846 946 2025 998 naqne
2058 929 2241 984 omnia
2256 927 2490 983 subditis
2527 925 2895 981 concilianda.
2928 922 3253 989 Quanquam
3271 917 3418 971 enim

1845 1024 2009 1077 etiam
2045 1038 2075 1076 a
2102 1022 2368 1091 dignitate
2390 1036 2453 1075 ac
2480 1034 2721 1089 purpura
2757 1017 3017 1071 clariores
3069 1014 3284 1073 tierent,
3336 1010 3422 1078 ip-

1846 1117 1892 1171 si
1914 1116 2274 1171 nihilominus
2308 1115 2609 1170 claritatem
2644 1110 2884 1166 vicissim
2906 1108 3299 1177 rependebant,
3327 1117 3421 1156 ne-

1846 1210 1973 1261 dum
2001 1208 2244 1278 corporis
2259 1217 2485 1263 venusta
2507 1205 2709 1274 specie,
2726 1203 2825 1259 sed
2842 1210 2897 1255 et
2914 1198 3081 1254 animi
3100 1197 3424 1265 cumprimis

1849 1300 2153 1355 honestate.
2175 1296 2229 1352 Id
2249 1298 2447 1368 quippe
2464 1296 2739 1350 ducebant
2768 1292 2973 1363 probro
2988 1303 3041 1342 ιιι
3066 1297 3293 1341 externo
3310 1294 3427 1337 tan-

1850 1402 1961 1446 tum
1999 1406 2063 1445 ac
2094 1399 2444 1457 temporaneo
2483 1395 2677 1443 ornatu
2705 1385 2969 1440 ambitum
2998 1378 3337 1450 praeferrent,
3371 1384 3430 1425 nt

1851 1499 1958 1538 non
1995 1483 2178 1550 potius
2204 1482 2321 1536 suis
2362 1480 2462 1551 ipsi
2489 1480 2696 1534 meritis
2718 1494 2782 1532 ae
2801 1475 3027 1531 iirmiori
3048 1475 3244 1528 decore
3268 1467 3437 1537 polle-

1850 1583 1991 1636 rent.
2019 1572 2157 1633 Cum
2191 1573 2371 1641 itaque
2398 1571 2566 1641 probo
2603 1585 2690 1623 res
2718 1583 2847 1622 suas
2879 1565 3230 1620 instituentes
3250 1559 3437 1613 consi-

1851 1673 1950 1733 lio,
1970 1669 2103 1723 nihil
2135 1666 2332 1721 divina:
2355 1661 2541 1717 virtuti
2565 1655 3072 1729 prmhaberentﬂegi
3085 1653 3213 1707 time
3232 1664 3295 1703 ac
3320 1649 3436 1717 pie,

1853 1772 2036 1834 patres
2086 1758 2284 1828 magis,
2319 1769 2485 1825 quam
2524 1749 2851 1807 dominosin
2891 1745 3140 1802 subditos
3177 1750 3423 1811 agentes,

184 1867 322 1933 περὶ
348 1832 556 1919 τῶνδε·
592 1832 1273 1933 οὒδέιγὰρτροκείμενον
1315 1861 1385 1929 ἦν
1433 1832 1571 1929 ἡμῖν
1624 1859 1751 1920 τοὺς
1786 1899 1823 1951 Β

1873 1862 2216 1927 'egnaverunt
2237 1869 2253 1915 ;
2278 1848 2671 1915 lubentiusque
2698 1858 2795 1913 pro
2823 1842 2903 1894 eis
2929 1838 3194 1891 adeuntes
3221 1832 3437 1901 pericu-

2354 1944 2365 1951 .
2480 1941 2512 1951 ..
2735 1935 2743 1946 .
2933 1931 3131 1951 ,τω-,η
3169 1935 3433 1951 “Nam

184 1958 387 2027 ἄνδρας
417 1954 643 2019 τούτους
688 1955 1094 2024 ἐγκωμιάζειν
1125 1952 1289 2007 αὑτὸν
1336 1950 1397 2004 δὲ
1437 1951 1627 2004 τοῦτον
1663 1950 1754 2001 τὸν

187 2048 288 2102 νῦν
313 2051 450 2119 ἡμῖν
481 2050 563 2112 είς
617 2048 897 2117 εὐφημίαν
924 2048 1314 2117 προκείμενον,
1345 2044 1404 2107 ἐξ
1430 2041 1612 2097 αὐτῶν
1646 2039 1756 2093 τῶν

188 2142 415 2207 ἐαυτοῦ,
446 2142 632 2211 ἡλίκος
684 2136 754 2213 ἦν
790 2140 890 2212 τὴν
936 2139 1164 2210 ἀρετὴν,
1226 2135 1565 2191 ἐπιδεικτέον
1624 2136 1757 2204 ἡμῖν

188 2234 370 2286 ἐστιν.

264 2414 521 2486 Ἐτράφη
584 2414 682 2485 μέν
715 2411 1039 2482 βασιλικῶς,
1094 2411 1159 2463 ἐκ
1204 2407 1416 2461 παίδων
1445 2404 1501 2457 δὲ
1547 2401 1761 2456 ἐδείκνυ

192 2509 298 2579 τὴν
326 2508 590 2574 εὐφυΐαν·
630 2506 833 2574 μᾶλλον
856 2504 937 2567 δὲ,
990 2503 1200 2555 παιδίον
1239 2500 1337 2562 ὣν,
1385 2500 1554 2551 πᾶσιν
1589 2496 1762 2548 ἐδίδου

196 2598 590 2670 μαντεύεσθαι,
610 2600 759 2661 ὅστις
787 2596 855 2649 ἂν
887 2595 971 2666 εἴη
1032 2591 1242 2663 προϊών
1263 2610 1275 2621 ο
1321 2590 1393 2652 ὡς
1425 2590 1534 2658 ἄρα
1586 2590 1765 2654 πάντη

196 2690 482 2761 βέλτιστος
505 2688 725 2759 πατρίδι
758 2688 853 2740 κα)⁸
878 2684 1096 2753 γονεῦσι
1129 2685 1225 2743 καὶ,
1254 2681 1452 2751 φίλοις,
1486 2680 1581 2732 καὶ
1630 2677 1766 2736 ὅλως

196 2778 286 2845 οἷς
314 2782 624 2849 συγγένοιτ*
677 2780 743 2834 ἂν
792 2780 891 2832 καὶ
924 2776 1179 2846 μεταδοίη
1211 2775 1311 2841 τῆς
1345 2772 1589 2841 ἐμφύτου
1631 2788 1769 2840 χρη-

198 2877 488 2943 στότητος.
516 2873 623 2926 Καὶ
659 2874 766 2941 μὴν
804 2872 941 2937 πρδς
981 2871 1163 2921 πᾶσαν
1218 2866 1459 2937 μάθησιν
1493 2863 1637 2916 οὕτω
1681 2858 1770 2914 δε-

198 2966 337 3032 ξιῶς
373 2961 635 3033 εἷχε,καὶ
700 2962 818 3031 μετ’
854 2960 1113 3030 ὀξύτητος
1171 2959 1415 3028 ἐτρεχεν,
1476 2955 1621 3008 ὥστε
1665 2956 1764 3008 καὶ

198 3060 305 3119 τὴν
341 3056 651 3127 προθυμὲαν
683 3056 792 3107 τῶν
827 3053 1124 3123 σοφιστῶν,
1183 3050 1279 3103 καὶ
1336 3048 1449 3102 τῶν
1493 3048 1774 3116 παιδοτρι-

199 3153 345 3214 ϐῶν,
368 3151 462 3204 καὶ
491 3151 602 3202 τῶν
631 3147 810 3202 ὁτιοῦν
841 3146 1080 3217 χρηστὸν
1112 3144 1455 3212 ἐπιτήδευμα
1486 3140 1771 3195 διδασκόν-

1859 1951 1931 2015 la,
1958 1963 2120 2017 quam
2143 1944 2265 1999 aliis
2292 1944 2400 1997 otia
2430 1941 2579 1993 adire
2608 1935 2776 1991 moris
2806 1934 2906 1989 sis.
2933 1931 3133 1985 Verum
3169 1935 3434 1996 praetereo

1860 2056 2054 2099 eorum
2093 2053 2203 2095 res.
2233 2036 2345 2091 Nec
2370 2034 2516 2090 enim
2549 2032 2601 2085 id
2633 2028 2792 2085 nobis
2826 2027 2928 2081 fuit
2957 2022 3340 2080 constitutum,
3378 2024 3437 2070 ut

1859 2148 1955 2189 eos
1975 2118 2345 2194 laudaremus,
2375 2128 2468 2182 sed
2494 2134 2552 2178 ut
2574 2124 2760 2194 potius
2806 2122 2987 2175 virum
3018 2114 3251 2170 nobisin
3273 2125 3427 2179 argn-

1864 2232 2109 2279 mentum
2168 2221 2346 2275 laudis
2387 2217 2755 2287 propositum,
2801 2227 2865 2266 ex
2917 2210 3090 2280 ipsius
3142 2202 3380 2275 propriis
3419 2239 3435 2265 ,

1864 2323 2070 2386 quanta
2098 2310 2358 2366 enituerit
2389 2309 2587 2361 virtute
2628 2302 3009 2359 ostendamus.

1935 2406 2029 2460 Ille
2058 2403 2306 2474 equidem
2337 2401 2481 2469 regie
2496 2398 2782 2457 educatus,
2816 2395 2985 2447 multa
3006 2407 3033 2445 a
3052 2405 3219 2460 puero
3239 2386 3437 2440 indolis

1866 2498 2114 2553 bonitate
2145 2493 2350 2549 eii‘ulsit
2381 2509 2393 2545 :
2428 2500 2592 2559 atque
2624 2489 2760 2543 adeo
2794 2485 2989 2556 puerili
3054 2484 3234 2537 adhuc
3286 2486 3443 2532 aetate

1867 2604 2055 2660 agens,
2079 2584 2203 2656 quis
2221 2598 2478 2653 processu
2509 2580 2773 2650 temporis
2789 2593 3054 2632 evasurus
3072 2582 3238 2631 esset.
3255 2570 3439 2624 omni-

1868 2684 1971 2738 bus
2003 2677 2354 2732 ominandum
2391 2673 2622 2745 przebuit
2649 2691 2663 2729 :
2689 2683 2747 2725 ut
2775 2671 3001 2725 omnino
3049 2668 3238 2737 utique
3293 2661 3436 2731 opti-

1871 2788 2016 2836 mus,
2048 2773 2258 2840 patriae,
2292 2766 2631 2840 parentibus,
2665 2764 2880 2829 amicis,
2908 2776 2973 2817 ac
2998 2774 3223 2831 prorsus
3267 2757 3444 2811 omni—

1871 2866 1993 2927 bus,
2023 2865 2346 2934 quibuscum
2371 2871 2517 2915 esset
2540 2869 2883 2920 versaturus,
2904 2869 2967 2909 ac
2983 2868 3121 2923 quos
3141 2851 3327 2904 innata
3350 2848 3442 2902 illa

1873 2958 2116 3011 bonitate
2150 2964 2291 3010 esset
2337 2952 2737 3022 impertiturus.
2771 2947 2945 3001 Tanta
2977 2960 3110 3001 sane
3140 2941 3449 3009 disciplinis

1874 3049 2132 3105 omnibus
2156 3046 2509 3116 capessendis
2541 3043 2823 3098 habilitate
2844 3041 2963 3104 fuit,
2991 3054 3055 3093 ac
3078 3037 3159 3092 sic
3189 3034 3441 3090 celeriter

1876 3159 2068 3198 omnes
2101 3141 2392 3211 percurrit,
2416 3146 2472 3191 ut
2501 3148 2556 3190 et
2602 3134 2977 3202 SOphistarum
3011 3146 3076 3184 ac
3126 3126 3450 3194 Indimagis—

196 3262 338 3306 των,
362 3241 659 3311 ὑπερφυῶς
679 3240 1081 3310 ύπερήλαυνεν.
1116 3236 1286 3290 Ὀθεν
1335 3234 1561 3296 τούτους
1611 3249 1770 3285 συνε-
1799 3224 1824 3280 ί

1877 3246 2177 3297 trorttm,ac
2195 3230 2237 3285 si
2251 3230 2341 3298 qui
2355 3231 2642 3282 honestum
2656 3223 2858 3291 aliquid
2872 3221 3083 3275 docturi
3104 3219 3451 3279 videbantur,

198 3337 323 3405 χῶς
358 3333 680 3402 διαμείϐων,
714 3329 891 3422 ἐξὶήτει
923 3331 1015 3382 τὸν
1038 3327 1323 3422 διδάξοντά
1350 3344 1404 3422 τ.ι
1437 3327 1776 3393 καινότερον,

198 3428 279 3490 ὡς
322 3424 522 3478 αὐτίκα
552 3424 662 3475 πᾶν
690 3413 1013 3488 λαμϐάνων,
1056 3420 1195 3486 ὅπερ
1220 3418 1285 3471 ἂν
1343 3413 1491 3486 εἶχον
1550 3417 1774 3472 διδόναι.

199 3520 325 3573 Καὶ
366 3513 437 3588 ἦν
464 3517 562 3577 τὰς
594 3514 813 3584 ἡλικίας
862 3511 1050 3581 σαφῶς
1085 3512 1348 3579 ἐλέγχων,
1405 3510 1540 3578 ὕλην
1580 3512 1642 3562 οὐ
1689 3511 1780 3563 τὸν

200 3609 405 3680 χρόνον
443 3608 629 3678 μόνον,
678 3605 819 3658 ἀλλὰ
862 3605 958 3657 καὶ
1017 3603 1115 3673 τὴν
1173 3603 1337 3671 φύσιν
1386 3602 1650 3671 ἐχούσας·
1684 3603 1780 3653 καὶ

199 3701 372 3771 τήνδε
434 3698 636 3770 μᾶλλον
665 3698 810 3767 ἥπερ
871 3698 1102 3750 ἐκεῖνον.
1127 3695 1302 3757 ’Ὢσθ’,
1364 3696 1504 3763 ὅπερ
1538 3711 1620 3755 τις
1670 3693 1779 3744 τῶν

203 3792 457 3863 ποιητῶν
490 3789 717 3854 ἐδίδαξε,
753 3792 822 3860 τῇ
877 3788 1094 3857 γλώττῃ
1140 3786 1426 3857 ἄνθρωπον
1485 3786 1778 3855 ἀνθρώπου

198 3887 497 3956 διαφέρειν
551 3884 828 3947 τοσοῦτον,
885 3884 1013 3935 ὅσον
1076 3882 1225 3934 ἀετοὶ
1280 3880 1558 3949 κοράκων,
1622 3879 1782 3940 αὐτὸς

204 3978 363 4044 ἔργῳ
389 3973 581 4040 ἔδειξε,
621 3974 702 4041 τῷ
748 3970 1016 4039 πεφυκότι
1077 3970 1205 4031 τοὺς
1254 3969 1552 4036 ἡλικιώτας
1608 3984 1782 4035 παρε-

202 4064 453 4134 νεγκὼν,
499 4065 624 4116 ὅσον
653 4061 765 4114 οὐδ’
795 4060 963 4112 ἐδίδου
986 4058 1218 4123 τούτοις,
1247 4058 1451 4121 ἐρίζειν
1508 4056 1644 4134 πρὸς
1682 4058 1782 4108 αύ-

201 4159 303 4210 τδν
343 4153 782 4225 ἁμιλλωμένους.
806 4152 945 4211 Παῖς
980 4152 1091 4219 γὰρ
1135 4148 1212 4202 ὣν
1258 4148 1360 4212 ετι,
1400 4147 1470 4200 τὰ
1524 4149 1633 4199 τῶν
1666 4164 1785 4215 μει-

208 4244 430 4316 ρακίων
458 4240 682 4313 ἐξήσκει
703 4256 717 4272 ⁶
754 4242 847 4293 καὶ
885 4234 954 4293 αὖ
1010 4240 1069 4291 ἐν
1130 4238 1305 4291 τοῖσδε
1340 4238 1430 4290 τὰ.
1457 4239 1782 4302 νεανίσκων,

204 4340 308 4390 καὶ
334 4334 406 4388 τὰ
432 4333 544 4385 τῶν
571 4331 805 4400 ἀνδρῶν,
831 4330 1015 4383 καὶτὰ
1054 4329 1470 4400 πρεσϐυτέρων,
1517 4331 1616 4382 καὶ
1647 4331 1785 4391 ὅλως

206 4430 285 4481 τὰ
310 4428 414 4495 τῆς
438 4425 746 4495 κρείττονος
796 4422 1016 4491 ἡλικίας
1063 4424 1122 4472 ἐν
1163 4424 1230 4490 τῇ
1266 4422 1371 4490 πρὸ
1398 4422 1624 4491 ταύτης,
1675 4422 1786 4477 οὗ-

204 4536 323 4581 τως
350 4517 561 4577 ἐκεῖνος
591 4514 684 4565 ἐπὶ
718 4513 826 4565 τῶν
858 4510 1038 4579 ἔργων
1069 4509 1287 4578 φθάνων
1343 4507 1411 4580 ἦν
1444 4513 1532 4565 ἀεὶ
1560 4513 1622 4564 τὸ
1668 4512 1784 4566 δέον

205 4607 481 4679 ἐμπειρίᾳ
512 4606 608 4658 καὶ
639 4602 848 4672 σπουδῇ
879 4603 975 4655 καὶ
1007 4600 1222 4669 φρενῶν
1254 4600 1499 4671 ὀξύτητι.
1532 4598 1642 4654 Ἶιν
1687 4604 1785 4670 μὲν

205 4700 470 4766 γονεῦσιν
496 4696 646 4765 ἡδύς
673 4690 743 4766 ἦν
768 4693 826 4746 δέ
861 4692 1114 4757 ἀδελφοῖς
1135 4709 1149 4723 ·
1176 4687 1243 4761 ἦν
1297 4692 1351 4744 δὲ
1387 4693 1628 4761 ἑταίροις
1648 4710 1664 4724 .
1718 4691 1785 4763 ἦν

204 4793 270 4847 δὲ
308 4790 561 4850 πολίταις
620 4786 715 4839 καὶ
749 4785 944 4849 ξένοις,
976 4784 1120 4855 ἦλιξί
1150 4801 1209 4837 τε
1267 4792 1360 4837 καὶ
1411 4786 1747 4854 πρεσϐύταις
1773 4804 1785 4816 ο

208 4883 315 4938 καὶ
377 4881 515 4942 ὅλως
563 4879 729 4931 πᾶσιν
788 4878 847 4929 ἐν
890 4876 1053 4941 ὅλοις,
1101 4877 1265 4930 παντί¹
1298 4877 1476 4946 καιρῷ
1514 4882 1608 4930 καὶ
1649 4896 1789 4947 συμ-

208 4971 503 5040 πτώματι.

1879 3326 2079 3379 eximia
2146 3323 2381 3393 quadam
2440 3319 2697 3374 iacilitate
2752 3329 2817 3368 ae
2858 3315 3041 3382 genio,
3094 3312 3443 3367 sedulitatem

1881 3418 2239 3490 praeverterit.
2272 3412 2640 3480 Quamobrem
2661 3411 2920 3464 continue
2947 3407 3084 3461 alios
3109 3420 3171 3459 ex
3199 3403 3320 3458 aliis
3340 3419 3455 3455 ina-

1880 3513 2080 3582 gistros
2152 3515 2394 3570 mutans,
2420 3504 2701 3573 quarebat
2730 3518 2759 3556 a
2791 3516 2900 3570 quo
2946 3500 3070 3553 novi
3120 3497 3327 3564 aliquid
3369 3498 3455 3549 di-

1885 3610 2102 3665 seeret;
2133 3608 2391 3665 tanquam
2420 3596 2512 3664 qui
2543 3595 2653 3649 cito
2678 3596 2987 3663 perciperet
3027 3592 3233 3655 omnia,
3258 3590 3302 3643 si
3350 3604 3455 3656 qua

1882 3694 1957 3746 illi
1988 3691 2203 3744 tradere
2236 3698 2462 3757 possent
2496 3704 2509 3740 :
2542 3687 2830 3754 palamque
2891 3685 3274 3738 alternantium
3331 3691 3459 3735 a-ta-

1883 3798 2013 3845 tnm.
2048 3783 2243 3836 nedum
2277 3796 2472 3844 annos,
2505 3780 2599 3833 sed
2628 3787 2682 3831 et
2715 3787 2961 3831 naturam
2982 3792 3046 3829 ac
3079 3774 3341 3836 indolem,
3376 3784 3458 3826 at-

1882 3892 1985 3946 que
2012 3879 2147 3929 hanc
2172 3874 2454 3944 potissime
2483 3888 2497 3933 ;
2525 3869 2831 3938 subjectum
2858 3868 3140 3936 arguebat.
3184 3865 3460 3931 Quamob-

1882 3984 1996 4022 rem
2036 3966 2375 4036 poetaaillam
2413 3964 2770 4022 sententiam,
2826 3972 2884 4014 ut
2934 3957 3463 4013 nihilmimtsltomi-

1883 4078 1979 4117 nes
2007 4064 2148 4115 inter
2180 4058 2401 4119 referat.
2430 4067 2490 4111 ut
2516 4056 2787 4111 sermonis
2818 4057 2922 4105 vim
2950 4069 3011 4105 ac
3038 4054 3278 4119 linguam
3310 4066 3465 4119 spec-

1884 4164 1985 4218 tes,
2017 4168 2178 4221 quam
2222 4152 2363 4204 inter
2405 4149 2647 4217 aquilam
2679 4162 2742 4199 ac
2796 4160 3022 4200 corvum
3050 4162 3063 4197 :
3093 4158 3275 4196 veram
3340 4144 3460 4210 ipse

1884 4246 2048 4300 rebus
2070 4243 2342 4306 ostendit;
2364 4241 2445 4295 sic
2474 4240 2654 4293 indole
2669 4238 2961 4291 eoa-laneis
2986 4245 3273 4304 praestans,
3293 4245 3350 4287 ut
3370 4248 3467 4285 nc-

1884 4353 1989 4405 que
2015 4336 2158 4389 ullus
2185 4331 2523 4387 contentioni
2557 4331 2707 4383 locus
2732 4328 2953 4381 relictus
3006 4326 3306 4379 videretur.
3346 4325 3457 4376 Ad-

1890 4428 1997 4481 huc
2023 4427 2168 4481 enim
2197 4425 2473 4479 exsistens
2499 4436 2652 4490 puer,
2678 4419 3088 4473 adulescentum
3115 4418 3326 4471 colebat
3346 4426 3463 4468 stn-

1889 4519 2013 4583 dia',
2048 4517 2474 4583 adolescensque
2516 4554 2531 4577 ,
2587 4511 2885 4579 iuvenum,
2930 4524 2993 4561 ac
3048 4509 3285 4561 virorum
3319 4546 3333 4569 ,
3406 4522 3469 4561 ac

1892 4611 2169 4666 seniorum
2202 4624 2215 4673 ;
2245 4619 2581 4677 prorsusque
2622 4603 2950 4656 anteriorem
3002 4617 3170 4670 agens
3228 4610 3466 4663 aetatem,

1894 4718 2014 4773 quae
2045 4700 2320 4769 sequentis
2369 4712 2434 4751 ae
2468 4695 2782 4749 maturioris
2836 4703 3039 4748 essent.
3072 4693 3220 4745 Adeo
3254 4706 3470 4761 semper

1892 4795 2115 4859 agendis
2141 4793 2301 4846 rebus
2334 4791 2623 4857 occupavit
2649 4786 2791 4854 quod
2818 4794 2963 4840 esset
2988 4799 3167 4850 opera:
3211 4785 3467 4851 pretium.

1892 4888 2119 4943 scientia
2153 4885 2243 4938 illa
2269 4898 2331 4936 ac
2361 4882 2566 4944 studio,
2607 4878 2915 4944 mentisque
2960 4874 3278 4943 sagacitate.
3344 4874 3473 4927 Erat

1895 4984 2053 5047 plane
2081 4979 2257 5033 dulcis
2285 4974 2629 5043 parentibus.
2667 4980 2785 5025 erat
2827 4968 3087 5022 fratribus
3122 4983 3136 5031 ;
3167 4976 3285 5020 erat
3316 4966 3473 5021 soda-

209 5068 364 5120 libus
397 5080 412 5128 ;
444 5071 561 5117 erat
586 5060 795 5117 civibus
830 5078 845 5125 ;
889 5070 1001 5114 erat
1035 5060 1358 5144 peregrinis,
1394 5066 1694 5131 :cqnalibus
1719 5075 1824 5137 pari

1873 5090 1941 5135 er,
1975 5074 2324 5139 senibusque,
2379 5082 2443 5120 ac
2497 5066 2709 5119 cunctis
2767 5061 3063 5116 universitn
3110 5060 3162 5112 in
3217 5059 3474 5113 omnibus

210 5159 370 5213 omni
404 5168 669 5224 tempore,
693 5168 757 5207 ae
794 5168 973 5207 rerum
1006 5155 1153 5206 omni
1189 5153 1435 5210 incursu.

289 5250 403 5304 Καὶ
459 5248 566 5319 μὴν
622 5247 878 5299 τοσοῦτον
908 5248 1220 5314 ὑπερνικῶν
1276 5243 1344 5315 ἦν
1404 5254 1506 5302 xiv
1551 5256 1665 5316 τοῖς
1690 5272 1784 5321 γυ.

212 5340 494 5411 μνασίοις,
524 5338 627 5389 κάν
653 5339 772 5399 ταῖς
803 5337 1078 5406 ἁμίλλαις,
1118 5338 1218 5389 κάν
1269 5336 1494 5402 ἅπασιν,
1531 5343 1604 5405 ὡς
1656 5346 1791 5412 μηδὲ

206 5432 429 5487 δεῖσθαι
454 5428 938 5498 παραϐεϐλῆσθαι.
982 5427 1196 5482 Οὔκουν
1236 5432 1288 5498 γ’
1318 5431 1599 5500 ἐφθονεῖτο
1616 5437 1790 5489 τοιοῦ-

206 5542 307 5586 τος
346 5522 446 5582 ὣν.
502 5521 891 5583 ἀδυνατοῦντος
946 5520 1042 5573 τοῦ
1067 5521 1265 5587 φθόνου
1300 5523 1436 5593 δρᾷν
1476 5526 1562 5576 ἐπ’
1616 5528 1786 5593 αύτῷ,

206 5582 356 5684 ὅπερ
402 5613 706 5682 ἐπεφύκει·
746 5582 1235 5681 ἀλλ’ἐθαυμάζετο
1266 5582 1417 5683 παρά
1457 5618 1566 5668 τῶν
1617 5582 1791 5671 ἀπάνᾇ

206 5724 325 5758 των
385 5704 527 5773 μετὰ
579 5702 849 5771 τοσαύτης
918 5705 1249 5774 ὑπερϐολῆς,
1313 5708 1542 5778 ὁπόσης,
1604 5705 1781 5778 οἴμαι,

207 5798 280 5847 τὸ
314 5795 488 5848 νικῶν
508 5790 596 5864 ἦν.
634 5790 745 5847 Ἦν
777 5796 822 5847 δ’
849 5798 930 5859 εἰς
955 5796 1252 5867 τοῦσχατον
1309 5800 1638 5868 ἀφιγμένον.
1675 5804 1785 5855 Καὶ

206 5885 503 5949 ττῶςείκὸς
550 5887 617 5940 ἂν
648 5890 793 5942 εἴποι
822 5905 905 5951 τις
950 5889 1039 5943 τὸν
1066 5890 1201 5943 πολὺ
1238 5893 1360 5954 τοὺς
1383 5894 1575 5957 ἄλλους
1605 5894 1771 5964 ὑπερ-

1966 5253 2155 5308 Tantis
2180 5264 2310 5305 sane
2341 5249 2527 5317 gloriae
2545 5245 2781 5301 cumulis
2803 5244 3116 5313 praeslabat,
3154 5241 3441 5311 gymnasio
3458 5271 3470 5280 -

1894 5364 2014 5402 rum
2033 5344 2494 5403 exercitamentis,
2516 5338 3032 5406 certaminibusque,
3054 5351 3117 5389 ac
3139 5334 3339 5389 studiis
3355 5350 3474 5387 om-

1897 5441 2080 5494 nibus.
2099 5446 2156 5490 ut
2175 5450 2351 5503 neque
2368 5446 2506 5501 opus
2526 5431 2747 5485 haberet
2766 5426 3199 5490 comparatione.
3220 5424 3327 5478 Nec
3345 5439 3475 5477 vero

1897 5542 2019 5580 emn
2046 5526 2165 5578 talis
2188 5532 2354 5583 esset,
2383 5521 2688 5589 patiebatur
2715 5518 3007 5571 invidiam:
3030 5532 3139 5570 non
3170 5518 3380 5569 valente
3411 5531 3471 5568 ea

1898 5621 1949 5672 in
1977 5617 2284 5685 illumquod
2307 5625 2429 5667 nata
2445 5624 2558 5668 est:
2582 5614 2713 5682 quin
2735 5614 2914 5681 potius
2952 5612 3182 5666 habebat
3228 5611 3472 5662 omnium

1897 5709 2337 5765 admirationem,
2357 5704 2516 5773 idque
2534 5713 2681 5756 tanta
2698 5702 3100 5770 exsuperantia,
3126 5709 3325 5769 quanta
3348 5708 3474 5767 puto

1892 5802 2115 5853 victoria
2133 5808 2266 5851 erat.
2287 5798 2354 5849 Ea
2378 5811 2541 5865 porro
2562 5797 2625 5848 ad
2641 5810 2909 5850 summum
2929 5791 3302 5858 cvaserat.Qui
3324 5806 3473 5854 vero,

1893 5893 2125 5962 inquies,
2154 5906 2280 5945 vero
2300 5904 2599 5944 consonum
2624 5888 2711 5954 sit,
2744 5899 2801 5942 ut
2838 5887 3027 5957 grandi
3073 5886 3206 5940 adeo
3244 5899 3471 5940 excesan
