4208 6444
744 410 838 476 i‘ll

1916 410 2310 470 MANUELIS
2348 407 2793 468 PALEOLOGI

3853 410 3957 474 19?.

731 538 1016 592 superans,
1042 539 1071 577 a
1096 522 1241 577 nullo
1261 536 1483 591 prorsus
1513 521 1792 576 inividiam
1812 526 2119 590 palen-tur?
2147 540 2305 579 secus
2336 533 2378 589 Α

2336 533 2378 589 Α
2409 525 2681 578 ελάσαντα
2712 532 2787 592 μὴ
2827 526 2960 590 παρ’
3003 521 3316 576 οὑτινοσοῦν
3357 522 3465 577 τῶν
3499 527 3755 579 ἀπάντων
3811 529 3970 592 δέξα-

731 616 889 683 plane
906 613 1553 694 comparatumdicemus.
1578 611 1679 676 Qui
1706 612 1851 667 enim
1870 629 2035 682 supra
2076 615 2295 668 modum

733 714 976 774 superat,
1011 706 1144 758 nihil
1172 707 1383 759 invidia:
1411 706 1682 758 obnoxius
1705 706 1795 758 sit.
1848 707 1979 771 Qua:
2020 709 2162 760 enim
2214 723 2299 761 res

736 797 961 849 multam
996 798 1157 851 habet
1184 797 1631 858 admirationem,
1663 798 1834 850 multo
1859 813 2075 865 quoque
2125 801 2298 853 amori

732 903 853 943 esse
883 904 1105 943 necesse
1139 902 1243 943 est.
1263 890 1418 953 Quod
1447 899 1629 942 autem
1659 902 1737 940 est
1764 891 1921 943 valde
1954 892 2207 952 charum.
2233 907 2296 945 ac

735 983 908 1033 amori
930 982 1180 1046 habetur,
1200 999 1303 1051 qua
1324 984 1428 1037 sibi
1451 985 1661 1037 ratione
1687 999 1784 1051 pro
1806 985 2102 1039 accedente
2133 987 2300 1052 glcria

744 1074 1004 1126 invidiam
1036 1075 1775 1141 conﬂaverit?Quamobrem
1831 1079 2034 1129 invidia
2082 1078 2303 1141 aberat,

740 1172 797 1213 ut
820 1162 943 1229 quis
971 1164 1149 1217 victus
1177 1174 1358 1228 esset;
1393 1168 1581 1219 aderat
1614 1182 1741 1218 vero
1775 1167 1976 1220 amoris
2033 1170 2301 1229 accessio,

739 1269 902 1321 quam
928 1254 1047 1323 ejus
1089 1252 1285 1309 novum
1307 1258 1576 1312 accedens
1599 1258 1887 1312 admiratio
1921 1258 2160 1317 faceret;
2185 1261 2307 1313 uni-

740 1346 996 1414 versique
1020 1346 1135 1413 eius
1166 1347 1476 1408 gaudebant
1502 1350 1775 1404 victoriis.

811 1434 946 1488 Cum
983 1444 1108 1488 natu
1140 1437 1398 1490 minimus
1455 1439 1678 1491 fratrum
1730 1449 1895 1501 θεειεῐ,
1952 1440 2084 1494 nulli
2129 1450 2308 1492 tamen

743 1528 930 1589 cessit,
953 1536 1010 1581 ut
1035 1543 1097 1581 ea
1124 1539 1357 1595 spectes,
1403 1531 1603 1599 quibus
1646 1532 1769 1599 quis
1828 1532 2166 1585 admirabilis
2218 1534 2308 1587 sit.

2402 617 2524 669 σθαι
2585 616 2813 685 φθόνον;
2847 615 3171 669 Τούναντίον
3231 617 3328 684 μὲν
3354 615 3465 681 οὖν,
3518 620 3545 670 ό
3585 619 3695 688 γὰρ
3730 621 3969 690 ὑπερϐε-

2400 709 2587 777 ϐηκὼς
2611 708 2809 777 κομιδῆ
2854 707 3035 775 φθόνῳ
3066 708 3165 777 οὐχ
3220 709 3536 761 ὑποπίπτει.
3572 709 3646 761 Τὸ
3676 711 3785 780 γάρ
3832 713 3970 765 πολύ

2402 800 2822 869 θαυμαζόμενον
2857 799 2995 852 πολύ
3057 801 3330 867 φιλεῖσθαι
3385 801 3509 853 δέον
3556 801 3705 853 ἐστί’
3767 806 3863 857 καὶ
3904 807 3967 858 τὸ

2404 894 2607 962 σφόδρα
2665 892 2890 960 φιλητὸν
2936 891 3055 953 πῶς
3121 892 3188 944 ἂν
3241 892 3566 962 εὐδοκιμοῦν
3630 895 3965 963 φθονηθείη;

2406 986 2561 1038 ’ἔλαθ’
2612 986 2640 1035 ὁ
2668 986 2862 1059 φθόνος
2893 985 2995 1054 μὲν
3047 985 3217 1051 ἀπῆν,
3264 986 3425 1038 ὁπότε
3476 987 3541 1053 γέ
3595 1003 3680 1047 τις
3713 985 3964 1055 ἡττῷτο·

2406 1076 2617 1144 προσῆν
2655 1076 2712 1128 δὲ
2745 1076 2973 1143 φίλτρου
2999 1076 3312 1143 προσθήκη,
3333 1075 3410 1145 τῷ
3442 1076 3573 1144 περὶ
3594 1076 3808 1127 ὲιεῖνον
3829 1092 3969 1142 συμ-

2408 1168 2671 1220 ϐαίνουσα
2703 1168 2945 1237 θαύματι
2966 1204 2981 1229 ,
3016 1169 3110 1221 καὶ
3136 1169 3248 1227 τοῖς
3287 1167 3498 1221 ἐκείνου
3530 1168 3968 1238 πλεονεκτήμασι

2411 1261 2610 1321 πάντες
2641 1259 2885 1330 ἔχαιρον.

2490 1438 2584 1487 Ὧν
2614 1435 2670 1488 δὲ
2704 1426 2783 1503 τῷ
2806 1437 2988 1521 χρόνιρ
3038 1434 3268 1499 ὕστατος
3306 1438 3413 1488 τῶν
3449 1436 3709 1503 ἀδελφῶν,
3761 1438 3975 1498 οὐδενος

2411 1525 2479 1599 ἦν
2517 1529 2766 1597 ὕστερος,
2814 1529 2905 1595 ἐφ’
2933 1523 3016 1591 οἷς
3065 1546 3149 1591 τις
3175 1530 3240 1583 ἂν
3283 1531 3492 1597 φιλοῖτο
3544 1529 3975 1596 θαυμαζόμενος.

742 1618 883 1672 Nam
902 1627 1019 1672 erat
1044 1620 1301 1687 prudens,
1330 1621 1531 1687 justus,
1595 1621 1750 1675 fortis
1778 1639 1792 1683 ;
1817 1637 1879 1674 ac
1906 1625 1983 1675 vel
2008 1624 2058 1673 in
2084 1625 2169 1689 iis,
2195 1639 2315 1689 qua:

2413 1619 2697 1687 Νουνεχής
2722 1635 2780 1670 τε
2814 1618 2925 1688 γὰρ
2951 1613 3042 1688 ἣν,
3068 1618 3304 1683 δίκαιος,
3335 1620 3598 1689 ἀνδρεῖος,
3629 1620 3851 1687 ἀκλινὴς
3887 1618 3978 1673 καὶ

747 1710 984 1763 maxime
1010 1711 1265 1763 terrendo
1299 1712 1615 1776 videantur,
1641 1714 1822 1768 inﬂexi
1876 1716 2114 1783 pectoris
2153 1733 2165 1767 :
2203 1716 2314 1782 ple-

746 1816 945 1869 rasque
962 1801 1267 1871 voluptates
1285 1803 1407 1871 (nec
1438 1804 1585 1857 enim
1602 1821 1773 1874 usque
1797 1806 1935 1859 adeo
1959 1814 2075 1859 erat
2098 1808 2317 1859 homine

2417 1712 2528 1769 τοῖς
2561 1710 2796 1776 μάλιστα
2839 1710 3118 1780 φοϐεροῖς,
3150 1711 3263 1764 τῶν
3313 1710 3575 1764 πλειόνων
3633 1710 3859 1781 ἡδονῶν,
3919 1712 3977 1763 οὐ

2416 1802 2525 1870 γὰρ
2562 1804 2700 1870 ὑπὲρ
2731 1803 3018 1873 ἄνθρωπον
3062 1800 3151 1873 ἦν,
3201 1805 3277 1864 ὠς
3320 1806 3410 1856 ἀεὶ
3458 1806 3679 1874 κρατεῖν
3730 1803 3978 1867 ἀπασῶν,

749 1895 942 1962 major,
976 1902 1034 1947 ut
1065 1895 1308 1964 omnium
1361 1910 1572 1963 semper
1592 1906 1733 1951 esset
1776 1898 2028 1952 dominus
2055 1898 2073 1967 )
2096 1901 2316 1952 omnino
2351 1892 2387 1944 Β

2314 1926 2316 1941 .
2351 1892 2387 1944 Β
2420 1894 2708 1962 ὑπερορῶν
2747 1896 3100 1948 παντάπασι*
3142 1895 3279 1965 πρὸς
3305 1896 3362 1948 δὲ
3391 1895 3488 1957 τὰς
3518 1895 3799 1961 ἐγκρατῶς
3822 1896 3976 1962 ἔχων,

748 2000 1010 2050 Spernens
1038 2002 1055 2050 ;
1083 1989 1226 2055 quod
1253 1996 1461 2054 spectat
1480 1990 1544 2041 ad
1573 1990 1728 2051 alias,
1755 2007 1815 2044 se
1843 1990 1957 2058 ipse
1981 1992 2268 2045 coutincns
2295 2010 2308 2057 ;

753 2077 893 2129 haud
910 2092 968 2132 se
988 2077 1187 2132 dedens
1208 2079 1463 2148 pigritite;
1495 2080 1633 2135 idem
1655 2082 1767 2150 ipse
1792 2085 2101 2137 moderatus
2124 2100 2185 2137 ac
2209 2101 2319 2136 ma-

751 2166 1174 2236 gniﬁcusmihil
1205 2172 1485 2236 molestus,
1527 2182 1618 2229 aut
1673 2174 1964 2247 quidquam
2000 2176 2313 2232 intolerabio

757 2262 846 2324 lis,
877 2262 956 2315 vel
993 2263 1123 2330 ipsis
1141 2266 1535 2331 quoqueservis
1569 2268 1831 2335 emptitiis
1859 2287 1870 2320 :
1897 2271 2099 2337 gravis,
2149 2271 2319 2323 initis-

752 2356 1204 2419 que;mconomia
1226 2367 1508 2425 prsestans,
1537 2373 1600 2413 ac
1653 2360 2016 2428 magnanimis
2048 2378 2061 2425 ;
2108 2370 2166 2413 ut
2220 2362 2317 2414 ali-

754 2446 972 2512 quando
990 2446 1275 2503 deficiente
1302 2445 1514 2504 fortuna
1545 2451 1609 2505 ad
1635 2450 1861 2504 Romani
1889 2453 2099 2520 imperii
2129 2454 2320 2507 hostes

756 2538 861 2607 (sic
888 2540 1030 2592 enim
1067 2540 1156 2593 illa
1187 2542 1655 2613 soleznuehabet),
1714 2546 1855 2599 idem
1901 2546 2013 2613 ipse
2071 2548 2325 2599 immotus

756 2633 1369 2699 permanserit;eadem
1422 2636 1486 2687 ad
1547 2637 1724 2703 ipsum
1780 2638 2042 2692 redeunte
2100 2639 2324 2707 (gaudet

756 2721 900 2775 enim
922 2737 1139 2793 semper
1172 2726 1603 2796 mu'ationibus)
1641 2747 1655 2793 ;
1686 2728 1818 2781 nihil
1854 2730 1977 2782 inde
2010 2731 2176 2782 altum
2236 2746 2326 2781 sa-

761 2817 958 2882 puerit.
978 2816 1152 2886 Atque
1180 2833 1302 2871 cum
1339 2819 1554 2885 quidem
1572 2822 1742 2874 victor
1766 2833 1929 2886 esset,
1956 2823 2168 2876 alienus
2198 2834 2315 2878 erat

756 2924 789 2961 τι
834 2906 998 2969 fastu,
1024 2912 1114 2977 qni
1136 2913 1427 2965 humanam
1452 2913 1614 2967 vitam
1643 2914 1903 2984 Euripum
1927 2916 2092 2970 sciret
2120 2918 2330 2979 ;victns

761 3014 914 3062 vero,
944 3000 1079 3053 nihil
1106 3003 1339 3066 graviori
1371 3005 1523 3056 ruina
1551 3005 1896 3059 labascebat:
1927 3022 1989 3059 ac
2013 3008 2056 3061 si
2089 3008 2191 3073 vis,
2214 3020 2334 3064 erat

765 3090 1026 3156 invictus,
1057 3093 1142 3145 cui
1176 3094 1320 3147 nullo
1348 3094 1507 3148 modo
1532 3097 1745 3151 animus
1769 3098 2119 3151 adversarum
2149 3100 2333 3155 incur—

765 3184 919 3236 sione
952 3186 1278 3240 consideret.
1330 3188 1495 3241 Porro
1537 3190 1726 3245 amicis
1780 3190 1824 3245 si
1866 3193 2081 3261 quando
2111 3195 2333 3249 mutatis

2423 1984 2663 2054 ῥαθυμίᾳ.
2698 2002 2757 2037 τε
2814 1987 2977 2039 αὐτδν
3004 1988 3104 2039 οὐκ
3138 1986 3473 2049 ἐκδεδωκὼς,
3504 1988 3533 2037 ὀ
3562 1985 3723 2048 αὐτὸς
3764 1987 3982 2055 μέτριός

2419 2094 2479 2129 τε
2538 2078 2630 2129 καὶ
2696 2080 3163 2148 μεγαλοπρεπήςο
3217 2079 3531 2148 ἀνεπαχθὴς
3586 2080 3676 2130 καὶ
3720 2079 3982 2148 μηδαμιῖς

2422 2169 2718 2235 ἀφόρητος.
2754 2170 2849 2222 καὶ
2871 2171 3055 2233 αὐτοῖς
3091 2174 3203 2233 τοῖς
3237 2171 3464 2240 ὠνητοῖς
3512 2170 3721 2232 δούλοις
3743 2188 3756 2201 °
3791 2171 3981 2237 ἐμϐρι-

2424 2256 2524 2323 θὴς
2557 2258 2647 2314 καὶ
2680 2257 2841 2325 ﬁmo;
2870 2273 2884 2287 ·
2921 2256 3271 2325 οἰκονομικός
3318 2275 3377 2310 τε
3430 2260 3522 2311 καὶ
3570 2258 3941 2327 μεγαλόψυχος
3964 2274 3980 2289 ο

2423 2348 2497 2408 ὡς
2532 2350 2626 2399 καὶ
2652 2349 2748 2414 τῆς
2783 2349 2997 2418 ἀγαθῆς
3024 2366 3151 2402 ποτε
3173 2349 3345 2418 τύχης
3376 2350 3827 2418 αὐτομολησάση;
3850 2348 3983 2416 «ph;

2424 2439 2549 2500 τοὺς
2586 2441 2718 2507 ἡμῖν
2750 2442 3026 2503 ἐναντίους
3074 2442 3255 2509 (τοῦτο
3285 2441 3348 2509 δὴ
3396 2442 3454 2493 τὸ
3483 2441 3663 2511 ἐκείνῃ
3699 2442 3981 2509 σύνηθες),

2425 2528 2579 2591 οὗτος
2609 2532 2766 2593 αὐτὸς
2794 2533 3063 2597 ἄτρεπτος
3089 2528 3186 2602 ἦν⁴
3222 2531 3371 2601 αὐτῷ
3400 2532 3443 2584 δ’
3470 2532 3538 2585 αὖ
3581 2533 3984 2597 ἐπανελθούσης

2429 2622 2630 2689 (χαίρει
2686 2625 2794 2693 γὰρ
2838 2625 2927 2677 ἀεὶ
2976 2628 3095 2687 ταῖς
3148 2624 3490 2693 μεταϐολαῖς)
3541 2624 3791 2692 οὐδαμῶς
3846 2626 3985 2692 μέγα

2429 2715 2663 2783 φρονῶν.
2708 2716 2815 2768 Καὶ
2846 2719 2903 2769 ὲν
2965 2717 3063 2785 μὲν
3114 2718 3289 2779 νίκαις
3341 2718 3563 2785 ἄτυφος,
3622 2716 3845 2785 εὐριπον
3898 2716 3985 2765 τὸν

2432 2806 2546 2876 βίον
2582 2808 2972 2875 ἐπιστάμενος,
3039 2810 3231 2861 καὶτὸ
3286 2809 3478 2878 μέλλον
3541 2808 3756 2871 δεδιώς·
3829 2811 3883 2859 ἐν
3931 2807 3985 2858 δὲ

2432 2903 2628 2972 ἥτταις
2657 2903 3074 2969 ἀκατάπτωτος,
3111 2906 3159 2957 εἰ
3206 2905 3260 2957 δὲ
3294 2904 3499 2973 βούλει,
3556 2906 3651 2957 καὶ
3701 2907 3985 2974 ἀήττητος.

2434 2995 2508 3057 ὡς
2541 2995 2637 3062 τῆς
2658 2994 2836 3064 ψυχῆς
2860 2989 2916 3047 οἵ
2937 2996 3207 3065 μηδαμῶς
3255 2995 3738 3057 ὐποπεπτωκυίας.
3768 2994 3890 3055 Τοῖς
3932 2994 3989 3046 δὲ

2435 3086 2545 3137 τῶν
2587 3087 2757 3154 φίλων
2785 3086 3120 3155 εὐδαίμοσιν,
3170 3089 3217 3137 εξ
3272 3086 3584 3155 δυστυχίαις
3647 3087 3845 3137 ἐκεῖνοι
3896 3102 3991 3138 πε-

2438 3180 2751 3246 πείρανται,
2778 3179 2961 3247 τηρῶν
2991 3179 3090 3248 τὴν
3130 3172 3680 3246 γνώμηνδιετέλεσε,
3713 3177 3801 3227 τὸν
3830 3176 3990 3227 αὐτὸν

767 3276 933 3329 rebus
965 3278 1220 3346 iniquiori
1248 3279 1463 3333 fortuna
1494 3290 1795 3348 uterentur,
1837 3284 2122 3351 pristinam
2170 3286 2331 3339 bene-
2362 3252 2413 3313 Ο

2362 3252 2413 3313 C
2437 3271 2494 3321 ὲν
2526 3270 2732 3323 ᾶπασιν
2770 3270 3225 3339 ἐπιδεικνύμενος
3255 3270 3477 3338 τρόπον,
3509 3269 3619 3320 τῶν
3652 3270 3993 3336 πραγμάτων

766 3368 1059 3421 violentiam
1097 3368 1359 3440 integram
1384 3372 1615 3437 volebat,
1637 3376 1854 3427 eosdem
1872 3377 2099 3429 omnino
2123 3393 2328 3444 mores,

770 3474 1100 3528 quacunque
1138 3476 1318 3515 rermn
1339 3464 1711 3519 vicissitudine
1729 3467 2042 3521 ostendens.
2061 3467 2171 3523 Nec
2192 3472 2335 3524 enim

772 3549 1002 3606 Proteus
1037 3552 1162 3620 quis
1198 3563 1337 3617 erat,
1373 3565 1427 3607 ut
1456 3571 1551 3621 pro
1590 3567 1889 3625 temporum
1917 3560 2065 3613 varia
2131 3561 2340 3616 ratione

774 3643 1129 3698 mutationem
1177 3647 1400 3701 suhiret.
1436 3648 1667 3702 Noverat
1713 3660 2012 3720 temperare
2074 3654 2337 3719 remedia,

775 3750 838 3792 ac
854 3738 1124 3790 contraria
1143 3738 1431 3794 contrariis
1450 3742 1760 3798 emendare.
1782 3742 2013 3799 Noverat
2039 3746 2169 3798 nihil
2185 3747 2236 3799 in
2257 3762 2339 3800 re-

776 3828 878 3882 bus
906 3828 1160 3884 humanis
1198 3829 1411 3884 firmum
1438 3832 1765 3899 consistere,
1822 3850 1885 3889 ac
1943 3837 2220 3890 fortunam
2264 3838 2342 3888 vi-

786 3918 1195 3974 :issitudlnihus
1213 3923 1451 3989 gaudere
1478 3940 1491 3977 :
1516 3938 1677 3993 atque
1718 3927 1876 3991 adeo,
1898 3943 2021 3981 cum
2043 3927 2341 3995 tranquillo

778 4006 915 4058 mari
947 4009 1248 4076 navigaret,
1280 4011 1547 4069 immanes
1591 4017 1943 4085 exspectabat
2004 4016 2226 4080 ﬂuctus,
2276 4031 2341 4071 ac

778 4097 1051 4162 cogitabat
1076 4109 1473 4173 tempestatem,
1517 4109 1818 4178 seqneipse
1861 4110 1926 4162 ad
1976 4109 2339 4165 turbationem

778 4202 1114 4257 praeparans,
1147 4210 1268 4248 cum
1299 4196 1386 4249 illa
1412 4198 1721 4263 invasisset,
1748 4200 2173 4267 imperturbatus
2196 4206 2340 4255 erat.

778 4277 912 4333 Nam
941 4280 994 4334 in
1028 4284 1221 4339 mediis
1243 4301 1459 4355 quoque
1483 4291 1884 4342 adversantium
1912 4300 2193 4343 ventorum
2220 4300 2344 4343 tur-

779 4372 1020 4439 binibus,
1050 4390 1113 4429 ac
1132 4377 1413 4432 minitante
1437 4380 1695 4446 procella,
1723 4392 1779 4435 ut
1798 4382 2201 4450 quamprimum
2222 4391 2341 4432 om-

789 4465 919 4517 nino
945 4468 1273 4533 praavaleret,
1296 4470 1429 4522 nihil
1457 4480 1632 4524 tamen
1666 4472 1754 4524 ille
1781 4473 2019 4526 animum
2039 4472 2345 4539 desponde-

2441 3360 2741 3428 ἀνωμάλως
2785 3361 3127 3429 φερομένων.
3160 3360 3295 3413 Οὐδὲ
3340 3361 3446 3428 γὰρ
3493 3355 3560 3430 ἦν
3603 3376 3686 3421 τις
3736 3360 3993 3427 Πρωτεὺς

2438 3449 2667 3511 ἐκεῖνος,
2704 3452 2824 3511 ταῖς
2854 3449 3189 3518 μεταϐολαῖς
3222 3450 3331 3503 τῶν
3364 3449 3572 3518 καιρῶν
3606 3446 3995 3518 συμμεταϐάλ-

2438 3542 2546 3594 λων
2576 3543 2763 3595 αὐτόν.
2803 3542 2957 3612 ’ῌδει
2980 3542 3307 3611 κεραννύναι
3332 3542 3398 3594 τὰ
3429 3543 3716 3610 φάρμακα,
3776 3542 3872 3591 καὶ
3902 3542 3995 3590 τά.

2440 3634 2636 3685 ναντία
2669 3632 3023 3702 διορθοῦσθαι
3070 3637 3184 3696 τοῖς
3235 3633 3517 3695 ἐναντίοις.
3552 3632 3699 3702 ’ῌδει
3735 3632 3904 3698 μηδὲν
3939 3630 3997 3681 δν

2442 3724 2657 3793 βέϐαιον
2686 3725 2797 3775 τῶν
2828 3724 3190 3793 ἀνθρωπίνων
3232 3727 3594 3793 πραγμάτων,
3647 3724 3743 3775 καὶ
3777 3722 3875 3790 τὴν
3902 3723 3996 3774 τύ-

2441 3833 2549 3885 χην,
2602 3814 2906 3885 χαίρουσαν
2961 3818 3082 3878 ταῖς
3116 3815 3488 3883 μεταϐολαῖς⁶
3544 3814 3636 3867 καὶ
3664 3815 3755 3867 διὰ
3805 3814 3995 3874 ταῦτα.

2443 3906 2718 3972 εὐπλοῶν,
2766 3906 3076 3976 προσεδόκα
3111 3908 3212 3975 μὲν
3249 3908 3547 3977 τρικυμίαν
3569 3922 3583 3936 ⁸
3638 3906 3911 3974 ἐλογίζετο
3945 3908 3997 3962 it

2444 3999 2638 4069 ζάλην,
2668 4001 2765 4054 καὶ
2820 4000 2958 4070 πρὸς
2990 3999 3234 4069 ταραχὴν
3264 3999 3426 4051 αὐτὸν
3471 3999 3793 4067 ἑτοιμάζων,
3840 4002 3998 4053 ἐπελ-

2443 4093 2645 4159 θούσης
2676 4092 2777 4145 οὐκ
2803 4091 3152 4161 ἐταράττετο.
3200 4090 3359 4143 Ἐπεὶ
3387 4092 3488 4143 κάν
3539 4092 3727 4158 μέσαις
3774 4091 3998 4161 δυσηνε-

2449 4184 2623 4254 μίαις,
2650 4183 3029 4237 ἀπειλούντων
3060 4182 3168 4234 τῶν
3213 4182 3472 4249 κυμάτων
3506 4181 3875 4256 ὐπερσχήσειν
3908 4184 4001 4233 αὐ-

2444 4274 2571 4327 τίκα
2604 4274 2768 4344 μάλα,
2802 4266 2958 4335 οὗτος
2985 4273 3084 4324 οὐκ
3109 4274 3477 4339 ἀπηγόρευεν
3507 4270 3622 4323 ἀλλ’
3647 4267 3715 4339 ἦν
3764 4272 3997 4334 ἐλπίζων

2449 4366 2652 4435 συχνὴν
2714 4366 2979 4434 γαλήνην.
3055 4364 3217 4417 Ὅθεν
3280 4365 3455 4417 πάντα
3512 4364 3609 4430 μὲν
3666 4362 3876 4433 ἔφερεν,
3938 4366 3997 4415 οὐ

2448 4458 2641 4523 ποιῶν,
2674 4457 2738 4510 οὐ
2785 4444 3155 4524 λογιξόμενος,
3217 4456 3277 4507 οὐ
3312 4455 3484 4521 λέγων
3532 4455 3784 4506 ταπεινὸν
3827 4454 3997 4517 οὐδὲν,

784 4556 903 4621 hat;
933 4558 1059 4625 quin
1088 4560 1309 4614 multam
1342 4565 1782 4631 tranquillitatem
1814 4566 2100 4634 sperabat.
2135 4566 2309 4629 Quam
2331 4594 2343 4603 -
2380 4592 2421 4645 ο

2336 4594 2343 4603 .
2380 4592 2421 4645 D
2447 4550 2569 4601 οὐδὲ
2630 4549 2877 4617 ἀγεννές.
2945 4546 3037 4601 Ἐν
3098 4548 3271 4599 οὐδενὶ
3296 4547 3351 4599 δὲ
3380 4545 3478 4614 τὴν
3506 4546 3673 4614 ὁφρύν
3696 4542 3849 4615 ἦρεν,
3880 4548 3998 4599 οὐδὲ

785 4646 969 4698 nhrem
1027 4648 1231 4701 ferebat
1286 4651 1489 4709 Ouinia.
1556 4664 1613 4706 ut
1666 4655 1795 4706 nihil
1845 4655 2140 4721 abjeclum,
2208 4653 2343 4705 nihil

787 4737 1071 4801 degeneris
1094 4741 1258 4793 animi
1296 4743 1425 4795 vitio
1445 4746 1827 4809 committeret,
1855 4748 1932 4797 vel
1961 4748 2243 4813 cogitaret,
2267 4747 2347 4797 \el

789 4826 1011 4878 dit-cret.
1048 4826 1207 4883 Nullo
1233 4849 1410 4885 rerum
1453 4844 1592 4888 statu
1650 4838 1999 4904 supercilium
2046 4836 2347 4901 attollebat,

791 4934 853 4969 ac
882 4935 978 4973 nec
1008 4923 1226 4977 verbum
1254 4926 1527 4994 jac-tantine
1551 4929 1773 4991 protulit
1803 4946 1816 4993 ;
1857 4938 2023 4996 utque
2058 4930 2195 4983 alius
2228 4933 2350 4994 quis

793 5007 1013 5060 meliora
1047 5009 1111 5062 de
1138 5012 1225 5065 illo
1256 5014 1480 5077 diceret,
1532 5017 1892 5071 erubescebat
1939 5021 2147 5079 statim.
2197 5031 2348 5072 actu-

794 5108 1014 5170 lttinque
1056 5121 1363 5161 sermonem
1397 5110 1460 5163 ad
1486 5112 1589 5164 alia
1649 5114 1909 5167 vertebat.
1967 5113 2197 5168 Noverat
2241 5126 2348 5169 tota

792 5194 1105 5251 sinceritate
1135 5215 1351 5251 servare
1382 5202 1721 5272 dignitatem,
1750 5206 2093 5275 illmsumque
2126 5208 2351 5261 omnino

794 5288 933 5340 tueri
969 5292 1214 5346 ordinem
1251 5309 1265 5359 ;
1294 5294 1426 5348 nihil
1464 5296 1891 5365 praecipitandus
1924 5314 2103 5368 agere,
2136 5300 2353 5368 quodve

792 5392 1170 5449 comparatum
1203 5394 1347 5439 esset
1398 5386 1698 5439 molestiam
1752 5404 1980 5453 creare;
2012 5398 2237 5455 excepto
2297 5395 2354 5439 ut

794 5476 927 5533 utile
955 5492 1111 5531 secus
1159 5480 1432 5541 suaderet,
1461 5479 1601 5546 quod
1632 5480 1732 5533 sibi
1766 5498 1977 5548 semper
2008 5482 2150 5533 dulci
2202 5491 2353 5533 ante-

798 5573 1107 5637 ponendum
1162 5573 1313 5625 duxit
1347 5574 1517 5640 :quin
1561 5573 1732 5639 magis
1766 5582 1976 5639 gratum
2016 5588 2072 5626 se
2103 5573 2354 5624 omnibus

798 5665 1070 5725 amlaetum
1106 5665 1331 5718 miseere
1364 5680 1377 5725 ;
1409 5674 1633 5733 excepto
1666 5678 1723 5717 ιιι
1747 5666 1905 5732 lupus
1930 5665 2123 5732 aliquis
2145 5665 2196 5717 in
2224 5679 2354 5719 oves

799 5756 1036 5816 irruens,
1069 5754 1186 5820 eius
1219 5754 1684 5808 stutliuareendus
1709 5766 1851 5807 esset
1886 5772 1897 5808 :
1934 5757 2121 5807 tardus
2152 5757 2215 5806 ad
2242 5754 2354 5807 vin-

798 5850 1017 5907 dictam,
1039 5862 1095 5899 ac
1134 5862 1519 5914 nonnunquam
1549 5861 1766 5913 prorsus
1790 5848 2065 5910 amittens,
2093 5863 2211 5899 cum
2247 5862 2354 5897 ma-

2452 4659 2502 4693 τι
2528 4643 2678 4711 ῥῆμα
2708 4642 2926 4709 κόμπου
2952 4641 3289 4710 προήνεγκεν
3308 4655 3323 4671 ο
3344 4638 3458 4692 ἀλλ’
3484 4640 3530 4691 εί
3554 4638 3648 4691 καὶ
3671 4639 3826 4699 ἀλλος
3852 4638 4002 4703 ἔλεγε

2453 4733 2580 4802 περὶ
2626 4731 2794 4785 αὐτοῦ
2832 4732 2899 4783 τὰ
2928 4729 3144 4799 βελτίω.
3180 4731 3207 4781 ό
3257 4729 3299 4780 δ’
3330 4728 3568 4798 ἠρυθρία
3599 4745 3657 4781 τε
3704 4729 3882 4789 εὐθὶις,
3917 4730 4003 4777 xci

2456 4822 2785 4893 μετέϐαλλεν
2819 4820 3074 4889 ἐπίτηδες
3099 4818 3191 4871 τὸν
3244 4818 3403 4886 λόγον
3450 4818 3533 4885 ἐφ’
3579 4817 3756 4887 ἕτερα.
3810 4820 4003 4885 Τηρεῑν

2457 4913 2555 4981 μὲν
2592 4914 2733 4979 ἔγνω
2775 4911 2834 4963 τὸ
2870 4912 3055 4979 σχῆμα
3116 4909 3258 4977 μάλα
3315 4908 3571 4979 γνησίως·
3612 4908 3899 4973 φυλάττειν
3951 4909 4003 4958 δὲ

2454 5006 2552 5073 τὴν
2582 5004 2736 5067 τάξιν
2765 5003 3070 5071 ἄθραυστον
3099 5000 3257 5062 ὄλωςο
3298 4998 3463 5068 μηδὲν
3516 4998 3788 5067 προπετὲς
3831 4999 4005 5063 πράτ-

2453 5111 2586 5157 τειν,
2620 5095 2786 5165 μηδὲν
2816 5094 2923 5147 τῶν
2957 5093 3114 5163 ἀνιᾷν
3137 5090 3482 5159 πεφυκότων,
3510 5090 3558 5141 εί
3590 5090 3666 5159 μὴ
3701 5089 3833 5157 πρὸς
3864 5104 4004 5155 συμ-

2456 5186 2622 5253 φέρον
2676 5184 2947 5253 ὐπῆρχεν·
2998 5182 3026 5233 ὅ
3079 5196 3143 5247 γε
3192 5178 3300 5231 τῶν
3358 5177 3524 5247 ἡδέων
3552 5176 3638 5227 ἀεὶ
3692 5173 4002 5243 προύτίθεις

2458 5276 2596 5329 ἀλλὰ
2624 5276 2881 5345 μιγνύναι
2911 5273 3077 5325 πᾶσιν
3108 5269 3269 5323 αὑτὸν
3318 5268 3545 5335 ἀλυπον,
3601 5266 3649 5316 εἰ
3683 5266 3863 5332 μήτις
3916 5264 4004 5315 ὑπ’

2456 5371 2672 5425 ἐκείνου
2734 5367 2996 5437 ποιμένος
3050 5362 3397 5427 ἀπεσοϐεῖτο,
3428 5358 3590 5420 λύκος
3638 5358 3731 5409 ἐπὶ
3777 5356 4007 5425 ποίμνην

2460 5465 2756 5531 ἀλλόμενος
2782 5478 2795 5491 ·
2829 5462 2987 5527 δίκην
3028 5459 3125 5527 μὲν
3160 5455 3401 5527 βραδέως
3426 5453 3744 5522 λαμϐάνειν,
3776 5451 3870 5501 καί
3902 5468 4005 5502 που

2462 5556 2557 5609 καὶ
2579 5554 2968 5624 παραδραμεῖν
2998 5550 3154 5615 δόξαν
3182 5548 3425 5615 ἄμεινον.
3453 5546 3562 5599 Καὶ
3609 5543 3716 5611 γὰρ
3739 5538 3805 5609 ἦν
3842 5542 4007 5603 δήπου

2460 5652 2596 5720 πρὸς
2621 5650 2689 5703 τὰ
2715 5632 2941 5702 τοιαῦτα
2973 5645 3179 5713 νωθρός
3200 5659 3281 5701 τις
3308 5641 3443 5707 ἄγαν
3469 5656 3482 5670 ·
3516 5636 3649 5703 πρὸς
3674 5634 3731 5686 δὲ
3776 5634 3845 5685 τά
3879 5634 4007 5701 βρα-

2465 5746 2587 5796 δεῖα
2623 5743 2903 5810 παρέχειν,
2925 5737 3019 5791 καὶ
3044 5735 3181 5803 πρὸς
3211 5734 3415 5791 πάντας
3450 5726 3850 5795 ἐλευθεριότητι
3878 5722 4008 5790 χρῆ-

2469 5838 2613 5901 σθαι,
2649 5833 2929 5893 παντελῶς
2978 5828 3295 5888 ἀκάθεκτος,
3333 5820 3536 5883 Νεῖλος,
3572 5818 3815 5877 ἅπαντας
3838 5813 4006 5880 ἄρδων
