4208 6444
203 470 304 533 103

978 472 1375 538 TllEODORI
1419 474 1773 538 DESPO'I‘zE
1813 477 2204 539 LAUDATlO
2237 475 2644 535 FUNEBRIS.

3345 475 3448 545 194

197 593 313 652 τοῖς
344 587 477 657 παρ’
499 587 692 648 ιαυτοῦ
723 587 982 656 νάμασιν.
1037 591 1195 661 ’ᾙδει
1230 591 1307 660 τῷ
1344 595 1492 663 μέσῳ
1531 595 1642 646 τῶν
1673 612 1768 648 κα-
1799 599 1842 657 Α

1799 599 1842 657 Α
1873 597 1954 664 gis
1980 611 2010 648 e
2044 611 2100 648 re
2130 596 2307 648 visum
2339 602 2481 648 esset
2506 613 2518 658 ;
2541 595 2739 662 quippe
2766 600 2879 646 crat
2903 593 2956 645 in
2990 591 3258 656 ejusmodi
3291 594 3447 654 valde

199 681 310 732 λῶν
332 682 519 750 ἄκρως
546 681 838 746 τυγχάνειν
857 698 871 711 ·
899 681 997 743 τὰς
1045 683 1102 734 δὲ
1157 685 1465 753 ἀκρότητας
1506 685 1578 752 μὴ
1609 702 1776 752 προσ-

207 770 388 824 ίεσθαι
428 787 444 802 ο
506 771 765 823 ταυταισὶ
797 774 905 839 γὰρ
959 773 1227 842 δήπουθεν
1280 774 1528 827 κίνδυνον
1582 777 1776 843 μυρίον

203 862 608 930 ἀνηρτημένον.
667 863 888 930 Ἦγάπα
962 865 1338 942 τετριμμένην
1412 865 1663 933 βαδίζων,
1716 867 1776 919 τὸ

204 950 452 1016 ἀσφαλὲς
482 951 540 1003 ἐν
569 950 749 1004 ἅπασι
777 951 956 1019 ζητῶν
1015 952 1294 1014 κινδύνους
1348 954 1405 1006 δὲ
1434 955 1635 1023 ῥαδίως
1667 955 1777 1007 ἑδέ-

207 1057 356 1109 χετο,
383 1043 445 1094 οὐ
470 1043 710 1096 πάντοτε
760 1045 857 1094 καὶ
889 1029 1130 1108 ,πάντας
1186 1047 1374 1108 ἁπλῶς
1407 1063 1421 1085 ο
1444 1051 1608 1120 ,τουτὶ
1664 1053 1776 1117 γὰρ

207 1135 593 1205 παραπλήγων
644 1135 949 1206 ἀνθρώπων
985 1139 1051 1191 ἂν
1087 1139 1172 1208 εἴη
1198 1156 1215 1172 ο
1249 1141 1363 1198 ἀλλ’
1410 1141 1500 1194 ὅτι
1549 1139 1776 1202 τούτους

207 1228 308 1279 οὑκ
339 1226 466 1297 ἐξῆν
502 1229 641 1295 μετὰ
675 1229 771 1281 τοῦ
825 1229 1017 1293 καλοῦ,
1053 1232 1148 1284 καὶ
1182 1231 1277 1284 τοῦ
1307 1208 1634 1302 γιγνομένου
1662 1232 1779 1286 διαο

208 1318 428 1382 φυγεῖν.
480 1318 765 1383 Ἐπιεικής
813 1337 897 1381 τις
932 1320 1073 1387 ἄγαν
1126 1317 1231 1390 ἦνς
1291 1318 1463 1384 Οὗτος
1515 1323 1574 1374 δὲ
1602 1322 1656 1373 τί
1708 1324 1774 1373 »οὐ

213 1406 354 1472 μετὰ
379 1406 582 1476 πολλῆς
604 1410 700 1476 τῆς
730 1409 1040 1480 ὑπερϐολῆς
1064 1427 1078 1476 ;
1105 1411 1293 1481 Θυμοῦ
1316 1412 1536 1481 κρατῶν
1562 1411 1773 1480 ἔτερος;

214 1497 348 1549 Κεὶς
375 1497 484 1567 μὴν
513 1500 568 1550 ὲν
593 1498 770 1568 τούτῳ
809 1501 1289 1572 φιλοτιμησόμεθα
1346 1506 1570 1572 μᾶλλον,
1619 1507 1776 1574 εἴπερ

211 1605 295 1648 τις
322 1589 480 1650 ἄλλος
507 1589 835 1658 ἀνθρώπων.
890 1592 1113 1645 Γλῶττα
1157 1595 1374 1656 πολλοῐς
1405 1597 1502 1663 μὲν
1554 1598 1777 1664 γέγονεν

211 1678 417 1748 ἀγαθὴ,
444 1679 624 1748 τούτῳ
650 1680 706 1732 δὲ
735 1682 812 1743 ὡς
841 1683 1101 1750 μάλιστα.
1137 1684 1214 1736 Οὐ
1269 1685 1378 1754 γὰρ
1409 1681 1477 1754 ἦν
1525 1687 1776 1738 ἀπειθεῖν

211 1769 594 1837 φθεγγομένῳ.
650 1770 886 1840 Ἢμέρου
934 1773 1028 1824 καὶ
1086 1773 1163 1842 τῷ
1216 1775 1532 1842 μειδιάματι
1578 1775 1776 1837 ἀδίκως

216 1861 593 1930 ἀγριαίνοντα,
624 1864 670 1914 Τ
675 1867 707 1934 ᾖ
733 1863 792 1914 δὲ
823 1866 920 1933 τῆς
951 1864 1196 1934 γλώττης
1217 1865 1445 1937 δυνάμει
1497 1867 1777 1937 χρησάμε-

1878 688 2398 756 segnis;erogandis
2430 703 2557 739 vero
2579 686 2820 753 praemiis
2856 700 2918 738 ac
2948 685 3280 752 ingenuitate
3314 686 3451 744 inciv

1881 779 2044 829 tatior
2067 788 2204 839 erat.
2225 793 2324 831 nec
2342 779 2568 830 omnino
2589 776 2758 829 teneri
2783 777 2988 840 valens,
3012 775 3112 828 Nili
3141 776 3312 833 instar
3330 776 3446 834 suis

1879 869 2165 922 universos
2220 869 2441 921 fluentis
2469 869 2699 921 ubertim
2721 868 2977 936 irrigans.
2997 866 3213 921 Sciebat
3243 869 3445 930 medio.

1877 971 2120 1017 extreme
2153 976 2216 1014 ac
2251 976 2463 1014 summe
2496 961 2713 1028 assequi
2764 961 2902 1012 bona
2931 976 2943 1019 ;
2971 973 3071 1012 nec
3125 967 3306 1012 tamen
3356 961 3450 1012 ad-

1879 1056 2409 1114 mittebatextrema,
2440 1053 2637 1120 quibus
2661 1053 2949 1110 innumera
2970 1052 3214 1121 pericula
3241 1054 3448 1106 limere

1880 1146 2063 1198 sciret.
2096 1143 2317 1200 Lubens
2352 1130 2646 1198 incedebat
2677 1145 2861 1197 tritam
2885 1144 3054 1205 viam.
3090 1158 3341 1212 quaarens
3387 1146 3448 1202 in

1878 1235 2132 1289 omnibus
2164 1234 2305 1301 quod
2326 1243 2507 1288 tutqu
2547 1240 2731 1287 esset:
2761 1233 3000 1300 pericula
3052 1240 3233 1286 tamen
3277 1233 3452 1293 facilis

1878 1326 2103 1391 adibat;
2134 1334 2187 1379 at
2219 1341 2326 1378 non
2367 1340 2604 1392 semper,
2665 1339 2764 1378 nec
2824 1325 3144 1393 simpliciter
3199 1326 3384 1383 omnia
3431 1342 3446 1382 :

1878 1419 2075 1487 quippe
2090 1434 2212 1486 quae
2235 1432 2324 1472 res
2339 1418 2657 1470 temerarios
2675 1431 2736 1470 ac
2753 1417 2989 1470 audaces
3013 1418 3200 1471 deceat
3216 1434 3229 1472 :
3244 1418 3336 1473 sed
3361 1418 3453 1476 ubi

1879 1525 2002 1564 eum
2042 1510 2266 1569 decoro,
2292 1524 2356 1561 ac
2385 1524 2482 1576 per
2514 1509 2860 1562 occasionem
2897 1509 3069 1562 vitare
3097 1525 3205 1563 non
3241 1511 3448 1566 liceret.

1878 1601 2133 1657 Ullumne
2165 1601 2320 1654 valde
2339 1600 2646 1653 modestum
2665 1600 2860 1652 dicas?
2885 1598 2984 1652 Hic
3007 1613 3137 1652 vero
3162 1591 3291 1668 quid
3340 1616 3449 1654 non

1881 1696 2051 1748 multo
2087 1709 2317 1747 excessu
2353 1708 2413 1746 ea
2440 1701 2597 1761 parte
2624 1692 2815 1744 habuit
2845 1692 2868 1748 2
2895 1693 3149 1747 Aliumne
3187 1693 3280 1744 irae
3297 1706 3452 1745 com,

1881 1784 2098 1853 potent?
2131 1787 2181 1835 in
2200 1797 2266 1836 eo
2285 1783 2523 1835 maxime
2546 1798 2705 1849 supra
2733 1783 2958 1850 quosvis
2972 1782 3231 1835 mortales
3253 1796 3450 1849 possu-

1884 1888 2006 1925 mus
2038 1871 2282 1939 gloriari.
2337 1869 2463 1925 Fuit
2511 1871 2697 1923 multis
2753 1871 3012 1938 praeclara
3073 1871 3250 1939 lingua
3283 1871 3451 1927 iltuic

213 1969 325 2014 νος,
359 1953 655 2020 μετέϐαλεν
687 1954 756 2007 ἂν
801 1957 881 2018 είς
935 1935 1348 2026 φιλανθρωπίαν
1379 1960 1468 2010 καὶ
1646 1957 1780 2008 23w-
1812 1935 1854 1988 Β

1812 1935 1854 1988 Β
1883 1935 2063 2024 quanti
2078 1962 2338 2014 maxime.
2367 1960 2536 2013 Tanta
2570 1935 2841 2029 siquidem
2886 1961 3124 2028 pollebat
3158 1935 3451 2016 sermonis

214 2044 326 2094 θῶν
356 2045 616 2112 ὠμότητα
643 2045 739 2114 τὴν
766 2046 999 2114 «eam!
1033 2043 1102 2117 ἦν
1128 2048 1240 2116 γὰρ
1279 2050 1491 2110 ἀστεῖος
1514 2062 1530 2079 ο
1557 2042 1628 2116 ἦν
1655 2047 1780 2116 qn,

212 2150 363 2196 στος,
399 2136 702 2205 προσηνὴς,
754 2137 1040 2205 μειλίχιος,
1074 2139 1277 2200 πάσαις
1307 2140 1424 2200 ταῖς
1473 2140 1662 2207 χάρισι
1688 2155 1780 2190 κε-

208 2225 525 2293 κραμένος*
565 2227 686 2288 ὅλος
745 2229 840 2295 μὲν
890 2227 1164 2297 εῠτορνος,
1222 2229 1297 2292 ὠς
1356 2229 1482 2298 μηδ’
1535 2229 1780 2298 ἡντινοῦν

217 2318 486 2385 παρέχειν
509 2317 680 2383 λαϐὴν
723 2319 801 2379 είς
828 2318 1055 2387 μῶμον·
1094 2321 1213 2382 ὅλος
1266 2321 1320 2371 δὲ
1358 2318 1626 2384 εὗληπτος
1667 2323 1779 2383 τοῖς

217 2408 383 2458 αὑτὸν
416 2407 600 2460 λαδεῑν
625 2407 904 2460 ιθελουσιν
935 2410 1015 2470 είς
1041 2409 1336 2478 οἰκοδομὴν
1371 2409 1555 2461 καλῶν
1577 2412 1778 2479 ἔργων.

226 2499 451 2565 Ἠτεῐτο
473 2501 581 2569 γὰρ
610 2502 843 2570 πρέπειν
877 2503 1025 2572 αὑτῷ
1054 2504 1166 2566 τοῖς
1194 2505 1292 2571 μὲν
1321 2503 1632 2568 ,κακοήθεσι
1687 2505 1781 2555 καὶ

214 2589 682 2657 διεστραμμένως
704 2591 1022 2659 ἀνθρώποις
1063 2589 1344 2652 παντελῶς
1377 2590 1684 2658 ἀχείρωτος
1705 2584 1780 2640 εἷ-

214 2702 331 2750 ναι,
357 2685 590 2754 εὐχερὴς
624 2686 681 2737 δὲ
709 2684 965 2752 ἀγαθοῖς,
988 2685 1067 2746 είς
1090 2685 1116 2736 ὃ
1136 2701 1187 2736 τι
1224 2684 1291 2736 ἂν
1318 2682 1472 2735 αὐτοὶ
1505 2681 1776 2735 νεύσαιεκν.

213 2776 329 2828 Καὶ
365 2775 470 2844 μὴν
504 2775 613 2828 τῶν
647 2779 1076 2843 συμπιπτόντων
1108 2774 1254 2844 αὐτῷ
1299 2774 1489 2826 δεινῶν
1516 2791 1532 2805 ⁸
1569 2773 1781 2826 πολλῶν

210 2868 258 2918 δ’
291 2867 454 2930 αὐτὸς
483 2868 821 2937 πεπείραται
843 2870 940 2920 καὶ
983 2869 1273 2937 μεγάλων·
1298 2869 1412 2930 τοῖς
1456 2867 1565 2936 γάρ
1627 2867 1783 2935 μεγί-

216 2973 368 3019 στοις
426 2958 661 3026 μάλιστα
708 2961 741 3028 ἡ
791 2958 1364 3027 βάσανος·’κρείττων
1409 2959 1469 3010 οὐ
1531 2957 1782 3026 σμικρῶς

212 3047 414 3117 ὣφθηο
468 3050 578 3100 τῶν
658 3049 716 3102 δὲ
785 3055 992 3120 καιρῶν
1050 3049 1580 3119 μεταϐαλλομένων,
1640 3049 1784 3098 ἐκεῖ·

213 3153 311 3198 νος
364 3139 392 3189 ὀ
451 3137 613 3200 αὐτὸς
661 3138 856 3207 ἔμενεν
908 3154 924 3171 ο
991 3139 1019 3191 δ
1073 3140 1136 3208 δὴ
1193 3139 1418 3192 σπάνιον
1472 3139 1528 3189 ὲν
1569 3135 1780 3206 ἀνθρὼ-

217 3246 363 3291 ποις.

1879 2053 2161 2115 facultate,
2199 2061 2259 2104 ut
2279 2066 2475 2105 omnes
2499 2054 2552 2104 in
2579 2052 2908 2104 sententiam
2951 2066 3104 2104 suam
3150 2067 3314 2106 orans
3358 2068 3454 2107 eo-

1880 2153 2048 2213 geret.
2070 2141 2165 2196 1Vel
2200 2145 2376 2197 solum
2398 2145 2593 2196 leniter
2614 2143 2819 2201 ridens,
2851 2142 3050 2210 injuste
3071 2153 3449 2210 exasperatum

1884 2237 2126 2292 sedabat.
2145 2236 2248 2290 Ubi
2266 2247 2441 2290 autem
2457 2236 2652 2305 linguae
2670 2237 2717 2288 vi
2740 2244 3000 2306 uteretur,
3025 2242 3102 2293 vel
3128 2239 3448 2305 Scytharum

1883 2329 2107 2382 multam
2139 2326 2434 2387 feritatem,
2467 2327 2519 2378 iu
2549 2327 2806 2380 humanis
2838 2329 3118 2395 proximos
3142 2331 3366 2385 aﬂ‘ectus
3388 2346 3452 2386 ac

1884 2419 2273 2487 benignitatem
2332 2419 2600 2471 mutabat.
2650 2418 2778 2470 Erat
2823 2421 2967 2473 enim
3018 2423 3262 2477 urbanus
3296 2431 3449 2486 ;erat

1882 2507 2260 2567 dulcissimus,
2286 2515 2624 2569 mansuetus,
2657 2506 2908 2567 blandus,
2954 2507 3208 2562 omnibus
3261 2511 3451 2578 gratiis

1883 2607 2235 2666 temperatus.
2257 2598 2379 2651 Erat
2409 2610 2550 2653 totus
2573 2607 2733 2651 terno
2763 2597 2959 2661 facilis,
2988 2610 3046 2654 ut
3080 2617 3145 2654 ne
3192 2617 3297 2670 qua
3318 2618 3447 2657 ansa

1886 2691 1951 2743 ad
1993 2693 2198 2744 crimen
2225 2701 2436 2759 pateret
2468 2701 2766 2758 ;-totusque
2795 2692 2937 2747 idem
2966 2697 3240 2760 prehensu
3271 2693 3450 2748 facilis

1886 2790 2021 2844 erat,
2052 2790 2106 2833 ut
2142 2781 2261 2848 quis
2290 2781 2356 2833 ad
2380 2780 2793 2835 wdiﬁcationem
2855 2766 3120 2840 bonorum
3173 2785 3331 2838 vellet
3369 2794 3452 2839 te-

1884 2885 2032 2926 nere.
2066 2870 2179 2922 Hoc
2200 2869 2403 2937 quippe
2430 2871 2530 2922 sibi
2561 2884 2866 2938 congruum
2898 2873 3208 2937 reputabat,
3245 2884 3305 2925 ut
3335 2891 3450 2927 uia.»

1884 2959 2044 3025 lignis
2068 2960 2446 3026 perversisque
2482 2959 2792 3011 hominibus
2831 2961 3060 3014 omnino
3109 2977 3166 3015 se
3211 2963 3449 3031 irrepre.

1887 3046 2202 3098 bensibilem
2258 3054 2518 3111 servaret,
2545 3046 2826 3116 [bonisque
2874 3049 3227 3105 nihilominus
3270 3051 3450 3114 facilis

1884 3139 2190 3198 exsisteret,
2225 3153 2288 3190 ac
2333 3138 2657 3206 indulge-ret,
2710 3154 3040 3208 quocunque
3093 3144 3315 3207 tandem
3368 3145 3446 3198 illi

1886 3228 2271 3281 inclinassent.
2325 3226 2567 3294 Denique
2618 3228 2994 3296 ingruentibus
3046 3231 3226 3296 malis,
3277 3236 3447 3289 multa

215 3339 384 3390 porro
404 3325 518 3389 ille,
547 3341 610 3382 ac
633 3327 814 3396 gravia
834 3327 955 3381 tulit
982 3345 996 3392 ;
1021 3327 1219 3396 quippe
1245 3326 1510 3380 maximos
1553 3325 1802 3406 .maxime
1829 3323 1982 3378 decet
2037 3323 2285 3389 probatio
2348 3342 2360 3377 :
2403 3323 2547 3377 haud
2603 3339 2660 3377 se
2701 3325 3043 3380 mediocriter
3105 3329 3444 3397 superiorem

217 3422 482 3488 ostendit,
508 3437 735 3491 cumque
764 3430 1005 3492 tempora
1050 3433 1414 3488 mutarentur,
1471 3424 1586 3490 ipse
1637 3420 1988 3475 nihilominus
2020 3420 2159 3473 idem
2186 3421 2285 3472 sibi
2325 3429 2474 3484 erat;
2527 3420 2668 3490 quod
2706 3421 2865 3489 plane
2914 3438 3098 3478 rarum
3156 3426 3210 3478 in
3255 3426 3445 3479 humac

218 3518 306 3571 uis
358 3519 592 3572 accidat.

291 3614 399 3666 Τὸν
451 3615 621 3691 ἄνδρα
650 3615 830 3668 τοίνυν
865 3614 1072 3679 τοῦτον,
1123 3617 1244 3684 ἐμοὶ
1273 3607 1479 3677 δοκεῖν,
1509 3615 1566 3678 ὃς
1601 3613 1666 3667 ἂν
1692 3615 1785 3666 άν-
1813 3617 1855 3672 C

1813 3617 1855 3672 (ζ
1965 3607 2032 3661 Ut
2066 3606 2201 3675 quis-
2225 3619 2355 3673 ergo
2389 3604 2868 3672 incomparabilem
2897 3605 3050 3658 illum
3101 3614 3304 3674 spectet
3350 3611 3447 3663 bo-

213 3708 462 3776 δριάνταη
489 3709 643 3777 φαίη,
678 3709 735 3771 ἐξ
763 3709 1066 3778 ἀδάμαντος
1116 3709 1508 3778 ἀπεεεσμένον,
1566 3708 1666 3760 οὐκ
1706 3707 1771 3759 ἂν

221 3801 484 3869 ἁμάρτοι,
518 3801 736 3869 ἀφορῶν
771 3801 851 3862 είς
882 3801 945 3852 τὸ
1000 3800 1107 3852 τῶν
1140 3799 1324 3855 καλῶν
1370 3800 1777 3868 ἀπαράϐλητον.

220 3893 349 3943 Ὀτι
386 3893 441 3942 δὲ
475 3892 718 3951 τοιοῦτος
737 3887 806 3961 ἦν
842 3887 953 3944 οἷον
980 3893 1007 3943 ὁ
1034 3891 1189 3957 λόγος
1224 3893 1354 3960 ὑμῖν
1399 3891 1572 3954 ἔδειξε
1596 3932 1610 3955 ,
1647 3891 1781 3960 μᾶλ-

217 3983 314 4035 λον
345 3983 386 4033 δ’
413 3984 490 4044 ,ὡς
528 3985 625 4046 οὐκ
667 3978 736 4051 ἦν
768 3982 1029 4046 τοιοῦτος,
1063 3983 1200 4034 ἀλλὰ
1225 3983 1320 4034 καὶ
1357 3982 1493 4034 πολὺ
1530 3979 1776 4048 βελτίων,

217 4073 384 4136 αὐτὸς
417 4075 620 4134 ἐκεῖνος
655 4074 958 4137 ἀπέδειξεν,
1019 4068 1098 4134 οἷς
1155 4089 1213 4124 τε
1265 4071 1554 4140 ἔπραττεν,
1585 4067 1668 4132 οἷς
1722 4087 1780 4120 τε

215 4162 384 4232 ἔφερε
441 4163 529 4214 διὰ
587 4161 707 4236 βίου
761 4162 947 4231 σχεδὸν
1006 4162 1244 4223 παντός’
1313 4161 1513 4231 μᾶλλον
1558 4159 1650 4225 δὲ,
1701 4154 1780 4220 οἷς

220 4258 465 4325 ἔπραττε
484 4255 577 4307 καὶ
611 4253 763 4323 ἐντῷ
793 4255 1022 4324 πάσχειν
1044 4270 1058 4284 ο
1089 4255 1184 4306 καὶ
1215 4238 1370 4317 αὖθις
1399 4247 1478 4315 οἷς
1519 4253 1783 4320 ὑφίστατο

220 4349 316 4399 καὶ
353 4351 408 4400 ὲν
439 4346 587 4421 αὑτῷ
619 4346 697 4415 τῷ
754 4359 1039 4415 πράττειν.
1075 4347 1212 4401 Οὐδὲ
1248 4345 1374 4414 ,γὰρ
1424 4345 1618 4415 ἠμέλει
1652 4342 1784 4404 ,τῶν

221 4440 453 4490 δεόντων
481 4439 740 4492 οὐδέποτε
763 4456 776 4471 ·
811 4439 919 4491 οὐδ’
955 4438 1110 4507 ὤφθη
1142 4438 1205 4506 γέ
1261 4455 1392 4490 ποτε
1422 4453 1786 4489 καταπεπτω-

218 4530 335 4592 κὼς
397 4532 488 4586 ὑπ’
543 4531 779 4598 ἀθυμίας
844 4530 1106 4599 ἀμέτρου,
1167 4531 1260 4585 καὶ
1297 4529 1506 4597 φόϐου,”
1543 4527 1785 4581 καὶτῶν

219 4623 482 4674 τοιούτων
515 4639 528 4651 ·
565 4622 679 4675 ἀλλ’
701 4622 822 4674 οὐδὲ
855 4623 979 4684 τοὺς
1033 4621 1333 4690 λογισμοὺς
1394 4619 1784 4689 διακεχυμένος

219 4717 315 4766 ἐπὶ
345 4714 500 4777 πολὺ,
533 4713 645 4772 οὔτ’
669 4715 725 4764 ἐν
762 4713 1070 4782 εὐθυμίαις,
1107 4711 1218 4764 οὔτ’
1277 4714 1333 4763 ὲν
1392 4713 1626 4781 ἑορταῖς,
1686 4711 1786 4762 οὐκ

218 4810 278 4857 ἔν
313 4808 585 4870 παιδιαῖς,
612 4806 710 4857 οὐκ
743 4807 798 4857 ὲν
831 4806 995 4874 θήρᾳ,
1043 4805 1143 4858 οὐκ
1165 4807 1222 4858 ἐν
1259 4805 1437 4856 οὐδενὶ
1469 4806 1576 4856 τῶν
1614 4803 1786 4854 τοιού-

222 4916 358 4948 των.
393 4897 515 4948 Οὐδ’
541 4892 609 4964 ἦν
660 4897 828 4966 ἀργὸς
851 4898 908 4946 ἐν
947 4897 1060 4955 τοῖς
1090 4897 1305 4963 καιροῖς
1330 4896 1441 4956 τοῖς
1471 4892 1787 4962 χαλεπωτά-

217 5003 364 5051 τοις,
397 4991 491 5040 καὶ
550 4961 898 5055 σκυθρωποῖς
941 5004 1052 5039 τισι
1099 4961 1784 5057 πράγμασινοοῠμενουν
1819 4961 1862 5017 D

222 5080 336 5138 036'
373 5082 431 5132 ὲν
464 5079 613 5148 αὑτῷ
650 5079 726 5148 τῷ
759 5080 904 5147 μάλα
940 5082 1139 5144 νοσεῖν,
1173 5079 1247 5140 ὡς
1273 5079 1440 5148 μηδὲν
1465 5076 1562 5130 ’τοῦ
1590 5077 1780 5147 χρόνου

227 5174 412 5240 μάτην
442 5171 807 5235 ἀναλίσκοιτο,
841 5163 900 5222 οὗ
923 5171 983 5223 τὸ
1018 5170 1289 5240 παρελθὸν
1323 5169 1602 5243 ἀμήχανον
1621 5168 1783 5222 πάλιν

221 5279 432 5330 ευρειν.

299 5438 411 5490 Καὶ
448 5440 554 5507 μὴν
594 5437 671 5500 τὸ,
708 5436 940 5505 Μέτρον
972 5439 1261 5507 ’ἀρίστοιν
1292 5440 1386 5490 καὶ
1442 5440 1521 5502 τὸ,
1583 5438 1788 5504 Μηδὲν

223 5533 404 5599 ἄγαν,
445 5530 535 5580 καὶ
572 5529 725 5591 ὅλως.
760 5531 968 5598 ὅσαπερ
997 5533 1107 5593 τοῖς
1144 5531 1311 5585 πάλαι
1358 5533 1537 5598 σοφοῖς
1572 5531 1788 5597 εἴρηται

222 5627 304 5685 εἰς
370 5623 468 5690 τὴν
497 5622 604 5674 τῶν
655 5622 802 5689 ἠθῶν
853 5626 1171 5694 εὐκοσμίαν,
1234 5626 1425 5696 ὥσπερ
1474 5625 1532 5688 sa
1592 5624 1785 5693 ἐράνου

221 5715 513 5779 συλλέξας,
549 5715 718 5766 ποιῶν
767 5715 1134 5771 διατετέλεκεν
1157 5735 1168 5748 ·
1204 5717 1344 5768 ὥστε
1405 5717 1626 5768 ἐκείνων
1659 5716 1789 5768 Exa-

221 5824 352 5868 στος
381 5807 440 5856 ἔν
473 5822 576 5858 που
611 5805 816 5858 τούτων
857 5807 1076 5876 εἴρηκεν
1099 5826 1112 5840 ο
1149 5805 1303 5872 οὗτος
1334 5810 1390 5860 δὲ
1419 5810 1593 5862 πάντα
1616 5807 1785 5872 ἔπρα-

222 5901 348 5964 ξενο
379 5896 525 5950 οὕτω
554 5900 660 5958 τοῖς
694 5897 832 5960 ὅλοις
870 5900 1038 5951 ὲνῖκα.
1073 5896 1179 5952 ἾΙν
1207 5901 1260 5951 δὲ
1319 5899 1559 5967 τοσούτῳ
1589 5898 1782 5961 δεξιὸς,

1889 3714 2079 3752 norum
2117 3698 2392 3758 decorem,
2430 3695 2574 3747 haud
2612 3704 2740 3762 puto
2773 3711 2802 3750 a
2835 3698 3062 3750 veritate
3107 3713 3318 3762 errans,
3345 3715 3444 3768 po-

1889 3791 2032 3842 litam
2073 3803 2138 3841 ex
2174 3787 2461 3839 adamante
2484 3793 2742 3850 statuam,
2779 3786 3087 3854 subjectum
3108 3800 3438 3856 argumento

1886 3879 2062 3932 virum
2097 3890 2410 3943 nuncupare
2443 3874 2720 3942 possit.Ut
2754 3892 2918 3943 porro
2958 3878 3082 3929 talis
3105 3879 3287 3943 fuerit,
3309 3895 3449 3946 qua-

1886 3971 1992 4024 lem
2018 3969 2179 4036 vobis
2207 3982 2406 4025 .sermo
2444 3968 2685 4021 ostendit
2724 3984 2738 4021 :
2773 3969 2904 4032 imo,
2951 3979 3012 4022 ut
3047 3970 3244 4022 nedum
3302 3972 3448 4033 talis,

1904 4061 1997 4115 sed
2030 4068 2082 4114 ct
2116 4060 2273 4127 longe
2302 4058 2645 4127 praestantior
2682 4057 2845 4111 fuerit
2881 4077 2894 4123 ;
2927 4059 3065 4112 idem
3095 4061 3207 4127 ipse
3238 4060 3450 4129 liquido

1889 4152 2157 4222 probavit,
2192 4161 2307 4203 tum
2345 4152 2413 4203 iis
2447 4164 2566 4219 qua:
2600 4150 2728 4218 egit,
2771 4161 2881 4202 tum
2919 4167 3040 4218 qua:
3062 4159 3168 4204 tota
3197 4151 3308 4206 fere
3339 4155 3449 4207 vita

1892 4244 2030 4296 mala
2049 4243 2307 4297 sustinuit
2331 4258 2344 4305 ;
2365 4251 2527 4310 atque
2549 4242 2684 4295 adeo
2701 4241 2765 4293 iis
2783 4257 2902 4310 quae
2923 4242 3034 4311 egit
3053 4244 3451 4311 perpetiendo,

1891 4350 2124 4404 quaeque
2155 4335 2351 4388 iterum
2382 4335 2545 4388 etiam
2577 4333 2786 4402 agendo
2819 4348 3110 4401 perpessus
3140 4333 3261 4387 fuit.
3297 4334 3448 4388 Nun-

1892 4442 2054 4497 quam
2089 4420 2542 4495 enimlquidqui‘d
2576 4425 2866 4480 accidisset
2926 4425 3068 4492 quod
3101 4439 3279 4492 opera:
3327 4440 3452 4494 pre—

1892 4522 2025 4575 tium
2058 4527 2194 4581 crat,
2224 4519 2509 4586 neglexit;
2553 4533 2652 4582 nec
2708 4532 2952 4586 unquam
3017 4518 3253 4570 omnino‘
3300 4521 3452 4572 visus

1892 4621 1975 4667 est
2005 4611 2188 4664 animo
2244 4609 2586 4672 concidisse,
2635 4610 2898 4661 obruente
2954 4608 3205 4661 incestitia
3257 4609 3449 4673 nimia,

1892 4713 1985 4758 aut
2014 4713 2182 4769 metu,
2212 4702 2386 4755 aliove
2417 4700 2683 4768 ejusmodi
2720 4718 2732 4752 :
2760 4707 2815 4752 at
2846 4715 3027 4766 neque
3064 4698 3233 4753 eﬂuso
3263 4701 3450 4753 admo-

1893 4796 2020 4849 dum
2061 4795 2265 4853 animo,
2315 4807 2436 4859 cum
2479 4792 2640 4843 etiam
2678 4789 2972 4858 jucundior
3027 4789 3323 4853 videretur,
3365 4792 3452 4844 vel

1894 4894 2182 4955 agerentur
2213 4883 2335 4937 festi
2365 4891 2666 4936 conventus
2697 4897 2710 4944 ;
2743 4896 2849 4933 non
2899 4881 2954 4932 iu
3010 4880 3187 4943 ludis,"
3211 4897 3318 4936 non
3363 4896 3451 4936 ve-

1891 4978 2110 5028 natione
2164 4985 2343 5038 utens,
2391 4989 2496 5026 non
2557 4987 2614 5025 re
2653 4973 2760 5025 ulla
2813 4972 3102 5040 ejusmodi.
3152 4973 3219 5025 At
3277 4988 3455 5041 neque

1893 5065 2298 5119 molestissitnis
2364 5063 2724 5132 temporibus,
2790 5063 3149 5131 tristibusque
3174 5064 3452 5117 nonnullis

1890 5160 2056 5216 rebus
2080 5160 2290 5212 otiosus
2322 5168 2437 5210 erat
2475 5173 2488 5220 ;
2522 5170 2588 5208 ne
2619 5154 2774 5208 valde
2797 5155 3020 5222 quidem
3053 5154 3245 5208 aflecta
3298 5157 3448 5208 sani-

1893 5259 2022 5311 tate,
2052 5265 2118 5302 nc
2153 5250 2281 5316 quid
2325 5246 2590 5314 temporis
2614 5259 2848 5298 vacuum
2908 5244 3269 5314 peretﬂueret,
3302 5245 3448 5313 quod

1892 5351 1950 5394 ut
1968 5341 2249 5412 praeteriit,
2272 5339 2412 5391 nulla
2433 5347 2557 5407 post
2575 5339 2677 5389 hac
2696 5337 2970 5406 diligentia
2992 5337 3448 5406 revocaripotcst.

1963 5433 2230 5487 Caeterum
2294 5432 2431 5485 illud
2471 5429 2729 5497 :Optima
2787 5430 3176 5483 mediocritas:
3224 5444 3305 5494 ac,
3368 5427 3450 5482 Ne

1893 5527 2016 5596 quid
2036 5528 2212 5590 nimis,
2231 5520 2585 5591 omninoque,
2612 5529 2670 5574 ut
2686 5521 2814 5595 quid
2837 5522 3074 5589 antiquis
3089 5519 3446 5586 sapientibus,

1894 5619 2285 5688 Componendis
2305 5618 2593 5670 honestate
2615 5613 2884 5676 moribus,
2903 5613 3108 5665 dictum
3139 5611 3246 5674 sit;
3282 5611 3331 5662 id
3356 5611 3451 5664 ille

1896 5723 2154 5781 tanquam
2184 5726 2248 5764 ex
2273 5709 2518 5781 symbolo
2541 5706 2823 5773 colligens,
2850 5712 3017 5757 totum
3043 5719 3099 5756 re
3120 5705 3447 5773 prtesta'bat:

1895 5813 2056 5872 atque
2081 5804 2214 5858 adeo
2243 5816 2364 5855 cum
2424 5800 2654 5869 quisque
2704 5812 2869 5849 unum
2930 5795 3060 5863 quid
3114 5809 3324 5857 eorum,
3389 5809 3452 5847 ac

1895 5899 2170 5965 singulare
2201 5893 2476 5963 quidpiam
2529 5890 2720 5944 effatus
2763 5889 2856 5950 sit,
2909 5887 3024 5956 ipse
3074 5901 3217 5940 unus
3267 5887 3450 5939 omnia
