4208 6444
718 450 818 512 193

1919 447 2131 508 MANU
2149 449 2316 508 ELIS
2362 444 2807 508 PALA'IOLOGI

3869 456 3965 521 196

715 560 825 627 egit
862 576 877 613 :
933 560 1009 614 sic
1044 556 1293 612 vincebat
1331 556 1627 612 universis.
1691 557 1767 610 lta
1808 572 1935 611 vero
1966 569 2123 625 aptus
2151 569 2286 619 emt.
2319 576 2359 631 Α

2319 576 2359 631 Α
2394 559 2487 610 καὶ
2529 556 2675 610 οὕτω
2712 560 2833 621 ταῖς
2885 558 3143 610 ἁπάντων
3169 558 3489 627 συμεαίνων
3525 564 3795 632 γνώμαις,
3825 573 3964 635 μετὰ

715 654 903 718 sicque
943 653 1320 705 universorum
1355 649 1553 703 animis
1581 650 1936 719 congruebat,
1957 659 2267 718 opportune

717 758 882 814 agens
906 742 1114 804 omnia,
1154 758 1218 795 ac
1251 757 1443 795 omnes
1476 744 1687 795 sincere
1721 742 1927 805 colens,
1971 758 2282 811 quanquam

720 837 883 890 nullis
918 836 1075 887 noxio
1100 834 1426 903 indulgeret,
1467 842 1525 886 ut
1561 836 1661 901 ipsi
1701 849 1809 887 non
1858 850 1985 887 raro
2043 844 2283 899 actores,

721 925 968 980 beneficii
994 940 1051 978 se
1092 941 1216 979 reos
1258 936 1639 993 agnoscerent,
1675 940 1738 979 ac
1794 936 2015 994 agerent
2058 927 2283 995 gratias,

719 1034 842 1073 cum
916 1024 1079 1075 etiam
1114 1034 1278 1072 causa
1302 1018 1652 1081 cecidissent,
1696 1032 1760 1071 ac
1800 1027 1983 1072 essent
2034 1018 2284 1072 frustrati

722 1112 830 1167 fine
864 1129 1027 1182 supra
1081 1127 1243 1181 quam
1275 1108 1390 1169 alii.
1442 1124 1564 1162 eum
1601 1109 1713 1163 voti
1751 1119 2031 1177 compotes
2105 1109 2286 1162 affecti

721 1218 908 1275 optata
947 1220 1225 1274 accepere.
1266 1203 1475 1257 Accidit
1504 1202 1678 1267 enim,
1715 1212 1767 1255 ut
1795 1200 2284 1264 nihiletiamdans,

716 1300 971 1359 delectes,
1011 1307 1177 1363 utque
1206 1296 1446 1349 vicissim
1489 1295 1669 1349 dando
1706 1294 2022 1362 displicens.
2057 1293 2289 1347 Univer-

717 1392 819 1449 εἰδὲ
842 1406 899 1444 se
934 1392 1447 1444 communissimum
1512 1387 1878 1455 permittebat,
1942 1402 2007 1441 ae
2054 1387 2288 1439 maxime

716 1494 903 1552 gratus
928 1482 1407 1551 congressionibus
1437 1492 1590 1535 erat;
1630 1494 1729 1531 nec
1754 1480 2050 1547 quidquam
2080 1487 2281 1539 tamen,

719 1580 929 1627 morum
963 1573 1051 1626 illa
1088 1571 1442 1640 ingenuitate,
1494 1572 1655 1623 rebus
1690 1570 1979 1625 officiebat.
2034 1570 2163 1623 Erat
2212 1569 2288 1623 si-

716 1667 934 1736 quidem
988 1667 1182 1733 plenus
1241 1663 1670 1717 architectonica
1715 1663 1970 1723 scientia,
2036 1674 2149 1715 tum
2217 1661 2283 1715 ad

717 1756 968 1825 politieos
1014 1768 1215 1815 mores,
1249 1764 1358 1807 tum
1402 1752 1464 1805 ad
1508 1751 1724 1819 negotia
1784 1751 2023 1819 publica,
2071 1750 2285 1817 sibique

715 1847 845 1901 satis
883 1847 999 1915 ipse
1032 1854 1241 1905 erat,ut
1270 1853 1323 1897 et
1346 1843 1574 1913 singulis
1592 1852 1967 1897 consuesceret
1992 1858 2087 1911 pro
2106 1840 2289 1908 cujus-

2389 650 2481 702 τοῦ
2514 650 2709 718 καιροῦ
2736 650 2803 701 τὰ
2837 650 3025 703 δέοντα
3077 652 3269 716 ποιῶν,
3332 656 3425 705 καὶ
3458 656 3698 723 γνησίως
3749 660 3963 721 πάντας

2393 742 2810 812 μετερχόμενος,
2838 743 2901 794 οὐ
2934 743 3040 812 μήν
3074 760 3182 795 τισι
3240 746 3378 814 πρδς
3419 746 3626 815 βλάϐην
3661 750 3965 818 χαριζόμε-

2390 851 2501 895 νος,
2543 835 2617 896 ὼς
2640 834 2733 886 καὶ
2784 834 3045 899 πολλάκις
3092 836 3254 906 χάριν
3302 837 3708 905 ὁμολογοῦντας
3752 841 3962 894 εἰδέναι

2389 926 2516 988 τοὺς
2541 926 2980 994 ἐπαγγέλλοντας
3012 927 3180 996 ἔχειν,
3214 928 3267 979 ετ
3293 946 3422 983 ποτε
3453 931 3544 983 καὶ
3598 931 3695 983 τοῦ
3748 933 3959 986 σκοποῦ

2389 1017 2787 1087 διημάρτανον,
2818 1020 2963 1087 ἤπερ
2994 1018 3145 1072 άλλόι
3174 1021 3301 1084 τοὺς
3344 1021 3606 1086 λαϐόντας
3643 1018 3718 1078 ὧν
3759 1024 3962 1077 ἐπεθύ-

2396 1125 2553 1176 μουν.
2588 1110 2748 1161 Ἔστι
2784 1110 2889 1180 γὰρ
2930 1113 3028 1162 καὶ
3074 1110 3237 1164 δόντα
3279 1111 3447 1182 μηδὲν
3512 1114 3803 1182 εὐφρᾶναι,
3864 1118 3961 1169 καὶ

2390 1201 2702 1254 τούναντίον
2732 1201 2887 1263 αὖθις
2933 1203 3132 1272 εὑρεῖν.
3178 1201 3286 1256 Ἦν
3323 1205 3424 1273 μὲν
3474 1208 3783 1268 κοινότατος
3816 1209 3959 1261 διπα-

2392 1310 2475 1345 σιν
2501 1310 2513 1323 ο
2555 1288 2623 1360 ἦν
2650 1292 2708 1345 δέ
2741 1294 2863 1357 ταῖς
2901 1294 3213 1357 συνουσίαίς
3247 1297 3630 1364 χαριέστατος,
3664 1299 3755 1349 καὶ
3781 1299 3869 1350 διὰ
3899 1300 3959 1350 τὸ

2391 1382 2484 1435 τοῦ
2518 1383 2684 1454 ἧθους
2723 1384 3009 1454 ἐλεύθερον
3050 1386 3160 1439 οὐδ’
3187 1387 3491 1441 ὁπωστιοῦν
3526 1390 3814 1459 πράγμασι
3867 1391 3958 1443 λυ-

2394 1477 2741 1545 μαινόμενος.
2784 1478 3032 1549 Ὑπῆρχε
3063 1479 3173 1548 γὰρ
3210 1479 3585 1549 πληρὲστατος
3632 1484 3958 1550 ἀρχιτεκτο-

2389 1562 2547 1631 νικῆς
2599 1566 2912 1635 ἐπιστήμης
2937 1566 3017 1629 εἷς
3049 1584 3105 1619 τε
3135 1566 3201 1619 τὰ
3230 1568 3483 1621 πολιτικὰ
3515 1569 3622 1639 ῆθη
3654 1570 3732 1633 εἷς
3787 1588 3846 1622 τε
3887 1572 3955 1623 τὰ

2390 1654 2545 1706 κοινὰ
2570 1658 2874 1724 πράγματα
2898 1673 2912 1687 ’
2945 1658 3041 1711 καὶ
3062 1659 3285 1731 ἐξήρκει
3336 1677 3400 1727 γε
3434 1663 3672 1714 συνεῖναι
3702 1662 3797 1714 καὶ
3852 1680 3932 1729 χω

2392 1746 2476 1814 ρὶς
2506 1747 2757 1809 ἑκάστοις
2792 1750 2928 1818 πρὸς
2953 1751 3183 1819 τρόπον,
3214 1751 3309 1803 καὶ
3360 1748 3519 1814 αὖθις
3572 1756 3741 1806 πᾶσιν
3794 1752 3953 1821 ὁμοῦ.

2394 1838 2551 1907 ’ᾙδει
2591 1854 2651 1889 τε
2681 1840 2859 1892 δοκεῖν
2882 1841 3208 1910 διαχεῖσθαι,
3238 1845 3331 1894 καὶ
3360 1844 3449 1896 ἀεὶ
3497 1846 3565 1896 τὰ
3616 1845 3955 1913 καιριώτερα

714 1956 818 2007 que
855 1939 1100 1992 moribus
1125 1954 1293 2005 utque
1322 1937 1597 2005 integrum
1624 1950 1682 1987 se
1714 1934 1988 1987 universis
2018 1941 2280 1986 servaret.
2321 1938 2361 1991 Β

2321 1938 2361 1991 Β
2392 1928 2670 1999 προῦργου
2699 1930 2946 1985 τίθεσθαι
2968 1950 2982 1965 ο
3034 1933 3127 1985 καὶ
3163 1936 3596 2000 κατασκευάζειν
3629 1936 3801 1989 ἐνίοτε
3857 1954 3952 2002 με-

711 2028 945 2083 Neverat
1014 2038 1071 2081 ut
1128 2038 1176 2080 et
1233 2027 1506 2079 videretur
1559 2024 1782 2077 hilarior
1817 2022 2076 2086 diffundi,
2117 2031 2284 2089 utque

716 2109 1074 2175 nihilominus
1132 2132 1350 2186 semper
1392 2116 1770 2186 principaliora
1820 2130 1982 2183 opera
2041 2112 2275 2180 pretium

718 2222 996 2283 poneret;
1035 2220 1198 2279 atque
1230 2218 1286 2262 ttt
1344 2223 1741 2277 nonnunquam
1786 2222 1873 2261 res
1934 2220 2162 2273 magnas
2220 2218 2282 2256 ac

711 2308 1058 2360 admirandas
1088 2304 1197 2356 ludi
1240 2318 1346 2354 non
1386 2299 1660 2354 inhonesti
1700 2298 1878 2365 specie
1901 2307 2125 2364 gereret.

780 2400 917 2453 Cum
955 2398 1037 2450 sic
1069 2410 1196 2462 ergo
1224 2404 1384 2446 natus
1422 2406 1587 2455 esset,
1620 2391 1809 2457 sicque
1843 2389 2140 2441 voluntatis
2188 2388 2281 2440 ba-

714 2492 885 2553 beret,
922 2505 984 2543 ac
1010 2489 1082 2543 ita
1116 2485 1642 2548 fuissetinstitutus,
1666 2484 1917 2552 bonaque
1939 2482 2074 2535 adeo
2101 2482 2282 2533 indole

712 2600 772 2637 ac
803 2583 1020 2652 ingenio
1054 2580 1196 2635 facili
1218 2579 1475 2647 praeditus
1499 2586 1643 2631 essrt
1663 2594 1677 2641 ;
1699 2576 1751 2629 in
1783 2584 2035 2644 parentes
2063 2575 2279 2642 quidem

710 2675 879 2742 probe
913 2672 1177 2742 implevit,
1230 2682 1289 2725 ut
1318 2669 1447 2738 quid
1498 2654 1756 2738 parentes
1796 2674 2047 2719 natorum
2084 2665 2281 2732 pietate

714 2764 1019 2833 praestanda
1070 2773 1261 2832 optare
1317 2759 1530 2830 possint
1565 2776 1578 2813 :
1613 2771 1829 2813 summo
1877 2756 2068 2809 amicis
2103 2753 2278 2809 amori

714 2858 816 2911 fuit
843 2873 857 2921 ;
900 2855 1172 2909 universis
1206 2852 1417 2907 exstitit
1443 2860 1654 2921 portus,
1681 2850 1968 2918 omnisque
1996 2849 2076 2901 eis
2112 2861 2278 2914 gene-

714 2950 788 3001 ris
844 2949 981 3001 bona
1022 2946 1358 3001 conciliavit.
1409 2947 1696 2998 Praeclara:
1744 2945 1881 2996 adeo
1942 2957 2051 3002 res,
2093 2941 2280 2993 liestes

713 3054 929 3107 quoque
971 3036 1387 3100 infensissimos,
1429 3037 1494 3087 ad
1534 3026 1682 3102 pacis
1715 3033 2005 3085 ambiendo
2048 3029 2277 3091 hedera,

712 3133 969 3197 omnique
1000 3129 1159 3183 modo
1202 3128 1559 3197 exquirenda,
1600 3126 1978 3192 impulerunt,
2014 3134 2175 3191 atque
2224 3132 2282 3176 ut

715 3223 879 3275 semel
958 3220 1111 3281 inita,
1169 3228 1286 3271 rata
1348 3231 1563 3270 manere
1630 3214 1851 3266 omnino
1922 3212 2278 3265 eniterentur.

2386 2022 2530 2087 γάλα
2569 2038 2627 2075 τε
2658 2023 2754 2077 καὶ
2776 2023 3069 2093 θαυμαστὰ
3091 2025 3398 2096 πράγματα
3431 2029 3569 2096 μετὰ
3596 2027 3817 2089 παιδιάς
3851 2030 3952 2080 ούκ

2385 2113 2648 2184 ἀσέμνου.

2454 2384 2611 2438 Οὕτω
2641 2387 2821 2438 τοίνυν
2848 2384 3067 2455 φύσεως
3098 2386 3240 2457 ἔχων
3272 2390 3366 2441 καὶ
3398 2390 3793 2460 προαιρέσεως,
3824 2410 3953 2444 παι-

2386 2477 2631 2539 δεύσεώς
2666 2495 2724 2529 τε
2756 2479 2852 2531 καὶ
2890 2478 3222 2549 δεξιότητος,
3255 2481 3468 2551 ὑπῆρχε
3502 2482 3603 2551 μὲν
3621 2485 3735 2546 τοῖς
3782 2485 3950 2537 αὐτοῦ

2385 2572 2625 2641 πατράσι
2659 2570 2839 2635 καλῶς
2864 2571 3111 2641 πληρῶν,
3140 2572 3176 2625 ἃ.
3208 2571 3272 2641 δὴ
3320 2574 3556 2643 πατέρες
3596 2568 3833 2641 εὖξαιντ⁹
3886 2576 3954 2629 ἂν

2385 2663 2538 2733 παρὰ.
2561 2662 2671 2715 τῶν
2706 2663 2838 2715 υίῶν
2870 2663 3067 2733 ἴσχειν,
3104 2664 3320 2734 ὑπῆρχε
3348 2665 3406 2718 δέ
3446 2669 3557 2727 τοῖς
3585 2666 3760 2733 φίλοις
3812 2670 3942 2736 ἐρα-

2386 2752 2691 2821 σμιώτατος
2714 2769 2726 2784 ι
2758 2749 2828 2825 ἦν
2862 2754 2918 2806 δὲ
2943 2757 3055 2816 τοῖς
3080 2756 3216 2807 πᾶσι
3268 2754 3452 2826 λιμὴν,
3476 2758 3567 2807 καὶ
3594 2757 3954 2811 παντοδαπῶν

2384 2845 2608 2910 ἀγαθῶν
2650 2846 2938 2915 πρύτανις.
2966 2845 3154 2899 Ταῦτα
3184 2848 3278 2900 καλ⁵
3312 2848 3783 2916 δυσμενεστάτους
3829 2852 3954 2902 άνέ-

2385 2939 2541 2991 πειθε
2578 2939 2823 2993 σπονδῶν
2854 2942 2954 3010 μὲν
2994 2940 3134 3008 ἄγαν
3160 2941 3474 3011 ἐπιθυμεῖν,
3526 2942 3701 2995 πάντα
3726 2942 3783 2995 δέ
3824 2943 3952 3011 τρό-

2387 3045 2486 3081 πον
2524 3028 2731 3097 ζητεῖν,
2772 3029 2920 3091 ὅπως
2986 3030 3168 3082 αὐτῶν
3214 3029 3472 3099 τύχοιεν·
3535 3033 3628 3083 καὶ
3666 3034 3950 3101 τυχόντας.

2385 3121 2603 3174 ἅπαντα
2651 3121 2937 3187 πράττειν,
3002 3121 3131 3173 ὥστ’
3176 3124 3461 3189 ἐπιμεῖναι
3522 3122 3599 3190 τῷ
3642 3127 3949 3194 πράγματι.

2386 3214 2568 3266 Αἴτιον
2602 3214 2712 3282 δέή
2765 3215 2933 3283 ἀρετὴ
2987 3213 3139 3266 τοῦδε
3181 3214 3428 3282 τάνδρὸς,
3464 3215 3532 3267 δι’
3570 3215 3630 3267 δν
3653 3216 3951 3286 ὼρρώδουν

714 3313 765 3367 Id
800 3327 960 3381 porro
998 3313 1189 3380 agebat
1241 3310 1340 3361 viri
1385 3309 1593 3369 virtus,
1638 3306 1797 3374 cnjus
1848 3304 1924 3357 illi
1988 3302 2277 3356 formidine
2309 3282 2350 3340 ο

2309 3282 2350 3340 C
2387 3304 2479 3366 οὓς
2508 3321 2570 3371 γε
2602 3282 2830 3372 ἐφόϐουν
2858 3282 3018 3357 οιίδιὰ
3047 3305 3144 3375 τὴν
3164 3305 3335 3374 τύχην
3360 3282 3949 3377 ἐπαιρόμενοιίΜεταν-

713 3424 808 3461 eos
827 3406 1169 3475 postmodum
1203 3402 1520 3462 horrebant,
1539 3400 1737 3469 quibus
1756 3397 1971 3451 fortuna
1989 3394 2271 3459 cﬂ‘erentc,

713 3511 777 3551 te:
799 3514 971 3550 rorem
999 3496 1202 3564 pridem
1232 3493 1554 3563 injecerant.
1584 3490 1700 3544 lam
1730 3492 1872 3545 enim
1906 3492 2046 3542 facta
2089 3504 2272 3540 rerum

716 3590 1020 3642 mumtione
1055 3586 1292 3655 ;quippe
1326 3585 1378 3637 in
1432 3585 1768 3637 contrarium
1834 3582 2056 3635 omnino
2107 3594 2277 3633 versae

712 3692 886 3742 erant,
924 3695 984 3732 ac
1007 3688 1208 3732 nostrae
1232 3677 1446 3745 quidem
1512 3674 1795 3738 florebant,
1840 3673 2055 3725 illorum
2096 3682 2274 3723 autem

713 3771 1063 3827 difﬂuxerant
1102 3788 1115 3823 :
1148 3770 1338 3836 utique
1365 3782 1591 3821 necesse
1620 3775 1759 3827 erat,
1821 3773 1876 3816 ut
1905 3774 1958 3816 et
1996 3764 2031 3816 ii
2066 3764 2131 3816 de
2158 3778 2280 3817 sen-

714 3864 878 3915 tentia
927 3862 1275 3924 decedentes,
1329 3860 1558 3927 tetnpori
1612 3856 1959 3910 inservirent.
1990 3848 2279 3923 Eai'nqué

714 3958 767 4009 in
802 3972 925 4008 eum
961 3955 1313 4022 pra'stabant,
1356 3968 1476 4019 qum
1513 3952 1644 4002 olim
1693 3949 2009 4003 decessor-cs
2059 3948 2111 4000 in
2162 3948 2278 4017 ipso

712 4047 860 4098 soliti
895 4054 1054 4097 erant
1088 4059 1102 4107 ;
1138 4057 1367 4110 eamque
1397 4042 1543 4095 diem
1570 4044 1720 4095 festa:
1752 4041 1888 4095 lucis
1940 4042 2063 4095 loco
2116 4042 2275 4093 habeo

713 4137 860 4196 lmzat,
891 4153 991 4202 qun
1036 4150 1127 4201 per
1160 4138 1407 4186 nuntium
1445 4134 1647 4201 aliquid
1706 4135 1773 4185 ab
1808 4148 1872 4186 eo
1923 4133 2276 4201 epistolarum

718 4229 1084 4295 accepissent.
1150 4226 1308 4291 Quod
1344 4226 1389 4279 si
1444 4226 1606 4279 etiam
1657 4224 1862 4294 aliquid
1928 4225 2279 4293 pollicebatur

716 4316 792 4384 (id
826 4332 957 4369 sane
996 4317 1062 4367 ab
1092 4315 1412 4383 impensiori
1451 4316 1779 4382 pra-stantia,
1810 4324 1864 4366 ut
1917 4315 2089 4383 magis
2137 4329 2274 4381 pra:-

712 4408 893 4476 eipere
924 4422 1086 4475 quam
1123 4407 1363 4474 polliceri
1418 4405 1746 4473 videretur),
1783 4404 2111 4458 oecinebant
2140 4419 2273 4471 gau-

712 4504 801 4551 dio
828 4510 1049 4567 accepta
1072 4499 1323 4567 epistola,
1352 4513 1461 4550 rem
1484 4508 1686 4566 gestant
1719 4498 1867 4564 paris
1896 4506 2272 4564 argumentum

716 4591 1003 4651 habentes,
1040 4604 1201 4657 quam
1231 4588 1452 4656 quidem
1474 4590 1611 4639 haud
1641 4598 1860 4656 propter
1886 4587 2272 4655 scdiligebant.

713 4683 807 4737 Sed
844 4699 909 4736 ne
963 4682 1141 4749 perire
1209 4681 1551 4747 contingeret
1604 4696 1699 4747 per
1744 4679 1861 4745 ejus
1921 4680 2273 4731 absentiam:

713 4774 857 4838 quod
888 4774 1095 4843 pridem
1136 4786 1296 4826 secus
1317 4772 1726 4826 existimabant.
1776 4770 1866 4823 Sic
1894 4771 2087 4832 virtus,
2108 4783 2275 4837 quam

716 4868 933 4919 fortuna
971 4873 1212 4933 praestat,
1246 4878 1341 4931 per
1380 4876 1542 4931 quam
1576 4862 1829 4930 superbia
1858 4861 2119 4923 hostium,
2152 4876 2274 4914 cum

713 4974 808 5011 eos
846 4970 1028 5026 postea
1058 4972 1184 5023 spes
1210 4954 1510 5020 fefellisset,
1546 4954 1820 5023 plurimun
1849 4953 1973 5008 fecit
1999 4953 2191 5007 risum.

784 5049 908 5103 llaec
968 5049 1232 5103 hactenus
1296 5048 1443 5101 velut
1495 5061 1708 5100 summa
1763 5044 2022 5109 diximus,
2079 5045 2278 5114 quibus

715 5141 930 5195 abunde
963 5140 1287 5194 deelaratam
1346 5148 1476 5207 puto
1510 5138 1608 5191 viri
1659 5136 1918 5201 indolem,
1977 5147 2037 5190 ut
2091 5138 2277 5192 multis

717 5235 971 5287 lamhbus
1001 5241 1145 5287 (εει-ι
1194 5233 1352 5300 digna
1389 5247 1403 5283 :
1440 5232 1525 5285 sin
1555 5239 1734 5285 autem
1796 5231 2007 5299 singula
2056 5244 2274 5297 quoque

715 5325 967 5394 prosequi
1002 5330 1272 5393 Oporteat,
1291 5322 1467 5375 dicam
1497 5320 1840 5391 compendio,
1886 5329 2091 5390 quanta
2152 5319 2265 5372 fue-

715 5404 1062 5469 t’itl'acultas.
1112 5410 1183 5467 Ut
1212 5411 1358 5464 enim
1393 5410 1562 5463 beata:
1618 5411 1894 5463 memoria:
1953 5410 2053 5462 viri
2111 5408 2273 5477 hujus

715 5508 979 5575 pra-clara
1006 5515 1153 5573 gesta
1180 5504 1435 5558 diffusius
1459 5510 1773 5565 narrentur,
1807 5502 1874 5555 iis
1905 5502 2087 5569 potius
2140 5516 2273 5554 con-

716 5608 893 5663 gruat,
928 5610 1161 5664 quorum
1182 5596 1248 5648 sit
1273 5594 1504 5659 insituti,
1541 5605 1600 5647 ut
1637 5610 1813 5647 rerum
1843 5604 2115 5663 gestarum
2140 5611 2273 5649 con-

717 5701 901 5743 tcxant
943 5690 1227 5745 historias.
1260 5687 1400 5755 Quin
1449 5688 1725 5743 eteadem
1786 5706 2001 5758 quoque
2062 5692 2272 5745 ratione

717 5796 784 5834 ne
824 5781 898 5834 illi
933 5782 1149 5849 quidem
1194 5789 1347 5851 gesta
1380 5780 1561 5835 omnia
1592 5794 1977 5848 pereensucro.
2002 5781 2086 5835 Uti
2122 5782 2268 5837 enim

713 5887 897 5928 rerum
922 5872 989 5926 ab
1015 5887 1081 5927 eo
1106 5882 1379 5941 gestarum
1444 5872 1759 5943 magnitudo
1805 5872 2077 5941 prohibet,
2104 5884 2163 5928 ut
2207 5889 2277 5928 ne

2382 3397 2743 3465 κεκλημένων
2773 3396 2884 3467 γὰρ
2906 3396 3015 3448 τῶν
3058 3397 3439 3467 πραγμάτων
3479 3400 3573 3451 καὶ
3626 3403 3732 3470 γάρ
3791 3400 3950 3453 ἀντέ-

2383 3504 2629 3554 στραπτο
2660 3489 2938 3550 παντελῶς
2963 3528 2979 3553 ,
3035 3489 3130 3540 καὶ
3164 3489 3230 3540 τὰ
3262 3489 3362 3558 μὲν
3412 3490 3653 3560 ἡμέτερα
3682 3492 3854 3561 ἤνθει,
3887 3494 3955 3545 τά

2381 3580 2437 3633 δὲ
2469 3583 2697 3633 ἐκείνων
2730 3584 3134 3652 κατερρυήκει·
3168 3584 3347 3653 χρεὼν
3380 3581 3449 3655 ἦν
3500 3586 3683 3655 δήπου
3750 3588 3948 3639 κάκεί-

2379 3690 2503 3733 νους
2530 3672 2933 3742 μεταϐαλόντας
2978 3677 3360 3747 συμφέρεσθαι
3418 3678 3653 3741 τούτοις.
3687 3673 3797 3731 Ἦν
3853 3678 3948 3731 οὖν

2379 3766 2576 3836 ἐκείνῳ
2611 3768 2746 3837 παρ’
2792 3768 2996 3835 αὐτῶν,
3028 3769 3063 3823 ἃ
3117 3772 3248 3837 πρὶν
3299 3769 3525 3833 ἐκείνοις
3566 3770 3631 3823 ἐκ
3684 3770 3796 3823 τῶν
3844 3774 3954 3839 πρὸ

2378 3856 2572 3909 τοῦδεο
2611 3857 2706 3909 καὶ
2737 3853 2877 3929 ἦγον
2911 3859 3117 3928 ταύτην
3168 3858 3365 3928 ἐορτὴν
3392 3858 3490 3928 τὴν
3522 3858 3759 3929 ἡμέραν,
3822 3861 3880 3912 ἐν

2380 3966 2462 4012 τις
2494 3951 2623 4020 παρ’
2658 3950 2870 4004 ἐκείνου
2903 3951 3037 4023 πρὸς
3068 3951 3264 4013 αὐτοὺς
3297 3946 3399 4022 ἧκε
3434 3952 3607 4021 βραχύ
3636 3968 3689 4002 τι
3711 3951 3952 4020 γράμμα

2381 4044 2647 4109 κομίζων.
2681 4044 2740 4095 El
2775 4044 2830 4094 δὲ
2866 4044 2961 4095 καὶ
2990 4042 3302 4112 ἐπήγγελλέ
3321 4061 3397 4107 τι,
3418 4043 3559 4097 οὕτω
3579 4045 3626 4096 δ’
3661 4045 3720 4109 ἐξ
3743 4044 3949 4113 ὑπερο-

2380 4136 2500 4203 χῆς,
2550 4136 2625 4198 ὠς
2702 4135 2903 4204 patle
2961 4151 3023 4203 γε
3084 4137 3444 4206 προστάττειν
3506 4136 3539 4207 ἢ
3588 4137 3953 4205 ἐπαγγέλλειν

2380 4227 2581 4295 ἐπῇδον
2602 4227 2653 4278 οἱ
2676 4226 2963 4296 δεχόμενοι
2991 4227 3096 4296 τὴν
3123 4228 3433 4296 ἐπιστολὴν,
3464 4230 3946 4298 τεκμήριονήγού-

2382 4336 2535 4385 μενοι
2618 4320 2842 4389 εἰρήνης
2903 4320 2964 4371 τὸ
3038 4321 3281 4389 πραχθέν
3320 4335 3334 4349 ·
3406 4321 3473 4389 ἥν
3536 4320 3635 4373 οὐκ
3712 4320 3951 4387 ἠγάπων

2377 4409 2444 4462 δι’
2473 4410 2665 4480 αὐτὴν,
2684 4411 2821 4480 ὅπερ
2849 4411 2956 4463 ἔδει
2980 4425 2993 4439 '
3024 4410 3083 4460 τὸ
3118 4410 3175 4461 δέ
3220 4409 3295 4479 μὴ
3337 4409 3707 4478 διαφθαρῆναι
3738 4409 3948 4478 ταύτης

2379 4500 2649 4571 ἀπούσης,
2684 4502 2824 4572 ὅπερ
2882 4502 3143 4563 ἐναντίως
3188 4500 3423 4571 πρόσθεν
3454 4502 3723 4569 ἐνόμιζον.
3757 4503 3949 4565 Οὕτως

2378 4593 2549 4661 ἁρετὴ
2578 4593 2847 4663 κρείττων
2881 4591 3074 4661 τύχης,
3101 4587 3169 4662 ἦς
3219 4594 3384 4646 ἕνεκα
3425 4594 3471 4645 οἱ
3502 4592 3788 4661 δυσμενεῖς
3819 4596 3951 4645 ἁλα-

2381 4685 2747 4754 ζονευόμενοι,
2780 4681 2903 4737 εῐτα
2928 4685 3040 4737 τῶν
3084 4686 3315 4738 ἐλπίδων
3347 4686 3700 4755 ψευσθέντες,
3730 4688 3943 4754 γέλωτα

2384 4777 2849 4847 προσωφλήκασιν
2873 4777 2935 4830 ού
2970 4779 3230 4847 σμικρόν.

2451 5046 2633 5100 Ταῦτα
2661 5045 2736 5111 ὡς
2767 5048 2824 5101 ἐν
2848 5046 3128 5117 κεφαλαίῳ
3147 5047 3276 5118 ἡμῖν
3305 5048 3521 5119 εἴρηται
3544 5063 3559 5078 °
3599 5051 3695 5103 καὶ
3719 5051 3946 5119 νομίζο-

2383 5156 2483 5208 μεν
2510 5137 2689 5202 καλῶς
2742 5140 3117 5209 ἀποδεδεῖχθαι
3170 5140 3269 5206 τὴν
3317 5138 3472 5193 τοῦδε
3507 5139 3688 5208 φύσιν,
3745 5142 3820 5205 ὡς
3876 5138 3951 5214 ἦ)

2378 5231 2505 5295 ἀξία
2531 5230 2744 5284 πολλῶν
2772 5232 3010 5284 ἐπαίνων
3030 5245 3044 5260 ⁶
3080 5233 3128 5284 εί
3176 5231 3234 5283 δέ
3268 5232 3494 5301 προσδεῖ
3523 5234 3616 5285 καὶ
3643 5233 3751 5285 τῶν
3783 5235 3954 5285 κα.θέ-

2378 5340 2577 5388 καστα,
2612 5322 2781 5387 λέξων
2814 5322 3048 5393 ἔρχομαι
3098 5325 3217 5377 κατ’
3248 5312 3518 5393 ἐπιτομὴν
3546 5325 3670 5376 ὅσον
3716 5321 3827 5376 οἷον
3860 5342 3948 5380 τε.

2379 5415 2455 5467 Τὸ
2484 5416 2596 5484 γὰρ
2621 5414 2685 5485 δὴ
2713 5416 2895 5483 λέγειν
2926 5416 3159 5486 ἐκτάδην
3185 5416 3252 5469 τὰ
3285 5417 3619 5487 εἰργασμένα
3654 5417 3731 5486 τῷ
3766 5436 3953 5485 μακά-

2383 5508 2505 5577 ρίτῃ
2531 5509 2645 5569 τοῖς
2678 5508 2840 5577 ἔργον
2870 5508 3089 5577 ἔχουσιν
3120 5509 3355 5579 ἱστορεῖν
3388 5509 3716 5579 οἰκειότερον
3753 5512 3817 5563 ἂν
3851 5515 3947 5577 γέ-

2381 5615 2545 5653 νοιτο.
2576 5599 2652 5651 Ού
2687 5600 2795 5667 μὴν
2824 5599 2961 5651 ἀλλὰ
2991 5602 3075 5652 διὰ
3099 5600 3198 5669 τὴν
3231 5602 3401 5668 αὐτὴν
3431 5601 3635 5669 ταύτην
3665 5605 3840 5653 αέτίαν
3881 5606 3946 5653 οὐ

2379 5688 2559 5742 πάντα
2605 5689 3012 5760 καταλέξομεν,
3055 5692 3265 5761 ὅσαπερ
3313 5693 3505 5759 ἐκείνῳ
3563 5691 3945 5762 διεπράττετο.

2382 5782 2596 5847 ’Ὠσπερ
2635 5782 2743 5850 γάρ
2794 5782 2855 5834 τὸ
2908 5784 3141 5853 μέγεθος
3187 5783 3297 5836 τῶν
3350 5785 3498 5851 αὐτῷ
3535 5787 3945 5855 πεπραγμένων

2382 5875 2556 5944 εἴργει
2605 5876 2742 5946 πρὸς
2794 5876 3024 5932 ἕκαστον
3077 5876 3505 5942 ἐπεκτείνεσθαι,
3552 5876 3696 5931 οὕτω
3754 5882 3847 5931 καὶ
3883 5882 3948 5931 τὸ
