4208 6444
196 460 296 523 197

928 444 1325 509 TllEODORI
1358 438 1715 505 DESPOTzE
1787 438 2184 517 LAUDATIO
2208 440 2619 501 FUNEBRIS.

3325 442 3425 508 l98

191 576 397 640 πλῆθος
426 571 489 623 οὐ
522 566 794 636 συγχωρεῖ
814 562 1219 631 διαζωγραφεῖν
1250 559 1379 625 ἑξῆς
1412 557 1653 640 ἅπαντα.
1676 552 1747 605 Οὐ
1780 573 1827 615 Α
1854 551 2069 621 singuli:

1820 551 2089 621 ,singulis
2112 552 2234 619 ejus
2286 553 2446 606 rebus
2478 553 2801 607 enarrandis
2851 565 3050 612 memet
3110 561 3425 627 extendam,

192 638 306 732 γὰρ
363 659 706 729 εὐαρίθμητα
748 655 984 712 πάντως.
1036 649 1206 719 Οἶμαι
1259 649 1314 701 δὲ
1374 656 1448 716 μη
1494 654 1557 697 ἐν
1610 638 1753 696 εἶναι

192 755 355 805 τουτο
423 750 558 817 πρὸς
602 745 841 814 γνώμην
884 745 1037 809 ὑμῖν,
1068 743 1212 807 λέγω
1267 740 1329 790 τὸ
1374 738 1448 807 μὴ
1502 736 1752 788 τάκείνου

194 846 377 896 πάντα
403 842 681 907 διεξιέναι.
704 836 1059 904 Ἑπιθυμεῖτε
1084 833 1191 901 γὰρ
1218 832 1364 891 ἰδεῖν,
1403 825 1462 881 εὖ
1493 823 1609 879 οἴδα
1631 825 1755 878 τι.ιῦ-

197 950 261 985 το
310 935 404 985 καὶ
434 932 578 983 πάνυ
605 929 930 993 πέπεισμαι,
962 924 1153 988 ὥσπερ
1192 920 1338 981 τινὲς
1365 920 1422 971 ἐν
1452 916 1639 968 πίνακι
1665 932 1757 983 γε-

194 1023 526 1097 γραμμένας
580 1020 679 1081 τὰς
733 1018 841 1070 τῶν
900 1015 1197 1085 ἐρωμένων
1232 1012 1469 1072 εἰκόνας,
1502 1012 1591 1061 τὸν
1647 1008 1759 1077 βίον

194 1116 379 1168 πάντα
399 1112 552 1166 τοῦδε
591 1109 839 1177 τάνδρὸς,
871 1107 944 1168 ὡς
970 1106 1092 1157 ὅλον
1120 1103 1251 1156 ὅντα
1278 1102 1556 1171 θαύματος
1582 1100 1754 1164 ἄξιον.

192 1209 433 1274 Δόξομεν
464 1203 511 1256 δ’
538 1204 673 1263 ῐσως
701 1200 799 1253 καὶ
822 1198 1033 1251 ἀδικεῖν
1058 1197 1149 1247 τὸν
1182 1195 1291 1248 τῶν
1322 1194 1501 1262 ἔργων
1531 1191 1758 1262 ἁρχιτέο

194 1316 387 1360 κτονα,
411 1298 459 1349 εί
486 1296 562 1365 μὴ
588 1294 649 1347 τὸ
672 1294 781 1346 πᾶν
805 1288 1118 1358 ἐξείποῑμεν
1142 1286 1407 1357 ἀκριϐῶς,
1425 1287 1548 1338 ὅσον
1566 1284 1761 1352 ἐκείνῳ

195 1390 585 1456 κατείργαστο.
631 1382 775 1452 Ἐγὼ
799 1384 844 1436 δ’
874 1383 1002 1451 ὑμῖν
1031 1379 1361 1449 συμφωνῶν,
1391 1378 1494 1430 δσα
1528 1392 1603 1443 γε
1624 1376 1763 1442 πρὸς

199 1480 365 1547 μόνον
412 1478 473 1530 τὸ
523 1476 721 1537 θέλειν,
786 1471 907 1527 εἶτα
962 1470 1372 1541 παραιτήσομαι
1424 1468 1511 1520 διὰ
1562 1467 1623 1519 τὸ
1667 1464 1762 1519 τοῦ

196 1572 529 1640 πράγματος
562 1567 895 1638 πρόσαντες,
930 1567 977 1616 εί
1017 1565 1092 1633 μὴ
1149 1562 1419 1629 δυναίμην
1450 1558 1764 1611 ἀκολουθεῖν

194 1666 265 1731 τῇ
300 1662 539 1729 θελήσει.
576 1642 724 1729 Νικᾷ
763 1660 874 1727 γὰρ
917 1654 1185 1724 δήπουθεν
1226 1652 1466 1721 ἀτεχνῶς
1496 1651 1557 1703 τό
1590 1650 1764 1718 παρὸν

197 1757 514 1823 ἐγχείρημα
535 1754 636 1821 τὴν
663 1752 941 1820 ἡμετέραν
961 1748 1134 1817 ἰσχὺν,
1172 1744 1335 1798 οὖσάν
1357 1760 1421 1811 γε
1440 1746 1532 1797 καὶ
1556 1742 1773 1795 οἴκοθεν.

198 1848 435 1916 ἀδρανῆ,
463 1845 559 1897 καὶ
580 1843 741 1894 πλέον
768 1826 1063 1908 γινομένην
1095 1837 1340 1905 ἐξίτηλον
1363 1835 1439 1903 τῷ
1463 1834 1556 1887 τοῦ
1603 1834 1764 1901 λόγου

1812 660 1813 663 η
1861 642 1942 694 sic
1998 656 2095 695 nec
2150 646 2432 709 permittor
2482 658 2577 711 per
2636 644 3063 713 multitudinem,
3116 663 3175 704 ut
3232 652 3427 707 ordine

1861 734 2044 786 omnia
2083 733 2352 786 delineem
2387 736 2829 804 adscribamque.
2859 736 3140 805 Necenim
3167 758 3427 799 numerus

1860 823 2016 877 facile
2049 824 2172 876 iniri
2201 833 2401 892 potest.
2440 824 2763 893 Quanquam
2795 840 2923 897 puto
2953 831 3093 884 haud
3126 832 3276 886 vobis
3306 850 3429 903 gra-

1862 925 1976 970 tum
2014 916 2132 970 fore
2165 925 2245 979 nt,
2287 919 2533 985 inquam,
2584 906 2690 971 non
2728 922 2848 988 ejus
2888 938 2977 976 res
3007 939 3198 979 omnes
3246 935 3426 995 gestas

1859 1011 2175 1064 edisseram.
2207 1009 2536 1065 Desideratis
2562 1014 2729 1073 enim.
2766 1018 2931 1081 probe
2954 1020 3077 1070 nnvi
3120 1034 3184 1072 ac
3218 1030 3425 1072 certum

1863 1100 2057 1163 habeo.
2084 1117 2181 1169 pro
2207 1117 2391 1155 eorum
2423 1102 2651 1167 ratione,
2678 1106 2770 1171 qui
2796 1119 3043 1161 amantes
3085 1125 3135 1160 ιιι
3193 1110 3427 1178 imagine

1866 1192 2337 1260 depiCtaseorum
2358 1208 2493 1261 quos
2526 1205 2711 1247 amant
2744 1235 2759 1261 ,
2820 1195 3089 1265 imagines
3137 1198 3417 1267 impendio

1863 1286 2050 1338 videre
2071 1294 2279 1349 aventi,
2306 1295 2365 1339 ut
2388 1299 2439 1340 et
2461 1288 2564 1354 ipsi
2597 1298 2763 1341 totam
2791 1290 3019 1345 videatis
3038 1291 3137 1344 viri
3166 1292 3425 1361 prtescip-

1864 1381 1974 1425 tam
2002 1372 2194 1437 vitam,
2229 1388 2352 1441 quae
2377 1382 2490 1428 tota
2525 1378 2949 1433 admirationem
2986 1381 3202 1435 habeat.
3233 1381 3337 1436 Sed
3370 1394 3425 1436 et

1866 1464 2007 1517 forte
2059 1464 2293 1534 principi
2360 1482 2539 1521 rerum
2594 1470 2775 1537 opiﬁci
2839 1471 3123 1526 videamur
3172 1473 3426 1543 injuriam

1866 1552 2065 1617 facere,
2093 1555 2198 1610 nisi
2242 1571 2329 1610 res
2365 1557 2486 1626 ejus
2542 1568 2683 1613 totas
2735 1570 2990 1617 accurate
3040 1558 3426 1618 edisseramus.

1866 1642 2131 1713 Equidem
2163 1646 2277 1700 sola
2303 1646 2457 1701 vobis
2486 1650 2763 1703 voluntate
2813 1667 3010 1722 gerens
3034 1668 3264 1719 morem,
3290 1670 3430 1724 opus

1872 1728 2226 1805 postmodum
2263 1749 2489 1807 propter
2508 1741 2586 1794 rei
2610 1744 2836 1797 arduam
2866 1745 3201 1800 molitionem
3227 1748 3436 1801 detrec-

1870 1830 2020 1893 tabo,
2041 1829 2131 1897 qui
2152 1829 2480 1884 voluntatem
2500 1833 2761 1886 assectari
2787 1849 3067 1901 nequeam.
3092 1837 3266 1891 Vincit
3286 1839 3429 1893 enim

201 1899 473 2005 alvum-rt.
518 1931 727 1985 Οὐκοῦν
754 1899 818 1982 ἐκ
863 1899 972 1981 τῶν
1014 1899 1311 1991 πολλῶντςτε
1339 1899 1433 1977 καλ.
1460 1924 1640 1977 καλῶν
1671 1899 1764 1975 καὶ
1796 1899 1837 1951 Β
1865 1917 2069 1987 liquido

1820 1900 1837 1951 ἶ
1865 1917 2071 1987 liquido
2095 1928 2238 1974 tanta
2276 1921 2444 1977 moles
2476 1934 2714 1978 nostram
2741 1899 3017 1990 virtutem,
3035 1942 3154 1996 qum
3172 1929 3300 1983 olim
3327 1947 3354 1983 a
3373 1946 3433 1985 se

205 2026 485 2093 μεγάλων,
522 2024 685 2077 ἅτινα
733 2022 932 2082 πάντες
994 2018 1192 2085 ἐκείνῳ
1248 2016 1466 2068 σύνιστε
1517 2031 1767 2083 πεπραγ-

206 2118 370 2186 μένα,
398 2116 455 2177 ὃς
484 2116 593 2182 πρὸ
639 2112 838 2182 μικροῦ
869 2110 988 2179 μεθ’
1017 2108 1171 2178 ἡμῶν
1205 2104 1273 2179 ἦν
1320 2108 1436 2159 νυνὶ
1463 2106 1518 2158 δὲ
1544 2106 1762 2173 γέγονε·

200 2205 312 2271 φεῦ
332 2206 347 2258 l
368 2204 533 2255 τῶνδε
566 2202 676 2253 τῶν
708 2200 922 2269 θρήνων
946 2196 1391 2263 ὑπόθεσις,όλίγα
1422 2194 1649 2263 λέξομεν
1667 2195 1766 2264 ἤδη

202 2299 302 2349 καί
338 2296 459 2348 κατ’
507 2293 801 2362 ἐπιτομὴν,
835 2291 1023 2359 ῶσπερ
1074 2288 1311 2358 εἴρηται.
1340 2286 1577 2340 Τοιαῦτα
1635 2287 1767 2355 μέν·

202 2406 291 2441 τοι
332 2404 396 2453 γε
435 2385 675 2447 πάντως,
726 2379 817 2437 οἷά
862 2399 965 2451 περ
1024 2380 1189 2443 δείξει
1247 2380 1337 2431 τὶν
1397 2380 1770 2449 ἐργασάμενον

205 2479 387 2549 ἁληθῆ
416 2477 630 2546 καρπὸν
654 2476 784 2527 δντα
808 2476 875 2543 τῇ
910 2474 1065 2541 κοινῇ
1093 2470 1264 2539 ταύτῃ
1310 2470 1495 2536 φύσει,
1528 2469 1620 2521 καί
1650 2482 1773 2520 τινα

202 2569 529 2639 φιλοτιμίαν
559 2566 859 2633 ἐξαίρετον.
893 2565 965 2616 Οὐ
989 2564 1169 2615 τοίνυν
1190 2562 1271 2630 τῷ
1308 2560 1383 2629 μὴ
1417 2560 1597 2613 πάντα
1628 2558 1770 2611 κατὰ

205 2662 379 2731 μέρος
409 2659 662 2724 διεξιέναι
709 2657 991 2727 νομιστέον
1030 2656 1161 2724 ἡμῖν
1206 2654 1273 2706 ἂν
1320 2652 1405 2719 εἴη
1470 2651 1563 2744 τὸν
1605 2651 1772 2744 άνδρα

201 2752 398 2803 τοῦτον
420 2743 641 2801 ἔλαττον
683 2749 908 2816 σχήσειν
933 2750 1011 2807 εις
1044 2744 1311 2809 εὐδοξίαν.
1346 2745 1418 2795 Τὸ
1444 2743 1549 2812 γὰρ
1582 2743 1770 2811 περιὸν

203 2841 421 2893 ἐκείνου
451 2839 550 2907 τῆς
577 2838 777 2907 ἀρετῆς
806 2836 866 2888 τὸ
900 2837 1170 2905 ἡμέτερον
1212 2834 1387 2887 ἐνδέον
1444 2832 1773 2902 ἀναπληρώ-

207 2949 322 2984 σει.
370 2928 624 2999 ’Δρκέσει
670 2931 778 2996 γὰρ
810 2926 869 2979 τὸ
901 2928 1009 2979 πᾶν
1040 2925 1447 2994 ἐξεργάσασθαι
1505 2924 1599 2978 καὶ
1643 2926 1772 2976 ἐκα-

208 3042 341 3077 στον
372 3023 482 3075 τῶν
508 3021 685 3091 ἔργων
716 3020 824 3071 τῶν
873 3017 1061 3083 αὐτοῦ,
1095 3019 1187 3080 ῶςκ
1202 3018 1367 3087 μηδὲν
1391 3015 1451 3069 ὃν
1482 3018 1593 3067 τῶν
1628 3014 1776 3083 αὐτῷ

207 3114 643 3185 πεπραγμένων,
673 3112 701 3164 δ
734 3110 811 3182 μὴ
867 3111 1139 3179 μεγίστων
1166 3109 1455 3178 εὐφημιῶν
1503 3109 1651 3172 ἄξιον
1677 3124 1691 3139 ·
1728 3109 1776 3159 εἰ

1868 2009 2082 2075 debilis,
2101 2012 2168 2064 ab
2189 2013 2454 2069 orationis
2487 2028 2630 2067 nunc
2670 2016 3077 2084 specie,multis
3098 2022 3271 2075 evasit
3309 2023 3430 2075 exi-

1868 2100 1991 2154 lior.
2017 2102 2096 2156 Ex
2129 2105 2314 2158 multis
2361 2122 2510 2173 ergo,
2535 2105 2711 2175 iisque
2761 2110 3037 2177 praeclaris
3085 2126 3148 2165 ac
3197 2116 3427 2182 magnis,

1870 2205 2102 2257 quorum
2129 2201 2404 2260 gestorum
2441 2197 2645 2250 conscii
2668 2200 2800 2252 estis
2819 2200 2931 2253 viro
2954 2217 3127 2269 nuper
3148 2205 3429 2260 nobiscum

1872 2280 2189 2347 exsistenti;
2214 2285 2415 2354 quique
2436 2301 2578 2340 nunc
2597 2287 2699 2355 [uit
2717 2287 2817 2342 heu
2843 2291 2855 2342 Ξ
2884 2293 3038 2347 triste
3055 2304 3431 2363 argumentum

1873 2372 2185 2438 planctuum
2210 2376 2223 2428 ί
2261 2391 2435 2445 pauca
2483 2378 2731 2447 quaedam
2763 2397 2826 2435 ac
2850 2387 3190 2451 compendio,
3220 2388 3305 2441 uti
3335 2401 3431 2443 su-

1879 2478 1997 2517 mus
2017 2464 2502 2534 praefati,dicemus
2530 2485 2625 2524 :ea
2646 2479 2824 2526 tamen
2853 2474 3099 2542 omnino,
3119 2478 3313 2545 quibus
3345 2482 3435 2549 qui

1874 2556 2063 2622 gessit,
2098 2571 2259 2611 verus
2283 2560 2468 2627 generi
2498 2573 2797 2616 concessus
2827 2562 3064 2628 fructus,
3126 2568 3438 2635 eximiaque

1874 2646 2120 2713 quaedam
2177 2664 2241 2703 ac
2306 2651 2592 2710 ambitiosa
2654 2652 2891 2723 largitio,
2936 2660 3193 2724 cognosci
3246 2662 3436 2727 possit.

1874 2734 2043 2790 Nemo
2061 2739 2246 2808 igitur,
2273 2742 2415 2810 quod
2444 2744 2595 2811 plura
2618 2744 2950 2812 omittamus,
2979 2749 3153 2802 minus
3177 2751 3350 2805 virum
3372 2751 3437 2804 ad

1876 2829 2244 2885 celebritatem
2274 2834 2506 2888 nominis
2550 2835 2862 2890 habiturum
2888 2848 3056 2906 putet.
3082 2839 3210 2908 Ejus
3240 2843 3438 2911 quippe

1878 2920 2151 2975 luculenta
2188 2937 2251 2976 ac
2299 2924 2571 2978 excellens
2596 2928 2787 2981 virtus
2826 2938 3066 2983 nostram
3099 2932 3312 2986 abunde
3341 2934 3440 2985 im-

1877 3013 2046 3081 plebit
2071 3013 2335 3082 inopiam.
2375 3014 2602 3083 Singula
2634 3018 2777 3071 enim
2828 3020 2945 3089 ejus
2984 3028 3260 3090 gestorum
3303 3039 3436 3078 con-

1881 3104 2105 3155 fecerint
2131 3110 2321 3166 totani,
2355 3118 2589 3171 quorum
2622 3121 2691 3159 ne
2718 3122 2857 3162 unus
2875 3120 2960 3162 est
2994 3126 3100 3164 non
3127 3114 3415 3167 maximam

208 3208 287 3276 μή
321 3223 405 3267 τις
433 3203 811 3274 μειρακιωδῶς
849 3201 1010 3272 ἔχων,
1038 3200 1098 3264 ἐξ
1125 3198 1391 3269 ἐπιπολῆς
1416 3218 1468 3252 τι
1495 3200 1774 3293 θεάσαιτο.
1803 3236 1846 3293 c
1880 3192 2069 3293 haben:

1820 3236 1844 3257 η
1880 3192 2088 3247 habens
2164 3194 2392 3263 gloriam
2432 3194 2578 3249 :nisi
2636 3198 2761 3266 quis
2823 3213 3109 3268 puerorum
3164 3218 3314 3255 more
3372 3219 3437 3258 ex

1820 3271 1846 3293 sl
1947 3285 1957 3293 .
2473 3287 2491 3293 -
2558 3289 2567 3293 -
2700 3289 2729 3293 -.
3054 3292 3062 3293 ,
3248 3292 3253 3293 ,

208 3296 453 3349 Κάκεῖνο
484 3294 530 3346 δ’
558 3293 627 3345 ἂν
676 3291 916 3359 εἴποιμι,
951 3291 1034 3341 ὅτι
1064 3287 1326 3350 πολλάκις
1374 3288 1481 3338 κάκ
1510 3286 1620 3337 τῶν
1645 3302 1769 3351 σμι-

206 3386 363 3455 κρῶν
397 3384 494 3437 καὶ
529 3381 919 3449 ἁπλουστέρων
951 3375 1090 3431 εἶναι
1124 3376 1448 3440 δοκούντων,
1490 3375 1541 3427 εί
1567 3376 1630 3441 γέ
1658 3377 1775 3427 ἐστι

206 3476 430 3540 καίρια,
454 3474 553 3542 οὐχ
588 3467 752 3543 ἦττον
778 3472 944 3538 φύσις
972 3468 1303 3538 γνωρίζεται
1334 3468 1364 3537 ἢ
1398 3470 1463 3519 ἐκ
1508 3465 1618 3518 τῶν
1650 3465 1778 3517 πολ-

206 3566 329 3619 λῶν
356 3566 448 3617 καὶ
481 3562 843 3616 παντοδαπῶν
874 3559 1075 3630 ἔργων,
1105 3558 1301 3627 ῥυθμῷ
1324 3560 1417 3625 καὶ
1450 3557 1600 3620 τάξει
1624 3557 1779 3627 δεδη-

206 3655 506 3723 λωμένων.
551 3653 708 3719 Λέγω
737 3651 792 3704 δέ
836 3650 1047 3718 καίρια,
1080 3650 1182 3702 ὅσα
1232 3649 1335 3716 πέρ
1363 3649 1478 3699 ἐστι
1504 3645 1779 3715 δηλωτικὰ

210 3744 470 3813 φυσικῶν
528 3742 859 3811 ἰδιωμάτων,
888 3740 957 3792 δι’
986 3740 1022 3791 ἆ.
1068 3756 1152 3800 τις
1200 3737 1311 3806 ἔχει
1342 3738 1521 3807 ψυχὴν
1552 3736 1775 3799 ειδέναι,

208 3834 435 3902 ἐρῶσαν
467 3832 679 3899 ἀγαθὴν
711 3827 870 3883 εῐναι.
897 3830 1065 3881 Ὅθεν
1098 3829 1393 3896 ἀνθέξομαι
1424 3827 1524 3896 τῆς
1555 3827 1777 3897 βουλῆς,

206 3926 378 3991 ὀλίγα
405 3926 508 3975 τῶν
532 3922 743 3974 ἐκείνου
770 3921 1003 3988 διεξιὼν,
1038 3920 1133 3972 καὶ
1164 3919 1418 3982 συνελὼν,
1455 3919 1530 3981 ὡς
1560 3912 1671 3969 οἷόν
1696 3934 1777 3970 τε.

303 4193 541 4255 Ἐκεῖνος
576 4192 777 4255 τοίνυν,
803 4185 847 4243 ὦ
873 4190 1087 4259 ἄνδρες,
1119 4193 1147 4243 ὁ
1174 4194 1357 4244 πᾶσαν
1384 4192 1633 4259 γλῶτταν
1665 4207 1785 4242 πει-

213 4282 481 4353 ρωμένην
522 4280 684 4332 αὐτὸν
737 4282 984 4332 ἐπαινεῖν
1032 4280 1163 4332 εἴσω
1198 4280 1504 4333 πίπτουσαν
1548 4281 1785 4347 ἀποφαί-

211 4391 351 4431 νων,
407 4372 501 4421 καὶ
536 4368 742 4437 περιὼν
790 4369 894 4433 ἔτι,
922 4369 1015 4420 καὶ
1068 4370 1343 4437 μεταστὰς
1389 4368 1515 4437 ἤδη,
1540 4370 1669 4431 παῖς
1709 4368 1785 4420 ὣν

212 4462 437 4532 ἀρίστῳ
492 4459 718 4528 βασιλεῖ,
770 4458 902 4510 πολύ
933 4474 984 4509 τι
1028 4460 1141 4518 τοῖς
1178 4459 1317 4510 υίέσι
1366 4457 1634 4510 δεικνύντι
1667 4460 1787 4525 φίλ-

213 4571 376 4622 τρον,
410 4552 598 4618 ὥσπερ
628 4548 1008 4617 ἁμιλλώμενος
1038 4545 1105 4617 ἦν
1134 4550 1305 4618 αὐτῷ,
1333 4550 1593 4619 μηδαμῶς
1627 4553 1705 4611 εἰς
1725 4552 1788 4603 τὸ

219 4649 433 4711 φιλεῖν,
464 4645 702 4695 κατόπιν
738 4642 903 4693 αὑτοῦ
938 4641 1247 4710 λειφθῆναι.
1293 4642 1455 4694 Ὅθεν
1496 4642 1790 4710 θαυμάζων

215 4740 321 4787 καὶ
358 4735 528 4800 φιλῶν
558 4735 721 4803 εἴπερ
755 4749 838 4794 τις
865 4732 1023 4793 ἄλλος
1058 4732 1435 4801 Ἀλέξανδρον,
1472 4732 1649 4785 πάντα
1694 4735 1792 4801 μὲν

218 4825 401 4892 ἡδέως
426 4825 493 4874 τὰ
520 4823 727 4874 ἐκείνου
761 4824 852 4873 καὶ
906 4821 1121 4874 ἀκούων
1150 4818 1239 4890 ἦν,
1280 4824 1373 4873 καὶ
1411 4822 1605 4888 λέγων,
1642 4822 1793 4875 ὁπότ’

214 4916 357 4981 ἐξῆν
382 4930 394 4943 ·
428 4913 485 4966 τὸ
521 4914 598 4975 δέ,
646 4912 739 4964 τοῦ
769 4913 978 4983 πατρὸς
1005 4912 1277 4965 Φιλίππου
1308 4916 1443 4981 πρὸς
1472 4915 1635 4965 αὐτόν
1658 4931 1790 4967 ποτε

219 5005 523 5073 εἰρηκότος
556 5044 570 5067 ,
610 5004 754 5055 Φιλῶ
804 5019 863 5054 σε
914 5004 1137 5071 σφόδρα,
1170 4998 1213 5054 ῶ
1261 5006 1380 5067 παῖ,
1418 5008 1508 5055 τιν
1541 5006 1793 5069 Ἀλέξαν-

214 5100 357 5167 δρον
406 5098 602 5159 εἰπεῖν,
636 5095 804 5162 Κάγὼ
857 5096 993 5162 φιλῶ
1047 5114 1104 5148 σε
1138 5098 1241 5151 τὸν,
1265 5096 1503 5164 ἐμαυτοῦ
1534 5098 1746 5165 πατέρα
1774 5112 1787 5127 ⁸

216 5190 391 5241 τοῦτο
418 5189 473 5240 δὲ
514 5192 720 5240 ἐκεῖνον
749 5187 910 5251 ἀξίως
942 5187 1137 5240 ἐαυτοῦ
1167 5192 1332 5254 φάναι
1367 5186 1606 5239 τοιοῦτον
1640 5188 1790 5252 ὂντα,

215 5280 338 5332 οὐδ’
370 5279 670 5331 ὁπωστιοῦν
715 5280 920 5348 ἡγεῖτο,
973 5280 1091 5331 οὐδὲ
1144 5280 1341 5349 ῥαδίως
1394 5278 1627 5346 ἔφερεν·
1676 5278 1794 5332 ἀλλ’

217 5369 501 5440 ὴσχύνετο
525 5371 611 5422 διὰ
638 5370 738 5439 τὴν
768 5372 900 5440 πρὸς
926 5371 1014 5421 τὸν
1040 5371 1207 5439 ἄνδρα
1239 5370 1452 5439 φιλίαν·
1489 5372 1551 5422 οὐ
1593 5373 1702 5440 γὰρ
1729 5371 1795 5424 ἂν

218 5461 684 5531 παραιτήσασθαι
730 5462 820 5513 τὸν
855 5460 1202 5529 Ἀλέξανδρον
1236 5462 1339 5514 ὑπὸ
1368 5461 1461 5514 τοῦ
1509 5462 1794 5515 διαϐαλλό-

223 5570 419 5622 μενον,
453 5552 533 5621 τῷ
557 5568 619 5618 γε
659 5552 1123 5621 ἀπολογήσασθαι,
1153 5553 1227 5614 ὡς
1254 5554 1349 5605 οὐκ
1381 5554 1627 5605 ἑδούλετο
1666 5555 1796 5619 ψεύ-

223 5643 457 5707 σασθαι,
491 5642 679 5713 ῶσπερ
709 5644 809 5695 οὐκ
858 5645 994 5708 ἐνὸν,
1027 5644 1123 5712 τὴν
1168 5646 1261 5697 τοῦ
1313 5647 1514 5715 πατρὸς
1551 5647 1792 5715 ἀγάπην,

219 5738 330 5805 τῆς
380 5735 492 5787 τῶν
548 5735 824 5803 φιλτάτων
875 5736 1197 5804 προτιθέντα
1226 5776 1239 5798 ,
1275 5739 1444 5805 Κάγώ
1486 5755 1566 5801 σε,
1598 5741 1790 5808 πάτερ,

221 5826 432 5892 εἰπεῖν,
452 5825 613 5895 φιλῶ,
645 5827 737 5879 καὶ
762 5827 974 5898 φιλήσω
998 5844 1057 5897 γε
1081 5830 1186 5891 ἀεὶ,
1216 5832 1306 5881 καὶ
1325 5831 1383 5883 οὐ
1410 5834 1793 5900 παραχωρὴσω

1878 3285 1995 3337 sola
2039 3300 2147 3339 rem
2189 3297 2419 3339 externa
2466 3287 2604 3340 facie
2629 3289 2759 3342 velit
2808 3292 3182 3357 spectandam.
3238 3292 3342 3348 Sed
3382 3305 3436 3350 et

1881 3377 1931 3427 id
1956 3372 2298 3440 al'linnariin,
2336 3394 2399 3431 ex
2431 3378 2496 3431 iis
2525 3394 2742 3449 quoque
2773 3396 2892 3450 qua:
2946 3385 3155 3438 modica
3186 3400 3251 3441 ac
3303 3388 3438 3441 sim-

1880 3470 2105 3537 pliciora
2131 3469 2403 3533 videntur,
2430 3469 2560 3523 dum
2590 3482 2768 3526 tamen
2797 3474 2886 3526 illa
2920 3484 3066 3527 certa
3097 3475 3286 3531 sintac
3312 3493 3438 3546 pro-

1883 3561 2019 3629 pria,
2054 3560 2189 3612 nihil
2224 3577 2364 3629 saepe
2388 3563 2570 3616 minus
2598 3566 2851 3632 cognosci
2885 3575 3154 3632 naturam,
3193 3584 3354 3638 quam
3385 3583 3445 3625 ut

1881 3651 2049 3704 multa
2078 3653 2197 3718 quis
2229 3668 2294 3706 ac
2317 3656 2493 3706 omnis
2522 3656 2737 3722 generis
2809 3672 2973 3725 opera
3008 3657 3199 3711 ordine
3234 3660 3439 3726 produ-

1882 3749 1991 3795 cat.
2018 3743 2179 3795 Certa
2209 3745 2332 3796 dico
2364 3758 2428 3797 ac
2460 3744 2705 3812 propria,
2729 3747 2773 3798 si
2816 3761 2921 3815 qua
2946 3748 3310 3815 proprietates
3339 3764 3440 3802 na-

1882 3842 2021 3885 turae
2059 3835 2194 3886 satis
2218 3834 2480 3895 indicant.
2514 3849 2577 3887 ac
2610 3835 2808 3903 quibus
2834 3852 2932 3889 ceu
2980 3838 3300 3892 charactere
3353 3843 3439 3892 in-

1884 3924 2152 3991 signiatur
2189 3926 2405 3978 animus
2440 3926 2565 3977 boni
2616 3923 2829 3981 aman's.
2885 3926 2992 3981 Pro
3031 3930 3251 3982 consilii
3310 3944 3441 3998 ergo

1882 4016 2092 4069 ratione
2144 4031 2313 4082 pauca
2337 4017 2582 4084 quzedam
2610 4033 2674 4070 ac
2704 4021 3023 4088 compendio
3047 4060 3061 4085 ,
3110 4034 3169 4075 ut
3214 4022 3439 4086 licuerit,

1882 4106 2197 4161 edisseram.

1958 4199 2052 4251 Ille
2105 4200 2289 4267 igitur,
2337 4200 2635 4261 auditores,
2704 4203 2858 4275 cujus
2891 4217 2978 4256 res
3032 4203 3306 4271 praeclarae
3349 4205 3443 4257 lin-

1889 4300 2047 4355 guam
2101 4302 2319 4342 onmem
2349 4289 2572 4344 laudare
2610 4291 2914 4345 studentem
2962 4293 3197 4348 debilem
3227 4294 3448 4361 faciant,

1889 4390 1953 4430 ac
1982 4376 2381 4445 obtorpentem,
2426 4379 2541 4433 sive
2565 4394 2689 4433 cum
2737 4380 2915 4436 adhuc
2949 4395 3224 4452 superstes
3281 4399 3440 4453 esset,

1891 4466 2005 4519 sive
2037 4468 2197 4520 modo
2243 4484 2366 4520 cum
2414 4469 2710 4525 defunctus
2766 4483 2891 4527 est:
2930 4489 3054 4528 cum
3110 4476 3441 4545 imperatoris

1818 4579 1869 4638 ι)
1896 4559 2110 4626 Optimi,
2137 4559 2468 4628 multamque
2492 4564 2695 4616 amoris
2710 4563 2815 4616 vim
2841 4564 2895 4617 in
2915 4578 3071 4621 natos
3087 4571 3450 4635 ostendentis,

1893 4650 2075 4718 proles
2106 4663 2273 4715 esset,
2311 4652 2534 4705 omnino
2591 4654 2898 4708 enitebatur
2950 4672 3015 4710 ac
3067 4661 3450 4722 contendebat.

1830 4790 1833 4793 λ
1897 4751 1955 4794 ιιι
1987 4756 2055 4794 ne
2103 4743 2399 4810 quidquam
2424 4758 2610 4797 amore
2638 4746 2872 4799 cederet.
2904 4746 3265 4812 Quamobrem
3327 4769 3449 4807 cum

1893 4834 2276 4900 admiraretur,
2313 4850 2376 4889 ac
2408 4836 2450 4889 si
2484 4836 2605 4905 quis
2642 4837 2803 4900 alius,
2839 4841 3449 4909 amaretAlexandrum,

1895 4927 2119 4994 ejusque
2148 4927 2339 4981 lubens
2367 4929 2571 4990 omnia,
2626 4939 2891 4998 quantum
2946 4931 3154 4995 liceret,
3209 4936 3446 5001 audiret,

1896 5020 2206 5086 diceretque
2244 5036 2259 5083 ;
2311 5019 2439 5072 illud
2476 5030 2681 5085 tamen,
2717 5033 2771 5074 ut
2797 5038 2919 5076 cum
2964 5022 3247 5093 Philippus
3293 5040 3448 5095 pater

1896 5108 2219 5173 quandoque
2262 5106 2487 5160 dixisset
2522 5124 2535 5161 :
2595 5106 2705 5178 Ego
2725 5120 2772 5162 te
2816 5111 2899 5178 ﬁli
2934 5127 3074 5175 amo.
3111 5118 3450 5183 responderit

1897 5197 1985 5250 ille
2012 5216 2022 5250 :
2060 5195 2171 5266 Ego
2208 5214 2408 5266 quosue
2435 5210 2482 5252 te
2531 5217 2649 5253 amo
2675 5218 2843 5255 meum
2878 5217 3078 5267 patrem
3102 5220 3122 5257 :
3148 5207 3289 5262 haud
3354 5210 3449 5263 illo

1895 5287 2057 5357 digne
2087 5290 2319 5354 dictum,
2357 5305 2477 5343 cum
2534 5302 2715 5346 tantus
2745 5304 2914 5360 esset,
2948 5297 3171 5351 omnino
3215 5300 3450 5354 arbitra-

1897 5380 2079 5445 batur,
2107 5396 2203 5435 nec
2226 5396 2413 5449 wquus
2453 5381 2661 5436 ferebat
2702 5402 2716 5449 ;
2761 5388 2889 5453 quin
2921 5387 3038 5456 ejus
3060 5402 3182 5442 cum
3217 5391 3451 5458 pudebat

1901 5487 1996 5539 pro
2030 5472 2133 5524 viri
2162 5475 2465 5526 reverentia
2497 5490 2510 5539 ;
2539 5474 2795 5527 nimirum
2834 5476 2923 5528 illo
2980 5490 3292 5546 accusante,
3343 5497 3450 5534 non

1901 5561 2232 5615 drtractessc
2259 5578 2356 5630 pro
2380 5564 2665 5617 mendacio
2695 5580 2982 5633 excusare,
3009 5578 3263 5638 tanquam
3284 5572 3451 5639 patris

1899 5653 2243 5707 dilectionem
2292 5657 3096 5725 praeliabenticliarissiniorum
3155 5665 3453 5725 amori.-ea

1899 5746 2059 5795 verba
2094 5745 2147 5797 in
2190 5755 2441 5813 promptu
2476 5761 2579 5799 non
2617 5745 2847 5801 fuissent
2876 5764 2889 5800 :
2921 5748 3027 5817 Ego
3050 5758 3097 5802 te
3114 5766 3336 5820 quoque,
3360 5770 3453 5821 pa-

1902 5847 2156 5899 ter,amo,
2187 5852 2397 5905 sumque
2418 5850 2617 5905 semper
2642 5849 2936 5905 amaturus,
2962 5857 3051 5893 uec
3083 5842 3236 5909 facile
3267 5860 3451 5896 aman-
