4208 6444
719 368 821 431 199

1902 367 2306 425 MANUELIS
2345 368 2800 428 PAL/EOLOGI

3877 371 3985 436 203

709 481 778 529 do
822 476 1064 545 superari
1108 477 1433 545 permittam,
1499 478 1589 546 qui
1634 478 1785 530 velim
1839 492 2098 547 prwstare
2142 481 2315 548 quod,

2421 500 2467 533 οι
2492 482 2690 553 ῥᾳδίως
2718 483 2827 534 τῶν
2857 484 3144 552 πρωτείων
3174 487 3232 539 ὲν
3254 485 3329 557 τῷ
3359 473 3558 555 φιλεῖν,
3588 486 3773 542 δίκαια
3805 490 3983 555 πράτο

707 572 794 627 ius
826 570 997 630 habet,
1020 580 1125 621 tum
1155 571 1277 638 quia
1305 587 1396 639 per
1430 582 1477 623 te
1506 574 1626 632 sint,
1646 584 1755 623 tum
1781 574 1905 641 quia
1933 590 2080 625 amer
2119 574 2291 641 pluri-

711 662 1010 729 mum,qnia
1046 661 1341 727 disciplinis
1377 664 1622 717 excultus
1658 681 1895 729 nmgnaa
1919 666 2290 733 teacceperim,

712 768 776 805 ac
809 752 1014 820 majora
1045 767 1243 818 sperem
1276 767 1638 821 accepturum.
1684 755 1776 809 Sic
1808 758 1993 825 itaque
2056 759 2293 813 habeth

710 848 777 900 ad
809 854 1043 915 patrem,
1081 862 1180 899 nec
1208 846 1507 915 quidquam
1560 848 1811 902 dissimili
1857 852 2068 903 ratione
2100 850 2294 905 habuit

710 939 776 991 ad
808 948 1057 991 matrem.
1085 938 1221 993 Cum
1269 941 1413 993 enim
1463 941 1527 993 ad
1558 956 1750 997 omnes
1794 943 2073 997 modestus
2122 953 2292 1007 esset,

712 1045 811 1083 nec
855 1031 1150 1099 quidquam
1184 1033 1555 1085 contentionis
1602 1050 1816 1099 amans,
1869 1040 2077 1091 amoris
2111 1045 2293 1093 tamen

710 1136 775 1174 ac
819 1122 1188 1175 beneficentia:
1243 1123 1486 1189 partibus
1554 1124 1844 1180 universos
1897 1129 2114 1182 vincere
2164 1144 2295 1183 con-

717 1214 978 1267 tendebat
1032 1232 1045 1279 ;
1088 1214 1383 1284 facilisque
1432 1218 1597 1270 vitam
1650 1220 1948 1285 amisisset,
2000 1230 2052 1273 ut
2089 1223 2295 1277 amoris

714 1307 821 1359 vim
858 1316 1118 1374 quantum
1148 1309 1392 1368 haberet.
1424 1311 1760 1365 ostenderet.
1795 1311 1931 1364 Cum
1956 1327 2085 1366 vero
2117 1314 2292 1366 multa

713 1414 775 1451 ac
806 1415 1001 1469 magna
1032 1412 1311 1469 superent,
1341 1403 1538 1471 quibus
1566 1404 1768 1471 possim
1795 1404 1869 1456 rei
1909 1404 2085 1459 facere
2112 1406 2293 1470 fidem,

715 1491 803 1545 ubi
840 1502 1024 1547 tamen
1080 1494 1316 1547 duorum
1372 1507 1581 1549 tantum
1633 1498 1954 1563 meminero,
2008 1514 2119 1552 rem
2160 1500 2298 1554 Satis

714 1585 1057 1641 confecero:
1132 1600 1453 1658 quanquam
1493 1600 1547 1643 et
1584 1589 1675 1643 illa
1738 1592 1928 1645 multis
1990 1592 2057 1646 de
2111 1594 2297 1648 causis

715 1694 834 1731 sum
863 1680 1192 1741 compendio
1220 1683 1467 1736 dicturus
1514 1700 1528 1747 ;

715 1785 900 1824 sermo
927 1770 999 1823 sit
1033 1771 1098 1823 ad
1131 1786 1227 1825 eos
1261 1771 1354 1841 qui
1388 1774 1659 1828 nesciant.

786 1861 1053 1932 Vigebant
1089 1865 1255 1930 mala,
1297 1866 1578 1935 tristisque
1611 1868 1768 1923 nobis
1809 1867 2027 1923 fortuna
2061 1871 2126 1925 ad
2156 1886 2303 1927 sum-

716 1972 863 2009 mum
918 1968 1267 2026 provexerat.
1316 1957 1431 2012 Jam
1501 1960 1769 2027 siquidem
1818 1971 1977 2028 capta
2032 1963 2166 2017 urbe
2200 1962 2301 2033 (l),

716 2066 814 2103 arx
849 2051 920 2104 ita
946 2050 1030 2103 vix
1067 2065 1171 2103 non
1196 2051 2023 2121 provorabatcapturoshustes,
2056 2071 2179 2107 cum
2201 2056 2305 2108 mi-

721 2148 800 2199 les
824 2144 1071 2197 Persicus
1092 2144 1262 2198 muris
1298 2145 1546 2198 haereret.
1574 2144 1794 2198 Interim
1825 2159 1955 2214 ergo
1981 2162 2039 2201 se
2076 2146 2185 2200 dux
2219 2162 2306 2200 sa-

722 2230 1004 2291 cramento
1037 2238 1352 2307 obstringit,
1408 2237 1757 2306 obstringunt
1786 2253 2005 2308 quoque.
2048 2242 2305 2311 prtecipui

720 2333 961 2403 pra-fecti
999 2333 1332 2401 tribunique,
1372 2331 1701 2386 incolumem
1742 2333 2071 2388 remissuros
2107 2336 2309 2404 inpro-

719 2425 986 2479 vinciam.
1019 2425 1149 2478 Erat
1181 2424 1293 2477 inec
1331 2424 1526 2476 civitas
1581 2422 1912 2477 Macedoniae
1970 2426 2309 2494 metropolis,

722 2531 788 2570 ac
840 2515 1185 2570 urbesaliae:
1257 2530 1491 2584 rumque
1535 2516 1670 2567 adeo
1708 2517 2046 2583 parentibus,
2116 2533 2313 2588 meque

726 2611 867 2679 ipso,
893 2624 955 2663 ac
987 2624 1223 2678 quorum
1256 2608 1322 2661 de
1352 2623 1420 2661 eo
1443 2608 1747 2662 deliberare
1788 2610 2069 2673 intererat,
2122 2625 2313 2665 assen-

725 2701 1011 2759 tientibus.
1039 2714 1129 2755 res
1160 2701 1211 2753 in
1243 2709 1495 2768 promptu
1521 2709 1684 2759 esset,
1732 2700 1900 2768 etrapit
1964 2703 2310 2769 postmodum

725 2801 934 2862 patrem
962 2790 1266 2859 pteuitere:
1325 2791 1400 2844 fui
1439 2806 1567 2846 vero
1617 2793 1733 2862 ipse
1768 2793 1821 2847 in
1861 2808 2049 2855 causa.
2099 2795 2314 2849 tametsi

729 2883 942 2937 nolens.
978 2879 1071 2935 Sic
1094 2896 1259 2952 porro
1280 2897 1370 2936 res
1402 2882 1612 2937 habuit.

802 3061 883 3116 Me
906 3071 1068 3131 caput
1094 3075 1158 3115 ac
1186 3059 1351 3130 pedes
1377 3059 1723 3114 vulneratum
1781 3062 1834 3116 in
1888 3076 1986 3117 sua
2028 3061 2117 3115 ille
2154 3075 2316 3116 exce-

2396 591 2511 626 τειν
2540 575 2740 626 ἐθέλων
2762 590 2775 605 ·
2823 576 2986 628 τοῦτο
3034 576 3156 643 μὲν,
3193 578 3253 629 τὸ
3290 574 3431 631 εἶναι
3460 580 3600 649 ἔχων
3650 582 3803 649 παρδὰ
3838 581 3939 633 σοῦ
3963 595 3979 609 ⁶

2394 668 2554 719 τοῦτο
2576 668 2654 733 δὲ,
2685 668 2747 719 τὸ
2792 669 2999 737 σφόδρα
3045 670 3323 737 φιλεῖσθαι
3342 687 3359 703 ο
3391 671 3551 724 τοῦτο
3578 673 3656 738 δὲ,
3679 675 3741 725 τὸ
3770 690 3985 726 πεπαι-

2395 754 2646 820 δεῦσθαι,
2673 758 2770 811 καί¹
2815 759 3075 826 μεγάλων
3121 760 3343 827 ἀγαθῶν
3385 762 3844 827 ἀπολελαυκέναι,
3880 767 3983 816 καὶ

2395 850 2693 920 ⁴Ιλλτιεικέναι
2723 851 2997 922 λήψεσθαι
3022 852 3219 923 μείζω.
3243 850 3373 923 Εἶχε
3410 856 3511 923 μὲν
3537 855 3710 919 οὕτως
3739 857 3893 925 αύτῷ
3911 858 3984 911 τὰ

2397 942 2534 1012 πρὸς
2578 943 2681 997 τὸν
2734 945 2985 1014 πατέρα⁶
3022 939 3136 1014 εἶχε
3168 946 3226 997 δὲ
3254 945 3319 998 αὖ
3351 948 3554 1014 ὁμοίως
3585 947 3678 1000 xal
3724 951 3793 1001 τὰ
3840 950 3984 1019 πρὸς

2395 1033 2494 1103 τὴν
2535 1036 2769 1104 μητέρα.
2807 1036 2903 1087 ’Ὧν
2952 1036 3063 1106 γὰρ
3116 1038 3254 1104 πρὸς
3302 1038 3518 1102 πάντας
3577 1041 3824 1109 μέτριος,
3881 1042 3983 1093 καὶ

2400 1125 2657 1195 μηδαμοῦ
2691 1126 2933 1197 δύσερις,
2968 1126 3113 1180 κατά
3152 1128 3214 1180 τὸ
3242 1128 3417 1197 φιλεῖν
3448 1133 3543 1182 καὶ
3584 1126 3645 1182 εὖ
3674 1133 3853 1185 ποιεῖν
3884 1134 3990 1185 καὶ

2396 1218 2733 1284 ἀποδιδόναι,
2763 1222 2985 1289 κρατεῖν
3008 1222 3264 1274 ἁπάντων
3294 1222 3620 1290 ὲφιλουείκει
3640 1239 3655 1254 ⁸
3684 1226 3777 1277 καὶ
3802 1226 3989 1296 ῥᾷστα

2397 1307 2463 1361 ἂν
2492 1308 2669 1377 ἀφῆκε
2708 1310 2801 1360 καὶ
2845 1308 2907 1360 τὸ
2936 1310 3060 1377 ζῇν,
3091 1308 3241 1372 ὅπως
3272 1309 3333 1361 τὸ
3374 1310 3600 1378 φίλτρον
3628 1310 3777 1375 ὅσον,
3807 1311 3988 1363 ἐνδεί-

2401 1399 2583 1466 ξηται.
2623 1399 2843 1452 Πολλῶν
2868 1400 2926 1452 δὲ
2957 1399 3130 1452 ὄντων
3164 1400 3446 1469 μεγάλων,
3476 1402 3547 1453 δι’
3576 1396 3651 1456 ὧν
3685 1403 3753 1456 ἂν
3788 1402 3986 1472 ἔχοιμι

2398 1493 2631 1560 τάληθὲς
2671 1491 2892 1562 δηλοῦν,
2925 1493 3073 1547 δυοῖν
3112 1510 3178 1562 γε
3235 1494 3400 1563 μόνον
3449 1495 3735 1565 μνησθεὶς,
3771 1496 3986 1549 αὐτίκα

2397 1585 2459 1638 τὸ
2513 1588 2622 1638 πᾶν
2681 1584 3059 1655 ἐπιδείξομαι·
3123 1586 3304 1639 καίτοι
3377 1588 3473 1639 καὶ
3515 1586 3688 1640 ταῦτα
3737 1587 3989 1642 συνελὼν

1581 1699 1705 1736 cum
1740 1699 1840 1738 nec
1899 1684 2105 1755 alioqui
2159 1685 2294 1741 mihi

2421 1677 2512 1747 μρῶ
2552 1676 2766 1729 πολλῶν
2808 1676 3013 1730 ἕνεκα*
3060 1679 3184 1730 ἐπεὶ
3228 1679 3323 1732 καὶ
3390 1678 3569 1743 ἄλλως
3618 1695 3684 1747 γε
3732 1679 3794 1733 ού
3846 1681 3989 1750 πρὶς

2401 1770 2737 1839 ἀγνοοῦντας
2758 1770 2895 1840 ἡμῖν
2924 1771 2953 1822 ὁ
2980 1770 3158 1836 λόγος.

2477 1860 2586 1917 Ἦν
2613 1865 2670 1916 ὲν
2702 1864 2857 1933 ακμῇ
2887 1861 2954 1914 τὰ
2983 1865 3155 1925 κακὰ,
3186 1862 3281 1916 καὶ
3310 1864 3379 1917 τά
3406 1864 3506 1933 τῆς
3534 1864 3830 1936 δυστυχίας
3852 1868 3989 1936 ἡμῖν

2406 1959 2462 2019 ἐς
2493 1956 2664 2024 ἄκρον
2693 1953 3019 2026 ἑληλακὸτα.
3052 1957 3165 2009 Kal
3193 1957 3374 2009 τοίνυν
3398 1958 3493 2010 τοῦ
3524 1959 3626 2028 μὲν
3655 1961 3853 2021 ἄστεος
3881 1961 3989 2029 ήδη

2406 2032 2853 2117 κατειλημμένου
2878 2088 2894 2112 ,
2934 2048 3034 2117 τῆς
3061 2048 3118 2101 δὲ
3155 2047 3506 2118 ἀκροπόλεως
3540 2055 3828 2121 μονονουχὶ
3849 2068 3990 2121 προ-

2406 2142 2752 2212 καλουμένης
2784 2140 2914 2204 τοῦς
2970 2140 3336 2210 ληψομένους,
3402 2143 3498 2211 τῆς
3556 2144 3823 2213 στρατιᾶς
3886 2144 3990 2212 τῆς

2410 2237 2688 2307 Περσικῆς
2730 2236 3200 2306 προσπελασάσης
3250 2236 3329 2307 τῷ
3359 2237 3551 2307 τείχει,
3581 2237 3851 2307 ὀμνύντος
3891 2242 3995 2308 μὲν

2410 2330 2505 2384 τοῦ
2548 2329 2885 2402 στρατηγοῦ,
2916 2330 3200 2399 ὀμνύντων
3220 2329 3275 2383 δὲ
3301 2330 3408 2383 τῶν
3444 2332 3733 2402 ἐκκρίτων,
3777 2334 3993 2387 ἐκεῖνον

2413 2424 2525 2475 σῶν
2581 2424 2658 2485 είς
2692 2422 2791 2492 τὴν
2826 2420 2996 2475 αὐτοῦ
3047 2423 3446 2493 παραπέμψειν
3492 2425 3705 2493 ἀρχὴν
3759 2419 3829 2495 ἦν
3858 2424 3917 2476 δὲ
3956 2426 3995 2494 ἡ

2418 2516 2754 2587 μητρόπολις
2780 2515 3122 2578 Μακεδονίας
3157 2516 3255 2569 καὶ
3285 2516 3473 2579 πόλεις
3515 2517 3674 2570 ἄλλαι
3695 2532 3711 2548 ο
3740 2517 3769 2569 ὅ
3794 2534 3855 2569 τε
3885 2533 3996 2571 πα-

2413 2612 2539 2679 τὴρ,
2567 2609 2603 2677 ἦ
2633 2625 2693 2661 τε
2739 2611 2926 2679 μήτηρ
2953 2609 3132 2676 κάγὼ,
3166 2611 3262 2664 καὶ
3298 2604 3379 2673 οἷς
3409 2610 3650 2679 ἐμέλησε
3688 2611 3821 2680 περὶ
3843 2611 3995 2662 ἐκεί-

2416 2719 2508 2757 νου
2566 2700 2984 2771 βουλεύσασθαι,
3022 2701 3399 2763 συναινοιῖνθτες
3443 2696 3589 2772 ἦμεν
3642 2704 3710 2771 τῇ
3768 2702 3997 2771 πράξει,

2415 2795 2570 2857 δντος
2593 2792 2648 2845 δὲ
2680 2794 2739 2845 ὲν
2766 2795 2952 2863 χεροῖν
2981 2791 3077 2845 τοῦ
3113 2792 3299 2862 ἔργου,
3332 2791 3525 2845 ἔπειτα
3555 2793 3865 2863 μετάμελος
3889 2788 3997 2863 ἧκε

2416 2883 2496 2954 τῷ
2525 2886 2690 2955 πατρί
2711 2899 2726 2914 ο
2775 2880 2845 2955 ἦν
2878 2883 2938 2936 δὲ
2966 2882 3141 2946 αἴτιος
3183 2881 3337 2958 ὲγὼκ
3358 2882 3627 2953 μηδαμῶς
3663 2881 3999 2952 βουλόμενος

2419 2971 2586 3029 εῖναι.
2616 2974 2824 3045 Συνέϐη
2852 2975 2908 3028 δὲ
2933 2976 3053 3029 ὡδί.

2492 3069 2853 3139 Τετρωμένον
2892 3084 2958 3137 με
3003 3068 3103 3126 τὴν
3134 3066 3380 3138 κεφαλὴν
3408 3066 3504 3121 καὶ
3544 3056 3624 3120 τὼ
3660 3066 3815 3133 πόδε,
3849 3062 4003 3139 εἶχεν

731 3163 885 3225 perat
909 3170 1109 3225 genua.
1142 3149 1392 3205 Manebat
1424 3166 1551 3204 vero
1598 3152 1876 3213 immotus.
1919 3169 1985 3206 ne
2027 3153 2312 3207 minimum

737 3246 949 3266 __-!J___-
996 3258 1184 3266 --.._..-
1226 3245 1436 3266 -...Za......
1506 3256 1601 3266 -..Α
1657 3242 1937 3266 ARMA-2-..-
1977 3245 2027 3266 2..
2078 3259 2161 3266 ---Α
2200 3260 2291 3266 ----

2421 3160 2789 3231 ἀνακείμενον
2823 3162 2918 3214 ἐπὶ
2946 3161 3056 3214 τῶν
3095 3162 3361 3229 γονάτων.
3400 3161 3512 3214 Kal
3533 3160 3809 3231 διέμεινεν
3838 3161 4004 3229 ἀτρέ-

731 3246 952 3315 qnidem
991 3258 1186 3312 corpus
1224 3245 1438 3311 agitans
1463 3283 1477 3306 ,
1506 3256 1605 3311 pro
1655 3242 1941 3298 affectione
1976 3245 2030 3298 in
2078 3259 2164 3298 me
2197 3260 2319 3298 sua.

732 3335 1106 3392 Seiehatenim
1126 3336 1433 3403 augendum
1455 3334 1845 3388 mihidolorem
1874 3343 2010 3388 utse
2044 3335 2161 3404 ipse
2201 3350 2320 3387 mo-

734 3439 904 3485 veret.
936 3429 1072 3483 Cum
1104 3428 1182 3482 sic
1206 3442 1338 3497 ergo
1376 3428 1444 3481 ab
1476 3442 1662 3481 amore
1687 3426 1992 3481 indivulsus
2014 3437 2184 3490 esset,
2207 3442 2328 3480 ma-

734 3526 901 3580 nebat
936 3539 1084 3578 meas
1113 3523 1382 3591 Iacrymas
1405 3537 1627 3576 curans.
1654 3520 1807 3574 llaud
1839 3522 1985 3573 enim
2011 3520 2169 3575 facile
2188 3521 2328 3575 fere-

736 3617 827 3669 bat
860 3630 890 3668 a
912 3630 996 3666 me
1024 3614 1293 3682 separari,
1313 3612 1405 3681 qui
1436 3625 1557 3665 esse
1580 3615 1648 3664 ab
1681 3626 1747 3665 eo
1775 3621 2086 3680 separatum
2124 3612 2326 3665 feram.

735 3708 855 3763 Jam
898 3708 1044 3761 enim
1072 3706 1158 3758 ille
1187 3721 1309 3759 cum
1340 3704 1569 3758 mortuis
1592 3706 1842 3759 conditus
1872 3712 1978 3768 est,
2003 3719 2211 3773 nosque
2235 3703 2330 3757 ad—

740 3806 847 3857 huc
894 3811 1196 3865 exstamus,
1226 3814 1289 3853 ac
1325 3800 1663 3854 sustinemus
1689 3800 1943 3853 sensilem
1974 3800 2117 3853 hunc
2156 3797 2327 3853 solem

740 3895 1009 3966 aspicere,
1045 3902 1333 3963 postquam
1383 3892 1465 3944 sol
1519 3891 1610 3945 ille
1660 3907 1819 3945 meus
1880 3892 2102 3955 occidit,
2163 3906 2325 3961 quem

744 4005 907 4059 supra
954 3986 1302 4055 splendentes
1330 3984 1493 4038 hosce
1524 3983 1708 4038 radios
1751 3985 1979 4037 charum
2037 3984 2329 4038 habebam.

744 4082 963 4135 Interim
1000 4093 1128 4146 ergo
1161 4076 1292 4129 dum
1330 4090 1511 4129 moras
1544 4076 1732 4139 trahit,
1797 4077 1861 4129 ad
1896 4092 1983 4129 me
2044 4076 2194 4130 Venit
2234 4077 2329 4144 qui

746 4173 984 4234 nuntiet,
1020 4180 1077 4223 ut
1120 4179 1270 4238 pater
1316 4168 1603 4221 consilium
1674 4169 1915 4228 mutarit,
1973 4169 2097 4221 vita:
2158 4169 2331 4222 aleam

746 4265 977 4327 veritus,
1013 4272 1069 4315 ut
1100 4261 1341 4330 suspicio
1370 4261 1511 4313 foret
1538 4260 1729 4312 iniisse
1753 4259 2105 4312 Theodorum
2146 4259 2330 4327 fugam

748 4360 868 4427 ipso
923 4356 1209 4427 probante.
1251 4352 1347 4406 Vix
1413 4368 1561 4407 ame
1615 4353 1884 4416 audierat,
1952 4370 2074 4406 cum
2131 4354 2335 4408 nullius

747 4466 936 4514 suasu,
967 4459 1130 4504 autve
1152 4457 1479 4516 exspectans
1524 4446 1617 4516 qui
1671 4446 2076 4510 adhortaretur,
2131 4449 2337 4517 quique

2429 3272 2558 3326 μας,
2592 3254 2859 3325 μηδαμῶς
2892 3254 2955 3308 τδ
2986 3254 3149 3325 σῶμα
3178 3254 3347 3308 κινῶν
3400 3254 3566 3323 οἴκτῳ
3591 3253 3672 3324 τῷ
3702 3253 3841 3324 πρὸς
3877 3255 4004 3323 ἐμὲ.

2430 3348 2616 3415 Ἔγνω
2649 3349 2759 3419 γὰρ
2790 3347 2867 3408 ὼς
2891 3346 3158 3418 κινηθεὶς,
3177 3346 3371 3417 ὀδύνην
3392 3345 3724 3417 προξενήσει
3751 3364 3855 3415 μου
3881 3348 4005 3407 ταῖς

2427 3443 2692 3513 πληγαῖς.
2717 3441 2814 3493 ’Ὧν
2845 3441 2903 3494 δὲ
2929 3440 3387 3501 δυσαπόσπαστος
3416 3439 3504 3494 διὰ
3542 3439 3603 3492 τδ
3630 3439 3835 3507 φιλεῖν,
3873 3439 4009 3506 εμε-

2429 3551 2520 3586 νεν
2580 3533 2976 3602 ἐπιμελόμενός
3032 3548 3134 3602 μου
3185 3530 3465 3598 δακρύων.
3527 3532 3604 3584 Ού
3654 3533 3763 3599 γὰρ
3806 3531 4011 3602 ῥᾳδίως

2430 3627 2595 3697 ἔφερε
2618 3628 2709 3679 τὴν
2739 3627 2873 3696 ὲμδν
2895 3627 3200 3696 χωρισμὸν,
3224 3624 3317 3679 τοῦ
3348 3629 3443 3679 τὸν
3472 3624 3684 3678 ἐκείνου
3716 3624 4009 3691 φέροντος.

2433 3723 2544 3776 Καὶ
2581 3727 2692 3791 γὰρ
2719 3723 2931 3783 ἐκεῖνος
2989 3720 3129 3791 μετὰ
3156 3722 3265 3773 τῶν
3295 3719 3508 3789 νεκρῶν
3530 3720 3630 3790 ἥδη
3664 3719 4011 3789 κέκρυπται·

2432 3812 2595 3881 ἡμεῖς
2638 3809 2684 3862 δ’
2724 3812 2783 3861 ὲν
2827 3810 2995 3874 ζῶσιν
3028 3810 3108 3861 ἔτι
3140 3809 3470 3878 φαινόμεθα,
3519 3810 3615 3861 καὶ
3659 3808 3879 3861 τουτονὶ
3915 3809 4012 3860 τὸν

2431 3904 2586 3974 ἥλιον
2614 3887 2749 3974 ὁρᾷν
2775 3903 3105 3972 ἀνεχόμεθα,
3130 3904 3342 3956 ἐκείνου
3373 3902 3564 3965 δύντος
3611 3902 3715 3953 ὑπὸ
3747 3901 3850 3971 τὴν
3880 3902 4011 3971 γῆν,

2432 3997 2492 4059 ὃς
2538 3992 2607 4067 ἦν
2656 3996 2821 4064 ἡδίων
2854 3996 2983 4063 ἐμοὶ
3020 3996 3255 4062 ταυτησὶ
3293 3996 3393 4062 τῆς
3456 3994 3721 4063 λαμπρᾶς
3764 3995 4017 4054 ἀκτῖνος.

2448 4088 2538 4140 Ἐν
2565 4087 2629 4155 δὴ
2662 4086 2741 4156 τῷ
2783 4084 3001 4155 μέλλειν
3034 4086 3267 4148 ικεῖνον,
3297 4078 3402 4155 ἦκέ
3437 4100 3519 4145 τις
3551 4083 3838 4151 ἀγγέλλων
3871 4084 4014 4149 πρὸς

2435 4181 2559 4248 ἐμὲ,
2583 4179 2658 4241 ὡς
2690 4180 2717 4230 ὁ
2750 4177 2933 4250 πατὴρ
2964 4179 3344 4247 μεταμέλοιτο,
3371 4176 3558 4237 δεδιὼς
3595 4175 3725 4244 περὶ
3753 4173 3849 4226 τοῦ
3888 4175 4014 4245 ζῇν,

2437 4275 2502 4324 ἂν
2555 4273 2582 4323 ὁ
2623 4270 2869 4338 δρασμὸς
2924 4269 3242 4338 ὑποπτευθῇ
3294 4266 3627 4337 γεγενῆσθαι
3684 4270 3749 4335 τῇ
3799 4268 4017 4319 ἐκείνου

2438 4365 2653 4435 γνώμη.
2681 4364 2789 4417 Kal
2810 4362 2867 4425 δς
2900 4362 3091 4432 μαθὼν
3118 4362 3209 4414 ὑπ’
3246 4361 3403 4430 ιμοῦ.
3436 4362 3575 4430 μήτε
3602 4360 3697 4411 τοῦ
3727 4361 4019 4420 πείσοντος

2438 4455 2680 4523 δεηθεὶς,
2727 4454 2865 4523 μήτε
2907 4454 3034 4514 τοὺς
3092 4452 3583 4516 παρακαλέσοντας
3614 4452 3946 4521 ἀναμείνας,
3980 4452 4019 4520 ἢ

751 4552 970 4614 rogaret
994 4557 1058 4596 ne
1080 4541 1369 4595 stationem
1405 4541 1680 4595 desereret
1713 4542 1767 4593 in
1822 4556 2097 4594 summum
2159 4542 2315 4593 addu

2440 4549 2566 4608 τοὺς
2602 4544 2935 4609 ἀξιώσοντας
2976 4542 3117 4614 ὑπὲρ
3143 4545 3242 4613 τῆς
3270 4544 3438 4612 μονῆς
3460 4544 3559 4613 τῆς
3587 4544 3670 4606 είς
3702 4545 3811 4596 πᾶν
3840 4546 4022 4597 δεινὸν

750 4646 965 4689 centeni
998 4635 1315 4698 discrimen,
1354 4649 1466 4689 sua:
1502 4634 1674 4703 ipsius
1701 4634 1863 4687 saluti
1896 4649 1959 4687 ac
1990 4636 2134 4699 vita‘,
2157 4644 2336 4703 pater-

754 4744 877 4781 nam
903 4731 1189 4796 anteponit
1254 4727 1611 4791 voluntatem,
1649 4742 1717 4781 ne
1768 4742 1944 4780 meum
1995 4727 2210 4795 quidem
2270 4742 2333 4781 ea

754 4830 908 4891 parte
942 4821 1232 4875 consilium
1305 4820 1612 4890 requirens,
1662 4835 1726 4874 ac
1772 4836 1870 4874 nec
1915 4820 2130 4883 matris,
2187 4820 2333 4889 quod

755 4914 939 4984 probis
966 4913 1090 4967 filiis
1128 4912 1305 4982 majus
1344 4913 1599 4966 omnibus
1629 4921 1730 4967 est.
1774 4912 2012 4965 Sedebat
2050 4929 2180 4983 ergo
2215 4914 2336 4967 lixis

755 5010 809 5062 in
848 5019 1046 5061 terram
1081 5008 1406 5069 luminibus.
1453 5005 1744 5076 dirumque
1771 5006 2060 5073 quemdam
2118 5006 2340 5061 carnifi—

755 5117 872 5157 cem
910 5102 1094 5153 animo
1124 5099 1397 5163 versabat,
1426 5113 1549 5152 cum
1590 5114 1687 5167 per
1715 5113 1839 5150 eum
1896 5106 2086 5163 staret,
2120 5100 2337 5169 quomi-

839 5284 917 5348 (Ι)
944 5281 1113 5347 Capta
1137 5284 1285 5339 urbe.
1318 5280 1401 5334 Ab
1431 5280 1747 5334 Andronlco
1773 5279 1978 5348 majore
2023 5288 2151 5332 natu
2188 5279 2328 5332 fili»-

762 5371 883 5411 rum
910 5353 1039 5406 Calo
1066 5351 1317 5415 Joannis,
1350 5366 1414 5405 ac
1436 5350 1701 5406 Manuelis
1743 5350 1935 5411 fratre,
1969 5352 2162 5402 ambos
2186 5351 2333 5402 obsi-

766 5430 961 5485 dente.
1000 5425 1290 5490 impetrato
1325 5439 1353 5475 a
1387 5420 1639 5489 Btejazete
1690 5421 1883 5485 milite,
1919 5428 2207 5488 postquam
2268 5421 2335 5473 ab

765 5499 949 5551 infuso
974 5493 1147 5547 oeulis
1176 5506 1331 5547 aceto
1370 5494 1539 5561 patris
1583 5495 1739 5559 jussu
1773 5494 1843 5545 ob
1893 5491 2334 5558 Cunjuratio'tent

765 5570 819 5622 iu
854 5569 1029 5634 ipsum
1069 5564 1319 5617 nonnihil
1357 5563 1729 5634 convaluisset
1761 5578 1774 5615 :
1824 5576 1988 5634 quam
2049 5562 2336 5634 historiam

767 5631 950 5691 narrat
984 5635 1203 5687 Laouie.
1228 5635 1319 5689 lib.
1354 5648 1389 5685 Il
1418 5650 1432 5697 ;
1458 5648 1520 5685 ex
1552 5648 1660 5701 quo
1678 5633 1927 5685 videatur
1960 5631 2067 5683 dux
2097 5631 2200 5683 iste
2230 5632 2340 5701 _qni

768 5706 1115 5761 Theodorum
1158 5707 1310 5759 abire
1358 5699 1729 5771 permittebat,
1768 5703 1943 5755 fuisse
1979 5701 2094 5766 ipse
2123 5699 2347 5771 Andro-

772 5780 947 5839 tticus,
981 5777 1071 5842 qui
1104 5776 1204 5827 soli
1232 5770 1393 5843 patri,
1417 5775 1488 5826 ob
1517 5783 1795 5843 acceptam
1828 5773 2108 5839 iujuriam,
2146 5770 2345 5843 acala-

772 5848 918 5903 nueli
969 5842 1260 5916 designato
1313 5842 1661 5914 imperatori,
1709 5844 1958 5899 infensus
2006 5852 2171 5898 esset.
2222 5842 2348 5894 Erat

2437 4638 2783 4706 ἀπαγούσης,
2816 4637 2875 4689 τὸ
2896 4635 2992 4689 τοῦ
3017 4636 3225 4705 πατρὸς
3254 4635 3505 4706 βούλημα
3557 4636 3658 4705 τῆς
3694 4637 3832 4699 ίδίας
3873 4638 4026 4705 ζωῆς

2443 4727 2747 4800 προῦθηκε,
2776 4729 2914 4797 μήτε
2938 4727 3037 4797 τὴν
3063 4728 3205 4799 ὲμὴν
3230 4727 3426 4798 βουλὴν
3453 4730 3534 4791 είς
3558 4728 3717 4780 τοῦτο
3747 4728 4025 4795 ζητήσας,

2447 4825 2585 4891 μήτε
2619 4823 2725 4889 μὴν
2755 4822 2855 4887 τὴν
2890 4819 2993 4887 τῆς
3028 4820 3253 4889 μητρὸς,
3289 4819 3509 4873 πάντων
3539 4820 3705 4870 οὖσαν
3736 4818 4030 4888 ίσχυροτέ-

2448 4931 2545 4984 ραν
2591 4914 2764 4965 υίέσιν
2816 4910 2852 4964 ἃ
2898 4913 2980 4964 δεῖ
3029 4913 3385 4981 πράττουσιν.
3435 4910 3705 4978 Ἐκάθητο
3760 4909 3827 4977 δὴ
3884 4913 4031 4962 κατὰ

2446 5005 2632 5078 χθονὸς
2663 5006 2888 5074 ὖμματα
2918 5002 3117 5073 πήξας,
3152 5004 3248 5055 καί
3270 5020 3391 5055 τινα
3420 5002 3795 5071 ἀπάνθρωπον
3820 5003 4029 5070 δήμιον

2450 5098 2860 5169 φανταζόμενος
2884 5111 2898 5127 ⁸
2939 5096 3035 5148 καὶ
3065 5094 3212 5148 τοῦτ’
3261 5096 3460 5162 ἐποίει,
3494 5094 3685 5165 κύριος
3716 5094 3794 5148 ῶν
3837 5097 4032 5166 πάσης

2438 5280 2605 5335 etiam
2642 5279 2968 5335 Theodorus
2999 5290 3257 5348 acceptus
3281 5280 3504 5340 Turcis,
3542 5281 3643 5332 sub
3674 5278 3878 5348 quibus
3913 5280 4032 5344 jam

2440 5351 2759 5409 meruisset.
2800 5347 3265 5417 postmodumque
3301 5360 3524 5404 creatus
3552 5352 3659 5401 dux
3698 5365 3727 5399 a
3772 5347 4036 5417 Bajazete

2443 5416 2809 5480 expeditione
2851 5423 2902 5473 in
2956 5420 3326 5474 Thessaliam.
3364 5419 3495 5471 Vide
3541 5423 3789 5472 eumdem
3830 5416 4040 5475 Laeni-

2444 5507 2567 5545 cum
2601 5506 2862 5543 :necnon
2900 5489 3150 5553 Frantz.,
3175 5491 3263 5557 qui
3286 5491 3419 5557 ipsis
3452 5487 3791 5556 temporibus
3828 5486 4039 5544 ﬂorens

2448 5563 2514 5615 ad
2550 5565 2722 5628 ipsam
2774 5577 2949 5629 usque
2995 5563 3146 5613 urbis
3174 5561 3665 5628 expugnationem,
3694 5557 4032 5629 l'alaeologis

2449 5634 2813 5685 charissim'ts
2848 5628 2911 5685 ac
2954 5631 3292 5685 domesticus
3327 5632 3589 5689 militans,
3626 5628 3878 5681 scintilla:
3932 5628 4039 5681 iin-

2473 5704 2614 5764 rerii,
2647 5716 2808 5770 quam
2863 5704 2977 5771 ipse
3012 5703 3274 5770 appellat,
3328 5709 3615 5769 superstes
3652 5700 3776 5764 fuit,
3834 5711 4040 5768 resque

2499 5774 2887 5841 alwalogurum
2927 5782 3256 5842 prosecutus
3287 5781 3395 5825 est.
