4208 6444
202 470 307 535 201

989 454 1389 529 rnsooom
1431 465 1789 527 esseom
1828 463 2225 527 Liuoarto
2260 462 2675 525 ruxsnms.

3356 460 3465 525 202

204 582 533 652 ὃυσχερεῖας
558 581 968 651 ἀπαλλαγῆναι,
990 581 1102 653 ﬁve
1127 580 1391 649 δυστυχὴς
1411 570 1617 641 ἐκεῖνος
1654 597 1775 632 και-

1882 592 1983 629 nus
2018 577 2083 628 ah
2125 574 2272 628 omni
2312 576 2396 628 illa
2432 573 2700 633 molestia.
2730 584 2891 641 quam
2931 572 3087 628 triste
3141 571 3273 628 illud
3326 582 3464 628 tem-

208 672 302 741 ρδς
325 674 459 741 ἡμῖν
512 674 781 741 ἐπήνεγκε
816 671 1147 740 πολλαχόθεν
1169 688 1183 703 ο
1224 666 1447 736 ἀγαθῶν
1483 670 1538 723 δὲ
1591 671 1777 732 τεύξε-

206 738 453 815 dilatata).
485 738 631 833 ἡμᾶς
660 738 1055 833 ξλευθερώσειν
1088 762 1345 827 ἐλπίζων,
1376 765 1513 830 εἴγε
1548 764 1651 829 ἔξω
1683 763 1777 829 γέ-

205 873 348 911 νοιτο
373 857 609 924 δεσμῶν.
660 856 717 908 ’0
744 855 789 908 δ’
822 856 994 908 εἵλετο
1024 855 1531 925 συγκαθειρχθῆναι
1575 857 1778 925 μᾶλλον

203 951 340 1017 ἡμῖν
398 950 455 1001 ὲν
491 949 706 1017 εἱρκτῇ,
735 948 768 1017 ἢ
802 948 866 1017 δὴ
919 949 1012 1000 καὶ
1046 947 1171 1001 καθ’
1216 948 1390 1016 αὐτὴν
1426 949 1654 1011 θάνατος
1686 945 1774 1021 ἦν,

202 1041 277 1100 ὡς
310 1040 507 1101 εἰπεῖν,
544 1040 751 1093 καὶτὸν
783 1040 891 1093 ἀπὸ
925 1040 1018 1092 τοῦ
1047 1038 1237 1107 ξίφους
1304 1041 1773 1109 προσαπειλοῢσα.

205 1131 373 1182 ’Ὥστε
408 1130 603 1201 γνώμη
640 1130 870 1201 τέθνηκε
900 1131 989 1183 διὰ
1011 1126 1110 1200 τὴν
1140 1131 1235 1185 τοῦ
1266 1135 1473 1201 πατρὸς
1503 1134 1773 1202 ὑποψίανο

206 1223 345 1289 προς
374 1223 439 1291 ἣν
471 1222 537 1274 ἂν
567 1220 677 1291 εἶχε
719 1223 886 1295 μυρία
920 1222 1121 1287 λέγειν,
1161 1224 1215 1275 εἴ
1246 1241 1310 1290 γε
1342 1224 1594 1277 ἑδοῦλετο
1626 1242 1700 1277 πα
1716 1243 1776 1296 ρ-

204 1313 500 1367 αιτετσθαι.
549 1312 700 1365 Ἐπεὶ
731 1317 827 1365 καὶ
881 1308 1021 1383 ἦσαν
1075 1316 1124 1366 oi
1163 1317 1424 1368 τάναντία
1450 1318 1527 1383 τῷ
1570 1318 1781 1387 βασιλεῖ

202 1405 476 1470 λέγοντες.
509 1401 590 1468 οἷς
613 1422 676 1473 γε
705 1407 802 1459 καὶ
841 1408 1003 1470 αὐτὸς
1028 1410 1428 1477 συνεστοίχουν.
1468 1398 1637 1464 Ὄντα
1668 1413 1778 1481 γὰρ

201 1498 370 1549 αὐτὸν
401 1498 558 1559 ἐκτὸς
586 1490 639 1549 τί
672 1498 772 1549 οὐκ
802 1498 868 1550 ἀν
908 1499 1048 1569 ὑπὲρ
1088 1499 1245 1567 ἡμῶν
1280 1503 1525 1568 πρᾶξαι;
1558 1503 1778 1567 Ἐξουσι

206 1591 307 1656 μὲν
335 1591 391 1642 αἱ
426 1590 620 1652 νύκτες
650 1591 1097 1659 ὲναγρυπνοῦντα
1150 1596 1269 1654 ταῖς
1303 1595 1542 1665 βουλαῖς,
1579 1590 1667 1659 αἷς
1713 1598 1779 1649 ἂν

199 1684 353 1751 ἡμᾶς
384 1684 631 1753 ῥύσαιτο,
683 1673 871 1753 δροροι
906 1684 988 1749 δὲ,
1030 1680 1416 1755 ἐπιχειροῦντα
1464 1690 1635 1741 ἅπασι
1668 1692 1778 1752 τοῖς

199 1775 390 1839 δᾶνξτσι
423 1774 666 1843 νύκτωρ,
696 1776 1052 1843 φροντίζοντα
1084 1778 1183 1843 μὲν
1212 1779 1323 1830 τῶν
1348 1780 1601 1839 δεόντων.
1631 1783 1780 1844 ὅπως

197 1867 256 1919 δὲ
273 1868 428 1927 τέλος
451 1866 727 1935 προσῆκον
750 1868 902 1936 σχοίη
918 1868 986 1919 τὰ
1006 1867 1260 1931 δόξαντα,
1282 1870 1460 1922 πάντα
1479 1870 1739 1925 ποιοῦντα
1757 1889 1773 1904 ο

199 1958 655 2027 ὑπισχνούμενον,
684 1958 1035 2028 ἐγγυώμενον
1068 1961 1208 2031 ὑπὲρ
1236 1963 1299 2013 τῦ
1315 1981 1342 2014 ν
1362 1962 1753 2033 ὑπεσχημένων
1774 1982 1787 1995 ·

198 2050 448 2121 ὀμνύντα
487 2044 677 2104 τούτου
709 2050 907 2117 δεῆσαν
939 2053 1077 2120 πρὸς
1115 2055 1238 2114 τοὺς
1268 2050 1601 2121 δυναμένους
1628 2054 1771 2114 ἀμύ-

196 2160 352 2196 νειν·
413 2145 581 2213 μηδὲν
646 2144 819 2195 ἐῶντα
874 2144 982 2195 τῶν
1038 2146 1418 2199 συνοισόντων.
1452 2146 1564 2215 Τὴν
1594 2148 1651 2199 δὲ
1706 2148 1769 2217 δὴ

199 2233 480 2303 βοήθειαν,
529 2233 563 2304 ἥ
599 2234 809 2303 προσῆν
849 2233 917 2287 ἂν
973 2234 1192 2297 πάντως
1235 2237 1391 2301 ἡμῖν,
1431 2238 1493 2287 ἐκ
1547 2236 1641 2289 τοῦ
1704 2239 1771 2290 τὰ

195 2323 491 2375 δεινότατα
540 2322 809 2387 ἀπειλεῖν,
848 2322 1013 2385 εἴτις
1058 2323 1123 2376 ἂν
1166 2324 1275 2375 τῶν
1328 2327 1771 2399 σωμάτωνήμίν

197 2415 422 2483 ἅψαιτο,
454 2414 557 2466 ποῦ
588 2431 673 2475 τις
718 2412 787 2467 ἂν
821 2414 936 2483 θείη
958 2428 985 2479 ;’
1009 2416 1173 2468 Οὐδὲν
1218 2417 1283 2469 ἂν
1312 2412 1382 2487 ἦν
1410 2419 1547 2487 αὐτῇ
1593 2436 1774 2487 παρα-

197 2506 437 2574 πλήσιον
480 2506 560 2567 είς
594 2505 654 2557 τὸ
686 2504 785 2574 τὴν
832 2504 979 2574 ζωὴν
1013 2507 1147 2574 ἡμῖν
1203 2504 1516 2577 συντηρεῖν.
1547 2506 1618 2561 *ιι
1669 2506 1771 2563 τέου

193 2599 303 2667 τὴν
339 2596 503 2650 αὐτοῦ
540 2597 707 2665 φύσιν
745 2598 907 2665 ἀρκεῖ
956 2599 1045 2649 καὶ
1080 2596 1239 2663 μόνον
1266 2600 1427 2651 τοῦτο
1469 2602 1647 2661 καλῶς
1682 2602 1774 2669 δη-

194 2690 375 2741 λῶσαι
402 2707 417 2753 ;
449 2689 509 2741 Εί
537 2690 647 2759 γὰρ
674 2689 816 2757 ὑπὲρ
848 2688 1088 2756 ὑποψίας
1125 2689 1335 2759 ταύτης
1380 2692 1652 2761 nmmum
1673 2695 1775 2745 καὶ

192 2778 380 2848 νεῦμα
409 2764 634 2847 πατρὸς,
668 2780 761 2831 καὶ
786 2778 848 2831 τὸ
878 2779 999 2831 κατ’
1018 2781 1179 2833 αὐτὸν
1204 2783 1487 2850 ἐτεθνήκει
1515 2798 1529 2812 ⁸
1560 2786 1654 2836 καὶ
1681 2787 1773 2838 πό-

196 2889 335 2932 σους
362 2872 431 2925 ἂν
473 2871 738 2932 θανάτους
770 2872 869 2941 οὐχ
896 2872 1229 2941 ὑπήνεγκεν,
1277 2873 1419 2928 ὥστε
1463 2877 1776 2944 προφανοῦς

195 2963 369 3016 αὑτὸν
417 2956 668 3016 κινδύνου
704 2963 1015 3033 ρύσασθαις
1050 2967 1123 3017 Οὐ
1162 2965 1412 3036 ζηλωτὴς
1453 2967 1681 3032 Ίσαὰκ;
1715 2969 1776 3019 οὐ

195 3054 297 3109 τοῦ
333 3055 588 3124 Σωτῆρος
614 3054 780 3107 αὐτοῦ
806 3070 822 3120 ;
870 3057 945 3107 Οὐ
976 3056 1083 3125 γὰρ
1112 3058 1389 3126 τολμηρὶν
1432 3061 1610 3110 εἰπεῖν
1633 3075 1647 3089 -
1686 3059 1778 3111 τύ·

196 3163 307 3209 πος
336 3148 446 3216 γὰρ
488 3148 620 3216 ἡμῖν
652 3148 861 3209 ἐκεῖνος
910 3148 1007 3199 καὶ
1038 3148 1407 3217 ὑπογραμμδς
1455 3148 1773 3218 πρόκειται,

1881 681 1982 735 pus
2041 667 2200 721 nobis
2254 667 2569 728 invexisset,
2626 665 2765 719 liber
2812 664 3092 727 evaderet,
3154 676 3423 735 possetqu

1882 760 2021 814 bona
2048 759 2332 828 consequi,
2368 774 2433 813 ac
2466 773 2591 826 spes
2620 765 2788 822 esset,
2820 771 2920 809 nos
2948 757 3201 826 deinceps
3261 759 3462 813 libera-

1879 862 2166 913 turum,ut
2219 852 2289 905 ab
2327 850 2436 904 illis
2501 850 2617 918 ipse
2671 849 2906 904 vinculis
2963 849 3099 902 liber
3173 851 3459 905 evasisset.

1878 944 2440 998 Maluitnihilmninus
2466 943 2656 997 eodem
2686 943 2976 997 nobiscum
3008 942 3180 996 teneri
3216 958 3459 1006 carcere,

1877 1039 1969 1106 qui
1995 1041 2108 1107 ipse
2142 1053 2239 1106 per
2265 1053 2323 1090 se
2366 1050 2513 1088 mors
2547 1035 2853 1100 videbatur,
2901 1051 2964 1090 ac
2998 1036 3216 1090 abunde
3269 1036 3465 1089 mortis

1878 1132 2059 1200 gladio
2123 1130 2532 1183 consciscenda:
2610 1138 2815 1182 metum
2893 1129 3187 1197 ingereret.
3262 1128 3466 1194 Quam—

1879 1224 2064 1275 obrem
2130 1232 2187 1276 ut
2234 1231 2447 1291 spectes
2479 1220 2646 1274 animi
2673 1221 3035 1290 propositum,
3063 1230 3292 1274 mortem
3324 1221 3467 1275 obiit

1881 1316 1951 1367 ob
1984 1314 2180 1367 nudam
2217 1316 2389 1382 patris
2423 1313 2816 1382 suspicionem,
2846 1314 2932 1365 cui
2984 1313 3271 1367 innumera
3298 1326 3467 1381 oppo-

1880 1414 2008 1460 nere
2038 1398 2256 1468 licebat,
2293 1408 2352 1459 ut
2380 1407 2597 1474 quidem
2625 1406 2887 1459 voluisset
2958 1405 3251 1472 imperium
3282 1405 3463 1458 detre.

1880 1509 2052 1554 mare.
2102 1498 2237 1551 Nam
2287 1513 2461 1566 neque
2506 1498 2733 1551 deerant
2782 1498 2874 1566 qui
2943 1497 3259 1564 imperatori
3303 1510 3465 1549 secus

1882 1589 2252 1649 consulerent,
2290 1589 2342 1640 in
2369 1603 2601 1654 quorum
2644 1589 2757 1655 ipsc
2827 1596 3009 1654 partes
3069 1586 3461 1639 concedebam.

1879 1678 2017 1743 Quid
2052 1680 2194 1732 enim
2228 1680 2316 1733 ille
2381 1694 2500 1731 mox
2536 1678 2753 1746 elapsus
2809 1693 2914 1730 non
2943 1692 3040 1744 pro
3066 1677 3470 1731 nobismolitu-

1879 1772 1975 1821 rus
2004 1768 2189 1821 esset?
2214 1768 2379 1820 Erant
2434 1780 2620 1821 noctes
2672 1770 2941 1822 habitune
2983 1770 3289 1821 insomnem
3316 1768 3368 1821 in
3400 1784 3463 1823 ea

1880 1859 2111 1913 consilia
2154 1858 2369 1928 vigilem
2390 1860 2589 1928 quibus
2620 1875 2719 1915 nos
2762 1861 2991 1913 liberare
3038 1870 3253 1927 posset;
3320 1859 3465 1913 dilu-

1828 1962 1868 2015 Β
1900 1952 2019 2004 rula
2041 1966 2187 2010 vero.
2254 1954 2435 2006 omnia
2486 1955 2911 2022 aggredientem,
2974 1968 3095 2019 quae
3142 1969 3236 2020 per
3286 1954 3466 2006 noctis

1876 2043 2084 2095 silentia
2128 2058 2157 2096 e
2191 2059 2247 2096 re.
2280 2044 2394 2097 visa
2424 2053 2611 2097 essent
2646 2061 2659 2097 :
2689 2059 2750 2097 ea
2811 2054 3095 2098 curantem
3126 2060 3246 2113 quae
3284 2059 3465 2113 open:

1875 2137 2109 2202 pretium
2139 2137 2675 2204 putasset,niliilque
2730 2153 2834 2189 non
2900 2147 3151 2207 agentem
3218 2146 3279 2191 ut
3332 2152 3465 2192 con-

1872 2240 2067 2293 gruum
2102 2225 2189 2277 illa
2230 2227 2385 2279 ﬁnem
2442 2226 2752 2294 accipereut
2784 2244 2799 2289 ;
2828 2230 3233 2295 promittentem
3274 2268 3289 2292 ,
3338 2242 3465 2299 pro-

1875 2317 2059 2369 missis
2093 2319 2385 2386 sponsione
2408 2329 2685 2373 caventem
2715 2338 2727 2379 ;
2764 2335 2883 2374 sese
2944 2330 3315 2384 sacramento,
3336 2338 3462 2377 cum

1876 2426 1963 2461 res
1991 2410 2174 2476 ferret,
2213 2413 2276 2464 ad
2306 2428 2400 2465 eos
2452 2413 2544 2480 qui
2590 2425 2815 2481 possent
2845 2415 3059 2479 ulcisci,
3116 2415 3464 2484 obstringen-

1877 2504 1981 2555 tem
2012 2519 2027 2567 ;
2054 2500 2189 2557 nihil
2228 2506 2461 2573 denique
2480 2504 2848 2574 opportunum
2904 2508 3145 2578 negotio,
3201 2510 3463 2563 omitten-

1878 2604 2006 2648 tem.
2039 2594 2091 2645 Id
2131 2609 2258 2647 vero
2293 2596 2476 2647 auxilii
2524 2596 2667 2662 quod
2716 2597 3061 2665 suppetebat,
3124 2598 3462 2664 gravissimis

1879 2686 2161 2738 intentatis
2200 2687 2385 2747 minis,
2418 2696 2475 2739 ut
2499 2688 2623 2755 quis
2650 2690 2991 2757 corporalem
3053 2690 3213 2743 nobis
3280 2690 3459 2743 Lusio.

1878 2777 2000 2831 ne‘m
2058 2778 2298 2847 inﬂigere
2357 2783 2603 2847 auderet,
2658 2797 2766 2851 quo
2830 2783 2952 2836 loco
3010 2783 3261 2852 ponam?
3317 2782 3461 2835 Nihil

1878 2883 2010 2921 sane
2038 2870 2180 2923 'adeo
2212 2872 2369 2925 nobis
2418 2887 2659 2940 praesens
2686 2874 2752 2926 ad
2782 2874 2902 2926 vita:
2953 2874 3265 2942 prmsidium
3320 2884 3459 2927 erat.

1878 2957 2017 3011 Num
2041 2973 2171 3013 vero
2202 2976 2369 3013 unum
2398 2962 2496 3014 hoc
2525 2976 2588 3015 ac
2617 2963 2895 3031 singulare
2918 2965 3167 3030 prmclari
3197 2964 3316 3019 loco
3334 2966 3464 3018 εΙιιιδ

1880 3052 2127 3113 racteris,
2152 3054 2313 3105 vitam
2340 3054 2457 3118 ejus
2489 3064 2754 3123 quantum
2790 3072 2925 3124 opus
2959 3067 3063 3117 est.
3128 3060 3265 3111 satis
3330 3059 3465 3111 insi-

1881 3144 2072 3216 gniat?
2100 3145 2378 3214 Siquidem
2416 3147 2561 3199 enim
2580 3147 2651 3200 ob
2700 3148 2868 3200 levvm
2892 3164 3010 3201 eam
3066 3149 3459 3216 suspicionem,

194 3240 300 3291 καὶ
327 3237 413 3307 εἴη
443 3238 508 3291 ἄν
543 3232 659 3298 τὲως
707 3239 1105 3307 κεχαρισμένον
1145 3240 1221 3307 τῷ
1247 3239 1457 3291 ἐκείνου
1502 3240 1692 3309 πατρὶ,
1728 3240 1781 3291 εἴ

1880 3241 2086 3292 nudum
2122 3240 2299 3305 ipsum
2326 3239 2614 3307 occupavit
2646 3240 2815 3305 patris
2870 3249 3085 3305 nutum,
3120 3246 3463 3308 mortemque

190 3348 284 3392 τις
312 3329 579 3399 ζηλώσειε
609 3328 700 3381 τδν
729 3330 864 3383 υἱόν.
911 3328 1006 3382 Ὧν
1043 3329 1099 3382 δὲ
1122 3331 1248 3399 περὶ
1282 3331 1408 3392 τοὺς
1447 3330 1642 3398 γονέας
1664 3346 1776 3383 τοι-

1882 3331 2072 3395 obivit,
2098 3346 2217 3398 qme
2237 3344 2348 3383 sum
2370 3338 2528 3381 erant
2553 3338 2733 3397 partes
2760 3345 2773 3393 ;
2806 3345 2943 3400 quas
2983 3346 3090 3384 non
3122 3342 3356 3397 mortes,
3390 3335 3460 3385 ah

190 3421 381 3484 οὗτος,
422 3422 579 3483 ἄλλος
628 3421 766 3489 πρὸς
814 3422 960 3489 ἡμᾶς
1012 3421 1252 3491 ἀνεφάνη
1329 3422 1613 3488 Οὐδαμῶς.
1668 3423 1779 3473 Καὶ

189 3515 313 3583 γὰρ
334 3514 550 3566 οἰκοῦσι
571 3514 670 3582 τὴν
694 3514 937 3583 φρουρὰν
956 3513 1139 3579 ὀλίγου
1170 3514 1281 3567 δεῖν
1312 3513 1438 3583 τρία
1467 3512 1586 3583 ἐτη,
1607 3513 1778 3568 πολλά

190 3605 471 3673 νοσήμαίν
500 3607 632 3673 ἡμῖν
666 3603 965 3674 ἐπέσκηψε,
985 3608 1079 3658 καὶ
1109 3604 1398 3675 διηνώχλει
1424 3606 1621 3673 πικρὸν
1651 3607 1777 3674 ἄχρι

194 3697 406 3765 βάθους
450 3697 792 3766 είσδυόμενα.
841 3697 933 3748 καὶ
983 3697 1047 3767 δὴ
1097 3698 1192 3749 καὶ
1239 3698 1565 3765 σπλάγχνων
1597 3698 1777 3749 αὐτῶν

190 3793 295 3844 καὶ
320 3790 565 3858 κεφαλῆς
601 3790 676 3858 μὴ
702 3790 991 3857 φειδόμενα
1013 3806 1027 3819 ·
1061 3790 1185 3842 ἐπεὶ
1219 3790 1275 3841 δὲ
1309 3791 1554 3854 ἐλπίζειν
1580 3792 1679 3843 οὐκ
1706 3786 1774 3859 ἦν

189 3880 563 3949 λυθήσεσθαι,
597 3881 696 3931 ὅσα
731 3895 795 3945 γε
830 3880 909 3940 εἰς
958 3880 1256 3948 λογισμοὺς
1300 3880 1447 3948 ἣκει,
1495 3864 1774 3948 κατηνάγ-

189 3960 339 4033 καζε
366 3971 428 4023 τὸ
474 3972 707 4040 πρᾶγμα
739 3972 831 4022 καὶ
862 3970 1036 4041 αὐτὴν
1085 3970 1149 4039 δὴ
1199 3968 1299 4041 τὴν
1350 3972 1519 4041 ζωὴν,
1549 3972 1607 4023 τὸ
1637 3975 1773 4024 πᾶσι

189 4067 380 4132 φίλον,
418 4063 606 4132 ὥσπερ
635 4066 815 4132 μισεῖν
849 4063 993 4116 οὕτω
1025 4063 1278 4132 λυπηρὰν
1306 4062 1497 4116 οὖσαν.

1881 3432 2069 3491 aperto
2098 3437 2224 3475 eum
2283 3421 2527 3488 periculo
2590 3422 2941 3483 liberaturus,
2991 3423 3189 3477 lubens
3243 3425 3466 3478 obiret?

1881 3508 2070 3563 Nonne
2101 3508 2271 3563 lsaaci
2319 3509 2612 3578 praeclarus
2683 3510 3013 3564 aemulator?
3060 3510 3252 3566 Nonne
3291 3515 3462 3583 ipsius

1881 3615 2099 3671 quoque
2133 3601 2478 3655 Salvatoris?
2532 3600 2639 3655 Nec
2661 3603 2804 3655 enim
2869 3613 3079 3659 temere
3130 3604 3336 3660 dictum
3368 3622 3462 3660 vc«

1882 3696 2012 3748 lim:
2049 3697 2266 3763 quando
2293 3694 2380 3749 ille
2413 3696 2465 3749 in
2489 3697 2796 3764 exemplum
2831 3698 2986 3751 nobis
3020 3699 3335 3766 propositus
3356 3709 3459 3761 est,

1891 3790 2183 3855 placetque
2242 3787 2409 3856 patri,
2475 3796 2531 3839 ut
2604 3802 2726 3841 eum
2795 3790 3138 3844 aemulemur.
3198 3791 3300 3855 Qui
3381 3794 3464 3846 sic

1884 3893 2046 3949 porro
2067 3882 2232 3934 animi
2275 3880 2328 3932 in
2360 3890 2611 3949 parentes
2670 3880 2920 3943 habebat,
2979 3894 3209 3937 secusne
3252 3884 3301 3935 in
3357 3883 3465 3936 fra-

1886 3984 1993 4025 tres
2025 3972 2259 4026 babuit?
2292 3972 2511 4024 Minime
2560 3976 2822 4041 gentium.
2868 3974 3076 4027 Etenim
3139 3990 3261 4029 cum
3297 3978 3463 4032 trien.

1883 4062 1974 4116 nio
2002 4062 2112 4117 fere
2135 4062 2187 4115 in
2214 4063 2471 4131 praesidio
2500 4078 2747 4117 essemus
2767 4064 2866 4135 (I),
2909 4066 3203 4138 multaque
3228 4070 3463 4124 invasis-

186 4172 325 4219 sent
356 4162 731 4232 azgritudines,
781 4168 943 4229 atque
970 4160 1036 4214 ad
1071 4160 1177 4214 ima
1213 4161 1567 4230 pervadentes
1635 4160 1785 4229 gravi
1818 4160 2066 4214 molestia
2103 4168 2445 4228 torquerent,
2479 4174 2542 4215 ac
2585 4175 2762 4230 neque
2818 4161 3095 4217 intestinis
3172 4164 3310 4235 ipsis
3395 4180 3459 4220 ac

184 4259 367 4329 capiti
398 4263 1005 4327 parcerent;cumque
1043 4256 1190 4309 nulla
1218 4269 1344 4325 spes
1374 4262 1539 4320 esset,
1597 4264 1656 4309 ut
1714 4256 2010 4308 humanam
2069 4254 2338 4309 rationem
2407 4262 2642 4325 spectes,
2702 4254 2902 4310 futurae
2966 4272 3209 4327 unquam
3264 4259 3462 4313 libera-

186 4352 394 4417 tionis,
429 4366 494 4406 eo
518 4365 607 4405 res
633 4350 815 4421 adegit
868 4359 927 4405 ut
971 4351 1083 4419 ipsa
1119 4352 1373 4406 omnibus
1437 4352 1609 4405 amica
1632 4352 1767 4415 vlta,
1798 4352 2063 4419 praetristl
2085 4352 2221 4405 adeo
2256 4366 2319 4405 ac
2349 4351 2634 4417 deplorato
2690 4362 2859 4415 statu,
2894 4353 3041 4407 velut
3069 4354 3197 4410 odio
3217 4364 3382 4409 esset.

282 4445 437 4500 Ἀλλ’
468 4446 528 4497 ιν
556 4445 669 4506 τοῖς
690 4444 959 4508 τοιούτοις
986 4443 1138 4496 οὖσιν
1169 4446 1303 4515 ἡμῖν
1332 4439 1434 4515 ἧκέ
1464 4462 1547 4507 τις
1589 4461 1771 4514 παρα-

186 4538 375 4608 μυθία
416 4534 555 4604 πρὸς
599 4532 761 4599 Θεοῦ,
798 4533 895 4586 καὶ
948 4534 1047 4596 τὰς
1084 4532 1285 4603 μικροῦ
1330 4532 1773 4601 βεδαπτισμένας

179 4633 337 4699 ἡμῖν
362 4627 550 4696 ψυχὰς
580 4626 685 4678 ὑπὸ
738 4624 830 4677 τοῦ
862 4624 1104 4693 πλήθους
1133 4623 1240 4675 τῶν
1269 4622 1549 4692 δυσχερῶν
1618 4621 1773 4675 ἑκού-

177 4722 329 4791 φισέ
366 4736 423 4771 τε
459 4714 683 4779 ἱκανῶς,
711 4716 805 4768 καὶ
853 4716 1226 4785 προσανέσχεν
1249 4716 1341 4767 ἐπὶ
1368 4717 1578 4785 καιρόν.
1622 4714 1686 4768 Ἦ
1716 4716 1773 4767 δὲ

172 4814 262 4886 ἦν
294 4813 409 4883 (τὸν
436 4810 492 4863 δὲ
519 4809 718 4879 τρόπον
751 4808 961 4871 σιωπῶ,
995 4808 1270 4877 παρέλκον
1303 4808 1363 4859 ὅν
1386 4824 1449 4874 γε
1477 4807 1731 4877 ῥηθῆναι)
1758 4824 1773 4839 ο

174 4902 373 4958 αὐτὸν
406 4899 646 4964 ἐξελθεῖν
703 4898 914 4951 ἐκεῖθεν
952 4898 1087 4966 μετά
1138 4897 1425 4967 συνθηκῶν
1476 4915 1638 4949 τινων
1682 4897 1772 4966 βε-

173 4992 526 5061 ϐαιωμένων
553 4991 702 5058 ὅρκῳ
724 4996 739 5020 ⁵
774 4990 871 5041 καὶ
918 4991 972 5040 αἱ
1006 4979 1272 5055 συνθῆκαι
1309 4988 1448 5056 δόλῳ
1488 4988 1587 5055 μὲν
1630 4988 1770 5057 ὑπὲρ

173 5084 361 5154 ἡμῶν
396 5080 565 5150 μηδέν
586 5097 638 5131 τι
673 5078 733 5130 τὸ
760 5077 1020 5147 παράπαν
1061 5076 1434 5146 ἐπιχειρῆσαι,
1474 5077 1675 5141 ὶξεῖναι
1714 5077 1769 5131 δὲ

170 5172 353 5239 αὐτῷ
378 5168 735 5236 καταλλαγῆς
770 5168 933 5219 ἕνεκα
961 5166 1116 5228 δέους
1144 5166 1299 5228 ἐκτὸς
1323 5165 1673 5232 διαλέγεσθαι
1696 5167 1771 5235 τῷ

170 5265 416 5339 βασιλεῖ
437 5275 496 5315 τε
532 5261 629 5315 καὶ
662 5260 875 5331 ἀδελφῷ
904 5262 1010 5312 πᾶν
1042 5261 1070 5311 ὃ
1098 5276 1151 5312 τι
1206 5258 1467 5329 βούλοιτο.
1510 5256 1677 5311 Τοῦτὸ
1707 5275 1770 5325 γε

168 5360 364 5421 εὐθὺς
409 5354 681 5409 ἀκουσθὲν
739 5355 881 5424 ἐμοὶ,
913 5354 1085 5405 ἐποίει
1135 5353 1266 5422 ῥᾷον
1317 5350 1627 5405 διακεῖσθαι
1670 5349 1770 5421 τὴν

260 5516 353 5585 (l)
384 5514 517 5569 Cum
550 5510 912 5585 feretriennio
945 5510 998 5561 in
1029 5507 1277 5575 prwsidio
1313 5521 1611 5585 ageremus:
1650 5505 1767 5585 pe:-

166 5578 411 5643 tinente
442 5578 1068 5647 Andronico,llajazetes
1098 5584 1433 5647 truncandos
1470 5578 1766 5639 suadebat,

166 5671 240 5713 ut
275 5657 449 5709 habet
483 5650 705 5705 Laonic.
740 5650 780 5703 I.
819 5646 878 5709 ιι,
910 5651 1001 5701 sed
1036 5649 1266 5700 necdum
1299 5646 1648 5698 Andronicus
1684 5648 1766 5698 sic

162 5732 425 5782 exuerat
455 5721 757 5781 hominem,
799 5728 859 5771 ut
893 5720 963 5770 ita
997 5727 1179 5785 posset
1216 5720 1267 5767 in
1304 5719 1513 5785 viscera
1549 5717 1761 5785 szevire.

165 5800 287 5853 Plu
301 5810 363 5847 ra
391 5808 456 5847 ac
480 5791 622 5845 scim
646 5789 809 5857 digna
825 5784 1071 5855 epistOlte
1089 5785 1342 5857 Demetrii
1359 5786 1410 5837 in
1438 5784 1602 5851 Regia
1628 5784 1763 5837 Bibl.

165 5883 247 5925 ac
301 5865 457 5919 eain
496 5856 723 5931 primis,
766 5872 872 5927 qua
912 5857 1217 5924 gratulatur
1266 5856 1355 5919 iis,
1381 5860 1472 5924 qui
1501 5864 1621 5923 post
1645 5869 1765 5907 car-

519 5956 790 6014 ΡΑτιιοι.
836 5955 949 6013 Gtt.
989 5952 1189 6013 CLVI.

1948 4444 2219 4498 Cteterum
2272 4445 2342 4497 ita
2372 4445 2539 4499 rebus
2596 4445 2754 4498 nobis
2808 4447 3161 4514 comparatis,
3213 4450 3457 4517 quaedam

1878 4538 2093 4592 coalitus
2141 4538 2446 4591 consolatio
2534 4536 2763 4601 aﬂulsit,
2814 4554 3059 4609 pcneque
3115 4542 3341 4597 obrutos
3380 4552 3459 4596 tot

1806 4660 1851 4715 υ
1881 4629 2124 4683 tristibus
2158 4630 2391 4693 animos,
2424 4629 2569 4698 quod
2611 4636 2747 4685 satis
2801 4631 3083 4686 videretur
3126 4634 3347 4688 tristitia
3382 4637 3459 4689 le-

1878 4718 2040 4777 vavit,
2076 4718 2389 4786 malumque
2416 4720 2483 4771 ad
2517 4728 2733 4788 tempus
2760 4721 2949 4776 mititts
2998 4723 3258 4778 reddidit.
3299 4725 3352 4777 In
3389 4741 3457 4780 eo

1874 4815 1992 4859 erat
2041 4805 2131 4858 illa
2163 4808 2469 4862 consolatio
2527 4810 2770 4874 (modum
2830 4821 2986 4867 taceo
3038 4827 3198 4882 quem
3252 4816 3324 4869 sit
3373 4833 3458 4871 su-

1872 4897 2137 4964 perﬂuum
2168 4898 2391 4966 referre)
2429 4908 2490 4953 Ut
2541 4898 2886 4965 Theodorus,
2920 4908 3095 4973 pactis
3126 4909 3453 4976 quihusdam

1865 4987 2178 5053 juramento
2211 4988 2461 5053 ﬁrmatis,
2494 4990 2619 5044 inde
2647 4992 2841 5045 exiret.
2892 4993 2967 5047 Ita
3003 5010 3195 5063 porro,
3265 4999 3456 5066 utique

1868 5080 1995 5132 dolo
2028 5079 2288 5143 hostium,
2323 5091 2540 5148 pactum
2587 5092 2726 5148 erat,
2757 5095 2813 5137 ut
2852 5086 2990 5139 nihil
3041 5087 3132 5142 ille
3162 5104 3261 5157 pro
3294 5092 3453 5144 nobis

1883 5170 2215 5224 moliretur:
2256 5172 2419 5226 licere
2485 5182 2688 5237 tamen,
2729 5186 2790 5228 ut
2835 5190 2961 5231 cum
3025 5178 3357 5247 imperatore
3392 5196 3457 5233 ac

1881 5256 2049 5313 fratre
2116 5263 2264 5330 pacis
2318 5276 2485 5317 causa
2532 5266 2872 5335 loqueretur,
2896 5271 3156 5339 quidquid
3219 5273 3456 5341 placuis-

1878 5361 1980 5407 set.
2020 5353 2087 5408 Ut
2132 5368 2256 5409 mox
2314 5358 2515 5424 audivi,
2550 5361 2687 5428 ccepi
2750 5363 3107 5433 animaequior
3168 5364 3306 5428 ﬁeri,
3358 5377 3457 5421 nec

1875 5524 2056 5562 ccrem
2088 5509 2254 5587 abeo
2300 5510 2842 5587 liberati,jam_c.um
2896 5519 3233 5587 imperatore
3262 5538 3450 5577 versae

1876 5589 2083 5658 rentur.
2113 5580 2396 5658 Videndus
2419 5598 2639 5658 quoque
2667 5584 2866 5640 Fran7.
2905 5591 2940 5640 I.
2969 5580 3007 5651 ι’,
3044 5606 3093 5644 c.
3132 5591 3220 5652 18,
3245 5608 3304 5646 ca
3333 5607 3453 5658 per.-

1875 5651 2173 5728 striogens.
2200 5660 2327 5728 etut
2350 5650 2565 5728 Manuel
2591 5669 2714 5707 cum
2742 5666 2899 5725 patre
2928 5658 3050 5727 l'uga
3076 5650 3268 5728 elapsi,
3293 5650 3417 5716 adie
3435 5694 3450 5705 -

1876 5721 1987 5798 rint
2029 5730 2085 5801 et
2133 5721 2238 5787 ipsi
2282 5719 2620 5791 Bajazetem,
2660 5738 2723 5778 ac
2744 5719 3014 5795 'gratiam'
3045 5719 3179 5785 cuni
3214 5719 3453 5801 imperio

1878 5799 2246 5857 impetrarunt.

3092 5963 3123 6023 7
