4208 6444
778 446 896 510 203

1983 443 2383 503 MANUELIS
2408 445 2857 506 ΡΑιίῐΟιοοΙ

3804 451 4007 514 -204

778 569 987 618 tantum
1018 559 1224 614 auditio
1257 558 1518 613 molestiae
1572 556 1697 612 fecit
1767 558 1912 627 quod
1966 558 2117 613 solus
2178 560 2345 614 relin-
2376 569 2422 624 Α

2376 569 2422 624 Α
2449 561 2650 631 ψυχὴν,
2686 564 2780 617 καὶ
2819 563 2895 633 μὴ
2933 562 3187 619 τοσοῦτον
3222 562 3502 633 ἄχθεσθαι,
3537 564 3613 633 τῷ
3651 566 3813 635 μόνον
3846 584 4008 620 κιτα-

775 651 1026 720 quendus
1088 664 1286 711 essem,
1323 655 1586 717 quantum
1611 647 1786 701 solatii
1827 661 1891 701 ac
1947 649 2151 717 gaudii,
2182 650 2347 725 _qnod

778 743 865 797 ille
895 741 1280 807 revivisceret,
1356 753 1547 808 nempe
1576 753 1604 791 a
1670 738 1925 807 prtesidlo
1977 739 2172 794 exiret.
2219 739 2346 794 Mihi

780 844 926 889 certe
956 833 1175 887 videbar
1204 847 1327 886 eum
1361 830 1547 885 videre
1587 830 1781 896 (currit
1826 832 1968 885 enim
2002 832 2155 887 velox
2183 834 2349 902 phan-

779 932 913 984 tasia
941 928 1009 983 ad
1035 942 1157 997 quae
1188 930 1310 996 quis
1341 926 1814 995 cupit),consueta
1866 934 2165 979 sectantem
2198 926 2346 994 ejus-

777 1037 883 1091 que
930 1022 1072 1075 tetati
1097 1035 1360 1089 congrua,
1394 1020 1598 1073 versari
1660 1034 1783 1072 cum
1842 1020 2144 1087 aequalibus
2190 1019 2349 1071 inar-

778 1129 987 1167 morum
1013 1111 1280 1182 palaestris
1300 1153 1314 1177 ,
1349 1112 1400 1164 in
1419 1110 1819 1174 venationibus,
1848 1111 1899 1163 in
1932 1110 2345 1174 certaminibus,

777 1222 1010 1277 quorum
1068 1204 1511 1260 exercitamentis
1565 1211 1828 1270 augentur
1862 1216 2093 1271 corpora
2151 1202 2349 1257 robore

779 1314 844 1355 ac
871 1301 1124 1364 sanitate,
1181 1298 1447 1365 habetque
1490 1295 1766 1349 conciliari
1824 1294 2018 1365 gloria.
2071 1293 2197 1349 ιιι-ο
2248 1310 2395 1363 eg0'

784 1389 975 1457 hisque
1001 1389 1197 1443 similia
1223 1387 1504 1441 somnians
1533 1388 1789 1457 gaudium
1839 1386 2129 1450 habebam,
2184 1394 2343 1455 puta-

776 1484 1008 1551 bamque
1045 1479 1290 1549 aspicere
1318 1478 1538 1547 praemia
1570 1485 1962 1547 reportantem,
2008 1477 2151 1547 cingi
2176 1484 2343 1546 caput

772 1588 997 1636 corona,
1059 1587 1122 1626 ac
1188 1570 1452 1639 praeconis
1497 1582 1629 1623 voce
1688 1569 1988 1623 renuntiari
2058 1568 2343 1622 victorem.

774 1663 1003 1717 Multum
1047 1661 1313 1730 siquidem
1361 1660 1411 1714 ei
1442 1674 1632 1714 omnes
1667 1659 1720 1713 in
1788 1658 2054 1729 ejusmodi
2109 1660 2345 1713 delatum

773 1757 1045 1811 volebant.
1088 1753 1206 1808 Jam
1240 1755 1386 1807 enim
1411 1766 1439 1806 a
1472 1766 1640 1822 puero
1665 1752 1891 1807 sortitus
1943 1760 2080 1814 erat,
2139 1759 2195 1804 ut
2227 1765 2345 1805 om-

772 1845 958 1908 nibus,
989 1843 1188 1913 quibus
1218 1843 1340 1912 quis
1366 1850 1586 1896 certans
1620 1841 1975 1900 coronandus
2002 1841 2095 1905 sit,
2128 1841 2344 1911 magni-

773 1936 872 1990 tice
911 1943 1235 2005 praestaret:
1276 1948 1450 2004 eaque
1484 1932 1536 1986 in
1567 1947 1632 1987 eo
1674 1932 1897 2002 paribus
1938 1948 2063 1988 cum
2122 1949 2349 2003 corpore

769 2027 835 2081 ad
870 2028 1165 2097 perfectum
1200 2041 1264 2081 ac
1305 2026 1472 2080 robur
1504 2032 1738 2095 augente
1778 2025 2071 2081 crementis
2119 2041 2340 2096 promo-

772 2120 991 2173 vebant.
1030 2117 1174 2173 Laeta
1206 2122 1347 2181 ;baec
1391 2134 1603 2174 mecum
1653 2120 1767 2189 ipse
1826 2119 2092 2189 cogitans,
2142 2120 2345 2175 sensim

771 2210 963 2273 tristia,
993 2221 1049 2265 ut
1078 2211 1282 2275 liceret,
1310 2211 1566 2265 oblivioni
1599 2211 1791 2264 dabam
1828 2226 1842 2263 :
1876 2210 1950 2263 illi
1979 2220 2157 2265 autem
2212 2211 2345 2265 sub-

766 2292 877 2357 ibat
928 2305 1052 2367 uri,
1082 2304 1229 2372 quod
1268 2317 1373 2356 non
1408 2310 1592 2372 posset
1649 2301 1730 2356 sic
1784 2300 2080 2355 desolatum
2138 2302 2340 2357 videre.

839 2395 944 2449 Sed
971 2402 1023 2450 et
1052 2395 1180 2449 illud
1212 2395 1462 2465 angebat.
1494 2394 1612 2448 Non
1642 2394 1784 2448 enim
1844 2395 2186 2464 poterat,qui
2247 2394 2341 2449 Dei

766 2488 962 2540 timore
980 2488 1219 2541 nutritus
1239 2496 1404 2551 esset,
1421 2496 1598 2555 spreta
1612 2486 1906 2554 juramenti
1921 2486 2201 2556 religione,
2216 2502 2339 2540 cum

764 2580 889 2633 dolo
932 2595 1084 2649 opem
1119 2579 1282 2636 ferre.
1317 2578 1419 2646 Qui
1443 2579 1628 2654 enim?
1659 2579 1752 2648 qui
1794 2578 1927 2633 nihil
1973 2576 2211 2649 unq'uam
2249 2594 2343 2649 per

767 2671 1014 2725 fraudem
1051 2686 1115 2725 ac
1150 2671 1304 2725 val‘ro
1357 2670 1562 2734 animo,
1595 2671 1754 2725 etiam
1784 2671 1962 2741 capite
2000 2672 2283 2725 annuisset
2322 2686 2336 2723 :

765 2762 935 2817 videri
967 2771 1145 2817 autem
1179 2777 1362 2817 eorum
1400 2762 1616 2832 penitus
1645 2762 1948 2833 neglexisse
1985 2778 2195 2827 curam,
2220 2764 2341 2833 qui-

765 2854 869 2909 bus
898 2855 1069 2909 nihilo
1100 2853 1482 2923 pretiosiorem
1513 2854 1750 2908 animam
1816 2854 2069 2918 ducebat,
2099 2854 2150 2909 id
2208 2869 2340 2909 vero

765 2962 991 3016 prorsus
1018 2946 1356 3001 intolerabile
1380 2946 1623 3015 putabat.
1658 2944 1747 2998 Sic
1773 2960 1930 3012 porro
1960 2955 2077 2998 erat
2112 2958 2336 3014 magna-

765 3039 967 3101 nimus,
992 3046 1048 3092 ut
1067 3047 1121 3092 et
1139 3037 1355 3108 injuste:
1374 3037 1659 3091 sententiae
1678 3036 1940 3091 latoribus
1980 3036 2333 3091 reverentiam

764 3134 1009 3186 haberet.
1053 3131 1185 3185 Cum
1217 3131 1397 3201 itaque
1445 3130 1639 3184 studiis
1681 3130 1837 3183 divisi
1895 3142 2164 3194 essemus,
2213 3144 2336 3182 sero

2454 650 2762 720 λειφθῆναι,
2799 655 2924 707 ὅσον
2955 654 3055 724 τῆς
3083 653 3259 723 λύπης
3298 655 3651 724 κουφίζεσθαι
3694 658 3772 725 τῷ
3804 658 4011 711 ἐκεῖνον

2452 742 2774 810 ἀναϐιῶναι,
2821 745 2965 811 λέγω
3011 745 3075 815 δὴ
3124 746 3310 816 τὸτῆς
3350 751 3594 817 φρουρᾶς
3644 749 3870 815 ἐξιέναι.
3908 752 4012 802 Καὶ

2451 834 2674 888 ἐδόκουν
2696 836 2858 889 αὐτὸν
2886 838 3022 908 όρᾷν
3045 837 3253 907 (τρέχει
3277 839 3441 909 γὰρὴ
3468 842 3739 906 φαντασῖα
3772 842 3858 904 ἐφ’
3884 843 3915 894 ἆ
3936 860 4014 901 τις

2449 923 2572 976 λίαν
2610 926 2889 997 ἐπιθυμεῖ)
2920 928 2978 979 ἐν
3026 928 3138 991 τοῖς
3171 928 3420 982 εἰωθόσιν
3459 930 3608 994 ὄντα,
3640 932 3734 983 καὶ
3784 932 3850 984 τὰ
3876 934 4014 994 νέοις

2451 1018 2733 1087 πρέποντα
2780 1021 2922 1087 μετὰ
2949 1021 3058 1073 τῶν
3101 1020 3309 1091 ἡλίκων
3338 1023 3473 1095 δρᾷν
3505 1024 3561 1074 ἐν
3592 1023 3771 1077 δπλων
3804 1039 4014 1092 γυμναο

2451 1111 2609 1176 σίοις,
2641 1112 2700 1163 ἐν
2743 1110 2958 1181 θήραις,
3000 1115 3056 1165 ἐν
3089 1113 3267 1179 ἀγῶσι
3306 1114 3603 1185 χορηγοῦσι
3634 1117 3744 1177 τοῖς
3786 1115 4011 1168 ἀσκοῦσι

2451 1202 2668 1272 σώμασι
2701 1201 2897 1273 ῥώμην
2937 1205 3029 1257 καὶ
3062 1204 3297 1272 ὑγίειαν,
3326 1206 3503 1259 καὶτὸ
3534 1208 3673 1275 μετὰ
3708 1206 3865 1277 δόξης
3889 1206 4017 1277 βιῶ-

2449 1312 2560 1349 ναι.
2604 1295 2785 1349 Ταῦτα
2830 1299 3025 1350 καὶτὰ
3055 1298 3282 1351 τοιαῦτα
3335 1300 3719 1370 ὀνειροπολῶν,
3756 1300 4012 1369 ἔχαιρον·

2449 1389 2540 1440 καὶ
2571 1387 2730 1458 ᾤμην
2754 1389 2972 1460 βλέπειν
3001 1391 3163 1444 αὐτὸν
3195 1388 3333 1445 ἆθλά
3354 1409 3414 1446 τε
3445 1392 3749 1463 δεχόμενον,
3800 1395 3896 1446 καὶ
3926 1410 4018 1444 κε-

2450 1482 2625 1551 φαλὴν
2652 1484 3110 1555 στεφανούμενον,
3156 1487 3250 1538 καὶ
3299 1488 3532 1557 νικητὴν
3584 1487 4009 1558 κηρυττόμενον·

2450 1575 2575 1626 ἐπεὶ
2627 1576 2763 1630 πολὺ
2809 1576 2869 1629 τὸ
2922 1578 3347 1649 συγκεχωρηκὸς
3388 1574 3473 1650 ἦν
3523 1580 3673 1648 αὑτῷ
3719 1579 3871 1649 παρὰ
3910 1579 4015 1632 τῶν

2446 1664 2705 1719 ἁπάντων
2736 1670 2794 1721 ἐν
2827 1671 2939 1732 τοῖς
2987 1672 3275 1734 τοιούτοις.
3329 1671 3402 1724 Τὸ
3430 1670 3539 1741 γὰρ
3575 1673 3633 1724 ἐν
3678 1671 3851 1725 ἆπσσι
3882 1687 4020 1738 κρα-

2447 1758 2582 1821 τεῖν,
2611 1758 2669 1824 ἐξ
2696 1751 2771 1812 ὧν
2801 1761 3211 1829 στεφανώσεταί
3240 1780 3325 1826 τις
3360 1763 3559 1826 ἀθλῶν,
3590 1762 3749 1816 τοῦτο
3782 1762 3839 1815 δέ
3866 1763 3915 1813 οί
3948 1762 4012 1813 ἐκ

2453 1849 2642 1911 παιδὸς
2667 1849 2910 1915 ὡσπερεὶ
2936 1854 3233 1922 συνεκεκλή
3245 1870 3404 1922 ρωτο,
3439 1855 3531 1906 καὶ
3561 1851 3909 1905 συνεπεδὶδου
3936 1851 4016 1919 τῷ

2457 1945 2694 2009 σώματι,
2720 1942 2856 2011 πρὸς
2885 1942 3201 2010 τελειότητα
3226 1945 3317 1996 καὶ
3350 1942 3543 2013 ῥώμην
3576 1942 3814 2007 αὔξοντι.
3846 1940 4020 1995 Ταυτὶ

2454 2030 2559 2100 μὲν
2584 2031 2677 2084 οὖν
2708 2033 2776 2084 τὰ
2812 2033 3121 2100 εὐφραίνειν
3148 2034 3420 2102 δυνάμενα
3444 2032 3865 2101 ἐνθυμούμενος,
3895 2033 4021 2083 ἐπε-

2449 2123 2795 2193 λανθανόμην
2819 2125 2894 2187 ὠς
2907 2119 3020 2177 οἷόν
3035 2143 3094 2178 τε
3117 2127 3223 2179 τῶν
3245 2126 3483 2196 ἀνιαρῶν
3503 2144 3519 2159 ·
3547 2125 3740 2195 ἐκείνῳ
3762 2124 3817 2177 δὲ
3840 2123 4020 2177 καίειν

2449 2212 2629 2283 ἐπῄει,
2667 2212 2765 2282 τὴν
2798 2213 2935 2284 ἐμὴν
2966 2214 3027 2265 οὐ
3054 2216 3274 2284 φέροντι
3310 2215 3568 2284 μόνωσιν.

2520 2394 2594 2447 Οὐ
2630 2394 2734 2463 μὴν
2768 2394 2904 2448 ἀλλὰ
2934 2396 3153 2449 κάκεῖνο
3184 2397 3331 2449 τόνδε
3370 2397 3712 2466 προσῆγχεν·
3756 2393 3881 2449 οὔτε
3907 2396 4019 2465 γᾶρ

2447 2488 2566 2540 ἐνὸν
2589 2484 2656 2558 ἦν
2691 2488 2861 2558 αὐτῷ,
2893 2490 3319 2559 ἐντεθραμμένῳ
3353 2489 3428 2557 τῷ
3469 2490 3604 2558 πρὸς
3636 2490 3724 2541 τὸν
3754 2489 3889 2541 Θεὸν
3922 2489 4020 2556 φό-

2446 2580 2545 2649 ϐῳ,
2598 2580 2904 2651 ὑπεριδόντι
2953 2581 3081 2643 τοὺς
3114 2581 3333 2649 ὅρκους,
3387 2581 3528 2648 μετὰ
3574 2579 3725 2632 δόλου
3773 2580 4012 2649 βοηθεῖι.

2446 2672 2652 2737 Πόθεν;
2768 2673 2935 2741 μηδὲν
2970 2673 3248 2741 ἀπατηλὸν
3274 2672 3406 2742 μηδέ
3454 2672 3873 2741 παλινάγρετον,
3901 2672 3929 2723 ὃ
3959 2688 4014 2722 τι

2444 2766 2546 2817 κᾶν
2577 2764 2788 2834 κεφαλῇ
2838 2764 3131 2819 κατένευσε
3158 2781 3170 2793 °
3198 2766 3289 2817 καὶ
3318 2765 3378 2817 τὸ
3405 2765 3539 2826 ὅλως
3568 2765 3792 2833 ἀμελεῖν
3834 2764 4011 2830 δόξαι,

2441 2848 2514 2907 ὧν
2543 2857 2636 2909 καὶ
2660 2857 2758 2926 τὴν
2782 2856 2947 2909 αὐτοῦ
2969 2856 3146 2926 ψυχὴν
3176 2856 3329 2909 οὐδὲν
3359 2851 3459 2926 ἦγε
3495 2856 3712 2924 βελτίω,
3737 2854 4009 2925 οὖμενουν

2442 2950 2626 3017 ἡγεῖτο
2680 2949 2916 3018 φορητὸν
2972 2949 3030 3002 τδ
3064 2950 3326 3017 παράπαν
3352 2964 3364 2977 ·
3410 2944 3477 3019 ἦν
3506 2949 3615 3018 γὰρ
3646 2948 3902 3002 τοσοῦτον
3949 2951 4010 3001 ἐ)

2438 3036 2587 3106 αὐτῷ
2616 3035 2674 3089 τδ
2699 3037 3002 3107 φιλότιμον.
3046 3037 3169 3090 ὅσον
3215 3036 3495 3089 εὐλαϐεῖτο
3540 3039 3632 3089 καὶ
3664 3039 3791 3100 τοὺς
3818 3039 3881 3090 οὐ
3928 3038 4010 3089 δι-

2439 3127 2604 3180 καίαν
2656 3128 2963 3193 ἐξοίσοντας
3014 3129 3220 3199 ψῆφον.
3268 3130 3548 3193 Ἐναντίας
3598 3131 3783 3184 τοίνυν
3838 3128 4009 3199 οὔσης

766 3224 1005 3286 tandem,
1061 3224 1261 3291 vixque
1316 3222 1485 3285 suasi,
1550 3237 1657 3291 qua
1717 3222 1955 3289 probans
2002 3220 2079 3275 ita
2139 3223 2403 3319 meliusC

2360 3257 2403 3319 C
2439 3222 2571 3289 ἡμῖν
2596 3224 2697 3291 τῆς
2733 3221 3028 3291 θελήσεως,
3054 3222 3152 3291 ὀψὲ
3188 3224 3280 3275 καὶ
3328 3224 3488 3292 μόγις
3516 3222 3680 3307 αὐτὸν
3711 3224 4001 3289 ἀνέπεισα,

767 3318 897 3371 mihi
954 3319 1173 3387 pariter,
1218 3333 1281 3372 ac
1317 3318 1451 3387 patri
1476 3331 1572 3386 per
1604 3316 1653 3371 id
1690 3324 1886 3385 tenptts
1911 3316 2148 3379 absenti,
2201 3331 2332 3371 eon-

761 3409 963 3463 sultum
996 3410 1081 3475 iri,
1112 3419 1171 3464 ut
1202 3410 1428 3463 illecum
1466 3409 1657 3462 amicis
1683 3424 1746 3463 ac
1796 3402 2030 3463 inimicis
2082 3422 2331 3469 versans.

762 3502 829 3556 ad
857 3511 1118 3572 utrosque
1144 3518 1265 3571 qua:
1295 3516 1475 3571 opera:
1508 3502 1744 3572 pretium
1772 3510 1957 3557 essent
1978 3542 1993 3566 ,
2022 3502 2333 3570 negotiare-

765 3604 885 3661 tur;
921 3609 1028 3664 qua
1063 3594 1360 3659 aﬂirmans,
1387 3595 1467 3650 sic
1536 3609 1621 3648 me
1644 3593 1917 3659 allectum,
1956 3602 2015 3649 ut
2072 3593 2229 3648 malis
2247 3592 2333 3646 die

762 3686 995 3741 rissimis
1041 3686 1335 3741 lentandus
1414 3700 1616 3750 essem,
1694 3686 1868 3739 utille
1947 3687 2327 3755 obtemperans

758 3778 910 3829 exire
936 3777 1283 3831 detrectaret.
1344 3774 1437 3831 Sic
1477 3775 1568 3829 ille
1626 3790 1691 3828 ne
1724 3774 1859 3829 falso
1901 3775 2119 3843 quidem
2163 3774 2328 3828 ullam

759 3869 1071 3937 opinionem
1108 3869 1252 3923 inuri
1320 3867 1646 3933 sustinebat,
1703 3867 1956 3938 famaque
1980 3869 2049 3922 ab
2101 3867 2221 3937 ejus
2247 3866 2330 3921 in-

758 3959 884 4014 dole
946 3975 1010 4014 ac
1052 3960 1256 4024 animo,
1325 3958 1775 4028 iustitutioneque
1830 3960 2182 4029 abhorrente,
2239 3973 2329 4012 as-

759 4052 907 4121 pergi
940 4052 1182 4106 timebat.
1217 4052 1308 4106 Sic
1347 4052 1399 4105 in
1464 4064 1565 4105 nos
1616 4051 1857 4106 fraterne
1906 4050 2135 4105 affectus
2187 4058 2327 4113 erat,

761 4153 819 4199 ut
850 4159 1062 4200 mecum
1100 4144 1329 4209 versari,
1368 4157 1531 4213 quam
1564 4158 1687 4198 cum
1729 4143 1851 4197 aliis
1914 4144 2197 4213 voluptate
2223 4142 2329 4198 frui

757 4236 935 4304 potius
997 4237 1268 4289 haberet:
1331 4237 1681 4305 carcer-isque
1742 4235 2028 4305 angustiae,
2080 4236 2169 4290 vix
2222 4238 2330 4290 illae

756 4327 874 4380 alia:
904 4342 1065 4395 quam
1097 4326 1354 4394 sepulcri,
1406 4329 1550 4396 regia
1580 4327 1657 4381 illi
1724 4328 2069 4396 angustiores
2136 4339 2327 4396 erant,

759 4418 1105 4486 tenebraeque
1135 4422 1298 4485 quam
1346 4419 1481 4472 solis
1528 4418 1781 4487 splendor
1814 4418 2325 4485 desiderabiliores;

756 4526 820 4565 ac
849 4511 1091 4572 demum,
1114 4510 1296 4562 omnia
1344 4524 1556 4563 mecum
1585 4510 1849 4578 dulciora,
1908 4526 2217 4580 quanquam
2240 4525 2327 4566 es-

2435 3311 2504 3364 τὰ
2540 3312 2640 3379 μὲν
2670 3312 2883 3373 δεικνὺς
2913 3310 2988 3375 ὠς
3035 3313 3243 3381 βέλτιον
3281 3314 3345 3366 ἂν
3383 3314 3596 3381 γένοιτο
3630 3316 3725 3367 καὶ
3754 3314 3881 3381 ἐμοὶ
3911 3321 4005 3367 καὶ

2436 3405 2513 3475 τῷ
2540 3407 2731 3474 πατρὶ,
2764 3405 2862 3457 οὑκ
2891 3405 3003 3458 δντι
3035 3404 3152 3473 μεθ’
3190 3408 3346 3474 ἡμῶν
3389 3407 3695 3476 τηνικαῦτα
3734 3405 3913 3470 εὖνοις
3943 3426 4005 3459 τε

2445 3498 2539 3551 καὶ
2572 3498 2896 3567 δυσμενέσιν
2926 3497 3089 3551 αὐτὸν
3116 3501 3371 3559 συνεῖναι.
3405 3500 3496 3551 καὶ
3534 3500 3670 3567 πρὸς
3704 3500 4004 3570 ἑκατέρους

2434 3588 2862 3656 διαπράττεσθαι
2896 3590 2963 3642 τὰ
3012 3590 3199 3641 εἰκότα
3225 3609 3236 3620 -
3269 3590 3335 3642 τὰ
3370 3589 3415 3642 δ’
3463 3591 3895 3659 ἰσχυριζόμενος,
3926 3591 4005 3653 ὡς

2435 3681 2673 3749 ἐμαυτόν
2705 3697 2825 3744 πως
2861 3680 3192 3750 αἰσθάνομαι
3228 3684 3625 3752 πειρασόμενον
3646 3683 3839 3737 δεινῶν
3868 3688 4006 3752 ἀνη-

2434 3776 2669 3840 κέστων,
2702 3774 2769 3845 ἦν
2794 3774 3096 3845 ἀπειθήσας
3129 3775 3278 3844 ἐμοὶ,
3310 3774 3405 3843 τὴν
3429 3776 3637 3829 ἐκεῖθεν
3658 3776 3842 3840 ἔξοδον
3869 3778 4006 3831 ἀπο-

2437 3867 2705 3936 σεὶσηται.
2740 3866 2929 3929 Οὕτως
2960 3868 3165 3928 ἐκεῖνος
3212 3868 3274 3919 οὐ
3326 3867 3660 3937 κατεδέχετο,
3691 3869 3816 3921 οὐδὲ
3871 3869 4003 3937 γοῦν

2431 3957 2599 4027 ψευδῆ
2633 3975 2753 4010 τινα
2781 3958 2941 4024 δόξαν
2969 3958 3077 4012 τῶν
3106 3959 3167 4009 οὗ
3205 3957 3387 4011 καλῶν
3408 3959 3811 4029 προπριδῆναι
3839 3975 3854 3989 ·
3886 3961 4005 4013 ἀλλ’

2432 4052 2620 4104 ἐδεδίει
2657 4052 2753 4105 καὶ
2783 4053 2975 4121 φήμην
2997 4052 3313 4121 ἀπᾴδουσαν
3340 4051 3439 4119 τῆς
3472 4050 3637 4104 αὐτοῦ
3664 4052 3757 4104 καὶ
3784 4053 4004 4119 φύσεως

2434 4144 2528 4196 καὶ
2553 4145 2779 4214 γνώμης
2804 4146 2898 4197 καὶ
2936 4143 3209 4203 παιδείας.
3242 4143 3399 4196 Οὕτω
3428 4147 3563 4211 πρὸς
3598 4145 3743 4213 ἡμᾶς
3779 4145 4003 4209 ἀδελνειο

2433 4234 2542 4295 κῶς
2585 4230 2751 4304 εἶχεν,
2782 4233 2859 4296 ὡς
2905 4232 3112 4302 βέλτιον
3146 4232 3302 4299 ἄγειν
3346 4233 3583 4284 συνεῖναί
3625 4251 3715 4301 μοι
3748 4234 3842 4284 τοῦ
3878 4231 4001 4302 μεθ’

2432 4324 2634 4394 ἐτέρων
2675 4325 2924 4393 τρυφᾷν·
2962 4324 3055 4375 καὶ
3104 4317 3172 4393 ἦν
3223 4321 3373 4391 αὑτῷ
3415 4322 3786 4392 δεσμωτήριον
3840 4325 3999 4391 τάφῳ

2431 4416 2818 4487 παραπλήσιον
2845 4415 2952 4467 τῶν
2978 4414 3267 4483 βασιλείων
3311 4415 3712 4485 λαμπρότερον.
3746 4418 3842 4467 καὶ
3872 4420 3999 4470 σκό-

2434 4526 2524 4570 τος
2562 4508 2939 4577 ποθεινότερον
2992 4506 3094 4573 τῆς
3143 4508 3392 4568 ἀκτῖνος’
3450 4508 3545 4560 καὶ
3574 4507 3763 4570 ἁπλῶς
3820 4511 3999 4561 πάντα

756 4609 877 4653 sent
906 4599 1221 4662 durissima,
1276 4601 1529 4653 omnibus
1578 4598 1834 4668 deinceps
1865 4599 2141 4664 dulcibus,
2182 4616 2320 4670 quo-
2356 4597 2397 4651 ιι

2356 4597 2397 4651 Ι)
2427 4599 2559 4669 ἡδίω
2607 4598 2676 4649 τὰ
2712 4597 2830 4668 μετ’
2860 4597 3019 4666 ἐμοῦ,
3064 4600 3113 4650 εί
3145 4599 3238 4649 καὶ
3289 4597 3405 4651 λίαν
3433 4598 3711 4650 δεινότατα
3762 4596 3852 4678 ἦν,
3890 4603 3998 4652 τῶν

755 4706 874 4743 rum
910 4688 1022 4758 ipse
1048 4704 1238 4743 exsors
1279 4702 1449 4744 eram.
1508 4689 1601 4745 Sic
1662 4705 1786 4744 vero
1841 4705 2031 4745 rursus
2059 4691 2145 4757 iis,
2197 4708 2319 4761 quae

755 4782 868 4835 visa
894 4781 1024 4834 mihi
1054 4789 1237 4835 essent
1259 4779 1680 4844 obsequebatur,
1712 4792 1769 4835 ut
1795 4782 1878 4836 vel
1905 4789 2115 4835 tantum
2138 4796 2315 4836 annu-

753 4890 843 4928 crc
874 4873 1087 4928 abunde
1116 4881 1281 4927 esset.
1311 4872 1509 4942 Aitque
1555 4872 1828 4926 facturum
1874 4874 2014 4941 quod
2048 4874 2316 4939 volebam,

752 4982 1062 5037 quanquam
1090 4966 1142 5018 id
1179 4965 1313 5026 ﬂens
1342 4979 1548 5019 amare.
1592 4964 1659 5019 At
1688 4979 1786 5035 ego
1807 5004 1822 5028 ,
1851 4966 1953 5020 etsi
2012 4965 2209 5019 mirum
2238 4967 2319 5020 vi-

752 5060 966 5126 deatur,
995 5068 1053 5113 ut
1113 5058 1276 5114 ﬂente
1317 5059 1429 5124 illo,
1473 5073 1629 5127 aequo
1690 5059 1805 5126 ipse
1859 5060 2043 5112 animo
2089 5074 2316 5122 essem,

752 5152 1053 5219 gaudebam
1091 5161 1270 5205 tamen
1306 5150 1422 5225 ejus
1454 5151 1622 5218 ipsius
1656 5152 1748 5219 qui
1792 5148 1964 5215 ﬂeret,
2010 5165 2075 5204 ac
2146 5152 2316 5220 patris

748 5244 1098 5312 imperatoris
1152 5257 1354 5297 amore.
1388 5241 1525 5296 Fore
1554 5243 1699 5296 enim
1752 5242 2006 5311 putabam
2055 5243 2195 5311 patri
2226 5258 2315 5297 so-

750 5335 902 5398 latio,
933 5346 992 5388 ut
1024 5337 1071 5387 ei
1100 5336 1264 5398 Illius,
1293 5345 1352 5387 ut
1397 5335 1469 5387 ita
1499 5334 1712 5401 loquar,
1748 5332 1815 5385 ad
1881 5335 2045 5387 vitam
2085 5335 2311 5388 rediret.

748 5427 1037 5492 Cancrum,
1078 5442 1200 5480 cum
1226 5427 1383 5481 resin
1416 5434 1666 5496 promptu
1715 5427 1967 5481 omnibus
2016 5426 2309 5491 videretur,

746 5520 889 5574 haud
924 5529 1103 5574 tamen
1141 5520 1345 5572 exitum
1381 5518 1591 5581 habuit,
1622 5517 1731 5572 Deo
1783 5518 1971 5572 melius
2016 5517 2219 5587 aliquid
2247 5518 2313 5570 de

746 5613 900 5668 nobis
933 5612 1281 5681 disponente,
1307 5621 1365 5666 ut
1400 5627 1467 5665 ne
1516 5611 1775 5664 nimirqu
1814 5612 1902 5665 ille
1967 5612 2175 5680 absque
2229 5627 2314 5664 me

742 5720 805 5756 ac
838 5703 1198 5771 patreexiret.
1252 5703 1406 5767 Quod
1462 5702 1606 5757 enim
1654 5703 1932 5766 impedivit
1996 5704 2309 5768 consilium,

740 5797 992 5847 omnibus
1023 5794 1180 5847 nobis
1203 5793 1448 5847 elabendi
1498 5808 1527 5847 c
1552 5808 1771 5847 carcere
1806 5794 2112 5846 comtttuttis
2143 5808 2308 5847 causa

742 5887 863 5941 l'uit.
901 5884 1097 5939 Verum
1132 5899 1242 5938 rem
1288 5884 1596 5938 accuratius
1651 5881 1969 5947 ediSsercre,
2020 5899 2189 5952 neque
2222 5899 2311 5937 no-

2427 4706 2490 4755 γε
2519 4688 2688 4759 ἡδέων
2722 4688 2852 4757 ἑξῆς
2892 4689 3175 4753 ἁπάντων,
3210 4683 3282 4741 ὧν
3306 4691 3406 4741 οὐκ
3432 4692 3498 4742 ἂν
3529 4692 3779 4759 μετεῖχον
3808 4694 3992 4755 αὑτός.

2437 4781 2578 4833 ’Δλλ“
2612 4782 2755 4837 οὕτω
2809 4781 2995 4844 πάλιν,
3028 4777 3108 4844 οἷς
3149 4782 3214 4835 ἂν
3262 4783 3449 4851 γνοίην
3481 4783 3749 4843 ἐπείθετο.
3786 4786 3863 4847 ὠς
3898 4790 3997 4856 ἀρ-

2426 4871 2563 4925 κοῦν
2595 4868 2736 4925 εἶναι
2772 4872 2869 4923 καὶ
2897 4870 3084 4925 νεῦσαι
3110 4886 3127 4903 ⁶
3160 4872 3255 4924 καὶ
3284 4871 3387 4941 ἐφη
3421 4873 3649 4941 πράξειν
3698 4872 3726 4925 ὃ
3757 4875 3991 4944 θέλοιμι.

2423 4964 2522 5016 οὐκ
2556 4963 2683 5016 ἄνευ
2710 4962 2804 5015 τοῦ
2838 4963 3098 5031 δακρύειν
3145 4963 3361 5032 πικρόν.
3401 4962 3540 5029 Ἐγὼ
3568 4964 3637 5025 δ’,
3674 4966 3720 5015 εἰ
3752 4968 3849 5017 καὶ
3890 4984 3991 5018 πα-

2426 5055 2646 5124 ράδοξον
2687 5055 2895 5106 ἐκείνου
2957 5054 3233 5117 κλαίοντος
3266 5054 3538 5121 εὐθυμεῖν,
3580 5056 3730 5124 ὁμῶς
3773 5057 3991 5128 ἔχαιριιν

2420 5146 2488 5198 δι’
2522 5147 2688 5199 αὑτὸν
2730 5146 2823 5199 τὸν
2856 5146 3131 5207 κλαίοντα,
3179 5146 3275 5198 καὶ
3309 5144 3535 5213 βασιλέα
3584 5147 3672 5198 τὸν
3711 5148 3982 5215 φύσαντα.

2428 5241 2687 5294 Ἔσεσθαι
2739 5242 2845 5309 γὰρ
2895 5238 3246 5309 παραμυθίαν
3298 5240 3547 5306 ἐνόμιζον
3599 5240 3798 5311 ἐκείνῳ
3842 5246 3985 5311 μάλα

2420 5331 2680 5401 λαμπρὰν
2708 5333 2807 5402 τὴν
2842 5333 2935 5383 τοῦ
2964 5330 3150 5393 παιδὸς
3175 5330 3246 5392 ὡς
3279 5333 3455 5383 εἰπεῖν
3488 5331 3808 5386 ἀναϐίωσιν.
3828 5335 3983 5386 Ἀλλὰ

2420 5424 2527 5491 γὰρ
2554 5426 2640 5476 ὅτε
2670 5426 2835 5477 πᾶσιν
2865 5423 3045 5476 ἐδόκει
3077 5424 3135 5475 ἐν
3165 5424 3345 5491 χεροῖν
3375 5418 3517 5474 εἶναι
3544 5424 3604 5475 τὸ
3633 5426 3894 5493 πρᾶγμα,
3928 5427 3981 5474 τὸ

2418 5516 2466 5568 δ’
2497 5518 2595 5569 οὐκ
2642 5519 2721 5578 εἰς
2753 5517 2904 5578 τέλος
2952 5515 3134 5584 ἐξέϐη,
3169 5515 3260 5567 τοῦ
3292 5514 3427 5566 Θεοῦ
3456 5517 3583 5583 περὶ
3610 5516 3769 5584 ήμῶν
3801 5522 3983 5588 κρεῖτ-

2417 5608 2507 5661 τόν
2556 5626 2606 5660 τι
2645 5602 3116 5676 προϐλεψαμένου,
3148 5605 3238 5658 ἵνα
3268 5605 3341 5675 μὴ
3371 5608 3540 5674 χωρὶς
3578 5606 3712 5676 ἐμοῦ
3764 5611 3856 5660 καὶ
3886 5610 3975 5662 τοῦ

2418 5702 2621 5773 πατρὸς
2670 5701 2876 5759 ἐκεῖνος
2923 5696 3134 5766 ἐξέλθῃ.
3182 5696 3251 5748 Τὸ
3284 5697 3391 5762 γὰρ
3424 5695 3565 5749 τοῦτ’
3598 5699 3885 5767 ἀνακόψειν
3918 5703 3974 5773 τὸ

2418 5791 2710 5861 βούλευμα,
2752 5790 2885 5844 αὐτὸ
2930 5789 2993 5857 δὴ
3046 5787 3207 5839 τοῦτο
3263 5789 3484 5854 γέγονεν
3514 5789 3687 5840 αἴτιον
3748 5792 3841 5841 τοῦ
3878 5793 3972 5858 τῆς

2414 5885 2635 5953 εἱρκτῆς
2685 5885 2827 5952 ἡμᾶς
2856 5881 3136 5950 διαδρᾶναι
3190 5880 3401 5943 πάντας
3426 5882 3562 5950 ὁμοῦ
3586 5898 3599 5913 ι
3644 5883 3782 5952 ὅπερ
3812 5886 3967 5953 disp-.-
