4208 6444
211 460 320 525 205

993 458 1386 520 THEODORI
1436 460 1789 521 DESPOTJ‘I
1831 461 2218 520 L.\UD.\'I‘iO
2255 462 2654 524 FUNEBRIS.

3362 462 3468 527 206

213 572 246 622 6
267 573 326 633 ῖις
360 572 590 640 φράζειν
621 571 743 625 οὔτε
779 573 1138 642 προκείμενον
1167 576 1325 643 ἡμῖν,
1355 573 1464 625 οὔτ’
1499 575 1562 626 ἂν
1588 575 1673 642 εῐη
1705 574 1788 624 λε-
1823 581 1839 632 .‘

1896 573 1976 625 bis
2011 577 2344 640 propositum
2381 583 2488 635 est,
2515 589 2613 627 nec
2663 575 2834 642 possit
2893 584 3197 643 opportune
3224 593 3236 639 ;
3261 590 3384 629 cum
3412 579 3466 630 et

217 665 412 734 χθῆναι
450 666 546 718 σὺν
570 666 744 736 καιρῷ
767 682 780 694 °
818 665 994 728 ἄλλως
1026 666 1072 718 θ’
1102 667 1184 717 ὅτι
1217 668 1309 718 καὶ
1351 666 1666 735 περίεργον,
1715 667 1792 718 εί-

217 761 367 812 δὸσιν
400 761 622 814 ἅπαντα
656 760 858 828 λέγειν.

294 852 486 913 Ὅστις
523 851 619 919 μέν
646 851 738 903 οὖν
762 846 915 912 οὗτος
943 846 1009 919 ἦν
1033 850 1166 920 πρός
1198 867 1255 901 τε
1278 850 1470 917 γονέας
1498 848 1594 900 καὶ
1617 850 1786 916 ἡμᾶς,

222 947 315 997 καὶ
341 943 444 1014 τὴν
475 945 796 1011 συγγένειαν
829 943 954 1012 ἑξῆς
984 945 1186 1006 πᾶσαν,
1213 943 1359 994 δυοῖν
1385 958 1445 1007 γε
1472 940 1642 992 τοῖνδε
1677 940 1791 991 τοῖν

218 1037 534 1106 εἱρημένοιν
566 1035 940 1104 ἀποδεδεῖχθαί
992 1053 1080 1105 μοι
1114 1036 1388 1102 φαίνεται,
1432 1033 1510 1093 ὡς
1553 1032 1621 1095 ἐξ
1651 1033 1791 1084 ὀνύ-

220 1146 370 1196 χων,
392 1130 545 1196 φασὶ,
571 1129 675 1182 τὸν
695 1128 916 1181 λέοντα
937 1145 950 1159 ο
986 1129 1232 1196 μετιτέον
1251 1127 1304 1178 δέ
1328 1127 1417 1178 τὸν
1441 1125 1598 1191 λόγον
1614 1125 1705 1177 ἐπὶ
1721 1124 1790 1176 τὰ

218 1221 408 1289 πρόσω
429 1263 442 1283 ,
476 1220 1009 1289 παραδραμούμενον
1041 1206 1138 1290 μὲν
1159 1218 1226 1272 τὰ
1259 1219 1430 1271 πολλά
1453 1219 1560 1270 τῶν
1587 1217 1786 1287 ἐργων,

213 1312 414 1379 ὀλίγων
460 1313 503 1364 δ’
522 1309 586 1365 αὖ
623 1312 922 1381 ἁψόμενον·
952 1313 1209 1365 τοιούτων
1267 1314 1470 1380 μέντοι,
1499 1313 1637 1366 ὥστε
1690 1313 1789 1380 τὴν

213 1406 426 1456 ἐκείνου
457 1404 718 1459 δύνασθαι
755 1405 958 1474 ἀρετήν
991 1405 1233 1474 φανερὰν
1286 1410 1498 1458 ποιεῖν’
1533 1401 1643 1458 εἷεν
1678 1405 1787 1474 γὰρ

214 1497 282 1549 ἂν
314 1500 375 1550 οὔ
408 1499 863 1568 συμπτωμάτων,
901 1501 960 1551 οὐ
1003 1500 1192 1568 τύχης,
1233 1501 1292 1551 οὗ
1347 1498 1556 1567 καιρῶν
1605 1498 1788 1550 ἐπιθε-

217 1592 398 1657 μένων
442 1595 554 1652 τοῐς
585 1592 848 1654 ἐναντίοις
873 1606 888 1622 ·
926 1592 1102 1645 ταῦτα
1157 1592 1242 1661 δὴ,
1296 1595 1362 1644 τὰ
1423 1592 1653 1662 Νέρωνα
1693 1594 1786 1644 καὶ

215 1684 640 1751 Σαρδανάπαλον
698 1684 1134 1752 βασιλεύσανταο
1187 1685 1323 1737 ἀλλὰ
1381 1685 1786 1755 κατορθώματα

212 1777 428 1845 ἀνδρὸς,
457 1779 625 1848 ἀρετῇ
659 1777 1042 1846 συμϐιοῦντος.
1065 1777 1254 1842 Μείζω
1285 1780 1393 1848 γάρ
1424 1779 1532 1831 τῶν
1556 1780 1663 1831 ἀπὸ
1684 1779 1785 1846 τῆς

213 1869 386 1938 τύχης
421 1871 602 1932 ταυτὶ,
638 1866 899 1941 ὁπότανῇ
933 1870 1027 1922 καὶ
1065 1872 1207 1923 πάνυ
1241 1871 1451 1939 σμικρά
1475 1872 1700 1922 ’ἐκεῖνα
1725 1871 1780 1921 δέ

214 1963 357 2014 πάνυ
408 1962 661 2031 λαμπρὰ,
694 1964 893 2014 ὁπόσον
942 1963 1008 2015 ἀν
1042 1979 1125 2024 τις
1160 1962 1510 2032 ἐνθυμηθείη.
1562 1963 1634 2014 Τὸ
1674 1963 1782 2032 γάρ

211 2056 410 2125 εὐγενῆ
442 2072 562 2108 τινα
608 2057 703 2108 καὶ
737 2053 1089 2123 εὐπατρίδην,
1123 2054 1214 2105 καὶ
1249 2055 1580 2124 περιφανείᾳ
1610 2056 1779 2125 πο).λῇ

214 2152 409 2218 συζῇν,
443 2150 540 2202 καὶ
578 2149 936 2217 ἀνδραπόδων
995 2147 1224 2216 πλήθεσι
1256 2148 1653 2218 περιρρεῖσθαι,
1690 2149 1782 2200 καὶ

211 2243 432 2313 πλούτῳ
449 2241 822 2310 συχνῷκομᾷν,
837 2243 931 2295 καὶ
952 2245 1118 2296 πᾶσιν
1135 2243 1363 2305 ἐκείνοις
1387 2243 1778 2312 ἐνευδοκιμεῖν,

211 2338 280 2389 δι’
312 2332 386 2390 ῶν
423 2354 482 2388 τε
516 2337 756 2405 τρόπαια
783 2336 890 2388 ἀπὸ
923 2336 1030 2388 τῶν
1055 2335 1265 2404 ἐχθρῶν
1297 2337 1534 2398 ἵσταται,
1577 2337 1670 2387 καὶ
1701 2329 1782 2396 οἷς

212 2429 281 2481 ἂν
311 2428 704 2499 προσκυνοῖντο
735 2427 782 2479 οί
808 2429 1128 2496 μετέχοντες
1157 2430 1221 2480 ἐκ
1251 2429 1358 2480 τῶν
1375 2429 1650 2497 πανταχοῦ
1682 2428 1781 2497 τῆς

208 2521 536 2588 οἰκουμένης
557 2520 830 2590 περάτων,
854 2521 949 2571 καὶ
971 2520 1280 2591 ἀνθρώποις
1300 2517 1606 2582 ἀλλοκότοις
1633 2520 1781 2572 ἔστιν

208 2616 298 2666 ὅτε
356 2612 718 2680 παραγίνεται
777 2612 1033 2679 ἀλόγιστα
1094 2613 1411 2680 περαίνουσι
1462 2614 1550 2664 τὶν
1599 2611 1780 2664 αὐτῶν

213 2705 337 2773 βίον
360 2720 374 2734 ·
411 2705 580 2773 ἀρετῇ
610 2703 666 2755 δὲ
696 2702 792 2755 καὶ
826 2705 939 2764 τοῖς
969 2703 1235 2765 τοιούτοις
1273 2704 1424 2756 οῦδὲν
1457 2704 1521 2756 ἂν
1565 2705 1650 2775 εἴη
1684 2706 1780 2774 δή·

211 2814 317 2849 που
366 2796 562 2849 κοινόν.
597 2795 694 2847 Διὰ
728 2775 894 2847 τοῦτό.
929 2812 991 2862 γε
1028 2797 1256 2860 ἐκεῖνος,
1298 2799 1326 2849 ὁ
1351 2799 1486 2867 πρὸς
1518 2799 1610 2852 τὸν
1645 2801 1778 2854 Θεὸν

209 2890 314 2958 μὲν
347 2888 545 2949 ἀπιὼν,
579 2889 729 2956 ὑμῶν
772 2888 870 2956 μὲν
899 2885 1056 2950 αὖθις
1094 2889 1516 2958 ἐπιμελόμενος,
1551 2896 1610 2945 τὸ
1652 2897 1777 2947 είω-

206 2983 299 3044 θὺς
341 2980 489 3050 αὖτῷ
527 2983 718 3044 ποιῶν,
747 2982 880 3034 ὅπου
928 2984 1021 3033 καὶ
1053 2983 1252 3051 μᾶλλον
1291 2984 1489 3049 ἔξεστι,
1528 2986 1634 3038 τῶν
1677 2989 1777 3057 μὶν

205 3074 685 3142 ἀπηριθμημένων
720 3073 846 3140 ἑξῆς
892 3074 1149 3125 ἁπάντων
1182 3075 1506 3144 κατεφρόνει
1544 3094 1599 3129 τε
1633 3078 1774 3147 λαμ-

208 3164 388 3232 πρῶς,
427 3165 519 3216 καὶ
545 3164 697 3216 οὐδὲν
725 3165 863 3216 αὑτὰ
900 3166 1042 3232 μέγα
1067 3163 1353 3235 ἐνόμιζεν·
1387 3169 1501 3220 οὐδ’
1523 3169 1678 3238 ήξίου
1710 3189 1771 3238 γε

203 3258 514 3310 ἐπτοεῖσθαι
568 3257 704 3326 πρὸς
737 3257 907 3319 οὐδὲν,
951 3257 979 3309 ὃ
1026 3258 1099 3326 μὴ
1133 3258 1296 3311 καλὸν
1326 3260 1538 3312 οἴκοθεν
1559 3277 1571 3290 ⁸
1606 3263 1780 3330 εἴχετο
1810 3270 1846 3322 C

201 3350 259 3402 δέ
298 3351 576 3419 ἐπιμελῶς
630 3350 739 3402 τῶν
768 3351 868 3402 ὅσα
900 3349 965 3402 ἂν
1013 3350 1210 3419 βελτίω
1269 3355 1550 3420 ποιήσειεν
1609 3356 1778 3424 ἄνδρα

204 3441 369 3494 καλόν
397 3459 454 3492 τε
487 3442 582 3493 καὶ
618 3439 848 3507 ἀγαθὸν,
883 3443 976 3494 καὶ
1012 3441 1071 3505 ἐξ
1094 3441 1316 3509 ἀγαθῶν
1352 3444 1447 3496 καὶ
1476 3446 1659 3496 καλῶν
1688 3464 1780 3513 γει

202 3534 424 3600 γονότα.
460 3532 617 3586 Οὕτω
668 3534 777 3603 γὰρ
808 3533 1165 3598 πεπαίδευτο,
1201 3536 1297 3588 καὶ
1344 3536 1656 3605 μεμαθήκει
1691 3539 1780 3589 εὑ-

201 3626 306 3687 θὺς
333 3625 570 3694 τεχθεὶς,
595 3625 670 3688 ὡς
698 3628 891 3677 εἰπεῖν.
914 3623 1358 3695 Ἐπαναληπτέον
1382 3627 1435 3678 δέ
1462 3628 1520 3680 τὸ
1562 3631 1778 3698 προκείο

200 3733 394 3787 μενον.

277 3894 409 3968 Εἶχε
441 3896 508 3949 τὰ
559 3894 861 3964 πράγματα
894 3893 1080 3955 κακῶς
1129 3896 1193 3963 τῇ
1235 3893 1646 3965 Πελοποννήσῳ,
1681 3895 1777 3948 καὶ

196 3992 384 4044 ἐδόκει
413 3989 523 4040 δεῖν
567 3987 730 4040 αὐτὸν
778 3988 913 4038 ίέναι
957 3985 1089 4056 παρ’
1115 3985 1287 4054 αὑτήν
1317 3999 1333 4015 ⁸
1369 3985 1528 4039 λῦσαι
1579 3989 1685 4055 γὰρ
1712 3988 1777 4040 ἂν

197 4087 272 4138 τὰ
329 4085 480 4138 δεινὰ
513 4083 949 4154 παραγεγονότα,
1004 4082 1256 4150 καθάπερ
1307 4081 1461 4143 ἀκτὶς
1503 4082 1772 4150 ὁμίχλην·

197 4177 303 4229 καὶ
333 4174 393 4228 τὺ
437 4175 614 4242 δόγμα
646 4173 916 4242 κυρωθὲν,
963 4170 1218 4224 τοσοῦτον
1257 4172 1368 4232 τοῖς
1417 4173 1534 4222 ἐκεῖ
1582 4170 1776 4239 βεϐοή-

197 4268 342 4337 θηκε
374 4266 691 4336 πράγμασι,
725 4264 827 4332 τῆς
858 4265 1048 4332 φήμης
1072 4262 1262 4330 ὥσπερ
1301 4263 1612 4333 ὑποπτέρου
1646 4280 1779 4314 παν-

194 4355 405 4425 ταχὸσε
435 4354 864 4424 διαδραμοὺσης,
893 4354 1017 4405 ὅσον
1043 4353 1142 4404 οὐκ
1177 4353 1242 4407 ἀν
1275 4370 1359 4415 τις
1393 4348 1548 4422 οἶμαι
1577 4354 1778 4423 ῥᾳδίως

196 4449 576 4518 ἐπιδημήσας.
624 4447 796 4508 Αὐτὸς
829 4446 911 4509 δέ,
943 4445 1178 4509 ἐλπίζων
1217 4445 1392 4508 οὕτως
1423 4447 1774 4516 ἐκδήσεσθαι,

195 4541 408 4608 δηλαδὴ
443 4539 620 4599 καλῶς
646 4537 714 4590 τὰ
760 4537 1063 4605 πράγματα
1103 4538 1347 4606 σχήσειν,
1394 4537 1470 4604 τῷ
1498 4539 1622 4598 τοὺς
1668 4537 1772 4589 Πε-

1895 664 2095 734 alioqui
2128 667 2422 721 scientibus
2445 668 2626 720 omnia
2671 670 2742 723 sit
2769 682 3235 736 supervacaneum
3255 669 3464 723 dicere.

1965 846 2102 900 Puto
2132 849 2335 915 itaque,
2390 850 2522 903 satis
2548 850 2837 919 [superque
2883 848 3084 917 duplici
3125 846 3228 900 hac
3276 862 3472 899 narra-

1896 937 2042 990 tione
2067 939 2379 1006 probatnm,
2417 941 2594 1007 qualis
2633 941 2719 994 hic
2752 941 2802 992 in
2838 949 3112 1008 parentes,
3149 953 3378 1007 nosque,
3411 951 3472 989 ac

1896 1030 2157 1097 reliquam
2216 1033 2594 1098 cOgnationem
2657 1041 2820 1089 esset.
2889 1045 3150 1100 tanquam
3187 1046 3251 1084 ea:
3296 1046 3469 1098 ungue

1892 1121 2117 1186 leonem,
2146 1125 2289 1190 quod
2333 1123 2529 1188 aiunt;
2585 1139 2750 1192 porro
2799 1123 3131 1177 traducenda
3182 1123 3360 1175 oratio
3401 1122 3464 1174 ad

1895 1211 2173 1276 ulteriora,
2208 1221 2265 1266 ut
2294 1221 2476 1268 tamen
2523 1214 2779 1283 pleraque
2815 1214 2935 1284 ejus
2972 1228 3199 1282 operum
3240 1226 3467 1282 praster-

1894 1301 2032 1364 iens,
2095 1319 2264 1371 pauca
2293 1314 2501 1358 tantum
2541 1323 2733 1361 rursus
2770 1308 3118 1376 perstringat,
3153 1321 3217 1360 ex
3269 1306 3468 1375 quibus

1895 1407 2071 1450 tamen
2095 1397 2213 1462 ejus
2249 1400 2532 1465 perspicue
2561 1401 2734 1454 virtus
2759 1400 2993 1454 eluceat.
3037 1400 3246 1468 Quippe
3305 1409 3470 1452 erunt

1889 1502 1998 1540 non
2039 1503 2220 1552 casus,
2247 1504 2354 1542 n0u
2393 1490 2645 1550 fon-tuum.
2680 1507 2786 1544 non
2845 1501 3148 1559 temporum
3209 1491 3468 1544 adversa-

1891 1580 1987 1633 riis
2027 1581 2382 1649 iniquiorum.
2419 1583 2544 1638 Hzrc
2581 1601 2811 1653 namque
2865 1585 3095 1638 Neronis
3153 1600 3216 1638 ac
3267 1584 3469 1638 Sarda-

1891 1675 2068 1742 napali
2099 1691 2260 1742 regna
2288 1678 2587 1747 insigniant
2622 1695 2635 1742 ;
2697 1680 2790 1732 sed
2823 1679 2922 1731 viri
2973 1680 3174 1731 virtute
3232 1678 3466 1732 viventis

1890 1767 2151 1834 praeclara
2186 1778 2358 1836 gesta.
2395 1768 2518 1823 llaec
2548 1771 2690 1823 enim
2725 1771 2930 1840 majora
2961 1781 3110 1835 sunt,
3139 1785 3300 1840 quam
3341 1784 3464 1838 qua:

1892 1875 1918 1910 a
1950 1858 2191 1923 fortuna,
2223 1861 2313 1913 ubi
2355 1862 2521 1914 etiam
2599 1862 2802 1916 fuerint
2857 1863 3148 1917 admodum
3227 1862 3462 1915 modica.

1892 1950 2028 2003 Cum
2062 1960 2242 2005 autem
2288 1954 2440 2008 valde
2477 1954 2782 2022 splendida,
2837 1955 3026 2024 quanti
3058 1956 3146 2008 illa
3189 1954 3302 2007 fieri
3369 1953 3466 2006 dc-

1894 2041 2154 2096 buerint?
2187 2043 2320 2097 Nam
2345 2055 2403 2097 ut
2441 2046 2565 2113 quis
2600 2046 2762 2099 nobili
2789 2049 3042 2116 prosapia
3086 2026 3342 2100 ortus\sit
3398 2061 3465 2099 ac

1893 2133 2085 2187 illustri
2145 2137 2343 2203 patria,
2406 2137 2811 2207 admodumque
2856 2140 3138 2207 splendide
3190 2140 3356 2195 vivat.
3401 2154 3465 2192 ac

1892 2227 1961 2279 sit
2010 2227 2377 2283 circumfusus
2439 2244 2719 2284 servorum
2788 2231 3038 2300 agmine,
3112 2231 3464 2300 abundetquc

1891 2319 2043 2382 copia
2076 2319 2412 2383 divitiarum,
2441 2322 2588 2374 aciis
2622 2322 2881 2375 omnibus
2930 2323 3113 2375 clarus
3175 2323 3461 2387 habeatur,

1890 2410 2088 2478 quibus
2117 2412 2342 2466 excitari
2373 2414 2570 2468 habent
2607 2422 2807 2481 tropaea
2856 2417 2923 2468 de
2955 2415 3224 2477 hostibus,
3253 2430 3316 2470 ac
3338 2417 3463 2484 qui-

1891 2501 1991 2555 bus
2029 2503 2063 2555 ii
2087 2506 2177 2572 qui
2205 2505 2426 2568 liabent.
2485 2508 2553 2561 ab
2585 2509 2736 2563 orbis
2776 2508 3012 2563 universi
3045 2509 3265 2572 finibus,
3290 2510 3462 2562 hono-

1891 2595 2042 2650 ribus
2083 2607 2428 2667 augeantur;
2467 2599 2580 2654 hate
2633 2601 2822 2669 utique
2869 2602 3194 2655 monstrosis
3242 2617 3460 2671 quoque

1891 2686 2229 2754 hominibus,
2273 2706 2334 2744 ac
2354 2691 2582 2746 alienea
2619 2693 2834 2748 ratione
2887 2695 3212 2758 viventibus,
3266 2710 3461 2764 suppe-

1889 2791 2001 2834 tant
2033 2800 2046 2846 ;
2084 2784 2282 2851 quibus
2321 2786 2480 2852 plane
2510 2801 2574 2840 ac
2603 2787 2789 2849 virtuti
2812 2789 2952 2841 nulla
3003 2788 3316 2842 communio
3347 2788 3462 2842 fue-

1889 2877 1974 2925 rit.
2015 2874 2378 2938 Quamobrem
2419 2875 2497 2927 \ir
2525 2877 2590 2928 ad
2631 2876 2799 2929 Deum
2832 2877 3129 2946 profectus,
3182 2879 3462 2947 nostrique

1888 2965 2016 3023 illic.
2041 2977 2199 3033 prout
2244 2967 2487 3021 moribus
2530 2969 2761 3021 habebat
2822 2980 3218 3038 comparatum,
3269 2972 3357 3024 ubi
3406 2981 3459 3021 ιιι

1886 3058 2117 3124 amplius
2175 3057 2338 3122 licet,
2392 3059 2586 3112 iterum
2639 3063 2827 3114 curam
2896 3077 3135 3131 gerens,
3193 3066 3459 3118 recensita

1885 3149 2066 3200 Omnia
2098 3149 2375 3215 magnifice
2421 3152 2733 3219 spernebat,
2763 3167 2826 3205 ac
2873 3155 3004 3208 nihil
3066 3157 3244 3226 magni
3301 3171 3462 3226 puta-

1885 3242 2012 3306 bat;
2051 3257 2149 3294 nec
2179 3258 2237 3295 re
2273 3243 2378 3295 ulla
2427 3246 2641 3298 volebat
2697 3247 3048 3302 admirationi
3101 3265 3243 3314 esse,
3291 3267 3456 3319 quam

1885 3332 1927 3385 si
1957 3348 2076 3400 qua:
2127 3334 2241 3401 ipsa
2281 3350 2344 3388 ac
2372 3351 2436 3389 ex
2479 3338 2713 3405 propriis
2742 3340 3000 3406 praeclara
3028 3353 3204 3396 esset:
3251 3345 3463 3397 studio-

1883 3439 1941 3476 se
1975 3439 2104 3478 vero
2134 3428 2465 3490 sectabatur,
2501 3429 2544 3482 si
2593 3444 2701 3497 qua
2755 3433 3075 3499 praeclarum
3127 3450 3188 3488 ac
3233 3436 3457 3501 bonum,

1881 3532 2060 3586 exque
2113 3517 2274 3572 bonis
2347 3535 2410 3571 at:
2468 3522 2742 3589 praeclaris
2773 3534 2949 3577 ortum
3007 3526 3282 3590 decerent.
3367 3531 3461 3583 Sic

1883 3624 2117 3675 namque
2153 3609 2433 3664 institutus
2484 3612 2681 3678 fuerat,
2744 3616 2931 3684 sicque
2965 3634 3089 3670 mox
3145 3629 3331 3686 natus,
3397 3634 3458 3675 ut

1881 3702 1955 3753 ita
1990 3702 2190 3766 dicam,
2238 3703 2523 3758 didicerat.
2572 3706 2918 3762 Resumenda
2993 3711 3151 3765 nobis
3210 3713 3456 3782 subjecta

1883 3794 2130 3848 materia.

1952 3883 2088 3938 Male
2124 3901 2210 3940 res
2284 3885 2639 3956 PcIOponnesi
2683 3891 2981 3956 habebant,
3038 3894 3268 3964 ejusque
3324 3896 3459 3950 illuc.

1881 3976 2144 4044 profectio
2174 3994 2354 4044 opera:
2387 3981 2619 4048 pretium
2660 3983 2965 4038 videbatur.
3024 3985 3161 4040 Fore
3225 3989 3370 4042 enim
3398 4000 3456 4040 ut

1880 4069 2061 4122 statim
2111 4086 2349 4137 praesens
2390 4074 2530 4126 mala
2565 4075 2906 4140 dissolveret,
2939 4079 3013 4130 uti
3052 4079 3235 4132 radius
3287 4081 3457 4134 nebu-

1880 4160 2006 4213 lam.
2055 4158 2288 4214 Tantnni
2340 4164 2608 4232 saneejus
2664 4167 3250 4234 mittendidecretnm,
3308 4172 3452 4224 fama

1880 4248 2081 4317 ubique
2114 4262 2458 4320 pervagante,
2496 4253 2644 4308 illius
2671 4256 2968 4322 provinciae
2995 4259 3158 4312 rebus
3194 4263 3451 4321 contulit,

1878 4349 2170 4408 quantum,
2223 4353 2376 4411 puto,
2435 4359 2594 4398 nemo
2630 4347 2785 4400 tacile
2820 4349 3083 4416 potuisset
3141 4356 3451 4418 praesentia.

1878 4433 2124 4502 Eumque
2149 4433 2237 4485 ille
2279 4449 2590 4489 successum
2616 4453 2841 4505 sperans
2863 4478 2876 4501 ,
2927 4449 2986 4491 ut
3014 4441 3232 4510 inquam
3295 4443 3454 4498 Pelo-

1879 4525 2104 4590 punnesi
2131 4539 2235 4587 res,
2263 4525 2379 4579 sola
2400 4528 2517 4594 ejus
2550 4527 2692 4582 fama
2727 4532 2988 4598 nominis,
3019 4551 3184 4603 quam
3220 4538 3330 4591 illic
3353 4554 3451 4606 ap-

195 4630 599 4699 λοποννησίους
630 4628 1011 4699 μεμαθηκέναι
1045 4627 1114 4681 τὰ
1143 4630 1275 4699 περὶ
1318 4628 1496 4690 τοῦδε,
1532 4630 1625 4681 καὶ
1658 4630 1776 4694 μετ’
1811 4617 1839 4669 Γ

1886 4616 2053 4682 prime
2088 4626 2271 4670 notam
2307 4619 2488 4682 sciret,
2520 4634 2987 4689 componerentur
3027 4643 3040 4678 :
3075 4642 3138 4680 ac
3169 4628 3255 4681 ubi
3288 4638 3448 4697 patilo

192 4725 260 4776 οὐ
305 4722 442 4774 πολὺ
472 4720 662 4790 μαθὼν
692 4721 834 4773 κατά
864 4721 962 4787 τὴν
990 4719 1151 4782 δόξαν
1201 4719 1562 4790 ἐκῦεσηκότα,
1593 4720 1779 4790 κέκρι-

198 4831 304 4868 κεν
357 4813 437 4864 Evt
489 4813 994 4880 προσπαραμεῖναι.
1044 4810 1150 4872 ἕως
1183 4809 1268 4874 ἂν,
1325 4811 1504 4864 πάντα
1535 4812 1777 4878 γεγονὼς

199 4910 300 4961 καὶ
332 4905 795 4973 διαπραξάμενος,
830 4903 916 4974 ίδῃ
949 4903 1046 4972 μὲν
1073 4904 1162 4972 τὸν
1193 4902 1414 4970 βασιλέα
1446 4904 1540 4954 καὶ
1565 4905 1776 4972 πατέρα

194 5004 260 5053 ἐν
283 5001 398 5061 τοῖς
427 4995 678 5048 εἰωθόσιν
701 4995 854 5056 ὅντα,
895 4993 1236 5062 πραγμάτων
1269 4994 1370 5062 μέν
1391 4994 1777 5060 ἀπαλλαγέντα·

196 5092 432 5151 τελέως,
469 5088 712 5158 γαλήνης
743 5086 800 5138 δέ
835 5085 1035 5152 λευκῆς
1075 5084 1415 5136 ἀπολαύοντα
1435 5099 1450 5114 ·
1486 5085 1570 5155 ῐδῃ
1599 5085 1652 5138 δὲ
1682 5087 1775 5137 καὶ

194 5186 307 5251 τὴν
355 5183 569 5250 μητέρα
626 5177 723 5230 σὺν
753 5177 830 5246 τῷ
875 5178 1077 5245 ἑαυτῆς
1103 5177 1272 5245 πατρὶ
1325 5175 1419 5227 καὶ
1449 5177 1586 5244 [ταῖν
1623 5175 1776 5227 ἀδελ-

195 5278 340 5344 φαῖν
392 5274 575 5326 οίκαδε
629 5269 1028 5323 ἐπανελθοῦσαν
1067 5270 1130 5322 ἐκ
1167 5269 1264 5335 τῆς
1315 5269 1579 5337 φρουρᾶς,
1631 5270 1687 5318 ἐν

194 5367 527 5435 κατείχοντο
555 5364 706 5429 παρᾶ
752 5362 860 5415 τῶν
896 5361 1162 5413 Λατίνων.
1197 5359 1367 5412 Οὐδὲν
1417 5355 1528 5428 γὰρ
1570 5358 1682 5428 ἐρῶ
1707 5376 1771 5426 γε

194 5460 372 5514 πλέον
412 5457 624 5509 πολλῶν
659 5454 743 5506 ῑνε
753 5472 842 5507 κα.

273 5550 452 5601 Ταυτὶ
507 5549 605 5616 μέν
657 5546 749 5598 οὖν
788 5545 949 5614 ἐξέϐη
1003 5546 1139 5596 κατὰ
1193 5543 1418 5607 σκοπὸν,
1471 5544 1565 5596 καὶ
1602 5543 1772 5612 πέρας

193 5640 399 5696 ἔλασεν
430 5637 657 5704 ἀγαθὸν,
691 5638 1088 5705 συναιρομένης
1115 5636 1213 5702 τῆς
1241 5635 1390 5698 θείας
1411 5634 1605 5703 ῥοπῆς,
1633 5634 1771 5702 μετά

191 5739 261 5786 τὸ
300 5732 500 5802 πολλὴν
528 5732 628 5800 μὶν
660 5731 823 5782 αὐτὸν
851 5729 1074 5796 ἀνδρίαν
1109 5731 1202 5780 καὶ
1234 5730 1612 5794 γενναιότητα,
1643 5724 1772 5776 πολ-

195 5824 308 5891 λὴν
340 5823 384 5873 δ’
419 5822 751 5892 ἐγρήγορσιν
782 5820 872 5872 καὶ
908 5819 1165 5887 σπουδὴν,
1195 5816 1396 5884 πολλὴν
1425 5815 1479 5866 δὲ
1509 5817 1771 5893 φρόνησιν

191 5913 579 5977 ἐπιδείξασθαι
626 5912 703 5980 τῷ
743 5911 874 5980 πρὸς
919 5913 1042 5972 τοὺς
1087 5910 1346 5969 Λατίνους
1397 5908 1513 5958 τότε
1548 5907 1767 5974 πολέμῳ

1882 4714 2001 4773 post
2027 4706 2104 4759 sic
2149 4707 2322 4776 reipsa
2354 4710 2688 4765 successisse
2722 4715 2998 4780 cognovit,
3025 4730 3206 4769 moras
3231 4719 3457 4786 aliquas.

1881 4793 2172 4848 tralicndas
2219 4797 2395 4861 duxit,
2453 4800 2578 4851 dum
2646 4803 2864 4855 interim
2909 4802 3087 4857 factus
3145 4807 3350 4872 omnia,
3388 4825 3450 4861 ac

1881 4884 2130 4936 universa
2165 4899 2377 4952 gerens,
2421 4885 2800 4954 imperatorem
2850 4904 2912 4941 ac
2973 4900 3182 4958 patrem
3237 4893 3289 4945 in
3342 4909 3452 4961 pn-

1879 4977 2019 5028 stina
2056 4980 2362 5030 restitutum
2405 4979 2628 5041 videret,
2685 4981 2972 5049 anegotiis
3031 4982 3268 5051 perfecte
3313 4986 3452 5038 libe-

1880 5084 2020 5130 rum,
2053 5084 2115 5122 ac
2171 5069 2365 5121 blanda
2435 5069 2704 5123 fruentem
2757 5075 3189 5140 tranquillitate;
3240 5076 3449 5130 videret

1878 5174 2006 5212 vero
2035 5170 2089 5214 et
2121 5169 2371 5225 matrem,
2408 5161 2707 5229 matrisque
2729 5174 2958 5229 patrem,
2987 5180 3049 5217 ac
3080 5180 3316 5230 sorores,
3349 5170 3447 5222 do-

1880 5268 2024 5304 mum
2055 5267 2245 5305 omnes
2275 5266 2523 5306 reversos
2547 5268 2576 5305 a
2614 5255 2890 5321 praesidio,
2922 5269 3031 5324 quo
3065 5255 3244 5310 Latini
3299 5269 3447 5311 tene-

1878 5355 2017 5396 rent.
2043 5343 2148 5399 Nec
2180 5345 2320 5398 enim
2380 5346 2530 5413 plura
2581 5346 2696 5398 haec
2739 5346 2995 5409 referam,
3049 5348 3212 5416 idque
3262 5351 3446 5403 inultis

1875 5435 1940 5488 de
1963 5436 2164 5489 causis.

1948 5527 2038 5581 Sic
2061 5527 2250 5596 utique
2278 5542 2366 5581 res
2428 5539 2836 5591 successerunt,
2886 5543 2951 5583 ac
2977 5530 3174 5582 bonum
3222 5543 3445 5599 accepe-

1877 5629 2002 5671 runt
2037 5621 2216 5684 tinem,
2246 5618 2354 5671 Deo
2385 5619 2522 5672 bene
2551 5619 2790 5685 auSpice,
2829 5621 2918 5673 ubi
2980 5620 3068 5672 ille
3125 5621 3264 5674 bello
3319 5632 3448 5678 tunc

1875 5721 2061 5764 contra
2101 5712 2341 5773 Latinos,
2404 5712 2630 5764 multam
2694 5711 3086 5776 fortitudinem,
3136 5729 3199 5768 ac
3231 5718 3439 5769 strenui

1875 5806 2041 5856 robur
2063 5805 2252 5863 animi,
2311 5804 2644 5870 multamque
2670 5819 2730 5855 ac
2789 5804 3001 5871 vigilem
3055 5805 3437 5872 diligentiam,

1875 5899 2093 5950 multam
2120 5897 2348 5963 denique
2375 5895 2735 5963 prudentiam,
2769 5912 2863 5963 pro
2910 5898 3105 5965 patria,
3156 5913 3218 5951 ac
3261 5909 3439 5967 gente,
