4208 6444
719 452 823 516 2οἹ
1876 446 2277 507 MANUELIS
2322 447 2763 509 PALKEOLOGI
3864 448 3972 510 208

721 565 1173 637 parentibusque,
1205 562 1491 618 decertans
1547 558 1902 615 ostendisset.
1954 560 2091 612 Cum
2153 557 2288 610 nihil
2320 562 2367 616 Α

2320 562 2367 616 Α
2396 561 2536 632 ὑπὲρ
2575 562 2675 631 τῆς
2713 561 2973 630 πατρίδος
3007 580 3065 615 τε
3111 563 3208 615 καὶ
3244 562 3337 615 τοῦ
3367 561 3559 630 γένους
3592 562 3689 615 καὶ
3722 561 3834 613 τῶν
3869 580 3970 628 φυ-

720 660 904 727 itaque
932 657 1121 711 deesse
1152 654 1452 717 videretur,
1490 668 1601 721 quo
1636 652 1720 705 vir
1768 651 1942 705 bonus
2015 659 2069 703 et
2120 649 2293 702 bonus

2400 655 2631 706 σάντων.
2662 654 2847 722 Μηδὲν
2879 671 2972 707 ουν
3000 655 3137 716 ὅλως
3167 654 3535 723 παραλιπόντι
3575 654 3683 705 τῶν
3725 654 3870 714 ὅσοις
3899 652 3967 705 ἂν

721 751 891 805 videri
915 748 1104 818 possit,
1127 747 1359 801 delatam
1395 744 1752 813 PeIOponncsi
1813 742 2153 812 provinciam
2201 755 2294 793 ac-

2396 740 2543 812 εἷχεν
2578 746 2720 816 ἀνὴρ
2758 746 2988 814 ἀγαθὸς,
3021 746 3153 799 αὑτό
3184 763 3246 812 γε
3277 746 3421 799 τοῦτ’
3465 748 3604 815 ἀνὴρ
3634 745 3835 810 ἀγαθὸς
3863 762 3972 809 φα-

719 845 871 912 cipit,
907 857 1015 895 non
1038 851 1145 893 tam
1169 840 1512 893 hereditario
1543 838 1687 903 jure,
1720 851 1882 904 quam
1911 836 1963 888 in
1995 842 2297 902 partem,ac

2396 837 2577 905 νῆναι.
2630 838 2837 891 δίδοται
2884 838 3059 908 τούτῳ
3088 841 3120 905 ἠ
3179 838 3611 904 Πελοπόννησος,
3642 838 3701 889 ού
3766 836 3972 904 μᾶλλον

715 934 1086 1007 justissimum
1123 931 1565 1000 prannium,cum
1603 928 1954 996 impensioris
1986 926 2133 978 illius
2167 937 2286 995 gra-

2397 929 2659 999 κλῆροςῆ
2715 932 2895 1001 μερὶς,
2932 932 2963 1001 ἦ
2997 920 3163 1000 γ’έρας
3213 932 3556 984 δικαιότατον
3591 929 3690 997 τῆς
3733 945 3793 980 τε
3828 928 3968 995 πρὸς

726 1028 981 1082 titudinis
1013 1026 1067 1079 iu
1101 1035 1375 1094 parentes,
1443 1032 1554 1074 tum
1611 1022 1869 1073 exhibita:
1933 1016 2290 1077 fortitudinis,

2395 1022 2593 1087 γονέας
2648 1023 3093 1091 εὐγνωμοσύνης,
3122 1023 3219 1091 τῆς
3268 1039 3328 1073 τε
3362 1022 3608 1090 ἀνδρίας,
3652 1015 3718 1090 ἧς
3751 1020 3974 1071 ἐπεδεί-

720 1136 785 1176 ac
852 1122 1018 1174 totius
1046 1118 1164 1185 ejus
1231 1114 1450 1183 reliqua:
1526 1112 1766 1165 virtutis.
1831 1110 2080 1163 Arbitror
2149 1107 2293 1161 enim

2397 1112 2543 1175 ξατο,
2579 1112 2671 1162 καὶ
2703 1111 3006 1181 συλλήϐδην
3031 1114 3127 1177 τῆς
3175 1112 3369 1179 λοιπῆς
3398 1112 3621 1181 ἀρετῆς.
3652 1106 3821 1176 Οἶμαι
3857 1110 3970 1175 γὰρ

723 1215 812 1267 hic
847 1210 1216 1272 concurrisse,
1240 1220 1297 1261 ut
1318 1221 1424 1275 qua
1471 1204 1592 1271 quis
1622 1204 1814 1258 lubens
1841 1203 2008 1267 dicat,
2045 1201 2295 1270 quojure

2396 1204 2645 1257 ἐνταυθοῖ
2697 1204 3221 1272 συνδεδραμηκέναι,
3278 1206 3489 1272 ὅσαπερ
3539 1205 3604 1256 ἄν
3649 1219 3755 1254 τινι
3814 1203 3974 1269 φίλον

720 1304 1012 1357 admodum
1055 1300 1283 1353 delatam
1324 1300 1439 1350 viro
1483 1297 1816 1366 provinciam
1878 1295 2003 1347 velit
2045 1292 2292 1361 probare.

2394 1295 2599 1359 λέγειν,
2629 1295 2696 1345 δι’
2726 1288 2801 1346 ὧν
2833 1295 2944 1363 ἔχοι
2991 1295 3264 1347 δεικνύναι
3303 1295 3510 1361 ταύτην
3553 1294 3798 1346 δεδόσθαι
3832 1291 3972 1354 τῷδε

719 1398 1102 1464 Accepitergo
1134 1406 1309 1444 neoue
1350 1391 1517 1459 patris
1560 1397 1946 1454 congruentem
1999 1384 2290 1446 desiderio,

2394 1387 2585 1454 τάνδρὶ
2618 1389 2757 1455 μετά
2788 1387 2982 1438 πολλοῦ
3010 1386 3103 1438 τοῦ
3138 1388 3371 1439 δικαίου.
3402 1389 3601 1454 Ἐσχεν
3625 1386 3723 1438 οὖν
3754 1386 3969 1444 ἐκεῖνος

719 1503 823 1542 nec
860 1500 989 1540 vero
1022 1486 1115 1537 filii
1151 1483 1360 1541 virtuti,
1393 1479 1486 1536 sed
1533 1478 1788 1546 praesenti
1835 1478 2006 1545 magis
2036 1476 2293 1537 fortunae,

2394 1479 2577 1549 τήνδε,
2604 1479 2729 1529 οὗτε
2760 1478 2855 1530 τοῦ
2889 1478 3099 1547 πατρὸς
3130 1482 3195 1546 τῇ
3225 1478 3506 1546 προθυμίᾳ
3538 1478 3968 1545 ξυμὸαίνουσαν,

721 1596 787 1634 ac
817 1579 978 1632 rebus
1009 1578 1085 1630 sic
1126 1574 1359 1626 aﬂlictis.
1394 1571 1458 1624 At
1487 1572 1631 1625 enim
1671 1570 1858 1623 videor
1888 1584 1994 1622 non
2041 1578 2294 1622 accurate

2395 1572 2519 1621 οὗτε
2576 1574 2682 1638 μὴν
2708 1574 2773 1639 τῇ
2823 1570 2919 1622 τοῦ
2950 1571 3141 1632 παιδῦς
3172 1573 3369 1639 ἀρετῇ,
3424 1571 3558 1623 ἀλλά
3599 1574 3664 1639 τῇ
3713 1570 3971 1639 παρούσῃ

722 1672 882 1726 verba
918 1682 1231 1735 usurpasse.
1285 1663 1353 1717 Ut
1399 1664 1521 1731 quis
1546 1663 1846 1715 enimvero
1894 1661 2294 1729 proximiusdi-

2394 1662 2531 1731 τύχῃ
2568 1664 2660 1713 καὶ
2692 1665 2755 1731 τῇ
2803 1662 2911 1714 τῶν
2966 1666 3313 1731 πραγμάτων
3358 1664 3585 1731 ἀπορία.
3631 1662 3792 1714 Ἀλλά
3837 1663 3974 1729 γὰρ,

721 1772 830 1823 cat,
864 1776 970 1814 non
1002 1770 1107 1814 tam
1136 1758 1208 1810 illi
1240 1758 1643 1823 Peloponnesus
1698 1754 1822 1806 data
1857 1764 1961 1816 est,
2006 1768 2167 1820 quam
2202 1753 2292 1804 ille

2395 1756 2468 1814 ὡς
2500 1754 2697 1815 ἔοικεν,
2732 1755 2832 1806 οὐκ
2858 1756 3106 1823 ἀκριϐῶς
3138 1758 3249 1817 τοῖς
3294 1756 3551 1824 ὀνόμασιν
3582 1754 3970 1824 ἐχρησάμεθα.

720 1856 1113 1923 Peloponneso.
1147 1849 1291 1903 Nihil
1316 1848 1459 1901 enim
1484 1848 1570 1899 illa
1598 1863 1689 1914 per
1721 1847 1770 1898 id
1798 1855 2011 1913 tempus
2039 1844 2288 1897 auxiliari
2326 1891 2364 1944 Β

2326 1891 2364 1944 Β
2398 1846 2459 1895 Ei
2488 1846 2595 1914 γὰρ
2622 1847 3021 1915 τάληθέσιερον
3058 1848 3201 1898 εἴποι
3249 1864 3353 1911 τις,
3391 1847 3450 1898 ού
3491 1846 3689 1915 μᾶλλον
3722 1846 3901 1915 τούτῳ
3936 1848 3972 1914 ἡ

722 1956 929 2015 νςιιρινιιι
955 1986 970 2010 ,
1001 1943 1093 1997 Sed
1142 1942 1262 2010 ejus
1298 1941 1469 2009 magis
1495 1938 1698 1990 auxilio
1730 1937 1959 2002 egebat;
1993 1936 2203 1989 tametsi
2234 1946 2288 1987 et
2326 1930 2364 1944 “’

2326 1930 2364 1944 ν
2398 1938 2804 2005 Πελοπόννησος
2840 1938 2986 2007 ἤπερ
3020 1930 3177 1997 (οὗτοέ
3207 1938 3417 1991 δέδοται
3446 1942 3510 2006 τῇ
3550 1939 3970 2006 Πελοπ⁰ν’¹ἠσίε³“

719 2042 807 2092 iiie
845 2040 924 2092 sic
950 2041 1193 2099 haberet,
1248 2032 1379 2084 mei
1449 2032 1616 2083 nihilo
1667 2028 1845 2083 secius
1900 2028 2103 2081 auxilio
2153 2044 2288 2095 opus

2394 2032 2469 2081 Οὐ
2493 2036 2601 2097 γὰρ
2640 2032 2859 2097 βοηθεῖν
2885 2033 3080 2099 ἐκείνῳ
3116 2030 3237 2081 τότε
3277 2031 3561 2098 δυνάμεως
3595 2029 3745 2098 εἶχεν
3768 2046 3782 2059 ·
3830 2032 3973 2083 ἀλλὰ

720 2130 1019 2196 esset:qui
1051 2140 1223 2195 nuper
1280 2130 1459 2177 nudus
1504 2122 1754 2174 ιῖιιιιιιὺιιε
1801 2135 2055 2189 egressus
2096 2121 2287 2189 praesi-

2392 2123 2491 2189 τῆς
2535 2123 2699 2173 αὑτοῦ
2755 2122 3007 2190 βοηθείας
3051 2123 3252 2189 μᾶλλον
3305 2120 3373 2194 ἦν
3422 2124 3743 2193 χρῄζουσα’
3794 2125 3978 2175 καίτοι

720 2226 834 2287 dio,
868 2222 998 2275 nihil
1024 2235 1114 2288 per
1141 2228 1375 2284 tempus,
1415 2230 1514 2265 ("tm
1543 2221 1755 2266 meatus
1796 2212 2087 2264 necessarii
2140 2228 2288 2263 com-

2394 2218 2645 2273 κακεῖνος
2702 2216 2942 2277 τοιοῦτος
3001 2212 3067 2286 ἦν
3123 2217 3452 2281 τηνικαῦτα,
3509 2218 3650 2268 ὥστε
3712 2217 3974 2286 βοηθείας

719 2329 912 2385 parare
957 2316 1243 2381 potuisset.
1284 2310 1662 2361 Commeatum
1698 2305 1843 2365 dico,
1894 2319 2170 2357 armorum
2205 2320 2284 2355 ru-

2388 2306 2614 2368 δεῖσθαι,
2649 2308 2803 2372 ιζιλὸς
2850 2309 2947 2373 μὲν
2983 2309 3204 2361 πάντων
3272 2311 3370 2376 τῆς
3418 2312 3660 2378 φρουρᾶς
3712 2309 3975 2373 ἐξελθὼν,

720 2408 843 2467 hur,
882 2403 1318 2468 suﬂieicntesque
1356 2399 1632 2467 pecunias,
1669 2398 1719 2449 in
1772 2396 2081 2449 necessaria
2147 2394 2289 2446 mili-

2394 2402 2561 2469 μηδὲν
2592 2401 2646 2452 δὲ
2679 2400 2927 2466 δυνηθεὶς
2962 2400 3047 2451 διὰ
3096 2403 3187 2451 τὸν
3223 2402 3418 2468 καιρὸν
3450 2401 3783 2469 κτήσασθαι.
3818 2402 3979 2464 Λέγω

724 2509 837 2549 tum
876 2492 1264 2562 impendendas
1296 2490 1567 2551 subsidia,
1608 2503 1671 2541 ac
1694 2488 1916 2541 omnino
1942 2488 1993 2541 in
2034 2501 2153 2555 quae
2189 2486 2288 2538 im-

2390 2493 2445 2545 5a
2503 2494 2698 2555 κτῆσιν
2728 2492 2825 2560 τὴν
2859 2494 2965 2543 ἀπὸ
2995 2494 3106 2543 τῶν
3145 2494 3324 2545 ὃπλων
3376 2496 3549 2562 ἰσχὺν,
3581 2494 3675 2545 καὶ
3700 2494 3980 2561 ἀρκοῦντα

721 2587 881 2655 pendi
907 2585 1255 2639 commodum
1285 2582 1551 2634 videatur.
1616 2578 1770 2643 Quod
1815 2581 1960 2634 enim
2011 2580 2076 2632 ad
2104 2580 2283 2647 ingen-

2392 2588 2670 2654 χρήματα,
2710 2586 2887 2645 καλῶς
2926 2584 3331 2653 ἀναλισκόμενα
3369 2588 3447 2645 εἰς
3474 2590 3537 2637 τὰ
3569 2586 3676 2637 τῶν
3708 2602 3981 2654 στρατιω-

723 2694 805 2736 tes
842 2682 1127 2733 thesauros
1190 2683 1420 2743 spectat,
1464 2672 1878 2742 confertumquc
1924 2672 2283 2740 marsupium,

2387 2679 2497 2731 τῶν
2523 2679 2824 2746 ἐπιτήδεια,
2857 2678 2951 2730 καὶ
2983 2678 3140 2743 ὅλως,
3172 2679 3280 2746 ὅπη
3318 2680 3565 2749 συνοὶσῃ.
3604 2678 3841 2731 Πλοῦτον
3865 2681 3980 2746 γὰρ

722 2789 786 2826 ac
812 2786 1007 2825 aurum
1057 2774 1455 2836 argentumque
1522 2765 1663 2819 male
1684 2771 1964 2832 congesta,
2015 2778 2079 2817 ac
2132 2764 2286 2833 pejus

2388 2767 2468 2819 ὅτι
2510 2766 2699 2831 πολὺν,
2760 2766 2854 2817 καὶ
2892 2765 3179 2835 βαλάντιον
3221 2767 3401 2837 ἁδρὸν,
3447 2770 3543 2821 καὶ
3587 2770 3831 2838 χρυσίον,
3875 2771 3977 2823 καὶ

722 2872 960 2927 servata,
998 2862 1114 2915 haec
1139 2859 1184 2914 si
1213 2858 1529 2921 afﬂuebant,
1568 2856 1986 2925 haudquaquam
2046 2869 2287 2925 appone-

2389 2855 2677 2927 ἀργύριον,
2705 2856 3075 2927 ἀθροιζόμενα
3111 2858 3321 2921 κακῶς,
3356 2860 3449 2912 καὶ
3477 2861 3659 2929 χεῖρον
3696 2862 3968 2927 φυλαττό-

721 2958 815 3009 hat
839 2971 958 3018 cor,
986 2950 1204 3006 Davidis
1228 2950 1523 3003 obsecutus
1568 2947 1798 3002 consilio
1823 2947 1890 3003 ".
1922 2947 2185 3001 Caeterum
2210 2946 2290 3000 di-

2394 2967 2551 3018 μενα,
2586 2950 2759 3001 ταῦτα
2793 2951 2847 3002 δὲ
2880 2952 2927 3002 εί
2977 2950 3150 3021 ἔρρει,
3205 2953 3267 3003 οὐ
3311 2952 3669 3020 προσετίθετο
3714 2954 3971 3022 καρδίαν,

720 3051 849 3102 vino
877 3048 1035 3115 plane
1058 3054 1191 3097 nutu
1218 3058 1279 3096 ac
1305 3043 1585 3105 instinctu,
1621 3055 1727 3094 avo
1751 3040 1876 3094 inde
1923 3050 2171 3109 rogante,
2198 3054 2290 3108 pa-

2389 3042 2466 3111 τῷ
2498 3043 2659 3094 sums
2691 3044 3037 3111 πειθόμενος.
3060 3045 3206 3111 Πλὴν
3228 3044 3328 3095 οὐκ
3359 3043 3490 3096 ἄνευ
3522 3045 3669 3097 θείου
3702 3045 3979 3112 νεύματος

723 3152 849 3194 truc
903 3140 1246 3201 obsecrante,
1288 3133 1700 3203 patrisjudicio,
1762 3132 1949 3186 matris
1982 3134 2282 3195 voluntate,

2395 3136 2491 3186 καὶ
2526 3138 2719 3205 ῥοπῆς,
2761 3136 3018 3205 δεομένου
3056 3138 3157 3205 μὲν
3184 3139 3396 3191 ἐκεῖθεν
3423 3137 3521 3190 τοῦ
3547 3138 3717 3199 θείου,
3756 3140 3970 3204 ἀξιοῦν-

722 3232 814 3286 sed
838 3239 891 3284 et
928 3244 1048 3283 mea
1081 3229 1273 3297 ipsius,
1314 3227 1378 3280 ad
1404 3242 1498 3281 vos
1540 3224 1880 3279 desideratus
1907 3224 2072 3287 venit,
2116 3239 2292 3293 quan-
2328 3227 2368 3285 C

2328 3227 2368 3285 C
2401 3244 2490 3290 τος
2517 3229 2572 3280 δὲ
2595 3228 2689 3280 τοῦ
2717 3231 2962 3291 πάππου,
2985 3230 3167 3297 κρίσει
3194 3231 3291 3299 μὲν
3316 3234 3382 3300 τῇ
3403 3230 3496 3282 τοῦ
3524 3234 3751 3300 πατρὸς,
3778 3233 3978 3302 γνώμῃ

724 3331 888 3392 Quam
922 3337 1031 3376 non
1080 3321 1239 3374 facile
1266 3317 1365 3373 fuit
1412 3318 1654 3386 paternis
1717 3317 2090 3385 maternisque
2139 3316 2296 3369 avelli

2399 3318 2454 3371 δὲ
2484 3322 2546 3387 τῇ
2575 3320 2671 3387 τῆς
2716 3322 2945 3388 μητρὸς,
2978 3321 3172 3389 γνώμῃ
3200 3323 3255 3373 δὲ
3289 3325 3383 3373 καὶ
3415 3325 3683 3393 ἡμετέρᾳ,
3729 3319 3867 3393 ἧκεν
3897 3328 3978 3385 εἰς

723 3414 999 3476 manibus,
1035 3412 1228 3466 addam
1257 3425 1384 3465 vero
1419 3420 1473 3464 ct
1526 3409 1696 3473 meis;
1741 3408 1937 3461 nedum
1990 3407 2057 3460 ab
2087 3408 2299 3477 impen-

2400 3410 2542 3478 ὑμᾶς
2573 3413 2600 3462 ὀ
2653 3411 3023 3480 ποθούμενος·
3062 3416 3240 3464 καίτοι
3286 3414 3348 3465 οὐ
3399 3415 3599 3483 ῥᾳδίως
3652 3416 3976 3468 ἀπέσπαττο

722 3506 852 3560 siori
883 3504 972 3558 illo
990 3502 1207 3571 affectu,
1239 3503 1330 3557 sed
1357 3502 1577 3570 etquod
1612 3516 1679 3555 ex
1728 3499 1992 3553 anteactis
2028 3499 2137 3567 jam
2178 3516 2299 3567 pro-

2395 3501 2505 3554 τῶν
2533 3504 2732 3571 χειρῶν
2763 3502 3051 3573 πατρικῶν
3082 3520 3141 3556 τε
3182 3508 3276 3557 καὶ
3322 3505 3628 3575 μητρικῶν,
3675 3512 3975 3576 προσθήσω

721 3598 931 3658 basset,
962 3610 1122 3664 quam
1148 3594 1543 3661 possetjuvare
1586 3590 1927 3659 gravissimis
1958 3591 2296 3659 temporibus

2285 3605 2296 3642 ἰ
2396 3595 2451 3645 δὲ
2481 3596 2560 3647 ὅτι
2594 3596 2687 3647 καὶ
2718 3596 2828 3647 τῶν
2868 3597 3017 3664 ὲμῶν
3046 3611 3062 3626 ⁸
3095 3597 3154 3648 οὐ
3190 3597 3276 3649 διὰ
3306 3598 3365 3649 τὸ
3412 3599 3635 3665 φίλτρον
3668 3602 3828 3666 μόνον
3859 3602 3947 3669 ήλί

726 3704 788 3741 ac
821 3691 984 3742 rebus
1012 3703 1041 3740 a
1080 3688 1282 3755 quibus
1324 3686 1553 3738 necdum
1580 3682 1817 3752 perfecte
1873 3697 2295 3736 emerscrznnus.

2400 3704 2493 3739 κον
2521 3688 2599 3747 ὃν,
2633 3686 2768 3739 ἀλλὰ
2818 3690 2908 3738 καὶ
2940 3688 3029 3739 διὰ
3059 3688 3119 3740 τὸ
3150 3688 3326 3751 δεῖξαι
3376 3691 3489 3749 τοῖς
3526 3690 3823 3757 φθάσασιν,
3862 3687 3976 3752 οἶος

724 3782 865 3845 Quia
895 3792 1075 3832 tamen
1109 3795 1287 3848 operic
1314 3778 1548 3848 pretium
1594 3785 1729 3837 erat,
1764 3784 1821 3827 ut
1850 3774 2119 3828 obtineret
2155 3776 2297 3843 quod

2398 3773 2465 3847 ἦν
2519 3780 2724 3841 ἐκεῖνος
2779 3778 2998 3846 βοηθεῖν
3054 3780 3111 3830 ἐν
3169 3780 3577 3847 χαλεπωτάτοις
3616 3784 3830 3850 καιροῖς
3885 3787 3980 3835 καὶ

724 3883 842 3929 erat
915 3872 1118 3941 potius,
1178 3870 1417 3924 obtinuit
1479 3884 1721 3939 quc-quc,
1780 3867 2033 3935 bonoque
2092 3868 2296 3929 nmine,

2401 3871 2745 3937 πράγμασιν,
2800 3864 2876 3923 ὧν
2912 3868 3066 3924 οὔπω
3111 3871 3312 3933 τελέως
3362 3867 3506 3943 ἦμεν
3541 3874 3977 3943 ἀπηλλαγμένοι.

726 3980 894 4018 unum
936 3963 1065 4034 quid
1102 3963 1405 4017 membrum
1443 3961 1512 4015 ab
1555 3964 1813 4018 universo
1862 3974 2092 4029 corpore
2130 3959 2295 4014 vcstri

2413 3962 2551 4018 Ἀλλ’
2584 3963 2705 4013 ἐπεὶ
2744 3960 2807 4013 τδ
2848 3964 3096 4031 κρεῖττον
3127 3962 3234 4014 ἔδει
3262 3967 3508 4033 νικῆσαι,
3549 3965 3649 4033 ἤδη
3683 3966 3779 4016 καὶ
3824 3967 3970 4019 νενί-

724 4069 888 4109 causa
906 4054 1175 4118 avulsum,
1196 4053 1353 4108 vobis
1381 4053 1578 4107 illuxit.
1596 4053 1743 4108 Silco
1758 4069 1843 4109 res
1861 4054 2064 4108 interea
2089 4064 2293 4121 gestas,

2401 4071 2537 4123 κηκε
2621 4053 2711 4104 καὶ
2749 4052 3067 4120 ἐπέλαμψεν
3116 4053 3245 4121 ὑμῖν
3276 4053 3452 4124 ἀγαθῇ
3489 4053 3628 4125 τύχῃ
3661 4055 3753 4124 Si;
3788 4073 3840 4107 τι
3880 4058 3980 4123 μέ-

726 4154 785 4202 nt
810 4162 876 4201 nc
910 4146 1184 4201 narrando
1215 4145 1458 4216 prolixus
1482 4145 1705 4201 elliciar.

2399 4145 2490 4207 λος
2522 4144 2755 4214 ἐκραγὲν
2802 4143 2895 4195 τοῦ
2932 4141 3161 4197 καθόλου
3193 4143 3442 4211 σώματος
3487 4146 3638 4215 ὑμῶν
3682 4148 3867 4202 ἕνεκα.
3904 4150 3983 4201 Τὰ

2402 4238 2457 4289 δὲ
2490 4235 2694 4305 μεταξὺ
2738 4235 2949 4301 σιωπῶ,
2979 4237 3039 4287 τὸ
3062 4237 3170 4299 τοῖς
3194 4236 3502 4307 διηγήμασι
3534 4239 3981 4297 συνεκτείνεσθαι

2404 4329 2643 4398 φεύγων.

810 4412 900 4468 Sic
922 4429 1050 4483 ergo
1076 4412 1190 4476 ille,
1235 4412 1401 4481 patris
1427 4411 1629 4482 pariter
1665 4410 1964 4480 matrisque
1997 4425 2060 4465 ac
2081 4412 2300 4466 univer-

2475 4422 2684 4485 Οὕτως,
2723 4424 2911 4491 εὐχαῖς
2940 4426 3059 4485 ταῖς
3110 4422 3201 4477 τοῦ
3238 4422 3466 4491 πατρὸς,
3515 4422 3703 4492 ὥσπερ
3752 4424 3845 4478 οὖν
3888 4428 3982 4479 καὶ

727 4528 911 4565 sorum
948 4508 1195 4577 precibus
1218 4506 1422 4573 Optime
1475 4504 1801 4569 instructus,
1842 4505 2295 4572 prmmittebatur,
2332 4565 2375 4587 ﬂ

2332 4565 2375 4587 ﬂ
2406 4518 2502 4586 τῆς
2540 4519 2769 4587 μητρὸς,
2800 4519 2897 4570 καὶ
2927 4523 3043 4580 ταῖς
3074 4519 3182 4570 τῶν
3214 4519 3492 4583 ἁπάντων,
3526 4519 3725 4586 ἄριστα
3760 4520 3855 4570 καὶ
3884 4536 3983 4570 πει

729 4603 929 4671 quibus
959 4600 1123 4653 etiam
1200 4595 1467 4649 educatus
1508 4602 1673 4659 esset,
1724 4610 1786 4648 ac
1837 4596 2195 4663 promovisset
2231 4598 2297 4650 ad
2328 4595 2376 4627 υ

2328 4595 2376 4627 υ
2407 4610 2724 4678 φραγμένος
2756 4610 2853 4660 καὶ
2899 4608 3267 4675 ὡπλισμένος,
3301 4609 3709 4677 προεπέμπετο,
3756 4604 3844 4669 αἷς
3893 4612 3984 4661 καὶ

728 4694 951 4745 meliora
987 4704 1013 4739 a
1086 4688 1287 4741 teneris
1356 4687 1487 4755 ipsis
1551 4686 1842 4755 unguibus,
1898 4688 2073 4741 donec
2097 4687 2162 4741 ad
2210 4704 2302 4743 vos

2405 4701 2755 4770 ἀνετρέφετο,
2796 4701 2889 4753 καὶ
2921 4701 3055 4769 πρὸς
3091 4701 3157 4752 τὰ
3194 4698 3386 4769 βελτίω
3422 4699 3733 4768 προύχώρει
3768 4703 3827 4763 ές
3861 4704 3982 4752 ὀνύ-

728 4783 932 4835 missus
966 4790 1065 4834 est.
1101 4778 1170 4832 lis
1196 4778 1449 4847 precibus
1484 4777 1873 4842 deducebatur,
1903 4793 2026 4832 cum
2059 4796 2088 4833 a
2129 4782 2299 4849 patria

2405 4810 2517 4859 χων
2539 4792 2766 4844 ἁπαλῶν
2798 4790 2926 4858 ἄχρι
2954 4791 3047 4841 καὶ
3074 4788 3169 4842 τοῦ
3212 4790 3337 4857 μεθ’
3369 4790 3523 4856 ὑμῶν
3547 4785 3712 4841 εἶναι.
3744 4790 3984 4853 Ταύταις

727 4876 986 4927 dimissus
1050 4870 1230 4923 navim
1287 4871 1727 4923 conscendisset:
1789 4869 1854 4922 iis
1914 4872 2297 4941 adnavigabat,

2407 4882 2642 4949 ἀνήγετο
2674 4882 2791 4940 ταῖς
2832 4880 3036 4948 εὐχαῖς,
3065 4880 3222 4945 ἀφεὶς
3253 4881 3314 4931 ἐκ
3345 4878 3445 4956 τῆς
3483 4879 3745 4947 πατρίδος
3774 4881 3855 4942 εἰς
3890 4887 3982 4932 πέε

728 4964 1037 5035 lugentibus
1077 4960 1323 5030 cognatis
1362 4975 1425 5015 ac
1496 4959 1939 5027 deducentibus;
1971 4964 2145 5030 iisque
2195 4965 2298 5017 sibi

2406 4971 2573 5037 λαγος
2595 4986 2609 5001 ’
2641 4972 2863 5031 ταύταις
2894 4970 3151 5034 ἀπέπλει,
3180 4970 3289 5020 τῶν
3324 4970 3605 5035 συγγενῶν
3635 4969 3985 5038 δακρυόντων

729 5066 925 5126 ιιι-ωειο
952 5055 1065 5109 fore
1114 5054 1371 5122 sperabat
1416 5051 1663 5107 divinum
1727 5069 1950 5108 numen.
1999 5053 2145 5108 Nihil
2184 5056 2304 5110 sine

2408 5060 2525 5130 ἅμα
2556 5060 2650 5113 καί⁵
2696 5062 3135 5129 προπεμπόντων
3161 5075 3174 5089 ⁸
3219 5061 3447 5123 ταύταις
3482 5062 3575 5112 καὶ
3618 5063 3716 5128 τὴν
3750 5064 3860 5113 ἀπὸ
3890 5063 3989 5115 τοῦ

730 5149 837 5202 illis
881 5157 975 5201 aut
1007 5145 1300 5215 cegitabat,
1344 5153 1437 5197 aut
1468 5145 1693 5197 omnino
1724 5136 1956 5213 agebat';
2000 5161 2105 5214 qua
2139 5148 2301 5201 etiam

2408 5152 2545 5205 Θεοῦ
2574 5151 2892 5221 συμμαχίαν
2927 5150 3122 5221 ἧλπιζε
3155 5152 3400 5220 σχήσειν.
3449 5152 3616 5204 Οὐδὲν
3646 5153 3678 5220 ἢ
3709 5154 3984 5220 ἐλογίζετο

729 5242 793 5294 dc
840 5254 1005 5293 causa
1046 5237 1373 5291 conﬁciebat
1401 5234 1607 5299 omnia,
1640 5250 1761 5288 cum
1797 5234 2030 5289 difﬁcilia
2076 5253 2306 5308 quaeque

2412 5246 2444 5313 ἦ
2476 5244 2535 5295 τὸ
2566 5245 2829 5311 παράπαν
2864 5244 3156 5313 εἰργάζετο
3193 5243 3399 5296 τούτων
3444 5246 3574 5297 ἄνευ
3600 5260 3617 5277 ο
3644 5245 3725 5297 διὸ
3758 5264 3853 5299 και
3885 5248 3988 5301 πάν

730 5346 794 5385 ac
847 5331 1122 5385 tremenda
1160 5329 1214 5382 in
1242 5327 1576 5383 contrarium
1611 5327 1660 5380 ei
1692 5329 1964 5381 cederent.

2416 5340 2566 5403 ἤνυε,
2599 5338 2707 5388 τῶν
2758 5353 2816 5388 τε
2849 5336 3127 5387 δυσκόλων
3170 5338 3264 5388 καὶ
3315 5338 3564 5404 φοϐερῶν
3593 5336 3787 5408 ὥσπερ
3824 5341 3985 5393 αύτο-

2422 5430 2606 5496 μάτων
2636 5430 2715 5489 είς
2742 5426 3053 5478 τούναντίον
3091 5428 3602 5495 μετενηνεγμένων.

802 5520 941 5587 Quid
982 5534 1107 5573 vero
1154 5534 1288 5586 opus
1344 5519 1556 5587 singula
1619 5520 1898 5587 prosequi,
1958 5536 2297 5588 qumeunque

2482 5521 2677 5571 ιῐαντα·
2709 5518 2805 5585 μὲν
2844 5514 2937 5568 οὖν
2968 5520 3058 5569 καὶ
3099 5518 3306 5569 ἕκαστα
3352 5518 3606 5586 φράζειν,
3643 5519 3745 5572 ὅσα
3792 5538 3851 5572 τε
3880 5522 3982 5572 ὑπὸ

733 5614 1086 5683 I’cleponncsi
1136 5615 1319 5672 urhcs,
1374 5614 1454 5665 vel
1498 5629 1528 5667 a
1580 5614 1772 5667 vicinis
1840 5612 2070 5675 Latinis,
2140 5618 2216 5666 vel
2272 5632 2299 5667 a

2410 5613 2515 5663 τῶν
2544 5611 2930 5676 γειτονούντων
2967 5608 3215 5659 Λατίνων
3248 5610 3301 5659 αἱ
3344 5610 3593 5661 ἐνταυθοῖ
3635 5610 3843 5671 πόλεις,
3885 5611 3982 5662 ὅσα

735 5704 942 5758 Turcis.
1024 5703 1163 5755 mala
1232 5705 1599 5767 sustinerent,
1661 5720 1783 5758 cum
1846 5707 1902 5767 ii,
1937 5720 2041 5772 qua
2091 5720 2118 5756 a
2168 5720 2295 5757 con-

2404 5720 2461 5754 τε
2491 5702 2596 5753 ὑπὸ
2619 5701 2727 5753 τῶν
2756 5701 3015 5769 Τούρκων
3048 5702 3340 5767 ὑφίσταντο
3379 5702 3544 5765 κακὰ,
3578 5702 3845 5752 ἐπιόντων
3879 5702 3975 5767 μὲν

806 5884 850 5916 ⁵³
884 5884 1024 5937 l’sal.
1056 5898 1161 5945 LXl,
1196 5882 1278 5933 il.
