4208 6444
223 452 330 519 ξω

1001 453 1396 514 THEODORI
1433 454 1792 516 DESPOTAE
1835 456 2223 516 LAUDATIO
2261 457 2670 518 FUNEBRlS.

3350 460 3457 525 210

222 568 415 627 ῖπποις
440 568 503 619 ὲκ
528 566 623 633 τῆς
648 565 898 634 ἠπείρου,
926 566 1186 617 ἐπιόντων
1209 567 1263 618 δὲ
1288 568 1443 618 ναυσὶ
1471 568 1790 638 λῃστρικαῖς
1820 579 1864 632 Α

1820 579 1864 632 Α
1899 567 2118 631 tinenti,
2153 568 2307 636 equis
2334 568 2671 631 inuiderent,
2708 582 2813 636 qua
2844 582 2872 620 a
2916 567 3045 618 mari
3073 567 3309 631 piraticis
3340 578 3454 623 ten"

225 658 336 710 ἀπὸ
361 656 452 709 τοῦ
483 656 750 722 πελάγους
772 670 787 683 ⁶
836 657 930 707 καὶ
958 656 1101 708 τίσιν
1133 658 1163 721 ἠ
1212 656 1306 706 τοῦ
1340 657 1580 719 Πέλἰπος
1624 675 1784 709 κατε-

222 748 444 818 τρίϐετο
475 749 698 818 τρόποις
723 764 737 777 ·
768 747 863 800 τοῦ
921 749 1020 815 μὲν
1056 750 1153 815 τῆς
1185 750 1390 817 μητρὸς
1428 749 1585 816 ἡμῶν
1630 749 1784 801 ἁδελ-

224 839 355 907 φοῦ,
390 838 608 908 ἀρίστου
640 838 741 907 μεν
767 838 920 898 ὄντος
962 839 1061 905 τὴν
1094 839 1278 904 φύσιν,
1314 838 1492 899 καλῶς
1515 837 1569 889 δὲ
1598 837 1785 907 ἄρχειν

221 930 427 1003 εἰδότος
448 967 464 991 ,
498 928 593 980 τοῦ
619 930 713 982 καὶ
736 930 969 997 ταυτησὶ
1000 930 1098 997 τῆς
1122 928 1217 980 τοῦ
1247 929 1484 990 Πέλοπος
1506 928 1783 998 ἄρχοντος,

220 1022 324 1091 ήδη
357 1022 448 1074 τὸν
483 1019 597 1089 βίον
640 1019 1017 1083 ἀπολιπόντος,
1052 1020 1151 1072 οὐκ
1199 1020 1291 1071 ἐπὶ
1321 1020 1469 1072 παιδί
1508 1037 1655 1081 τινι,
1692 1020 1784 1071 τοῦ

218 1112 277 1164 δὲ
312 1110 541 1178 ἀδελφοῦ
591 1111 800 1163 ἐκείνου
833 1115 931 1176 τὴν
973 1110 1147 1178 ἀρχὴν
1187 1110 1594 1177 διαδεξαμένου,
1634 1111 1787 1172 ὄντος

221 1204 326 1264 μὲν
359 1203 500 1256 πάνυ
553 1202 813 1271 χρηστοῦ,
863 1201 1055 1254 καὶτὸ
1087 1201 1273 1270 σχῆμα
1320 1204 1641 1272 ὑπερτέρου,
1692 1204 1786 1256 καὶ

216 1294 314 1346 τδν
343 1298 537 1364 χρόνον
561 1295 908 1364 γεραιτέρου,
946 1296 1051 1347 ὑπὸ
1091 1294 1148 1346 δὲ
1190 1295 1378 1357 παιδὸς
1420 1295 1674 1363 θρασέος,
1705 1295 1785 1347 δεῖ

220 1389 333 1456 γὰρ
359 1386 592 1455 τάληθὲς
640 1388 840 1450 εἰπεῖν,
871 1386 1220 1453 κωλυομένου
1271 1389 1446 1437 ποιεῖν
1478 1386 1544 1437 τὰ
1578 1386 1784 1451 δέοντα,

219 1480 316 1529 καὶ
344 1476 433 1531 διὰ
461 1476 621 1530 τοῦτο
649 1478 868 1530 πάντων
891 1476 1026 1545 ὁμοῦ
1068 1477 1463 1546 φθειρομένων,
1496 1476 1783 1542 αὐλητοῦ,

218 1570 411 1635 φασιν,
444 1569 724 1636 Ἀραϐίου
744 1585 762 1598 ο
792 1570 844 1621 τί
882 1568 938 1621 δὲ
970 1569 1051 1621 δεῖ
1084 1552 1178 1621 καὶ
1219 1567 1527 1631 ἀναξαίνειν
1562 1568 1688 1636 ὑμῖν
1718 1567 1787 1620 τὰ

214 1660 534 1728 τραύματα,
583 1659 773 1729 ὥσπερ
803 1660 953 1725 δννξι
999 1661 1315 1729 χρωμένους
1363 1662 1476 1722 τοῖς
1509 1661 1786 1729 διηγήμα-

217 1770 308 1805 σιν
333 1768 349 1816 ;
374 1751 586 1815 Ἀλλως
614 1769 676 1805 τε
706 1754 802 1805 καὶ
829 1753 1140 1822 περιέργως
1161 1751 1226 1805 ἂν
1251 1752 1381 1820 ὑμῖν
1414 1751 1647 1819 λέγοιτο,
1676 1755 1787 1814 τοῖς

214 1843 278 1893 ὲν
316 1842 485 1911 πείρᾳ
514 1842 623 1893 τῶν
676 1842 1026 1912 πραγμάτων
1063 1843 1335 1909 γεγονόσι,
1375 1844 1468 1895 καὶ
1513 1842 1601 1895 διὰ
1631 1844 1788 1895 τοῦτο

1889 668 2063 712 tarent
2088 659 2335 721 navibus.
2356 675 2418 713 ac
2449 668 2578 728 Quot
2611 660 2785 713 modis
2812 674 2874 713 ea
2934 660 3207 726 provincia
3246 676 3457 715 vexare-

1887 760 1996 815 tur,
2016 765 2137 805 cum
2166 754 2357 805 matris
2378 753 2596 820 quidem
2634 755 2818 812 frater.
2865 752 3067 819 Optima
3120 752 3201 803 vir
3254 752 3452 814 indole,

1886 858 1948 897 ac
1980 843 2291 910 reipublice
2323 843 2573 911 regenda:
2624 845 2793 912 probe
2834 859 3054 911 gnarus,
3089 843 3183 913 qui
3210 853 3265 897 et
3307 842 3457 897 Pelo-

1889 934 2509 1002 ponnesipraefecturam
2544 936 2785 1003 gerebat,
2838 935 2948 1003 jam
2998 935 3137 988 vivis
3196 936 3459 989 excessis-

1886 1035 1988 1087 δεδι,
2012 1024 2164 1078 ιιιιΙΙυ
2190 1027 2379 1080 relicto
2407 1026 2516 1078 lilio
2549 1025 2783 1087 haerede,
2828 1025 2920 1078 sed
2954 1025 3075 1093 ejus
3094 1025 3259 1077 fratre
3287 1026 3459 1092 impe-

1887 1114 1950 1165 rii
1978 1127 2310 1175 successore,
2370 1114 2487 1165 viro
2505 1113 2720 1181 quidem
2748 1113 2939 1182 probo.
2969 1123 3226 1181 atque,ut
3247 1125 3456 1181 spei-tes

1887 1217 2192 1269 personam,
2238 1205 2497 1273 pra-claro
2549 1220 2613 1258 ac
2683 1214 2898 1258 senecta
2936 1204 3249 1270 venerabili,
3294 1221 3454 1272 quem

1889 1305 2064 1346 tamen
2092 1295 2359 1348 morosior
2390 1295 2532 1347 filius
2561 1294 2871 1361 (dicendum
2907 1295 3051 1347 enim
3084 1294 3227 1365 quod
3254 1309 3340 1348 res
3359 1296 3458 1348 ha-

1885 1380 1995 1448 bet)
2021 1423 2034 1445 ,
2068 1396 2189 1449 qua;
2210 1393 2591 1450 essentopera:
2629 1384 2860 1451 pretium
2901 1393 3158 1450 praestare
3200 1384 3456 1451 prohibe-

1890 1478 1997 1531 ret;
2026 1468 2379 1534 quamobrem
2412 1471 2593 1521 omnia
2624 1470 2785 1523 simul
2821 1486 3038 1538 pessum
3099 1473 3269 1536 ibant,
3315 1473 3457 1528 Ara-

1887 1559 1991 1625 bio,
2019 1571 2078 1615 ut
2098 1561 2308 1625 dicunt,
2344 1562 2569 1615 tibicine.
2593 1562 2731 1627 Quid
2766 1578 2891 1616 vero
2921 1564 3099 1626 vobis,
3123 1579 3219 1617 ceu
3265 1565 3457 1634 ungui-

1886 1653 2007 1717 bus,
2042 1653 2355 1707 narratione
2414 1655 2631 1705 vulnera
2661 1653 2953 1707 refricem?
2996 1654 3217 1722 Alioqui
3255 1654 3457 1710 frustra

1888 1743 1999 1797 haec
2020 1754 2335 1805 narrentur,
2397 1758 2519 1796 cum
2578 1745 2820 1798 feceritis
2847 1746 2945 1812 ipsi
2999 1761 3183 1798 rerum
3236 1747 3456 1813 pericu-

1892 1836 2030 1897 lum,
2057 1836 2302 1903 adeoque
2333 1836 2499 1904 probe
2526 1835 2736 1890 sciatis.
2790 1835 2913 1889 Sint
2960 1837 3142 1905 itaque
3194 1838 3456 1892 hactenus

213 1932 395 1985 ταῦτα
435 1934 615 1996 καλῶς
658 1934 877 1987 εἰδόσιν.
923 1934 1138 1987 Ἐκεῖνα
1176 1933 1360 1986 τοίνυν
1391 1936 1446 1985 ὲν
1486 1936 1640 2002 μέρει
1685 1934 1793 1987 κεί-
1826 1911 1864 1965 Β

1826 1911 1864 1965 Β
1892 1923 1943 1977 in
1976 1935 2127 1992 parte
2170 1915 2342 1989 posita
2372 1942 2386 1977 :
2415 1940 2534 1994 qua:
2559 1941 2688 1979 vero
2747 1938 2865 1995 post
2912 1927 3032 1994 ejus
3084 1926 3342 1995 deinceps
3362 1931 3458 1981 ad-

216 2024 332 2075 σθω
355 2041 368 2053 ε
398 2026 466 2076 τά
494 2024 552 2078 δὲ
576 2025 714 2093 μετά
759 2024 855 2094 τὴν
886 2023 1123 2077 ἐνταῦθα
1166 2024 1461 2093 ἐπιδημίαν
1495 2024 1589 2076 τοῦ
1646 2025 1774 2077 ἑαυ-

212 2118 313 2167 τὸν
368 2116 500 2183 ἡμῖν
555 2114 811 2168 ὑπόθεσιν
861 2114 954 2168 τοῦ
1006 2115 1274 2184 παρόντος
1310 2115 1520 2183 ἀγῶνος
1584 2132 1775 2187 προτε-

212 2201 463 2263 θεικότος
489 2202 616 2273 ἑξῆς
641 2204 707 2256 ἂν
736 2206 980 2274 είρητὲα.

303 2293 541 2355 Ἐκεῖνος
597 2294 698 2364 τῆς
741 2294 878 2357 νεὼς
923 2297 1154 2362 ἀποϐάς,
1184 2299 1280 2351 καὶ
1336 2300 1482 2369 μάλα
1519 2301 1778 2371 ἁσμένως

212 2384 537 2455 ὑποδεχθεὶς
571 2386 674 2438 ὑπὸ
706 2386 813 2439 τῶν
844 2386 1121 2450 ἁπάντων,
1150 2389 1210 2441 οὐ
1245 2391 1451 2456 προῖὼν
1482 2393 1779 2460 ἠμαύρωσε

210 2478 307 2528 τὸν
345 2478 424 2539 είς
481 2477 646 2530 αὐτὸν
680 2478 856 2546 ἔρωτα
885 2496 897 2508 ο
929 2478 1086 2531 τοῦτο
1132 2479 1194 2547 δὴ
1246 2484 1305 2532 τὸ
1339 2482 1566 2547 σύνηθες
1625 2480 1780 2553 οἶμαι

209 2566 293 2627 ὡς
327 2565 398 2618 τὰ
430 2566 600 2618 πολλὰ
631 2565 904 2635 πανταχοῦ
940 2567 1196 2635 γενέσθαι
1219 2584 1231 2599 '
1274 2570 1389 2622 ἀλλ’
1427 2567 1496 2641 ἦν
1528 2572 1781 2643 λαμπρύ-

209 2675 323 2708 νων
354 2655 483 2726 άχρι
531 2659 752 2722 παντὸς,
802 2656 1046 2721 ἅπαντας
1080 2660 1249 2712 ποιῶν
1288 2656 1347 2714 εὖ
1377 2679 1389 2692 ·
1440 2664 1533 2717 καὶ
1583 2666 1781 2728 πάντες

208 2743 357 2817 ἦσαν
389 2750 446 2800 ἐν
478 2750 692 2815 ἑορταῖς
717 2765 731 2780 ·
765 2750 893 2803 ἄνευ
922 2750 1108 2818 μέντοι
1137 2750 1246 2802 τῶν
1271 2751 1504 2821 ἐχθρῶν,
1543 2756 1636 2806 καὶ
1670 2756 1781 2807 τῶν

209 2838 517 2910 ἁϐελτηρία
548 2857 609 2892 τε
640 2841 733 2893 καὶ
758 2841 1062 2911 κακοηθείᾳ
1089 2842 1260 2912 πολλῇ
1295 2844 1605 2908 συζώντων,
1641 2847 1783 2899 ὲκεί-

210 2949 323 2985 νων
359 2932 483 3001 μὲν,
512 2933 609 2987 ἆτε
648 2933 947 2987 δοκούντων
989 2934 1121 2988 εἵσω
1162 2937 1402 3006 σαγήνης
1444 2938 1587 3005 ὑμᾶς
1614 2938 1782 3007 ἔχειν,

214 3021 388 3091 μηδὲν
421 3023 527 3075 τῶν
561 3023 712 3077 ἔνδον
743 3025 921 3094 ἐώσης
968 3026 1211 3094 φεύγειν,
1261 3024 1386 3080 εἶτα
1418 3029 1518 3096 τῆς
1570 3030 1784 3093 ἐλπίδος

208 3118 663 3187 διαμαρτόντων,
702 3120 910 3174 τούτων
964 3120 1020 3173 δὲ
1081 3122 1249 3191 μηδὲν
1304 3123 1611 3196 είδότων,ῆ
1664 3131 1785 3187 ταῖς

210 3208 395 3261 ἄλλων
447 3212 757 3280 συμφοραῖς
811 3214 1105 3282 ὲντρυφᾷν,
1156 3213 1326 3267 ὄντων
1368 3217 1462 3268 καὶ
1513 3218 1691 3270 αὐτῶν
1727 3223 1784 3272 ὲν

1878 2025 2092 2068 ventum
2125 2016 2487 2083 contigerunt,
2524 2016 2639 2070 haec
2676 2021 3051 2086 prosequenda
3106 2034 3285 2087 opera:
3336 2037 3454 2089 pre-

1878 2107 2010 2161 tium
2043 2108 2361 2166 habeamus.

1956 2287 2057 2343 Ubi
2096 2290 2279 2358 itaque
2306 2290 2426 2342 navi
2470 2289 2705 2344 eu‘tissus
2734 2298 2897 2355 esset,
2930 2306 3141 2345 summa
3176 2293 3242 2344 ab
3276 2290 3455 2346 omni-

1881 2380 1982 2434 bus
2006 2381 2190 2435 laetitia
2218 2390 2503 2450 susceptus
2535 2390 2616 2436 est
2644 2401 2657 2446 ;
2719 2398 2819 2435 nec
2851 2396 2973 2435 eum
3011 2382 3063 2433 in
3096 2397 3155 2435 se
3212 2396 3452 2435 amorem

1886 2487 2144 2538 processu
2178 2473 2515 2536 obscuravit,
2573 2472 2717 2539 quod
2756 2474 3076 2541 plerumque
3102 2473 3285 2526 videas
3313 2475 3457 2528 acci-

1883 2565 2042 2617 dere:
2076 2565 2205 2633 quin
2253 2565 2435 2633 potius
2492 2565 2776 2618 universos
2816 2564 3164 2627 demerendo,
3217 2564 3457 2632 cepiosis

1884 2671 2098 2721 semper
2119 2656 2425 2723 augmentis
2455 2655 2765 2708 illustravit.
2814 2654 2989 2709 Festis
3021 2669 3214 2708 omnes
3241 2657 3456 2721 gaudiis

1882 2748 2281 2814 epulabantur;
2313 2746 2357 2799 si
2414 2755 2596 2799 tamen
2648 2746 2886 2813 excipias
2944 2745 3149 2805 hostes,
3200 2746 3456 2814 virosque

1886 2837 2048 2890 multa
2087 2838 2304 2891 vesania
2333 2851 2396 2890 ac
2421 2838 2737 2891 morositate
2772 2838 3035 2891 ducentes
3081 2837 3281 2890 vitam:
3316 2852 3455 2905 quo-

1886 2941 2004 2980 rum
2036 2927 2215 2995 primi,
2252 2942 2372 2980 cum
2406 2926 2517 2994 jam
2571 2928 2869 2982 inevitabili
2922 2943 3121 2998 sagena
3168 2930 3459 2984 conclusos

1886 3034 1981 3073 vos
2020 3026 2293 3086 putarent,
2354 3034 2451 3087 spe
2484 3019 2736 3089 deinceps
2770 3020 3193 3085 frustrarentur;
3231 3023 3458 3076 secundi

1884 3127 2032 3176 vero,
2071 3110 2211 3163 haud
2239 3112 2385 3164 aliud
2421 3127 2582 3179 quam
2622 3111 2815 3164 alienis
2857 3112 3256 3167 calamitatibus
3302 3113 3457 3168 dele~

1889 3205 2023 3255 ctari
2059 3212 2299 3268 nossent,
2330 3218 2451 3257 eum
2481 3215 2534 3257 et
2567 3206 2666 3273 ipsi
2697 3205 2914 3272 paribus
2943 3204 3204 3273 implicati
3232 3214 3453 3269 essent;

209 3301 338 3362 ταῖς
366 3302 510 3364 ίσαις
531 3317 546 3333 ο
578 3303 715 3372 ὅπερ
752 3303 846 3355 καὶ
875 3303 995 3355 λίαν
1030 3305 1321 3371 κακόηθες,
1354 3310 1448 3362 καὶ
1482 3310 1635 3363 οὐδὲν
1680 3306 1776 3382 ἦτ-
1803 3296 1848 3353 (ἶ

1803 3296 1848 3353 C
1879 3292 2019 3359 quod
2054 3292 2208 3358 plane
2236 3307 2357 3345 cum
2393 3293 2544 3346 valde
2568 3308 2866 3360 morosum,
2899 3304 3009 3346 tum
3082 3293 3306 3363 aequalis
3355 3296 3456 3349 de-

209 3407 311 3441 τον
338 3389 555 3459 εὔηθες.
584 3392 775 3462 Χρεὼν
818 3394 926 3464 γὰρ
956 3393 1015 3448 δν
1034 3395 1184 3466 ὑπὲρ
1212 3400 1423 3452 ἑαυτῶν
1463 3403 1710 3470 τρέμειν,
1737 3406 1784 3457 oi

208 3482 270 3535 δὲ
300 3483 423 3545 τοὺς
456 3485 655 3553 ἧττους
681 3486 889 3552 ἤσθιον,
924 3486 1042 3540 ὅσοι
1077 3488 1206 3551 τοὺς
1254 3489 1479 3555 μείζους
1505 3491 1782 3561 διέφυγον,

210 3576 361 3629 κατὰ
394 3577 519 3638 τοὺς
577 3577 999 3650 ἐξωγρημένους
1059 3580 1232 3653 ίχθῦς,
1268 3584 1319 3635 οῖ
1365 3584 1623 3645 πολλάκις
1654 3586 1784 3638 εῖσω

210 3669 438 3738 κύρτων
473 3658 923 3741 κατειλημμένοῖ,
969 3676 1029 3726 τὸ
1058 3675 1179 3727 κατ’
1207 3676 1430 3740 αὐτοὺς,
1478 3676 1551 3738 ὡς
1586 3678 1780 3740 ἔοικεν,

208 3762 495 3830 ἀγνοοῦσι,
529 3764 627 3816 καὶ
672 3766 791 3826 τοὺς
819 3765 1187 3836 βραχυτέρους
1220 3770 1270 3820 οί
1310 3768 1534 3837 μείζους
1579 3769 1784 3821 ἐσθίον-ι

208 3870 327 3918 τες,
356 3858 452 3907 καὶ
494 3851 671 3917 αὖθις·
710 3857 931 3920 τούτους
961 3860 1010 3910 oi
1043 3859 1239 3927 μᾶλλον
1265 3860 1501 3928 μείζους,
1526 3861 1778 3929 ἕρμαιον,

205 3950 290 4011 ὡς
334 3950 530 4011 εἰπεῖν,
561 3947 822 4017 ἡγοῦνται
852 3948 912 3999 τὸ
951 3948 1240 4019 θήρατρον,
1273 3949 1345 4011 ὡς
1394 3952 1522 4020 ῥᾷον
1553 3951 1607 4002 ἐν
1633 3951 1781 4019 αὐτῷ

207 4044 313 4103 τὰς
345 4043 615 4110 γαστέρας
656 4039 1040 4108 ὲμπιπλῶντες
1069 4045 1274 4111 τροφῆς
1312 4043 1456 4111 ἥπερ
1487 4042 1572 4093 ἐπ’
1615 4042 1777 4093 αὑτοῦ

208 4128 512 4196 πελάγους.
544 4128 665 4180 ἰ’ῶν
717 4130 816 4197 μὲν
869 4128 962 4181 οὖν
1006 4130 1220 4198 ἐχθρῶν
1251 4131 1507 4183 ἁπάντων
1537 4130 1643 4183 ἀπὸ
1686 4132 1779 4182 τοῦ

208 4219 405 4287 φοϐεῖν
445 4219 535 4271 ἐπὶ
565 4218 625 4270 τὸ
656 4219 903 4288 φρίττειν
939 4219 1371 4287 μεταϐαλόντων,
1419 4220 1528 4273 τῶν
1566 4222 1624 4273 δὲ.
1684 4237 1783 4273 κα-

206 4315 477 4380 κουργεῖν
524 4310 741 4363 είδότων
803 4314 881 4372 είς
937 4312 1221 4380 χηραμοὺς
1277 4313 1641 4374 καταδύντων,
1686 4314 1779 4364 καὶ

204 4406 324 4456 τῶν
351 4402 574 4470 ἀγαθῶν
614 4402 984 4468 σκιρτῶντων,
1018 4404 1094 4464 ὡς
1145 4403 1285 4473 μετὰ
1335 4404 1538 4474 πολλῆς
1597 4407 1779 4467 ἀδείας

206 4495 336 4559 ἐξθιν
368 4497 552 4548 ἐκεῖνα
585 4497 782 4561 ποιεῖν,
829 4495 896 4547 δι’
928 4489 1003 4547 ὧν
1032 4495 1097 4547 ἂν
1128 4496 1507 4567 εὐπορώτεραι
1536 4498 1778 4565 γένοιντο

1888 3384 2104 3436 mentize
2135 3393 2239 3437 est.
2273 3384 2409 3437 Cum
2438 3386 2582 3438 enim
2617 3402 2712 3451 pro
2742 3401 2839 3440 sua
2870 3386 3114 3453 ipsorum
3152 3390 3324 3442 salute
3355 3400 3461 3442 tre-

1888 3492 2037 3531 mere
2064 3477 2406 3544 habuissent,
2441 3479 2474 3530 ii
2526 3480 2706 3547 potius
2733 3479 3090 3533 comedebaut
3125 3480 3380 3543 minores,
3412 3482 3458 3535 si

1885 3570 1977 3636 qui
2012 3568 2251 3638 majores
2279 3582 2589 3633 evaserant,
2626 3572 2700 3623 uti
2745 3571 2796 3623 in
2828 3570 2999 3637 captis
3028 3570 3268 3639 piscibus
3295 3574 3454 3629 solet.

1884 3659 2031 3724 Quos
2067 3661 2210 3712 enim
2240 3677 2435 3730 sagena
2461 3663 2677 3715 clausos
2714 3663 2930 3727 habeat,
2970 3664 3110 3716 haud
3136 3678 3288 3716 suam
3321 3665 3457 3717 satis

1895 3752 2129 3804 scientes
2187 3761 2414 3814 sortem,
2482 3753 2712 3821 majores
2771 3754 2870 3822 ipsi
2934 3754 3259 3810 munitiores
3324 3757 3459 3813 alios

1883 3842 2191 3907 comedunt,
2220 3860 2357 3913 quos
2397 3845 2541 3912 ipsos
2592 3861 2781 3899 rursus
2835 3847 3153 3913 grandiores
3208 3848 3297 3901 alii
3346 3851 3458 3903 sint

1884 3938 2217 3994 comesturi;
2262 3937 2517 4007 ltuanue
2551 3939 2795 4003 modum,
2831 3938 3087 3994 Mercurii
3124 3950 3254 4006 retu,
3288 3950 3345 3994 ut
3379 3942 3458 3995 sic

1883 4025 2095 4087 dicam,
2135 4035 2389 4093 tanquam
2416 4028 2468 4078 in
2511 4041 2599 4089 eo,
2665 4043 2825 4095 quam
2857 4030 2908 4080 in
2955 4029 3089 4082 mari
3149 4030 3458 4099 expeditius

1884 4126 2128 4170 ventrem
2194 4118 2489 4187 impleturi,
2533 4119 2778 4172 trahunt.
2857 4120 2993 4173 Cum
3036 4136 3166 4189 ergo
3196 4122 3455 4175 'uni'vcrsi

1885 4208 2067 4261 hostes
2118 4208 2185 4261 ab
2206 4223 2271 4262 eo
2305 4216 2361 4261 ut
2393 4218 2656 4262 terrerent
2710 4211 2763 4262 in
2793 4219 3055 4263 terrorem
3110 4211 3209 4278 ipsi
3235 4228 3459 4280 ageren-

1885 4312 1972 4353 tur
1995 4340 2010 4364 ,
2046 4301 2401 4367 hominesque
2437 4300 2667 4354 nocendi
2726 4311 2897 4356 artem
2948 4302 3091 4355 docti
3151 4304 3204 4355 in
3237 4302 3456 4355 latibula

1884 4408 1942 4445 se
1973 4391 2365 4457 subducerent,
2394 4392 2549 4445 hornis
2576 4394 2791 4446 interim
2816 4393 3191 4462 gestientibus,
3224 4396 3364 4461 quod
3394 4411 3455 4449 ea

1882 4484 2139 4552 deinceps
2164 4494 2279 4537 tuto
2300 4484 2587 4537 admodum
2613 4494 2868 4552 praestare
2888 4494 3131 4554 possent,
3174 4501 3239 4539 ex
3259 4486 3454 4553 quibus

208 4588 425 4650 πόλεις,
458 4586 680 4657 εἰρήνης
726 4586 951 4655 βαθείας
987 4587 1381 4649 ἀπολαύουσαι,
1413 4591 1444 4657 ἢ
1491 4589 1555 4659 δὴ
1583 4591 1778 4660 ἶκρείτ-
1807 4617 1858 4675 D

1807 4617 1858 4675 Β
1885 4577 2045 4631 urbes
2077 4577 2277 4630 divitiis
2306 4587 2626 4645 augeantur,
2646 4576 2805 4628 altam
2829 4585 3048 4645 agentes
3070 4592 3256 4645 pacem
3288 4617 3303 4641 ,
3334 4594 3453 4646 qua;

204 4693 325 4727 των
352 4676 594 4743 ἀτεχνῶς
630 4675 724 4727 καὶ
751 4675 1011 4745 εὐπορίας
1061 4677 1299 4745 ἀπάσης,
1340 4678 1559 4748 ἀνεψιὸς
1608 4682 1779 4749 αὐτῷ,

202 4763 271 4815 οὗ
332 4764 511 4833 μικρῴ
567 4764 801 4833 πρόσθεν
855 4766 1230 4835 ἐμνήσθημεν,
1290 4766 1502 4830 πολλοῖς
1559 4770 1782 4823 ἐπέθετο

203 4857 463 4924 τρόποις,
513 4856 779 4927 Τούρκοις
807 4859 904 4910 καὶ
944 4860 1192 4922 Λατίνοις
1222 4860 1413 4912 ἑαυτὸν
1455 4861 1633 4929 μίξας.
1679 4863 1780 4913 Εὐ-

206 4952 316 5009 θὺς
345 4945 438 5002 οὖν
479 4941 655 5004 πάντα
682 4952 958 5021 συνέχεεν,
986 4953 1093 5005 ἀπὸ
1125 4955 1364 5023 γαλήνης
1389 4955 1537 5021 αἰγὶς
1566 4959 1778 5023 φανεὶς,

202 5041 371 5096 οὔπω
409 5042 516 5095 τῶν
572 5045 913 5114 πραγμάτων
940 5047 1028 5097 ἐπὶ
1060 5047 1293 5123 κρείττω
1337 5049 1639 5115 παγέντων.
1673 5045 1782 5100 Ἦν

200 5134 267 5185 δὲ
303 5134 427 5194 ταῖς
475 5132 727 5194 ἀπειλαῖς
778 5134 1031 5203 φοϐερὸς,
1087 5136 1179 5188 καὶ
1235 5136 1347 5197 τοῖς
1386 5136 1567 5205 ἔργοις
1628 5138 1781 5189 οὐδὲν

201 5220 398 5295 ἦττον,
450 5223 546 5277 ἀτε
580 5225 741 5294 ξένην
794 5226 932 5295 ἔχων
978 5228 1261 5297 στρατιὰν,
1298 5230 1531 5282 καὶτῶν
1582 5232 1784 5301 ἐπιχω-

208 5316 352 5384 ρίων
406 5315 668 5381 πολλοὺς,
730 5318 824 5370 καὶ
884 5320 1129 5389 κατέχων
1198 5321 1435 5391 φρούρια
1503 5322 1608 5375 ὑπὸ
1683 5324 1780 5379 τοῦ

201 5406 424 5475 πατρὸς
490 5407 640 5477 αὐτῷ
713 5408 1017 5477 δεδομένα·
1065 5412 1161 5466 καὶ
1221 5412 1511 5468 συνελόντα
1583 5417 1779 5480 είπεῖν,

203 5497 359 5565 πλὴν
422 5498 516 5550 τοῦ
573 5500 725 5568 παρὰ
774 5499 934 5577 λόγον
994 5501 1383 5571 θρασύνεσθαι,
1435 5505 1529 5556 καὶ
1581 5505 1780 5569 ἀδίκως

208 5590 403 5657 μάχης
438 5589 704 5657 ὑπάρξαι,
753 5591 904 5643 τᾶλλ’
933 5594 1031 5645 οὐκ
1064 5593 1263 5664 ἀγενὴς
1292 5593 1387 5659 ὢν,
1432 5596 1546 5648 οὐδ’
1583 5597 1782 5663 ἀμέτο-

200 5694 308 5748 χος
338 5679 748 5747 μηχανημάτων
778 5680 872 5734 καὶ
918 5677 1209 5744 ποικιλίας.
1243 5684 1469 5737 Πάντων
1524 5681 1614 5738 οὖν
1643 5688 1781 5739 ἀπε-

200 5767 526 5833 γνωκότων,
579 5770 673 5821 καὶ
709 5772 1192 5839 συμϐουλευόντων
1229 5774 1382 5844 αὐτῷ
1429 5775 1674 5844 φεύγειν,
1705 5776 1781 5839 ὡς

198 5859 268 5911 οὐ
304 5858 612 5913 δοκούντων
644 5860 871 5917 δυνατὸν
905 5866 1041 5933 πρὸς
1088 5866 1361 5935 τοσαύτην
1396 5866 1659 5941 σύρροιαν
1690 5869 1780 5921 ἁν-

1884 4678 1938 4723 et
1977 4669 2089 4738 ipsa
2139 4669 2344 4721 divitiis
2373 4668 2629 4721 omnibus
2663 4668 2854 4721 melior
2902 4676 3025 4722 est:
3064 4669 3451 4729 consobrinus,

1885 4762 2035 4830 cujus
2059 4762 2217 4828 paulo
2246 4762 2494 4831 superius
2529 4761 2669 4814 facta
2728 4770 2810 4815 est
2838 4762 3064 4826 mentio,
3088 4760 3285 4816 'l‘urcis
3311 4776 3368 4815 se
3392 4777 3454 4816 ae

1889 4853 2091 4907 Latinis
2124 4854 2379 4916 miscens,
2407 4852 2592 4914 multis
2622 4853 2670 4907 ei
2694 4854 2869 4908 modis
2906 4854 3175 4923 negotium
3210 4852 3451 4907 facessit.

1887 4945 2079 4998 Statim
2113 4961 2242 5014 ergo
2274 4946 2522 4998 confudit
2544 4946 2743 5001 omnia.
2779 4960 2874 4998 ceu
2908 4945 3069 4998 turbo
3118 4962 3146 4997 a
3182 4945 3449 5015 tranquil-

1886 5036 2039 5090 litate
2068 5050 2375 5104 emergens,
2406 5050 2529 5088 cum
2556 5036 2788 5088 necdum
2834 5048 2920 5089 res
2952 5034 3175 5087 lirmiori
3212 5042 3358 5088 statu
3394 5035 3447 5086 in

1885 5131 2028 5185 bono
2064 5129 2343 5182 haberent.
2378 5127 2505 5181 Erat
2564 5141 2723 5195 porro
2803 5127 2966 5182 minis
3008 5126 3355 5188 tremendus;
3390 5144 3450 5180 ac

1885 5238 2063 5293 neque
2092 5236 2178 5276 res
2208 5220 2271 5275 ad
2305 5230 2564 5275 terrorem
2599 5220 2838 5275 minores
2864 5229 3039 5279 erant.
3076 5233 3219 5289 quot
3249 5236 3446 5273 novum

1887 5317 2112 5372 haberet
2136 5314 2502 5381 conscriptum
2556 5313 2802 5376 militem,
2840 5312 3130 5381 pluresque
3184 5312 3447 5379 indigena:

1884 5410 1952 5462 ab
2010 5422 2075 5461 eo
2102 5414 2329 5469 starent,
2360 5421 2423 5464 ac
2462 5404 2648 5460 relicta
2682 5419 2711 5456 a
2739 5414 2890 5472 patre
2940 5404 3183 5470 prtesidia
3222 5411 3445 5456 teneret.

1884 5503 2059 5568 Atque
2092 5510 2149 5552 ut
2188 5497 2352 5551 verbo
2387 5496 2588 5559 dicam,
2615 5503 2837 5561 excepta
2870 5494 2962 5547 illa
3016 5510 3122 5548 non
3164 5510 3194 5548 e
3235 5496 3445 5549 ratione

1885 5593 2132 5656 audacia,
2161 5599 2321 5659 atque
2351 5599 2408 5643 ut
2460 5586 2643 5656 injusti
2699 5586 2828 5640 belli
2879 5597 3069 5640 auctor
3115 5598 3279 5653 esset,
3332 5600 3450 5641 erat

1886 5683 2087 5752 alioqui
2112 5697 2216 5735 non
2241 5679 2519 5746 degeneris
2541 5677 2733 5742 animi,
2761 5693 2861 5732 nec
2878 5692 3004 5733 vero
3020 5694 3213 5746 expers
3237 5679 3447 5748 peritia-

1882 5774 2090 5829 bellicae
2120 5788 2183 5827 ac
2209 5771 2529 5841 prudentiae.
2569 5768 2706 5823 Cum
2735 5784 2863 5837 ergo
2890 5784 3081 5825 omnes
3109 5770 3163 5823 in
3192 5772 3444 5841 despera-

1888 5867 2087 5921 tionem
2120 5863 2319 5929 adacti,
2382 5864 2561 5935 fugam
2596 5859 2965 5929 eonsulereut,
3008 5872 3261 5933 tanquam
3297 5862 3447 5916 vide-
