4208 6444
228 452 339 517 213

1024 453 1415 513 THEODORI
1491 452 1803 512 DESPOTI
1872 454 2259 517 LAUDATIO
2302 456 2710 516 FUNEBRIS.

3348 452 3456 516 2M

228 571 442 637 ἑτέροις
472 567 713 628 ἐκείνους
738 566 836 634 ζῇν
867 564 1263 629 ὑποπτεύοντες
1298 566 1470 619 αίτιον
1496 568 1793 621 σκανδάλου
1825 569 1869 623 Α
1898 577 1904 618 l

1913 582 2009 619 ,um
2062 568 2206 634 quod
2256 568 2574 623 scandalum
2607 566 2844 622 creaturi
2898 567 3233 628 viderentur,
3268 580 3367 634 pro
3398 583 3462 619 eo

225 658 585 731 γενήσεσθαι.
626 655 862 719 Ἐκεῖνος
888 657 946 710 δὲ
982 657 1230 711 πιστεύει
1268 657 1386 725 μὲν,
1414 657 1627 711 οἴκοθεν
1654 659 1793 728 ἔχων

224 750 292 802 τὸ
326 746 515 809 πιστὸς
542 742 707 799 εἶναι’
736 746 764 799 δ
796 745 906 816 γάρ
944 762 1028 808 τις
1068 747 1203 815 ἔχει,
1233 746 1437 811 δίδωσι,
1482 750 1577 801 καὶ
1600 750 1626 801 ὅ
1654 753 1789 815 ἐστι,

226 839 510 907 λογίζεται
541 839 631 891 καὶ
660 838 785 900 τοὺς
812 839 1031 902 λοιποὺς
1066 833 1233 893 εἶναι·
1262 841 1435 894 πείθει
1461 842 1519 895 δὲ
1550 843 1643 894 καὶ
1670 844 1795 897 ἑαυ-

224 931 346 995 τὶν,
390 932 482 983 καὶ
521 930 737 993 ἄλλους,
778 930 1073 1001 λογισμοὺς
1114 934 1416 1001 προτείνων
1459 935 1793 1005 ἀναντιρῤή-

219 1041 374 1085 τους,
406 1023 478 1087 ὥς
508 1023 612 1076 κᾶν
662 1023 977 1093 βουληθεῖεν
1008 1026 1209 1079 ἐκείνοι
1263 1027 1433 1080 κακόν
1466 1015 1522 1081 τι
1569 1028 1789 1098 δρᾶσαι.

222 1118 328 1169 οὐκ
358 1117 424 1170 ἄν
457 1120 587 1169 ποτε
633 1115 915 1183 δυνηθεῖεν
938 1131 953 1147 ·
982 1116 1078 1170 καὶ
1112 1117 1203 1171 διὰ
1252 1118 1411 1171 τοῦτο
1452 1119 1573 1172 οὐδὲ
1609 1118 1797 1189 βουλή-

232 1225 442 1262 σονται.
489 1207 678 1275 Ἐξέϐη
710 1209 755 1260 δ’
784 1208 976 1279 ῶσπερ
1004 1210 1166 1274 αὐτὸς
1195 1209 1415 1280 ἀνόμισέ
1438 1228 1496 1264 τε
1525 1212 1621 1265 καλ⁵
1647 1214 1796 1282 ίσχυ-

232 1300 437 1370 ρίζετο.
470 1300 581 1353 Καὶ
605 1299 767 1353 τοῦτο
796 1302 920 1370 τρία
954 1303 1113 1355 ταυτὶ
1152 1306 1705 1373 προσμαρτυρήσειεν
1728 1305 1796 1357 ἀν

230 1389 405 1457 αὐτῷ,
438 1390 803 1455 ἀξιοπιστίαν,
844 1392 1089 1461 ἀνδρίαν,
1140 1396 1434 1463 φρόνησιν’
1469 1396 1545 1465 τῷ
1574 1397 1797 1450 πιστεῦ-

232 1498 352 1543 σαι,
385 1482 463 1550 τῷ
489 1483 789 1553 θαρῤἧσαι,
827 1484 1111 1559 τῷηκαλῶς
1160 1488 1549 1556 στοχάσασθαι.
1588 1490 1796 1543 κτᾶται

229 1574 526 1643 τοιγαροῦν
545 1577 806 1648 στρατιὰν
830 1577 1124 1648 τοσαύτην,
1145 1579 1244 1633 οὐκ
1261 1581 1485 1651 ἄπειρον
1519 1581 1620 1650 μὲν
1634 1599 1798 1649 τραυ-

235 1667 449 1733 μάτων,
478 1667 688 1738 ἀγαθὴν
722 1668 778 1721 δὲ
829 1669 898 1723 τά
936 1670 1193 1740 πολέμια,
1229 1672 1395 1741 μηδὲν
1439 1674 1795 1744 προσαναλώ-

226 1773 330 1818 σας
360 1758 391 1826 ἢ
436 1763 564 1827 τρία
597 1760 796 1822 ταῦτα,
840 1760 1067 1831 γνώμης
1096 1762 1355 1832 ὀξύτητα,
1389 1765 1637 1836 γλώττης
1684 1766 1795 1819 δει-

226 1849 456 1918 νότητα,
499 1853 717 1923 τρόπων
751 1856 1097 1926 χρηστότητα
1124 1873 1138 1887 ⁸
1182 1857 1414 1911 ἕκαστον
1451 1861 1636 1929 χρῆμα
1669 1859 1795 1913 ἀκέ-
1826 1897 1870 1956 Β

222 1956 423 1995 νωτον.

308 2115 491 2183 Ἔχων
516 2133 579 2184 γε
613 2118 793 2172 τοίνυν
825 2121 1025 2185 αὐτοὺς
1053 2124 1190 2193 πρὸς
1225 2128 1289 2195 τῇ
1324 2127 1426 2196 τῆς
1455 2128 1795 2201 Πελοποννή-

224 2224 326 2259 σου
356 2207 604 2277 δυνάμει,
641 2212 700 2263 ού
739 2216 952 2285 σμικρᾷ
983 2216 1077 2269 καὶ
1107 2218 1231 2269 καθ’
1246 2220 1416 2289 αὐτὴν
1448 2219 1602 2291 οὔσῃ,
1622 2240 1796 2292 atpos-

224 2298 409 2368 θήκην
461 2300 543 2353 ὅτι
589 2304 877 2374 μεγίστην,
911 2307 1039 2375 ῥᾷον
1070 2308 1102 2376 ή
1143 2326 1225 2370 τις
1263 2308 1329 2362 ἂν
1360 2312 1613 2379 ἐνόμιζεν
1642 2310 1702 2366 εὖ
1729 2313 1797 2367 τά

223 2390 375 2442 κατὰ
410 2391 534 2444 νοῦν
559 2393 766 2449 διέθετο
816 2398 1010 2452 πάντα.
1044 2398 1103 2451 Ei
1140 2403 1249 2471 γὰρ
1280 2401 1341 2470 δὴ
1374 2408 1468 2455 καὶ
1512 2405 1683 2473 μικρά
1710 2422 1796 2467 τις

225 2485 462 2555 ἐπιϐολὴ
491 2487 550 2538 τὸ
580 2490 687 2541 πᾶν
722 2490 898 2559 ἰσχύει
931 2492 1213 2559 πολλάκις,
1246 2497 1277 2564 ή
1314 2500 1547 2566 τοσαύτη
1585 2499 1681 2565 μὲν
1719 2499 1797 2567 τῷ

229 2577 455 2645 πλήθει,
486 2579 626 2647 καλὴ
656 2581 712 2633 δὲ
744 2584 839 2634 καὶ
868 2585 933 2653 τῇ
960 2584 1070 2636 τῶν
1092 2585 1405 2653 πολεμικῶν
1433 2587 1714 2659 ἐμπειρίᾳ,
1747 2588 1799 2639 τί

225 2668 335 2720 οὐκ
369 2668 435 2721 ἄν
465 2669 633 2739 ἔδρα;
675 2672 749 2724 Οὐ
779 2674 908 2744 γάρ,
940 2674 1120 2729 καίτοι
1154 2678 1274 2729 καθ’
1324 2679 1551 2742 ἑαυτοὺς
1592 2680 1799 2750 προθύ-

233 2775 377 2823 μους
408 2775 467 2811 τε
493 2761 588 2813 καὶ
633 2762 870 2829 ἀγαθοὺς
906 2765 1245 2833 στρατιώτας
1276 2766 1457 2831 ὄντας,
1492 2769 1552 2820 ού
1598 2770 1799 2837 προσέ-

229 2848 361 2902 θετο
423 2851 650 2920 ποιῆσαι
701 2855 925 2917 τούτους
983 2856 1264 2926 βελτίους·
1318 2858 1432 2932 ἀλλέ
1492 2859 1801 2930 ἐπηύξησεν

232 2944 444 3006 αὐτοῖς,
480 2943 671 3015 ῶσπερ
700 2946 790 2999 οὖν
820 2947 882 3000 τδ
914 2951 1070 3021 πρὸς,
1094 2951 1259 3003 αὐτὸν
1300 2951 1545 3021 φίλτρον,
1574 2951 1715 3005 οὕτω
1744 2955 1801 3007 δὲ

234 3035 338 3088 καὶ
367 3037 433 3088 τά
456 3040 797 3109 χρηστότερα
824 3042 1022 3111 πάντα,
1052 3042 1227 3110 λέγων
1258 3045 1351 3095 καὶ
1379 3044 1803 3106 ύποδεικνὺςετά

237 3130 514 3195 πρακτέα.
552 3131 661 3183 Καὶ
686 3132 839 3201 δηλοῖ
888 3135 955 3186 τὰ
988 3133 1054 3187 δι’
1090 3135 1269 3187 αὐτῶν
1316 3134 1511 3206 ἐκείνῳ
1550 3154 1801 3206 πεπραγο

1893 661 2036 728 quod
2070 660 2192 715 aliis
2225 662 2469 717 moribus
2498 662 2765 716 viverent.
2805 659 3073 714 Caeterum
3104 658 3193 712 ille
3216 672 3462 712 commo~

1893 752 1986 805 dat
2009 752 2228 821 quidem
2254 753 2432 816 ﬁdem,
2456 752 2549 821 qui
2576 769 2607 808 a
2632 754 2824 822 seipse
2849 751 3007 805 fidem
3041 750 3279 805 haberet.
3306 746 3462 813 Quod

1894 843 2019 910 quis
2049 843 2192 897 enim
2226 843 2405 908 habet,
2436 843 2597 896 etiam
2625 844 2739 905 dat,
2792 857 2856 896 ac
2885 840 3028 909 quod
3067 845 3150 891 est
3184 839 3319 905 ipse,
3363 838 3466 891 hoc

1896 936 2035 990 alios
2064 951 2279 1005 quoque
2304 934 2617 989 existimat:
2674 950 2797 988 cum
2839 948 2967 987 vero
2991 931 3116 995 sibi,
3173 938 3287 984 tum
3345 928 3466 981 aliis

1896 1025 2111 1086 suadet,
2140 1025 2472 1079 firmissimis
2503 1026 2778 1078 rationum
2809 1024 3128 1086 momentis,
3159 1030 3227 1074 ne
3278 1019 3323 1074 si
3379 1034 3468 1072 ve-

1896 1117 2016 1181 lint,
2052 1130 2213 1185 posse
2235 1131 2328 1169 eos
2354 1114 2485 1185 quid
2525 1114 2648 1174 mali
2687 1113 2904 1175 facere;
2944 1126 3116 1181 eoque
3150 1110 3266 1164 fore
3301 1116 3359 1161 ut
3413 1116 3470 1161 ct

1899 1209 2111 1271 nolint,
2147 1209 2437 1276 evenitque
2458 1208 2535 1261 uti
2572 1214 2863 1260 censuerat
2888 1205 3003 1273 ipse
3036 1218 3101 1257 ac
3127 1202 3425 1256 aﬂirmarat
3453 1219 3465 1265 ;

1897 1315 2017 1369 qua:
2049 1314 2179 1354 sane
2215 1314 2303 1354 res
2359 1299 2457 1353 tria
2488 1300 2601 1352 haec
2632 1297 2706 1350 illi
2743 1296 2959 1351 abunde
2987 1295 3219 1359 astruit;
3271 1301 3466 1347 aucto—

1896 1396 2109 1449 ritatem
2137 1392 2204 1446 ad
2232 1391 2417 1453 ﬁdem,
2450 1390 2846 1453 fortitudinem,
2910 1387 3274 1456 prudentiam,
3313 1385 3464 1453 quod

1898 1483 2150 1537 habuerit
2184 1482 2366 1547 fidem,
2408 1481 2551 1549 quod
2588 1482 2863 1543 tiduciam,
2936 1480 3079 1549 quod
3119 1480 3251 1532 bene
3289 1478 3473 1544 conje-

1899 1574 2084 1629 CIarit.
2117 1574 2267 1628 Adeo
2286 1588 2415 1642 ergo
2440 1572 3036 1627 numerosum'militem
3056 1580 3357 1640 comparat.
3387 1569 3473 1622 ni-

1897 1666 1975 1720 hil
2004 1665 2156 1720 illum
2187 1666 2468 1720 vulnerum
2498 1665 2683 1719 rudem
2708 1705 2722 1726 ,
2751 1664 2892 1718 bello
2927 1671 3110 1717 autem
3151 1662 3470 1730 cumprimis

1897 1764 2292 1825 opportunum,
2323 1770 2442 1807 cum
2480 1763 2671 1821 praeter
2708 1753 2821 1805 haec.
2852 1752 2955 1805 tria
2980 1790 2993 1813 ,
3048 1749 3224 1803 nullos
3262 1748 3475 1815 posuis-

1900 1858 1980 1900 set
2009 1854 2279 1915 sumptus,
2318 1860 2567 1911 sagacem
2600 1845 2867 1902 animqu.
2903 1844 3094 1910 lingure
3136 1841 3245 1891 vim
3282 1878 3297 1901 ,
3350 1852 3469 1890 mo-

1901 1954 2019 1993 rum
2057 1939 2374 2001 bonitatem,
2408 1937 2721 1991 thesaurum
2755 1935 2911 2005 plane
2955 1932 3165 2004 singula
3204 1929 3473 1983 inexhau-

1901 2039 2070 2082 stum.

1964 2122 2101 2176 Cum
2128 2121 2310 2189 itaque
2342 2132 2565 2191 excepta
2628 2120 2988 2190 Peloponnesi
3018 2117 3235 2180 virtute,
3269 2128 3388 2184 quae
3422 2123 3476 2167 et

1903 2214 2020 2283 ipsa
2051 2229 2145 2283 per
2164 2229 2223 2269 se
2248 2228 2355 2268 nou
2386 2214 2597 2267 modica
2625 2222 2792 2277 esset,
2825 2210 3078 2265 maxima:
3101 2222 3197 2262 eos
3252 2206 3477 2259 haberet

1903 2303 2234 2358 accessionis
2265 2304 2405 2369 loco,
2441 2303 2631 2372 majori
2656 2316 2820 2371 supra
2860 2315 3079 2355 omnem
3104 2294 3476 2353 existimatio-

1904 2409 2027 2447 nem
2067 2393 2345 2459 facilitate,
2378 2395 2513 2447 bene
2537 2409 2601 2447 ex
2631 2393 2813 2445 animo
2864 2391 3047 2444 omnia
3081 2385 3475 2443 constituebat.

1904 2485 2134 2551 Quando
2167 2486 2312 2540 enim
2344 2486 2552 2539 modica
2585 2499 2803 2553 quoque
2828 2482 3072 2537 accessio
3102 2495 3211 2533 non
3241 2494 3367 2532 raro
3390 2484 3477 2529 to-

1907 2588 2018 2632 tum
2048 2589 2288 2648 prmstat,
2315 2578 2444 2645 quid
2474 2593 2577 2630 non
2612 2586 2759 2629 tanta
2788 2576 2897 2638 illa,
2934 2574 3124 2643 reique
3164 2570 3301 2623 adeo
3328 2568 3479 2622 belli-

1905 2685 1984 2726 ca:
2015 2673 2203 2738 peritia
2234 2681 2517 2741 praestans,
2553 2667 2869 2723 confectura
2913 2664 3068 2719 erat?
3098 2661 3283 2730 Neque
3333 2661 3478 2712 enim.

1906 2778 2213 2831 quanquam
2268 2778 2363 2832 per
2384 2777 2443 2815 se
2500 2761 2710 2814 alat-res
2765 2774 2827 2812 ac
2889 2754 3097 2813 strenui
3134 2750 3479 2815 erant,omi-

1908 2859 2073 2917 sit,ut
2105 2838 2355 2910 meliores
2387 2854 2616 2909 efﬁceret
2642 2854 2803 2922 ;quin
2834 2852 2965 2916 imo,
2994 2850 3068 2904 uti
3102 2862 3291 2901 eorum
3330 2845 3384 2898 in
3424 2857 3482 2897 se

1910 2963 2173 3013 amorem,
2206 2948 2284 3002 sic
2308 2956 2359 3001 et
2383 2948 2601 3000 meliora
2630 2945 2815 3000 omnia
2840 2944 2918 2997 eis
2944 2940 3161 2995 adauxit
3189 2979 3202 3000 ,
3232 2951 3337 3006 qua
3365 2950 3486 2989 ver--

1912 3042 2016 3103 bis,
2046 3056 2151 3109 qua
2196 3040 2361 3095 rebus
2392 3050 2731 3100 monstrans,
2766 3051 2887 3106 qum
2917 3034 3058 3088 facto
3090 3046 3228 3100 opus
3256 3036 3440 3084 essent
3466 3043 3480 3079 :

1912 3134 2258 3201 produntque
2279 3147 2374 3201 per
2391 3148 2485 3187 eos
2519 3132 2584 3185 ab
2606 3131 2696 3184 illo
2724 3138 2871 3199 gesta
2896 3145 2910 3193 ;
2941 3139 3251 3195 quanquam
3272 3121 3350 3175 eis
3373 3134 3480 3173 non

242 3221 408 3287 μένα,
436 3222 485 3274 εί
516 3224 609 3275 καὶ
639 3224 714 3293 μὴ
740 3226 801 3277 τὸ
824 3227 933 3279 πᾶν
964 3227 1145 3290 αὐτοῖς
1172 3227 1488 3294 ἀνατίθημι.
1517 3230 1637 3290 Πῶς
1660 3232 1801 3299 γάρ;
1834 3250 1879 3303 ο

1913 3228 2093 3281 omnia
2127 3237 2348 3294 accepta
2384 3224 2583 3286 refero.
2627 3224 2729 3288 Qui
2754 3222 2938 3275 enim?
2970 3220 3161 3274 Nonne
3209 3218 3352 3295 enim
3387 3214 3486 3267 ho-

234 3313 316 3365 Οὒ
345 3314 453 3383 γάρ
480 3313 759 3383 δυσμενῶν
788 3311 899 3370 εἷλε
929 3317 1131 3380 πόλεις,
1161 3319 1261 3382 τὰς
1293 3322 1391 3388 μὲν
1446 3320 1807 3392 πολιορκήσας

233 3422 301 3457 τε
339 3406 434 3459 καὶ
486 3408 1007 3475 παραστησάμενος,
1056 3409 1154 3471 τὰς
1209 3411 1253 3463 δ’
1285 3412 1534 3464 αὐτοϐοεὶ
1582 3412 1659 3482 τῷ
1708 3432 1803 3466 πο-

235 3498 417 3566 λέμῳ,
449 3500 545 3560 τὰς
576 3499 798 3563 πλείους
829 3502 884 3554 δὲ
918 3502 1012 3553 καὶ
1054 3504 1343 3569 φθασάως
1376 3504 1476 3571 τὴν
1509 3508 1607 3573 τῆς
1649 3523 1811 3575 στρα-

236 3590 367 3651 τιᾶς
395 3588 601 3655 ἔφοδον,
657 3592 752 3643 καὶ
797 3592 929 3671 πρὶν
970 3592 1063 3645 τοῦ
1094 3592 1304 3664 ταύτην
1350 3595 1518 3662 ἐγγὺς
1559 3598 1809 3663 γενέσθαι

242 3681 686 3751 παραδοθείσαςς
733 3683 805 3735 Οὐ
843 3683 1081 3749 δεδιότας
1131 3686 1300 3753 ἔδειξε
1332 3688 1457 3752 τοὺς
1503 3690 1813 3759 δεδιττομέ-

240 3792 407 3839 νουςς
442 3774 513 3826 Ού
542 3775 719 3827 πάντα
750 3774 901 3828 ταῦτ’
933 3777 1107 3830 ἐποίει
1146 3780 1273 3841 τοὺς
1301 3780 1587 3847 δυσμενεῖς
1615 3780 1813 3851 θρασυ-

241 3864 507 3932 νομένους
548 3866 679 3926 ταῖς
735 3865 839 3934 πρὸ
894 3867 992 3933 τῆς
1034 3867 1197 3920 αὑτοῦ
1252 3871 1559 3937 παρουσίας
1610 3871 1812 3933 νίκαις,

240 3956 664 4029 κατεπτηχιξτας
707 3957 994 4023 φαίνεσθαι
1050 3961 1146 4011 καὶ
1191 3963 1813 4031 κατῃσχυμμένους,ἆτε

240 4048 313 4114 δὴ
348 4049 442 4099 τοῦ
460 4050 705 4128 ,Θράσους
739 4051 946 4115 αὐτοῖς,
981 4053 1074 4103 καὶ
1105 4052 1214 4104 τῶν
1245 4051 1330 4120 ἐφ’
1367 4047 1449 4115 οἷς
1489 4054 1629 4123 μέγα
1660 4055 1818 4124 ἐφρό-

239 4158 396 4204 νουν,
426 4142 560 4209 πρὸς
589 4143 904 4197 τούναντίον
935 4144 1258 4214 τραπέντων
1283 4160 1299 4209 ;
1324 4147 1399 4199 Οὐ
1431 4146 1814 4218 παρῃτοῦντος

244 4233 329 4285 (ιὺ
385 4234 794 4301 προσεκύνουνς
848 4236 964 4289 υῦκ
1017 4236 1339 4290 ἀπεδίδοσαν
1394 4237 1614 4292 ἅπαντα
1649 4239 1818 4307 ίμετά

240 4326 571 4396 προσθήκης
613 4328 681 4380 τὰ
715 4328 1047 4397 ἡρπαγμένσ
1077 4346 1091 4390 ;
1123 4330 1197 4382 Οὐ
1250 4331 1451 4399 φόρους
1505 4332 1817 4399 προσεδίδο-

241 4436 373 4477 σαν,
410 4418 457 4470 οἳ
503 4419 597 4470 καὶ
650 4419 784 4488 ὖναρ
809 4419 956 4471 τοῦτ’
1006 4420 1227 4484 ίδόντες,
1275 4422 1575 4491 ἀπεπήδων
1607 4423 1676 4476 ἂν
1719 4426 1819 4491 τῆς

238 4510 459 4575 κλίνης,
493 4508 569 4576 τῷ
599 4512 991 4580 ἀπροσδοκήτῳ
1026 4511 1314 4581 βληθέντες
1338 4530 1353 4577 ;
1374 4512 1450 4566 Οὐ
1481 4513 1640 4567 τοῦτο
1671 4515 1819 4584 ἥδιον

1910 3322 2071 3376 stium
2089 3318 2829 3388 cepiturbes?aliasqui:|em
2867 3311 3226 3382 expugnando
3255 3325 3319 3364 ac
3358 3324 3482 3363 cum

1910 3414 2212 3468 obsedisset
2237 3429 2252 3478 ;
2278 3412 2412 3464 alias
2437 3411 2557 3479 ipso
2587 3410 2706 3463 belli
2732 3411 2990 3468 clamore,
3014 3421 3078 3460 ac
3098 3406 3272 3474 prima
3304 3403 3484 3456 statim

1912 3505 2247 3574 irruptione;
2292 3504 2470 3572 plures
2503 3516 2720 3571 quoque
2749 3516 2872 3555 cum
2895 3498 3191 3555 exercitum
3226 3494 3488 3549 invaden-

1914 3605 2018 3649 tem
2051 3603 2429 3659 occupassent,
2459 3609 2521 3647 ac
2557 3593 2784 3648 necdum
2834 3591 3057 3659 prOpius
3082 3591 3322 3651 admoto,
3365 3600 3486 3638 sese

1912 3687 2263 3752 dedidissent,
2287 3687 2309 3739 Ἰ
2339 3685 2527 3739 Nonne
2550 3686 2741 3740 solitos
2761 3694 2965 3738 terrere
2995 3684 3045 3735 in
3071 3691 3334 3735 terrorem
3358 3675 3490 3746 egit?

1913 3778 2101 3833 Nonne
2128 3779 2193 3832 iis
2224 3778 2480 3833 omnibus
2521 3776 2699 3840 ﬁebat,
2734 3775 2909 3842 utqui
2944 3782 3069 3827 aute
3124 3772 3241 3840 ejus
3274 3771 3325 3823 in
3356 3783 3488 3836 pro-

1919 3868 2147 3920 vinciam
2195 3867 2506 3930 adventum,
2539 3884 2603 3921 ex
2647 3867 2924 3936 prioribus
2954 3864 3198 3918 victoriis
3250 3864 3488 3918 insolen-

1918 3958 2086 4011 tiores
2114 3958 2439 4021 evasissent,
2485 3958 2698 4010 attoniti
2744 3958 3003 4025 deinceps
3037 3954 3361 4021 confusique
3415 3958 3492 4008 vi-

1917 4049 2199 4112 derentur,
2225 4049 2424 4117 quibus
2452 4049 2673 4105 audacia
2704 4049 2817 4112 illa,
2848 4064 2910 4103 ac
2942 4049 3147 4117 quibus
3174 4047 3494 4101 attollebant

1920 4141 2154 4201 animos,
2182 4140 2236 4194 in
2273 4140 2608 4195 contrarium
2635 4139 2937 4195 cederent?
2990 4138 3180 4193 Nonne
3231 4137 3492 4207 depreca-

1921 4232 2169 4285 bantur?
2200 4231 2390 4285 Nonne
2416 4232 2816 4285 venerabantur
2845 4230 2869 4285 ?
2892 4230 3083 4285 Nonne
3106 4240 3256 4299 rapta
3309 4231 3491 4285 omnia

1920 4337 2042 4375 cum
2081 4323 2391 4377 accessione
2422 4322 2762 4377 reddebant?
2806 4321 2995 4376 Nonne
3034 4323 3260 4391 insuper
3290 4321 3493 4391 pende-

1921 4415 2052 4469 bant
2080 4417 2301 4479 trihuta,
2366 4417 2459 4486 qui
2487 4426 2544 4469 ut
2574 4416 2627 4469 in
2659 4416 2868 4471 somnis
2906 4416 3190 4481 vidissent,
3244 4416 3495 4482 inexspe-

1920 4513 2068 4558 ctato
2093 4506 2210 4557 visu
2240 4506 2481 4568 territi,e
2508 4514 2679 4558 strato
2707 4503 3045 4574 prosilisseut
3067 4504 3090 4557 ?
3115 4504 3303 4558 Nonne
3322 4504 3497 4557 dulci-

241 4602 439 4659 αὐτοῖς
487 4600 562 4663 ώς
618 4601 882 4655 κινδύνων
936 4604 1283 4657 ἀπαλλάττον
1332 4604 1365 4675 ἢ
1425 4605 1487 4658 τὸ
1538 4605 1819 4674 εἰληφέναι
1849 4616 1897 4673 ι)

1926 4610 1990 4651 us
2018 4596 2122 4649 hoc
2152 4596 2445 4664 habebant,
2480 4613 2590 4667 quo
2614 4605 2797 4651 essent
2837 4611 2866 4649 a
2916 4595 3170 4665 periculis
3199 4595 3495 4657 immunes,

241 4690 524 4758 πρόσθενς
554 4692 668 4744 Οὐκ
696 4692 974 4745 ἐδούλευον
1009 4694 1129 4762 μεθ’
1188 4694 1388 4757 ὃπλων,
1418 4687 1501 4756 οἷς
1547 4710 1608 4761 γε
1636 4692 1818 4763 ληίζε-

240 4782 379 4836 σοαι
413 4782 511 4853 τὴν
550 4782 827 4854 ἡμετέραν
871 4786 963 4835 καὶ¹
1006 4784 1133 4837 ἄνευ
1163 4786 1346 4838 ὅπλων
1374 4785 1682 4856 πανήγυρίς
1730 4802 1816 4848 τις

241 4874 465 4935 ἐδάμη
521 4874 632 4927 Καὶ
664 4874 856 4929 σιωπῶ
898 4876 996 4944 τὴν
1050 4875 1351 4946 πρίγγιπος
1400 4877 1816 4946 ὐπερηφανείαν

242 4964 355 5034 τὴν
387 4964 613 5034 πολλὴν,
666 4965 849 5029 αὐτοῖς
896 4969 1009 5028 τοῖς
1069 4967 1393 5036 πράγμασιν
1445 4968 1814 5037 ἐλεγχθείσαν.

240 5055 327 5108 Ού
359 5056 468 5126 γάρ
496 5051 563 5125 ἦν
614 5056 935 5126 ἀκροϐατῶν
964 5074 980 5122 ;
1014 5059 1112 5127 οὐχ
1144 5060 1284 5128 ὑπὲρ
1338 5061 1514 5128 νεφῶν
1541 5078 1554 5124 ;
1594 5062 1706 5112 Οὐκ
1739 5062 1818 5122 εἰς

239 5146 551 5217 τοῦσχατον
578 5150 779 5216 ἀφῖκτο
816 5147 1137 5212 ἀλαζονείας
1164 5151 1378 5218 ἀπάσης
1409 5168 1423 5215 ;
1474 5150 1610 5203 Ἀλλ’
1639 5154 1667 5204 ὁ
1709 5167 1819 5203 τοι-

240 5238 411 5299 οῦτος
445 5237 545 5307 μὶν
586 5240 700 5300 τοῖς
732 5238 1015 5308 λογισμοῖς
1040 5243 1133 5294 καὶ
1179 5244 1293 5304 τοῖς
1334 5242 1537 5309 λόγοις,
1576 5243 1819 5305 τοιοῦτος

240 5330 307 5381 δὲ
342 5330 456 5390 τοῖς
498 5331 761 5398 σχήμασι,
798 5332 896 5383 καὶ
934 5334 1101 5385 πᾶσιν
1151 5329 1232 5399 οἷς
1275 5334 1342 5386 ἂν
1386 5335 1629 5401 φαίνοιτο
1676 5333 1819 5403 μέγα

247 5421 476 5491 φρονῶν
526 5420 836 5492 ἄνθρωπος,
892 5426 1005 5485 τοῖς
1059 5424 1243 5493 ἔργοις
1292 5424 1475 5487 ἄλλοις
1530 5423 1821 5489 δέδεικται,

242 5514 377 5566 οὐδὲ
412 5513 610 5567 πολλοῦ
663 5514 758 5567 τοῦ
799 5515 1005 5584 μεταξὺ
1059 5517 1365 5582 γεγονότος.
1430 5508 1662 5583 Ὀλίγοις
1711 5519 1821 5589 γὰρ

238 5601 522 5672 ἷντυχὼν,
580 5599 656 5655 ῶν
705 5620 850 5666 τινες
905 5605 989 5674 ἐφ’
1044 5606 1323 5676 ίππαρίων
1375 5609 1651 5676 πονηρῶν,
1698 5608 1821 5661 τότε

250 5695 493 5764 πρώτως
539 5690 696 5763 οἶμαι
751 5696 1144 5764 γυμνώσαντες
1192 5700 1284 5749 ἐπὶ
1313 5700 1439 5762 τοὺς
1482 5701 1709 5768 ἐχθροὺς
1761 5702 1824 5753 τὸ

252 5786 435 5851 ξίφος,
471 5786 500 5837 ὁ
524 5786 754 5855 θρασὺς,
808 5789 836 5839 ὁ
876 5788 1099 5857 γαῦρος,
1142 5792 1169 5842 ὀ
1199 5792 1385 5857 πολὺς,
1438 5792 1578 5859 μετὰ
1613 5793 1824 5844 πολλῶν

254 5879 472 5931 ἱππέων
502 5880 696 5946 ἐπιὼν,
732 5881 824 5933 καὶ
857 5880 1069 5946 πολλοῖς
1101 5882 1345 5945 ὁπλίταις
1386 5882 1824 5953 περικυκλούμπ-

1918 4706 2079 4759 quam
2107 4691 2249 4759 quod
2276 4692 2425 4760 prius
2448 4691 2812 4759 acceperant?
2839 4688 3030 4742 Nonne
3061 4687 3371 4741 serviebant
3395 4688 3497 4741 sub

1919 4783 2107 4846 armis,
2141 4783 2340 4850 quibus
2365 4783 2542 4837 fuerat
2570 4781 2706 4837 festa
2730 4783 2846 4837 dies
2865 4790 2923 4834 ut
2944 4780 3023 4833 vel
3042 4781 3494 4833 iuermesterram

1921 4857 2162 4929 nostram
2199 4875 2535 4944 diriperent?
2579 4875 2745 4929 Porro
2791 4875 2926 4930 sileo
2956 4874 3216 4945 principis
3271 4872 3494 4926 multam

1921 4967 2484 5035 superhiam,ahunde
2534 4985 2596 5021 ex
2662 4969 2823 5022 rebus
2868 4975 3201 5033 coargutam.
3230 4964 3418 5018 Nonne
3453 4966 3497 5016 is

1920 5060 2177 5113 extremis
2200 5059 2380 5127 digitis
2406 5074 2469 5113 ac
2494 5057 2632 5112 faslu
2655 5058 2976 5112 incedebat?
3000 5055 3188 5111 Nonne
3208 5071 3372 5125 supra
3398 5070 3496 5108 nu-

1921 5152 2015 5205 bes
2039 5154 2062 5204 ?
2088 5150 2277 5205 Nonne
2313 5160 2656 5219 promoverat
2684 5150 2750 5203 ad
2776 5164 3046 5203 summam
3080 5146 3497 5216 arrogantiam?

1922 5246 2016 5299 Ille
2040 5246 2394 5299 nihilominus
2418 5245 2497 5298 sic
2529 5243 2694 5297 animi
2725 5244 2901 5298 sensis
2927 5258 2992 5297 ac
3041 5241 3221 5297 verbis
3250 5241 3456 5294 habens
3476 5282 3490 5304 ,

1925 5337 2004 5391 sic
2028 5350 2157 5389 vero
2184 5336 2388 5397 verbis,
2425 5334 2716 5388 inflexione
2752 5350 2815 5388 ac
2844 5334 3056 5397 habitu,
3112 5334 3493 5401 omnibusque,

1927 5427 2124 5495 quibus
2159 5428 2279 5495 quis
2339 5428 2578 5479 animum
2631 5436 2924 5480 tumentem
2976 5426 3189 5493 prodat,
3227 5425 3367 5478 alius
3430 5440 3491 5475 ex

1927 5516 2088 5570 rebus
2130 5517 2377 5584 proditus
2399 5525 2502 5578 est,
2534 5532 2635 5570 uec
2675 5518 2727 5570 id
2789 5518 2960 5570 multo
3006 5518 3263 5584 deinceps
3314 5516 3498 5583 elapsi.»

1929 5616 2191 5676 tempore.
2226 5606 2421 5661 Paucis
2448 5607 2716 5675 siquidem
2750 5606 2971 5660 obviam
3031 5606 3229 5669 factus,
3262 5620 3495 5673 quorum

1926 5710 2042 5752 crat
2071 5702 2390 5767 equisonum
2421 5699 2597 5767 aliqua
2636 5714 2865 5762 manus,
2900 5713 2963 5751 ac
3006 5711 3193 5749 eorum
3217 5698 3305 5765 qui
3356 5712 3499 5749 nunc

1928 5807 2089 5859 quam
2124 5791 2259 5844 forte
2284 5791 2519 5859 gladium
2555 5793 2604 5844 in
2637 5791 2819 5846 hostes
2876 5790 3227 5845 strinxissent
3256 5831 3268 5854 ,
3321 5791 3498 5842 audax
3537 5849 3540 5852 ,

1931 5885 2037 5949 ille,
2072 5884 2159 5939 ille
2195 5900 2475 5955 arrogans,
2510 5883 2999 5954 illejaetahundus,
3026 5885 3115 5954 qui
3145 5884 3311 5937 multo
3350 5886 3499 5951 equi-
