4208 6444
221 439 330 506 217
1005 439 1401 506 TllEODOIll
1453 440 1808 498 DESPOTAS
1854 440 2242 501 LAUDATIO
2271 444 2683 525 FUISEBRIS.
3362 438 3478 504 918

221 552 382 604 ταυτὶ
427 549 928 619 συνδεδραμτκότα.
963 553 1214 618 κατεῖχεν
1245 550 1488 617 ἀκριϐῶς
1539 551 1594 602 ὲν
1623 549 1700 617 τῷ
1737 545 1795 602 εὖ
1829 599 1835 612 η

1902 549 2032 604 Nam
2093 565 2286 608 natura
2327 555 2459 624 quid
2521 555 2822 608 violentam
2863 562 2980 617 est';
3013 568 3110 606 nec
3138 561 3195 605 ut
3228 554 3350 621 quis
3377 553 3481 606 ali-

229 645 410 696 ποιεῖν
443 643 650 702 πάντας
693 641 999 709 βούλεσθαι.

1909 661 2018 711 (ιιιο
2043 647 2167 698 velit
2193 650 2429 706 trahere.
2454 647 2507 700 in
2536 646 2819 700 adversam
2848 656 3051 714 partem
3082 645 3237 698 facile
3260 643 3481 698 inflexe-

226 741 318 793 rit.
363 738 634 791 Trahehat
688 737 778 791 illa
814 740 865 790 in
895 741 1115 800 bonum,
1163 739 1350 806 illique
1393 738 1512 805 ejus
1535 740 1780 809 ponderi,
1812 742 2052 795 melioris
2084 743 2302 796 habitus
2333 744 2555 798 cumulo
2636 743 2951 806 accedebat,
3007 755 3129 809 quae
3188 742 3347 793 ambo
3401 745 3480 801 sic

226 841 506 894 conserta,
557 831 611 884 in
643 834 922 901 proposito
977 832 1293 885 denterendi
1343 847 1534 886 omnes
1561 831 1797 900 perfecte
1838 836 2116 889 tenebant.

301 926 438 995 Περὶ
471 925 526 978 δὲ
558 926 669 978 τῶν
706 927 1201 995 αὐτομολησάντων
1251 928 1329 988 εἰς
1372 929 1499 988 τοὺς
1544 928 1793 998 ἐχθροὺς,

228 1019 325 1072 καὶ
361 1018 501 1087 μετὰ
527 1018 638 1071 τῶν
665 1018 847 1070 λύκων
876 1020 951 1080 ὡς
981 1021 1158 1070 εἰπεῖν
1188 1002 1516 1086 γενομένων,
1558 1020 1650 1071 καὶ
1679 1023 1800 1072 ὲπι-

227 1109 550 1176 θυμούντων
584 1109 684 1177 μὲν
728 1110 938 1162 ἐσθίειν
968 1109 1067 1172 τὰς
1107 1111 1214 1162 τῶν
1243 1110 1533 1178 ὁμοφύλων
1566 1110 1797 1180 σάρκας,

228 1199 524 1253 ἐσθιόντων
576 1201 634 1254 δὲ
663 1202 761 1262 τὰς
799 1202 962 1267 ιδίας,
995 1202 1046 1253 τί
1086 1202 1152 1255 ἄν
1200 1220 1288 1264 τις
1331 1202 1521 1268 λέγοι;
1581 1202 1807 1272 Μακρὸν

235 1293 504 1349 τάκείνων
555 1293 884 1359 διεξελθεῖν
919 1293 1016 1346 καὶ
1060 1293 1270 1362 βέλτιον
1316 1294 1491 1346 ταῦτα
1526 1295 1806 1363 παραδρα-

234 1387 363 1454 μεῖν
385 1387 530 1456 ἢπερ
556 1386 894 1448 ἐπιτίθεσθαι
921 1388 1257 1459 μελαγχολίᾳ
1283 1390 1576 1458 νοσήσασιν
1601 1387 1809 1456 ἀνθρὼ-

233 1491 388 1538 ποις.
422 1475 601 1538 Ὀλως
642 1477 718 1539 δὲ,
751 1477 907 1545 είπερ
938 1477 998 1528 ού
1043 1477 1206 1530 καλὸν
1250 1475 1317 1546 ἦν
1347 1478 1579 1536 ἐκείνοις
1613 1478 1681 1528 τὰ
1707 1477 1807 1527 κά-

236 1582 403 1618 κιστα
429 1567 775 1635 δεδρακέναι,
824 1567 946 1621 οὐδὲ
981 1569 1105 1634 ἐμοὶ
1146 1568 1321 1638 δήπου
1356 1568 1621 1638 φέρεσθαι
1669 1568 1810 1638 κατὰ

235 1646 702 1726 τῶνάνθρώπων.
751 1659 892 1728 Ἐρῶ
935 1659 1016 1723 δὲ,
1050 1660 1105 1711 τί
1133 1658 1192 1710 τὸ
1223 1663 1417 1710 πεῖσαν
1452 1659 1649 1720 αὐτοὺς
1684 1659 1810 1710 καθ’

235 1751 401 1819 ἡμῶν
430 1749 822 1817 θρασύνεσθαι,
873 1751 1327 1818 μηδὲνὲγκαλεῖν
1368 1749 1592 1818 ἔχοντας
1620 1789 1635 1813 ,
1683 1749 1715 1819 ἢ
1752 1749 1812 1801 τὸ

240 1843 321 1912 μὴ
351 1842 529 1894 θέλειν
559 1840 825 1912 ἄρχεσθαι
859 1842 947 1909 ὑφ’
978 1839 1038 1894 οὗ
1071 1859 1134 1910 γε
1162 1841 1374 1894 δίκαιον
1407 1837 1497 1912 ἦν.

317 2031 466 2082 Ἷστε
513 2044 619 2080 που
666 2029 756 2078 τὸν
796 2027 1013 2095 Πέρσην
1067 2029 1297 2090 ἐκεῖνον,
1329 2027 1421 2080 τὸν
1473 2028 1810 2098 Παγιαςίτην

240 2123 408 2189 λέγω,
440 2122 532 2174 τὸν
576 2123 767 2183 Ἀσίας
799 2120 1059 2191 ἄρχοντα,
1093 2124 1183 2174 τὸν
1210 2122 1478 2191 Εὐρώπης
1517 2125 1734 2197 κύριον,
1757 2125 1813 2188 ὃς

240 2215 521 2282 ἁφόρητός
541 2232 628 2276 τις
648 2212 745 2278 ὣν,
774 2214 894 2264 οὐδὲ
925 2214 1160 2281 φορητὸν
1190 2216 1397 2283 ἡγεῖτο,
1432 2201 1667 2282 ἄρχοντά
1692 2233 1813 2268 τινα

242 2305 576 2376 Χριστιανῖν
620 2303 1006 2372 ὀνομάζεσθαι.
1049 2303 1220 2365 Οὗτος
1257 2302 1324 2374 ἦν
1369 2307 1402 2374 ἡ
1442 2305 1647 2358 τούτων
1681 2306 1816 2374 θρα-

245 2399 416 2464 σύτης
437 2413 452 2428 ο
487 2397 680 2449 τούτου
706 2399 772 2467 τῇ
804 2396 1027 2464 δυνάμει
1057 2397 1409 2465 θαρροῦντες,
1446 2398 1541 2452 καὶ
1584 2403 1718 2468 πρός
1752 2416 1816 2465 γε

242 2488 328 2542 ἔτι
355 2491 423 2558 τῇ
453 2488 753 2559 δυσμενείᾳ
787 2490 902 2541 τῶν
947 2488 1336 2553 γειτονούντων
1367 2493 1500 2560 ἡμῖν
1526 2494 1814 2557 Λατίνων,

244 2584 360 2643 τοῖς
411 2583 533 2637 καθ’
571 2581 729 2649 ήμῶν
783 2583 1103 2650 ἐπεχείρουν
1179 2581 1313 2634 ἀλλὰ
1353 2582 1458 2651 μὴν
1512 2587 1608 2638 καὶ
1658 2581 1814 2646 οὗτος

247 2673 413 2734 αὐτὸς
462 2675 488 2724 ὁ
540 2673 976 2738 δυσμενέστατος
1031 2674 1156 2743 θὴρ,
1191 2675 1529 2747 ἀμφοτέροις
1575 2666 1814 2746 θαρρῶν,

244 2764 363 2824 τοῖς
396 2763 556 2831 ἡμῶν
600 2763 826 2815 ἐπέθετο
858 2763 1186 2832 πράγμασι·
1219 2766 1314 2817 καὶ
1346 2765 1560 2836 θατέρῳ
1592 2768 1820 2835 θάτερον

251 2855 421 2922 μέρος
451 2855 544 2906 καὶ
584 2855 842 2922 ἡκονᾶτο,
875 2857 970 2907 καὶ
998 2856 1349 2925 παρωξύνετο
1393 2860 1531 2911 κατά
1557 2860 1682 2920 τοὺς
1711 2859 1821 2910 τῶν

247 2947 453 3016 χοίρων
486 2946 727 3008 ὀδόντας.

323 3032 451 3089 Εἶεν
470 3039 482 3050 '
508 3036 766 3104 βούλομαι
785 3035 841 3088 δὲ
865 3037 1094 3090 καθόλου
1121 3040 1275 3106 λόγον
1297 3042 1488 3103 εἰπεῖν,
1555 3042 1645 3093 τὸν
1675 3043 1823 3095 δεῖνα

250 3129 351 3182 καὶ
371 3127 462 3180 τὸν
492 3129 642 3180 δεῖνα
670 3129 1047 3198 παραδραμών
1067 3146 1082 3160 ο
1116 3132 1259 3198 φημὶ
1292 3129 1375 3199 δὴ,
1417 3133 1542 3194 τοὺς
1593 3135 1826 3201 αὐτομο-

248 3220 482 3280 λοῦντας
535 3220 897 3288 Χριστιανοὺς
941 3223 1182 3274 τουτοισὶ
1208 3225 1324 3284 τοῖς
1359 3223 1482 3274 καθ’
1513 3225 1669 3292 ἡμῶν
1695 3225 1823 3277 ἀσεο

251 3313 376 3363 ϋέσι
413 3283 729 3377 περιφανῶς
793 3313 1081 3379 μαίνεσθαι
1106 3329 1120 3341 ·
1156 3314 1356 3381 μᾶλλον
1406 3314 1461 3366 δὲ
1652 3283 1896 3385 χείριι)Ο

255 3407 434 3457 ποιεῖν
464 3403 572 3454 τῶν
620 3403 1010 3471 βεϐλαμμένων
1045 3404 1153 3466 κάς
1187 3406 1412 3473 φρένας.
1461 3407 1692 3458 Ἐκεῖνοι
1731 3409 1827 3476 μὲν

254 3499 390 3566 γὰρ,
420 3498 515 3548 ἐὰν
542 3497 635 3549 καὶ
669 3494 817 3563 ξίφος
858 3494 1042 3547 ὥσωσι
1075 3498 1195 3548 καθ’
1224 3499 1424 3561 αὐτῶν,
1458 3497 1581 3550 οὔτε
1612 3501 1708 3561 τὰς
1733 3501 1829 3551 αύ-

252 3591 369 3641 τῶν
400 3589 577 3658 ψυχὰς
607 3589 870 3655 ἔσλαψαν,
898 3590 990 3644 καὶ
1023 3589 1212 3657 μίσους
1239 3591 1337 3657 μὲν
1358 3591 1627 3658 οὐδαμῶς,
1646 3592 1829 3652 ἐλέους

254 3683 317 3734 δὲ
342 3683 498 3750 παρὰ
524 3683 634 3732 τῶν
661 3679 917 3748 δρώντων
945 3679 1162 3749 τύχοιεν
1189 3682 1256 3734 ἀν
1280 3697 1293 3710 ·
1326 3681 1548 3743 τούτους
1578 3683 1633 3734 δὲ
1661 3684 1828 3751 πολλὴ

253 3777 477 3843 ἀνάγκη
527 3775 681 3843 μῖσος
729 3773 874 3840 ἔχειν
923 3773 980 3825 ὲν
1027 3771 1419 3842 σωφρονοῦσιν,
1469 3775 1703 3828 ἐθελοντὶ
1733 3770 1830 3838 τᾶς

252 3867 471 3920 ἑαυτῶν
494 3864 816 3933 μολύνοντας
834 3865 1012 3933 ψυχὰς
1041 3864 1131 3916 διὰ
1159 3865 1350 3916 πασῶν
1371 3867 1477 3916 τῶν
1506 3869 1825 3936 αἰσθήσεων.

267 3958 636 4028 Ἐπιθυμοῦσι
659 3959 771 4027 γὰρ
799 3959 997 4026 εὑρεῖν,
1031 3953 1102 4010 ὧν
1132 3958 1272 4026 ἕνεχ’
1302 3952 1434 4028 ἧκον
1458 3959 1518 4011 τδ
1550 3960 1827 4026 καταρχὰς

245 4057 341 4114 εἰς
379 4052 506 4112 τοὺς
557 4053 655 4118 τῆς
692 4051 928 4111 πίστεως
980 4049 1246 4117 ἐχθρούς·
1281 4049 1509 4100 πλοῦτόν
1554 4067 1611 4101 τε
1666 4049 1830 4117 λέγω,

254 4147 358 4198 καὶ
386 4144 568 4208 δόξαν,
596 4144 691 4196 καὶ
727 4142 826 4194 ὅσα
853 4159 916 4210 γε
965 4143 1044 4210 τῷ
1093 4142 1217 4210 τῇδε
1248 4141 1350 4210 βίῳ
1396 4143 1637 4210 τερπνά·
1687 4123 1833 4210 ἀμή-

253 4255 424 4308 χανον
467 4235 528 4289 δὲ
579 4233 788 4287 τούτων
843 4237 1066 4303 τυχεῖν,
1130 4235 1205 4302 μὴ
1261 4235 1412 4303 ἡδεῖς
1467 4237 1832 4304 φαινομένους

254 4331 515 4392 ἐκείνοις,
551 4329 687 4396 πρὸς
710 4325 802 4387 οὓς
827 4343 890 4392 γε
925 4327 1311 4395 ηὐτομόλησαν
1331 4343 1344 4357 ·
1377 4327 1520 4396 ἡδεῖς
1540 4326 1594 4379 δὲ
1624 4329 1831 4391 τούτοις

254 4421 550 4487 φαίνεσθαι
598 4421 660 4471 ού
708 4419 815 4470 τῶν
847 4417 1216 4486 ἐνδεχομένων
1267 4418 1402 4481 ἐστὶ,
1454 4419 1526 4487 μὴ
1565 4419 1832 4487 πρότερον

255 4518 478 4567 ᾶπαντα
499 4510 1025 4581 διαπραττομένους,
1056 4502 1134 4568 οἷς
1152 4509 1350 4559 ἐκεῖνοι
1377 4509 1651 4576 χαίρο·.›σι’
1677 4510 1834 4561 τοῦτο

1966 931 2106 996 Quid
2138 933 2416 987 enimvero
2478 934 2544 986 de
2574 933 2639 986 iis
2672 933 2856 986 dicere
2895 939 3127 999 spectat.
3157 929 3246 998 qui
3281 930 3346 983 ad
3381 930 3480 982 ho-

1898 1029 2060 1080 stium
2122 1036 2300 1088 castra
2356 1026 2746 1096 perfugiSsent.
2809 1042 2872 1078 ac
2912 1042 3034 1077 cum
3090 1024 3257 1090 lupis,
3315 1033 3373 1076 ιιι
3405 1035 3478 1077 tta

1901 1118 2099 1182 dicam,
2124 1132 2495 1183 versarentur,
2535 1119 2629 1188 qui
2692 1119 2912 1183 quidem
2948 1117 3231 1186 gentilium
3258 1131 3479 1170 suorum

1908 1223 2104 1261 carnes
2144 1208 2432 1262 comedere
2483 1217 2768 1277 cuperent,
2820 1222 3058 1274 suasque
3091 1207 3190 1276 ipsi
3226 1207 3483 1259 comede‘

1914 1301 2065 1352 rent?
2087 1300 2363 1354 f‘rolixnm
2394 1311 2538 1355 esset
2569 1302 2634 1354 ab
2654 1302 2733 1354 eis
2757 1307 3065 1369 perpetrata
3097 1298 3320 1361 referre,
3345 1313 3485 1365 pra:-

1914 1401 2129 1459 statqne
2182 1393 2454 1457 omittere,
2483 1406 2650 1459 quam
2704 1392 2783 1445 sic
2829 1401 2945 1443 atra
2981 1390 3089 1443 bile
3114 1389 3485 1442 laborantibus

1915 1481 2449 1537 insultare.Prorsus
2473 1497 2599 1536 vero
2634 1491 2692 1535 ut
2718 1498 2891 1549 neque
2926 1483 3001 1534 illi
3032 1492 3211 1549 opera:
3248 1482 3481 1549 pretium

1920 1574 2187 1628 haliehaut
2214 1574 2448 1642 pessima
2491 1584 2729 1643 patrare,
2770 1576 2850 1627 sic
2893 1589 2991 1628 uec
3021 1589 3119 1642 ego
3167 1574 3393 1631 habeam
3431 1582 3487 1624 ut

1920 1669 1973 1721 in
2008 1670 2129 1722 illos
2152 1668 2320 1723 ferar.
2383 1667 2568 1724 Dicam
2623 1683 2773 1731 vero,
2835 1667 2979 1720 unde
3028 1666 3119 1720 ille
3166 1666 3246 1717 eis
3270 1664 3486 1716 animus

1920 1761 2232 1820 coaluisset,
2284 1768 2342 1813 ut
2392 1760 2446 1812 in
2507 1774 2607 1812 nos
2659 1759 2731 1810 ita
2781 1759 3199 1818 insolescerent,
3237 1757 3328 1824 qui
3353 1755 3486 1807 nihil

1924 1851 2324 1904 criminandum
2382 1851 2666 1912 haberent,
2726 1865 2887 1917 quam
2930 1848 3073 1916 quod
3112 1846 3322 1902 nollent
3369 1848 3489 1917 ejus

1834 1940 1873 1993 Β
1903 1944 2059 1997 subdi
2088 1943 2334 2012 imperio,
2370 1943 2456 1996 cui
2491 1942 2621 2012 jure
2647 1941 2845 1995 subditi
2873 1950 3076 1994 essent.

1992 2034 2154 2088 Scitis
2178 2035 2332 2102 plane
2360 2035 2578 2087 Persam
2615 2034 2764 2085 illum
2786 2074 2798 2095 ,
2839 2033 3142 2096 Bajazetem
3175 2029 3325 2091 dico,
3349 2027 3489 2081 Asiae

1921 2127 2301 2193 imperantem,
2364 2140 2426 2177 ac
2466 2124 2696 2192 Europa:
2749 2124 3074 2182 dominum,
3131 2129 3190 2173 ut
3215 2119 3396 2187 gravis
3427 2135 3492 2172 ac

1921 2218 2281 2272 intolerabilis
2305 2208 2594 2281 essistens,
2615 2232 2682 2270 ne
2709 2215 2988 2268 ferendum
3014 2211 3234 2280 quidem
3262 2211 3312 2262 in
3335 2210 3494 2265 Chrio

1922 2311 2113 2364 stianis
2180 2310 2437 2376 principis
2482 2324 2675 2362 nomen
2721 2315 2959 2375 putaret.
2998 2305 3093 2359 llic
3120 2305 3226 2358 illis
3257 2303 3490 2358 addebat

1924 2401 2154 2454 animos.
2191 2401 2319 2467 Ejus
2351 2399 2469 2452 freti
2507 2399 2764 2467 potentia,
2787 2413 2882 2450 nec
2911 2412 3020 2451 non
3050 2396 3354 2447 vicinorum
3389 2409 3492 2446 no-

1926 2492 2009 2544 bis
2025 2491 2352 2544 ‘Latinorum
2390 2492 2573 2556 hostili
2609 2490 2825 2542 fet'itate
2851 2530 2865 2550 ,
2903 2488 3103 2543 nostris
3133 2488 3492 2540 imminebant

1927 2585 2088 2637 rebus
2123 2602 2136 2638 :
2172 2584 2263 2637 sed
2304 2596 2356 2636 et
2388 2583 2659 2636 ferissima
2697 2581 2871 2635 bellua
2900 2581 3148 2648 utrisque
3209 2579 3403 2640 ﬁdens,
3435 2577 3490 2632 in

1930 2693 2033 2730 nos
2071 2677 2358 2730 iuvadehat
2385 2693 2397 2740 ;
2456 2677 2737 2742 ambaeque
2767 2683 2972 2743 partes,
3005 2682 3211 2740 partem
3242 2671 3492 2735 alteram,

1932 2766 2265 2834 ﬁngentium
2301 2780 2587 2835 porcorum
2622 2779 2793 2828 more,
2829 2762 3066 2817 vicissim
3126 2761 3400 2815 acuebant
3430 2773 3493 2812 ae

1929 2857 2240 2911 irritabaut.

2002 3040 2093 3093 Sic
2125 3054 2249 3091 vero
2292 3037 2454 3090 habet
2483 3037 2675 3106 (porro
2733 3037 2878 3089 lubet
2933 3036 3181 3089 universe
3210 3037 3410 3096 dicere,
3438 3043 3496 3089 ιιι

1932 3141 2247 3200 pra:teream
2273 3126 2535 3196 singulos)
2561 3145 2574 3190 ;
2611 3127 2798 3191 habet,
2832 3127 3078 3194 inquam,
3105 3133 3164 3177 ut
3195 3124 3495 3178 Christiani

1933 3225 1986 3277 in
2022 3221 2318 3275 infidelium
2365 3218 2522 3272 nobis
2556 3217 2787 3270 hostium
2821 3217 3015 3269 castris
3049 3214 3289 3283 perfuga:
3335 3211 3497 3282 liqui-

1930 3317 1999 3368 do
2033 3315 2209 3366 insani
2245 3313 2373 3373 sint,
2411 3322 2572 3376 atque
2611 3309 2748 3362 adeo
2777 3309 2846 3360 iis
2872 3308 3143 3361 deteriora
3200 3306 3495 3375 agant,qui

1933 3407 2059 3459 ιῖεεο
2088 3403 2315 3458 cerebro
2379 3412 2507 3456 sunt
2547 3401 2746 3454 insani.
2795 3400 2869 3452 illi
2905 3382 3141 3467 [quippe,
3187 3400 3270 3452 vel
3304 3398 3347 3452 si
3381 3397 3496 3465 gla-

1931 3499 2081 3550 dium
2114 3497 2167 3548 in
2197 3509 2255 3548 se
2284 3494 2525 3561 adigant,
2559 3493 2698 3545 nihil
2747 3502 2924 3545 tamen
2967 3491 3203 3544 lazserint
3246 3489 3492 3544 animas:

1931 3591 2242 3656 nullumque
2266 3589 2386 3640 inde
2414 3586 2738 3640 contrahant
2773 3585 2984 3648 odium,
3012 3583 3104 3635 sed
3139 3583 3363 3635 multam
3397 3596 3496 3650 po-

1934 3684 2039 3735 tius
2098 3681 2505 3734 miserationcm
2562 3679 2868 3731 videntibus
2921 3677 3160 3729 faciant:
3195 3691 3321 3729 cum
3358 3674 3489 3728 illos

1932 3773 2155 3828 eniiiino
2232 3788 2451 3849 necesse
2514 3771 2585 3825 sit
2643 3771 2782 3836 apud
2842 3769 3055 3822 sobrios
3093 3782 3341 3836 quosque
3392 3767 3496 3820 sibi

1933 3867 2116 3920 odium
2146 3866 2402 3927 conflare,
2439 3864 2529 3932 qui
2558 3873 2753 3931 sponte
2811 3879 2906 3931 per
2934 3879 3124 3916 sensus
3162 3876 3352 3915 omnes
3385 3862 3499 3912 ani-

1936 3973 2052 4010 mas
2091 3973 2220 4011 suas
2253 3957 2518 4023 polluant.
2555 3954 2627 4006 Ea
2669 3954 2812 4006 enim
2844 3953 3040 4020 oppido
3077 3953 3310 4020 cupiunt
3340 3954 3492 4003 inve-

1934 4053 2072 4114 nire,
2101 4064 2332 4120 quorum
2367 4065 2532 4102 cansa
2563 4067 2591 4099 a
2626 4045 2899 4116 principio
2933 4046 2998 4096 ad
3032 4044 3153 4096 fidei
3189 4045 3373 4096 hostes
3408 4044 3501 4096 de-

1934 4143 2110 4196 fecere
2138 4159 2152 4207 ;
2189 4155 2380 4207 nempe
2429 4140 2670 4202 divitias,
2709 4145 2758 4190 et
2786 4137 3039 4204 gloriam,
3073 4152 3133 4187 ac
3162 4135 3206 4188 si
3236 4151 3342 4202 qua
3373 4147 3501 4187 sunt

1934 4223 2274 4288 delectabilia
2311 4233 2474 4308 huius
2515 4232 2637 4283 vita:
2673 4249 2684 4284 :
2721 4229 2834 4282 fieri
2865 4239 3045 4279 autem
3073 4242 3176 4279 non
3205 4233 3404 4294 potest,
3443 4233 3501 4276 ut

1937 4329 2048 4380 haec
2126 4327 2193 4378 ab
2253 4325 2359 4378 illis
2405 4334 2836 4391 consequantur,
2896 4321 2997 4374 nisi
3054 4336 3112 4374 se
3164 4321 3233 4374 iis
3317 4328 3501 4388 gratos

1934 4433 2262 4485 componere
2332 4418 2612 4477 studeant,
2675 4416 2779 4469 nisi
2817 4415 3273 4484 pracstentumuia
3298 4415 3499 4481 quibus

1934 4509 2009 4561 illi
2066 4507 2327 4575 gaudent;
2398 4507 2448 4558 id
2498 4516 2676 4558 autem
2751 4505 2894 4556 haud
2954 4505 3181 4555 omnino
3229 4503 3373 4554 aliud
3406 4503 3497 4561 sit.

251 4604 316 4655 δέ
358 4606 474 4654 ἐστι
510 4603 725 4661 πάντως
774 4599 1126 4669 βαρϐαρικῶς
1157 4616 1213 4650 τε
1261 4599 1383 4668 ζῇν,
1417 4601 1511 4653 καὶ
1556 4599 1835 4669 ἀθεμίτοις

1899 4646 1911 4691 ὓ
1940 4615 2101 4666 quam
2139 4613 2290 4652 more
2331 4597 2544 4650 barbari
2595 4598 2797 4658 vivere,
2862 4612 2925 4650 ac
2956 4606 3150 4664 sponte
3184 4611 3242 4648 se
3273 4595 3499 4648 nefariis

253 4693 529 4760 πράξεσιν
563 4692 744 4744 ἑκοντὶ
794 4692 892 4752 τὰς
941 4689 1152 4742 ἑαυτῶν
1202 4690 1453 4756 μολύνειν
1500 4691 1699 4760 ψυχάς.
1733 4691 1834 4756 ,Τὰ

250 4783 469 4845 τούτοις
499 4782 606 4849 ἄρα
632 4783 994 4850 συμσαίνοντα
1025 4785 1091 4834 τὰ
1140 4785 1251 4844 τοῖς
1286 4786 1631 4853 μαινομένοις
1658 4785 1831 4855 ὑπερ-

249 4878 554 4944 ηκόντισειι
607 4879 702 4929 καὶ
775 4875 971 4943 μίσους
1012 4878 1113 4944 μὶν
1164 4876 1246 4927 ὅτι
1287 4876 1515 4940 πολλοῦ,
1563 4877 1748 4938 ἐλέους
1779 4877 1835 4929 δὲ

251 4968 472 5029 ούδενδς
504 4967 643 5030 ἄξιοι
698 4968 829 5019 πᾶσι
862 4969 1241 5037 κριθήσονται,
1275 4967 1351 5036 τῷ
1386 4985 1443 5020 τε
1486 4968 1678 5038 γνώμῃ
1721 4970 1833 5030 τοῖς

254 5061 455 5119 κακοῖς
502 5061 727 5119 ἑαυτοὺς
793 5059 1081 5120 ἐκδιδόναι,
1135 5058 1212 5127 τῷ
1262 5077 1321 5111 τε
1354 5061 1453 5129 τὴν
1499 5060 1677 5129 ψυχὴν
1713 5060 1835 5111 ἀντὶ

255 5151 356 5222 τοῦ
392 5151 641 5219 σώματος
671 5150 959 5218 βλάπτειν·
993 5152 1054 5202 τὸ
1080 5151 1134 5202 δὲ
1173 5152 1390 5204 πάντων
1418 5153 1832 5222 σχετλιώτατον,

250 5217 343 5297 iis:
395 5217 588 5310 τὸμὲν
631 5217 728 5303 τας
765 5243 943 5311 ψυχὰς
990 5242 1318 5311 προδιδόναι,
1369 5217 1603 5312 καίντὴν
1656 5243 1835 5296 αὐτῶν

270 5336 430 5402 τιμὴν
461 5335 812 5402 καθυϐρίσαι,
845 5336 937 5387 καὶ
966 5337 1073 5387 πᾶν
1099 5337 1161 5387 τὸ
1192 5331 1372 5404 γένος,
1402 5339 1549 5388 πᾶσα
1579 5337 1792 5403 ἀνάγκη
1816 5351 1830 5366 °

258 5427 382 5479 ἀνθ’
417 5420 495 5478 ὧν
524 5427 580 5477 δὲ
608 5425 780 5479 ταῦτα
811 5427 1076 5494 πράττειν
1117 5427 1474 5496 προάγονται,
1523 5427 1556 5492 ἢ
1584 5427 1705 5478 οὐδὲ
1736 5427 1835 5496 τὴν

259 5516 491 5586 πρώτην
525 5517 707 5578 αὐτοῖς
734 5519 1150 5586 παραγίγνεται,
1183 5519 1213 5587 ἢ
1243 5519 1342 5569 οὐκ
1381 5518 1472 5568 ἐπὶ
1507 5516 1700 5587 μακρῷ
1731 5533 1832 5568 πα-

263 5610 516 5677 ραμένει,
545 5610 749 5662 ὁπόταν
795 5613 891 5664 καὶ
930 5611 1326 5679 παραγένηται.
1363 5610 1527 5662 Ὅθεν
1560 5612 1651 5661 καί
1679 5609 1834 5678 δίκην

262 5698 622 5767 πομφόλυγος
673 5699 837 5762 ὀξέως
893 5701 1033 5768 ἄγαν
1069 5699 1544 5769 ὑπερφυσώμενοι,
1584 5701 1729 5766 λέγω
1776 5701 1834 5752 δὲ

260 5791 392 5852 τούς
423 5807 487 5858 γε
518 5790 808 5853 δοκοῦντας
853 5777 1004 5861 παρά
1042 5795 1153 5855 τοῖς
1188 5794 1409 5846 ἀσεϐέσι
1450 5794 1632 5862 χώραν
1669 5795 1832 5862 εὑρη-

265 5883 422 5938 κέναι
480 5884 793 5955 καλλίστην,
850 5885 1019 5951 ὀξέως
1067 5888 1208 5954 ἄγαν
1252 5886 1345 5940 καὶ
1387 5886 1831 5958 διαρρήγνυνται,

1939 4691 2251 4744 actionibus
2308 4689 2708 4743 contaminare.
2744 4687 2874 4752 Qua:
2907 4703 3036 4756 ergo
3067 4687 3172 4740 illis
3220 4686 3496 4750 accidunt,

1936 4783 2094 4852 longe
2130 4783 2196 4836 lis
2235 4793 2360 4836 sunt
2403 4782 2696 4846 deteriora,
2727 4797 2846 4849 qua:
2881 4780 3130 4843 furiosis,
3171 4794 3499 4847 summoque

1933 4877 2188 4929 omnibus
2208 4876 2352 4936 odio,
2379 4875 2521 4927 nulla
2550 4883 2729 4926 autem
2761 4873 3107 4926 miseratione
3127 4869 3497 4939 prosequendi

1935 4967 2237 5026 vidcantur.
2266 4978 2380 5019 tum
2408 4968 2534 5034 quia
2565 4981 2660 5019 sua
2694 4981 2753 5019 se
2787 4965 3064 5018 voluntate
3087 4961 3246 5016 malis
3276 4961 3496 5025 dedant,

1938 5069 2051 5110 tum
2093 5060 2216 5126 quia
2263 5058 2507 5125 corporis
2548 5058 2670 5110 loco
2702 5057 2902 5109 iazdant
2951 5055 3227 5107 animam:
3263 5068 3325 5104 ac
3355 5053 3499 5119 quod

1935 5146 2185 5220 omnibus
2225 5149 2752 5202 miserabilissimum
2804 5147 3070 5209 videatur,
3108 5145 3250 5214 quod
3274 5145 3500 5197 omnino

1935 5256 2216 5298 necessum
2242 5241 2473 5295 habeant
2498 5251 2554 5293 ιιι
2574 5241 2799 5307 perdant
2817 5240 3033 5308 quidem
3059 5238 3289 5298 animas,
3312 5251 3497 5288 suum-

1935 5353 2041 5407 que
2076 5338 2313 5404 ipsorum
2367 5339 2650 5397 honorem,
2686 5349 2750 5387 ac
2795 5348 2964 5400 genus
3031 5331 3343 5384 universum
3375 5343 3501 5396 pro-

1936 5433 2036 5485 bro
2064 5430 2315 5483 alliciant.
2344 5427 2638 5492 C;etcrum,
2671 5443 2789 5494 quaa
2816 5425 2882 5480 ad
2910 5425 3023 5477 hazc
3043 5423 3284 5491 impellat
3311 5437 3495 5487 causa,

1938 5523 2020 5574 vel
2059 5537 2086 5573 a
2142 5520 2411 5587 principio
2465 5519 2611 5571 nulla
2670 5519 2918 5579 exsistat,
2971 5516 3053 5570 vel
3096 5525 3154 5569 ut
3206 5515 3498 5582 aliquando

1936 5611 2229 5675 exstiterit,
2256 5609 2397 5664 haud
2448 5610 2742 5664 admodum
2783 5609 2858 5664 sit
2898 5609 3175 5663 duratura.
3218 5590 3500 5672 Quamob-

1936 5719 2049 5757 rem
2118 5703 2278 5755 etiam
2326 5702 2392 5754 ad
2428 5701 2613 5760 instar
2652 5701 2807 5753 buli-.e
2841 5701 2948 5754 cito
2981 5697 3147 5752 inﬂati
3190 5711 3253 5750 ac
3286 5706 3497 5748 tumen-

1939 5805 2054 5856 tes;
2084 5792 2198 5858 qui,
2232 5791 2490 5858 inquam,
2521 5789 2698 5843 locum
2732 5791 3004 5858 optimum
3038 5804 3101 5840 ac
3122 5785 3316 5840 fortem
3351 5787 3490 5849 apud

1937 5883 2180 5941 infideles
2207 5883 2351 5938 nacti
2381 5882 2626 5939 ridentur
2653 5899 2666 5954 ;
2696 5882 2803 5937 cito
2834 5881 3243 5950 dirumpuntur,
3274 5875 3489 5929 inanes-
