4208 6444
765 460 872 526 919

1924 464 2026 521 MA
2046 464 2084 520 Ν
2104 461 2336 520 UELIS
2381 462 2823 522 PAL/EOLOGI

3892 466 4001 530 920

765 592 870 640 que
939 573 1046 626 illis
1088 572 1254 625 animi
1285 587 1345 626 ac
1379 571 1541 626 ﬂatus
1571 571 1624 625 in
1682 573 1910 626 nihilum
1949 576 2167 630 cedunt.
2208 574 2335 627 Jurc
2363 573 2411 633 Α

2328 591 2335 623 r
2363 573 2411 633 Α
2440 575 2528 626 καὶ
2561 574 2640 635 είς
2669 575 2822 626 οὐδὲν
2863 575 3044 638 αὐτοῖς
3065 577 3288 647 τελευτᾷ
3319 578 3375 630 rb
3404 579 3554 631 κενὸν
3591 581 3864 650 φρόνημα.
3897 587 3990 636 EJ-

767 669 817 718 id
852 666 1090 734 quidem.
1124 663 1193 718 Ut
1243 664 1384 717 enim
1420 680 1605 716 eorum
1645 665 1862 732 segnius
1891 665 2201 719 voluntates
2238 681 2326 718 se—

765 765 1021 822 quantur,
1059 757 1423 821 suspectiores
1463 755 1662 816 eﬂ’ecti,
1719 770 1840 807 mox
1876 766 2322 818 contemnuntur,

766 859 1024 914 tanquam
1045 863 1228 900 eorum
1248 847 1441 900 studiis
1467 847 1643 898 minus
1671 858 1974 915 congruant
2001 867 2014 901 :
2041 863 2104 901 ac
2119 859 2326 915 quanto

767 951 923 1007 putas
953 939 1532 1005 liabc-nturdespicatui
1562 939 1584 992 ἲ
1619 937 1712 992 Sin
1739 949 1917 993 autem
1947 940 2133 996 faciles
2167 955 2322 996 acce-

765 1037 914 1093 dant,
943 1034 1008 1084 iis
1031 1048 1147 1098 quae
1180 1033 1291 1083 visa
1325 1031 1432 1083 sint
1480 1028 1754 1095 Bai-buris,
1817 1035 1980 1086 velint
2022 1034 2096 1087 illi
2131 1049 2324 1089 eorum

767 1125 976 1192 legibus
1008 1139 1067 1176 ac
1091 1125 1330 1176 moribus
1372 1125 1470 1183 uti,
1515 1134 1679 1194 utque
1719 1127 1836 1178 dira
1865 1126 2200 1181 immanitate
2229 1144 2324 1198 ge-

768 1231 868 1268 nus
907 1216 1128 1282 perdere
1169 1225 1456 1279 satagunt;
1499 1218 1596 1269 hac
1627 1235 1845 1287 utr-que
1907 1235 2011 1272 non
2048 1222 2324 1276 immerito

763 1307 946 1357 mlinm
1001 1306 1259 1365 refl-runt,
1316 1318 1530 1374 pt'Oplcr
1591 1309 1737 1367 illam
1782 1311 1834 1362 itt
1871 1328 2040 1379 genus
2081 1329 2142 1366 ac
2192 1330 2325 1368 suos

767 1400 1134 1450 crudelitatem
1162 1416 1175 1450 :
1209 1416 1303 1451 nec
1352 1411 1572 1466 propter
1598 1412 1835 1455 mutatos
1861 1420 2062 1466 mures,
2087 1421 2147 1458 ac
2177 1411 2324 1474 quod

767 1487 830 1538 ad
881 1489 1186 1540 institutum
1224 1485 1364 1538 nliu'd
1418 1488 1851 1556 commigrarint,
1891 1492 2110 1546 laudem
2149 1495 2215 1547 ab
2245 1497 2326 1549 eis

770 1577 984 1634 habent.
1057 1587 1311 1645 tanquam
1372 1578 1474 1630 visi
1523 1579 1710 1647 faciles
1767 1583 1831 1635 ad
1865 1600 1984 1650 qua:
2017 1586 2140 1651 quis
2173 1589 2321 1641 velit.

767 1673 1123 1736 Quamobrem
1175 1675 1335 1727 etiam
1397 1689 1498 1725 non
1523 1674 1603 1727 eis
1641 1676 1895 1751 credunt,
1936 1689 1991 1731 ut
2021 1682 2129 1733 sint
2156 1682 2207 1734 in
2242 1697 2326 1734 se-

765 1765 957 1818 cundis
986 1766 1402 1833 perseveraturi.
1438 1766 1566 1818 Jure
1616 1770 1884 1837 equidem.
1923 1770 2023 1835 Qui
2061 1773 2205 1826 enim
2247 1771 2329 1826 fa—

765 1858 870 1910 cile
897 1859 1030 1911 adeo
1067 1874 1242 1914 mores
1296 1863 1638 1917 conculcavit
1672 1865 1871 1929 quibus
1926 1866 2323 1932 consuevisset,

765 1965 870 2014 qua
931 1951 998 2004 sit
1056 1953 1263 2005 ratione
1322 1963 1576 2008 accurate
1618 1969 1956 2020 servaturus,
1987 1974 2124 2026 quos
2156 1975 2324 2028 nuper

766 2041 1043 2104 amplexus
1066 2044 1190 2096 est?
1222 2041 1348 2096 Item
1380 2045 1471 2112 qui
1497 2046 1666 2098 malus
1688 2048 1850 2098 estin
1877 2062 2046 2113 genus
2079 2061 2140 2099 ac
2170 2062 2322 2109 suos,

769 2130 951 2198 utique
979 2139 1031 2182 et
1064 2133 1114 2184 in
1147 2136 1406 2200 Bt‘lPSUIII.
1442 2131 1573 2185 Nam
1609 2150 1734 2202 pars
1765 2139 2076 2190 continetur
2101 2137 2152 2190 in
2187 2145 2323 2192 toto.

769 2225 832 2276 At
857 2225 946 2291 qni
975 2225 1148 2277 malus
1181 2234 1267 2278 est
1301 2227 1352 2277 iu
1385 2226 1644 2294 seipsum,
1667 2226 1718 2279 in
1761 2243 1920 2295 quem
1953 2228 2117 2281 alium
2160 2229 2328 2296 possit

771 2315 943 2369 bonus
978 2317 1129 2369 esse?
1183 2316 1322 2381 Quin
1373 2317 1481 2370 imo
1515 2327 1573 2370 ut
1601 2319 1912 2385 diligentius
1959 2323 2327 2384 attendamus,

769 2410 854 2462 hic
891 2409 1010 2462 talis
1064 2426 1173 2462 suae
1229 2410 1396 2478 ipsius
1433 2412 1780 2465 eonscientue
1837 2413 2052 2467 odibilis
2089 2425 2168 2467 est
2195 2433 2207 2467 :
2236 2415 2325 2484 qui

769 2516 898 2553 vero
923 2516 1027 2554 non
1055 2501 1356 2554 universis?
1378 2501 1574 2554 Verum
1609 2505 1734 2572 quid
1765 2505 1878 2559 luce
1909 2505 2050 2566 dico,
2085 2506 2176 2574 qui
2206 2523 2329 2573 pos-

771 2597 873 2649 sim
910 2597 1051 2664 quod
1076 2606 1152 2650 est
1189 2595 1363 2663 majus
1399 2596 1734 2650 ostendere?
1763 2597 1947 2666 Neque
1969 2598 2114 2650 enim
2144 2599 2324 2652 since-

773 2704 886 2740 ram
940 2688 993 2742 in
1053 2687 1325 2743 Christum
1384 2687 1541 2741 ﬁdem
1594 2705 1654 2740 ac
1687 2687 2084 2742 confessionem
2114 2704 2330 2743 servare

772 2793 1018 2849 possunt.
1060 2779 1271 2850 thuid
1318 2797 1441 2833 vero
1463 2781 1485 2833 τ
1509 2780 1611 2846 Qui
1646 2783 1787 2834 enim
1824 2783 1997 2849 pactis
2025 2797 2149 2835 cum
2175 2782 2331 2835 Cbri-

772 2885 855 2928 sto
882 2873 1097 2942 iuratis,
1119 2889 1424 2942 supremam
1455 2874 1507 2927 in
1536 2889 1656 2929 eum
1710 2875 2004 2928 amicitiam
2039 2876 2330 2943 odiumque

773 2967 826 3020 itt
861 2969 1131 3020 damones
1182 2966 1408 3035 polliciti
1459 2977 1625 3030 sunt;
1662 2981 1818 3023 secus
1858 2977 2038 3020 tamen
2069 2969 2328 3038 deinceps

775 3068 1045 3123 p'aestant.
1077 3057 1187 3110 lmo
1220 3056 1289 3110 sit
1321 3055 1563 3123 apertius
1595 3057 1886 3110 dicendum
1923 3075 1985 3112 ae
2020 3060 2146 3111 mali
2184 3060 2329 3113 indi-

771 3150 941 3203 canda
960 3150 1218 3218 gravitas,
1247 3159 1447 3218 quanta
1465 3150 1534 3203 sit
1559 3166 1572 3202 :
1598 3148 1688 3217 qui
1721 3148 1967 3205 lubentes
1991 3166 2113 3204 cum
2149 3150 2334 3204 Maho-

775 3243 1044 3296 uietbanis
1074 3247 1260 3311 agunt,
1285 3245 1495 3311 eisque.
1530 3258 1653 3296 cum
1691 3242 1811 3295 lldei
1837 3244 2020 3296 hostes
2046 3246 2328 3308 exsistant,

774 3345 963 3388 contra
994 3351 1092 3387 nos
1124 3335 1387 3388 auxilium
1425 3336 1625 3396 ferunt,
1653 3334 1870 3387 inimica
1923 3336 2038 3388 acie
2069 3336 2330 3390 adversus

777 3422 1109 3477 Salvatorcm
1161 3438 1226 3476 ac
1262 3423 1544 3476 Dominum
1578 3421 1789 3487 Jesum,
1820 3423 1912 3491 qui
1948 3425 2175 3478 exsistat
2209 3423 2328 3478 ﬁdei

775 3528 1002 3576 auctor.
1057 3517 1393 3581 consistunt,
1419 3516 1709 3584 palamque
1762 3516 1813 3568 in
1847 3532 1969 3570 eum
2003 3515 2202 3569 bellum
2237 3533 2328 3586 ge-

776 3618 918 3663 ruttt.

848 3701 950 3754 Sed
986 3711 1036 3754 ct
1057 3701 1198 3754 aliud
1233 3715 1335 3753 non
1359 3699 1559 3753 bonum
1578 3700 1853 3768 sequitur,
1886 3700 1993 3754 nisi
2025 3700 2157 3753 velis
2176 3699 2330 3755 valde

781 3794 1000 3846 malum.
1039 3791 1161 3846 Suis
1185 3791 1384 3860 quippe
1412 3790 1486 3843 illi
1526 3791 1685 3844 rebus
1727 3807 1789 3844 ac
1821 3793 1985 3859 gestis
2041 3791 2319 3846 Mahome-

783 3888 924 3936 tbem
974 3882 1289 3950 prophetam
1336 3883 1650 3934 ostendunt.
1689 3880 1818 3935 Nam
1854 3883 2114 3938 scelestus
2139 3883 2326 3947 homo,

781 3975 1026 4042 gentibus
1065 3990 1092 4026 a
1126 3989 1182 4026 sc
1243 3972 1505 4040 deceptis,
1538 3986 1600 4025 ac
1645 3973 1939 4041 compulsis
1992 3975 2044 4027 in
2064 3988 2326 4038 errorem,

780 4067 1058 4120 victoriam
1086 4065 1150 4118 de
1198 4074 1382 4118 nostra
1414 4079 1476 4117 ac
1511 4062 1941 4118 Christianorum
2015 4076 2171 4134 gente
2201 4080 2327 4135 pro-

781 4160 944 4214 misit.
994 4158 1094 4224 Qui
1131 4172 1260 4224 ergo
1296 4157 1401 4210 illis
1451 4155 1516 4209 ad
1571 4155 1850 4209 victoriam
1919 4173 2077 4224 opem
2125 4141 2327 4221 ferunt,

783 4251 1061 4304 mendacio
1093 4251 1278 4318 utique
1321 4247 1477 4301 Iidem
1530 4257 1798 4302 astruunt.
1834 4249 2218 4315 Quamobrem,
2248 4249 2326 4304 uti

780 4344 1022 4394 dicebam
1089 4341 1269 4404 modo,
1328 4339 1497 4393 nostri
1546 4340 1618 4392 illi
1671 4341 1854 4395 hostes
1917 4343 1969 4394 in
2031 4341 2326 4395 inﬁdelium

781 4433 972 4487 castris
1020 4430 1276 4500 perfugze,
1306 4430 1497 4483 insano
1531 4431 1704 4498 palam
1742 4431 1920 4485 furore
1955 4431 2224 4498 feruntur,
2266 4446 2330 4485 ac

783 4527 848 4578 i.s
909 4522 998 4593 qui
1025 4523 1182 4575 hesos
1207 4521 1407 4574 habent
1437 4537 1616 4583 renes,
1673 4523 1937 4575 deteriora
1990 4521 2230 4576 faciunt:
2270 4537 2333 4577 ac

786 4617 958 4685 plane,
1009 4629 1129 4667 cum
1185 4611 1236 4665 iu
1290 4627 1348 4666 se
1399 4613 1497 4681 ipsi
1552 4613 1785 4679 gladium
1842 4614 2141 4682 impellant,
2202 4629 2331 4669 suas

787 4709 954 4780 magis
978 4709 1213 4777 ipsorum
1236 4707 1443 4760 animas
1470 4712 1628 4776 quam
1666 4723 1761 4759 nos
1793 4708 2083 4776 impetuut.

857 4822 1149 4892 Resuuipto
1201 4830 1380 4874 autem
1435 4835 1705 4887 sermone,
1763 4837 1880 4888 qua:
1909 4829 2038 4875 sunt
2082 4821 2337 4890 deinceps

787 4927 1202 4984 prosequamur.
1263 4912 1493 4967 Invicem
1550 4928 1607 4966 se
1657 4913 1720 4967 ad
1755 4915 1892 4966 mala
1945 4912 2338 4982 provocabant,

787 5017 1000 5073 satrapa
1031 5005 1231 5074 pariter
1254 5046 1266 5062 .
1302 5007 1498 5073 quique
1533 5006 1673 5070 apud
1708 5021 1832 5058 eum
1871 5005 2108 5075 perfugae
2138 5013 2296 5057 erant
2323 5022 2337 5057 :

788 5112 852 5150 ne
873 5099 1197 5166 quat-atioue
1225 5106 1404 5150 vector
1422 5097 1665 5150 actuario
1680 5102 1842 5151 remis
1874 5105 2050 5158 utcns,
2082 5095 2339 5162 scapham

785 5192 998 5259 quidem
1048 5190 1272 5260 remigio
1305 5193 1431 5260 agit.
1491 5191 1714 5259 ipseque
1769 5190 2006 5243 vicissim
2039 5188 2107 5241 ab
2141 5181 2341 5251 scapha

789 5286 1022 5350 rapitur:
1049 5285 1126 5338 sic
1157 5278 1229 5338 illi
1258 5300 1492 5353 quoque,
1530 5299 1652 5336 cum
1687 5283 1738 5333 iu
1794 5297 1912 5342 nos,
1956 5297 2048 5349 per
2071 5293 2342 5332 summam

790 5372 1038 5436 iujuriam
1113 5373 1358 5427 infideles
1409 5372 1531 5425 illos
1581 5379 1823 5441 agerent,
1878 5370 1980 5439 ipsi
2025 5370 2090 5422 ab
2143 5369 2222 5423 eis
2268 5369 2345 5421 vi-

793 5464 973 5516 cissim
1033 5464 1668 5533 raptabantur.luricem
1729 5463 1912 5532 itaque
1962 5471 2344 5531 provocantes,

795 5554 1018 5610 invicem
1102 5557 1416 5623 irritaules,
1476 5574 1538 5611 ac
1603 5558 1705 5611 sibi
1775 5566 1967 5609 mutuo
2046 5557 2347 5617 stimulus,

796 5643 873 5695 uti
906 5644 957 5697 in
1005 5661 1198 5713 pueros
1227 5648 1278 5700 i
1317 5663 1412 5702 ros
1462 5649 1791 5709 invaserant,
1829 5663 1892 5701 ac
1933 5649 2100 5700 multa
2158 5647 2229 5709 vi,
2263 5662 2352 5700 ve-

799 5747 911 5791 stra
954 5739 1156 5791 omnia.
1211 5750 1582 5794 transversum
1639 5753 1894 5809 agentes,
1931 5739 2351 5793 labefactaturos

798 5829 1092 5895 putabant,
1152 5830 1367 5883 tametsi
1424 5831 1558 5882 nihil
1629 5829 2038 5892 conficiebant,
2092 5829 2210 5896 ejus
2272 5829 2350 5882 si-

801 5919 1015 5988 quidcm
1053 5921 1228 5977 virtus
1258 5921 1579 5988 obsistebat,
1613 5939 1770 5993 quem
1809 5923 1886 5977 illi
1921 5918 2302 5990 expugnabaut
2333 5939 2348 5986 ;

2432 666 2628 734 λόγως.
2673 669 2733 720 El
2768 667 2868 735 μὲν
2904 671 3012 737 γάρ
3042 669 3238 738 νωθροί
3267 688 3408 732 τινες
3459 669 3567 724 εἷεν
3594 675 3733 743 πρὸς
3765 677 3825 726 τὸ
3855 677 3992 728 ἑκεί-

2431 774 2538 809 νων
2569 759 2802 826 θέλημα,
2835 758 3066 812 ὕποπτοι
3104 764 3404 830 γενόμενοι,
3439 763 3596 825 εὐθὺς
3635 769 3992 835 καταπεφρό-

2431 866 2641 918 νηνται,
2673 850 2748 911 ὡς
2777 851 2853 921 μὴ
2889 853 3275 919 συμϐαίνοντες
3327 855 3509 916 αὐτοῖς
3529 872 3543 884 ·
3582 857 3671 908 καὶ
3702 860 3963 925 παρορῶν

2429 957 2540 1004 ται,
2571 942 2688 1002 πῶς
2715 942 2815 994 οίει
2840 959 2856 974 ’
2889 946 2936 995 εί
2967 944 3022 996 δὲ
3064 945 3260 1014 ῥᾳδίως
3302 949 3753 1016 προστρέχοντες,
3800 946 3879 1010 οἷς
3926 952 3994 1002 ἂν

2429 1033 2478 1083 οί
2515 1031 2778 1102 βάρϐαροι
2838 1035 3116 1104 βούλοιντο
3142 1054 3154 1067 ·
3204 1037 3476 1106 βούλοιντο
3515 1041 3562 1091 δ’
3593 1040 3658 1092 ἂν
3709 1043 3802 1092 καὶ
3846 1043 3993 1094 ἔθεσι

2430 1125 2525 1176 καὶ
2558 1126 2744 1192 νόμοις
2784 1130 2894 1189 τοῖς
2946 1129 3124 1180 αὐτῶν
3163 1130 3387 1193 τούτους
3416 1132 3670 1202 χρῆσθαι,
3701 1136 3794 1186 καὶ
3822 1139 3880 1186 τὸ
3905 1137 3978 1201 γέ-

2431 1235 2518 1278 νος
2561 1218 2794 1284 ἀφειδῶς
2842 1219 3217 1289 διαφθείρειν·
3269 1224 3552 1289 μισοῦνται
3602 1226 3700 1290 μὲν
3749 1225 3891 1292 μάλα
3918 1227 3990 1276 δι-

2431 1312 2596 1370 καίως
2649 1309 2810 1363 ἕνεκα
2857 1315 2955 1380 τῆς
3019 1314 3096 1374 είς
3145 1313 3204 1366 τὺ
3242 1316 3393 1380 γένος
3432 1315 3743 1385 ὠμότητοςο
3790 1318 3887 1386 τῆς
3934 1319 3989 1369 δέ

2429 1402 2521 1454 τοῦ
2569 1402 2733 1472 ἤθους
2771 1403 3099 1472 μεταϐολῆς,
3149 1402 3242 1456 καὶ
3285 1407 3378 1468 τῆς
3411 1407 3502 1459 τιίῦ
3544 1407 3659 1476 βίου
3705 1410 3990 1477 μεταπτώ-

2433 1511 2592 1560 σεως,
2626 1496 2867 1548 ἐπαίνων
2902 1497 2961 1548 οὖ
3011 1499 3338 1565 τυγχάνουσι
3374 1499 3504 1568 παρ’
3551 1502 3754 1566 αὐτοῖς,
3791 1501 3875 1553 ἆτ’
3901 1504 3988 1553 εὑ-

2429 1589 2610 1655 χερεῖς
2645 1589 2958 1656 φαινόμενοι
2991 1589 3128 1658 πρὸς
3162 1589 3189 1641 ὃ
3220 1607 3270 1641 τι
3307 1591 3370 1641 ἂν
3396 1609 3477 1653 τις
3507 1590 3769 1660 βούλοιτο.
3799 1593 3898 1644 Διὰ
3925 1593 3986 1661 δὴ

2428 1678 2588 1730 τοῦτο
2617 1680 2737 1731 ούδέ
2768 1680 3136 1746 πιστεύονται,
3173 1682 3244 1743 ὠς
3278 1685 3382 1751 άρι
3408 1701 3470 1751 γε
3504 1684 3755 1751 μενοῦσιν
3788 1689 3844 1736 ὲν
3877 1689 3986 1747 τοῖς

2429 1770 2726 1839 δευτέροις.
2790 1773 3046 1834 Εἰκότως.
3090 1773 3152 1826 ’0
3201 1775 3307 1844 γὰρ
3340 1776 3570 1837 εὐκόλως
3606 1776 3701 1844 ἐθη
3744 1793 3986 1829 καταπα-

2433 1865 2626 1932 τήσας,
2656 1853 2736 1925 οἷς
2769 1857 3140 1932 συμϐεϐίωκε,
3173 1866 3286 1926 πῶς
3318 1867 3382 1918 ἂν
3409 1867 3696 1935 τηρήσειεν
3721 1868 3985 1936 ἀκριϐῶς,

2433 1954 2574 2022 ἆπερ
2621 1954 2679 2018 ἐξ
2721 1955 2982 2021 ὑπογυίου
3032 1955 3283 2020 ἐδέξατο;
3319 1957 3423 2007 Καὶ
3475 1956 3626 2019 αὖθις
3653 1960 3679 2008 ὁ
3715 1957 3790 2026 τῷ
3844 1960 3986 2023 γένει

2433 2048 2598 2110 κακὸς
2618 2048 2708 2098 καὶ
2736 2048 2913 2116 ἐαυτῷ
2945 2049 3187 2118 δηλονότι
3211 2065 3222 2077 ·
3240 2051 3295 2100 ἐν
3325 2051 3428 2118 γάρ
3450 2050 3525 2118 τῷ
3550 2050 3775 2102 καθόλου
3812 2053 3869 2103 τὸ
3901 2052 3987 2118 μέ-

2435 2158 2546 2209 ρος.
2600 2138 2659 2194 Ὀ
2682 2142 2735 2193 δὲ
2769 2140 2947 2211 ἑαυτῷ
2979 2141 3146 2203 κακὸς
3171 2141 3284 2203 πῶς
3308 2141 3373 2192 ἂν
3403 2141 3572 2210 ἑτέρῳ
3612 2143 3844 2210 χρηστός
3873 2161 3886 2206 ;
3913 2143 3985 2194 Οὐ

2435 2233 2539 2301 μὴν
2579 2233 2692 2286 ἀλλ’
2728 2235 2776 2285 εί
2809 2234 2902 2285 καὶ
2934 2232 3091 2284 τοῦτο
3132 2232 3506 2301 θεωρήσαιμεν
3533 2234 3986 2301 ἀκριϐέστερον,6

2432 2325 2671 2386 τοιοῦτος
2710 2325 2803 2377 καὶ
2858 2323 2936 2391 τῷ
3000 2324 3114 2394 ίδίῳ
3166 2324 3426 2376 συνειδότι
3477 2324 3703 2393 μισητδς
3736 2325 3988 2376 καθίστα·

2431 2434 2537 2468 ται.
2569 2419 2676 2469 Καὶ
2718 2417 2832 2477 πῶς
2857 2418 2955 2469 οὐκ
2989 2416 3053 2470 ἂν
3089 2418 3291 2470 ἅπασιν
3316 2435 3329 2480 ;
3371 2417 3527 2469 ’Δλλά
3550 2416 3600 2467 τί
3630 2416 3800 2468 ταῦτά
3829 2435 3985 2484 φημι,

2431 2509 2564 2560 ὅπου
2598 2525 2659 2573 γε
2694 2508 2752 2558 τί)
2787 2508 2971 2577 μεῖζον
3003 2507 3109 2576 ἔχω
3141 2508 3406 2559 δεικνύναι
3434 2523 3447 2570 ;
3481 2507 3610 2559 Οὐδὲ
3648 2507 3755 2574 γάρ
3788 2506 3882 2574 τὴν
3910 2509 3986 2567 εἰς

2435 2599 2669 2667 Χριστὸν
2697 2598 2989 2669 ὁμολογίαν
3021 2603 3110 2652 καὶ
3138 2599 3321 2652 πίστιν
3350 2594 3458 2651 οἷόν
3497 2616 3555 2651 τε
3587 2601 3772 2668 τηρεῖν
3798 2600 3987 2658 αὐτοὺς

2433 2693 2730 2763 ἀκραιφνῆ.
2775 2694 2926 2744 Διατί
2956 2710 2970 2758 ;
3003 2693 3126 2744 Ὅτι
3174 2693 3250 2759 τῷ
3287 2691 3504 2761 Χριστῷ
3552 2693 3988 2759 συνταττόμενοι,

2436 2786 2621 2852 φιλίαν
2658 2784 2758 2852 μὲν
2788 2784 2938 2852 αὐτῷ
2981 2782 3079 2852 τὴν
3114 2784 3370 2852 ἐσχάτην,
3407 2782 3600 2851 ἔχθραν
3627 2781 3684 2832 δέ
3716 2781 3815 2850 τὴν
3859 2780 3988 2849 πρὸς

2434 2877 2558 2937 τοις
2580 2875 2836 2943 δαίμονας
2857 2874 3248 2942 ὑπισχνοῦνται
3273 2891 3286 2904 ·
3303 2869 3420 2926 εἶτα
3436 2873 3739 2925 τούναντίον
3763 2871 3988 2924 ποιοῦσι.

2434 2967 2656 3019 Μᾶλλον
2685 2967 2742 3018 δέ
2776 2967 3110 3035 σαφέστερον
3161 2969 3334 3018 εἰπεῖν
3365 2967 3490 3036 χρὴ,
3535 2967 3634 3018 καὶ
3654 2965 3888 3032 δηλῶσαι
3929 2967 3988 3018 τὸ

2435 3058 2622 3123 κακὸν,
2660 3059 2784 3110 ὅσον
2810 3076 2822 3087 °
2851 3061 2964 3120 τοῖς
3013 3062 3120 3128 γάρ
3144 3058 3236 3112 τοῦ
3285 3059 3527 3127 Μωάμεθ
3583 3058 3731 3109 οὗτοι
3779 3059 3960 3110 συνδια

2435 3155 2645 3224 τρίϐειν
2684 3155 2985 3218 ἐθέλοντες,
3037 3155 3264 3209 καὶτῶν
3306 3155 3421 3208 καθ’
3456 3157 3610 3225 ήμῶν
3653 3155 3988 3220 συνεφαπτό-

2439 3262 2592 3316 μενοι
2627 3247 2837 3307 τούτοις
2868 3247 3070 3316 ἔργων.
3103 3248 3318 3316 ἐχθροῖς
3347 3248 3444 3312 τῆς
3484 3246 3716 3308 πίστεως
3751 3245 3885 3309 οὖσι,
3913 3245 3988 3312 τῷ

2439 3340 2655 3409 Σωτῆρι
2705 3340 3085 3409 διαμάχονται,
3138 3341 3212 3408 τῷ
3252 3341 3504 3392 δεδωκότι
3539 3340 3634 3405 τὴν
3670 3339 3869 3403 πίστιν,
3900 3339 3988 3390 καὶ

2441 3432 2688 3503 φανερῶς
2725 3431 2874 3502 αύτῷ
2912 3432 3264 3503 πολεμοῦσιν.

2509 3662 2742 3712 Ἐπεται
2795 3659 2849 3711 δέ
2895 3676 2945 3712 τι
2999 3658 3092 3711 καὶ
3127 3659 3314 3726 ἕτερον
3357 3658 3414 3710 ού
3465 3658 3641 3724 καλὸν,
3684 3661 3765 3712 ὅτι
3800 3660 3988 3729 μήκαὶ

2430 3755 2553 3807 λίαν
2581 3754 2771 3806 κακόν.
2821 3750 2908 3815 Ἐξ
2941 3746 3015 3803 ὦν
3053 3750 3161 3819 γὰρ
3197 3742 3344 3801 οὗτοι
3385 3750 3825 3821 διαπράττονται,
3862 3768 3987 3820 προ-

2435 3847 2614 3915 φήτην
2639 3843 2732 3895 τὸν
2787 3842 3032 3910 Μωάμεθ
3087 3844 3498 3908 ἀποφαίνουσιν.
3544 3841 3777 3903 Ἐκεῖνος
3825 3844 3930 3912 γάρ
3961 3843 3988 3893 ό

2431 3936 2628 4006 μιαρὸς
2661 3938 2774 3998 τοῖς
2803 3931 3244 4004 ἐξηπατημένοις
3275 3951 3331 3986 τε
3360 3936 3452 3986 καὶ
3490 3934 3862 4002 βεϐιασμένοις
3894 3936 3986 3987 ὑπ’

2430 4029 2642 4080 ἐκείνου
2709 4027 2896 4093 γένεσι
2961 4025 3118 4095 νίκην
3175 4025 3296 4078 κιθ⁸
3369 4027 3523 4096 ήμῶν
3592 4022 3985 4095 ἐπηγγείλατο·

2436 4124 2586 4176 αὐτοὶ
2618 4123 2698 4183 δὲ,
2732 4115 2813 4182 οἷς
2859 4119 3331 4187 συλλαμϐάνουσιν
3382 4119 3606 4181 ἐκείνοις
3635 4121 3712 4181 είς
3751 4120 3806 4172 τὺ
3856 4137 3991 4171 νενι-

2433 4218 2686 4283 κηκέναι,
2723 4212 2979 4282 ἀφορμάς
3012 4212 3339 4279 παρέχουσιν
3375 4210 3454 4272 εἰς
3497 4211 3556 4264 τὸ
3608 4210 3885 4262 πιστεύειν
3913 4211 3990 4278 τῷ

2431 4306 2646 4375 ψεύδει·
2675 4304 2806 4358 ὥσθ’
2836 4305 2973 4371 ὅπερ
3016 4302 3186 4371 ἔφθην
3221 4299 3408 4367 εἰπὼν,
3443 4303 3492 4354 οί
3548 4303 3670 4355 καθ’
3700 4301 3854 4371 ἡμῶν
3897 4304 3991 4355 αύ-

2435 4395 2795 4465 τομολοῦντες
2857 4395 2992 4463 πρὸς
3044 4393 3257 4455 ἀσεϐεῖς
3317 4394 3628 4461 περιφανῶς
3688 4395 3988 4461 μαίνονται,

2436 4489 2531 4539 καὶ
2583 4488 2691 4540 τῶν
2725 4484 3122 4556 βεϐλαμμένων
3170 4486 3270 4547 τὰς
3317 4487 3515 4552 φρένας
3551 4484 3714 4552 χείρω
3746 4485 3986 4536 ποιοῦσι·

2434 4580 2528 4633 καὶ
2582 4580 2646 4650 δὴ
2704 4581 2824 4633 καθ’
2881 4578 3090 4632 ἐαυτῶν
3143 4580 3203 4630 τ’)
3266 4578 3418 4644 ξῖφος
3471 4576 3654 4646 ὥσπερ
3706 4576 3988 4641 ὠθοῦντες,

2359 4658 2410 4717 D
2443 4672 2645 4740 μᾶλλον
2674 4674 2794 4735 ταῖς
2829 4671 3008 4724 αὐτῶν
3032 4670 3227 4740 ψυχαῖς
3273 4671 3415 4740 ἢπερ
3451 4671 3581 4739 ἡμῖν
3614 4669 3992 4737 διαμάχονται.

2525 4803 2685 4858 Ἀλλά
2743 4806 2852 4872 γὰρ
2904 4801 3156 4872 ἐχώμεθα
3211 4799 3319 4853 τῶν
3371 4798 3516 4866 ἑξῆς.
3565 4800 3992 4859 ἐπαναλαϐόντες

2444 4897 2537 4950 τὸν
2569 4898 2755 4964 λόγον.
2795 4894 3123 4961 Παρώξυνον
3168 4893 3431 4961 ἀλλήλους
3465 4892 3593 4958 πρὸς
3622 4893 3685 4944 τά
3717 4895 3860 4943 κακά
3886 4893 3911 4944 ὅ
3943 4911 3996 4946 τε

2450 4991 2759 5060 σατράπης,
2797 4991 2848 5041 οἶ
2880 5005 2939 5041 τε
2969 4988 3104 5057 πρὸς
3134 4989 3340 5039 ἐκεῖνον
3368 4985 3832 5054 αύτομολήσαντες
3857 5003 3869 5014 ·
3912 4988 3997 5039 καὶ

2450 5083 2638 5152 ὥσπερ
2688 5101 2768 5144 τις
2822 5079 3105 5152 χρώμενος
3135 5081 3202 5129 ἐν
3234 5077 3442 5146 ἀκατίῳ
3481 5078 3710 5138 κώπαις,
3749 5077 3871 5141 ἄγει
3909 5080 3997 5145 μὲν

2450 5164 2526 5245 τῇ’
2558 5174 2766 5244 εἰρεσίᾳ
2822 5172 2880 5226 τὸ
2932 5171 3157 5237 σκάφος,
3191 5170 3410 5236 φέρεται
3457 5166 3500 5217 δ’
3552 5161 3703 5223 αὖθις
3752 5164 3854 5215 ὑπὸ
3911 5183 3964 5214 το

2455 5269 2729 5335 σκάφους
2762 5264 2933 5326 οὕτως
2969 5265 3162 5315 ἐκεῖνοι
3195 5263 3318 5320 τοὺς
3355 5259 3565 5319 ἀσεϐεῖς
3599 5257 3719 5309 καθ’
3751 5257 3912 5325 ήμῶν
3949 5276 3990 5303 τε

2452 5358 2585 5434 ἦγον
2617 5362 2690 5423 ὼς
2741 5359 2838 5412 οὐκ
2889 5356 3083 5426 ὢφελε,
3117 5355 3206 5407 καὶ
3258 5353 3347 5405 ὑπ’
3397 5351 3614 5404 ἐκείνων
3667 5346 3822 5411 αὖθις
3887 5353 3946 5414 ἐς

2458 5471 2635 5525 ρυντο.
2685 5455 2792 5505 Καὶ
2837 5449 3014 5503 τοίνυν
3072 5447 3163 5499 ὑπ’
3217 5443 3457 5513 ἀλλήλων
3506 5442 3995 5510 παρακαλούμεεο.

2458 5553 2550 5601 καὶ
2579 5546 2840 5614 ἀλλήλους
2875 5540 3324 5609 παροτρύνοντες,
3368 5537 3460 5586 καὶ
3499 5534 3656 5584 οἱονεί
3699 5549 3749 5582 τι
3783 5533 3971 5597 κέντρα

2460 5643 2734 5708 γινόμενοι
2793 5636 3111 5702 ἑκατέροις,
3173 5629 3246 5682 ὼς
3316 5627 3406 5676 ἐπὶ
3468 5624 3654 5685 παῖδας
3710 5622 3793 5687 ἐφ’
3867 5621 3996 5683 ὑμᾶς

2462 5735 2630 5803 ᾔεσαν
2651 5746 2665 5760 ⁸
2708 5730 2802 5779 καὶ
2830 5724 2996 5795 ᾧοντό
3027 5738 3088 5788 γε
3127 5716 3617 5783 καταστρέψεσθαι,
3652 5715 3993 5803 παρασὲρον-

2461 5799 2551 5886 τες
2584 5822 2751 5891 πολλῇ
2779 5822 2844 5887 τῇ
2877 5817 3024 5890 ῥύμῃ
3056 5816 3118 5866 τά
3156 5811 3276 5864 καθ’
3303 5811 3442 5874 ὑμᾶς
3477 5808 3684 5859 ἅπαντα
3709 5820 3722 5833 ·
3762 5804 3918 5871 ήνυον
3957 5799 3980 5850 δ

2464 5919 2612 5988 ὅμως
2638 5915 2810 5967 οὐδέν.
2852 5908 3084 5977 Ἀντεῖχε
3133 5905 3239 5972 γὰρ
3272 5903 3301 5968 ἢ
3335 5901 3496 5966 ἀρετῆ
3539 5897 3628 5950 τοῦ
3665 5892 3996 5957 πελεατ-Ἥέ·
