4208 6444
752 428 859 492 223

1863 431 1967 489 MA
1980 432 2262 491 NUELIS
2297 433 2737 497 PALJZOLOGI

3854 443 3959 509 εει

751 545 838 597 ille
866 542 1005 611 apud
1056 556 1153 595 vos
1185 557 1398 612 agens;
1444 557 1569 596 cum
1617 544 1836 609 medici,
1893 558 2003 597 tum
2052 548 2305 613 pastoris,
2336 555 2383 607 Α

2290 588 2305 613 ,
2336 555 2383 607 Α
2415 568 2515 602 πον
2546 552 2789 620 ἀκριϐῶς
2820 552 3123 619 ζιασὼξων,
3158 555 3319 624 ἡνίκα
3353 555 3447 608 σὺν
3482 556 3605 623 ὑμῖν
3636 553 3723 627 ἦν,
3753 557 3859 609 τῶν
3893 575 3952 610 τε

748 634 1252 702 gubernatorisque,
1304 650 1366 687 ac
1400 635 1641 688 omnium
1690 636 1945 704 deiIICeps
1973 638 2297 690 salutarium

748 739 927 777 rerum
956 725 1158 791 pariter
1192 740 1255 777 ac
1286 726 1582 789 nominum,
1615 726 1851 794 perfecte
1877 728 2052 779 locum
2087 738 2298 792 tenens,

746 830 1038 883 quemque,
1074 827 1131 868 ut
1168 818 1349 869 omnia
1382 817 1541 871 verbo
1574 820 1927 885 complectar,
1961 821 2167 871 nullum
2199 820 2296 871 de-

748 908 932 960 tirerct
973 908 1172 959 bonum
1201 923 1215 960 :
1251 922 1311 961 se
1371 908 1485 975 ipse
1516 923 1613 976 pro
1642 909 1781 969 suis,
1814 920 1979 976 atque
2011 909 2146 962 adeo
2179 909 2295 974 plu-

748 1000 901 1052 rimis
932 998 1073 1063 aliis,
1122 1015 1405 1068 spernens,
1437 1011 1709 1071 satrapam
1748 1002 1881 1066 adit,
1935 1018 2060 1056 cum
2094 1005 2296 1056 nullam

752 1090 900 1157 prius
930 1091 1162 1143 adeundi
1199 1091 1417 1146 fecisset
1444 1108 1620 1161 spem,
1653 1097 1762 1147 imo
1793 1106 2042 1163 negasset
2071 1095 2293 1159 iturum,

750 1194 810 1233 ut
827 1198 889 1235 ex
924 1183 1191 1251 insperata
1246 1187 1529 1251 praesentia
1558 1187 1769 1240 dulcius
1805 1187 2061 1249 alliceret,
2092 1204 2298 1258 proque

747 1270 824 1323 rei
880 1272 1337 1340 inexspectatione
1394 1277 1598 1344 gratior
1655 1288 1886 1346 tyranno
1940 1290 2293 1347 occurreret,

745 1360 1013 1429 simulque
1070 1366 1375 1420 ostenderet
1407 1367 1704 1434 profectum
1753 1384 1811 1423 se
1844 1372 2148 1435 voluntate,
2186 1389 2295 1428 non

745 1453 870 1520 quia
909 1454 995 1508 ille
1053 1457 1327 1512 blanditiis
1384 1470 1478 1513 aut
1534 1463 1696 1517 minis
1741 1464 2063 1533 decepisset.
2128 1465 2287 1521 Illum

749 1546 950 1614 itaque,
985 1565 1188 1617 nosque
1243 1551 1291 1604 ei
1326 1554 1524 1616 socios,
1558 1557 1648 1620 qui
1688 1557 1903 1624 priores
1934 1558 2291 1623 venissemus,

747 1634 964 1693 Pherris
1016 1642 1143 1695 urbe
1169 1644 1392 1697 invenit.
1450 1644 1657 1699 Etenim
1691 1647 1792 1713 ipsi
1829 1664 2066 1718 quoque,
2104 1664 2295 1705 accer-

748 1739 906 1784 sente
938 1731 1049 1796 illo,
1077 1748 1419 1796 reneratnns,
1454 1754 1575 1790 cum
1614 1741 1796 1807 gravis
1820 1743 2068 1809 quzedam
2103 1758 2294 1799 neci-s-

2408 642 2628 709 ίατρῶν,
2669 643 2776 694 τῶν
2808 662 2865 695 τε
2895 646 3189 712 ποιμένων,
3223 647 3330 698 τῶν
3356 665 3412 699 τε
3445 648 3810 716 κυϐερνητῶν,
3842 650 3949 701 τῶν

2403 749 2460 783 τε
2485 735 2769 801 σωτηρίων
2824 735 2951 801 ἑξῆς
3006 738 3263 789 ἁπάντων
3322 742 3415 790 καὶ
3473 740 3805 808 πραγμάτων
3855 740 3949 791 καὶ

2404 827 2781 893 προσρήσεων,
2814 830 2910 880 καὶ
2951 830 3035 881 ἵνα
3066 830 3126 882 τὸ
3170 834 3277 883 πᾶν
3311 832 3541 899 εἴποιμι,
3570 825 3614 899 ᾧ
3650 832 3813 901 μηδὲν
3841 832 3948 882 τῶν

2402 916 2622 983 ἀγαθῶν
2680 919 2741 970 ού
2805 922 3007 988 παρῆν,
3038 922 3335 988 ἀφειδήσας
3387 922 3581 975 ἑαυτοῦ
3630 923 3796 975 ἕνεκα
3840 923 3947 973 τῶν

2402 1006 2621 1067 ἑαυτοῦ,
2654 1008 2748 1059 καὶ
2776 1008 2840 1075 δὴ
2870 1011 2965 1062 καὶ
2998 1010 3268 1065 πλείστων
3302 1014 3527 1079 ἑτέρων,
3565 1014 3791 1083 ἔρχεται·
3811 1015 3944 1081 πρὸς

2400 1098 2491 1150 τὸν
2524 1100 2829 1167 σατράπην,
2868 1101 2943 1169 μὴ
2976 1102 3101 1165 δοὺς
3134 1105 3283 1173 αύτῷ
3311 1107 3573 1173 πρότερον
3612 1106 3832 1174 θαρρεῖν
3869 1104 3945 1166 ὡς

2400 1189 2653 1256 ἀφίξεται
2676 1206 2688 1218 ·
2722 1192 2857 1244 ἁ).λά
2887 1195 3222 1257 τοῦναντίον,
3252 1196 3633 1263 ἀπαγορεύσας
3663 1196 3760 1265 τὴν
3802 1196 3947 1246 ἕλευ·

2402 1298 2505 1345 σιν,
2540 1278 2659 1355 ἱξωῇ
2686 1287 2781 1337 καὶ
2831 1284 2997 1336 πλέον
3040 1285 3172 1354 ἡδὺς
3215 1288 3422 1354 φανεὶς,
3454 1287 3695 1356 μηδόλως
3736 1286 3943 1349 ἐλπιζό-

2403 1392 2584 1442 μενος,
2614 1376 2711 1427 καὶ
2735 1375 2813 1443 τῷ
2837 1377 3231 1445 ἀπροσδοκήτῳ
3275 1377 3368 1430 τοῦ
3402 1380 3722 1447 πράγματος
3752 1377 3941 1445 ἐκείνῳ

2401 1469 2600 1536 μᾶλλον
2648 1469 2977 1538 χαρίσηται·
3034 1469 3181 1541 δείξῃ
3234 1471 3289 1522 δὲ
3343 1469 3535 1540 γνώμη
3598 1471 3734 1536 πρὸς
3784 1470 3944 1522 αὐτὸν

2397 1560 2806 1629 παραγεγονὼς,
2832 1563 2927 1614 καὶ
2972 1563 3034 1613 ού
3062 1565 3180 1622 ταῖς
3216 1563 3473 1623 θωπείαις
3519 1561 3680 1614 αὐτοῦ
3711 1562 3803 1613 καὶ
3828 1564 3942 1622 ταῖς

2396 1650 2650 1713 ἀπειλαῖς
2704 1652 3091 1721 ἐξαπατηθείς.
3134 1653 3391 1722 Εὗρίσκει
3433 1653 3612 1705 τοίνυν
3656 1650 3839 1704 τοῦτον
3885 1653 3944 1701 ὲν

2395 1745 2511 1803 ταῖς
2564 1744 2973 1814 Φερραῖς,“καὶ
3024 1747 3193 1813 ἡμᾶς,
3229 1748 3435 1797 ἐκεῖνον
3478 1745 3804 1811 φθάσαντας,
3849 1742 3945 1794 σὺν

745 1820 900 1879 sitas.
932 1839 1027 1891 pro
1055 1826 1390 1881 subditorum
1419 1830 1749 1900 depellendis
1816 1835 2089 1901 periculis.
2120 1850 2184 1890 eo
2209 1853 2292 1891 me
2320 1877 2368 1937 Β
2399 1855 2407 1885 ι

2278 1853 2292 1891 3
2320 1877 2368 1937 Β
2399 1836 2567 1903 αὐτῷ.
2597 1837 2905 1905 Πεμπταῖοι
2941 1836 3050 1905 γὰρ
3092 1832 3235 1905 ἦμεν
3287 1838 3551 1897 ἐλθόντες.
3597 1838 3835 1937 ἀνάγκης
3864 1835 3940 1937 ’δη

745 1919 872 1965 tunc
906 1917 1269 1981 praemisisset.
1300 1920 1408 1974 lloc
1441 1937 1601 1990 porro
1624 1923 1966 1979 interdictum
1996 1927 2153 1982 nobis
2196 1944 2292 1983 vo-

745 2002 1041 2067 lueramus,
1073 2016 1129 2061 ut
1169 2024 1255 2071 ne,
1291 2010 1534 2077 inquam,
1558 2013 1829 2068 adiremus
1876 2015 2057 2071 simul.
2082 2018 2293 2086 Quippe

746 2094 1025 2148 videbatur
1067 2099 1204 2150 haud
1250 2099 1321 2153 ita
1374 2110 1486 2155 tuta
1536 2113 1722 2158 nostra
1755 2106 1818 2158 ad
1852 2122 1973 2161 eum
2005 2107 2291 2175 profectio,

745 2200 867 2238 cum
905 2187 992 2240 ille
1022 2190 1228 2256 pridem
1264 2193 1500 2260 iniquam
1540 2196 1591 2248 in
1617 2212 1715 2251 nos
1745 2214 1930 2253 necem
1969 2202 2287 2268 parturiret.

744 2274 951 2327 Accidit
978 2287 1150 2330 tamen
1183 2279 1395 2346 plenum
1431 2283 1561 2337 illud
1585 2288 1799 2347 timore,
1834 2303 1955 2341 cum
1984 2304 2084 2358 ego
2108 2292 2291 2345 adhuc

745 2378 867 2416 eum
900 2365 1040 2418 domi
1074 2379 1343 2435 putarem,
1377 2372 1533 2440 isque
1564 2375 1802 2430 vicissim
1843 2377 2078 2447 idipsum
2106 2381 2173 2433 de
2205 2398 2288 2433 me

744 2456 1028 2522 cegitaret,
1076 2473 1139 2513 ac
1173 2461 1319 2515 velut
1345 2480 1406 2516 ex
1435 2466 1683 2519 condicto
1738 2484 1983 2524 essemus
2026 2471 2287 2538 proiecti,

746 2546 930 2600 eadem
963 2548 1070 2611 die,
1110 2561 1163 2605 ut
1197 2551 1330 2607 bene
1388 2558 1727 2611 meminerim
1766 2600 1781 2623 ,
1812 2576 1873 2614 ae
1902 2562 2073 2629 siris,
2103 2566 2287 2619 eadem

747 2639 861 2706 ipsa
891 2640 1039 2696 hora.
1075 2643 1175 2698 Sed
1206 2655 1259 2699 et
1288 2649 1482 2702 accidit
1507 2652 1635 2718 quid
1661 2653 1833 2720 pejus,
1862 2662 1921 2707 ut
1954 2672 2143 2724 nempe
2174 2674 2291 2711 om-

748 2744 843 2784 nes
869 2731 974 2785 ullo
1004 2736 1163 2788 modo
1180 2736 1608 2794 Christianorum
1643 2745 1809 2798 duces
1835 2745 2041 2800 circum
2067 2746 2288 2803 Persam

746 2821 1006 2889 stipareut
1031 2841 1047 2889 ;
1080 2826 1169 2893 qui
1207 2827 1460 2885 nimirum
1494 2832 1558 2885 ad
1578 2847 1702 2887 eum
1728 2834 1885 2897 itare,
1911 2838 2071 2906 eique
2097 2838 2291 2893 adesse

747 2913 886 2966 soliti
930 2926 1102 2969 erant.
1137 2916 1302 2973 Multo
1373 2923 1577 2991 quippe
1630 2926 1810 2979 studio
1841 2939 2289 2997 congregaverat,

746 3020 1084 3060 rotnmunem
1118 3011 1355 3064 omnium
1387 3013 1664 3068 interitum
1689 3018 1973 3074 meditans.
2010 3020 2180 3075 Porro
2212 3022 2287 3076 illi

746 3112 923 3162 opt-ra:
948 3101 1117 3159 magis
1143 3103 1373 3171 pretium
1397 3117 1733 3171 putaverant,
1760 3117 1818 3163 ut
1847 3111 1966 3179 ejus
1990 3122 2289 3168 conventus

2398 1942 2540 1986 τινος
2573 1927 2799 1994 ἰσχυρᾶς
2835 1927 2974 1995 ὑπὲρ
3006 1927 3101 1980 τοῦ
3135 1927 3397 1997 ρυσθῆναι
3429 1927 3681 1979 κινδύνων
3707 1926 3830 1986 τοὺς
3857 1925 3945 1991 ὑφ’

2394 2014 2542 2081 ήμᾶς
2572 2015 2750 2066 ἐκεῖσὲ
2786 2032 2855 2083 με
2891 2016 3013 2068 τότε
3062 2017 3533 2085 παραπεμψάσης.
3564 2014 3753 2067 Καίτοι
3786 2014 3947 2066 τοῦτο

2392 2106 2524 2172 ἡμῖν
2557 2106 2837 2167 παντελῶς
2886 2108 2962 2168 ὡς
3009 2108 3279 2177 ἀπείρητο
3303 2124 3315 2136 ⁸
3343 2107 3483 2173 λέγω
3518 2107 3578 2176 δὴ
3606 2108 3662 2159 τὸ
3705 2106 3942 2175 ἀμεροτέ-

2395 2214 2519 2267 ρους
2565 2198 2705 2268 πρὸς
2746 2200 2955 2251 ἐκεῖνον
2990 2198 3107 2267 ἅμα
3136 2200 3567 2268 παραγενέσθαι.
3609 2198 3808 2249 Ἐδόκει
3838 2198 3944 2263 γὰρ

2392 2290 2493 2341 οὐκ
2535 2289 2775 2357 ἀσφαλὲς
2808 2289 2984 2360 ταύτῃ
3016 2290 3274 2357 γενέσθαι
3322 2291 3421 2360 τὴν
3459 2289 3727 2359 ἡμετέραν
3758 2288 3943 2355 ἐπιδη-

2397 2380 2525 2449 μίαν
2560 2384 2713 2448 παρά
2760 2384 2852 2434 τὸν
2911 2383 3077 2434 πάλαι
3128 2383 3249 2434 καθ’
3288 2382 3443 2449 ἡμῶν
3482 2382 3662 2433 ἄδικον
3689 2378 3941 2430 ὠδίνοντα

2392 2471 2569 2537 φόνον.
2604 2472 2809 2540 Συνέϐη
2848 2472 2893 2525 δ’
2937 2474 3086 2542 ὅμως
3134 2475 3193 2526 τὸ
3226 2475 3470 2544 φοῦερδν,
3501 2472 3635 2542 ἐμοῦ
3673 2473 3771 2538 μὲν
3798 2473 3935 2523 οἴκοι

2395 2563 2577 2631 μένειν
2604 2565 2811 2618 ἐκεῖνον
2838 2566 2922 2618 ἔτι
2960 2565 3292 2633 νομίζοντος,
3328 2566 3577 2618 κάκείνου
3606 2565 3648 2616 δ’
3679 2563 3745 2615 αὖ
3781 2563 3939 2615 πάλιν

2392 2655 2520 2724 περὶ
2554 2656 2688 2724 ἐμοῦ
2722 2656 2789 2708 τὰ
2835 2660 2925 2709 ῐσα
2964 2656 3348 2726 λογιζομένου·
3384 2657 3476 2710 καὶ
3504 2656 3688 2725 ὥσπερ
3717 2658 3779 2708 ὲκ
3822 2673 3944 2707 συν,

2393 2746 2633 2816 θήματος
2683 2747 2898 2801 οἴκοθεν
2946 2748 3272 2812 ἐξελθόντων
3306 2748 3535 2819 ἡμέραν,
3578 2748 3625 2799 εί
3661 2749 3942 2816 μέμνημαι

2393 2840 2595 2903 καλῶς,
2652 2839 2749 2909 τὴν
2814 2841 3099 2910 αύτήν·εξ
3158 2840 3336 2907 βούλει
3378 2840 3433 2891 δέ
3488 2856 3572 2905 γε,
3623 2840 3711 2891 καὶ
3772 2836 3941 2905 ὥραν.

2392 2931 2660 2982 Συνέπεσε
2718 2931 2773 2983 δέ
2832 2950 2885 2983 τι
2939 2932 3033 2983 καὶ
3088 2933 3286 3000 χεῖρον.
3326 2926 3475 2983 Εῐναι
3521 2930 3626 2997 γὰρ
3667 2930 3808 2995 ἀμφὶ
3849 2927 3938 2978 τὸν

2391 3025 2608 3091 Πέρσην
2647 3025 2772 3087 τοὺς
2806 3024 2902 3076 καὶ
2953 3023 3203 3077 ὁπωσοῦν
3254 3023 3648 3091 ἐξηγουμένους
3687 3022 3942 3086 Χριστια-

2390 3113 2496 3167 νῶν
2520 3131 2535 3146 ο
2571 3115 2713 3181 λέγω
2740 3115 2796 3167 δὲ
2841 3116 2967 3178 τοὺς
2992 3116 3249 3177 εἰωθότας
3277 3115 3351 3176 ὡς
3380 3113 3539 3165 αὑτὸν
3574 3110 3936 3180 ἀφικνεῖσθαι.

746 3190 914 3240 aleam
950 3191 1216 3256 subirent,
1245 3210 1406 3263 quam
1444 3206 1501 3249 ut
1524 3199 1737 3266 jubenti
1766 3215 1969 3254 morem
1998 3216 2105 3255 non
2138 3218 2290 3270 gere-
2315 3221 2359 3277 ο
2402 3208 2408 3227 ‘

2278 3232 2290 3242 '
2315 3221 2359 3277 ϐ
2402 3207 2641 3269 Ἐκεῖνός
2693 3227 2751 3261 τε
2795 3209 2907 3278 γὰρ
2944 3208 3140 3271 αὐτοὺς
3172 3207 3443 3275 ἐπιμελῶς
3479 3204 3747 3276 ἥθροιζεν,
3777 3202 3940 3270 ἄρδην

744 3292 881 3332 rem.
912 3278 1015 3335 Res
1044 3298 1173 3338 sane
1197 3284 1347 3352 plena
1380 3287 1619 3354 periculo
1642 3291 1895 3344 omnibus
1915 3293 2105 3347 merito
2138 3294 2290 3349 vide-

744 3372 924 3439 batur,
950 3386 1005 3429 ut
1029 3378 1093 3430 ad
1117 3393 1237 3431 eum
1262 3380 1498 3435 universi
1522 3383 1682 3436 simul
1711 3383 2069 3441 conﬂuerent.
2106 3388 2291 3457 Neque

743 3464 886 3517 enim
942 3478 1094 3521 erant
1132 3471 1224 3539 qui
1264 3475 1438 3528 virum
1495 3475 1797 3539 nescirent,
1849 3478 2075 3547 ejusque
2105 3480 2158 3532 in
2194 3495 2289 3535 eos

743 3554 1111 3612 voluntatem:
1173 3562 1293 3631 ejus
1354 3576 1531 3618 tamen
1588 3570 1858 3624 mandatis
1909 3572 2051 3625 nolle
2083 3586 2289 3626 morem

744 3663 950 3712 gerere,
981 3651 1031 3704 iul
1069 3668 1197 3706 vero
1238 3656 1502 3723 gravioris
1534 3656 1691 3727 longe
1744 3661 1969 3728 periculi
1998 3662 2287 3717 ducebant.

742 3737 927 3807 Neque
957 3743 1098 3797 enim
1118 3761 1257 3808 esse,
1279 3748 1371 3814 qui
1396 3760 1715 3818 contempta-
1742 3751 2006 3820 jussiouis
2033 3754 2287 3823 injuriam

745 3830 929 3896 ferret,
970 3843 1063 3888 aut
1092 3837 1196 3890 sibi
1246 3838 1359 3906 ipse
1388 3841 1622 3909 quietem
1664 3843 2029 3905 imperaturus
2093 3855 2284 3903 esset:

746 3922 861 3977 fore
887 3934 1083 3993 autem,
1136 3937 1404 3985 utotnues
1434 3932 1591 3986 vellet
1653 3936 1854 4003 perire,
1915 3949 2083 4004 utque
2108 3938 2321 3993 volens.

745 4015 971 4081 perdere
1000 4029 1197 4084 possvt.
1262 4018 1459 4074 Malum
1502 4023 1685 4094 itaque
1730 4026 1870 4078 malo
1907 4038 2285 4095 pra-optantes,

744 4118 1007 4176 suamque
1092 4108 1197 4164 Deo
1263 4114 1702 4170 commendantes
1782 4128 2026 4185 sortem,
2100 4133 2166 4171 ac
2235 4118 2289 4170 in

746 4209 839 4259 Spe
890 4209 1203 4267 peragentes
1265 4200 1388 4264 iter,
1415 4203 1515 4257 viae
1540 4220 1597 4258 se
1637 4206 1844 4262 incerto
1879 4210 2287 4262 commiserant.

746 4288 914 4341 κακοῦ
964 4292 1132 4343 κακὸν
1176 4295 1551 4363 προελόμενοι,
1581 4300 1814 4368 ἥπτοντο
1860 4301 1959 4371 τῆς
1995 4301 2138 4368 ὀδοῦ,
2203 4300 2322 4368 Θεῷ

741 4381 1037 4445 ὁδεύοντες.

2389 3299 2647 3368 ἀφανίσαι
2684 3301 2889 3361 πάντας
2922 3298 3273 3369 βουλόμενος·
3308 3298 3487 3358 αὐτοῖς
3517 3313 3575 3371 τε
3618 3294 3724 3347 δεῖν
3769 3294 3941 3343 ἐδόκει

2391 3393 2826 3459 παραγενέσθαι,
2858 3393 2953 3445 καὶ
2994 3394 3085 3444 τὸν
3129 3392 3236 3444 ἀπὸ
3270 3391 3422 3443 τοῦδε
3470 3389 3668 3455 μᾶλλον
3694 3384 3944 3449 δέξασθαι

2391 3483 2633 3534 κίνδυνον
2663 3483 2695 3550 ἦ
2730 3484 2819 3534 τὶν
2859 3485 2922 3534 ὲκ
2956 3482 3052 3535 τοῦ
3110 3481 3455 3550 παρακοῦσαι
3488 3478 3578 3531 τοῦ
3627 3478 3942 3528 ἐπιτάττον-

2389 3591 2500 3637 τος.
2533 3571 2683 3627 Εἶναι
2715 3576 2814 3642 μὲν
2865 3574 2972 3643 γὰρ
3008 3575 3254 3627 κινδύνου
3313 3574 3510 3641 μεστὸν
3567 3570 3659 3622 καὶ
3704 3569 3763 3620 τὺ
3812 3566 3944 3633 πρὸς

2392 3668 2549 3720 αὐτὸν
2579 3667 2696 3735 ἅμα
2718 3667 3155 3737 παραγεγονέναι
3181 3666 3380 3723 πάντες
3410 3664 3641 3728 εὐλόγως
3671 3657 3939 3727 ἐνόμιζον.

2392 3757 2528 3811 Οὐδὲ
2579 3757 2689 3825 ¹γὰρ
2734 3758 2965 3826 ἠγνόουν
3015 3757 3109 3808 τὶν
3140 3755 3327 3824 ἄνδρα,
3362 3754 3455 3806 καὶ
3484 3752 3582 3820 την
3610 3750 3733 3819 περὶ
3762 3747 3941 3799 αὐτῶν

2394 3846 2602 3899 ἐκείνου
2626 3847 2890 3900 διάνοιαν.
2921 3846 2993 3898 Τὸ
3016 3847 3072 3898 δὲ
3105 3847 3178 3915 μὴ
3219 3848 3334 3906 τοῖς
3364 3844 3556 3896 τούτου
3583 3839 3939 3908 προστίγμα-

2395 3953 2479 3988 σιν
2511 3935 2683 3988 εἴκειν
2714 3935 2895 4003 πολλῷ
2932 3936 3309 4005 χαλεπωτέρου
3342 3932 3608 3986 κινδύνου.
3642 3932 3788 3997 Μήτι
3835 3928 3942 3993 γὰρ

2392 4025 2561 4078 οἴσειν
2589 4026 2752 4077 αὑτὸν
2786 4030 2881 4095 την
2912 4030 2974 4077 ὲκ
3005 4025 3103 4091 τῆς
3154 4023 3435 4092 παρακοῆς
3467 4021 3654 4089 ὕϐριν,
3689 4016 3812 4087 μήτ’
3838 4015 3938 4066 οὐκ

2392 4118 2761 4185 ἀνασχόμενον
2795 4117 3116 4186 ἡσυχάζειν,
3151 4116 3285 4167 ἀλλὰ
3319 4115 3566 4180 θελήσειν
3599 4112 3696 4180 μὲν
3748 4108 3943 4166 αὐτοὺς

2394 4208 2719 4275 διαφθεῖραι,
2736 4207 3042 4277 θελήσαντα
3065 4206 3142 4269 δὲ,
3171 4204 3513 4273 δυνήσεσθαι.
3540 4201 3645 4255 Καὶ
3670 4201 3755 4252 διὰ
3776 4199 3943 4249 ταῦτα

2387 4301 2446 4352 τὸ
2508 4300 2628 4352 κατ’
2690 4301 2889 4362 αὐτοὺς
2947 4297 3368 4370 ἐπιτρέποντες,
3420 4296 3513 4347 καὶ
3576 4292 3672 4345 σὺν
3728 4289 3940 4341 ἐλπίσιν

816 4556 1278 4630 Enimvero,quod
1307 4563 1370 4616 de
1405 4580 1488 4618 me
1520 4581 1735 4635 quoque
1761 4583 1822 4623 ac
1853 4568 2019 4624 fratre
2054 4584 2286 4639 persua.
2316 4538 2367 4597 θ
2462 4571 2478 4620 (

2280 4601 2286 4614 ι
2316 4538 2367 4597 D
2462 4568 2535 4621 Οὐ
2565 4567 2674 4637 μὴν
2706 4566 2839 4618 ἀλλὰ
2866 4564 2960 4619 καὶ
2988 4562 3049 4615 τδ
3082 4560 3358 4619 πιστεύειν
3387 4561 3619 4618 ἐκείνους
3647 4557 3771 4625 περὶ
3804 4555 3942 4621 ἐμοῦ

744 4666 864 4703 sum
896 4650 1172 4715 baberent,
1224 4653 1360 4707 haud
1412 4654 1527 4710 fore
1561 4657 1721 4711 simul
1759 4670 1885 4714 tunc
1912 4662 2157 4716 adituros
2188 4662 2289 4716 im-

744 4745 1117 4798 manissimum
1174 4747 1443 4802 belluam:
1480 4750 1572 4818 qui
1626 4752 1880 4807 nimirum
1925 4754 2149 4818 scirent,
2179 4771 2289 4811 non

745 4833 888 4900 quod
912 4836 1193 4889 accidisset
1226 4838 1462 4901 fortuna,
1505 4842 1594 4894 sed
1624 4845 1766 4910 quod
1797 4855 1946 4898 esset
1978 4845 2134 4900 nobis
2161 4861 2292 4901 eon-

744 4924 1008 4991 Mitutum,
1065 4942 1310 4994 magnam
1399 4939 1601 4998 partem
1653 4934 1901 4988 timorem
1947 4935 2290 5005 dispellebat,

739 5010 1052 5081 justamque
1102 5014 1428 5072 submovens
1464 5021 1852 5087 sUSpicionetn,
1878 5026 2066 5078 venire
2099 5025 2294 5078 invita-

746 5100 857 5155 bat.
888 5098 1161 5157 Noverant
1214 5107 1354 5160 enim
1384 5108 1516 5175 fore,
1546 5123 1601 5164 ut
1633 5110 1828 5167 inferni
1865 5114 2039 5168 instar
2070 5116 2291 5169 univer-

744 5194 819 5245 sis
878 5192 1227 5251 absorbcudis
1281 5196 1439 5252 hians
1490 5211 1774 5272 tyrannus,
1824 5204 1944 5275 jure
2002 5207 2195 5259 merito
2226 5209 2293 5261 ti-

745 5287 996 5339 mendum
1051 5288 1292 5354 haberet,
1342 5307 1410 5346 ne
1434 5295 1481 5347 ei
1535 5297 1585 5349 in
1616 5296 1949 5350 contrariqu
2000 5299 2291 5352 consilium

744 5388 1062 5442 verteretur,
1094 5390 1149 5433 ut
1174 5382 1227 5435 in
1256 5399 1442 5438 omnes
1466 5386 1808 5453 impudenter
1829 5399 2041 5457 putaret
2062 5391 2295 5443 smvit-n-

742 5468 892 5532 dum,
956 5484 1080 5524 cum
1114 5487 1215 5527 nos
1252 5474 1305 5527 in
1341 5484 1610 5543 potestate
1665 5483 1873 5545 positus
1911 5496 2015 5533 non
2050 5483 2291 5536 traheret.

748 5559 849 5613 Ubi
878 5569 1057 5615 autem
1094 5564 1394 5627 vettietttes,
1427 5582 1511 5620 me
1548 5582 1669 5627 cunt
1701 5568 1865 5625 fratre
1896 5573 2037 5640 apud
2074 5572 2293 5627 Persam

750 5648 1020 5715 viderunt,
1063 5665 1125 5705 ac
1166 5652 1398 5709 scientes
1444 5672 1555 5710 rem
1587 5657 1850 5714 accidisse
1883 5671 2075 5729 printer
2104 5677 2293 5717 eorum

752 5750 1007 5804 mentem,
1050 5742 1228 5812 lingua
1257 5746 1322 5800 ad
1367 5747 1583 5816 longum
1640 5757 1853 5818 tempus
1878 5752 2129 5813 bmrente,
2163 5755 2297 5807 nihil

749 5829 1222 5891 mutui'sermouis
1259 5836 1503 5892 conferre
1536 5849 1848 5909 potuerunt.
1876 5840 1944 5897 Ut
1998 5854 2178 5898 autem
2212 5860 2296 5901 re-

2389 4661 2483 4715 καὶ
2505 4661 2600 4713 τοῦ
2636 4657 2889 4726 ἀδελφοῦ,
2919 4658 2991 4719 ὼς
3024 4656 3121 4724 οὐχ
3156 4656 3272 4725 ἅμα
3306 4652 3601 4722 τηνικαῦτα
3629 4649 3939 4715 ἀφιξόμεθα

2392 4754 2527 4822 πρὸς
2560 4751 2649 4805 τὸν
2683 4750 2990 4806 δεινότατον
3022 4748 3189 4817 θῆρα,
3218 4745 3278 4797 οὑ
3307 4746 3413 4812 γὰρ
3451 4745 3508 4794 τὸ
3559 4739 3768 4841 συμὸαν
3799 4738 3942 4841 κατα

2389 4844 2578 4914 τύχην,
2610 4841 2745 4895 ἀλλά
2770 4842 2868 4910 τὴν
2896 4837 3289 4909 κεκυρωμένην
3316 4838 3447 4906 ημῖν
3471 4834 3771 4902 ἠπίσταντο
3804 4834 3944 4897 7w};-

2395 4951 2523 5001 μην,
2547 4932 2608 4985 τὸ
2640 4930 2776 4984 πολὺ
2814 4929 2909 4983 τοῦ
2941 4929 3109 4997 φόϐου
3148 4926 3482 4983 διεσκέδασε.
3516 4923 3609 4976 καὶ
3645 4923 3945 4990 παρεκάλει

2393 5022 2829 5091 παραγίνεσθαι,
2891 5021 3106 5073 δικαίαν
3180 5018 3413 5086 ὑποψίαν
3481 5012 3940 5082 ἀποκρουόμενον.

2396 5115 2632 5184 ’ῌδεσαν
2666 5114 2773 5183 γὰρ
2828 5113 2905 5175 ὠς
2955 5115 2983 5165 ό
3016 5112 3173 5180 δίκην
3202 5112 3327 5181 ᾅδου
3364 5105 3624 5176 κεχηνὼς,
3659 5106 3944 5157 καταπιεῖν

2392 5206 2515 5268 τοὺς
2563 5206 2772 5268 πάντας
2824 5207 3135 5274 ἐφιέμενος,
3167 5204 3351 5264 δεδιὼς
3388 5202 3607 5264 εἰκότως
3658 5197 3830 5261 ἔσται,
3874 5198 3947 5264 μὴ

2395 5298 2530 5367 πρὸς
2576 5298 2885 5351 τούναντίον
2930 5296 3078 5365 αύτῷ
3126 5296 3185 5349 τὸ
3236 5295 3482 5365 βούλημα
3538 5288 3853 5360 περισταίη,
3890 5287 3923 5338 ἃ

2396 5390 2538 5441 κατὰ
2592 5392 2812 5443 πάντων
2865 5389 3290 5459 ἀναισχυντήσῃ,
3336 5387 3435 5438 οὐκ
3490 5386 3547 5437 ὲν
3592 5384 3713 5435 ταῖν
3766 5380 3953 5449 χεροῖν

2396 5480 2544 5547 ἡμᾶς
2588 5479 2748 5548 ἔχων.
2798 5479 2939 5532 Ἀλλ’
2992 5479 3256 5541 ἐλθόντες,
3293 5476 3386 5530 καὶ
3428 5476 3537 5555 τὸν
3568 5472 3797 5538 ἀδελφὸν
3856 5468 3953 5517 σὺν

2398 5570 2520 5637 ἐμοὶ
2548 5571 2696 5640 παρά
2716 5571 2793 5640 τῷ
2818 5572 2999 5640 Πέρσῃ
3028 5568 3371 5636 θεασάμενοι,
3390 5564 3606 5631 γνόντες
3629 5562 3689 5614 τὸ
3712 5561 3947 5628 πρᾶγμα

2400 5662 2696 5731 ἐκϐεϐηκὸς
2726 5663 2874 5732 παρᾶ
2911 5662 3010 5731 τὴν
3040 5662 3262 5713 ἐκείνων
3301 5657 3477 5720 δόξαν,
3513 5652 3725 5723 ἀφωνία
3752 5668 3945 5718 συσχε-

2402 5752 2581 5815 θέντες
2618 5755 2707 5806 ἐπὶ
2743 5755 2962 5824 μακρῷ,
2992 5754 3145 5807 οὐδέν
3172 5770 3224 5805 τι
3272 5750 3409 5818 πρὸς
3444 5747 3704 5816 ἀλλήλους
3752 5743 3947 5809 ἐφθέγ-

2400 5860 2578 5913 γοντο.
2623 5844 2712 5907 Ὠς
2760 5842 2808 5898 δ’
2856 5844 3261 5913 ἀνενεγκόντες,
3297 5840 3392 5909 ὀψὲ
3432 5838 3524 5893 καὶ
3578 5836 3735 5906 μόγις
3779 5831 3940 5902 ῥῆξαι
