4208 6444
241 476 349 537 ἳὲῗι

1024 474 1427 535 THEODORI
1470 473 1828 535 DESPOT/E
1873 475 2263 535 LAUDATIO
2289 477 2697 540 FUNEBRIS.

3384 486 3489 552 926

240 589 427 657 φωνὴν
481 586 839 654 ἐδυνήθησαν,
900 586 1107 657 ταύτην
1157 588 1220 656 δὴ
1281 585 1505 657 πρώτην
1556 587 1806 655 ἀφέντες,
1840 592 1885 646 Α

1840 592 1885 646 Α
1923 586 2157 651 sumptis
2198 586 2426 651 animis,
2452 602 2576 641 sero
2608 590 2820 643 tandem
2847 591 3045 660 vixque
3065 592 3217 648 licuit
3244 614 3490 666 rumpere

239 679 803 748 Arane'pwriixajtsr,
840 678 1075 749 ἐϐόησαν
1112 680 1371 741 ἅπαντες.

310 859 529 912 Τούτων
577 857 640 927 δὴ
718 858 1220 929 συναθροισθέντων
1303 858 1608 930 τηνικαῦτα
1689 864 1810 930 μεθ’

239 952 397 1019 ἡμῶν
428 952 494 1023 (ὣ
536 953 657 1014 πῶς
699 953 877 1006 πάντα
920 952 1193 1023 συνέρρει,
1230 957 1325 1006 καὶ
1370 956 1477 1021 πρὸ
1536 956 1708 1025 αὐτὴν
1738 957 1813 1020 ὡς

244 1044 305 1095 ἄν
335 1062 417 1105 τις
448 1044 590 1096 εῐποι
629 1044 729 1114 τὴν
765 1045 1010 1113 κορυφὴν
1036 1045 1136 1113 τῆς
1166 1048 1350 1116 ἀκμῆς
1367 1049 1654 1101 ἀνεϐίϐασε
1687 1052 1811 1112 τοὺς

241 1138 499 1206 φόϐουςί)
564 1138 757 1207 νέηλυς
818 1140 881 1190 ὲκ
936 1139 1240 1209 Σηλυϐρίας
1297 1142 1656 1208 παραγίνεται
1716 1145 1813 1196 καὶ

240 1228 498 1295 βασιλεὺς
535 1230 562 1280 ό
594 1230 929 1298 ἀδελφιδοῦς.
967 1230 1139 1283 Τοῦτο
1184 1233 1241 1284 δὲ
1298 1231 1367 1285 αὖ
1413 1235 1560 1303 ἡμᾶς
1591 1234 1684 1287 ἐπὶ
1715 1252 1807 1287 το-

244 1322 431 1372 τοῦτον
464 1324 739 1391 συνέχεεν,
770 1324 895 1377 ὅσον
938 1326 1032 1377 καὶ
1064 1326 1428 1395 ἀπειρηκέναι
1464 1329 1807 1392 παντάπασι,

242 1414 339 1465 καὶ
373 1414 632 1483 δεηθῆναι
657 1416 1002 1483 διαθηκῶν,δ
1042 1421 1218 1471 ποιεῖν
1242 1422 1457 1488 ἀνάγκη
1501 1424 1651 1474 πᾶσα
1684 1424 1812 1484 τοὺς

240 1506 339 1576 τὴν
395 1508 585 1561 ἐλπίδα
637 1510 737 1577 τῆς
790 1510 937 1580 ζωῆς
989 1511 1457 1580 ἀποϐεϐληκότας.
1514 1513 1626 1565 Καὶ
1668 1508 1810 1583 ἦμεν

239 1602 405 1669 ἄρνες
434 1604 492 1652 ἐν
524 1602 675 1671 μέσῳ
701 1602 902 1665 λύκων,
937 1602 1095 1655 τοῦτο
1121 1603 1184 1672 δὴ
1215 1604 1276 1656 τὸ
1311 1604 1389 1670 τῷ
1417 1606 1631 1674 Σωτῆρι
1671 1624 1811 1676 χρη-

242 1696 506 1762 ματισθὲν
558 1697 697 1765 πρὸς
747 1697 873 1759 τοὺς
926 1698 1208 1766 μαθητὰς,
1237 1697 1537 1761 πατοῦντες
1577 1700 1675 1767 μὲν
1713 1701 1811 1763 τὰς

238 1785 351 1836 τῶν
382 1786 592 1853 ἐχυρῶν
628 1787 895 1853 κεφαλὰς,
925 1788 1102 1855 ὄφεών
1130 1807 1187 1841 τε
1224 1791 1316 1841 καὶ
1346 1791 1624 1859 σκορπίων
1659 1792 1810 1846 ἀντι·-

239 1895 376 1945 κρυς
408 1879 574 1930 τόπον
605 1879 999 1942 διασωξόντων,
1034 1884 1128 1935 καὶ
1162 1884 1436 1952 μηδεμίαν
1468 1888 1598 1951 παρ’
1628 1886 1810 1938 αὐτῶν

1923 686 2135 738 vocem,
2168 677 2307 730 hanc
2342 682 2575 746 primam
2616 681 2893 737 mittentes
2920 726 2933 747 ,
2965 686 3341 741 clamaveruot
3374 706 3489 743 om-

1924 779 2021 817 nes
2047 781 2060 816 :
2094 767 2513 835 Desperavimus.

1982 855 2127 909 Cum
2190 874 2320 925 ergo
2387 860 2421 911 ii
2463 863 2515 913 in
2582 862 2727 915 hunc
2780 866 3000 918 modum
3054 884 3158 921 una
3207 872 3488 924 nobiscum

1921 950 2232 1016 congregati
2262 959 2470 1015 essent,
2521 956 2577 1020 (0
2618 958 2893 1023 quomodo
2918 958 3256 1014 conﬂuebant
3283 970 3489 1023 omnia,

1921 1038 2086 1107 inque
2118 1056 2390 1093 summum
2426 1045 2561 1097 aciei
2621 1048 2923 1116 cuspidem,
2954 1062 3011 1102 ut
3060 1052 3137 1103 sic
3171 1053 3384 1120 loquar,
3422 1058 3489 1107 Ii—

1922 1146 2099 1186 mores
2121 1131 2367 1187 ferebant
2401 1136 2440 1203 ί)
2477 1138 2621 1189 venit
2643 1154 2831 1193 recens
2853 1158 2912 1194 ex
2943 1142 3492 1212 Selyhriaitnperatur

1924 1239 2110 1291 nepos.
2142 1224 2250 1279 lloc
2286 1242 2453 1295 porro
2486 1229 2700 1283 abunde
2724 1233 2803 1286 sic
2842 1236 3105 1297 cunl'udit,
3142 1239 3267 1291 utin
3301 1239 3491 1306 despe-

1922 1317 2187 1370 rationem
2230 1320 2456 1373 omnino
2516 1332 2756 1390 COgeret,
2804 1340 2866 1377 ac
2916 1341 3013 1379 ceu
3068 1331 3346 1396 desperata
3386 1334 3492 1384 vita

1921 1410 1986 1461 ad
2026 1420 2476 1466 testann-ntornm
2528 1427 2747 1485 cogeret
2794 1420 3031 1476 tabulas.
3094 1422 3322 1479 Eramus
3370 1430 3489 1495 agni

1921 1501 1973 1553 in
2007 1503 2184 1554 medio
2209 1505 2477 1572 luporum,
2509 1512 2695 1575 quales
2732 1512 2945 1565 DO?l|il|i
2995 1519 3280 1569 oraculum
3317 1518 3484 1570 disci-

1923 1592 2077 1659 pulos
2100 1593 2284 1657 habet,
2322 1597 2668 1668 hostiumque
2702 1605 2875 1668 capita
2916 1606 3091 1657 instar
3142 1609 3389 1673 aspidnrn
3430 1626 3491 1661 ac

1923 1684 2271 1749 scorpionum
2320 1688 2617 1753 calcantes,
2652 1691 2785 1744 nihil
2832 1696 3016 1747 damni
3065 1696 3134 1748 ab
3162 1696 3240 1749 eis
3280 1696 3493 1749 fereba-

1925 1792 2066 1839 mus,
2098 1780 2213 1843 ejns
2259 1778 2599 1835 ambulantes
2652 1784 2773 1848 lide,
2833 1786 2989 1852 cujus
3045 1796 3127 1840 est
3196 1792 3489 1856 potestatis

1922 1869 2129 1921 salvare
2187 1868 2363 1923 Meum
2407 1888 2569 1939 porro
2608 1874 2832 1929 fratrem
2867 1879 3007 1931 haud
3051 1880 3205 1932 hctus
3259 1882 3492 1950 Stls‘t'ipil

241 1970 609 2037 ὑπομένοντες
644 1972 867 2039 βλάϐην,
897 1975 1081 2027 πίστει
1128 1979 1489 2045 πορευόμενοι
1528 1978 1622 2031 τοῦ
1655 1980 1815 2033 δύνα-
1847 1945 1892 2003 Β

1847 1945 1892 2003 Β
1923 1959 2085 2011 homo
2120 1960 2295 2014 bellua
2330 1964 2457 2015 :cui
2497 1965 2753 2021 nimirum
2795 1968 2902 2022 alte
2930 1981 3069 2024 esset
3108 1974 3293 2025 animo
3325 1990 3485 2041 repo-

242 2079 339 2126 μιν
371 2063 584 2130 ἔχοντος
619 2062 841 2125 σώζειν.
896 2064 1259 2137 Ὑποδέχεται
1304 2069 1368 2138 δή
1422 2088 1511 2137 μοι
1543 2074 1634 2124 τὸν
1667 2074 1819 2125 ἀδελ-

240 2151 341 2216 φὺν
380 2154 407 2204 ό
442 2152 550 2220 Θήρ
603 2153 815 2217 ἐκεῖνος
871 2155 983 2207 οὔτ’
1022 2157 1295 2226 ἀσμένως,
1333 2158 1445 2231 εἶχε
1490 2163 1599 2233 γὰρ
1662 2164 1821 2231 μετό-

240 2244 404 2295 πισθε
456 2244 612 2298 κότον
659 2245 803 2315 ὄφρα
859 2248 1055 2319 τελέσῃ
1099 2252 1156 2303 ὲν
1221 2252 1477 2322 στήθεσιν
1518 2249 1678 2318 οἷσιν,
1706 2254 1818 2307 οὔτ’

238 2336 423 2403 ἀηδῶς
456 2336 516 2387 τό
549 2353 611 2401 γε
648 2336 828 2389 δοκεῖν
854 2355 868 2369 ·
909 2338 1178 2409 ᾐσχύνετο
1206 2343 1335 2413 γὰρ,
1371 2346 1418 2397 εί
1470 2347 1562 2397 καὶ
1618 2348 1692 2415 μὴ
1721 2349 1820 2411 τὰς

241 2426 382 2491 πρδς
412 2425 502 2477 τὸν
536 2426 767 2495 ἀδελφὸν
812 2429 1165 2499 ὑποσχέσεις,
1193 2434 1310 2487 ἀλλ’
1344 2437 1493 2506 ήμᾶς
1524 2456 1606 2505 τε,
1634 2442 1728 2491 καὶ
1757 2440 1817 2493 τό

238 2518 391 2582 δόξαι
434 2518 569 2587 μηδὲ
623 2520 757 2586 γοῦν
788 2522 926 2591 πρὸς
956 2522 1105 2592 ῶραν
1147 2526 1365 2596 ίσχύσαι
1403 2529 1495 2581 τὸν
1544 2531 1621 2583 ίὸν
1670 2530 1821 2585 ἔνδον

239 2615 562 2680 κατασχεῖν,
596 2613 715 2666 ἀλλ’
751 2616 952 2670 αὐτίκα
982 2619 1177 2672 τοῦτον
1204 2622 1430 2690 ἐμέσαι.

314 2701 475 2756 Οὕτω
504 2704 799 2773 τοιγαροῦν
846 2707 1217 2777 διακείμενος,
1250 2713 1524 2783 βούλευμα
1565 2716 1820 2787 δέχεται*

238 2791 344 2844 οὐκ
380 2792 490 2859 ἐρῶ
516 2809 578 2859 γε
614 2794 721 2846 ὑπὸ
754 2794 920 2849 τίνων
944 2813 957 2827 ·
1000 2797 1141 2852 ἔστω
1184 2800 1240 2853 δὲ
1274 2802 1377 2855 ὑπὸ
1411 2803 1506 2858 τοῦ
1540 2805 1820 2876 δαίμονος,

236 2883 302 2934 ὃν
342 2885 435 2936 ἐπὶ
468 2883 566 2953 τῆς
611 2885 777 2939 αὑτοῦ
826 2886 1009 2958 ψυχῆς
1056 2890 1293 2963 ἔφερενο
1343 2896 1673 2955 ἀποκτεῖναι
1721 2902 1822 2971 μὲν

239 2976 414 3042 ἡμᾶς,
449 2977 541 3030 καὶ
578 2976 681 3048 τὴν
715 2980 991 3049 ἡμετέραν
1024 2985 1207 3039 πᾶσαν
1236 2987 1416 3041 οίκίαν
1439 3030 1454 3055 ,
1498 2993 1820 3048 ἀποκτεῖναι

238 3068 301 3117 δὲ
325 3070 452 3129 τοὺς
498 3069 606 3121 τῶν
643 3070 887 3124 εὐσεϐῶν
926 3074 1213 3144 ἄρχοντας.
1264 3079 1438 3133 Τοῦτο
1480 3083 1590 3151 γὰρ
1633 3084 1820 3153 βουλό·-

244 3176 410 3226 μενος
462 3160 769 3232 πόρρωθεν,
804 3164 923 3219 τότε
965 3156 1088 3219 δεῖν’
1120 3167 1277 3240 ᾠήθη
1321 3171 1729 3241 διαπράξασθαι
1760 3178 1819 3231 τὸ

1922 2049 2086 2104 situm
2122 2065 2175 2104 ut
2203 2067 2437 2108 veterem
2458 2058 2715 2127 deinceps
2740 2061 2874 2113 iram
2907 2062 3259 2116 ulcisceretur
3297 2085 3308 2118 :
3334 2076 3386 2117 at
3406 2083 3490 2116 ιιι·-

1922 2158 2028 2211 que
2054 2146 2350 2205 morosius,
2383 2157 2442 2200 ut
2473 2150 2779 2207 videbatur.
2809 2154 3180 2209 Reverebatur
3214 2158 3383 2219 enim,
3408 2159 3491 2209 sin

1924 2235 2095 2289 factas
2147 2236 2302 2292 fratri
2357 2243 2777 2309 promissiones,
2828 2256 2881 2300 at
2905 2264 2989 2301 me
3040 2251 3256 2311 saltem,
3307 2266 3368 2303 ac
3427 2268 3492 2301 ne

1924 2327 2195 2381 videretur
2226 2345 2291 2383 ne
2322 2331 2387 2383 ad
2433 2332 2622 2384 horam
2654 2350 2817 2402 posse
2877 2337 3030 2392 intus
3073 2354 3339 2392 venenum
3363 2354 3481 2393 co::~

1924 2420 2073 2486 dere,
2111 2421 2204 2475 sed
2229 2421 2358 2475 illud
2397 2424 2581 2478 statim
2612 2428 2731 2496 cogi
2770 2443 3042 2483 evomere.

1997 2690 2134 2746 Cum
2184 2693 2264 2749 sie
2314 2695 2495 2764 itaque
2534 2697 2699 2751 animi
2754 2697 2997 2761 haberet,
3039 2700 3325 2753 consilium
3374 2702 3491 2755 init.

1928 2786 2106 2841 Nolim
2145 2790 2327 2842 dicere
2361 2804 2468 2858 quo
2507 2800 2750 2844 auctore.
2785 2790 2912 2844 Esto
2945 2802 2996 2844 ut
3019 2794 3137 2860 ejus
3160 2796 3492 2847 auctoram-

1926 2881 2082 2935 bolus
2134 2878 2316 2943 fuerit,
2353 2896 2512 2949 quem
2573 2880 2776 2935 furebat
2819 2892 3035 2951 pectore
3071 2901 3084 2937 :
3124 2895 3179 2937 nt
3238 2886 3493 2939 nimirum

1926 2987 2025 3025 nos
2092 2981 2371 3040 totamque
2400 2983 2641 3027 nostram
2684 2976 2904 3044 stirpem
2956 2977 3179 3037 deleret,
3228 2978 3495 3045 simulque

1924 3079 2142 3130 omnes,
2197 3066 2289 3134 qui
2323 3064 2565 3117 fidelium
2620 3068 2783 3120 rebus
2827 3077 3148 3136 prmessent,
3195 3068 3492 3122 occideret.

1925 3155 2041 3210 Jam
2074 3159 2218 3212 enim
2254 3158 2379 3210 olim
2416 3158 2486 3210 ita
2516 3158 2699 3211 animo
2735 3159 2958 3222 habens,
2997 3160 3316 3228 patrandum
3364 3168 3493 3212 lune

240 3253 378 3317 ἄγος
402 3270 417 3284 ·
459 3252 525 3304 ἶν’
553 3254 627 3316 ὡς
663 3255 889 3323 ἔφασκε,
934 3259 1027 3312 τὸν
1065 3260 1242 3331 χῶρον
1272 3264 1437 3317 αὐτοῦ
1479 3267 1823 3338 καθάραντος
1850 3286 1892 3344 ο

1850 3286 1892 3344 C
1929 3250 2139 3304 facinus
2189 3252 2421 3318 putavit;
2479 3261 2534 3305 ut
2581 3252 2868 3315 nimirum,
2915 3253 3178 3305 mundata
3200 3254 3265 3305 ab
3318 3254 3493 3325 spinis

241 3339 311 3387 bc
365 3339 474 3390 τῶν
527 3340 801 3405 ἀκανθῶν,
832 3346 982 3413 ἡμᾶς
1021 3346 1084 3417 δὴ
1133 3348 1329 3416 λέγων,
1362 3352 1454 3424 ἐξῇ
1504 3360 1617 3419 τοῖς
1663 3359 1818 3412 τοῦδε

241 3429 406 3479 παισὶ
454 3428 526 3498 μὴ
570 3432 697 3493 τοὺς
735 3432 902 3496 πόδας
938 3437 1121 3492 αὐτῶν
1156 3442 1471 3510 αἱμάττειν,
1507 3449 1565 3499 ὲν
1590 3448 1667 3518 τῷ
1708 3451 1817 3503 τῶν

240 3518 593 3586 Χριστιανῶν
648 3527 1063 3593 κατορχεῖσθαι.
1128 3532 1370 3597 Ἐκεῖνος
1428 3537 1528 3605 μὲν
1587 3541 1818 3595 τοιαῦτα

239 3611 593 3665 ἐϐουλεύετο·
619 3615 696 3683 τῷ
729 3616 773 3667 δ’
804 3619 1043 3687 ἀληθινῷ
1077 3622 1309 3695 δεσπότῃ
1342 3629 1432 3677 καὶ
1462 3630 1523 3680 ού
1560 3632 1818 3702 μισθωτῷ

242 3705 469 3772 ποιμένι
503 3707 563 3757 ού
601 3709 772 3760 ταῦτα
804 3714 1065 3781 περὶτῶν
1098 3718 1388 3786 προϐάτων
1412 3724 1611 3779 ἐδόκει.
1642 3726 1819 3779 Ἐκεῖ-

242 3815 338 3858 νος
390 3799 490 3863 μὲν
529 3802 636 3869 γὰρ
672 3803 750 3872 τῷ
793 3808 1106 3876 στρατηγῷ,
1138 3811 1395 3881 εὐνοῦχος
1436 3815 1481 3866 δ’
1522 3811 1675 3881 οὗτος
1726 3816 1815 3889 ἦν,

242 3890 615 3956 προσέταττεν
661 3894 811 3961 ἡμᾶς
856 3897 1068 3951 ἀνελεῖν
1112 3901 1366 3973 νύκτωρ,
1417 3911 1509 3959 καὶ
1555 3912 1817 3979 μηδαμῶς

238 3981 420 4044 ἄλλως
449 3984 658 4051 πρᾶξαι
741 3988 790 4039 εί
820 3987 876 4040 δι
925 3991 1025 4058 μὴ,
1054 3992 1355 4066 ἠπείλησεν
1387 3999 1537 4070 αὐτῷ
1584 4000 1817 4058 θανάτου

238 4076 518 4145 τιμήσειν.
566 4079 706 4130 Ἀλλ’
744 4082 771 4132 ό
813 4081 946 4144 Θεὸς
999 4086 1297 4142 ἐπέταττεν
1348 4090 1496 4161 αὐτῷ
1551 4094 1819 4163 μηδαμῶς

236 4166 406 4221 τοῦτο
460 4168 686 4239 πρᾶξαι.
738 4170 846 4225 Καὶ
896 4174 1145 4243 γέγονεν,
1198 4174 1373 4248 οἶμαι,
1430 4185 1819 4252 παραπλήσιον

234 4259 320 4327 τῷ
361 4275 492 4313 ποτε
544 4260 680 4331 ὑπὲρ
710 4263 805 4331 τῆς
856 4264 1075 4336 Σάρῤας
1104 4270 1477 4342 γεγενημένῳ.
1514 4275 1579 4327 Ὀ
1613 4274 1676 4345 δὴ
1710 4293 1818 4346 μα-

236 4352 355 4404 θὼν
383 4354 410 4405 ό
449 4357 668 4422 φονεὺς,
702 4356 823 4409 ἀντὶ
855 4358 951 4409 τοῦ
983 4360 1173 4422 κακῶς
1225 4363 1451 4433 ποιῆσαι
1498 4365 1588 4419 τὸν
1640 4371 1820 4439 παρή-

235 4460 397 4504 nam,
431 4444 459 4495 ό
487 4443 542 4497 δὶ
590 4444 740 4513 αύτῷ
772 4448 866 4498 καὶ
898 4447 1126 4517 χάριτας
1155 4448 1428 4518 ὡμολόγει
1471 4454 1570 4522 τῆς
1605 4454 1820 4523 ἀγαθῆς

240 4534 586 4602 μελλήσεως,
620 4535 868 4603 φάσκων,
900 4535 977 4599 ὡς
1008 4536 1172 4601 εὐθὺς
1212 4539 1403 4606 εἰπὼν,
1450 4542 1664 4612 σφοδρῷ
1709 4562 1818 4598 τινι

1925 3342 2145 3407 regione
2167 3342 2288 3405 (nos
2316 3343 2504 3410 spinas
2530 3344 2880 3411 intelligens).
2912 3345 3032 3412 ejus
3064 3344 3495 3397 tiliisincruento

1925 3433 2062 3500 pede
2115 3432 2557 3485 Christianorum
2611 3434 2729 3486 solo
2781 3434 2981 3485 saltare
3030 3435 3232 3487 liceret.
3296 3436 3372 3486 Ae.
3407 3436 3494 3488 ille

1921 3522 2139 3591 quidem
2196 3523 2482 3575 consilium
2557 3522 2658 3575 hoc
2738 3524 2975 3585 agitabat
3026 3542 3040 3590 ;
3092 3541 3255 3578 verus
3314 3537 3491 3578 autem

1922 3613 2209 3674 Dominus,
2255 3614 2495 3680 nihilque
2553 3620 2927 3671 mercenarius
2983 3630 3186 3684 pastor,
3241 3623 3496 3671 secusdc:

1924 3707 2080 3759 nobis
2114 3707 2461 3759 decernebat.
2496 3704 2670 3760 Jussit
2708 3723 2869 3775 porro
2897 3708 3022 3761 duci
3061 3710 3353 3774 exercitus,
3400 3714 3494 3777 qui

1922 3799 2210 3851 eunuchus
2240 3807 2381 3861 erat,
2422 3810 2478 3851 ut
2510 3814 2612 3851 nos
2638 3808 2797 3851 noctu
2845 3801 3195 3864 interﬁceret,
3229 3817 3329 3854 nec
3388 3804 3497 3855 ullo

1924 3890 2085 3942 modo
2115 3904 2226 3942 rem
2267 3891 2544 3943 omitteret
2575 3909 2586 3942 :
2616 3892 2702 3943 sin
2737 3902 2941 3954 autem,
2994 3893 3359 3948 comminatus
3412 3908 3495 3947 est

1922 3984 2056 4045 fore,
2088 3992 2143 4036 ut
2177 3982 2294 4051 ejus
2320 3982 2479 4052 capiti
2532 3992 2725 4039 staret.
2786 3982 2987 4038 Verum
3024 3988 3280 4055 praecepit
3329 3985 3489 4046 Deus.

1922 4089 1980 4131 ut
2009 4093 2077 4131 ne
2108 4076 2334 4138 faceret,
2361 4077 2666 4147 acciditque
2721 4092 2827 4131 non
2870 4079 3120 4133 nbsimile
3154 4080 3224 4144 ei,
3253 4082 3394 4149 quod
3441 4084 3491 4136 in

1922 4168 2123 4224 Sarrha
2153 4170 2281 4223 olim
2311 4170 2710 4225 accidisset”.
2736 4170 2802 4226 Ut
2828 4181 3009 4226 autem
3034 4172 3302 4227 homicida
3324 4175 3495 4228 resci-

1921 4264 2020 4326 vit,
2042 4261 2239 4315 ncdum
2266 4262 2586 4315 ministrum
2626 4276 2731 4316 non
2750 4261 2929 4317 aﬂ'ecit
2954 4278 3110 4331 pinna
3138 4267 3229 4334 qui
3269 4280 3372 4319 non
3398 4266 3494 4321 ob-

1923 4362 2143 4408 secutus
2174 4360 2338 4413 esset.
2376 4360 2433 4405 ut
2459 4352 2621 4406 etiam
2652 4352 2908 4407 habuerit
2946 4355 3171 4423 gratias,
3194 4358 3335 4426 quod
3357 4359 3493 4414 bene

1921 4444 2225 4499 distulisset
2255 4460 2269 4497 :
2296 4443 2568 4499 amrinans
2597 4460 2720 4497 mox
2752 4444 2877 4499 data
2910 4449 3203 4509 sententia,
3258 4450 3400 4504 haud
3432 4468 3490 4507 se

1923 4538 2113 4592 leviter
2143 4537 2214 4590 rei
2242 4536 2594 4604 pmnituisse;
2627 4552 2747 4606 qua:
2763 4537 2922 4606 plane
2957 4541 3191 4594 mutatio
3224 4541 3365 4595 haud
3388 4543 3494 4597 alio

234 4626 462 4690 βάλοιτο
502 4627 799 4699 μεταμέλῳ
825 4644 839 4659 ⁸
870 4629 929 4692 ὂς
962 4646 1024 4697 γε
1058 4630 1157 4701 οὐχ
1196 4632 1468 4702 ἑτέρωθεν
1498 4630 1565 4706 ἦν
1594 4636 1625 4706 ἢ
1664 4639 1816 4707 παρά
1850 4624 1891 4678 D

1058 4630 1157 4701 οὐχ
1196 4632 1468 4702 ἑτέρωθεν
1498 4630 1565 4706 ἦν
1594 4636 1625 4706 ἢ
1664 4639 1816 4707 παρά
1850 4624 1891 4678 D
1921 4629 2101 4684 evenit
2122 4645 2281 4699 quam
2316 4627 2424 4683 Deo
2456 4640 2696 4683 auctore.

230 4717 379 4769 Θεοῦ
422 4718 661 4780 πάντως.

312 4806 421 4862 Ἦν
451 4812 609 4863 ταυτί
639 4826 653 4841 ⁶
683 4812 779 4863 καὶ
809 4813 836 4864 ό
868 4812 1062 4881 Αἰθίοψ
1090 4814 1189 4884 τὴν
1236 4814 1417 4885 ψυχὴν
1446 4818 1545 4869 οὐκ
1592 4819 1817 4874 ἐδύνατο

227 4903 338 4969 τὴν
378 4900 641 4970 μελανίαν
670 4901 1039 4972 ἀπονίψασθαι
1066 4908 1081 4923 ⁸
1121 4905 1256 4957 ἀλλά
1295 4906 1514 4975 πρῶτον
1548 4910 1815 4977 ὲξεμέσας

232 4997 337 5063 τὴν
385 4994 580 5063 ὀργὴν,
610 4994 679 5047 δι’
711 4988 787 5047 ὧν
834 4997 915 5057 είς
970 4996 1099 5058 τοὺς
1156 4999 1462 5068 ἡμετέρους
1515 4999 1820 5072 ἐξύϐρισεν,

229 5087 483 5154 ἐκκόψας
518 5088 615 5157 μὲν
639 5086 954 5155 ὀφθαλμοὺς
986 5090 1049 5141 ἐκ
1081 5089 1176 5141 τοῦ
1213 5092 1499 5159 ναυτικοῦ,
1535 5095 1825 5164 ἀποκόψας

230 5181 291 5231 δὲ
329 5181 541 5247 χεῖρας,
596 5180 690 5232 καὶ
735 5179 905 5232 πολλά
953 5198 1065 5234 τισι
1107 5182 1215 5233 τῶν
1251 5184 1307 5234 ὲν
1349 5185 1495 5235 τέλει
1527 5187 1826 5257 ἐπαγαγὼν

232 5274 321 5334 εἰς
376 5271 660 5341 αἰσχύνην.
696 5275 792 5327 καὶ
845 5273 1019 5347 ταύτῃ
1070 5276 1161 5327 τδν
1218 5277 1318 5328 οὐκ
1372 5276 1598 5345 εῦλογον
1651 5280 1825 5349 θυμὸν

226 5366 591 5428 ἀναπαύσας,
632 5364 830 5418 ἐπειτά
874 5382 941 5434 με
990 5368 1108 5420 λίαν
1156 5368 1392 5437 εὐήθως,
1420 5369 1480 5420 ὃν
1508 5369 1685 5437 ἠδίκει
1729 5375 1823 5427 κα)⁸

228 5455 552 5525 κατῄσχυνε
606 5456 821 5525 μυρίοις
868 5457 1225 5528 ἀδικήμασιν,
1262 5462 1525 5531 ἐπειρᾶτο
1568 5463 1821 5517 διαλλάτ-

226 5566 375 5609 τειν,
412 5546 607 5615 δώροις
656 5549 999 5617 δεξιούμενός
1053 5568 1112 5603 τε
1172 5553 1267 5604 καὶ
1324 5555 1561 5621 πέμπων
1613 5556 1817 5620 οἴκαδε,

229 5640 433 5708 ὥσπερ
485 5642 535 5692 οί
585 5642 652 5695 τὰ
701 5645 889 5697 παιδία
936 5645 1261 5713 τρωγαλίοις
1312 5647 1650 5718 ἡμεροῦντες
1684 5651 1821 5719 μετὰ

228 5734 337 5793 τὰς
390 5733 610 5802 πληγάς
659 5735 941 5793 κλαίοντα.
986 5736 1046 5789 'U
1096 5738 1363 5808 λογισμὸς
1424 5741 1700 5809 φανερός·
1730 5742 1819 5795 ἵνα

311 5919 383 5948 ⁸³¹
420 5918 534 5971 Gv-n
599 5936 681 5982 ιι,
718 5920 770 5971 ‘2.

1999 4807 2094 4862 llis
2125 4808 2195 4860 ita
2223 4810 2414 4874 gestis,
2472 4806 2603 4858 nihil
2647 4814 2827 4859 tamen
2868 4808 3345 4879 animo‘jEthiops
3409 4813 3494 4865 iii-

1928 4900 2203 4969 gredinem
2241 4897 2422 4951 eluere
2464 4900 2641 4965 potuit
2668 4916 2680 4950 :
2710 4916 2895 4953 verum
2934 4900 3024 4954 ubi
3071 4905 3305 4970 primum
3359 4906 3492 4957 iram

1925 4992 2278 5057 evomuisset,
2312 4992 2675 5060 gravibusque
2705 4993 2918 5061 injuriis
2946 4995 3217 5062 pulsasset
3247 5008 3489 5061 nostros,

1928 5085 2204 5139 nonnullis
2230 5084 2640 5137 classiariorum
2680 5084 2954 5137 eﬂodisset
2983 5088 3194 5147 oculos,
3215 5103 3277 5140 ac
3296 5104 3490 5143 manus

1925 5186 2283 5245 amputasset,
2324 5170 2565 5244 virisque
2599 5177 2959 5244 optimatibus
2987 5179 3157 5232 multa
3189 5180 3494 5249 irrogasset

1926 5270 2144 5340 probra,
2168 5270 2315 5323 velut
2336 5285 2398 5323 ea
2431 5269 2668 5321 vindicta
2697 5269 2937 5322 alienum
2967 5274 3223 5324 aratione
3248 5274 3489 5326 furorem

1930 5365 2199 5427 sedasset,
2231 5364 2400 5416 stulte
2451 5363 2745 5415 admodum
2786 5372 2971 5431 postea
2996 5402 3009 5424 ,
3036 5378 3197 5431 quem
3258 5375 3339 5417 tot
3373 5382 3492 5418 ino-

1930 5458 2014 5511 dis
2048 5457 2277 5510 laesisset
2305 5470 2367 5508 ac
2405 5453 2764 5515 confudisset,
2815 5453 3109 5508 conciliare
3161 5456 3489 5519 enitebatur,

1930 5549 2253 5602 muneribus
2287 5546 2571 5601 delinitnm
2621 5560 2683 5598 ac
2716 5546 2998 5613 donatum,
3019 5546 3239 5600 donunn
3301 5552 3490 5601 remit-

1930 5656 2049 5699 tens
2087 5663 2099 5698 :
2134 5654 2391 5712 tanquam
2424 5642 2613 5695 ﬂentes
2643 5640 2767 5709 quis
2804 5655 3003 5709 pueros
3034 5655 3061 5693 a
3099 5642 3285 5710 virgis,
3323 5642 3490 5697 bella—

1928 5740 2023 5793 riis
2055 5740 2251 5809 placet.
2277 5736 2404 5806 Ejus
2430 5749 2596 5805 porro
2628 5734 2847 5789 animus
2878 5734 3020 5788 haud
3054 5736 3325 5791 obscurus
3348 5748 3487 5791 erat.
