4208 6444
230 439 337 504 239

1011 440 1407 499 TlIEODLERI
1456 434 1811 497 DESPOTE
1858 434 2250 494 LAUDATIO
2293 436 2707 499 FUNEBRIS.

3376 445 3487 512 ‘23"

324 550 459 606 Ἀλλ’
524 553 552 604 6
611 545 725 615 νέος
785 552 1071 614 Ὀἰυτσεὺς
1134 552 1371 617 οὑτοσὶν,
1418 553 1446 603 6
1502 548 1665 609 καλός
1724 554 1879 608 σοιΛ

1979 546 2271 609 (Steterunt,
2300 563 2475 602 novus
2525 548 2635 614 hic,
2671 552 2820 606 omni
2854 554 2947 608 tibi
2998 565 3152 625 parte
3213 557 3388 612 bonus
3420 567 3483 612 ac

232 646 411 699 πάντα
463 644 558 697 καὶ
604 645 933 714 εὐμήχανος,
966 644 1179 697 πολλῶν
1234 644 1333 713 μὲν
1370 643 1586 696 πλάνων
1616 641 1807 694 πεπεί-

232 756 394 810 ραται
428 740 523 791 καὶ
574 738 937 791 παντοδαπῶν
965 752 980 767 ⁶
1016 737 1219 806 μᾶλλον
1248 736 1303 789 δὲ
1354 735 1498 788 ἑκὼν
1536 737 1805 805 πεπείρα-

228 846 320 881 ται
373 828 705 881 τῶν¹δεινῶν
762 828 901 895 ὑπὲρ
946 827 1054 878 τῶν
1090 827 1477 895 προσηκόντων
1498 823 1677 877 ἀὑτοῦ
1729 825 1805 894 τῷ

232 924 474 991 σχήματι
534 922 627 974 καὶ
677 923 742 990 τῇ
802 920 951 990 ῥίζῃ.
1006 915 1074 991 ἦς
1123 936 1185 987 γε
1245 920 1431 986 ἐξέφυ.
1472 920 1697 971 Πάντων
1749 918 1804 971 δὲ

228 1014 590 1080 ἀπαλλαγεὶς,
621 1013 716 1065 καὶ
748 1012 1036 1081 σπηλαίου,
1072 1013 1166 1063 καὶ
1217 1010 1505 1079 πορθμῶν,
1540 1012 1632 1063 καὶ
1677 1010 1803 1062 πολ-

230 1105 339 1157 λῶν
387 1105 556 1157 πολλά
593 1105 794 1157 ὑόντων
826 1103 1007 1171 νεφῶν
1034 1120 1195 1155 τινων
1225 1102 1384 1171 δίκην
1405 1102 1470 1155 τὰ
1500 1102 1708 1171 φοϐερά
1746 1117 1804 1153 τε

228 1200 326 1251 καὶ
352 1196 610 1266 δυσχερῆ,
636 1198 729 1248 καὶ
755 1194 865 1265 γὰρ
891 1195 1074 1248 ἑκτέον
1098 1193 1178 1247 ετι
1211 1193 1304 1247 τοῦ
1336 1194 1802 1264 παραδείγματος,

227 1290 422 1358 ἀσινὴς
483 1287 829 1359 παρέπλευσέ
912 1304 974 1339 τε
1049 1288 1143 1339 καὶ
1221 1286 1567 1357 παρελήλυθε
1626 1286 1804 1347 πάσας

227 1379 449 1447 κῆρας·
498 1380 592 1432 καὶ
631 1377 872 1447 γεγονώς
918 1396 1049 1431 ποτε
1098 1380 1262 1439 οῐκοι.
1302 1372 1429 1445 εὗρε
1488 1378 1805 1445 Πηνελόπην

228 1470 329 1537 τὴν
377 1469 800 1535 Πελοπόννησον,
849 1470 1083 1538 ἄμωμον
1124 1470 1294 1531 αὑτὴν
1348 1469 1496 1537 αὖτῷ
1547 1470 1807 1539 διατηρή-

214 1577 404 1619 σασαν
455 1561 722 1630 ἀκριϐῶς,
754 1563 852 1614 οὑκ
908 1562 1317 1627 ὲξαναλύουσαν
1377 1563 1467 1614 τὸν
1517 1562 1807 1625 ίστδν,καὶ

226 1638 478 1706 διδοῦσαν
518 1652 642 1715 τοὺς
695 1654 1005 1722 πειρῶντας
1056 1652 1323 1718 ἐλπίζειν,
1362 1652 1499 1705 ἀλλά
1555 1653 1804 1722 φανερῶς

226 1747 425 1807 αὑτοὺς
477 1746 929 1814 ἀποτρέπουσανο
981 1744 1010 1798 δ
1059 1744 1123 1814 δὴ
1171 1744 1266 1798 τοῦ
1322 1745 1589 1815 προτέρου
1625 1745 1804 1810 πολλῷ

227 1839 453 1906 προέχει
483 1878 498 1901 ,
544 1838 638 1889 καὶ
684 1837 923 1908 τοσούτῳ
968 1854 1031 1904 γε
1078 1838 1452 1907 ὑπερήλασεν,
1508 1840 1617 1903 ὅσῳ
1671 1838 1804 1908 μηδὲ

225 1929 373 1998 λόγῳ
406 1928 552 1992 δόξαι
577 1929 674 1999 τὴν
708 1928 1065 1998 σωφροσύνην
1098 1928 1328 1999 μολῦναι
1357 1944 1373 1960 ο
1409 1930 1437 1981 ὅ
1467 1945 1531 1996 γε
1560 1929 1803 1999 ζητήσας

226 2022 290 2073 ὲν
321 2019 399 2090 τῷ
448 2020 717 2090 προτέρῳ,
744 2023 844 2073 οὑκ
878 2021 945 2073 ἂν
997 2021 1199 2091 εὕροις.
1248 2021 1338 2085 Ὠς
1387 2023 1497 2089 γὰρ
1541 2023 1800 2093 ἐοικεν,ή

227 2115 516 2182 φρόνησις,
550 2115 649 2165 οὑκ
687 2112 1139 2182 ἀπαγορεύσασα.
1167 2112 1382 2167 ἅπαντα
1428 2115 1628 2185 ῥᾳδίως
1677 2117 1803 2169 ἀνύ-

229 2222 315 2257 σει
339 2220 357 2238 ο
390 2209 604 2257 πάντων
630 2207 739 2275 γάρ
768 2208 917 2257 ἐστιν
953 2208 981 2258 6
1006 2206 1159 2272 λόγος
1192 2208 1675 2278 ὲπικρατέστερος.

314 2297 375 2349 '0
408 2298 589 2349 τοίνυν
623 2282 835 2365 ἁγαθός
855 2314 935 2350 σοι
979 2297 1269 2365 δεσπότης,
1304 2299 1443 2368 μήτε
1474 2302 1802 2369 τραχυνθεὶς

228 2390 366 2455 πρὸς
413 2390 511 2451 τὰς
540 2391 888 2459 ἀπαιτήσεις,
921 2388 1089 2453 οὔσας
1135 2406 1199 2458 γε
1251 2393 1507 2444 τοσοῦτον
1538 2392 1804 2446 ἀδικωτά-

227 2498 350 2540 τας.
380 2482 504 2533 ὅσον
525 2483 553 2533 6
584 2480 788 2543 ταύτας
811 2482 1056 2534 ἁπαιτῶν
1084 2481 1416 2545 ἀδικώτατος
1440 2499 1456 2516 ο
1493 2476 1554 2535 iis
1590 2485 1647 2537 δὲ
1675 2485 1804 2537 ταὺ-

228 2589 331 2636 τας
373 2574 605 2636 πυκνὰς,
635 2572 729 2626 καὶ
777 2573 1022 2643 ἐῴκεσαν
1058 2574 1244 2640 νιφάσι
1296 2576 1610 2645 χειμερινοῦ
1660 2594 1803 2639 τινος

228 2666 309 2727 ὡς
357 2667 421 2717 ἐκ
456 2668 671 2733 νέφους,
717 2667 856 2737 μήτε
889 2670 1027 2737 πρὸς
1075 2668 1173 2731 τὰς
1219 2668 1446 2730 ἀπειλὰς
1502 2668 1798 2739 φοϐηθείς⁶

228 2751 374 2825 ἦσαν
407 2757 461 2810 δὲ
499 2759 608 2809 αίεί
652 2775 706 2810 τι
757 2759 977 2828 χείρους
1023 2759 1118 2812 καὶ
1146 2739 1485 2828 ’ἀγριώτεραι
1520 2760 1575 2811 αἱ
1605 2760 1801 2812 νεώτε-

232 2866 330 2917 ραι
379 2850 473 2901 καὶ
514 2850 767 2919 δεύτεραι
796 2851 906 2902 τῶν
953 2851 1342 2921 πρεσϐυτέρων
1383 2870 1442 2903 τε
1476 2854 1569 2905 καὶ
1606 2854 1802 2922 προτέ-

230 2957 349 3009 ρων
374 2958 386 2970 ·
424 2941 587 3008 μηδὲν
611 2942 991 3009 γοῦνεστυφδν.
1032 2942 1165 3011 μηδὲ
1196 2943 1393 3012 τραχὺ,
1427 2944 1552 3013 μηδ’
1589 2944 1803 2997 ἀντίτυ-

233 3048 361 3097 πον,
414 3032 537 3101 μηδ’
586 3030 743 3095 αὖθις
772 3033 1146 3102 ἀνελεύθερον,
1192 3036 1325 3104 μηδὲ
1361 3036 1627 3103 μαλακὸν,
1668 3038 1801 3106 μηδὲ

228 3121 546 3193 ἔκλυτον,ἣ
601 3123 851 3176 ὁπωσοῦν
884 3125 1299 3193 ἐνδειξάμενος,
1349 3126 1380 3196 ἦ
1432 3127 1489 3178 τὸ
1539 3130 1800 3193 παράπαν

229 3215 607 3283 φθεγξάμενος
629 3231 642 3245 ·
676 3216 769 3268 καὶ
800 3216 1099 3287 συλλήϐδην
1132 3235 1194 3285 γε
1228 3221 1423 3280 εἰπεῖν,
1460 3220 1625 3289 μηδὲν
1659 3222 1796 3290 ἀπᾷ-
1835 3221 1875 3277 C

1912 3208 2140 3277 tempori
2168 3226 2469 3284 congruum

228 3306 324 3358 δον
369 3306 462 3358 τοῦ
513 3297 744 3375 ιὲαιροῦσ
778 3307 914 3361 ἀλλὰ
951 3308 1069 3377 μετ’
1116 3309 1283 3361 αὑτοῦ
1336 3311 1512 3363 πάντα
1561 3312 1799 3381 πράξας,

228 3398 333 3449 καὶ
358 3398 537 3450 αὑτῶν
562 3400 861 3466 παιδαρίων
886 3402 1250 3470 ἀφελέστερον
1282 3403 1534 3469 ἀπέδειξε
1568 3405 1659 3457 τὸν
1712 3408 1804 3458 ἴσα

230 3492 331 3541 καὶ
362 3491 510 3542 παιδὶ
546 3490 764 3561 σμικρῷ
803 3493 859 3558 ἐξ
891 3493 1165 3557 ἀναιδείας
1199 3495 1280 3556 είς
1316 3494 1478 3546 αὑτὸν
1514 3495 1799 3557 παίζοντα.

232 3579 451 3649 Χρῆται
480 3581 536 3633 δὲ
563 3577 664 3635 ὦδε
799 3584 1063 3653 φρονήσει
1090 3600 1104 3615 ·
1149 3582 1275 3637 οὔτε
1322 3560 1602 3649 παντελῶς
1645 3587 1805 3638 ἀπει-

232 3676 325 3727 οεῖ
372 3676 533 3745 μέχρι
562 3675 770 3741 τέλους,
804 3676 832 3729 δ
882 3679 990 3739 πᾶς
1044 3695 1126 3741 τις
1169 3676 1237 3731 ἂν
1290 3678 1493 3730 ἔπαθεν
1544 3680 1804 3743 επιεικῶς

230 3769 550 3835 ἀπογνούςσ
592 3766 706 3821 οὔτ’
754 3767 821 3822 αὖ
875 3769 1191 3823 ὑπενδίδωσι
1239 3770 1337 3840 τήν
1384 3771 1685 3841 ταχίστην·
1731 3771 1805 3835 ὡς

234 3865 380 3934 μήτε
418 3866 483 3933 τῇ
516 3864 787 3934 ὑπερϐολῇ
837 3864 936 3933 τῆς
980 3867 1285 3930 ένστάσεως
1314 3866 1374 3919 τὸ
1406 3867 1585 3937 ὀργῶν
1619 3885 1677 3920 τε
1711 3870 1805 3921 καὶ

230 3958 572 4025 φλεγμαῖνον
628 3952 1084 4028 προσπαροξύνῃ,
1122 3959 1260 4027 μήτε
1304 3958 1382 4029 τῷ
1416 3960 1613 4031 ῥᾳδίως
1666 3960 1807 4012 οὑτω

232 4050 457 4116 ὑφεῖναι
501 4048 762 4119 παράσχῃ
810 4049 1030 4112 δικαίως
1065 4052 1317 4104 ὑπονοεῖν
1348 4052 1438 4104 τὸν
1485 4052 1699 4122 ἐχθρὸν,
1732 4053 1806 4114 ὡς

231 4140 349 4209 ἄρα
393 4158 445 4193 τι
479 4141 841 4210 προκείμενον
884 4142 1043 4210 ἔχων,
1073 4145 1192 4207 ταῖς
1240 4144 1518 4208 εὑκολίαις
1570 4146 1808 4198 κατακέ-

231 4249 463 4301 χρηται,
491 4230 651 4300 ἕτερα
689 4231 788 4301 μὲν
830 4231 1025 4300 λέγων,
1061 4233 1223 4304 ἔτερα
1273 4233 1318 4287 δ’
1360 4236 1438 4287 ὲνὶ
1484 4236 1646 4306 φρεσὶ
1680 4238 1809 4288 κεύ-

232 4326 367 4379 Θων.

312 4416 467 4469 υὺτω
500 4416 576 4486 τῷ
622 4416 697 4485 νῷ
726 4416 1092 4486 χρησάμενος,
1124 4417 1197 4483 ὡς
1232 4418 1330 4470 οὑκ
1356 4419 1421 4471 ἂν
1450 4412 1517 4489 ἦν
1563 4418 1806 4485 κάλλιον,

232 4504 418 4576 οἶμαι,
452 4508 559 4561 οὐδ’
606 4508 796 4572 ἄνντις
842 4509 1001 4567 ἄλλος
1051 4510 1319 4579 ἐκέχρητο
1363 4511 1473 4564 τῶν
1526 4512 1804 4576 ἁπάντων,

230 4598 521 4666 διαφυγὼν
574 4600 771 4669 ιπίσης
820 4600 1167 4669 σκληρότητά
1223 4618 1282 4653 τε
1346 4602 1442 4654 καὶ
1497 4602 1806 4655 τούναντίον

235 4690 617 4760 μαλακότητα,
649 4683 724 4745 ὧν
773 4692 903 4744 ποτὲ
949 4693 1050 4759 μὲν
1089 4693 1339 4764 Θάτερον,
1374 4693 1505 4745 ποτὲ
1551 4694 1607 4746 δὲ
1650 4689 1716 4747 αὑ
1748 4695 1808 4747 τὸ

229 4784 425 4837 λοιπὸν
476 4786 551 4845 ὡς
590 4781 831 4836 ταπολλὰ
881 4786 993 4847 τοῖς
1046 4785 1428 4853 ἀδικουμένοις
1474 4784 1619 4853 φιλεῖ
1668 4802 1807 4853 συμ-

231 4875 483 4928 ϐαίνειν·
517 4877 688 4944 χωρεῖ
710 4877 810 4944 τὴν
842 4876 1014 4945 μέσην
1048 4876 1171 4928 λίαν
1220 4876 1421 4943 σοφῶς,
1457 4878 1551 4929 καὶ
1602 4876 1807 4945 ταύτην

229 4966 459 5034 ὁμαλῶς
495 4966 894 5033 πορευόμενος·
943 4969 1145 5036 ήμεροῖ
1183 4968 1276 5019 τὸν
1329 4968 1600 5037 δράκοντα
1647 4968 1807 5029 τέως.

230 5059 285 5108 εί
337 5058 433 5107 καὶ
478 5054 553 5125 μὴ
580 5056 810 5107 ἐπιπολὺ
838 5058 900 5108 τὸ
941 5057 1115 5126 πρᾶον
1146 5057 1410 5122 ἐπιδεῖξαι
1450 5052 1560 5119 οἷός
1589 5074 1648 5108 τε
1684 5058 1807 5123 ἐγε-

232 5148 410 5215 γόνει.
439 5144 578 5208 Τοὺς
623 5142 718 5199 οὖν
751 5147 912 5199 αὑτὸν
948 5148 1317 5216 φυλάττοντας
1366 5147 1555 5217 ὥσπερ
1587 5148 1806 5217 χειροή-

230 5240 351 5299 θεις
381 5236 510 5305 τῇδε
546 5236 801 5304 ποιήσας,
830 5236 941 5288 δεῖν
969 5236 1120 5306 ᾠήθη
1156 5236 1345 5304 καιρὸν
1372 5231 1513 5287 εἶναι
1549 5237 1579 5308 ἢ
1611 5235 1803 5287 τεθνά-

228 5347 349 5389 ναι,
382 5326 415 5395 ῆ
452 5326 771 5393 ἀποδρᾶναι.
812 5327 1081 5395 Τυγχάνει
1138 5326 1194 5378 δὲ
1220 5326 1332 5379 ⁸τοῦ
1371 5327 1646 5395 δευτέρου,
1678 5326 1749 5389 ὠς
1779 5326 1807 5377 6

225 5420 396 5484 λόγος
435 5418 640 5486 προῖὼν
675 5418 855 5482 δείξει.
892 5420 1103 5487 Πέμπει
1133 5421 1241 5489 γὰρ
1273 5420 1568 5481 ἐπιστολὰς
1597 5418 1801 5482 οἶκαδε,

228 5512 358 5572 ob;
392 5512 438 5561 οί
474 5510 905 5578 προστάττοντες
935 5511 1253 5575 ἐϐούλοντο·
1288 5512 1399 5572 τοῖς
1436 5509 1492 5561 δὲ
1526 5512 1677 5578 παρὰ
1713 5511 1804 5561 τοῦ

232 5602 524 5669 σατράπου
559 5601 1081 5669 πεμφθεῖσινιῶστε
1117 5603 1182 5655 τὰ
1218 5602 1452 5671 φρούρια
1484 5602 1669 5653 λαϐεῖν
1715 5603 1808 5653 καὶ

231 5696 339 5761 τὴν
396 5692 797 5762 Ἀγαμέμνονός
848 5710 976 5744 ποτε
1031 5694 1203 5758 πόλιν,
1247 5692 1624 5761 συνεκπέμπει
1682 5693 1807 5754 τοὺς

232 5786 425 5845 αὑτοῖς
468 5784 896 5855 ὲγχειριοῦντας,
917 5785 990 5847 ὡς
1018 5784 1184 5849 ᾤοντό
1208 5801 1293 5851 γε,
1330 5784 1429 5847 τὰς
1460 5782 1802 5851 ἀκροπόλεις.

235 5876 305 5926 Οἱ
342 5874 417 5938 δὲ,
451 5877 613 5945 σχολῇ
669 5875 994 5945 βαδίζοντες,
1024 5874 1164 5928 οὕτω
1210 5872 1317 5941 γὰρ
1354 5869 1419 5944 ἦν
1472 5875 1654 5934 αὐτοῖς
1685 5871 1807 5922 ἐπι-

1908 637 2083 693 solcrs
2139 637 2394 710 Ulysses,
2462 644 2662 699 multos
2722 648 2838 713 ipse
2894 663 2957 700 ac
3025 651 3203 702 omnis
3265 652 3483 721 generis

1907 729 2225 784 seductores
2265 743 2547 799 expertus,
2612 750 2820 805 suaque
2877 739 3015 792 adeo
3072 751 3267 809 sponte
3325 742 3482 795 malis

1906 819 2221 884 defunctus,
2257 836 2354 889 pro
2385 824 2470 885 iis,
2512 827 2602 890 qui
2638 826 2753 893 ejus
2782 845 3100 898 personam,
3136 848 3199 886 ac
3240 834 3481 887 radicem

1908 927 2014 976 qua
2039 924 2182 966 esset
2203 924 2378 977 ortus,
2400 916 2803 986 contingerent,
2824 923 2889 974 ab
2920 925 3178 977 omnibus
3199 924 3479 979 liberatus.

1907 1005 1975 1055 ab
2034 1006 2315 1072 spelunca,
2370 1007 2606 1073 afretis,
2662 1011 2974 1080 tnttltisqua:
3033 1016 3258 1069 nubium
3332 1034 3483 1071 more

1910 1096 2182 1150 tremenda
2218 1099 2381 1150 multa
2424 1114 2489 1153 ac
2553 1100 2780 1155 molesta
2820 1103 3206 1171 depluentibus
3277 1106 3481 1173 (adhuc

1906 1184 2104 1254 quippe
2140 1190 2450 1242 haerendum
2473 1195 2770 1260 exemplo),
2832 1192 3125 1249 incolumis
3182 1208 3486 1265 praeterna-

1907 1279 2133 1345 vigavit,
2179 1292 2479 1346 omnesque
2512 1290 2932 1352 praetergressus
2992 1300 3186 1351 noxas,
3261 1290 3478 1341 tandem

1906 1368 2201 1435 aliquando
2232 1370 2453 1424 domum
2517 1388 2798 1435 reversus,
2836 1374 3158 1444 Penelopem
3212 1377 3419 1432 invenit
3463 1396 3480 1433 :

1907 1458 2374 1527 Peloponnesum,
2410 1462 2658 1531 inquam,
2681 1465 2729 1518 ei
2748 1481 2807 1519 se
2842 1468 3330 1521 incontatniuatant
3358 1472 3484 1523 dili-

1910 1560 2104 1618 genter
2138 1562 2476 1615 servantem,
2511 1569 2619 1607 non
2651 1557 2871 1624 quidem
2909 1568 3243 1613 retexentetn
3318 1562 3484 1615 telam

1909 1658 2208 1713 procosque
2249 1655 2521 1700 tentantes
2581 1662 2674 1715 spe
2700 1648 2951 1711 alentem,
3005 1652 3097 1704 sed
3157 1666 3252 1705 eos
3305 1654 3482 1720 palam

1910 1736 2281 1802 repudiantem
2318 1752 2332 1799 ;
2371 1737 2517 1803 quod
2556 1739 2714 1807 longe
2748 1742 3107 1807 praestantius
3145 1752 3250 1805 est,
3298 1755 3482 1798 tauto-

1908 1842 2015 1892 que
2048 1825 2123 1877 illi
2154 1828 2454 1892 antecellit,
2517 1840 2725 1897 quanto
2784 1848 2848 1884 ne
2891 1833 3058 1885 verbo
3102 1834 3321 1902 quidem
3365 1837 3480 1888 visa

1908 1924 1990 1969 est
2030 1917 2333 1969 castitatem
2387 1918 2653 1987 polluere,
2705 1922 2851 1990 quod
2906 1922 3111 1977 fruStra
3146 1925 3395 1993 requiras
3427 1926 3479 1979 in

1908 2007 2191 2075 Penelope.
2218 2006 2333 2061 Nott
2387 2010 2594 2064 defui-ta
2628 2014 2770 2064 euiut
2837 2025 3206 2084 constansque
3243 2018 3481 2085 pruden-

1908 2100 1974 2151 tiu
2018 2103 2197 2153 omnia
2247 2101 2405 2154 facile
2476 2101 2768 2157 confecerit
2810 2143 2825 2167 ,
2883 2106 3087 2175 quippe
3161 2123 3283 2159 cum
3341 2117 3481 2160 ratio

1906 2194 2181 2248 universis
2219 2196 2473 2261 superior
2496 2198 2588 2249 sit.

1976 2282 2093 2337 Tibi
2129 2286 2311 2353 itaque
2343 2287 2519 2340 bonus
2570 2290 2817 2357 dcspota,
2853 2306 2951 2344 nec
2987 2306 3086 2360 pro
3118 2293 3481 2361 petitionibus

1906 2389 2282 2445 exasperatus,
2321 2394 2638 2447 quanquam
2677 2394 2838 2436 erant
2885 2392 3037 2438 tanto
3100 2386 3478 2451 injustissime

1906 2478 2110 2537 quanto
2132 2469 2365 2523 offerens
2393 2471 2791 2540 iujustissimus
2813 2487 2965 2543 erat;
2995 2492 3157 2547 porro
3186 2479 3475 2533 confertim

1906 2559 2252 2629 depluebant,
2277 2563 2606 2617 uivisinstar
2627 2567 2694 2618 ab
2728 2568 2954 2621 hiberna
2989 2572 3131 2624 nube
3168 2573 3323 2640 capia
3366 2574 3484 2641 git--

1906 2654 2188 2716 merantis,
2221 2668 2312 2708 seu
2347 2672 2520 2724 neque
2554 2658 2714 2712 minis
2748 2662 3069 2728 perterritus
3106 2677 3121 2716 :
3154 2674 3308 2716 erant
3350 2678 3481 2715 vero

1905 2764 2119 2815 semper
2144 2764 2294 2803 novae
2333 2764 2392 2802 ac
2409 2754 3376 2825 posteriores,partealiquaautiqnis
3414 2773 3478 2809 nt:

1905 2840 2174 2906 prioribus
2194 2842 2492 2895 deteriores
2532 2834 3254 2916 truculetttioresque:nihil
3293 2852 3482 2902 acrius

1906 2934 2245 3001 asperiusve,
2290 2946 2384 2987 aut
2417 2936 2633 3010 durius,
2670 2938 2912 3007 nihilque
2942 2956 3135 2995 rursus
3187 2942 3473 2999 illiberale.

1908 3037 2001 3078 aut
2043 3027 2223 3090 molle,
2260 3029 2439 3081 ttllore
2477 3032 2639 3082 modo
2670 3032 2995 3084 dissttlulum
3031 3033 3287 3100 prodens,
3313 3046 3480 3088 autve

1908 3117 2130 3169 omnino
2165 3119 2390 3185 loquens
2422 3137 2434 3171 :
2474 3130 2641 3187 utque
2680 3121 2842 3173 verbo
2874 3122 3076 3187 dicam,
3137 3124 3269 3176 nihil
3302 3126 3485 3178 minus

2515 3231 2527 3265 :
2567 3212 2697 3280 qttiu
2736 3209 3043 3281 Oppertune
3068 3216 3252 3269 omnia
3276 3232 3482 3285 gerens

1909 3302 2090 3369 pueris
2129 3303 2261 3370 ipsis
2310 3304 2700 3369 simpliciorem
2760 3321 2883 3358 eunt
2942 3308 3207 3371 ostendit,
3258 3309 3349 3376 qui
3384 3326 3481 3375 per

1906 3392 2289 3460 impudentiam
2334 3394 2472 3447 haud
2492 3395 2539 3447 ei
2571 3395 2728 3449 aliter
2762 3412 2822 3449 ac
2842 3398 3067 3463 puerulo
3104 3408 3319 3467 putaret
3352 3402 3479 3453 illu—

1905 3486 2167 3537 deutlum.
2192 3484 2287 3539 llic
2308 3486 2493 3555 itaque
2514 3488 2857 3556 prudentiam
2883 3489 3103 3544 adhibet
3134 3508 3147 3544 :
3172 3508 3342 3561 neque
3363 3508 3487 3544 ont—

1906 3577 2102 3629 ttinoin
2126 3577 2281 3629 linem
2300 3594 2472 3647 usque
2488 3580 2834 3647 renuit,quod
2857 3581 3085 3651 quisque
3112 3584 3296 3637 animo
3331 3586 3483 3639 defe—

1908 3684 2029 3723 c.ns
2055 3685 2249 3737 passus
2286 3681 2426 3724 esset
2455 3687 2471 3724 :
2502 3688 2600 3726 nec
2647 3674 2832 3727 statim
2864 3672 2955 3726 dat
2980 3689 3195 3738 manus,
3224 3688 3275 3728 ttt
3305 3693 3479 3744 nequo

1908 3762 2074 3815 nimia
2148 3763 2435 3817 renitentia
2492 3775 2763 3819 tumentes
2820 3765 2921 3817 viri
2992 3767 3207 3821 animos
3261 3768 3485 3820 abunde

1910 3866 2131 3909 acueret
2156 3874 2169 3918 ;
2194 3871 2293 3909 nec
2326 3866 2475 3909 tanta
2510 3858 2599 3909 illa
2650 3855 2912 3910 facilitate
2940 3860 3142 3924 justam
3176 3858 3312 3911 hosti
3352 3874 3477 3911 sns-

1911 3948 2177 4018 picionem
2213 3948 2495 4016 praeberet,
2533 3949 2686 4018 quasi
2729 3948 2914 4003 dolum
2967 3949 3151 4001 animo
3209 3951 3476 4010 eontlens,

1907 4056 1971 4095 ac
2011 4040 2137 4109 quid
2212 4041 2551 4104 tttnchittaus,
2621 4042 2701 4096 sic
2755 4043 2801 4096 ei
2855 4040 3180 4109 indulgeret.
3249 4042 3483 4111 loquens

1909 4130 2073 4195 aliud,
2107 4146 2168 4184 ac
2200 4130 2346 4184 aliud
2376 4132 2649 4199 cogitans.

1984 4386 2137 4443 Ilnne
2168 4385 2254 4442 ille
2284 4387 2505 4441 modum
2563 4389 2786 4443 solertia
2822 4406 2977 4456 usus,
3032 4402 3088 4445 ut
3126 4408 3225 4446 nec
3282 4396 3484 4449 melius

1923 4490 2129 4551 posset,
2156 4496 2254 4534 nec
2301 4482 2443 4534 ullus
2479 4484 2857 4536 universorum
2894 4499 2952 4536 re
2990 4486 3101 4553 ipsa
3139 4501 3269 4539 usets
3309 4497 3485 4551 esset,

1917 4584 1976 4626 ιιι
2008 4573 2233 4642 perinde
2254 4587 2465 4623 morum
2501 4574 2757 4627 duritiem
2790 4590 2852 4627 ac
2903 4585 3241 4628 contrariam
3306 4580 3487 4629 ntuli-

1916 4665 2041 4717 tietn
2058 4673 2295 4727 caveret,
2313 4677 2541 4732 quorum
2564 4664 2883 4733 plerumque
2897 4668 3120 4720 alteram
3145 4670 3488 4737 :tlleratttque

1916 4754 2143 4808 subinde
2171 4754 2567 4824 patiantur,qui
2591 4754 2791 4823 injuria
2821 4755 3153 4820 adiciuntur,
3204 4762 3488 4827 sapienter

1916 4848 2205 4901 admodum
2230 4847 2469 4901 medium
2503 4857 2648 4903 tenet
2674 4849 2801 4912 iter,
2826 4863 2888 4901 ac
2914 4864 2980 4902 eo
2997 4850 3279 4918 aequaliter
3332 4851 3485 4904 inec-

1915 4942 2074 5003 deus,
2105 4943 2397 4995 draconem
2438 4942 2706 4995 hactenus
2732 4942 2797 4994 ad
2834 4942 3113 4994 lenitatem
3150 4942 3432 5010 componit
3466 4960 3485 4995 :

1916 5048 2227 5101 quanquam
2271 5034 2359 5086 ille
2413 5033 2554 5085 haud
2586 5032 2824 5087 eant'din
2859 5034 3117 5086 exhibere
3154 5033 3360 5102 potuit.

1918 5120 2100 5189 itaque
2134 5122 2274 5173 velut
2326 5121 2569 5175 cicurato
2614 5121 2960 5175 custodiente
3005 5123 3190 5181 milite.
3225 5137 3487 5191 opponu-

1918 5227 2047 5265 num
2093 5211 2370 5275 iudicavit,
2429 5220 2523 5265 aut
2582 5222 2812 5266 mortem
2867 5223 3143 5282 oppetere,
3187 5227 3281 5266 aut
3357 5213 3481 5280 fuga

1917 5306 2164 5367 evadere,
2198 5307 2337 5373 quod
2368 5307 2621 5359 ultimum
2656 5307 2871 5368 accidit,
2918 5317 2974 5359 ut
3001 5308 3176 5359 oratio
3223 5306 3483 5371 deiuCeps

1916 5409 2196 5452 ostensum
2227 5410 2327 5452 est.
2356 5398 2713 5467 Mittititaque
2753 5400 2970 5453 domum
3005 5401 3489 5468 epistolas,qualt-s

1919 5492 2189 5545 mittentes
2222 5492 2443 5545 vellent.
2473 5492 2646 5545 Missis
2665 5502 2845 5544 autem
2877 5508 2906 5545 a
2959 5503 3199 5561 satrapa,
3238 5504 3294 5544 ιιι
3340 5509 3480 5560 pra:-

1917 5585 2076 5647 sidia,
2109 5600 2172 5638 ac
2211 5585 2635 5652 Agamemnonis
2667 5584 2867 5638 dictam
2903 5586 3114 5647 urbem,
3151 5588 3483 5653 acciperent,

1915 5687 2010 5730 eos
2039 5676 2286 5744 adjungit
2325 5678 2572 5741 comites,
2616 5677 2707 5744 qui
2750 5693 2935 5731 eorum
3002 5678 3266 5729 sententia
3303 5684 3488 5728 essent

1918 5767 2168 5821 tradituri
2225 5783 2399 5821 arces.
2445 5768 2484 5820 Ii
2519 5778 2700 5822 autem
2767 5780 2927 5837 prout
2978 5768 3283 5836 injunctutn
3343 5777 3484 5826 erat,

1920 5863 2115 5917 lentius
2156 5860 2486 5924 incedentes,
2529 5860 2745 5915 vixdum
2783 5871 2912 5927 puto
2948 5861 3271 5915 Cortttlltttttt
3314 5872 3477 5912 asine-
