4208 6444
191 492 301 553 233

977 470 1374 536 TllEODORl
1424 464 1783 527 DESPUTJS
1823 463 2212 523 LAUDATlO
2256 461 2663 522 FUNEBRIS.

3348 462 3455 525 ΞΜ

194 597 439 667 ἀνδρίας,
494 590 744 661 γέμουσά
785 606 842 641 τε
884 590 1152 647 συνέσεως
1188 585 1280 635 καὶ
1326 581 1633 648 δεξιότητος
1682 579 1766 629 ὃτι

1876 591 1934 627 ae
2002 574 2361 637 fortitudinis,
2432 576 2886 645 prudentiamque
2949 590 3012 631 ac
3076 574 3453 630 dexteritatem

194 691 477 757 πλείστης⁶
516 688 690 738 ἔνεστι
734 682 853 753 μὲν,
886 678 946 731 οὐ
973 676 1246 746 συγχωρεῖ
1278 672 1336 727 δὲ
1368 672 1427 725 τὸ
1459 672 1644 741 σχῆμα
1674 667 1768 721 τοῦ

191 782 381 849 λόγου.

266 917 478 971 Ἐκεῖνο
496 914 553 967 δὲ
576 913 791 974 πάντως
813 908 1009 969 εἰπεῖν,
1028 905 1123 958 καὶ
1144 899 1402 972 ἀποχρῶν
1426 898 1521 952 καὶ
1541 896 1766 959 δίκαιον,

189 1009 358 1061 ἕνεκα
383 1007 633 1060 πάντων·
662 999 821 1055 τοῦτο
851 999 911 1051 τὸ
932 998 1115 1066 ἔργον,
1144 994 1322 1055 καλῶς
1358 992 1455 1060 μὲν
1487 988 1770 1058 καταρχὰς

188 1102 367 1153 διανοτ
386 1098 499 1164 θὲν,
536 1096 757 1150 κάλλιον
808 1093 865 1145 δι
895 1089 1163 1159 πραχθὲν,
1197 1086 1294 1139 καὶ
1335 1085 1506 1152 πέρας
1549 1080 1769 1148 εἰληφὸς

188 1188 276 1241 ὅτι
308 1170 790 1253 κᾶλλιστον,δῆλόν
813 1184 962 1235 ἐστιν
981 1181 1212 1243 ἅπασιν,
1236 1176 1312 1239 ὡς
1339 1175 1439 1227 οὒκ
1464 1175 1590 1226 ἄνευ
1618 1172 1770 1233 θείας

194 1281 380 1351 ῥοπῆς
429 1281 644 1348 γέγονε.
682 1278 755 1331 Τὸ
800 1280 908 1347 γὰρ
958 1275 1023 1343 δὴ
1051 1272 1220 1325 πολλὰ
1267 1268 1769 1336 συνδεδραμηκέναι

191 1374 333 1442 πρὸς
368 1373 424 1424 ἓν
452 1390 505 1424 τι
556 1371 706 1432 τέλος
742 1368 1047 1437 θαυμάσιον
1074 1363 1187 1416 οὔτ’
1215 1361 1562 1429 ἀνθρωπίνης
1604 1359 1769 1411 δυνά-

194 1483 368 1535 μεως,
424 1464 549 1517 οὔτε
584 1464 693 1533 μήν
722 1479 775 1515 τι
836 1460 1153 1527 σύμπτωμα
1200 1456 1259 1520 ἐξ
1312 1452 1621 1521 αὐτομάτου
1677 1451 1772 1503 καὶ

190 1555 390 1625 τύχης.
423 1555 596 1608 Τοῦτο
623 1555 683 1607 τὸ
714 1554 875 1622 ἔργον
899 1551 1172 1619 ἐλευθεροῖ
1195 1549 1293 1615 μὲν
1328 1548 1509 1599 πᾶσαν
1543 1542 1642 1611 τὴν
1672 1543 1772 1594 Πε-

190 1647 527 1715 λοπόννησον
566 1647 662 1710 τῆς
700 1645 1147 1713 προφαινομένης
1177 1638 1422 1699 δουλείας
1447 1654 1459 1667 ·
1498 1635 1771 1703 ἐλευθεροῖ

190 1738 251 1790 δὲ
283 1736 488 1802 Θήϐας,
534 1736 785 1804 Ἀθήνας,
836 1733 1088 1801 Μέγαρα,
1129 1732 1310 1790 πόλεις
1346 1746 1404 1781 τε
1459 1726 1768 1792 Ἑλληνίδας

192 1829 414 1898 ἑτέρας,
442 1820 517 1881 ὧν
542 1830 568 1880 ὁ
596 1828 670 1894 τῷ
697 1826 933 1898 δειπότῃ
963 1822 1231 1893 κηδεστὴς
1260 1822 1442 1891 ἄρχων
1470 1815 1537 1890 ἦν
1585 1817 1772 1870 Ῥανέ-

1875 679 2038 736 quam
2087 666 2381 719 maximam
2430 668 2637 720 habens
2669 669 2960 733 exstiterit,
2998 676 3057 722 ut
3089 670 3266 737 possit
3300 684 3456 723 enar-

1876 759 2007 823 rari,
2044 758 2183 812 haud
2219 768 2401 812 tamen
2432 760 2706 815 orationis
2743 760 2913 830 ﬁgura
2945 762 3275 831 permiserit.

1947 895 2079 949 Illud
2122 897 2403 950 enimvero
2444 897 2591 966 quod
2640 898 2774 953 satis
2818 898 3021 952 habere
3071 899 3341 964 videatur,
3393 914 3460 954 ac

1872 988 2097 1041 omnino
2132 990 2339 1058 justum
2389 991 2461 1045 sit
2497 990 2701 1053 dicere,
2736 1006 2924 1061 operae
2960 992 3194 1059 pretium
3228 993 3403 1046 dicam
3441 1008 3455 1044 :

1873 1080 2050 1148 palam
2082 1083 2335 1135 omnibus
2367 1098 2509 1147 esse,
2550 1083 2687 1136 bene
2716 1100 2745 1137 a
2779 1083 3050 1152 principio
3084 1083 3455 1150 excogitatum

1874 1187 2032 1241 opus,
2054 1174 2356 1243 meliusque
2384 1185 2685 1244 peractum,
2711 1191 2775 1229 ac
2807 1178 2911 1229 line
2936 1177 3198 1231 donatum
3226 1178 3457 1245 optimo,

1874 1281 1983 1318 non
2020 1266 2123 1320 nisi
2162 1266 2350 1321 divina
2398 1267 2651 1321 evenisse
2701 1275 2857 1320 ttttttt.
2898 1266 2966 1321 Ut
3002 1269 3144 1320 enim
3182 1268 3245 1321 ad
3285 1284 3455 1322 unum

1874 1358 2105 1426 aliquem
2131 1358 2437 1412 mirabilem
2463 1358 2625 1413 ﬁnem
2661 1360 2828 1412 multa
2856 1360 3256 1422 concurrerint,
3282 1374 3459 1427 neque

1875 1452 2129 1505 humanae
2174 1456 2244 1506 sit
2276 1452 2516 1518 virtutis,
2548 1468 2725 1519 neque
2754 1468 2941 1507 eorum
2986 1467 3104 1520 quae
3150 1467 3177 1506 a
3225 1466 3356 1504 casu
3393 1466 3459 1504 ac

1875 1540 2092 1593 iortuna
2125 1541 2255 1594 sint.
2298 1537 2371 1595 Ea
2394 1558 2479 1597 res
2528 1542 2839 1597 universam
2875 1543 3090 1610 quidem
3121 1542 3463 1612 Peloponne-

1875 1652 1997 1690 sum
2038 1635 2106 1688 ab
2137 1636 2458 1689 imminente
2487 1637 2754 1691 servitute
2790 1636 3018 1700 liberat;
3058 1637 3297 1691 vindieat
3326 1652 3457 1690 vero

1876 1743 1939 1781 ac
1971 1728 2169 1781 asserit
2203 1728 2463 1794 libertati,
2501 1728 2740 1795 Thebas,
2769 1730 3031 1795 Athenas,
3064 1726 3362 1799 Megaram,
3394 1746 3458 1783 ac

1877 1821 2010 1875 alias
2043 1818 2264 1875 Grecis:
2297 1823 2482 1881 urbes.
2508 1823 2708 1891 quibus
2736 1824 2974 1892 despota:
3012 1839 3178 1892 gener
3208 1819 3473 1876 Raneres

193 1940 300 1989 ρης
333 1921 513 1989 ὄνομα·
538 1921 708 1990 αὐτῷ,
739 1918 997 1986 νουνεχὴς
1036 1914 1175 1983 ἁνήρ
1202 1930 1214 1944 ·
1259 1912 1535 1978 ἐλευθεροί
1568 1908 1626 1963 δὲ
1662 1910 1772 1961 πᾶν

1877 1916 2095 1965 nomine
2143 1912 2244 1981 (l),
2287 1914 2371 1967 vir
2416 1915 2600 1981 utique
2642 1916 2902 1982 prudens.
2964 1917 3250 1983 prmi‘ectus
3288 1925 3407 1985 erat
3443 1931 3454 1965 :

192 2012 333 2081 ἐμοῦ
364 2012 425 2065 τὸ
466 2011 758 2081 Ἰλλυρικὸν
780 2051 795 2073 ,
829 2011 922 2064 καὶ
950 2010 1085 2062 ἄλλα
1124 2025 1188 2075 γε
1221 2007 1390 2060 πολλὰ
1426 2006 1534 2057 τῶν
1568 2003 1771 2074 βαρϐα-

193 2123 312 2173 ρων
350 2104 503 2175 ἔθνη.
533 2106 702 2174 Δῆλον
731 2104 787 2156 δέ
814 2118 831 2135 ’
862 2104 921 2165 ὃς
956 2102 1064 2171 γὰρ
1105 2101 1169 2170 δὴ
1207 2102 1299 2153 τὸν
1332 2099 1559 2166 ἀδελφὸν
1596 2100 1652 2150 ἐν
1683 2113 1771 2165 χε-

196 2200 309 2265 ροῖν
330 2196 495 2268 ἔχων,
521 2198 613 2249 τὸν
630 2196 890 2266 τύραννόν
921 2212 1063 2263 φημι
1081 2195 1316 2260 Πέρσην,
1346 2188 1382 2262 ἦ
1406 2192 1511 2260 μὴν
1544 2190 1770 2258 ὲπώμνυ

191 2294 294 2339 καὶ
332 2288 642 2356 ἰσχυρίζετο
669 2289 806 2357 μετὰ
840 2282 1037 2339 πολλοῦ
1064 2284 1156 2337 τοῦ
1190 2284 1561 2353 φρονήματος,
1597 2279 1771 2350 μηδα-

194 2380 318 2448 μῶς
357 2381 679 2433 ἐπανελθεῖν
708 2381 916 2443 οἶκαδε,
949 2381 1080 2447 πρὶν
1124 2379 1157 2448 ἢ
1191 2376 1560 2447 χειρώσασθαι
1594 2373 1773 2426 πάντα

192 2474 295 2526 καὶ
328 2474 644 2542 διαφθεῖραι
670 2489 685 2504 ο
715 2478 807 2525 καὶ
832 2469 899 2542 ἦν
930 2472 1085 2526 οὐδὲν
1116 2471 1424 2539 ὑπέρογκον
1454 2468 1577 2520 οὐδὲ
1610 2466 1770 2534 χαλε-

193 2568 301 2619 πὸν
350 2567 837 2635 ἀλαζονευόμενος,
905 2566 1023 2618 ἀλλ’
1072 2566 1187 2631 ὅγε
1247 2563 1429 2633 ῥᾴδιον
1470 2554 1536 2628 ἦν
1584 2557 1767 2626 αὐτῷ·

193 2658 426 2728 ὕστερον
466 2663 687 2711 κύπτων
718 2661 797 2721 είς
827 2660 930 2725 γῆν
972 2657 1112 2724 μετὰ
1146 2656 1242 2723 τὴν
1302 2654 1554 2721 πληγὴν,
1590 2650 1772 2721 πλη-,σὴ

190 2750 307 2816 γὰρ
334 2750 597 2817 ἄντικρυς
646 2747 795 2816 αύτῷ
825 2750 859 2817 ἡ
895 2746 1127 2811 ἀδελφοῦ
1164 2744 1258 2797 τοῦ
1298 2743 1431 2810 ἐμοῦ
1467 2741 1770 2809 φυγὴ,οὑὸὲ

190 2841 310 2894 τῶν
360 2842 499 2911 πρὸς
541 2842 703 2909 χάριν
757 2839 827 2892 τὰ
873 2838 1101 2890 τοιαῦτα
1145 2836 1417 2903 λεγόντων
1476 2834 1646 2902 ἡδέως
1695 2831 1771 2883 ἐτ’

190 2934 463 3003 ἤκουσεν,
493 2932 651 2995 εἰδώς
681 2950 745 3001 γε
781 2930 1071 2993 κολακείας
1101 2932 1335 2997 ἐσχάτης
1364 2927 1551 2996 σαφῶς
1582 2927 1643 2977 τὸ.
1672 2924 1771 2994 ρή-

194 3044 366 3095 ματα.

268 3157 576 3227 Τοιγαροῦν
624 3156 875 3226 λαμπρὸς
922 3156 1054 3224 ὑμῖν
1077 3158 1104 3209 ὁ
1134 3156 1401 3224 δεσπότης
1438 3153 1645 3207 πολλῶν
1681 3155 1774 3204 καὶ

1875 2006 2113 2057 vindieat
2137 2006 2368 2073 denique
2392 2016 2563 2059 totum
2590 2007 2888 2077 Illyricum,
2915 2022 3012 2060 nec
3038 2022 3144 2059 non
3171 2010 3305 2060 alias
3335 2009 3457 2076 plu»

1875 2114 1962 2151 res
1991 2108 2176 2167 gentes
2192 2099 2487 2153 Barbaras.
2522 2099 2717 2169 Liquet
2746 2115 2898 2155 vero.
2927 2100 3031 2166 Qui
3062 2102 3207 2156 enim
3241 2104 3462 2155 tenchat

1876 2190 2123 2255 fratrem,
2165 2201 2449 2261 tyrannus,
2483 2192 2733 2262 inquam,
2785 2192 2970 2261 Persa,
3025 2210 3149 2247 cum
3194 2195 3458 2263 jurassct.

1875 2298 1937 2334 ac
1984 2284 2156 2337 multo
2184 2286 2349 2337 animi
2387 2285 2554 2350 fastu,
2602 2289 2824 2340 domum
2858 2302 2916 2341 se
2946 2302 3317 2346 reversurum,
3353 2288 3457 2340 nisi

1876 2377 2181 2445 subjugatis
2229 2379 2485 2432 omnibus
2522 2394 2587 2432 ac
2620 2380 2833 2443 deletis,
2882 2390 3106 2448 negaret
3137 2400 3149 2434 :
3184 2397 3284 2434 nec
3330 2397 3460 2433 vero

1868 2471 2162 2538 jactantem
2199 2479 2354 2535 putes
2380 2470 2584 2537 majora
2610 2486 2773 2540 quam
2802 2486 2903 2540 pro
2921 2472 3195 2536 facultate,
3230 2488 3459 2541 quasque

1876 2576 1981 2613 non
2014 2558 2171 2612 facile
2215 2571 2477 2628 praestare
2513 2569 2699 2629 posset
2754 2561 2865 2624 ille,
2914 2563 3161 2629 inquam,
3210 2572 3457 2631 postmo-

1880 2654 2007 2706 dum
2041 2669 2067 2704 a
2104 2654 2255 2721 plaga
2286 2654 2580 2709 demittens
2616 2655 2825 2711 oculos.
2872 2653 3050 2725 Plagae
3079 2657 3221 2709 enim
3260 2655 3457 2711 simil's

1878 2748 1951 2798 illi
1986 2746 2083 2799 fuit
2116 2746 2300 2800 fratris
2334 2750 2435 2800 tnei
2474 2748 2597 2817 fuga
2630 2764 2643 2801 :
2682 2763 2859 2817 neque
2884 2748 2929 2802 si
2959 2751 3049 2817 qui
3082 2749 3208 2803 talia
3238 2750 3305 2803 ad
3333 2766 3457 2819 gra—

1880 2838 2005 2891 tiam
2056 2839 2435 2907 loquerentur,
2480 2840 2656 2894 libens
2702 2842 2928 2907 audit-it,
2971 2842 3065 2912 qui
3119 2852 3347 2897 summa:
3392 2855 3455 2896 ea

1876 2932 2208 2986 alulationis
2243 2934 2409 2987 verba
2434 2933 2720 3003 perspicue
2749 2933 2932 2989 sciret.

1950 3160 2130 3215 Multis
2150 3162 2330 3229 itaque
2353 3176 2417 3215 ae
2441 3163 2652 3231 magnis
2676 3163 2845 3219 titulis
2871 3172 3048 3219 vester
3070 3165 3294 3236 despota
3314 3180 3453 3236 prie-

196 3254 460 3321 μεγάλων
503 3253 665 3306 ἕνεκα
692 3269 706 3285 ·
743 3252 837 3305 τοῦ
893 3251 1221 3315 προελέσθαι
1282 3250 1535 3303 τεθνάναι
1592 3249 1678 3300 διὰ.
1719 3250 1780 3300 τὸ

1888 3256 2073 3308 clarus
2127 3254 2249 3307 fuit.
2315 3256 2473 3319 Quod
2527 3257 2665 3310 mori
2726 3257 2948 3329 elegerit
3012 3259 3079 3313 ad
3134 3260 3453 3329 dignitatem

194 3346 428 3414 σχῆμα·
466 3345 624 3399 τοῦτο
676 3348 782 3415 γὰρ
836 3341 906 3414 ἦν
961 3332 1201 3415 ἀτεχνῶς
1248 3343 1309 3394 τὸ
1356 3343 1495 3412 πρὸς
1528 3342 1773 3408 φονῶντα

192 3441 483 3510 βάρϐαρον
528 3440 964 3508 παραγεγονέναι
1021 3437 1292 3507 σωτηρίας
1335 3436 1497 3487 ἕνεκα
1549 3435 1658 3487 τῶν
1715 3449 1773 3484 τε

193 3533 424 3594 ἑαυτοῦ,
464 3533 558 3586 καὶ
585 3526 661 3584 ὧν
694 3534 793 3584 οὐκ
824 3527 893 3597 ἦν
918 3530 1283 3601 ἐξηγούμενος
1313 3543 1327 3557 ο
1359 3526 1453 3579 τοῦ
1484 3527 1776 3593 διαπεφευ-

190 3625 357 3693 γέναι
401 3625 496 3685 τὰς
544 3624 735 3677 τούτου
781 3626 992 3693 χεῖρας,
1023 3622 1255 3691 ἐπείπερ
1304 3620 1418 3688 ἥλω
1475 3620 1568 3670 καὶ
1616 3616 1682 3687 ἦν
1718 3620 1774 3669 ἐν

189 3718 460 3783 δικτύοις,
493 3717 904 3784 πιστευομένοις
937 3713 1206 3780 ἀφύκτοις
1235 3707 1372 3763 εἶναι
1400 3726 1414 3738 °
1443 3709 1537 3761 τοῦ
1563 3708 1652 3761 τὸν
1690 3725 1777 3760 κε·-

192 3810 405 3879 χηνότα
466 3812 607 3878 θῆρα
655 3810 945 3860 καταπιεῖν
986 3806 1233 3866 ἅπαντας
1287 3803 1381 3857 καὶ
1435 3802 1493 3853 τὸ
1535 3800 1777 3854 κωλύσον

192 3896 346 3953 εἶναι
381 3899 544 3969 μηδὲν
570 3899 946 3966 λογιζόμενον,
966 3898 1247 3967 ἄπρακτον
1266 3896 1611 3948 παντάπασιν
1639 3896 1778 3945 ἀπο-

191 3997 392 4063 φῆναι,
429 3996 523 4046 καὶ
579 3994 740 4061 κενὴν
777 3992 873 4062 τὴν
924 3992 1075 4043 τοῦδε
1116 3990 1361 4058 γαστέρα
1406 4005 1420 4020 ’
1469 3988 1563 4041 τοῦ
1596 3989 1778 4040 κινδυ-

192 4087 453 4147 νεύοντος
486 4074 584 4153 μὲν
612 4084 801 4148 αὑτοῦ,
833 4084 1083 4154 προφανῆ
1117 4082 1362 4135 κίνδυνον
1395 4081 1614 4149 βλέπειν
1648 4081 1776 4147 ἔθνη

191 4196 258 4229 τε
294 4178 391 4230 καὶ
422 4176 605 4239 πόλεις
635 4176 717 4229 ὅτι
742 4175 943 4238 πολλάς
965 4191 978 4205 ·
1014 4175 1135 4227 ἐπεὶ
1163 4174 1208 4227 δ’
1240 4172 1433 4239 ἐξῆλθε
1459 4170 1552 4225 τοῦ
1582 4171 1777 4240 λαιμοῦ

192 4270 297 4321 τοῦ
328 4266 691 4338 βαρϐαρικοῦ,
715 4270 793 4330 είς
822 4266 879 4319 ὃν
910 4266 1084 4329 οὐδείς
1114 4282 1201 4317 πω
1223 4265 1461 4326 καταδὺς
1491 4263 1736 4332 ἐπανῆκε
1761 4279 1774 4293 ·

197 4364 413 4429 σαφούς
436 4360 817 4431 αἰχμαλωσίας
841 4360 1126 4429 ρυσθῆναι.
1154 4358 1346 4410 Καίτοι
1369 4357 1494 4408 οὕτε
1517 4357 1781 4425 εὐτυχοῦν

195 4473 253 4507 τι
294 4453 707 4523 συνελάμϐανον
741 4452 881 4522 ὑπὲρ
909 4452 1169 4505 ἁπάντων
1202 4452 1288 4502 ἀεὶ
1328 4450 1685 4513 σπουδάζοντι
1732 4454 1780 4503 οί

1877 3346 2134 3402 tuendam
2164 3364 2179 3413 ;
2220 3349 2269 3402 id
2320 3349 2464 3402 enim
2496 3350 2677 3419 palam
2709 3353 3030 3407 imminebat
3062 3354 3283 3408 adeunti
3319 3354 3453 3408 Bar-

1877 3441 2097 3503 barum,
2128 3443 2455 3512 spirantem,
2485 3460 2607 3497 ettm
2637 3446 2685 3499 ei
2718 3446 3063 3500 subditorum
3096 3448 3292 3510 caedes,
3336 3458 3450 3500 tum

1876 3534 2109 3586 aliorum
2154 3552 2167 3586 :
2210 3536 2351 3601 quod
2393 3536 2511 3601 ejus
2560 3537 2809 3606 ell'ngerit
2841 3555 3071 3603 manus;
3106 3555 3227 3593 nam
3262 3549 3458 3608 captus

1877 3636 2013 3689 erat,
2044 3626 2217 3693 iismte
2255 3631 2463 3683 retibus
2500 3633 2810 3694 tenebatur,
2844 3648 2905 3685 ex
2932 3635 3131 3699 quibus
3157 3634 3305 3687 nulla
3329 3650 3458 3701 spes

1877 3718 2062 3787 eiTugii
2118 3730 2295 3785 esset;
2342 3722 2487 3789 quod
2538 3724 2763 3776 bestiam
2817 3724 3145 3779 derorandis
3200 3726 3458 3779 omnibus

1882 3812 2204 3873 inhiantem,
2230 3827 2293 3865 ac
2330 3815 2464 3865 nihil
2501 3814 2891 3883 impedimento
2929 3817 3045 3871 fore
3080 3818 3456 3881 arbitrantem,

1881 3904 2206 3958 invﬂicaeetn
2242 3908 2486 3971 omnino,
2536 3909 2766 3977 ejusque
2802 3922 3043 3964 ventrem
3083 3912 3296 3964 inanem
3338 3914 3461 3965 red-

1885 3995 2084 4047 diderit
2111 4012 2123 4058 ;
2152 3998 2295 4063 quod
2331 4013 2396 4051 eo
2427 4000 2479 4050 itt
2513 4000 2813 4065 perieulum
2844 4004 3098 4063 adducto,
3130 4014 3318 4070 gentes
3342 4005 3463 4072 plu-

1883 4090 2032 4142 rima:
2056 4106 2115 4142 ae
2143 4092 2304 4143 urbes
2332 4104 2568 4158 praest-ns
2590 4092 2882 4145 discrimen
2908 4105 3258 4163 aspexet'ttnl;
3283 4110 3462 4147 emer-

1878 4189 2039 4249 gente
2069 4188 2250 4233 autent
2285 4181 2546 4250 singulari
2585 4184 2833 4250 exemplo
2862 4196 2890 4236 e
2922 4182 3145 4236 Barbari
3180 4186 3456 4245 faucibus.

1882 4286 1912 4323 e
1941 4272 2137 4339 quibus
2172 4289 2330 4325 nemo
2366 4275 2534 4326 semel
2561 4274 2865 4343 ingressus,
2903 4278 3239 4345 postliminio
3271 4294 3459 4332 rever-

1884 4378 1977 4417 sus
2016 4373 2179 4424 esset.
2226 4367 2400 4431 palam
2436 4381 2464 4417 a
2490 4369 2751 4421 servitute
2788 4371 3067 4422 \iIt-iicatze
3100 4371 3250 4435 sint;
3282 4387 3458 4439 quan-

1884 4471 2044 4522 quant
2080 4456 2277 4523 quibus
2311 4457 2398 4508 ille.
2421 4467 2552 4511 tune
2579 4460 2739 4512 saluti
2774 4459 2893 4523 fuit,
2923 4477 2988 4513 ne
3014 4462 3297 4517 minimum
3326 4464 3457 4531 quid

198 4546 550 4612 σεσωσμένοι
588 4544 721 4615 παρ⁹
752 4543 917 4597 αὑτοῦ
944 4541 1245 4612 τηνικαῦτα
1276 4544 1357 4610 (οὐ
1394 4542 1535 4608 λέγω
1568 4544 1624 4595 δὲ
1653 4544 1779 4613 περὶ

1886 4548 2069 4601 auxilii
2107 4548 2499 4616 ejusaﬂ‘errent
2525 4552 2707 4611 rebus.
2733 4555 2823 4622 qui
2854 4556 3096 4607 omnium
3129 4572 3343 4624 semper
3369 4573 3458 4610 re-

195 4642 314 4693 τῶν
352 4638 547 4707 ίδὲων),
583 4638 705 4693 οὔτε
741 4640 881 4709 ὑπὲρ
919 4640 1125 4692 τούτων
1156 4638 1546 4703 κινδυνεύοντι,
1585 4638 1648 4691 τὸ
1687 4656 1778 4692 τυ·-

194 4737 298 4806 χον
330 4735 482 4804 αύτῷ
529 4734 971 4803 συνηγωνίσαντο
1018 4732 1160 4801 ὑπὲρ
1192 4731 1291 4802 τῆς
1325 4731 1645 4801 ἀπαλλαγῆς
1676 4732 1783 4785 τῶν

195 4828 400 4879 δεινῶν
426 4842 441 4857 ο
478 4826 546 4878 ἵν’
640 4826 701 4879 τὸ
732 4824 960 4888 τούτους
990 4824 1264 4877 σεσῶσθαι
1302 4828 1500 4895 προῖκα
1529 4822 1657 4893 παρ’
1688 4825 1786 4876 αύ-

277 5045 359 5113 (l)
414 5041 642 5097 Runeres
692 5042 919 5097 nomine.
968 5041 1245 5098 Laonicus
1296 5044 1333 5095 Ι.
1380 5060 1432 5097 tv
1476 5043 1779 5111 Ῥαινέριον

197 5112 389 5179 vocat,
415 5116 501 5167 cui
528 5129 589 5167 ac
609 5112 843 5167 Manueli
871 5113 1041 5180 major
1065 5113 1308 5167 habenda
1334 5117 1406 5167 sit
1430 5114 1583 5173 fides,
1613 5130 1776 5180 quam

198 5130 389 5179 vocat,
415 5130 501 5167 cut
528 5130 589 5167 ac
609 5130 843 5167 uanuen
871 5130 951 5164 ma
980 5130 1041 5167 or
1065 5130 1308 5167 naoenoa
1334 5130 1406 5167 stt
1430 5130 1583 5173 nues,
1613 5130 1776 5180 quam

198 5186 563 5254 Gregoraaac
593 5182 804 5238 Facello
829 5130 972 5246 apud
1009 5185 1263 5254 eumdeiu
1299 5183 1484 5237 citatis
1519 5199 1688 5249 marg.
1719 5193 1778 5235 ut

199 5260 249 5309 is
300 5250 452 5308 e'sset
478 5253 743 5322 Rogerius
776 5255 840 5308 de
871 5254 1168 5321 Empuriis.
1202 5250 1577 5307 Florentinnm
1615 5256 1778 5306 tratht

202 5327 473 5394 prmfatus
518 5325 807 5389 Laonicus,
852 5336 1016 5389 atque
1046 5339 1109 5376 ex
1155 5323 1359 5377 fautilia
1410 5325 1515 5377 τῶν
1562 5322 1775 5394 ξΑζαιό-

198 5392 341 5457 λων,
389 5395 763 5458 Azaiolorunt,
796 5395 910 5448 sive
940 5395 1352 5457 Arciaiolorum,
1389 5406 1446 5447 ut
1483 5392 1661 5446 reddit
1695 5392 1775 5444 itt-

200 5476 443 5532 t<*rpro-s.
480 5468 567 5516 Ait
593 5480 810 5533 quoque
845 5466 1023 5518 nullos
1060 5462 1406 5517 Theodorum
1439 5480 1503 5517 ex
1533 5461 1773 5515 liainerii

200 5538 314 5587 lilia
363 5535 567 5586 liberos
609 5532 941 5601 suscepisse,
996 5548 1058 5587 ac
1108 5535 1422 5586 deluncttnn
1473 5550 1595 5584 esse
1628 5532 1773 5584 nulla

199 5614 468 5675 snsi-cpta
505 5605 741 5675 legitima
779 5603 947 5672 prole.
986 5602 1059 5657 Ex
1101 5605 1183 5657 his
1222 5620 1384 5675 porro
1409 5603 1680 5655 Manuelis
1714 5616 1777 5654 ac

198 5674 436 5727 Laoniei
473 5677 540 5727 de
576 5673 852 5743 'i‘heodori
883 5675 1163 5743 cunjugiu,
1216 5673 1363 5726 haud
1385 5676 1769 5743 corrigenﬁtnn

197 5747 351 5813 quod
392 5745 554 5796 habet
595 5742 825 5796 Phranz.
858 5744 950 5796 lib.
978 5740 1172 5811 tne-ap.
1208 5746 1288 5803 I0,
1314 5746 1379 5796 de
1408 5758 1576 5795 uxore
1602 5740 1774 5813 ἰἰιθοτ

196 5812 323 5867 duri
373 5814 897 5884 Porphytogennette
942 5813 1136 5884 {Ileopa
1167 5815 1273 5865 (ilia
1310 5814 1627 5870 Malatest:e.
1656 5812 1773 5884 sed

196 5882 594 5954 exponendum
642 5898 802 5937 secus
852 5899 917 5937 ac
944 5882 1224 5939 Pontanus
1260 5897 1515 5952 exponat,
1571 5883 1665 5950 qui
1707 5884 1772 5935 de

493 5983 760 6041 ΡΑτιιοι..
800 5982 911 6042 Gn.
951 5980 1145 6043 CLVl.

1887 4641 1987 4694 hus
2016 4641 2256 4694 studeret
2287 4641 2461 4705 (nihil
2499 4657 2665 4710 porro
2695 4644 2762 4697 de
2803 4646 2919 4699 suis
2948 4646 3217 4714 loquor),
3258 4664 3324 4701 ne
3360 4663 3459 4717 pro

1881 4733 1963 4786 eis
1995 4732 2214 4800 quidem
2250 4735 2601 4800 periclitanti,
2628 4736 2818 4789 auxilii
2854 4738 3149 4805 quidquam
3171 4740 3452 4808 impende-

1885 4836 2009 4878 runt
2034 4823 2317 4879 liberando
2348 4839 2379 4877 a
2408 4826 2570 4878 malis
2595 4843 2608 4889 ;
2646 4842 2754 4894 quo
2778 4830 2948 4895 gratis
2977 4839 3188 4897 partam
3220 4832 3454 4885 salutem

1886 5054 2079 5120 [rostro
2110 5056 2173 5095 ac
2210 5042 2415 5120 seniori
2454 5041 2745 5120 Titeodoro
2778 5046 3056 5116 intelligit,
3089 5063 3267 5119 eoque
3300 5062 3459 5120 putat

1883 5110 2188 5186 Phranzetn
2213 5114 2490 5169 adversari
2515 5116 2774 5178 Laonico,
2794 5134 2914 5170 cunt
2944 5110 3119 5186 reipsa
3143 5110 3462 5176 abibo-eon-

1882 5183 2309 5236 sentientissima
2343 5186 2553 5241 dicant.
2586 5186 2705 5240 Jam
2754 5188 2899 5240 enim
2935 5183 3214 5245 Phi‘anzes
3246 5190 3283 5244 Ι.
3319 5209 3333 5245 1
3366 5210 3454 5247 res

1884 5252 2158 5327 Theodori
2190 5254 2429 5327 senioris
2468 5270 2791 5324 prosecutus
2830 5269 2946 5311 erat
2976 5276 2990 5312 ι
3027 5260 3159 5327 quin
3190 5273 3243 5316 et
3275 5278 3340 5315 eo
3365 5281 3455 5317 res

1883 5322 2169 5395 Manuelis,
2212 5325 2305 5391 qui
2338 5327 2431 5380 diu
2468 5322 2751 5394 superstes
2800 5328 2977 5382 fuerat
3014 5322 3323 5395 Theodoro,
3363 5340 3471 5383 \‘tt-'

1882 5392 1986 5446 luit
2016 5397 2467 5467 comprehensas.
2498 5392 3035 5467 Porphyrogenneta:
3071 5417 3267 5454 nomen
3312 5392 3460 5456 utri-

1886 5479 1996 5531 que
2028 5478 2320 5537 commune
2351 5464 2474 5529 fuit,
2523 5464 2889 5537 undecunque
2940 5471 3154 5523 tandem
3195 5473 3267 5524 ita
3300 5476 3456 5526 dite-

1885 5534 2491 5612 renturitnperatorum
2522 5536 2769 5612 lilii,_nec
2796 5534 2830 5591 ii
2858 5556 3069 5599 omnes.
3097 5557 3198 5595 nec
3224 5544 3322 5595 soli
3349 5548 3459 5612 pri-

1882 5603 2141 5669 ntogeniti
2205 5604 2412 5657 Praeter
2456 5610 2590 5659 istos
2620 5609 2956 5672 Theodorus,
2992 5620 3075 5663 est
3105 5613 3301 5665 tertius
3342 5603 3453 5663 Ᾰει-

1880 5672 2092 5725 dronici
2125 5675 2289 5736 lilius,
2331 5690 2500 5744 nepos
2542 5676 2816 5731 Theodori
2855 5682 3048 5742 nostti,
3086 5696 3151 5734 ac
3180 5685 3227 5734 ei
3262 5698 3453 5737 suces-

1880 5756 1970 5793 sor
1997 5744 2247 5811 despota,
2279 5760 2442 5812 quem
2470 5748 2557 5799 ille
2582 5750 2724 5801 alius
2759 5748 3025 5804 Mannelis
3053 5750 3197 5805 iilius
3232 5766 3297 5807 ac
3319 5768 3457 5807 eun-

1878 5813 2135 5866 subrutus
2163 5817 2508 5880 postmodum
2548 5822 2851 5887 exeeperit.

3026 5994 3058 6051 8
