4208 6444
743 413 849 473 235

1922 423 2025 481 ΜΛ
2038 424 2077 481 Ν
2091 424 2318 484 UEIJS
2356 424 2803 488 PALEOIDGI

3858 425 3961 489 236

740 533 1071 595 acciperent,
1106 527 1196 596 qui
1243 527 1386 581 nulla
1418 528 1586 597 gratia
1621 542 1802 584 essent
1840 531 2011 602 digni,
2044 550 2141 590 nec
2178 550 2281 591 om'

2360 537 2493 597 ,τοῦ
2548 538 2849 608 δεδομένον,
2899 539 3169 608 μηδεμιᾶς
3226 538 3404 592 αὐτῶν
3462 538 3824 605 ὑπαρξάντων
3859 538 3958 605 χά-

739 620 869 670 nino
902 620 953 671 in
988 633 1109 673 eam
1146 633 1256 673 rem
1285 619 1486 687 aliquid
1517 620 1891 676 contulissent.

801 799 909 853 Sed
938 809 991 854 et
1020 801 1292 854 voluntate
1322 808 1526 870 martyr
1569 803 1799 865 exstitit,
1832 806 1924 875 qui
1954 823 2010 861 se
2058 809 2170 878 ipse
2201 826 2297 879 pro

729 890 915 943 multis
961 890 1264 952 tradiderit,
1320 892 1673 961 proximeque
1722 895 1917 950 adierit
1964 898 2203 966 pericula
2235 916 2297 957 ac

731 982 903 1036 tristia
969 992 1223 1051 expertus
1268 984 1339 1038 sit
1392 985 1825 1056 sustinueritque
1878 980 2187 1057 infamiam,
2235 1008 2297 1048 ac

726 1074 830 1126 alia
849 1074 1045 1141 quibus
1067 1073 1282 1127 animus
1309 1076 1641 1140 mordeatur,
1697 1079 1977 1148 possitque
2014 1096 2118 1134 nou
2146 1098 2297 1151 spre-

727 1170 812 1215 tor
846 1162 1027 1216 saeculi
1066 1162 1226 1231 dejici
1272 1179 1287 1216 :
1336 1174 1496 1232 atque
1543 1165 1677 1217 adeo
1726 1166 1895 1235 liquet
1921 1183 1984 1222 ex
2014 1171 2292 1233 omnibus,

724 1261 785 1307 ut
829 1254 944 1321 ejus
973 1254 1224 1321 sospitas,
1258 1238 1622 1310 universitatis
1657 1256 1934 1311 hominum
1971 1260 2123 1313 salus
2151 1272 2297 1316 esset

722 1361 786 1400 ac
818 1344 1097 1398 felicitas:
1129 1346 1324 1397 nedum
1365 1346 1610 1398 omnium
1664 1346 1741 1400 illi
1791 1349 2155 1413 subditorum,
2202 1353 2294 1405 sed

717 1443 775 1488 et
818 1449 1006 1488 eorum
1057 1436 1150 1504 qui
1197 1451 1302 1489 non
1354 1445 1539 1491 essent
1588 1436 1706 1506 ejus
1754 1438 2003 1494 ditionis.
2041 1440 2132 1495 Sic
2179 1450 2297 1497 crat

721 1527 954 1582 maxime
972 1527 1345 1591 admirabilis;
1373 1531 1451 1583 sic
1478 1529 1665 1585 multis
1686 1530 1856 1597 utilis,
1874 1548 1972 1585 nec
1996 1534 2291 1602 quidquam

720 1620 835 1675 suis
862 1635 1022 1688 quam
1048 1621 1271 1689 spiritus
1304 1624 1484 1676 minus
1517 1624 1883 1688 necessarius,
1923 1624 2171 1681 hostibus
2200 1642 2297 1683 au-

721 1721 823 1765 tem
855 1712 1259 1781 insuperabilis,
1287 1713 1348 1766 ac
1378 1728 1567 1767 eorum
1593 1723 1841 1769 avertens
1878 1716 2133 1785 impetus.
2159 1719 2291 1774 Rem

721 1816 907 1859 autem
940 1805 1157 1875 probat,
1186 1806 1329 1874 quod
1360 1806 1478 1860 solo
1502 1807 1617 1876 ipse
1641 1809 1694 1860 in
1718 1809 2048 1877 provinciam
2074 1825 2137 1865 ac
2164 1826 2290 1869 suos

717 1897 977 1963 adventu,
1026 1898 1423 1953 formidabilem
1460 1898 1612 1952 illum
1664 1901 2008 1955 submoverit
2063 1916 2125 1957 ae
2157 1919 2286 1957 avo-

715 1989 872 2042 carit.
905 1988 1026 2043 Mox
1052 1990 1198 2043 enim
1226 1998 1284 2042 ut
1313 1992 1581 2058 superbus
1611 1990 1776 2045 homo
1805 2006 1919 2045 rem
1953 1995 2284 2058 rescivisset,

711 2079 1013 2147 desperans
1041 2094 1099 2134 se
1129 2080 1423 2147 quidquam
1450 2080 1825 2135 confecturum
1860 2081 1968 2151 (Ι),
1993 2083 2131 2137 elata
2172 2083 2284 2150 jam

713 2170 842 2223 olim
870 2172 1113 2240 undique
1145 2170 1436 2239 supercilia
1465 2172 1723 2239 demittit,
1756 2174 2029 2243 munitaque
2051 2175 2281 2246 ignavia,

713 2279 776 2314 ex
825 2262 1012 2317 multis
1074 2263 1316 2331 tr0pacis.
1362 2262 1463 2331 ipsi
1514 2262 1715 2331 pariter
1743 2278 1806 2318 ac
1850 2266 2168 2333 majoribus,
2215 2267 2285 2322 ob

714 2352 908 2406 multas
938 2367 999 2405 ac
1032 2367 1251 2421 magnas
1278 2361 1465 2421 gentes
1495 2352 1735 2407 devictas
1757 2354 2072 2408 constitutis
2119 2354 2283 2409 colle-

711 2452 829 2495 ctos
879 2442 927 2496 ei
955 2443 1202 2511 spiritus,
1250 2442 1473 2510 ahjicit;
1509 2444 1773 2512 traditque
1808 2442 2063 2499 oblivioni
2096 2462 2282 2501 sacra-

710 2542 889 2590 menta
925 2533 1033 2597 illa,
1068 2532 1267 2602 quibus
1301 2546 1381 2595 se,
1416 2533 1614 2587 collum
1667 2533 1985 2599 extendens,
2025 2549 2087 2589 ac
2123 2537 2281 2591 inde-

708 2639 835 2679 rore
867 2634 1028 2692 caput
1056 2623 1321 2693 cogitans,
1354 2623 1540 2692 grandi
1571 2623 1828 2687 clamore,
1866 2639 1927 2679 ac
1954 2640 2114 2694 supra
2141 2642 2279 2695 pra:-

705 2714 860 2767 eunis
895 2729 1101 2775 vocem,
1139 2713 1559 2776 obstrinxisset;
1631 2713 1795 2780 fitque
1840 2715 1983 2769 mitis
2013 2731 2075 2768 ex
2107 2714 2282 2771 feroce

706 2822 770 2859 ac
804 2806 893 2859 vix
924 2820 1028 2857 non
1060 2804 1248 2859 halans
1277 2805 1393 2858 ovis
1427 2805 1619 2858 instar.
1657 2803 1791 2858 Eum
1825 2805 1915 2873 qui
1962 2807 2167 2873 pridem
2195 2807 2281 2859 lu—

706 2898 788 2957 pis
812 2896 1165 2949 truculentior
1199 2896 1401 2958 hiabat,
1422 2896 1652 2949 dixisses
1680 2897 1974 2949 cicuratam
2012 2897 2273 2960 belluam,

705 2988 758 3040 in
786 3003 908 3040 eum
944 2996 1163 3054 repente
1188 2987 1470 3040 devectum
1497 2994 1719 3051 statum,
1746 3002 1869 3039 cum
1918 3002 2089 3056 nuper
2126 3004 2280 3056 aspe-

704 3089 794 3134 ctu
828 3079 1123 3133 terribiliin
1156 3080 1447 3133 humanum
1476 3079 1677 3148 rugiret
1700 3093 1886 3145 genus.
1906 3078 2171 3147 Cupiebat
2193 3095 2278 3132 er-

2404 644 2572 697 ριτος,
2631 630 2664 699 ἡ
2714 646 2767 682 τι
2815 630 3139 699 τοπαράπαν
3194 628 3617 699 ιίσενηνοχότων
3648 629 3729 692 είς
3772 626 3954 680 τοῦτο.

2469 805 2545 856 Οὐ
2592 806 2701 875 μὴν
2748 804 2881 858 ἀλλά
2920 808 3013 860 καὶ
3047 805 3257 876 μάρτυς
3306 802 3462 866 οὗτος
3498 806 3564 873 τῇ
3616 803 3958 872 προαιρέσει.

2397 893 2512 947 ἀνθ’
2538 886 2611 947 ὧν
2640 895 2735 947 καλ
2770 893 3088 964 προῦδωκεν
3118 892 3280 946 αὐτὸν
3311 892 3451 962 ὑπὲρ
3471 892 3580 943 τῶν
3603 891 3838 956 πολλῶν,
3869 894 3963 942 καὶ

2398 983 2506 1035 τῶν
2536 983 2798 1037 κινδύνων
2826 985 2993 1052 ἐγγὺς
3022 983 3258 1050 ἐγένετο,
3292 986 3381 1035 καὶ
3412 981 3672 1051 λυπηρῶν
3699 981 3962 1051 πεπείρα-

2397 1091 2509 1139 ται,
2556 1076 2651 1127 καὶ
2695 1074 2912 1139 ἀδοξίαν
2954 1075 3187 1144 ὑπέστη,
3222 1074 3317 1127 καὶ
3343 1074 3486 1143 ἕτερ’
3528 1075 3663 1128 άττα
3695 1073 3962 1127 δάκνοντα

2396 1165 2496 1233 τὴν
2540 1164 2734 1234 ψυχὴν,
2786 1168 2881 1219 καὶ
2932 1166 3275 1234 κατενεγκεῖν
3332 1163 3421 1219 οἷά
3466 1181 3525 1217 τε
3569 1165 3693 1226 τοὺς
3732 1163 3807 1233 μὴ
3852 1165 3961 1216 τῶν

2398 1256 2679 1323 παρόντων
2713 1250 3150 1324 καταγελῶντας.
3193 1255 3289 1307 Ἐκ
3321 1254 3387 1324 δὴ
3418 1255 3636 1309 πάντων
3673 1254 3959 1323 πρόδηλον,

2396 1338 2472 1404 ὡς
2502 1344 2563 1395 τὸ
2588 1347 2857 1413 περιεῖναι
2886 1345 3075 1398 τοῦτον
3104 1346 3197 1398 καὶ
3229 1345 3291 1400 εὖ
3316 1346 3462 1414 ἔχειν
3483 1341 3551 1414 ἦν
3582 1345 3851 1414 δήπουθεν
3870 1346 3963 1395 καὶ

2399 1435 2688 1500 σώζεσθαι,
2723 1437 2815 1488 καὶ
2853 1436 2912 1489 εὖ
2951 1434 3089 1490 εἷναι
3124 1438 3327 1506 πλῆθος
3358 1438 3662 1508 ἀνθρώπων
3699 1440 3769 1490 οὗ
3799 1436 3961 1504 μόνον

2396 1541 2459 1592 γε
2488 1527 2594 1578 τῶν
2629 1528 2721 1579 ὑπ’
2761 1526 2927 1580 αὐτοῦ
2960 1527 3372 1597 δεσποζομένων
3404 1529 3683 1591 ἁπάντων,
3721 1527 3860 1580 ἀλλὰ
3896 1525 3961 1593 δὴ

2396 1619 2489 1671 καὶ
2521 1620 2629 1672 τῶν
2662 1622 2749 1689 ὑφ’
2785 1622 2991 1692 ἑτέροις
3028 1622 3392 1690 ταττομένων.
3424 1620 3613 1681 Οὕτως
3653 1616 3721 1689 ἦν
3752 1620 3961 1677 ἐκεῖνος

2397 1711 2878 1780 θαυμασιώτατος*
2930 1713 3073 1766 οὔτω
3111 1712 3328 1775 πολλοῖς
3371 1711 3669 1780 ὠφέλιμος,
3720 1710 3809 1761 ῖσα
3866 1708 3960 1758 καλ

2398 1806 2530 1872 πνοῇ
2573 1804 2684 1867 τοῖς
2729 1805 2905 1871 φίλοις
2961 1806 3427 1870 ἀναγκαιότατος·
3472 1805 3587 1865 τοῖς
3628 1801 3686 1855 δέ
3738 1799 3958 1869 ἐχθροῖς

2318 1866 2360 1921 Β
2391 1866 2708 1963 ἀχείρωτος,
2737 1866 2831 1947 καὶ
2854 1894 2951 1957 τὰς
2976 1866 3201 1947 ἐκείνων
3217 1895 3545 1963 ἀποτρέπων
3569 1866 3820 1960 ἐφόδους.
3847 1866 3958 1941 Καὶ

2385 1985 2535 2054 δηλοῖ
2564 1987 2624 2040 τὸ
2653 1986 2742 2039 τὸν
2773 1986 2938 2040 πολὺν
2971 1989 3174 2040 ἐκεῖνον
3204 1985 3548 2054 ἀποσοϐῆσαι
3581 1985 3677 2037 καὶ
3716 1984 3957 2049 ἀποτρέ-

2385 2075 2505 2145 ψαι,
2538 2077 2683 2146 μόνῳ
2714 2078 2791 2147 τῷ
2810 2078 3137 2132 καταλαϐεῖν
3160 2078 3256 2147 τὴν
3280 2076 3463 2130 αὑτοῦ.
3480 2076 3654 2139 Εὐθὺς
3670 2075 3780 2143 γὰρ
3799 2073 3960 2126 τοῦτο

2388 2166 2576 2236 μαθὼν
2604 2168 2809 2227 ἐκεῖνος
2840 2170 2868 2221 ὁ
2916 2167 3166 2237 σοϐαρὸς,
3206 2168 3479 2235 ἀπογνοὺς
3511 2165 3604 2218 τοῦ
3646 2164 3854 2234 πρᾶξαί
3879 2180 3956 2226 τι,

2385 2258 2706 2313 καταϐάλλει
2742 2259 2837 2326 μὲν
2858 2260 3029 2327 ὀφρὺν
3050 2258 3331 2329 πόρρωθεν
3360 2257 3610 2326 ἠρμένην
3640 2254 3794 2323 αὑτῷ
3821 2253 3957 2306 πολ-

2381 2348 2641 2419 λαχόθενο
2691 2351 2870 2420 ῥίπτει
2919 2350 2976 2402 δὲ
3023 2352 3278 2420 φρόνημα
3335 2350 3577 2416 ἀγεννῶς
3626 2347 3788 2414 ἄγαν,
3817 2348 3957 2414 ὅπερ

2382 2440 2573 2510 ἐκείνῳ
2616 2442 2959 2512 συνεφορήθη
3002 2444 3216 2511 συχνοῖς
3257 2441 3562 2512 τροπαίοις,
3612 2441 3757 2507 ᾰπερ
3802 2437 3959 2504 αὑτῷ

2381 2548 2439 2583 τε
2461 2533 2553 2583 καὶ
2582 2534 2692 2593 τοῖς
2720 2533 2950 2601 φύσασιν
2986 2532 3218 2603 ἕστηκεν
3252 2533 3357 2585 ἀπὸ
3392 2531 3604 2585 πολλῶν
3632 2550 3689 2584 τε
3720 2532 3816 2583 καὶ
3851 2546 3954 2599 με·

2382 2622 2562 2689 γάλων
2594 2622 2763 2675 ἐθνῶν
2789 2639 2805 2656 ο
2847 2623 3157 2693 ἀμνημονεῖ
3184 2623 3240 2676 δὲ
3275 2624 3457 2693 ὅρκων
3484 2623 3727 2687 ἐκείνων,
3762 2622 3858 2685 οὓς
3887 2637 3953 2688 γι

2381 2711 2674 2765 ἀνατείνων
2723 2713 2943 2782 αὐχένα,
2975 2714 3069 2766 καὶ
3113 2715 3280 2767 κινῶν
3321 2716 3421 2785 τὴν
3468 2715 3711 2782 κεφαλὴν
3744 2716 3804 2765 οὐ
3854 2715 3954 2765 σὺν

2380 2803 2586 2873 κόσμῳ,
2621 2804 2759 2872 βοῶν
2789 2805 2929 2875 ὑπὲρ
2960 2806 3083 2867 τοὺς
3111 2806 3379 2875 κήρυκας,
3413 2806 3589 2875 ὤμνυ.
3622 2808 3732 2860 Καὶ
3760 2803 3827 2876 ἦν
3866 2824 3951 2868 τις

2378 2890 2584 2959 ἥμερος
2612 2892 2729 2944 τότε
2756 2892 3074 2960 μεταϐαλὼν
3107 2894 3163 2957 ἐξ
3185 2894 3398 2964 ἀγρίου,
3430 2895 3524 2947 καὶ
3560 2897 3785 2964 μονονοὺ
3817 2895 3948 2963 βληο

2378 2980 2728 3050 χώμενος..”0
2753 2984 3016 3054 πρότερον
3046 2984 3184 3052 ὑπὲρ
3211 2986 3339 3047 τοὺς
3368 2985 3566 3047 λύκους
3588 2987 3759 3038 δεινὸν
3784 3004 3951 3055 κεχη-

2378 3072 2483 3134 νὼς
2530 3071 2691 3141 ἐῴκει
2731 3075 3037 3145 χειροήθεσι
3071 3075 3301 3147 θηρίοις,
3356 3078 3436 3140 είς
3492 3078 3637 3131 τοῦτ’
3685 3079 3947 3147 ἐξαίφνης

704 3189 771 3237 go
808 3174 969 3227 citius
999 3172 1327 3240 demigrare,
1358 3172 1446 3237 qui
1486 3171 1620 3224 nihil
1670 3186 1728 3225 se
1764 3172 2142 3224 confecturum
2178 3172 2281 3225 sci-

2362 3163 2580 3229 .ὲλθὼν,
2628 3167 2655 3218 ὁ
2689 3165 2901 3235 βλέπων
2956 3168 3015 3221 τὸ
3050 3168 3326 3239 βλοσυρὸν,
3367 3170 3459 3224 καὶ
3493 3172 3613 3225 κατ’
3643 3174 3954 3244 ἀνθρώπων

704 3273 807 3325 ret,
844 3266 935 3317 sed
968 3261 1201 3331 pudebat
1238 3260 1535 3329 repentina:
1560 3262 1693 3313 adeo
1728 3262 2061 3323 mutationis,
2106 3276 2170 3314 ac
2216 3271 2271 3315 ut

702 3355 937 3417 Euripus
968 3370 1029 3408 ac
1060 3354 1258 3408 stultus
1283 3354 1404 3421 quis
1428 3352 1705 3406 habendus
1731 3363 1893 3417 esset,
1924 3368 2017 3407 eos
2051 3370 2269 3422 pavens,

701 3449 793 3517 qui
856 3448 924 3501 ab
976 3462 1041 3501 eo
1096 3447 1310 3499 interim
1356 3445 1622 3514 fugissent
1673 3442 1989 3512 fugiensque
2054 3446 2269 3499 nemine

699 3546 1081 3607 persequente,
1119 3552 1181 3589 ac
1209 3534 1586 3601 superioribus
1623 3534 1799 3587 verbis
1831 3534 2117 3601 rebusque,
2143 3549 2271 3588 eon-

694 3629 866 3683 trarie
893 3640 1022 3682 tunc
1052 3627 1325 3680 habentes
1346 3641 1451 3688 res,
1482 3640 1545 3679 ac
1569 3624 1733 3679 verba
1763 3623 2069 3678 ostendens.
2096 3624 2269 3692 Atque

700 3731 757 3773 ut
795 3719 982 3787 paucis
1014 3718 1216 3777 dicam,
1245 3716 1378 3769 nihil
1412 3715 1501 3767 ille
1524 3715 1869 3783 postmodum
1898 3714 2169 3782 prioribus
2198 3716 2269 3768 si-

698 3813 847 3874 mile,
868 3810 1233 3877 aut'cogitare,
1259 3814 1353 3861 aut
1374 3807 1545 3874 loqui,
1571 3805 1902 3859 automnino
1923 3804 2098 3860 facere
2123 3807 2269 3861 vide-

697 3908 875 3958 batur.
913 3901 1093 3971 Fingit
1124 3914 1251 3955 vero
1285 3899 1361 3967 (2)
1390 3897 1663 3967 egregium
1689 3904 2008 3965 praetextum
2052 3898 2266 3966 tegendi

699 3993 984 4064 probrum.
1030 3989 1116 4045 Ait
1141 3988 1380 4058 acceptis
1402 4002 1429 4039 a
1456 3988 1671 4041 sultauo
1692 3985 1889 4040 litteris
1914 3984 1966 4039 in
1990 3985 2262 4071 Orientem

698 4083 897 4145 vorari,
921 4080 1124 4136 auxilio
1157 4080 1372 4133 futurus
1395 4076 1656 4131 adversus
1676 4074 1957 4130 Temerem
1983 4077 2263 4148 Srytham,

693 4175 783 4242 qui
818 4172 957 4228 bello
981 4173 1290 4225 lacesseret.
1317 4166 1460 4235 ,Fuit
1492 4168 1535 4223 is
1560 4165 1837 4232 Temercs,
1864 4168 1951 4223 cui
1979 4169 2123 4223 brevi
2150 4180 2269 4239 post

694 4264 839 4319 dedit
878 4275 1069 4332 poenas
1104 4274 1295 4315 eorum
1327 4273 1446 4328 quae
1488 4259 1653 4327 impia
1694 4257 1973 4324 gessisset,
2018 4266 2179 4326 atque
2213 4259 2263 4313 id

688 4355 836 4422 justo
860 4350 1146 4405 admodum
1182 4349 1409 4404 foenore.
1429 4347 1570 4415 Quia
1600 4357 1778 4402 tamen
1813 4349 2014 4403 sultani
2049 4349 2152 4403 illa:
2177 4350 2266 4403 lit—

693 4454 821 4499 tera;
850 4450 1144 4513 praetest
1177 4449 1332 4495 erant
1357 4453 1420 4493 ac
1454 4453 1637 4503 scena,
1661 4438 1875 4493 dicebat
1901 4439 2117 4509 quidem
2142 4455 2267 4509 pro-

2373 3258 2746 3328 βρυχώμενος.
2785 3261 2895 3314 Καὶ
2928 3262 3191 3331 ἐπεθύμει
3228 3264 3326 3331 μὲν
3364 3266 3580 3335 ταχέως
3615 3269 3945 3337 ἀπαλλαγῆο

2372 3366 2479 3413 ναι,
2514 3350 2667 3413 εἰδὼς
2695 3351 2908 3404 ἀνύσων
2942 3352 3095 3404 οὐδέν
3116 3370 3129 3384 ·
3164 3354 3428 3424 ᾐσχύνετο
3459 3357 3515 3410 δὲ
3542 3359 3641 3429 τὴν
3678 3363 3951 3432 ταχίστην

2373 3441 2693 3512 μεταϐολὴν,
2723 3445 2814 3496 καὶ
2850 3445 2897 3495 εἰ
2949 3444 3088 3510 δόξει
3129 3446 3367 3515 Εὔριπος
3411 3452 3507 3503 καὶ
3532 3451 3821 3516 ἀλλόκοτος
3852 3456 3953 3509 ἂν·-

2370 3532 2607 3601 θρωπος,
2659 3534 2914 3604 ὀρρωδῶν
2944 3536 3070 3599 τοὺς
3099 3537 3192 3589 ἀπ’
3226 3538 3389 3592 αὐτοῦ
3439 3542 3563 3594 τότε
3611 3543 3946 3612 φεύγοντας,

2371 3624 2462 3675 καὶ
2500 3625 2739 3692 φεύγων,
2785 3626 2875 3678 ὑπ’
2918 3627 3129 3704 ούδενδς
3169 3627 3524 3698 διωκόμενος,
3567 3633 3659 3685 καὶ
3692 3637 3804 3697 τοῖς
3838 3642 3951 3704 πρὸ

2367 3714 2461 3767 τοῦ
2505 3716 2598 3768 καὶ
2642 3716 2820 3784 λόγοις
2880 3698 2981 3770 καῖ’
3022 3721 3337 3789 πράγμασιν
3387 3722 3648 3787 ἐναντίως
3695 3727 3765 3778 τὰ
3824 3698 3950 3781 τότε

2369 3808 2670 3875 πράγματα
2713 3811 2808 3862 καὶ
2859 3810 2985 3872 τοὺς
3019 3810 3212 3878 λόγους
3249 3812 3596 3875 ἀποδεικνύς.
3640 3817 3753 3869 Καὶ
3788 3820 3838 3869 εί
3869 3820 3954 3872 δεῖ

2368 3899 2676 3971 συλλήϐδην
2723 3902 2784 3954 τὸ
2815 3903 2921 3966 πᾶν
2955 3902 3148 3965 εἰπεῖν,
3177 3904 3327 3956 οὐδὲν
3359 3905 3767 3975 διανοούμενος,
3796 3910 3828 3978 ἢ
3858 3909 3951 3962 λέ-

2366 4005 2499 4057 γων,
2529 3989 2947 4062 ἢέργαζόμενος
2977 3992 3169 4055 ἐοικὼς
3208 3998 3318 4056 τοῖς
3348 3984 3685 4065 ἔμπροσθεν,
3718 3999 3953 4069 ὕστερον

2367 4077 2521 4141 οὗτος
2549 4080 2817 4148 ἐφαίνετο.
2838 4080 3067 4134 Πλάττει
3091 4081 3154 4152 δὴ
3186 4082 3464 4152 πρόφασιν
3487 4085 3770 4156 εὐπρεπῆ,
3803 4088 3950 4143 ὥστε

2370 4172 2662 4225 συσκιάσαι
2693 4172 2753 4223 τὸ
2787 4167 2972 4242 αἶσχος
3012 4173 3186 4226 καὶτὸ
3220 4174 3461 4242 πλάσμα.
3502 4176 3791 4245 Ἐφασκεν
3828 4181 3951 4230 ἐπι-

2366 4260 2562 4322 στολὰς
2591 4262 2832 4328 δεδέχθαι
2862 4262 3237 4327 σουλτανικάς,
3258 4267 3750 4334 προσκαλουμένας
3784 4270 3952 4321 αὑτὸν

2362 4353 2420 4415 ἐς
2446 4352 2541 4415 ἔω,
2565 4350 2704 4404 ὥστε
2738 4353 2951 4421 βοηθεῖν
2979 4353 3189 4420 ἐκείνῳ,
3216 4354 3320 4409 ὑπὸ
3346 4354 3438 4408 τοῦ
3470 4357 3682 4409 Σκύθου
3710 4359 3949 4427 Τεμήρη

2368 4441 2760 4513 πολεμουμένῳ
2778 4454 2793 4473 ⁸
2824 4442 2881 4505 ὃς
2909 4438 2996 4513 ἦν,
3017 4436 3060 4511 ᾧ
3084 4446 3279 4515 μικρὸν
3307 4445 3533 4517 ὕστερον
3557 4446 3728 4511 αὐτὸς
3756 4449 3955 4501 ἐδεδώ-

694 4529 818 4603 pere
844 4532 1290 4587 transmissurum
1317 4529 1749 4598 Hellespontum,
1771 4544 1891 4584 cum
1912 4530 2071 4585 nollet
2095 4540 2268 4586 trans-

2371 4550 2457 4587 κει
2488 4532 2642 4600 δίκην
2677 4527 2751 4586 ὧν
2778 4534 3040 4605 ⁴ἠσεϐήκει
3064 4552 3077 4565 ·
3120 4538 3211 4589 καὶ
3242 4515 3453 4607 ταύτην
3478 4540 3575 4592 σὺν
3609 4541 3759 4610 τόκῳ
3804 4543 3952 4611 μάλα

692 4627 932 4678 mittere.
972 4621 1141 4675 Lente
1172 4621 1358 4688 itaque
1385 4618 1666 4683 incedens,
1696 4618 1927 4673 multum
1962 4628 2165 4689 tempus
2189 4620 2270 4674 in-

2364 4623 2577 4689 δικαίῳ.
2621 4624 2761 4678 Ἀλλ’
2796 4626 3025 4695 ἐπείπερ
3060 4627 3257 4695 σκῆψις
3289 4624 3355 4698 ἦν
3397 4630 3492 4681 καὶ
3528 4631 3705 4699 σκηνὴ
3742 4635 3814 4683 τὰ
3857 4634 3952 4684 τοῦ

691 4716 857 4767 sumit
890 4730 906 4766 :
938 4721 1101 4779 atque
1147 4719 1209 4765 ut
1255 4709 1412 4772 velis,
1440 4710 1520 4763 sic
1549 4709 1688 4763 clam
1741 4709 1973 4779 fugiens,
2027 4720 2271 4763 moratur

2368 4712 2661 4764 σουλτάνου
2692 4714 3015 4783 γράμματα,
3040 4716 3101 4768 τὸ
3122 4717 3371 4786 διαϐῆναι
3408 4718 3666 4771 σπεύδειν
3695 4722 3795 4774 τὸν
3829 4725 3951 4776 Ἐλ-

691 4819 819 4857 vero
852 4806 904 4857 in
947 4801 1203 4863 Thracia,
1232 4800 1454 4869 illicque
1487 4800 1785 4853 exercitum
1817 4801 1978 4868 cogit,
2016 4803 2175 4865 unde,
2206 4816 2269 4855 ac

2365 4799 2666 4868 λήσποντον
2713 4802 2869 4870 ἔλεγε
2908 4806 3028 4873 μὲν,
3069 4806 3171 4859 οὐκ
3213 4807 3465 4861 ἐϐούλετο
3498 4810 3579 4863 δέ.
3633 4811 3952 4865 Ἀναλίσκει

604 4926 609 4937 ι
689 4904 954 4962 quantum
992 4907 1089 4962 per
1135 4888 1452 4944 facultatem
1493 4898 1702 4957 posset,
1742 4888 2097 4957 ingentesque
2134 4891 2267 4945 adeo

2366 4892 2427 4944 δὲ
2480 4893 2669 4961 χρόνον
2717 4895 2779 4946 οὐ
2825 4899 3078 4965 σμικρὸν,
3112 4898 3277 4969 βάδην
3316 4902 3692 4971 πορευόμενος
3725 4920 3740 4935 ο
3789 4905 3841 4955 ει
3894 4905 3953 4955 δὲ

764 5031 842 5098 (1)
876 5029 1169 5095 Desperans
1199 5046 1253 5083 se
1277 5029 1566 5098 quidquam
1592 5024 1974 5145 constaturam.
2004 5023 2118 5078 Sibi
2136 5023 2256 5104 με·

766 5102 814 5145 ρι
848 5114 913 5145 ac
964 5099 1117 5145 fratri
1147 5099 1481 5145 blandiatur.
1512 5103 1571 5145 ut
1591 5109 1652 5145 ea
1725 5105 1947 5145 atazetts
1983 5109 2252 5145 rearessuo

689 5094 913 5155 nueiac
949 5094 1481 5173 _fra_tri4blandiatu;t_',
1512 5103 1652 5173 utea
1678 5094 1947 5173 liajazetis
1983 5094 2252 5173 regressio

688 5168 1291 5243 desperationis__fuerit
1340 5182 1370 5219 a
1415 5164 1690 5243 Theodori
1725 5173 1897 5243 metu,
1927 5178 2032 5215 non
2073 5164 2246 5229 magis

687 5234 993 5309 prudentia:
1022 5237 1395 5309 bellicaa._qua
1426 5234 1683 5309 majorem
1717 5234 2018 5309 exercitum
2051 5245 2247 5309 cogen-

685 5299 819 5379 itum_
849 5308 1144 5379 putaverit,
1165 5321 1231 5361 ac
1258 5299 1382 5379 belli
1418 5302 1548 5379 moli
1582 5300 2075 5379 p3rem._Sie_bene
2101 5299 2243 5351 indi-

681 5388 772 5431 Cal
802 5370 1072 5441 Laonicus
1104 5377 1139 5429 Ι.
1177 5392 1236 5441 ιι,
1280 5375 1373 5429 ubi
1406 5374 1568 5425 etiam
1600 5370 1854 5422 Brauezis
1907 5370 2059 5421 ducis
2092 5382 2251 5420 exer-

684 5458 830 5501 citus
878 5438 1170 5513 Bajazetis,
1222 5438 1315 5513 qui
1349 5441 1513 5512 paulo
1550 5441 1971 5513 postponitur,
2004 5452 2096 5513 res
2128 5452 2248 5513 per-

684 5518 908 5583 stringit
945 5507 1009 5568 ac
1050 5507 1513 5579 exordii-quem
1550 5509 1824 5583 βρευέζην
1864 5508 2094 5583 appellat
2130 5522 2143 5557 :
2180 5507 2246 5558 de

682 5602 791 5653 quo
821 5577 1015 5637 iterum
1051 5586 1116 5635 ad
1151 5577 1420 5635 calcemll.
1453 5594 1525 5629 Iv.
1549 5578 1741 5653 Narrat
1771 5577 2043 5628 Phrauzes
2070 5577 2105 5626 I.
2136 5590 2173 5634 ι,
2196 5590 2246 5626 c.

684 5649 772 5713 5'9.
797 5670 915 5719 quae
948 5658 1032 5707 hic
1062 5654 1273 5705 Manuel
1298 5660 1441 5704 tacet
1472 5649 1772 5719 {nimirum
1796 5659 2020 5697 causam
2049 5659 2111 5695 ex
2133 5658 2237 5711 qua

680 5716 959 5792 liajaietes
991 5723 1281 5775 Theodoro
1318 5718 1581 5792 infensior
1612 5716 1789 5792 factus
1824 5722 1969 5765 esset
2001 5728 2014 5762 :
2048 5726 2239 5792 nempe

681 5781 825 5865 quod
872 5794 1075 5847 Paulus
1110 5792 1453 5845 Mammouas
1499 5787 1565 5837 de
1599 5786 1644 5836 vi
1681 5792 1908 5852 questus
1944 5781 2084 5849 apud
2112 5797 2237 5833 eum

2367 5024 2593 5105 fuisset,
2628 5042 2692 5081 ac
2718 5037 2902 5105 erepta
2929 5031 3303 5105 Monembasia
3341 5032 3587 5098 civitate,
3622 5051 3801 5105 quam
3860 5040 3953 5092 ille

2363 5093 2661 5167 regendam
2701 5093 3024 5165 accepiSSet,
3063 5117 3125 5153 ac
3159 5102 3396 5167 Bujazeti
3427 5093 3668 5157 deditam
3707 5116 3949 5160 tenerrt.

2434 5164 2512 5241 t2)
2553 5162 2733 5241 Fingit
2784 5162 2921 5241 vero.
2972 5162 3269 5241 Lateitun—c
3308 5174 3561 5225 sultantts
3599 5173 3854 5241 [Egypto
3888 5193 3953 5228 ac

2360 5232 2989 5310 Syriae'doiuipabatur.
3042 5240 3129 5310 eu_i
3182 5252 3239 5291 ut
3274 5232 3953 5310 Bajazetesiattjvuiixisset

2352 5318 2484 5377 suas
2501 5305 2705 5377 copias,
2740 5304 2885 5377 haud
2916 5305 3055 5377 @rte
3089 5304 3367 5373 Temeres,
3404 5326 3500 5363 seu
3544 5304 3948 5377 Tanierlanus,

2349 5371 2889 5446 ambosg'deviciuet.
2920 5374 3134 5446 Fortior
3169 5371 3367 5446 quippe
3404 5380 3583 5433 virtus
3621 5382 3801 5433 unita.
3837 5371 3951 5433 Pu;

2350 5441 2483 5513 tavit
2522 5442 2824 5513 Bajazetes,
2872 5445 3016 5510 quod
3070 5441 3317 5513 plerique
3357 5457 3635 5510 nostrum,
3674 5449 3783 5501 sibi
3826 5465 3950 5503 mc-

2352 5510 2461 5585 lius
2496 5510 2828 5585 consultum,
2864 5520 2936 5585 ut‘
2969 5510 3285 5570 accessione
3316 5518 3501 5583 aliqua
3544 5518 3766 5584 imperii
3810 5532 3945 5585 pro-

2350 5578 2773 5653 prii_te_rt_uinos
2812 5580 3101 5645 proferret,
3156 5600 3321 5650 quam
3358 5578 3426 5636 ut'
3468 5578 3712 5637 alienum
3766 5578 3939 5653 a'po-

2354 5646 2573 5722 t_enti_ori
2609 5647 2979 5722 invadente.__a
3016 5666 3126 5722 quo
3171 5646 3345 5719 ipsius
3382 5656 3741 5722 postmodum
3779 5646 3943 5710 in'va-

2350 5715 2587 5767 dendum
2614 5724 2775 5781 esset,
2805 5718 3007 5769 auxilio
3032 5715 3370 5776 defenderet.
