4208 6444
257 450 359 509 23?

1034 416 1425 514 'I‘ItEODORI
1468 456 1823 514 ItESl‘t’)T.-E
1866 450 2250 511 uenatio
2290 450 2699 510 FUNEnuts.

3385 449 3493 511 2⁸ὶῖ

240 564 459 629 βούλει,
523 566 737 632 φεύγων
794 566 990 618 οὑτωσὶ
1046 565 1257 633 λάθρα·
1308 566 1575 633 διατρίϐει
1634 566 1689 618 δὲ
1745 568 1839 619 ὲν.

1909 562 2111 628 cupias,
2149 571 2204 611 ιιι
2243 561 2328 622 iis,
2374 559 2723 625 I’t'IOpmtlleSi
2770 556 3042 627 negotium
3088 567 3256 610 totum
3304 566 3493 612 conte-

236 658 430 727 Θρᾴκη
457 676 470 689 ·
506 661 723 725 συνάγει
758 660 811 712 δὲ
846 659 1125 726 στρατιὰν,
1164 658 1285 710 ὅθεν
1340 676 1396 710 τε
1430 660 1523 709 καὶ
1555 661 1700 718 ὅπως
1736 653 1802 724 ἦν

236 749 470 803 δυνατὸν
522 750 687 819 αὐτῷ,
724 751 1083 821 νομιζομένην
1118 753 1291 804 πάντα.
1325 753 1545 819 ποιῆσαι
1590 750 1655 802 τὰ
1685 750 1803 803 καθ’

238 842 396 908 ὑμῶν
429 844 546 895 οἷαν
576 862 632 895 τε
670 842 809 897 εἷναι
833 862 845 875 ·
879 847 1087 909 πέμπει
1134 843 1189 894 δὲ
1224 842 1430 912 ταύτην
1472 844 1804 912 ληϊζομένην

238 937 421 987 νᾶσαν
452 937 551 1004 τὴν
579 937 680 1003 γῆν
719 937 812 988 τοῦ
852 936 1013 1004 μηδὲν
1062 935 1243 1003 ἕτερον
1276 937 1599 1001 ἠδικηκότος
1643 936 1805 985 αύτξν

233 1027 265 1093 ἦ
300 1027 360 1079 τὸ
412 1029 485 1097 μὴ
532 1028 707 1096 τούτῳ
738 1028 1141 1096 παρεσχηκέναι
1178 1027 1253 1096 τῷ
1290 1028 1505 1096 θανάτῳ
1560 1027 1652 1078 καὶ
1695 1030 1803 1087 τοῖς

236 1119 465 1185 αἴμασιν
514 1121 845 1187 ἐντρυφῆσαι
896 1122 1006 1181 τοῖς
1054 1119 1236 1172 αὑτοῦ.
1298 1120 1672 1184 Καταγγέλλει
1729 1121 1805 1186 τῷ

233 1212 550 1281 στρατηγῷ,
580 1212 852 1281 Βρανέζης
883 1212 1052 1281 ὄνομα
1084 1212 1259 1279 αὐτῷ·
1300 1212 1412 1264 ἴστε
1441 1214 1495 1264 δὲ
1526 1213 1615 1265 τὸν
1652 1212 1804 1265 τοῦδε

232 1305 454 1371 τρόπον,
487 1305 580 1356 καὶ
606 1306 702 1372 τὴν
734 1305 874 1356 κατὰ
905 1295 1011 1356 τῶν
1041 1305 1250 1356 πιστῶν
1291 1304 1516 1373 ἔχθραν,
1557 1305 1631 1365 ὼς
1661 1305 1803 1356 ἔστιν

230 1396 636 1464 ἀπαράμιλλος,
692 1396 918 1466 μηδενὸς
954 1396 1228 1463 φείδεσθαι
1253 1412 1266 1426 ·
1301 1396 1475 1459 οὕτως
1506 1394 1574 1467 ἦν
1614 1397 1803 1466 ἐκείνῳ

230 1487 375 1550 ζέων
397 1488 423 1537 ὁ
446 1488 637 1555 θυμός.

307 1577 383 1628 Ού
416 1575 524 1644 μὴν
555 1575 667 1629 ἀλλ’
698 1570 767 1644 ἦν
791 1593 844 1627 τι
874 1578 964 1629 καὶ
997 1577 1305 1644 ἀναγκάζον
1340 1576 1589 1647 ἀθροῖσαι
1618 1594 1674 1630 τε
1711 1578 1804 1630 καὶ

236 1662 455 1731 πέμψαι
488 1662 686 1731 πολλήν
715 1679 834 1715 τινα
868 1664 1124 1733 στρατιὰν
1160 1668 1306 1735 μάλα
1336 1669 1554 1720 αὐτίκα.
1582 1669 1653 1720 0'3
1696 1671 1802 1739 γὰρ

230 1748 303 1818 ἦν
332 1755 424 1806 καὶ
455 1754 523 1807 τὰ
544 1755 779 1824 φρούρια
803 1755 1091 1821 σώζεσθαι,
1132 1761 1225 1810 καὶ
1246 1759 1312 1822 ἃς
1340 1763 1588 1829 κατεῖχεν
1617 1763 1805 1814 ἐνταυ-

234 1847 323 1898 θοῖ
351 1847 472 1898 τότε
499 1848 699 1911 πόλεις³
734 1847 810 1917 μὴ
840 1850 937 1915 τὴν
968 1850 1230 1918 ταχίστην
1267 1852 1520 1919 βοηθείας
1549 1854 1798 1923 τυχόντα.

1915 666 2108 705 Ctut'us
2132 653 2420 705 videretur.
2447 652 2609 704 Mittit
2636 662 2813 706 autem
2828 653 2920 721 qui
2954 652 3074 714 eius
3107 656 3245 705 lianc
3277 654 3486 703 ttniver-

1911 759 2027 797 san.
2057 745 2327 812 regionem
2358 745 2698 812 populentur,
2724 744 2813 811 qui
2840 743 2972 795 nihil
2994 742 3291 811 quidquam
3320 742 3489 793 laesis-

1911 846 2013 895 set,
2042 852 2202 903 quam
2226 847 2363 890 utne
2392 838 2581 890 mortis
2610 837 2723 903 ipse
2753 850 2865 889 sua:
2895 851 2957 888 ac
2991 838 3203 889 cruoris
3231 834 3490 900 gaudium

1914 928 2104 981 belline
2136 929 2355 983 faceret.
2383 930 2551 983 Porro
2579 929 2736 997 jubet
2761 928 2929 981 tuisso
2958 928 3107 991 duci,
3136 927 3369 979 Bt':tnl"s
3398 944 3493 977 no-

1915 1018 2061 1070 tnine
2095 1018 2257 1086 (ejus
2298 1034 2424 1073 vero
2460 1019 2676 1073 habetis
2724 1027 3032 1084 compertos
3088 1031 3287 1078 mores,
3324 1028 3493 1082 utque

1914 1110 2325 1179 incomparabili
2397 1114 2525 1164 odio
2573 1120 2998 1179 prosequeretur
3042 1109 3274 1175 ﬁdeles,)
3327 1121 3385 1162 nt.
3426 1126 3493 1163 ne

1912 1201 1999 1253 cui
2034 1211 2218 1268 parcat
2258 1218 2272 1255 :
2304 1203 2384 1258 sic
2412 1203 2669 1256 nimirum
2696 1201 2817 1271 ejus
2842 1204 2994 1257 furor
3026 1201 3371 1256 eﬂerbuerat.

1980 1560 2251 1614 Ceterum
2302 1572 2418 1615 erat
2461 1578 2569 1630 quo
2613 1564 2871 1629 grandem
2914 1565 3211 1617 exercitum
3265 1580 3487 1618 necesse

1913 1653 2136 1707 haberet
2163 1670 2377 1720 cogere,
2419 1670 2481 1707 ac
2511 1656 2756 1709 subsidio
2795 1658 3028 1710 mittere.
3061 1656 3177 1709 Non
3212 1659 3355 1711 enim
3386 1676 3485 1726 po-

1913 1753 2053 1797 terat
2086 1754 2139 1798 et
2175 1746 2424 1813 praesidia
2454 1762 2695 1809 servare,
2731 1763 2794 1802 ac
2828 1764 2965 1817 quas
2996 1749 3083 1802 bic
3115 1760 3240 1803 tunc
3276 1760 3487 1815 tempo-

1912 1836 1987 1889 ris
2025 1839 2327 1905 occupabat
2361 1842 2547 1900 urbes,
2588 1841 2689 1892 nisi
2746 1841 2833 1893 illa
2871 1843 3353 1910 pra-sentissimnm
3386 1859 3487 1895 au-

245 1937 488 1989 Ἐδέοντο
522 1936 630 2006 γὰρ
659 1939 973 2009 ἐπικουρίας
1010 1941 1376 2009 παντοδαπῆς,
1417 1944 1506 2011 ὑφ’
1533 1945 1687 2013 ὑμῶν
1709 1962 1801 1997 πο-
1834 1928 1839 1983 Ῑ

1908 1929 2095 1983 xilium
2140 1944 2338 1997 priesto
2374 1931 2653 1986 baberent.
2698 1933 2862 1989 Vobis
2898 1936 3098 2004 quippe
3122 1941 3487 2004 expugnanti.

229 2027 597 2096 λιορκούμενα
616 2067 631 2093 ,
662 2030 755 2082 καὶ
786 2033 849 2100 τῇ
897 2031 1005 2082 τῶν
1036 2033 1350 2099 ἀναγκαίων
1403 2035 1575 2104 ὲνδεέᾳ
1616 2036 1800 2090 ταλαι-

230 2123 584 2189 πωρούμενα.
608 2122 673 2172 Al
703 2122 800 2189 μὲν
816 2119 907 2175 οὖν
934 2124 1283 2189 παρασκευαὶ
1305 2124 1497 2191 δειναὶ,
1514 2129 1543 2178 ό
1563 2127 1618 2178 δὲ
1641 2145 1803 2199 στρα-

228 2210 400 2280 τηγὸς
442 2211 626 2279 ὠμός*
661 2213 694 2283 ἠ
745 2213 801 2266 δὲ
838 2216 1065 2282 στρατιά
1110 2216 1278 2287 πολλὴ
1320 2221 1414 2271 καὶ
1451 2217 1675 2283 εῠσπλος
1702 2222 1800 2289 οὐχ

232 2298 399 2372 ἦττον
428 2304 460 2373 ἢ
494 2303 746 2367 εὔῖππος.
767 2305 847 2358 Τὰ
874 2307 931 2359 δὲ
955 2307 1254 2376 πράγματα
1286 2311 1413 2378 ἡμῖν
1436 2310 1647 2379 ἐξίτηλα
1678 2314 1803 2364 πο),-

230 2392 463 2461 λαχόθεν
482 2410 497 2424 ⁸
523 2394 618 2449 καὶ
641 2398 849 2466 προσῆν
872 2398 931 2449 τὸ
951 2400 1076 2462 τοὺς
1095 2399 1321 2468 ἐχθροὺς
1341 2401 1612 2468 ἡγεμόνας
1631 2403 1801 2471 ίσχειν

232 2485 465 2547 πολλοὺς
493 2486 601 2539 τῶν
654 2489 760 2540 ἀπὸ
789 2487 886 2557 τῆς
922 2490 1125 2559 χώρας,
1173 2493 1644 2561 παρακαλοῦντας,
1685 2496 1801 2558 πῶς

234 2576 363 2638 οἴει,
425 2578 519 2631 καὶ
562 2579 963 2649 παροξύνοντας
1004 2584 1083 2643 είς
1136 2584 1204 2635 τὰ
1258 2586 1377 2638 καθ’
1433 2586 1609 2655 ἡμῶν,
1671 2586 1701 2636 ἢ
1744 2587 1801 2639 τό

231 2682 297 2732 γε
334 2666 695 2737 ἀληθέστερον
726 2672 921 2737 εἰπεῖν,
950 2674 1027 2736 εἰς
1072 2676 1139 2726 τὰ
1172 2674 1291 2727 καθ’
1321 2675 1517 2731 αὐτῶν.

306 2946 384 2998 υύ
417 2944 522 3015 μὴν
551 2945 666 2999 ἀλλ’
681 2945 802 2997 οὐδὲ
832 2946 1006 2998 ἐκεῖνο
1040 2947 1095 2998 τὸ
1118 2947 1424 3001 δεινότατον
1454 2951 1625 3016 ἀπῆν,
1662 2946 1801 3021 ἦσαν

226 3038 345 3109 γὰρ
368 3038 417 3090 οἳ
450 3038 885 3107 προσεκαλοῦντο
916 3039 1139 3102 τούτους
1176 3042 1399 3094 εἰσιέναι
1426 3044 1514 3094 τὸν
1558 3044 1797 3112 Ἰσθμὸν,

230 3132 660 3201 ὑπισχνούμενοι
689 3133 1019 3203 χορηγήσειν
1056 3134 1238 3196 αὐτοῖς
1274 3135 1484 3203 ἄφθονα
1514 3137 1580 3188 τὰ
1607 3139 1799 3206 enim.

227 3222 378 3276 δεισ..
410 3224 624 3276 Τούτων
656 3224 711 3275 δὲ
742 3224 801 3276 ού
832 3227 1061 3291 σμικρὸν
1090 3224 1337 3288 ἕκαστον,
1368 3225 1483 3278 ἀλλ’
1516 3228 1695 3280 ίκανδν
1724 3228 1800 3297 τῷ

231 3316 511 3383 πέμποντι
532 3316 627 3384 μὲν
642 3317 743 3383 τὴν
774 3317 1033 3384 στρατιὰν
1058 3318 1292 3386 χρηστὰς
1315 3322 1618 3387 παρασχεῖν
1649 3320 1803 3372 ἐλπίτ

226 3408 355 3469 δας,
378 3410 487 3468 τοῖς
511 3406 567 3459 δὲ
593 3407 935 3477 προσδοκῶσι
955 3410 1055 3477 τὴν
1070 3408 1270 3476 ταύτης
1286 3409 1474 3476 ἔφοδον
1497 3411 1804 3477 ἀπόγνωσιν

223 3478 673 3567 inmensaiva
687 3502 783 3567 μὲν
806 3496 899 3552 οὖν
912 3500 1081 3553 ταῦτα
1106 3502 1357 3569 καθάπερ
1376 3502 1530 3571 ἔφην·
1550 3504 1648 3554 οὐκ
1672 3505 1804 3554 ἀπο-

223 3590 461 3659 δεδήκει
500 3591 554 3642 δὲ
602 3591 740 3643 κατά
774 3592 1021 3660 γνώμην-
1039 3591 1230 3661 τάνδρὶ
1261 3594 1659 3663 τούγχείρημα.
1698 3594 1804 3645 Καὶ

220 3686 281 3738 τί
318 3686 462 3750 λέγω
488 3684 629 3736 κατὰ
654 3684 900 3752 γνώμην,
935 3686 1021 3737 ὅτε
1049 3682 1143 3735 καὶ
1169 3683 1299 3751 πρὸς
1322 3685 1627 3737 τούναντίον
1654 3685 1803 3753 αὐτῷ

220 3776 303 3831 τὰ
331 3777 440 3829 τῶν
476 3776 703 3828 ἐλπίδων
733 3777 1138 3845 ἀντέστραπτος
1172 3776 1307 3830 Οὔτε
1344 3777 1451 3845 γὰρ
1479 3776 1729 3847 εἰσῄεσαν
1767 3780 1798 3848 ὴ

224 3865 491 3930 στρατιὰ,
522 3864 973 3933 προειληςιμέιιων
1001 3865 1090 3933 ὑφ’
1128 3866 1281 3933 ὑμῶν
1308 3866 1413 3917 τῶν
1442 3866 1633 3935 χώρων
1659 3869 1801 3919 ἐκεί-ι

222 3976 359 4018 νων,
393 3949 454 4008 οὗ
494 3957 650 4026 στενή
676 3974 758 4019 τις
790 3952 857 4025 ἦν
881 3957 1018 4019 ὁδὸς,
1050 3960 1140 4009 καὶ
1167 3956 1415 4024 λιθώδης,
1450 3958 1541 4010 καὶ
1569 3960 1802 4027 ἀνάντης

226 4050 326 4101 καὶ
360 4047 498 4109 ὅλως
526 4046 787 4109 δύσϐατος
815 4063 828 4076 ·
866 4048 924 4099 τό
963 4063 1019 4097 τε
1062 4048 1221 4116 κενὴν
1254 4048 1424 4118 αὐτὴν
1462 4049 1801 4118 ὑποστρέψαι

218 4140 566 4193 ἀποδέδωκα
599 4140 776 4203 πάσας
808 4140 903 4201 τὰς
938 4139 1118 4201 πόλεις
1149 4142 1245 4202 τὰς
1269 4141 1372 4193 ὑπὸ
1405 4141 1513 4191 τῶν
1544 4141 1802 4208 Τούρκων

220 4248 474 4302 κατεσχη
485 4233 657 4301 μένας
675 4232 753 4300 τῷ
781 4232 1005 4293 δικαίως
1028 4236 1122 4284 καὶ
1144 4232 1343 4298 καλῶς,
1360 4233 1453 4285 καὶ
1482 4234 1803 4302 κεκτημένῳ

214 4327 440 4389 ταύτας
496 4325 602 4394 πρὸ
641 4324 756 4390 τοῦ,
788 4325 884 4376 καὶ
916 4325 1243 4395 κτησαμόνῳ
1282 4326 1611 4394 μετέπειτα·
1643 4325 1705 4377 τὸ
1743 4325 1801 4378 δὲ

217 4420 453 4471 πάντων
474 4416 779 4478 κάλλιστον,
801 4416 883 4468 δτι
903 4415 995 4467 καὶ
1017 4416 1115 4469 σὺν
1132 4415 1272 4484 τόκῳ
1292 4416 1491 4476 ταύτας
1508 4415 1797 4483 ἀπείληφε.

1906 2022 2029 2084 bus,
2063 2038 2126 2077 ac
2158 2039 2278 2075 cum
2316 2028 2605 2078 necessarii
2641 2040 2980 2081 commeatus
3015 2030 3242 2095 penuria
3273 2031 3485 2084 lalzora-

1906 2123 2045 2178 rent,
2083 2117 2311 2169 omnino
2339 2132 2555 2170 necesse
2593 2127 2733 2182 erat,
2766 2128 2823 2172 ιιι
2863 2121 3113 2187 presenti
3146 2122 3235 2175 ille
3282 2124 3485 2176 auxilio

1906 2206 2162 2273 praesidio
2194 2218 2358 2263 esset.
2410 2207 2535 2261 Erat
2588 2211 2771 2278 itaque
2800 2211 2989 2280 ingens
3019 2225 3337 2281 apparatus.
3374 2217 3481 2269 dux

1904 2297 2180 2351 exercitus
2216 2314 2416 2359 smus,
2443 2300 2701 2367 copiosus
2736 2302 2911 2365 miles,
2939 2318 3037 2358 nec
3067 2304 3264 2357 minori
3300 2324 3483 2359 armo-

1905 2400 2025 2438 rum
2076 2402 2235 2454 quam
2289 2404 2554 2456 equorum
2596 2402 2856 2457 apparatu
2902 2392 3204 2447 instructus
3236 2413 3250 2447 :
3286 2407 3487 2453 nostra:

1905 2491 2085 2533 autem
2130 2497 2215 2534 res
2262 2498 2326 2535 ex
2371 2484 2558 2537 multis
2593 2486 2762 2539 exiles
2799 2498 2977 2541 erant.
3030 2490 3109 2540 Ad
3155 2490 3291 2554 haec,
3341 2498 3484 2560 apud

1907 2570 2113 2624 hostem
2154 2574 2316 2625 duces
2347 2577 2629 2628 merebant
2650 2580 2967 2647 cumplures
2992 2582 3280 2651 indigenw.
3309 2588 3481 2650 Quam

1907 2676 2033 2712 vero
2070 2674 2226 2727 putas
2281 2666 2314 2716 ii
2349 2666 2701 2734 impellebant
2741 2686 2803 2723 ac
2836 2671 3157 2736 incitabant.
3206 2688 3263 2730 ut
3298 2688 3483 2733 nostra

1906 2754 2185 2807 invaderet
2214 2757 2235 2806 ?
2262 2766 2355 2809 aut
2391 2759 2533 2824 quod
2568 2762 2749 2814 verius
2786 2762 2856 2815 sit
2878 2762 3107 2829 dictum,
3135 2783 3255 2834 quae
3287 2785 3479 2823 eorum

1904 2856 2091 2898 essent
2125 2849 2341 2916 propria

1975 2940 2047 2989 Ae
2071 2956 2241 3007 neque
2264 2942 2392 2994 illud
2412 2945 2791 3011 gravissimum
2812 2946 3189 3005 abet-aLErant
3209 2952 3403 3021 siquidi
3424 2969 3481 3011 ω

1905 3031 1995 3098 qui
2030 3032 2325 3088 imitantes
2355 3036 2565 3103 ingredi
2603 3037 2895 3100 Isthmum.
2926 3046 3295 3098 necessarium
3329 3063 3483 3100 coin-

1906 3134 2140 3176 meatum
2162 3128 2391 3179 ubertim
2415 3130 2935 3189 snlnninistraturos
2960 3138 3285 3205 reciperent.
3315 3140 3484 3195 Erant

1906 3218 2018 3270 haec
2062 3218 2271 3286 singula
2304 3221 2446 3273 haud
2481 3222 2591 3290 ipsa
2624 3240 2719 3291 per
2744 3241 2801 3278 se
2823 3227 3006 3295 exigui
3040 3232 3321 3295 momenti,
3354 3235 3485 3300 quin

1909 3310 2072 3361 etiam
2106 3320 2261 3362 erant
2289 3312 2525 3376 abunde,
2572 3324 2630 3367 ut
2660 3316 2973 3372 immittenti
3000 3322 3303 3376 exercitum
3332 3329 3484 3391 spe’m

1909 3401 2100 3455 bonum
2147 3405 2471 3470 praeberem,
2506 3408 2927 3477 immissumqne
2958 3417 3403 3481 exspectantibus
3420 3434 3485 3473 ac

1910 3495 2253 3556 invasurum,
2297 3500 2729 3565 desperationem
2768 3503 3100 3572 ingererent.
3132 3507 3223 3563 Sic
3259 3526 3344 3565 res
3389 3514 3485 3566 lia-

1907 3586 2125 3650 bebant,
2157 3590 2233 3638 uti
2265 3589 2375 3641 dixi
2418 3606 2431 3641 ε
2475 3608 2572 3643 nec
2616 3601 2794 3645 tamen
2831 3606 3060 3652 conatus
3084 3600 3200 3655 viro
3247 3618 3310 3655 ex
3360 3616 3484 3657 voto

1906 3680 2189 3731 successit.
2228 3679 2365 3743 Quid
2400 3691 2583 3734 autent
2614 3698 2676 3735 ex
2712 3694 2835 3737 voto
2862 3688 3006 3747 dico,
3058 3692 3279 3756 quando
3314 3694 3479 3750 etiam

1908 3778 2016 3820 tota
2056 3770 2105 3821 in
2133 3774 2464 3825 contrarium
2509 3776 2673 3828 cessit
2702 3781 3080 3843 exspectatio?
3109 3779 3294 3851 Neque
3333 3785 3478 3837 enitn

1905 3866 2075 3926 copiae
2109 3859 2311 3927 ingredi
2347 3872 2666 3929 potuerunt,
2698 3882 2819 3918 eum
2862 3882 2958 3921 vos
2981 3873 3353 3937 oceupassetis
3381 3890 3480 3927 an-

1904 3961 2057 4019 gusta
2082 3952 2311 4016 itineris,
2344 3965 2687 4024 petras-aque,
2710 3968 2761 4011 et
2783 3961 2974 4023 ardua,
3006 3978 3067 4013 ac
3096 3964 3307 4032 penitus
3331 3966 3481 4021 inac-

1903 4058 2054 4096 cessa
2089 4062 2103 4098 :
2137 4062 2366 4115 quarunt
2410 4063 2601 4103 cassus
2637 4052 2863 4115 reditus,
2904 4055 3065 4106 urbes
3100 4070 3290 4112 omnes
3341 4077 3479 4124 quas

1907 4134 2071 4189 Turci
2120 4140 2483 4207 occupabant,
2526 4143 2673 4209 justc
2708 4144 2834 4196 olim
2880 4161 2942 4198 ac
2984 4148 3117 4201 bene
3154 4152 3478 4220 possidenti,

1904 4242 1967 4281 ac
2009 4230 2355 4297 postmodum
2408 4247 2749 4299 possessum,
2801 4238 3137 4303 postliminio
3191 4244 3477 4299 reddidit:

1902 4324 2256 4390 omniumque
2310 4324 2786 4389 praeclarissimum
2841 4329 2893 4380 id
2938 4330 3205 4393 videatur,
3245 4344 3304 4386 ut
3351 4351 3476 4389 cum

1902 4414 2075 4465 multo
2115 4416 2277 4466 etiam
2330 4414 2539 4467 fienore
2582 4418 2865 4484 receperit.
2906 4419 3074 4473 l’urro
3114 4426 3324 4491 appello
3378 4426 3477 4481 fue~

214 4514 393 4577 Λέγω
417 4510 473 4562 δὲ
501 4510 659 4561 τόκον
687 4509 783 4559 νῦν
804 4508 928 4570 τοὺς
953 4507 1325 4575 δορυαλώτους
1354 4509 1625 4576 φρουροὺς
1650 4508 1765 4559 ἐκεί
1783 4538 1795 4547 -
1824 4513 1839 4569 ]

1908 4520 2028 4565 nus,
2066 4517 2254 4573 captas
2294 4507 2645 4572 munitiones,
2676 4526 2795 4580 qua:
2834 4526 3019 4567 essent
3061 4532 3169 4569 non
3204 4534 3475 4587 spernen-

213 4619 381 4665 νους,
418 4601 479 4653 ού
512 4598 724 4669 φαύλην
754 4598 914 4661 ὄντας
947 4601 1139 4667 μοῖραν
1165 4598 1273 4650 τῶν
1302 4598 1601 4666 πολεμίων.

302 4694 470 4745 Ἐστι
506 4691 699 4753 ταῦτα,
738 4690 832 4743 καὶ
859 4690 1049 4761 βοᾶται
1079 4688 1345 4758 πολλαχοῦ
1376 4689 1503 4755 γῆς.
1552 4689 1713 4741 Ἀλλά
1742 4690 1802 4742 τὸ

215 4786 368 4838 πολὺ
393 4784 492 4851 τῆς
520 4783 773 4853 εὐτυχίας
798 4781 905 4835 τῶν
927 4782 1157 4845 ἀσεϐῶν,
1180 4782 1379 4851 μᾶλλον
1409 4782 1463 4833 δὲ
1496 4782 1555 4833 τὸ
1585 4781 1693 4835 τῶν
1715 4784 1802 4834 εύ-

212 4878 410 4931 σεῦῶν
438 4874 697 4944 δυστυχὲς
728 4876 791 4926 lx
816 4874 908 4926 τοῦ
932 4874 1007 4942 τῷ
1029 4874 1148 4941 Θεῷ
1176 4871 1551 4943 προσκρούειν,
1584 4873 1674 4925 τὸν
1706 4891 1803 4925 κα-

210 4973 532 5040 κοδαίμονα
550 4969 785 5037 δυσμενῆ
810 4968 1021 5021 πολλῶν
1041 4967 1306 5037 δεσπότην
1326 4970 1622 5035 ἀπέφηνεν,
1641 4962 1714 5021 ὧν
1737 4969 1802 5021 ἂν

204 5062 286 5136 ἦν
308 5061 503 5122 δοῦλος
534 5058 672 5111 πάνυ
702 5059 945 5120 δικαίως.
976 5058 1146 5111 Τοῦτο
1184 5059 1281 5127 τὴν
1310 5059 1475 5112 αὑτοῦ
1509 5059 1794 5128 στρατιὰν,

206 5160 301 5227 τῷ
319 5173 382 5209 τε
409 5153 622 5222 πλήθει,
643 5154 713 5221 τῇ
740 5168 797 5204 τε
823 5150 1072 5220 δυνάμει,
1105 5149 1238 5210 πολὺ
1258 5149 1450 5218 βελτίω
1479 5150 1798 5219 πεποίηκεν,
1824 5184 1830 5191 .

208 5251 399 5308 οὖσάν
430 5265 495 5316 γε
522 5248 617 5301 καὶ
636 5245 903 5314 πρότερον
920 5244 980 5297 ού
1008 5242 1269 5313 σμικρὰν,
1294 5244 1412 5296 οὐδὲ
1440 5243 1660 5310 ἀγεννῆ,
1681 5242 1801 5295 οὐδε

209 5347 342 5399 τῶν
376 5338 692 5409 πολεμικῶν
736 5337 980 5405 ἄπειρον,
1015 5334 1196 5404 ἠρέμα
1246 5352 1362 5396 πως
1393 5334 1802 5402 γυμνασθεῖσαν

204 5440 299 5506 τῷ
340 5432 542 5508 μακρῷ
573 5432 751 5503 χρόνῳ
783 5431 876 5483 καὶ
906 5429 1052 5498 πόνῳ
1080 5429 1265 5498 φέρειν
1298 5429 1364 5481 τὰ
1420 5428 1691 5481 λυποῦντα
1740 5429 1801 5481 τὸ

210 5534 422 5599 σῶμα,
450 5527 543 5579 καὶ
561 5524 834 5591 διαμένειν
855 5525 912 5576 εν
933 5520 1207 5590 ἀλλοτρίᾳ,
1226 5522 1300 5583 ὡς
1320 5522 1419 5573 οὐκ
1447 5519 1513 5573 ἀν
1534 5520 1619 5573 tu
1630 5536 1711 5590 ροι
1742 5524 1799 5572 ἐν

206 5622 381 5690 φιλίᾳ
412 5614 648 5689 [ισ.ίδίᾳ]
672 5615 880 5685 φυούσῃ
906 5616 1011 5666 πᾶν
1036 5613 1255 5680 ἀγαθόν.
1280 5612 1612 5680 Ταύτηνμὲν
1639 5629 1801 5679 στρα-

202 5714 352 5766 τιὰν
384 5710 569 5779 πατὴρ
606 5709 703 5778 μὲν
730 5708 877 5776 αὐτῷ
908 5704 1263 5759 καταλέλοιπε
1292 5705 1584 5771 δεξάμενος
1613 5707 1673 5757 ἐκ
1701 5704 1794 5757 τοῦ

205 5802 442 5871 πατρὸς
473 5800 568 5853 τοῦ
617 5799 751 5869 πρὸς
804 5798 1006 5859 πατοδς
1063 5797 1229 5865 αὐτὴν
1277 5796 1679 5863 διαδεξαμένου,
1722 5797 1798 5856 ὠς

201 5899 483 5957 κάκεῖνος
540 5893 606 5947 αὖ
649 5895 712 5945 ἐκ
745 5891 837 5945 τοῦ
882 5893 1171 5957 φύσαντος.
1218 5890 1609 5960 Ἐρτογρούλης
1646 5888 1793 5957 αὐτῷ

1907 4597 1973 4650 da
2003 4613 2127 4665 pars
2157 4598 2417 4653 hostium.

1978 4693 2052 4743 “‘l
2092 4693 2443 4751 resbabuere,
2481 4708 2543 4744 ac
2575 4693 2775 4760 ubique
2808 4697 3050 4764 gentium
3080 4702 3472 4765 prtedieantur.

1904 4781 2172 4834 Czeterum
2208 4782 2375 4834 multa
2406 4782 2721 4837 inﬁdelium
2754 4801 2815 4839 ac
2848 4787 3138 4854 impiorum
3200 4790 3470 4859 felicitas;

1905 4888 1999 4927 seu
2024 4875 2224 4940 potius,
2261 4875 2471 4941 piorum
2500 4891 2563 4929 ac
2603 4876 2694 4929 Dei
2738 4878 3037 4941 cultorum,
3074 4895 3139 4932 ex
3183 4895 3374 4935 eorum
3422 4888 3472 4937 in

1909 4965 2075 5019 Deum
2117 4966 2342 5031 oll'ensa,
2377 4968 2689 5033 infelicitas,
2718 4971 2953 5023 invisum
2976 4970 3085 5026 Deo
3106 4976 3311 5027 hostem
3335 4977 3475 5030 mul-

1908 5069 2085 5111 torum
2130 5060 2415 5111 dominum
2447 5062 2753 5124 constituit,
2779 5077 3013 5128 quorum
3062 5064 3152 5117 ille
3190 5064 3311 5132 iure
3372 5069 3474 5121 ad-

1907 5150 2125 5203 modum
2158 5165 2351 5204 servus
2380 5160 2515 5205 erat.
2548 5149 2695 5204 Fecit
2720 5167 2781 5205 ea
2813 5168 2899 5207 res
2932 5153 3087 5209 abeo
3104 5159 3473 5228 conscriptum

1904 5244 2153 5307 militem,
2179 5258 2409 5296 numero
2437 5259 2501 5297 ac
2536 5246 2738 5299 virtute
2766 5248 2924 5313 longe
2974 5250 3296 5312 auctiorem,
3343 5267 3468 5305 cum

1904 5351 2081 5404 neque
2108 5336 2311 5405 alioqui
2342 5337 2470 5389 olitn
2502 5338 2737 5400 exiguus
2754 5349 2920 5403 esset,
2958 5350 3053 5393 aut
3076 5341 3328 5408 ignavus,
3385 5346 3469 5399 vel

1904 5427 1981 5479 rei
2024 5426 2230 5479 bellica:
2262 5428 2448 5494 rudis;
2483 5429 2645 5499 longo
2675 5432 2878 5484 sensim
2927 5440 3173 5500 tempore
3234 5434 3470 5489 laboris~

1902 5534 2008 5587 que
2028 5520 2291 5573 exercitio
2319 5520 2553 5576 duratus
2580 5521 2820 5576 ferendis
2857 5524 3102 5578 molestis
3126 5524 3366 5592 corpori,
3406 5541 3472 5579 ac

1900 5614 2114 5675 doctus,
2146 5612 2424 5667 lubentius
2452 5616 2653 5669 morari
2695 5618 2747 5668 in
2788 5617 2988 5677 aliena.
3032 5632 3211 5687 .quam
3266 5618 3319 5675 iu
3366 5634 3467 5672 sua

1902 5702 2015 5764 alii,
2049 5704 2128 5756 vel
2162 5702 2207 5757 si
2232 5704 2479 5757 omnium
2537 5705 2801 5757 bonorum
2867 5705 3263 5759 feracissimam
3291 5706 3466 5760 dicas.

1903 5793 2011 5848 Has
2046 5796 2120 5848 illi
2149 5796 2334 5864 copias
2368 5796 2587 5864 reliquit
2623 5808 2798 5865 pater,
2842 5813 2963 5850 cum
3002 5796 3088 5850 ille
3111 5798 3414 5865 accepisset
3438 5812 3469 5850 a

1905 5897 2077 5953 patre,
2113 5888 2207 5956 qui
2242 5898 2297 5943 ct
2333 5888 2451 5958 ipse
2481 5905 2506 5940 ει
2540 5897 2695 5957 patre
2731 5900 3037 5955 acceperat,
3066 5900 3123 5943 ιιι
3148 5892 3235 5943 ille
3271 5892 3465 5941 ilctum
