  <div class='ocr_page' id='page_1' title='image "/cluster/home/n/w/nwhite01/storage/ocr_20150623/156/nnc1.0046980911/129.png"; bbox 0 0 4208 6444; ppageno 0'>
   <div class='ocr_carea' id='block_1_1' title="bbox 751 416 855 484">
    <p class='ocr_par' dir='ltr' id='par_1_1' title="bbox 751 416 855 484">
     <span class='ocr_line' id='line_1_1' title="bbox 751 416 855 484; baseline 0.087 -8"><span class='ocrx_word' id='word_1_1' title='bbox 751 416 855 484; x_wconf 69' lang='lat' dir='ltr'><strong>sn</strong></span> 
     </span>
    </p>
   </div>
   <div class='ocr_carea' id='block_1_2' title="bbox 1950 430 2841 502">
    <p class='ocr_par' dir='ltr' id='par_1_2' title="bbox 1950 430 2841 502">
     <span class='ocr_line' id='line_1_2' title="bbox 1950 430 2841 502; baseline 0.012 -12"><span class='ocrx_word' id='word_1_2' title='bbox 1950 430 2357 492; x_wconf 77' lang='lat' dir='ltr'><strong>MANUELIS</strong></span> <span class='ocrx_word' id='word_1_3' title='bbox 2398 436 2841 502; x_wconf 68' lang='lat' dir='ltr'><strong>PAUEOLOGI</strong></span> 
     </span>
    </p>
   </div>
   <div class='ocr_carea' id='block_1_3' title="bbox 3892 453 3995 519">
    <p class='ocr_par' dir='ltr' id='par_1_3' title="bbox 3892 453 3995 519">
     <span class='ocr_line' id='line_1_3' title="bbox 3892 453 3995 519; baseline -0.058 1"><span class='ocrx_word' id='word_1_4' title='bbox 3892 453 3995 519; x_wconf 73' lang='grc' dir='ltr'><strong>2ίὶ</strong></span> 
     </span>
    </p>
   </div>
   <div class='ocr_carea' id='block_1_4' title="bbox 752 543 2414 639">
    <p class='ocr_par' dir='ltr' id='par_1_4' title="bbox 752 543 2383 612">
     <span class='ocr_line' id='line_1_4' title="bbox 752 543 2383 612; baseline 0 -15"><span class='ocrx_word' id='word_1_5' title='bbox 752 544 824 597; x_wconf 81' lang='grc' dir='ltr'>1ἰ</span> <span class='ocrx_word' id='word_1_6' title='bbox 871 546 1017 598; x_wconf 89' lang='lat' dir='ltr'><strong>cnim</strong></span> <span class='ocrx_word' id='word_1_7' title='bbox 1058 546 1161 598; x_wconf 81' lang='lat' dir='ltr'><strong>ulla</strong></span> <span class='ocrx_word' id='word_1_8' title='bbox 1215 544 1457 612; x_wconf 73' lang='lat' dir='ltr'><strong>suspicio</strong></span> <span class='ocrx_word' id='word_1_9' title='bbox 1494 543 1689 599; x_wconf 72' lang='lat' dir='ltr'><strong>fabulae</strong></span> <span class='ocrx_word' id='word_1_10' title='bbox 1739 546 1923 600; x_wconf 78' lang='lat' dir='ltr'><strong>hostes</strong></span> <span class='ocrx_word' id='word_1_11' title='bbox 1974 547 2308 601; x_wconf 78' lang='lat' dir='ltr'><strong>insedisset:</strong></span> <span class='ocrx_word' id='word_1_12' title='bbox 2346 551 2383 605; x_wconf 80' lang='grc' dir='ltr'><strong>Α</strong></span> 
     </span>
    </p>
   </div>
   <div class='ocr_carea' id='block_1_5' title="bbox 2331 543 3993 639">
    <p class='ocr_par' dir='ltr' id='par_1_5' title="bbox 2346 551 3993 639">
     <span class='ocr_line' id='line_1_5' title="bbox 2346 551 3993 639; baseline 0.015 -41"><span class='ocrx_word' id='word_1_13' title='bbox 2346 551 2383 605; x_wconf 80' lang='grc' dir='ltr'><strong>Α</strong></span> <span class='ocrx_word' id='word_1_14' title='bbox 2418 567 2505 602; x_wconf 83' lang='grc' dir='ltr'><strong>νον</strong></span> <span class='ocrx_word' id='word_1_15' title='bbox 2560 553 2658 605; x_wconf 76' lang='grc' dir='ltr'>οὐκ</span> <span class='ocrx_word' id='word_1_16' title='bbox 2691 555 2757 607; x_wconf 81' lang='grc' dir='ltr'>ἄν</span> <span class='ocrx_word' id='word_1_17' title='bbox 2789 572 2914 607; x_wconf 79' lang='grc' dir='ltr'>ποτε</span> <span class='ocrx_word' id='word_1_18' title='bbox 2947 552 3058 623; x_wconf 72' lang='grc' dir='ltr'>εἶχε</span> <span class='ocrx_word' id='word_1_19' title='bbox 3085 558 3461 627; x_wconf 79' lang='grc' dir='ltr'>λυσιτελῆσαι.</span> <span class='ocrx_word' id='word_1_20' title='bbox 3498 562 3571 616; x_wconf 76' lang='grc' dir='ltr'><strong>τὸ</strong></span> <span class='ocrx_word' id='word_1_21' title='bbox 3610 565 3717 639; x_wconf 67' lang='grc' dir='ltr'><strong>γὰρ</strong></span> <span class='ocrx_word' id='word_1_22' title='bbox 3757 568 3993 639; x_wconf 74' lang='grc' dir='ltr'>δυνηθῆ-</span> 
     </span>
    </p>
   </div>
   <div class='ocr_carea' id='block_1_6' title="bbox 751 637 2316 705">
    <p class='ocr_par' dir='ltr' id='par_1_6' title="bbox 751 637 2316 705">
     <span class='ocr_line' id='line_1_6' title="bbox 751 637 2316 705; baseline 0.004 -20"><span class='ocrx_word' id='word_1_23' title='bbox 751 638 925 703; x_wconf 77' lang='lat' dir='ltr'><strong>palum</strong></span> <span class='ocrx_word' id='word_1_24' title='bbox 960 638 1158 705; x_wconf 81' lang='lat' dir='ltr'><strong>quippe</strong></span> <span class='ocrx_word' id='word_1_25' title='bbox 1186 650 1270 690; x_wconf 87' lang='lat' dir='ltr'><strong>res</strong></span> <span class='ocrx_word' id='word_1_26' title='bbox 1298 637 1479 689; x_wconf 86' lang='lat' dir='ltr'><strong>fabula</strong></span> <span class='ocrx_word' id='word_1_27' title='bbox 1548 648 1686 699; x_wconf 88' lang='lat' dir='ltr'><strong>erat,</strong></span> <span class='ocrx_word' id='word_1_28' title='bbox 1754 640 1959 704; x_wconf 86' lang='lat' dir='ltr'><strong>optima</strong></span> <span class='ocrx_word' id='word_1_29' title='bbox 2028 648 2159 690; x_wconf 84' lang='lat' dir='ltr'><strong>tune</strong></span> <span class='ocrx_word' id='word_1_30' title='bbox 2202 648 2316 692; x_wconf 88' lang='lat' dir='ltr'><strong>arte</strong></span> 
     </span>
    </p>
   </div>
   <div class='ocr_carea' id='block_1_7' title="bbox 749 727 2315 797">
    <p class='ocr_par' dir='ltr' id='par_1_7' title="bbox 749 727 2315 797">
     <span class='ocr_line' id='line_1_7' title="bbox 749 727 2315 797; baseline 0.003 -20"><span class='ocrx_word' id='word_1_31' title='bbox 749 731 1027 790; x_wconf 77' lang='lat' dir='ltr'><strong>adornata,</strong></span> <span class='ocrx_word' id='word_1_32' title='bbox 1071 727 1206 780; x_wconf 82' lang='lat' dir='ltr'><strong>nihil</strong></span> <span class='ocrx_word' id='word_1_33' title='bbox 1238 743 1474 796; x_wconf 79' lang='lat' dir='ltr'><strong>unquam</strong></span> <span class='ocrx_word' id='word_1_34' title='bbox 1527 729 1779 797; x_wconf 86' lang='lat' dir='ltr'><strong>juvisset.</strong></span> <span class='ocrx_word' id='word_1_35' title='bbox 1821 728 1953 782; x_wconf 90' lang='lat' dir='ltr'><strong>Tota</strong></span> <span class='ocrx_word' id='word_1_36' title='bbox 1988 728 2131 782; x_wconf 89' lang='lat' dir='ltr'><strong>enim</strong></span> <span class='ocrx_word' id='word_1_37' title='bbox 2176 730 2315 782; x_wconf 82' lang='lat' dir='ltr'><strong>ratio</strong></span> 
     </span>
    </p>
   </div>
   <div class='ocr_carea' id='block_1_8' title="bbox 749 820 2317 889">
    <p class='ocr_par' dir='ltr' id='par_1_8' title="bbox 749 820 2317 889">
     <span class='ocr_line' id='line_1_8' title="bbox 749 820 2317 889; baseline 0.001 -17"><span class='ocrx_word' id='word_1_38' title='bbox 749 837 798 872; x_wconf 78' lang='lat' dir='ltr'><strong>lli</strong></span> <span class='ocrx_word' id='word_1_39' title='bbox 829 820 1295 889; x_wconf 85' lang='lat' dir='ltr'><strong>possetohtinere,</strong></span> <span class='ocrx_word' id='word_1_40' title='bbox 1320 822 1387 874; x_wconf 90' lang='lat' dir='ltr'><strong>ah</strong></span> <span class='ocrx_word' id='word_1_41' title='bbox 1414 836 1479 874; x_wconf 88' lang='lat' dir='ltr'><strong>eo</strong></span> <span class='ocrx_word' id='word_1_42' title='bbox 1502 830 1638 884; x_wconf 88' lang='lat' dir='ltr'><strong>erat,</strong></span> <span class='ocrx_word' id='word_1_43' title='bbox 1675 830 1730 873; x_wconf 85' lang='grc' dir='ltr'><strong>ιιι</strong></span> <span class='ocrx_word' id='word_1_44' title='bbox 1755 831 1899 875; x_wconf 90' lang='lat' dir='ltr'><strong>esset</strong></span> <span class='ocrx_word' id='word_1_45' title='bbox 1928 822 2066 874; x_wconf 88' lang='lat' dir='ltr'><strong>clam</strong></span> <span class='ocrx_word' id='word_1_46' title='bbox 2114 820 2317 886; x_wconf 67' lang='lat' dir='ltr'><strong>Quum-</strong></span> 
     </span>
    </p>
   </div>
   <div class='ocr_carea' id='block_1_9' title="bbox 747 913 2318 983">
    <p class='ocr_par' dir='ltr' id='par_1_9' title="bbox 747 913 2318 983">
     <span class='ocr_line' id='line_1_9' title="bbox 747 913 2318 983; baseline 0.001 -18"><span class='ocrx_word' id='word_1_47' title='bbox 747 916 930 967; x_wconf 85' lang='lat' dir='ltr'><strong>obrem</strong></span> <span class='ocrx_word' id='word_1_48' title='bbox 988 916 1151 967; x_wconf 88' lang='lat' dir='ltr'><strong>etiam</strong></span> <span class='ocrx_word' id='word_1_49' title='bbox 1216 930 1337 968; x_wconf 88' lang='lat' dir='ltr'><strong>cum</strong></span> <span class='ocrx_word' id='word_1_50' title='bbox 1390 913 1537 968; x_wconf 87' lang='lat' dir='ltr'><strong>multi</strong></span> <span class='ocrx_word' id='word_1_51' title='bbox 1590 915 1770 983; x_wconf 85' lang='lat' dir='ltr'><strong>specie</strong></span> <span class='ocrx_word' id='word_1_52' title='bbox 1815 925 1968 969; x_wconf 67' lang='lat' dir='ltr'><strong>lenus</strong></span> <span class='ocrx_word' id='word_1_53' title='bbox 1994 932 2104 968; x_wconf 90' lang='lat' dir='ltr'><strong>rem</strong></span> <span class='ocrx_word' id='word_1_54' title='bbox 2168 916 2318 971; x_wconf 80' lang='lat' dir='ltr'><strong>vide-</strong></span> 
     </span>
    </p>
   </div>
   <div class='ocr_carea' id='block_1_10' title="bbox 749 1007 2311 1075">
    <p class='ocr_par' dir='ltr' id='par_1_10' title="bbox 749 1007 2311 1075">
     <span class='ocr_line' id='line_1_10' title="bbox 749 1007 2311 1075; baseline 0.002 -19"><span class='ocrx_word' id='word_1_55' title='bbox 749 1015 889 1066; x_wconf 83' lang='lat' dir='ltr'><strong>rent.</strong></span> <span class='ocrx_word' id='word_1_56' title='bbox 924 1019 1021 1059; x_wconf 89' lang='lat' dir='ltr'><strong>nec</strong></span> <span class='ocrx_word' id='word_1_57' title='bbox 1044 1007 1247 1060; x_wconf 80' lang='lat' dir='ltr'><strong>scirent</strong></span> <span class='ocrx_word' id='word_1_58' title='bbox 1282 1007 1424 1075; x_wconf 91' lang='lat' dir='ltr'><strong>quod</strong></span> <span class='ocrx_word' id='word_1_59' title='bbox 1455 1007 1728 1059; x_wconf 84' lang='lat' dir='ltr'><strong>orcultum</strong></span> <span class='ocrx_word' id='word_1_60' title='bbox 1752 1018 1915 1069; x_wconf 90' lang='lat' dir='ltr'><strong>esset,</strong></span> <span class='ocrx_word' id='word_1_61' title='bbox 1955 1008 2093 1061; x_wconf 83' lang='lat' dir='ltr'><strong>haud</strong></span> <span class='ocrx_word' id='word_1_62' title='bbox 2130 1022 2311 1060; x_wconf 82' lang='lat' dir='ltr'><strong>verum</strong></span> 
     </span>
    </p>
   </div>
   <div class='ocr_carea' id='block_1_11' title="bbox 748 1097 2314 1168">
    <p class='ocr_par' dir='ltr' id='par_1_11' title="bbox 748 1097 2314 1168">
     <span class='ocr_line' id='line_1_11' title="bbox 748 1097 2314 1168; baseline 0.003 -19"><span class='ocrx_word' id='word_1_63' title='bbox 748 1097 954 1161; x_wconf 83' lang='lat' dir='ltr'><strong>aliquid</strong></span> <span class='ocrx_word' id='word_1_64' title='bbox 989 1097 1323 1165; x_wconf 82' lang='lat' dir='ltr'><strong>cogitabant.</strong></span> <span class='ocrx_word' id='word_1_65' title='bbox 1381 1098 1673 1163; x_wconf 79' lang='lat' dir='ltr'><strong>Nimirum,</strong></span> <span class='ocrx_word' id='word_1_66' title='bbox 1718 1099 1863 1166; x_wconf 91' lang='lat' dir='ltr'><strong>quod</strong></span> <span class='ocrx_word' id='word_1_67' title='bbox 1912 1115 2017 1152; x_wconf 92' lang='lat' dir='ltr'><strong>non</strong></span> <span class='ocrx_word' id='word_1_68' title='bbox 2079 1102 2314 1168; x_wconf 85' lang='lat' dir='ltr'><strong>amplius</strong></span> 
     </span>
    </p>
   </div>
   <div class='ocr_carea' id='block_1_12' title="bbox 750 1188 2314 1260">
    <p class='ocr_par' dir='ltr' id='par_1_12' title="bbox 750 1188 2314 1260">
     <span class='ocr_line' id='line_1_12' title="bbox 750 1188 2314 1260; baseline 0.004 -21"><span class='ocrx_word' id='word_1_69' title='bbox 750 1188 912 1241; x_wconf 60' lang='lat' dir='ltr'><strong>ferret</strong></span> <span class='ocrx_word' id='word_1_70' title='bbox 940 1190 1200 1243; x_wconf 90' lang='lat' dir='ltr'><strong>continua</strong></span> <span class='ocrx_word' id='word_1_71' title='bbox 1228 1191 1491 1260; x_wconf 89' lang='lat' dir='ltr'><strong>pericula.</strong></span> <span class='ocrx_word' id='word_1_72' title='bbox 1521 1190 1808 1243; x_wconf 90' lang='lat' dir='ltr'><strong>consilium</strong></span> <span class='ocrx_word' id='word_1_73' title='bbox 1834 1192 2038 1250; x_wconf 76' lang='lat' dir='ltr'><strong>iniisse,</strong></span> <span class='ocrx_word' id='word_1_74' title='bbox 2065 1202 2118 1244; x_wconf 77' lang='lat' dir='ltr'><strong>ut</strong></span> <span class='ocrx_word' id='word_1_75' title='bbox 2146 1193 2314 1245; x_wconf 85' lang='lat' dir='ltr'><strong>boue-</strong></span> 
     </span>
    </p>
   </div>
   <div class='ocr_carea' id='block_1_13' title="bbox 747 1280 2308 1348">
    <p class='ocr_par' dir='ltr' id='par_1_13' title="bbox 747 1280 2308 1348">
     <span class='ocr_line' id='line_1_13' title="bbox 747 1280 2308 1348; baseline 0.003 -15"><span class='ocrx_word' id='word_1_76' title='bbox 747 1291 831 1333; x_wconf 90' lang='lat' dir='ltr'><strong>sto</strong></span> <span class='ocrx_word' id='word_1_77' title='bbox 856 1280 1185 1348; x_wconf 87' lang='lat' dir='ltr'><strong>posthabens</strong></span> <span class='ocrx_word' id='word_1_78' title='bbox 1211 1283 1366 1344; x_wconf 90' lang='lat' dir='ltr'><strong>utile,</strong></span> <span class='ocrx_word' id='word_1_79' title='bbox 1391 1282 1456 1333; x_wconf 91' lang='lat' dir='ltr'><strong>iis</strong></span> <span class='ocrx_word' id='word_1_80' title='bbox 1476 1298 1533 1335; x_wconf 87' lang='lat' dir='ltr'><strong>se</strong></span> <span class='ocrx_word' id='word_1_81' title='bbox 1563 1282 1927 1337; x_wconf 83' lang='lat' dir='ltr'><strong>subtraheret.</strong></span> <span class='ocrx_word' id='word_1_82' title='bbox 1976 1284 2067 1336; x_wconf 83' lang='lat' dir='ltr'><strong>Sic</strong></span> <span class='ocrx_word' id='word_1_83' title='bbox 2104 1286 2195 1337; x_wconf 83' lang='lat' dir='ltr'><strong>ille</strong></span> <span class='ocrx_word' id='word_1_84' title='bbox 2242 1284 2308 1338; x_wconf 87' lang='lat' dir='ltr'><strong>ad</strong></span> 
     </span>
    </p>
   </div>
   <div class='ocr_carea' id='block_1_14' title="bbox 748 1373 2310 1443">
    <p class='ocr_par' dir='ltr' id='par_1_14' title="bbox 748 1373 2310 1443">
     <span class='ocr_line' id='line_1_14' title="bbox 748 1373 2310 1443; baseline 0.004 -22"><span class='ocrx_word' id='word_1_85' title='bbox 748 1379 961 1439; x_wconf 81' lang='lat' dir='ltr'><strong>tempus</strong></span> <span class='ocrx_word' id='word_1_86' title='bbox 986 1373 1296 1426; x_wconf 85' lang='lat' dir='ltr'><strong>communis</strong></span> <span class='ocrx_word' id='word_1_87' title='bbox 1330 1375 1511 1427; x_wconf 87' lang='lat' dir='ltr'><strong>studio</strong></span> <span class='ocrx_word' id='word_1_88' title='bbox 1542 1374 1816 1437; x_wconf 80' lang='lat' dir='ltr'><strong>utilitatis,</strong></span> <span class='ocrx_word' id='word_1_89' title='bbox 1852 1375 2087 1439; x_wconf 60' lang='lat' dir='ltr'><strong>gloriam</strong></span> <span class='ocrx_word' id='word_1_90' title='bbox 2122 1376 2310 1443; x_wconf 86' lang='lat' dir='ltr'><strong>prodi-</strong></span> 
     </span>
    </p>
   </div>
   <div class='ocr_carea' id='block_1_15' title="bbox 745 1463 2313 1535">
    <p class='ocr_par' dir='ltr' id='par_1_15' title="bbox 745 1463 2313 1535">
     <span class='ocr_line' id='line_1_15' title="bbox 745 1463 2313 1535; baseline 0.006 -22"><span class='ocrx_word' id='word_1_91' title='bbox 745 1464 847 1527; x_wconf 86' lang='lat' dir='ltr'><strong>dit,</strong></span> <span class='ocrx_word' id='word_1_92' title='bbox 884 1463 1109 1516; x_wconf 88' lang='lat' dir='ltr'><strong>celando</strong></span> <span class='ocrx_word' id='word_1_93' title='bbox 1146 1464 1457 1528; x_wconf 81' lang='lat' dir='ltr'><strong>consilium,</strong></span> <span class='ocrx_word' id='word_1_94' title='bbox 1485 1466 1576 1533; x_wconf 86' lang='lat' dir='ltr'><strong>qui</strong></span> <span class='ocrx_word' id='word_1_95' title='bbox 1629 1482 1895 1533; x_wconf 86' lang='lat' dir='ltr'><strong>nusquam</strong></span> <span class='ocrx_word' id='word_1_96' title='bbox 1953 1484 2060 1519; x_wconf 89' lang='lat' dir='ltr'><strong>non</strong></span> <span class='ocrx_word' id='word_1_97' title='bbox 2125 1469 2313 1535; x_wconf 71' lang='lat' dir='ltr'><strong>gloriae</strong></span> 
     </span>
    </p>
   </div>
   <div class='ocr_carea' id='block_1_16' title="bbox 749 1556 2310 1630">
    <p class='ocr_par' dir='ltr' id='par_1_16' title="bbox 749 1556 2310 1630">
     <span class='ocr_line' id='line_1_16' title="bbox 749 1556 2310 1630; baseline 0.004 -21"><span class='ocrx_word' id='word_1_98' title='bbox 749 1570 913 1609; x_wconf 85' lang='lat' dir='ltr'><strong>causa</strong></span> <span class='ocrx_word' id='word_1_99' title='bbox 947 1564 1091 1609; x_wconf 89' lang='lat' dir='ltr'><strong>esset</strong></span> <span class='ocrx_word' id='word_1_100' title='bbox 1118 1556 1357 1624; x_wconf 89' lang='lat' dir='ltr'><strong>pericula</strong></span> <span class='ocrx_word' id='word_1_101' title='bbox 1412 1559 1713 1625; x_wconf 82' lang='lat' dir='ltr'><strong>amplexus.</strong></span> <span class='ocrx_word' id='word_1_102' title='bbox 1764 1560 2030 1614; x_wconf 81' lang='lat' dir='ltr'><strong>Processu</strong></span> <span class='ocrx_word' id='word_1_103' title='bbox 2089 1563 2310 1630; x_wconf 90' lang='lat' dir='ltr'><strong>quidem</strong></span> 
     </span>
    </p>
   </div>
   <div class='ocr_carea' id='block_1_17' title="bbox 747 1647 2311 1714">
    <p class='ocr_par' dir='ltr' id='par_1_17' title="bbox 747 1647 2311 1714">
     <span class='ocr_line' id='line_1_17' title="bbox 747 1647 2311 1714; baseline 0.01 -18"><span class='ocrx_word' id='word_1_104' title='bbox 747 1660 941 1699; x_wconf 81' lang='lat' dir='ltr'><strong>sumus</strong></span> <span class='ocrx_word' id='word_1_105' title='bbox 974 1647 1273 1714; x_wconf 82' lang='lat' dir='ltr'><strong>exposituri</strong></span> <span class='ocrx_word' id='word_1_106' title='bbox 1323 1648 1599 1713; x_wconf 84' lang='lat' dir='ltr'><strong>fabulam;</strong></span> <span class='ocrx_word' id='word_1_107' title='bbox 1635 1650 1851 1705; x_wconf 85' lang='lat' dir='ltr'><strong>interim</strong></span> <span class='ocrx_word' id='word_1_108' title='bbox 1903 1663 2082 1707; x_wconf 89' lang='lat' dir='ltr'><strong>autem</strong></span> <span class='ocrx_word' id='word_1_109' title='bbox 2147 1656 2311 1711; x_wconf 85' lang='lat' dir='ltr'><strong>altius</strong></span> 
     </span>
    </p>
   </div>
   <div class='ocr_carea' id='block_1_18' title="bbox 747 1734 2063 1811">
    <p class='ocr_par' dir='ltr' id='par_1_18' title="bbox 747 1734 2063 1811">
     <span class='ocr_line' id='line_1_18' title="bbox 747 1734 2063 1811; baseline 0.008 -24"><span class='ocrx_word' id='word_1_110' title='bbox 747 1734 1055 1790; x_wconf 87' lang='lat' dir='ltr'><strong>reducenda</strong></span> <span class='ocrx_word' id='word_1_111' title='bbox 1090 1738 1287 1800; x_wconf 87' lang='lat' dir='ltr'><strong>oratio.</strong></span> <span class='ocrx_word' id='word_1_112' title='bbox 1322 1754 1431 1807; x_wconf 90' lang='lat' dir='ltr'><strong>quo</strong></span> <span class='ocrx_word' id='word_1_113' title='bbox 1459 1740 1645 1794; x_wconf 77' lang='lat' dir='ltr'><strong>ordine</strong></span> <span class='ocrx_word' id='word_1_114' title='bbox 1679 1744 2063 1811; x_wconf 78' lang='lat' dir='ltr'><strong>procedamus.</strong></span> 
     </span>
    </p>
   </div>
   <div class='ocr_carea' id='block_1_19' title="bbox 817 1827 2308 1905">
    <p class='ocr_par' dir='ltr' id='par_1_19' title="bbox 817 1827 2308 1905">
     <span class='ocr_line' id='line_1_19' title="bbox 817 1827 2308 1905; baseline 0.009 -26"><span class='ocrx_word' id='word_1_115' title='bbox 817 1827 1185 1883; x_wconf 78' lang='lat' dir='ltr'><strong>ErantRhodi</strong></span> <span class='ocrx_word' id='word_1_116' title='bbox 1223 1831 1275 1884; x_wconf 86' lang='lat' dir='ltr'><strong>in</strong></span> <span class='ocrx_word' id='word_1_117' title='bbox 1334 1835 1615 1888; x_wconf 88' lang='lat' dir='ltr'><strong>communi</strong></span> <span class='ocrx_word' id='word_1_118' title='bbox 1682 1846 1909 1905; x_wconf 81' lang='lat' dir='ltr'><strong>agentes</strong></span> <span class='ocrx_word' id='word_1_119' title='bbox 1956 1840 2145 1901; x_wconf 85' lang='lat' dir='ltr'><strong>vitam.</strong></span> <span class='ocrx_word' id='word_1_120' title='bbox 2208 1840 2308 1893; x_wconf 89' lang='lat' dir='ltr'><strong>viri</strong></span> 
     </span>
    </p>
   </div>
   <div class='ocr_carea' id='block_1_20' title="bbox 745 1919 2311 1999">
    <p class='ocr_par' dir='ltr' id='par_1_20' title="bbox 745 1919 2311 1999">
     <span class='ocr_line' id='line_1_20' title="bbox 745 1919 2311 1999; baseline 0.01 -27"><span class='ocrx_word' id='word_1_121' title='bbox 745 1919 1075 1985; x_wconf 82' lang='lat' dir='ltr'><strong>castitatem,</strong></span> <span class='ocrx_word' id='word_1_122' title='bbox 1103 1934 1472 1991; x_wconf 86' lang='lat' dir='ltr'><strong>paupertatem</strong></span> <span class='ocrx_word' id='word_1_123' title='bbox 1512 1940 1574 1980; x_wconf 85' lang='lat' dir='ltr'><strong>ac</strong></span> <span class='ocrx_word' id='word_1_124' title='bbox 1603 1928 1970 1982; x_wconf 85' lang='lat' dir='ltr'><strong>obedientiam</strong></span> <span class='ocrx_word' id='word_1_125' title='bbox 2030 1945 2126 1999; x_wconf 87' lang='lat' dir='ltr'><strong>pro</strong></span> <span class='ocrx_word' id='word_1_126' title='bbox 2181 1942 2311 1988; x_wconf 91' lang='lat' dir='ltr'><strong>voto</strong></span> 
     </span>
    </p>
   </div>
   <div class='ocr_carea' id='block_1_21' title="bbox 744 2013 2311 2094">
    <p class='ocr_par' dir='ltr' id='par_1_21' title="bbox 744 2013 2311 2094">
     <span class='ocr_line' id='line_1_21' title="bbox 744 2013 2311 2094; baseline 0.008 -29"><span class='ocrx_word' id='word_1_127' title='bbox 744 2026 857 2081; x_wconf 83' lang='lat' dir='ltr'><strong>quo</strong></span> <span class='ocrx_word' id='word_1_128' title='bbox 895 2026 955 2069; x_wconf 87' lang='lat' dir='ltr'><strong>se</strong></span> <span class='ocrx_word' id='word_1_129' title='bbox 986 2013 1255 2070; x_wconf 88' lang='lat' dir='ltr'><strong>Salvatori</strong></span> <span class='ocrx_word' id='word_1_130' title='bbox 1286 2016 1656 2087; x_wconf 67' lang='lat' dir='ltr'><strong>obstringunt,</strong></span> <span class='ocrx_word' id='word_1_131' title='bbox 1711 2021 1964 2088; x_wconf 77' lang='lat' dir='ltr'><strong>professi,</strong></span> <span class='ocrx_word' id='word_1_132' title='bbox 2000 2023 2311 2094; x_wconf 86' lang='lat' dir='ltr'><strong>bellumque</strong></span> 
     </span>
    </p>
   </div>
   <div class='ocr_carea' id='block_1_22' title="bbox 746 2105 2310 2185">
    <p class='ocr_par' dir='ltr' id='par_1_22' title="bbox 746 2105 2310 2185">
     <span class='ocr_line' id='line_1_22' title="bbox 746 2105 2310 2185; baseline 0.01 -28"><span class='ocrx_word' id='word_1_133' title='bbox 746 2105 799 2158; x_wconf 91' lang='lat' dir='ltr'><strong>in</strong></span> <span class='ocrx_word' id='word_1_134' title='bbox 828 2107 1011 2161; x_wconf 82' lang='lat' dir='ltr'><strong>crucis</strong></span> <span class='ocrx_word' id='word_1_135' title='bbox 1035 2109 1255 2172; x_wconf 86' lang='lat' dir='ltr'><strong>hostes;</strong></span> <span class='ocrx_word' id='word_1_136' title='bbox 1292 2127 1451 2177; x_wconf 88' lang='lat' dir='ltr'><strong>quam</strong></span> <span class='ocrx_word' id='word_1_137' title='bbox 1497 2114 1548 2166; x_wconf 92' lang='lat' dir='ltr'><strong>in</strong></span> <span class='ocrx_word' id='word_1_138' title='bbox 1580 2115 1819 2170; x_wconf 87' lang='lat' dir='ltr'><strong>vestibus</strong></span> <span class='ocrx_word' id='word_1_139' title='bbox 1836 2119 2113 2185; x_wconf 87' lang='lat' dir='ltr'><strong>armisque</strong></span> <span class='ocrx_word' id='word_1_140' title='bbox 2141 2133 2203 2172; x_wconf 91' lang='lat' dir='ltr'><strong>ac</strong></span> <span class='ocrx_word' id='word_1_141' title='bbox 2228 2120 2310 2172; x_wconf 89' lang='lat' dir='ltr'><strong>in—</strong></span> 
     </span>
    </p>
   </div>
   <div class='ocr_carea' id='block_1_23' title="bbox 744 2200 2305 2279">
    <p class='ocr_par' dir='ltr' id='par_1_23' title="bbox 744 2200 2305 2279">
     <span class='ocr_line' id='line_1_23' title="bbox 744 2200 2305 2279; baseline 0.01 -29"><span class='ocrx_word' id='word_1_142' title='bbox 744 2200 992 2267; x_wconf 79' lang='lat' dir='ltr'><strong>signibus</strong></span> <span class='ocrx_word' id='word_1_143' title='bbox 1018 2203 1215 2271; x_wconf 90' lang='lat' dir='ltr'><strong>nbique</strong></span> <span class='ocrx_word' id='word_1_144' title='bbox 1239 2204 1303 2257; x_wconf 86' lang='lat' dir='ltr'><strong>ad</strong></span> <span class='ocrx_word' id='word_1_145' title='bbox 1330 2205 1667 2260; x_wconf 86' lang='lat' dir='ltr'><strong>honestatem</strong></span> <span class='ocrx_word' id='word_1_146' title='bbox 1688 2224 1755 2262; x_wconf 90' lang='lat' dir='ltr'><strong>ac</strong></span> <span class='ocrx_word' id='word_1_147' title='bbox 1784 2208 2040 2264; x_wconf 89' lang='lat' dir='ltr'><strong>decorum</strong></span> <span class='ocrx_word' id='word_1_148' title='bbox 2071 2222 2305 2279; x_wconf 72' lang='lat' dir='ltr'><strong>gestant.</strong></span> 
     </span>
    </p>
   </div>
   <div class='ocr_carea' id='block_1_24' title="bbox 747 2289 2309 2368">
    <p class='ocr_par' dir='ltr' id='par_1_24' title="bbox 747 2289 2309 2368">
     <span class='ocr_line' id='line_1_24' title="bbox 747 2289 2309 2368; baseline 0.011 -27"><span class='ocrx_word' id='word_1_149' title='bbox 747 2289 810 2349; x_wconf 88' lang='lat' dir='ltr'><strong>li,</strong></span> <span class='ocrx_word' id='word_1_150' title='bbox 844 2291 1081 2345; x_wconf 90' lang='lat' dir='ltr'><strong>triennio</strong></span> <span class='ocrx_word' id='word_1_151' title='bbox 1107 2295 1241 2365; x_wconf 91' lang='lat' dir='ltr'><strong>jam,</strong></span> <span class='ocrx_word' id='word_1_152' title='bbox 1277 2296 1327 2347; x_wconf 90' lang='lat' dir='ltr'><strong>ui</strong></span> <span class='ocrx_word' id='word_1_153' title='bbox 1366 2295 1541 2359; x_wconf 87' lang='lat' dir='ltr'><strong>fallor,</strong></span> <span class='ocrx_word' id='word_1_154' title='bbox 1582 2298 1823 2354; x_wconf 87' lang='lat' dir='ltr'><strong>donante</strong></span> <span class='ocrx_word' id='word_1_155' title='bbox 1877 2301 2062 2368; x_wconf 79' lang='lat' dir='ltr'><strong>fratre,</strong></span> <span class='ocrx_word' id='word_1_156' title='bbox 2114 2303 2309 2357; x_wconf 86' lang='lat' dir='ltr'><strong>Corin-</strong></span> 
     </span>
    </p>
   </div>
   <div class='ocr_carea' id='block_1_25' title="bbox 743 2383 2307 2463">
    <p class='ocr_par' dir='ltr' id='par_1_25' title="bbox 743 2383 2307 2463">
     <span class='ocr_line' id='line_1_25' title="bbox 743 2383 2307 2463; baseline 0.01 -28"><span class='ocrx_word' id='word_1_157' title='bbox 743 2383 895 2435; x_wconf 88' lang='lat' dir='ltr'><strong>thum</strong></span> <span class='ocrx_word' id='word_1_158' title='bbox 927 2399 1039 2438; x_wconf 72' lang='lat' dir='ltr'><strong>sua:</strong></span> <span class='ocrx_word' id='word_1_159' title='bbox 1068 2385 1291 2441; x_wconf 90' lang='lat' dir='ltr'><strong>ditiouis</strong></span> <span class='ocrx_word' id='word_1_160' title='bbox 1315 2388 1609 2455; x_wconf 91' lang='lat' dir='ltr'><strong>habebant,</strong></span> <span class='ocrx_word' id='word_1_161' title='bbox 1670 2391 1873 2461; x_wconf 87' lang='lat' dir='ltr'><strong>illaque</strong></span> <span class='ocrx_word' id='word_1_162' title='bbox 1916 2394 2036 2463; x_wconf 89' lang='lat' dir='ltr'><strong>ejus</strong></span> <span class='ocrx_word' id='word_1_163' title='bbox 2082 2396 2307 2451; x_wconf 85' lang='lat' dir='ltr'><strong>donatio</strong></span> 
     </span>
    </p>
   </div>
   <div class='ocr_carea' id='block_1_26' title="bbox 746 2474 2307 2545">
    <p class='ocr_par' dir='ltr' id='par_1_26' title="bbox 746 2474 2307 2545">
     <span class='ocr_line' id='line_1_26' title="bbox 746 2474 2307 2545; baseline 0.012 -20"><span class='ocrx_word' id='word_1_164' title='bbox 746 2474 939 2529; x_wconf 85' lang='lat' dir='ltr'><strong>matris</strong></span> <span class='ocrx_word' id='word_1_165' title='bbox 970 2477 1175 2545; x_wconf 86' lang='lat' dir='ltr'><strong>pariter</strong></span> <span class='ocrx_word' id='word_1_166' title='bbox 1204 2492 1269 2531; x_wconf 89' lang='lat' dir='ltr'><strong>ac</strong></span> <span class='ocrx_word' id='word_1_167' title='bbox 1292 2496 1412 2532; x_wconf 80' lang='lat' dir='ltr'><strong>meo</strong></span> <span class='ocrx_word' id='word_1_168' title='bbox 1437 2480 1668 2536; x_wconf 87' lang='lat' dir='ltr'><strong>consilio</strong></span> <span class='ocrx_word' id='word_1_169' title='bbox 1728 2492 1976 2539; x_wconf 89' lang='lat' dir='ltr'><strong>steterat.</strong></span> <span class='ocrx_word' id='word_1_170' title='bbox 2020 2487 2130 2540; x_wconf 88' lang='lat' dir='ltr'><strong>Nec</strong></span> <span class='ocrx_word' id='word_1_171' title='bbox 2177 2504 2307 2543; x_wconf 84' lang='lat' dir='ltr'><strong>vero</strong></span> 
     </span>
    </p>
   </div>
   <div class='ocr_carea' id='block_1_27' title="bbox 743 2564 2303 2647">
    <p class='ocr_par' dir='ltr' id='par_1_27' title="bbox 743 2564 2303 2647">
     <span class='ocr_line' id='line_1_27' title="bbox 743 2564 2303 2647; baseline 0.008 -29"><span class='ocrx_word' id='word_1_172' title='bbox 743 2564 867 2634; x_wconf 84' lang='lat' dir='ltr'><strong>quis</strong></span> <span class='ocrx_word' id='word_1_173' title='bbox 899 2569 1151 2623; x_wconf 86' lang='lat' dir='ltr'><strong>miretur.</strong></span> <span class='ocrx_word' id='word_1_174' title='bbox 1191 2570 1341 2625; x_wconf 88' lang='lat' dir='ltr'><strong>llaud</strong></span> <span class='ocrx_word' id='word_1_175' title='bbox 1376 2573 1520 2625; x_wconf 89' lang='lat' dir='ltr'><strong>enim</strong></span> <span class='ocrx_word' id='word_1_176' title='bbox 1550 2575 1685 2629; x_wconf 82' lang='lat' dir='ltr'><strong>adeo</strong></span> <span class='ocrx_word' id='word_1_177' title='bbox 1723 2577 2062 2634; x_wconf 86' lang='lat' dir='ltr'><strong>miserabiles</strong></span> <span class='ocrx_word' id='word_1_178' title='bbox 2111 2581 2303 2647; x_wconf 79' lang='lat' dir='ltr'><strong>aliqui,</strong></span> 
     </span>
    </p>
   </div>
   <div class='ocr_carea' id='block_1_28' title="bbox 747 2659 2308 2739">
    <p class='ocr_par' dir='ltr' id='par_1_28' title="bbox 747 2659 2308 2739">
     <span class='ocr_line' id='line_1_28' title="bbox 747 2659 2308 2739; baseline 0.012 -28"><span class='ocrx_word' id='word_1_179' title='bbox 747 2659 1046 2729; x_wconf 87' lang='lat' dir='ltr'><strong>mollesque</strong></span> <span class='ocrx_word' id='word_1_180' title='bbox 1079 2678 1140 2715; x_wconf 89' lang='lat' dir='ltr'><strong>ac</strong></span> <span class='ocrx_word' id='word_1_181' title='bbox 1173 2664 1349 2731; x_wconf 83' lang='lat' dir='ltr'><strong>ignavi</strong></span> <span class='ocrx_word' id='word_1_182' title='bbox 1371 2680 1583 2728; x_wconf 88' lang='lat' dir='ltr'><strong>sumus,</strong></span> <span class='ocrx_word' id='word_1_183' title='bbox 1612 2676 1671 2721; x_wconf 87' lang='lat' dir='ltr'><strong>ut</strong></span> <span class='ocrx_word' id='word_1_184' title='bbox 1705 2683 1798 2723; x_wconf 88' lang='lat' dir='ltr'><strong>eos</strong></span> <span class='ocrx_word' id='word_1_185' title='bbox 1840 2671 1998 2724; x_wconf 87' lang='lat' dir='ltr'><strong>nobis</strong></span> <span class='ocrx_word' id='word_1_186' title='bbox 2052 2674 2308 2739; x_wconf 66' lang='lat' dir='ltr'><strong>prwlatos</strong></span> 
     </span>
    </p>
   </div>
   <div class='ocr_carea' id='block_1_29' title="bbox 746 2751 2309 2831">
    <p class='ocr_par' dir='ltr' id='par_1_29' title="bbox 746 2751 2309 2831">
     <span class='ocr_line' id='line_1_29' title="bbox 746 2751 2309 2831; baseline 0.012 -30"><span class='ocrx_word' id='word_1_187' title='bbox 746 2751 996 2807; x_wconf 87' lang='lat' dir='ltr'><strong>velimus.</strong></span> <span class='ocrx_word' id='word_1_188' title='bbox 1037 2752 1232 2809; x_wconf 80' lang='lat' dir='ltr'><strong>Verum</strong></span> <span class='ocrx_word' id='word_1_189' title='bbox 1270 2771 1394 2811; x_wconf 91' lang='lat' dir='ltr'><strong>cum</strong></span> <span class='ocrx_word' id='word_1_190' title='bbox 1441 2760 1663 2815; x_wconf 81' lang='lat' dir='ltr'><strong>omnino</strong></span> <span class='ocrx_word' id='word_1_191' title='bbox 1712 2777 1995 2816; x_wconf 90' lang='lat' dir='ltr'><strong>necessum</strong></span> <span class='ocrx_word' id='word_1_192' title='bbox 2022 2776 2189 2831; x_wconf 89' lang='lat' dir='ltr'><strong>esset,</strong></span> <span class='ocrx_word' id='word_1_193' title='bbox 2249 2777 2309 2821; x_wconf 92' lang='lat' dir='ltr'><strong>ut</strong></span> 
     </span>
    </p>
   </div>
   <div class='ocr_carea' id='block_1_30' title="bbox 744 2847 2307 2925">
    <p class='ocr_par' dir='ltr' id='par_1_30' title="bbox 744 2847 2307 2925">
     <span class='ocr_line' id='line_1_30' title="bbox 744 2847 2307 2925; baseline 0.009 -28"><span class='ocrx_word' id='word_1_194' title='bbox 744 2847 827 2898; x_wconf 85' lang='lat' dir='ltr'><strong>ve&#39;</strong></span> <span class='ocrx_word' id='word_1_195' title='bbox 854 2847 1047 2902; x_wconf 76' lang='lat' dir='ltr'><strong>civitas</strong></span> <span class='ocrx_word' id='word_1_196' title='bbox 1076 2848 1143 2901; x_wconf 89' lang='lat' dir='ltr'><strong>ab</strong></span> <span class='ocrx_word' id='word_1_197' title='bbox 1169 2851 1608 2918; x_wconf 78' lang='lat' dir='ltr'><strong>expugnantibus</strong></span> <span class='ocrx_word' id='word_1_198' title='bbox 1652 2852 1845 2909; x_wconf 85' lang='lat' dir='ltr'><strong>Turcis</strong></span> <span class='ocrx_word' id='word_1_199' title='bbox 1871 2866 2179 2925; x_wconf 88' lang='lat' dir='ltr'><strong>caperetur,</strong></span> <span class='ocrx_word' id='word_1_200' title='bbox 2212 2870 2307 2911; x_wconf 82' lang='lat' dir='ltr'><strong>aut.</strong></span> 
     </span>
    </p>
   </div>
   <div class='ocr_carea' id='block_1_31' title="bbox 746 2940 2305 3017">
    <p class='ocr_par' dir='ltr' id='par_1_31' title="bbox 746 2940 2305 3017">
     <span class='ocr_line' id='line_1_31' title="bbox 746 2940 2305 3017; baseline 0.012 -29"><span class='ocrx_word' id='word_1_201' title='bbox 746 2950 803 2989; x_wconf 85' lang='grc' dir='ltr'><strong>ιιι</strong></span> <span class='ocrx_word' id='word_1_202' title='bbox 827 2940 948 2991; x_wconf 84' lang='lat' dir='ltr'><strong>aliis</strong></span> <span class='ocrx_word' id='word_1_203' title='bbox 976 2942 1303 3007; x_wconf 84' lang='lat' dir='ltr'><strong>traderetur,</strong></span> <span class='ocrx_word' id='word_1_204' title='bbox 1328 2944 1419 3010; x_wconf 88' lang='lat' dir='ltr'><strong>qui</strong></span> <span class='ocrx_word' id='word_1_205' title='bbox 1453 2947 1750 3013; x_wconf 65' lang='lat' dir='ltr'><strong>aprazsenti</strong></span> <span class='ocrx_word' id='word_1_206' title='bbox 1801 2962 1919 3001; x_wconf 89' lang='lat' dir='ltr'><strong>eam</strong></span> <span class='ocrx_word' id='word_1_207' title='bbox 1964 2950 2305 3017; x_wconf 89' lang='lat' dir='ltr'><strong>discrimine,</strong></span> 
     </span>
    </p>
   </div>
   <div class='ocr_carea' id='block_1_32' title="bbox 747 3032 2303 3109">
    <p class='ocr_par' dir='ltr' id='par_1_32' title="bbox 747 3032 2303 3109">
     <span class='ocr_line' id='line_1_32' title="bbox 747 3032 2303 3109; baseline 0.012 -27"><span class='ocrx_word' id='word_1_208' title='bbox 747 3032 904 3085; x_wconf 86' lang='lat' dir='ltr'><strong>nobis</strong></span> <span class='ocrx_word' id='word_1_209' title='bbox 958 3048 1063 3087; x_wconf 90' lang='lat' dir='ltr'><strong>non</strong></span> <span class='ocrx_word' id='word_1_210' title='bbox 1132 3036 1458 3098; x_wconf 87' lang='lat' dir='ltr'><strong>valentibus.</strong></span> <span class='ocrx_word' id='word_1_211' title='bbox 1530 3036 1763 3093; x_wconf 87' lang='lat' dir='ltr'><strong>liberare</strong></span> <span class='ocrx_word' id='word_1_212' title='bbox 1810 3056 2063 3109; x_wconf 84' lang='lat' dir='ltr'><strong>possent;</strong></span> <span class='ocrx_word' id='word_1_213' title='bbox 2127 3046 2303 3101; x_wconf 89' lang='lat' dir='ltr'><strong>visum</strong></span> 
     </span>
    </p>
   </div>
   <div class='ocr_carea' id='block_1_33' title="bbox 748 3123 2303 3198">
    <p class='ocr_par' dir='ltr' id='par_1_33' title="bbox 748 3123 2303 3198">
     <span class='ocr_line' id='line_1_33' title="bbox 748 3123 2303 3198; baseline 0.011 -24"><span class='ocrx_word' id='word_1_214' title='bbox 748 3123 971 3175; x_wconf 89' lang='lat' dir='ltr'><strong>omnino</strong></span> <span class='ocrx_word' id='word_1_215' title='bbox 1008 3133 1091 3178; x_wconf 87' lang='lat' dir='ltr'><strong>est</strong></span> <span class='ocrx_word' id='word_1_216' title='bbox 1137 3128 1388 3181; x_wconf 91' lang='lat' dir='ltr'><strong>omnibus</strong></span> <span class='ocrx_word' id='word_1_217' title='bbox 1420 3128 1541 3182; x_wconf 89' lang='lat' dir='ltr'><strong>aliis</strong></span> <span class='ocrx_word' id='word_1_218' title='bbox 1594 3130 1981 3198; x_wconf 81' lang='lat' dir='ltr'><strong>praeferendos,</strong></span> <span class='ocrx_word' id='word_1_219' title='bbox 2046 3145 2303 3196; x_wconf 80' lang='lat' dir='ltr'><strong>tanquam</strong></span> 
     </span>
    </p>
   </div>
   <div class='ocr_carea' id='block_1_34' title="bbox 2341 1878 2388 1937">
    <p class='ocr_par' dir='ltr' id='par_1_34' title="bbox 2341 1878 2388 1937">
     <span class='ocr_line' id='line_1_34' title="bbox 2341 1878 2388 1937; baseline 0 0"><span class='ocrx_word' id='word_1_220' title='bbox 2341 1878 2388 1937; x_wconf 89' lang='lat' dir='ltr'><strong>B</strong></span> 
     </span>
    </p>
   </div>
   <div class='ocr_carea' id='block_1_35' title="bbox 2422 647 3993 724">
    <p class='ocr_par' dir='ltr' id='par_1_35' title="bbox 2422 647 3993 724">
     <span class='ocr_line' id='line_1_35' title="bbox 2422 647 3993 724; baseline 0.012 -30"><span class='ocrx_word' id='word_1_221' title='bbox 2422 662 2509 695; x_wconf 88' lang='grc' dir='ltr'><strong>ναι</strong></span> <span class='ocrx_word' id='word_1_222' title='bbox 2559 650 2793 717; x_wconf 81' lang='grc' dir='ltr'>περᾶναι</span> <span class='ocrx_word' id='word_1_223' title='bbox 2850 649 2983 712; x_wconf 77' lang='grc' dir='ltr'>ὅλως</span> <span class='ocrx_word' id='word_1_224' title='bbox 3018 647 3085 719; x_wconf 78' lang='grc' dir='ltr'>ἦν</span> <span class='ocrx_word' id='word_1_225' title='bbox 3135 653 3193 704; x_wconf 84' lang='grc' dir='ltr'>ὲν</span> <span class='ocrx_word' id='word_1_226' title='bbox 3241 653 3318 721; x_wconf 79' lang='grc' dir='ltr'>τῷ</span> <span class='ocrx_word' id='word_1_227' title='bbox 3352 653 3673 724; x_wconf 81' lang='grc' dir='ltr'>λεληθέναι.’</span> <span class='ocrx_word' id='word_1_228' title='bbox 3700 658 3864 715; x_wconf 83' lang='grc' dir='ltr'>Ὅθεν</span> <span class='ocrx_word' id='word_1_229' title='bbox 3902 665 3993 714; x_wconf 75' lang='grc' dir='ltr'><strong>καὶ</strong></span> 
     </span>
    </p>
   </div>
   <div class='ocr_carea' id='block_1_36' title="bbox 2422 739 3995 819">
    <p class='ocr_par' dir='ltr' id='par_1_36' title="bbox 2422 739 3995 819">
     <span class='ocr_line' id='line_1_36' title="bbox 2422 739 3995 819; baseline 0.008 -30"><span class='ocrx_word' id='word_1_230' title='bbox 2422 739 2503 801; x_wconf 79' lang='grc' dir='ltr'>εἰς</span> <span class='ocrx_word' id='word_1_231' title='bbox 2538 742 2600 791; x_wconf 73' lang='grc' dir='ltr'><strong>τδ</strong></span> <span class='ocrx_word' id='word_1_232' title='bbox 2633 741 2961 808; x_wconf 84' lang='grc' dir='ltr'>φαινόμενον</span> <span class='ocrx_word' id='word_1_233' title='bbox 2989 745 3225 811; x_wconf 83' lang='grc' dir='ltr'>ὁρῶντες</span> <span class='ocrx_word' id='word_1_234' title='bbox 3253 746 3301 797; x_wconf 81' lang='lat' dir='ltr'><strong>oi</strong></span> <span class='ocrx_word' id='word_1_235' title='bbox 3348 746 3556 813; x_wconf 69' lang='grc' dir='ltr'>πολλοὶ,</span> <span class='ocrx_word' id='word_1_236' title='bbox 3589 750 3682 801; x_wconf 74' lang='grc' dir='ltr'><strong>καὶ</strong></span> <span class='ocrx_word' id='word_1_237' title='bbox 3724 749 3785 801; x_wconf 77' lang='grc' dir='ltr'>τὸ</span> <span class='ocrx_word' id='word_1_238' title='bbox 3838 750 3995 819; x_wconf 70' lang='grc' dir='ltr'>βάθος</span> 
     </span>
    </p>
   </div>
   <div class='ocr_carea' id='block_1_37' title="bbox 2423 830 3993 909">
    <p class='ocr_par' dir='ltr' id='par_1_37' title="bbox 2423 830 3993 909">
     <span class='ocr_line' id='line_1_37' title="bbox 2423 830 3993 909; baseline 0.008 -29"><span class='ocrx_word' id='word_1_239' title='bbox 2423 830 2483 881; x_wconf 83' lang='grc' dir='ltr'><strong>ού</strong></span> <span class='ocrx_word' id='word_1_240' title='bbox 2516 832 2901 896; x_wconf 81' lang='grc' dir='ltr'><strong>γινώσκοντες,</strong></span> <span class='ocrx_word' id='word_1_241' title='bbox 2943 835 3229 900; x_wconf 75' lang='grc' dir='ltr'><strong>ὑπενόουν,</strong></span> <span class='ocrx_word' id='word_1_242' title='bbox 3271 838 3409 906; x_wconf 80' lang='grc' dir='ltr'>ὅπερ</span> <span class='ocrx_word' id='word_1_243' title='bbox 3441 838 3541 890; x_wconf 85' lang='grc' dir='ltr'><strong>ούκ</strong></span> <span class='ocrx_word' id='word_1_244' title='bbox 3592 840 3788 909; x_wconf 75' lang='grc' dir='ltr'><strong>ἐκείνῳ</strong></span> <span class='ocrx_word' id='word_1_245' title='bbox 3841 846 3993 893; x_wconf 84' lang='grc' dir='ltr'>συνέ-</span> 
     </span>
    </p>
   </div>
   <div class='ocr_carea' id='block_1_38' title="bbox 2422 922 3992 1002">
    <p class='ocr_par' dir='ltr' id='par_1_38' title="bbox 2422 922 3992 1002">
     <span class='ocr_line' id='line_1_38' title="bbox 2422 922 3992 1002; baseline 0.007 -31"><span class='ocrx_word' id='word_1_246' title='bbox 2422 922 2599 976; x_wconf 75' lang='grc' dir='ltr'>6αινε.</span> <span class='ocrx_word' id='word_1_247' title='bbox 2631 924 2783 991; x_wconf 81' lang='grc' dir='ltr'>Μηδὲ</span> <span class='ocrx_word' id='word_1_248' title='bbox 2812 926 2920 995; x_wconf 65' lang='grc' dir='ltr'><strong>γὰρ</strong></span> <span class='ocrx_word' id='word_1_249' title='bbox 2944 925 3022 978; x_wconf 82' lang='grc' dir='ltr'><strong>ἔτι</strong></span> <span class='ocrx_word' id='word_1_250' title='bbox 3052 928 3239 996; x_wconf 78' lang='grc' dir='ltr'>φέρειν</span> <span class='ocrx_word' id='word_1_251' title='bbox 3277 930 3572 996; x_wconf 82' lang='grc' dir='ltr'>δυνάμενον</span> <span class='ocrx_word' id='word_1_252' title='bbox 3606 933 3733 996; x_wconf 83' lang='grc' dir='ltr'>τοὺς</span> <span class='ocrx_word' id='word_1_253' title='bbox 3761 934 3992 1002; x_wconf 63' lang='grc' dir='ltr'>ἐπαλλή-</span> 
     </span>
    </p>
   </div>
   <div class='ocr_carea' id='block_1_39' title="bbox 2420 1016 3991 1090">
    <p class='ocr_par' dir='ltr' id='par_1_39' title="bbox 2420 1016 3991 1090">
     <span class='ocr_line' id='line_1_39' title="bbox 2420 1016 3991 1090; baseline 0.008 -24"><span class='ocrx_word' id='word_1_254' title='bbox 2420 1016 2545 1077; x_wconf 85' lang='grc' dir='ltr'>λους</span> <span class='ocrx_word' id='word_1_255' title='bbox 2572 1016 2872 1082; x_wconf 74' lang='grc' dir='ltr'>κινδύνους,</span> <span class='ocrx_word' id='word_1_256' title='bbox 2902 1018 3107 1071; x_wconf 89' lang='grc' dir='ltr'>τούτων</span> <span class='ocrx_word' id='word_1_257' title='bbox 3134 1021 3440 1087; x_wconf 77' lang='grc' dir='ltr'>ἀφεστάναι</span> <span class='ocrx_word' id='word_1_258' title='bbox 3480 1021 3901 1090; x_wconf 76' lang='grc' dir='ltr'>βουλεύσασθαι.</span> <span class='ocrx_word' id='word_1_259' title='bbox 3937 1028 3991 1079; x_wconf 67' lang='grc' dir='ltr'><strong>τὸ</strong></span> 
     </span>
    </p>
   </div>
   <div class='ocr_carea' id='block_1_40' title="bbox 2420 1108 3990 1184">
    <p class='ocr_par' dir='ltr' id='par_1_40' title="bbox 2420 1108 3990 1184">
     <span class='ocr_line' id='line_1_40' title="bbox 2420 1108 3990 1184; baseline 0.005 -23"><span class='ocrx_word' id='word_1_260' title='bbox 2420 1108 2663 1175; x_wconf 78' lang='grc' dir='ltr'>ἀσφαλὲς</span> <span class='ocrx_word' id='word_1_261' title='bbox 2694 1110 2799 1178; x_wconf 87' lang='grc' dir='ltr'><strong>πρὸ</strong></span> <span class='ocrx_word' id='word_1_262' title='bbox 2824 1109 2916 1161; x_wconf 75' lang='grc' dir='ltr'>τοῦ</span> <span class='ocrx_word' id='word_1_263' title='bbox 2942 1111 3107 1164; x_wconf 84' lang='grc' dir='ltr'>καλοῦ</span> <span class='ocrx_word' id='word_1_264' title='bbox 3134 1112 3379 1180; x_wconf 82' lang='grc' dir='ltr'>θέμενον.</span> <span class='ocrx_word' id='word_1_265' title='bbox 3405 1113 3590 1176; x_wconf 74' lang='grc' dir='ltr'>Οὕτως</span> <span class='ocrx_word' id='word_1_266' title='bbox 3617 1116 3824 1177; x_wconf 75' lang='grc' dir='ltr'>ἐκεῖνος</span> <span class='ocrx_word' id='word_1_267' title='bbox 3860 1118 3990 1184; x_wconf 69' lang='grc' dir='ltr'>πρὸς</span> 
     </span>
    </p>
   </div>
   <div class='ocr_carea' id='block_1_41' title="bbox 2421 1200 3989 1276">
    <p class='ocr_par' dir='ltr' id='par_1_41' title="bbox 2421 1200 3989 1276">
     <span class='ocr_line' id='line_1_41' title="bbox 2421 1200 3989 1276; baseline -0.004 -12"><span class='ocrx_word' id='word_1_268' title='bbox 2421 1200 2632 1270; x_wconf 60' lang='grc' dir='ltr'>καερδνο</span> <span class='ocrx_word' id='word_1_269' title='bbox 2674 1202 2813 1272; x_wconf 74' lang='grc' dir='ltr'>ὑπὲρ</span> <span class='ocrx_word' id='word_1_270' title='bbox 2849 1205 2948 1271; x_wconf 82' lang='grc' dir='ltr'>τῆς</span> <span class='ocrx_word' id='word_1_271' title='bbox 2983 1206 3171 1274; x_wconf 79' lang='grc' dir='ltr'>κοινῆς</span> <span class='ocrx_word' id='word_1_272' title='bbox 3208 1204 3479 1272; x_wconf 74' lang='grc' dir='ltr'>ὠφελείας</span> <span class='ocrx_word' id='word_1_273' title='bbox 3514 1206 3614 1276; x_wconf 85' lang='grc' dir='ltr'><strong>τὴν</strong></span> <span class='ocrx_word' id='word_1_274' title='bbox 3646 1207 3781 1259; x_wconf 78' lang='grc' dir='ltr'>ἰδίαν</span> <span class='ocrx_word' id='word_1_275' title='bbox 3825 1207 3989 1274; x_wconf 72' lang='grc' dir='ltr'>προῦ-</span> 
     </span>
    </p>
   </div>
   <div class='ocr_carea' id='block_1_42' title="bbox 2418 1293 3988 1367">
    <p class='ocr_par' dir='ltr' id='par_1_42' title="bbox 2418 1293 3988 1367">
     <span class='ocr_line' id='line_1_42' title="bbox 2418 1293 3988 1367; baseline 0.004 -23"><span class='ocrx_word' id='word_1_276' title='bbox 2418 1293 2554 1345; x_wconf 87' lang='grc' dir='ltr'>δωκε</span> <span class='ocrx_word' id='word_1_277' title='bbox 2588 1294 2751 1359; x_wconf 76' lang='grc' dir='ltr'>δόξαν</span> <span class='ocrx_word' id='word_1_278' title='bbox 2801 1297 2859 1349; x_wconf 77' lang='grc' dir='ltr'>ὲν</span> <span class='ocrx_word' id='word_1_279' title='bbox 2900 1297 2977 1366; x_wconf 83' lang='grc' dir='ltr'>τῷ</span> <span class='ocrx_word' id='word_1_280' title='bbox 3022 1298 3287 1367; x_wconf 84' lang='grc' dir='ltr'>κρύπτειν</span> <span class='ocrx_word' id='word_1_281' title='bbox 3335 1297 3432 1367; x_wconf 80' lang='grc' dir='ltr'><strong>τὴν</strong></span> <span class='ocrx_word' id='word_1_282' title='bbox 3482 1298 3747 1365; x_wconf 79' lang='grc' dir='ltr'>διάνοιαν,</span> <span class='ocrx_word' id='word_1_283' title='bbox 3779 1304 3808 1353; x_wconf 83' lang='grc' dir='ltr'>ὁ</span> <span class='ocrx_word' id='word_1_284' title='bbox 3851 1302 3988 1367; x_wconf 73' lang='grc' dir='ltr'>ὑπὲρ</span> 
     </span>
    </p>
   </div>
   <div class='ocr_carea' id='block_1_43' title="bbox 2415 1386 3990 1460">
    <p class='ocr_par' dir='ltr' id='par_1_43' title="bbox 2415 1386 3990 1460">
     <span class='ocr_line' id='line_1_43' title="bbox 2415 1386 3990 1460; baseline 0.005 -23"><span class='ocrx_word' id='word_1_285' title='bbox 2415 1386 2574 1455; x_wconf 72' lang='grc' dir='ltr'>δόξης</span> <span class='ocrx_word' id='word_1_286' title='bbox 2611 1387 2698 1439; x_wconf 79' lang='grc' dir='ltr'><strong>ἀεὶ</strong></span> <span class='ocrx_word' id='word_1_287' title='bbox 2746 1388 3036 1458; x_wconf 83' lang='grc' dir='ltr'>δεχόμενος</span> <span class='ocrx_word' id='word_1_288' title='bbox 3079 1392 3209 1452; x_wconf 74' lang='grc' dir='ltr'>τοὺς</span> <span class='ocrx_word' id='word_1_289' title='bbox 3258 1390 3559 1451; x_wconf 77' lang='grc' dir='ltr'>κινδύνους.</span> <span class='ocrx_word' id='word_1_290' title='bbox 3616 1393 3687 1444; x_wconf 84' lang='grc' dir='ltr'><strong>Τὸ</strong></span> <span class='ocrx_word' id='word_1_291' title='bbox 3749 1393 3852 1460; x_wconf 77' lang='grc' dir='ltr'><strong>μὲν</strong></span> <span class='ocrx_word' id='word_1_292' title='bbox 3900 1388 3990 1445; x_wconf 66' lang='grc' dir='ltr'><strong>οὖν</strong></span> 
     </span>
    </p>
   </div>
   <div class='ocr_carea' id='block_1_44' title="bbox 2416 1477 3989 1553">
    <p class='ocr_par' dir='ltr' id='par_1_44' title="bbox 2416 1477 3989 1553">
     <span class='ocr_line' id='line_1_44' title="bbox 2416 1477 3989 1553; baseline 0.003 -25"><span class='ocrx_word' id='word_1_293' title='bbox 2416 1477 2603 1545; x_wconf 78' lang='grc' dir='ltr'>δρᾶμα</span> <span class='ocrx_word' id='word_1_294' title='bbox 2639 1480 2921 1547; x_wconf 75' lang='grc' dir='ltr'>προϊόντες</span> <span class='ocrx_word' id='word_1_295' title='bbox 2957 1480 3301 1549; x_wconf 78' lang='grc' dir='ltr'>δηλώσομεν·</span> <span class='ocrx_word' id='word_1_296' title='bbox 3336 1482 3433 1533; x_wconf 75' lang='grc' dir='ltr'>νῦν</span> <span class='ocrx_word' id='word_1_297' title='bbox 3478 1483 3533 1533; x_wconf 80' lang='grc' dir='ltr'>δὲ</span> <span class='ocrx_word' id='word_1_298' title='bbox 3587 1480 3853 1553; x_wconf 80' lang='grc' dir='ltr'>ἀνωτέρω</span> <span class='ocrx_word' id='word_1_299' title='bbox 3902 1486 3989 1537; x_wconf 84' lang='grc' dir='ltr'><strong>τὸν</strong></span> 
     </span>
    </p>
   </div>
   <div class='ocr_carea' id='block_1_45' title="bbox 2415 1566 3795 1643">
    <p class='ocr_par' dir='ltr' id='par_1_45' title="bbox 2415 1566 3795 1643">
     <span class='ocr_line' id='line_1_45' title="bbox 2415 1566 3795 1643; baseline 0.007 -25"><span class='ocrx_word' id='word_1_300' title='bbox 2415 1566 2575 1635; x_wconf 79' lang='grc' dir='ltr'>λόγον</span> <span class='ocrx_word' id='word_1_301' title='bbox 2601 1570 2923 1641; x_wconf 77' lang='grc' dir='ltr'>ἀγάγωμεν,</span> <span class='ocrx_word' id='word_1_302' title='bbox 2952 1571 3029 1633; x_wconf 84' lang='grc' dir='ltr'>ὡς</span> <span class='ocrx_word' id='word_1_303' title='bbox 3055 1573 3121 1625; x_wconf 82' lang='grc' dir='ltr'><strong>ἂν</strong></span> <span class='ocrx_word' id='word_1_304' title='bbox 3151 1573 3432 1635; x_wconf 82' lang='grc' dir='ltr'>εὐτάκτως</span> <span class='ocrx_word' id='word_1_305' title='bbox 3459 1572 3795 1643; x_wconf 82' lang='grc' dir='ltr'>βαδίσωμεν.</span> 
     </span>
    </p>
   </div>
   <div class='ocr_carea' id='block_1_46' title="bbox 2498 1835 3984 1912">
    <p class='ocr_par' dir='ltr' id='par_1_46' title="bbox 2498 1835 3984 1912">
     <span class='ocr_line' id='line_1_46' title="bbox 2498 1835 3984 1912; baseline 0.003 -22"><span class='ocrx_word' id='word_1_306' title='bbox 2498 1835 2781 1907; x_wconf 79' lang='grc' dir='ltr'>’Υπῆρχον</span> <span class='ocrx_word' id='word_1_307' title='bbox 2809 1839 2841 1909; x_wconf 79' lang='grc' dir='ltr'>ὴ</span> <span class='ocrx_word' id='word_1_308' title='bbox 2878 1839 2937 1892; x_wconf 67' lang='grc' dir='ltr'>ἐν</span> <span class='ocrx_word' id='word_1_309' title='bbox 2984 1840 3152 1909; x_wconf 82' lang='grc' dir='ltr'><strong>Ῥόδῳ</strong></span> <span class='ocrx_word' id='word_1_310' title='bbox 3183 1843 3451 1912; x_wconf 85' lang='grc' dir='ltr'>κοινότης.</span> <span class='ocrx_word' id='word_1_311' title='bbox 3480 1844 3696 1912; x_wconf 82' lang='grc' dir='ltr'>ἄνδρες,</span> <span class='ocrx_word' id='word_1_312' title='bbox 3732 1844 3984 1911; x_wconf 76' lang='grc' dir='ltr'>ἀζυγίαν,</span> 
     </span>
    </p>
   </div>
   <div class='ocr_carea' id='block_1_47' title="bbox 2416 1927 3981 2004">
    <p class='ocr_par' dir='ltr' id='par_1_47' title="bbox 2416 1927 3981 2004">
     <span class='ocr_line' id='line_1_47' title="bbox 2416 1927 3981 2004; baseline 0.003 -23"><span class='ocrx_word' id='word_1_313' title='bbox 2416 1927 2724 1999; x_wconf 79' lang='grc' dir='ltr'>ὑποταγὴν,</span> <span class='ocrx_word' id='word_1_314' title='bbox 2755 1930 3149 2003; x_wconf 85' lang='grc' dir='ltr'>ἀκτημοσύνην</span> <span class='ocrx_word' id='word_1_315' title='bbox 3180 1934 3608 2004; x_wconf 78' lang='grc' dir='ltr'>ὑπισχνούμενοι</span> <span class='ocrx_word' id='word_1_316' title='bbox 3638 1935 3717 2003; x_wconf 81' lang='grc' dir='ltr'>τῷ</span> <span class='ocrx_word' id='word_1_317' title='bbox 3746 1936 3981 2002; x_wconf 75' lang='grc' dir='ltr'>Σωτῆρι,</span> 
     </span>
    </p>
   </div>
   <div class='ocr_carea' id='block_1_48' title="bbox 2412 2022 3983 2096">
    <p class='ocr_par' dir='ltr' id='par_1_48' title="bbox 2412 2022 3983 2096">
     <span class='ocr_line' id='line_1_48' title="bbox 2412 2022 3983 2096; baseline 0.003 -23"><span class='ocrx_word' id='word_1_318' title='bbox 2412 2024 2509 2074; x_wconf 77' lang='grc' dir='ltr'>καὶ</span> <span class='ocrx_word' id='word_1_319' title='bbox 2558 2022 2820 2092; x_wconf 82' lang='grc' dir='ltr'>πολεμεῖν</span> <span class='ocrx_word' id='word_1_320' title='bbox 2852 2026 2965 2087; x_wconf 79' lang='grc' dir='ltr'>τοῖς</span> <span class='ocrx_word' id='word_1_321' title='bbox 3005 2025 3081 2095; x_wconf 85' lang='grc' dir='ltr'><strong>τῷ</strong></span> <span class='ocrx_word' id='word_1_322' title='bbox 3118 2026 3339 2096; x_wconf 85' lang='grc' dir='ltr'>σταυρῷ</span> <span class='ocrx_word' id='word_1_323' title='bbox 3383 2026 3737 2095; x_wconf 74' lang='grc' dir='ltr'>πολεμοῦσιν,</span> <span class='ocrx_word' id='word_1_324' title='bbox 3767 2027 3828 2079; x_wconf 86' lang='grc' dir='ltr'><strong>δν</strong></span> <span class='ocrx_word' id='word_1_325' title='bbox 3879 2026 3983 2079; x_wconf 78' lang='grc' dir='ltr'>οἶδε</span> 
     </span>
    </p>
   </div>
   <div class='ocr_carea' id='block_1_49' title="bbox 2413 2115 3982 2188">
    <p class='ocr_par' dir='ltr' id='par_1_49' title="bbox 2413 2115 3982 2188">
     <span class='ocr_line' id='line_1_49' title="bbox 2413 2115 3982 2188; baseline 0.003 -23"><span class='ocrx_word' id='word_1_326' title='bbox 2413 2115 2599 2184; x_wconf 74' lang='grc' dir='ltr'>φέρειν</span> <span class='ocrx_word' id='word_1_327' title='bbox 2624 2116 2887 2169; x_wconf 75' lang='grc' dir='ltr'>εἰώθεσαν</span> <span class='ocrx_word' id='word_1_328' title='bbox 2912 2118 3046 2170; x_wconf 73' lang='grc' dir='ltr'>κάπὶ</span> <span class='ocrx_word' id='word_1_329' title='bbox 3072 2119 3180 2171; x_wconf 84' lang='grc' dir='ltr'><strong>τῶν</strong></span> <span class='ocrx_word' id='word_1_330' title='bbox 3208 2121 3452 2188; x_wconf 80' lang='grc' dir='ltr'>ἐσθήτων</span> <span class='ocrx_word' id='word_1_331' title='bbox 3480 2122 3616 2172; x_wconf 69' lang='grc' dir='ltr'><strong>κάπὶ</strong></span> <span class='ocrx_word' id='word_1_332' title='bbox 3647 2122 3753 2172; x_wconf 79' lang='grc' dir='ltr'>τῶν</span> <span class='ocrx_word' id='word_1_333' title='bbox 3777 2122 3982 2179; x_wconf 73' lang='grc' dir='ltr'>ὅπλων,</span> 
     </span>
    </p>
   </div>
   <div class='ocr_carea' id='block_1_50' title="bbox 2413 2208 3982 2282">
    <p class='ocr_par' dir='ltr' id='par_1_50' title="bbox 2413 2208 3982 2282">
     <span class='ocr_line' id='line_1_50' title="bbox 2413 2208 3982 2282; baseline 0.003 -22"><span class='ocrx_word' id='word_1_334' title='bbox 2413 2210 2479 2260; x_wconf 77' lang='grc' dir='ltr'><strong>κά</strong></span> <span class='ocrx_word' id='word_1_335' title='bbox 2492 2208 2550 2259; x_wconf 82' lang='grc' dir='ltr'>πὶ</span> <span class='ocrx_word' id='word_1_336' title='bbox 2580 2209 2675 2278; x_wconf 85' lang='grc' dir='ltr'>τῆς</span> <span class='ocrx_word' id='word_1_337' title='bbox 2704 2212 2948 2279; x_wconf 74' lang='grc' dir='ltr'>σημαίας</span> <span class='ocrx_word' id='word_1_338' title='bbox 2971 2213 3305 2281; x_wconf 75' lang='grc' dir='ltr'>ἁπανταχοῦ,</span> <span class='ocrx_word' id='word_1_339' title='bbox 3328 2214 3394 2265; x_wconf 79' lang='grc' dir='ltr'><strong>ἶν’</strong></span> <span class='ocrx_word' id='word_1_340' title='bbox 3416 2214 3481 2265; x_wconf 87' lang='grc' dir='ltr'>ἂν</span> <span class='ocrx_word' id='word_1_341' title='bbox 3504 2214 3587 2282; x_wconf 72' lang='grc' dir='ltr'>εἴη</span> <span class='ocrx_word' id='word_1_342' title='bbox 3614 2213 3982 2275; x_wconf 72' lang='grc' dir='ltr'>διασώζεσθαι</span> 
     </span>
    </p>
   </div>
   <div class='ocr_carea' id='block_1_51' title="bbox 2410 2298 3980 2369">
    <p class='ocr_par' dir='ltr' id='par_1_51' title="bbox 2410 2298 3980 2369">
     <span class='ocr_line' id='line_1_51' title="bbox 2410 2298 3980 2369; baseline 0.002 -20"><span class='ocrx_word' id='word_1_343' title='bbox 2410 2298 2471 2349; x_wconf 65' lang='grc' dir='ltr'>τὸ</span> <span class='ocrx_word' id='word_1_344' title='bbox 2504 2300 2703 2367; x_wconf 87' lang='grc' dir='ltr'>σεμνόν</span> <span class='ocrx_word' id='word_1_345' title='bbox 2763 2301 3032 2369; x_wconf 83' lang='grc' dir='ltr'>Κόρινθον</span> <span class='ocrx_word' id='word_1_346' title='bbox 3082 2304 3142 2353; x_wconf 86' lang='grc' dir='ltr'>ὲκ</span> <span class='ocrx_word' id='word_1_347' title='bbox 3189 2301 3283 2354; x_wconf 85' lang='grc' dir='ltr'>τοῦ</span> <span class='ocrx_word' id='word_1_348' title='bbox 3336 2301 3563 2369; x_wconf 73' lang='grc' dir='ltr'>ἀδελφοῦ</span> <span class='ocrx_word' id='word_1_349' title='bbox 3612 2303 3781 2369; x_wconf 80' lang='grc' dir='ltr'>τριῶν</span> <span class='ocrx_word' id='word_1_350' title='bbox 3822 2304 3980 2365; x_wconf 80' lang='grc' dir='ltr'>ἐτῶν,</span> 
     </span>
    </p>
   </div>
   <div class='ocr_carea' id='block_1_52' title="bbox 2411 2389 3982 2465">
    <p class='ocr_par' dir='ltr' id='par_1_52' title="bbox 2411 2389 3982 2465">
     <span class='ocr_line' id='line_1_52' title="bbox 2411 2389 3982 2465; baseline 0.001 -20"><span class='ocrx_word' id='word_1_351' title='bbox 2411 2389 2584 2462; x_wconf 78' lang='grc' dir='ltr'>οἶμαι,</span> <span class='ocrx_word' id='word_1_352' title='bbox 2618 2393 3041 2463; x_wconf 80' lang='grc' dir='ltr'>προεσχηκότες,</span> <span class='ocrx_word' id='word_1_353' title='bbox 3088 2395 3195 2446; x_wconf 72' lang='grc' dir='ltr'>οὐδ’</span> <span class='ocrx_word' id='word_1_354' title='bbox 3226 2396 3332 2448; x_wconf 82' lang='grc' dir='ltr'>ἀπὸ</span> <span class='ocrx_word' id='word_1_355' title='bbox 3385 2394 3612 2465; x_wconf 80' lang='grc' dir='ltr'>γνώμης</span> <span class='ocrx_word' id='word_1_356' title='bbox 3644 2396 3741 2462; x_wconf 77' lang='grc' dir='ltr'>τῆς</span> <span class='ocrx_word' id='word_1_357' title='bbox 3776 2397 3982 2464; x_wconf 61' lang='grc' dir='ltr'>μητρδς</span> 
     </span>
    </p>
   </div>
   <div class='ocr_carea' id='block_1_53' title="bbox 2410 2488 3980 2559">
    <p class='ocr_par' dir='ltr' id='par_1_53' title="bbox 2410 2488 3980 2559">
     <span class='ocr_line' id='line_1_53' title="bbox 2410 2488 3980 2559; baseline 0.001 -20"><span class='ocrx_word' id='word_1_358' title='bbox 2410 2488 2504 2539; x_wconf 72' lang='grc' dir='ltr'><strong>καὶ</strong></span> <span class='ocrx_word' id='word_1_359' title='bbox 2534 2488 2634 2556; x_wconf 85' lang='grc' dir='ltr'>τῆς</span> <span class='ocrx_word' id='word_1_360' title='bbox 2672 2489 2973 2556; x_wconf 77' lang='grc' dir='ltr'>ἡμετέρας.</span> <span class='ocrx_word' id='word_1_361' title='bbox 3017 2488 3189 2542; x_wconf 82' lang='grc' dir='ltr'>Τοῦτο</span> <span class='ocrx_word' id='word_1_362' title='bbox 3218 2490 3274 2543; x_wconf 84' lang='grc' dir='ltr'>δὲ</span> <span class='ocrx_word' id='word_1_363' title='bbox 3312 2492 3501 2557; x_wconf 73' lang='grc' dir='ltr'>μηδεὶς</span> <span class='ocrx_word' id='word_1_364' title='bbox 3530 2492 3884 2559; x_wconf 76' lang='grc' dir='ltr'>θαυμαζέτω.</span> <span class='ocrx_word' id='word_1_365' title='bbox 3910 2492 3980 2544; x_wconf 72' lang='lat'><strong>0-3</strong></span> 
     </span>
    </p>
   </div>
   <div class='ocr_carea' id='block_1_54' title="bbox 2410 2577 3982 2650">
    <p class='ocr_par' dir='ltr' id='par_1_54' title="bbox 2410 2577 3982 2650">
     <span class='ocr_line' id='line_1_54' title="bbox 2410 2577 3982 2650; baseline 0.003 -21"><span class='ocrx_word' id='word_1_366' title='bbox 2410 2577 2519 2645; x_wconf 84' lang='grc' dir='ltr'><strong>γὰρ</strong></span> <span class='ocrx_word' id='word_1_367' title='bbox 2554 2578 2730 2641; x_wconf 70' lang='grc' dir='ltr'>οὕτως</span> <span class='ocrx_word' id='word_1_368' title='bbox 2764 2581 2928 2649; x_wconf 78' lang='grc' dir='ltr'>ἡμεῖς</span> <span class='ocrx_word' id='word_1_369' title='bbox 2974 2581 3171 2642; x_wconf 76' lang='grc' dir='ltr'>ἄθλιοι,</span> <span class='ocrx_word' id='word_1_370' title='bbox 3222 2582 3341 2634; x_wconf 77' lang='grc' dir='ltr'>οὐδὲ</span> <span class='ocrx_word' id='word_1_371' title='bbox 3396 2583 3628 2650; x_wconf 76' lang='grc' dir='ltr'>μαλακοί</span> <span class='ocrx_word' id='word_1_372' title='bbox 3680 2600 3828 2644; x_wconf 85' lang='grc' dir='ltr'>τινες</span> <span class='ocrx_word' id='word_1_373' title='bbox 3891 2583 3982 2634; x_wconf 74' lang='grc' dir='ltr'><strong>καὶ</strong></span> 
     </span>
    </p>
   </div>
   <div class='ocr_carea' id='block_1_55' title="bbox 2408 2670 3981 2742">
    <p class='ocr_par' dir='ltr' id='par_1_55' title="bbox 2408 2670 3981 2742">
     <span class='ocr_line' id='line_1_55' title="bbox 2408 2670 3981 2742; baseline 0.002 -20"><span class='ocrx_word' id='word_1_374' title='bbox 2408 2670 2714 2739; x_wconf 73' lang='grc' dir='ltr'>ἀϐέλτεροι,</span> <span class='ocrx_word' id='word_1_375' title='bbox 2746 2671 2887 2724; x_wconf 82' lang='grc' dir='ltr'>ὥστε</span> <span class='ocrx_word' id='word_1_376' title='bbox 2932 2674 3027 2725; x_wconf 75' lang='grc' dir='ltr'><strong>καὶ</strong></span> <span class='ocrx_word' id='word_1_377' title='bbox 3061 2673 3219 2742; x_wconf 69' lang='grc' dir='ltr'>ἡμῶν</span> <span class='ocrx_word' id='word_1_378' title='bbox 3248 2674 3429 2726; x_wconf 84' lang='grc' dir='ltr'>αὐτῶν</span> <span class='ocrx_word' id='word_1_379' title='bbox 3468 2675 3714 2736; x_wconf 81' lang='grc' dir='ltr'>ἐκείνους</span> <span class='ocrx_word' id='word_1_380' title='bbox 3748 2676 3981 2741; x_wconf 81' lang='grc' dir='ltr'>προκρῖ-</span> 
     </span>
    </p>
   </div>
   <div class='ocr_carea' id='block_1_56' title="bbox 2409 2763 3983 2836">
    <p class='ocr_par' dir='ltr' id='par_1_56' title="bbox 2409 2763 3983 2836">
     <span class='ocr_line' id='line_1_56' title="bbox 2409 2763 3983 2836; baseline 0.001 -20"><span class='ocrx_word' id='word_1_381' title='bbox 2409 2782 2519 2817; x_wconf 82' lang='grc' dir='ltr'>ναι.</span> <span class='ocrx_word' id='word_1_382' title='bbox 2545 2763 2726 2832; x_wconf 81' lang='grc' dir='ltr'>Οὔσης</span> <span class='ocrx_word' id='word_1_383' title='bbox 2749 2767 2805 2818; x_wconf 82' lang='grc' dir='ltr'>δὲ</span> <span class='ocrx_word' id='word_1_384' title='bbox 2830 2765 3009 2835; x_wconf 80' lang='grc' dir='ltr'>πάσης</span> <span class='ocrx_word' id='word_1_385' title='bbox 3033 2764 3302 2835; x_wconf 82' lang='grc' dir='ltr'>ἀνάγκης,</span> <span class='ocrx_word' id='word_1_386' title='bbox 3328 2768 3447 2836; x_wconf 79' lang='grc' dir='ltr'>ἦτοι</span> <span class='ocrx_word' id='word_1_387' title='bbox 3475 2768 3598 2829; x_wconf 78' lang='grc' dir='ltr'>τοὺς</span> <span class='ocrx_word' id='word_1_388' title='bbox 3631 2765 3983 2834; x_wconf 81' lang='grc' dir='ltr'>πολιορκοῦν-</span> 
     </span>
    </p>
   </div>
   <div class='ocr_carea' id='block_1_57' title="bbox 2406 2844 3979 2931">
    <p class='ocr_par' dir='ltr' id='par_1_57' title="bbox 2406 2844 3979 2931">
     <span class='ocr_line' id='line_1_57' title="bbox 2406 2844 3979 2931; baseline -0.001 -20"><span class='ocrx_word' id='word_1_389' title='bbox 2406 2844 2509 2920; x_wconf 72' lang='grc' dir='ltr'><strong>τας</strong></span> <span class='ocrx_word' id='word_1_390' title='bbox 2560 2859 2700 2911; x_wconf 80' lang='grc' dir='ltr'>ἑλεῖν</span> <span class='ocrx_word' id='word_1_391' title='bbox 2745 2860 2845 2927; x_wconf 79' lang='grc' dir='ltr'>τὴν</span> <span class='ocrx_word' id='word_1_392' title='bbox 2891 2859 3068 2912; x_wconf 85' lang='grc' dir='ltr'>πόλιν·</span> <span class='ocrx_word' id='word_1_393' title='bbox 3100 2861 3226 2921; x_wconf 82' lang='grc' dir='ltr'>τοὺς</span> <span class='ocrx_word' id='word_1_394' title='bbox 3273 2859 3549 2931; x_wconf 85' lang='grc' dir='ltr'>Τούρκους</span> <span class='ocrx_word' id='word_1_395' title='bbox 3585 2859 3765 2925; x_wconf 79' lang='grc' dir='ltr'>λέγωο</span> <span class='ocrx_word' id='word_1_396' title='bbox 3795 2861 3829 2929; x_wconf 75' lang='grc' dir='ltr'><strong>ἡ</strong></span> <span class='ocrx_word' id='word_1_397' title='bbox 3872 2876 3979 2911; x_wconf 86' lang='grc' dir='ltr'>τισι</span> 
     </span>
    </p>
   </div>
   <div class='ocr_carea' id='block_1_58' title="bbox 2410 2952 3975 3020">
    <p class='ocr_par' dir='ltr' id='par_1_58' title="bbox 2410 2952 3975 3020">
     <span class='ocr_line' id='line_1_58' title="bbox 2410 2952 3975 3020; baseline 0.001 -18"><span class='ocrx_word' id='word_1_398' title='bbox 2410 2952 2617 3020; x_wconf 83' lang='grc' dir='ltr'>ταύτην</span> <span class='ocrx_word' id='word_1_399' title='bbox 2650 2952 2872 3020; x_wconf 76' lang='grc' dir='ltr'>δοθῆναι</span> <span class='ocrx_word' id='word_1_400' title='bbox 2911 2952 3019 3005; x_wconf 81' lang='grc' dir='ltr'>τῶν</span> <span class='ocrx_word' id='word_1_401' title='bbox 3054 2952 3369 3019; x_wconf 78' lang='grc' dir='ltr'>δυναμένων</span> <span class='ocrx_word' id='word_1_402' title='bbox 3404 2954 3619 3020; x_wconf 76' lang='grc' dir='ltr'>ἐκείνην</span> <span class='ocrx_word' id='word_1_403' title='bbox 3663 2954 3839 3005; x_wconf 79' lang='grc' dir='ltr'>σῶσαι</span> <span class='ocrx_word' id='word_1_404' title='bbox 3885 2953 3975 3005; x_wconf 74' lang='grc' dir='ltr'>τοῦ</span> 
     </span>
    </p>
   </div>
   <div class='ocr_carea' id='block_1_59' title="bbox 2412 3046 3976 3115">
    <p class='ocr_par' dir='ltr' id='par_1_59' title="bbox 2412 3046 3976 3115">
     <span class='ocr_line' id='line_1_59' title="bbox 2412 3046 3976 3115; baseline -0.002 -19"><span class='ocrx_word' id='word_1_405' title='bbox 2412 3048 2779 3114; x_wconf 83' lang='grc' dir='ltr'>προκειμένου</span> <span class='ocrx_word' id='word_1_406' title='bbox 2801 3048 3068 3110; x_wconf 79' lang='grc' dir='ltr'>κινδύνου,</span> <span class='ocrx_word' id='word_1_407' title='bbox 3092 3046 3245 3114; x_wconf 76' lang='grc' dir='ltr'>ἡμῶν</span> <span class='ocrx_word' id='word_1_408' title='bbox 3268 3064 3330 3113; x_wconf 83' lang='grc' dir='ltr'><strong>γε</strong></span> <span class='ocrx_word' id='word_1_409' title='bbox 3356 3046 3512 3099; x_wconf 82' lang='grc' dir='ltr'>τοῦτο</span> <span class='ocrx_word' id='word_1_410' title='bbox 3541 3046 3612 3115; x_wconf 83' lang='grc' dir='ltr'>μὴ</span> <span class='ocrx_word' id='word_1_411' title='bbox 3636 3046 3976 3113; x_wconf 72' lang='grc' dir='ltr'>δυναμένων,</span> 
     </span>
    </p>
   </div>
   <div class='ocr_carea' id='block_1_60' title="bbox 2410 3139 3975 3208">
    <p class='ocr_par' dir='ltr' id='par_1_60' title="bbox 2410 3139 3975 3208">
     <span class='ocr_line' id='line_1_60' title="bbox 2410 3139 3975 3208; baseline -0.001 -17"><span class='ocrx_word' id='word_1_412' title='bbox 2410 3140 2606 3199; x_wconf 75' lang='grc' dir='ltr'>αὐτοὺς</span> <span class='ocrx_word' id='word_1_413' title='bbox 2631 3140 2693 3208; x_wconf 83' lang='grc' dir='ltr'>δὴ</span> <span class='ocrx_word' id='word_1_414' title='bbox 2724 3140 2948 3202; x_wconf 86' lang='grc' dir='ltr'>τούτους</span> <span class='ocrx_word' id='word_1_415' title='bbox 2988 3142 3203 3194; x_wconf 83' lang='grc' dir='ltr'>πάντων</span> <span class='ocrx_word' id='word_1_416' title='bbox 3234 3142 3341 3192; x_wconf 84' lang='grc' dir='ltr'><strong>τῶν</strong></span> <span class='ocrx_word' id='word_1_417' title='bbox 3370 3140 3544 3193; x_wconf 76' lang='grc' dir='ltr'>ἄλλων</span> <span class='ocrx_word' id='word_1_418' title='bbox 3574 3140 3800 3207; x_wconf 85' lang='grc' dir='ltr'>ἄμεινον</span> <span class='ocrx_word' id='word_1_419' title='bbox 3832 3139 3975 3202; x_wconf 78' lang='grc' dir='ltr'>ἔδοξε</span> 
     </span>
    </p>
   </div>
   <div class='ocr_carea' id='block_1_61' title="bbox 746 3217 2408 3304">
    <p class='ocr_par' dir='ltr' id='par_1_61' title="bbox 746 3217 2379 3296">
     <span class='ocr_line' id='line_1_61' title="bbox 746 3217 2379 3296; baseline 0.011 -28"><span class='ocrx_word' id='word_1_420' title='bbox 746 3217 837 3284; x_wconf 92' lang='lat' dir='ltr'><strong>qui</strong></span> <span class='ocrx_word' id='word_1_421' title='bbox 873 3218 1027 3272; x_wconf 88' lang='lat' dir='ltr'><strong>nobis</strong></span> <span class='ocrx_word' id='word_1_422' title='bbox 1059 3220 1231 3273; x_wconf 86' lang='lat' dir='ltr'><strong>amice</strong></span> <span class='ocrx_word' id='word_1_423' title='bbox 1288 3230 1563 3276; x_wconf 88' lang='lat' dir='ltr'><strong>uterentur</strong></span> <span class='ocrx_word' id='word_1_424' title='bbox 1596 3224 1695 3294; x_wconf 87' lang='lat' dir='ltr'><strong>(l),</strong></span> <span class='ocrx_word' id='word_1_425' title='bbox 1748 3241 1998 3296; x_wconf 91' lang='lat' dir='ltr'><strong>quosque</strong></span> <span class='ocrx_word' id='word_1_426' title='bbox 2054 3229 2193 3283; x_wconf 89' lang='lat' dir='ltr'><strong>fama</strong></span> <span class='ocrx_word' id='word_1_427' title='bbox 2224 3248 2307 3285; x_wconf 88' lang='lat' dir='ltr'><strong>es-</strong></span> <span class='ocrx_word' id='word_1_428' title='bbox 2336 3217 2379 3274; x_wconf 69' lang='grc' dir='ltr'><em>ε</em></span> 
     </span>
    </p>
   </div>
   <div class='ocr_carea' id='block_1_62' title="bbox 2316 3217 3978 3304">
    <p class='ocr_par' dir='ltr' id='par_1_62' title="bbox 2336 3217 3978 3304">
     <span class='ocr_line' id='line_1_62' title="bbox 2336 3217 3978 3304; baseline -0.004 -17"><span class='ocrx_word' id='word_1_429' title='bbox 2336 3217 2379 3274; x_wconf 80' lang='lat' dir='ltr'><strong>C</strong></span> <span class='ocrx_word' id='word_1_430' title='bbox 2414 3234 2802 3303; x_wconf 71' lang='grc' dir='ltr'>προκριθῆναι,</span> <span class='ocrx_word' id='word_1_431' title='bbox 2830 3234 2925 3288; x_wconf 82' lang='grc' dir='ltr'>ἆτε</span> <span class='ocrx_word' id='word_1_432' title='bbox 2960 3235 3023 3304; x_wconf 82' lang='grc' dir='ltr'>δὴ</span> <span class='ocrx_word' id='word_1_433' title='bbox 3069 3238 3165 3288; x_wconf 75' lang='grc' dir='ltr'><strong>καὶ</strong></span> <span class='ocrx_word' id='word_1_434' title='bbox 3193 3233 3327 3301; x_wconf 70' lang='grc' dir='ltr'>πρὸς</span> <span class='ocrx_word' id='word_1_435' title='bbox 3374 3234 3520 3301; x_wconf 76' lang='grc' dir='ltr'>ἡμᾶς</span> <span class='ocrx_word' id='word_1_436' title='bbox 3552 3232 3745 3300; x_wconf 74' lang='grc' dir='ltr'>φιλίως</span> <span class='ocrx_word' id='word_1_437' title='bbox 3775 3232 3803 3283; x_wconf 87' lang='grc' dir='ltr'><strong>δ</strong></span> <span class='ocrx_word' id='word_1_438' title='bbox 3830 3249 3978 3283; x_wconf 69' lang='grc' dir='ltr'>ακει-</span> 
     </span>
    </p>
   </div>
   <div class='ocr_carea' id='block_1_63' title="bbox 742 3313 2296 3391">
    <p class='ocr_par' dir='ltr' id='par_1_63' title="bbox 742 3313 2296 3391">
     <span class='ocr_line' id='line_1_63' title="bbox 742 3313 2296 3391; baseline 0.007 -26"><span class='ocrx_word' id='word_1_439' title='bbox 742 3322 832 3365; x_wconf 75' lang='lat' dir='ltr'><strong>set</strong></span> <span class='ocrx_word' id='word_1_440' title='bbox 866 3313 1141 3380; x_wconf 77' lang='lat' dir='ltr'><strong>religionis</strong></span> <span class='ocrx_word' id='word_1_441' title='bbox 1166 3316 1489 3367; x_wconf 81' lang='lat' dir='ltr'><strong>sacramenti</strong></span> <span class='ocrx_word' id='word_1_442' title='bbox 1524 3316 1880 3371; x_wconf 78' lang='lat' dir='ltr'><strong>observantes</strong></span> <span class='ocrx_word' id='word_1_443' title='bbox 1925 3334 2068 3383; x_wconf 87' lang='lat' dir='ltr'><strong>esse,</strong></span> <span class='ocrx_word' id='word_1_444' title='bbox 2120 3338 2296 3391; x_wconf 87' lang='lat' dir='ltr'><strong>eaque</strong></span> 
     </span>
    </p>
   </div>
   <div class='ocr_carea' id='block_1_64' title="bbox 748 3405 2289 3481">
    <p class='ocr_par' dir='ltr' id='par_1_64' title="bbox 748 3405 2289 3481">
     <span class='ocr_line' id='line_1_64' title="bbox 748 3405 2289 3481; baseline 0.007 -25"><span class='ocrx_word' id='word_1_445' title='bbox 748 3405 950 3471; x_wconf 59' lang='lat' dir='ltr'><strong>pollere</strong></span> <span class='ocrx_word' id='word_1_446' title='bbox 992 3407 1249 3471; x_wconf 89' lang='lat' dir='ltr'><strong>potentia,</strong></span> <span class='ocrx_word' id='word_1_447' title='bbox 1270 3422 1392 3469; x_wconf 65' lang='lat' dir='ltr'><strong>quae</strong></span> <span class='ocrx_word' id='word_1_448' title='bbox 1424 3410 1623 3475; x_wconf 68' lang='lat' dir='ltr'><strong>Oppido</strong></span> <span class='ocrx_word' id='word_1_449' title='bbox 1652 3412 1957 3464; x_wconf 68' lang='lat' dir='ltr'><strong>necessaria</strong></span> <span class='ocrx_word' id='word_1_450' title='bbox 1988 3414 2289 3481; x_wconf 65' lang='lat' dir='ltr'><strong>videretur,</strong></span> 
     </span>
    </p>
   </div>
   <div class='ocr_carea' id='block_1_65' title="bbox 744 3501 2307 3575">
    <p class='ocr_par' dir='ltr' id='par_1_65' title="bbox 744 3501 2307 3575">
     <span class='ocr_line' id='line_1_65' title="bbox 744 3501 2307 3575; baseline 0.009 -28"><span class='ocrx_word' id='word_1_451' title='bbox 744 3516 965 3569; x_wconf 66' lang='grc' dir='ltr'>ριιξρριιι</span> <span class='ocrx_word' id='word_1_452' title='bbox 990 3520 999 3547; x_wconf 80' lang='grc' dir='ltr'><strong>ι</strong></span> <span class='ocrx_word' id='word_1_453' title='bbox 1021 3516 1175 3552; x_wconf 82' lang='lat' dir='ltr'><strong>orum</strong></span> <span class='ocrx_word' id='word_1_454' title='bbox 1200 3501 1251 3553; x_wconf 94' lang='lat' dir='ltr'><strong>in</strong></span> <span class='ocrx_word' id='word_1_455' title='bbox 1284 3516 1396 3554; x_wconf 88' lang='lat' dir='ltr'><strong>rem</strong></span> <span class='ocrx_word' id='word_1_456' title='bbox 1431 3503 1616 3569; x_wconf 88' lang='lat' dir='ltr'><strong>majori</strong></span> <span class='ocrx_word' id='word_1_457' title='bbox 1648 3504 1948 3569; x_wconf 70' lang='lat' dir='ltr'><strong>alacritate,</strong></span> <span class='ocrx_word' id='word_1_458' title='bbox 1973 3522 2133 3575; x_wconf 89' lang='lat' dir='ltr'><strong>quam</strong></span> <span class='ocrx_word' id='word_1_459' title='bbox 2168 3509 2307 3561; x_wconf 84' lang='lat' dir='ltr'><strong>alio--</strong></span> 
     </span>
    </p>
   </div>
   <div class='ocr_carea' id='block_1_66' title="bbox 749 3595 2306 3668">
    <p class='ocr_par' dir='ltr' id='par_1_66' title="bbox 749 3595 2306 3668">
     <span class='ocr_line' id='line_1_66' title="bbox 749 3595 2306 3668; baseline 0.006 -23"><span class='ocrx_word' id='word_1_460' title='bbox 749 3611 867 3647; x_wconf 79' lang='lat' dir='ltr'><strong>ram</strong></span> <span class='ocrx_word' id='word_1_461' title='bbox 901 3597 993 3662; x_wconf 88' lang='lat' dir='ltr'><strong>qui</strong></span> <span class='ocrx_word' id='word_1_462' title='bbox 1028 3595 1362 3663; x_wconf 87' lang='lat' dir='ltr'><strong>potentiores</strong></span> <span class='ocrx_word' id='word_1_463' title='bbox 1394 3606 1595 3650; x_wconf 85' lang='lat' dir='ltr'><strong>essent.</strong></span> <span class='ocrx_word' id='word_1_464' title='bbox 1629 3596 1735 3651; x_wconf 81' lang='lat' dir='ltr'><strong>Res</strong></span> <span class='ocrx_word' id='word_1_465' title='bbox 1786 3614 1953 3666; x_wconf 87' lang='lat' dir='ltr'><strong>porro</strong></span> <span class='ocrx_word' id='word_1_466' title='bbox 1985 3610 2154 3668; x_wconf 70' lang='lat' dir='ltr'><strong>gesta,</strong></span> <span class='ocrx_word' id='word_1_467' title='bbox 2190 3613 2306 3655; x_wconf 91' lang='lat' dir='ltr'><strong>tan-</strong></span> 
     </span>
    </p>
   </div>
   <div class='ocr_carea' id='block_1_67' title="bbox 820 3792 2309 3864">
    <p class='ocr_par' dir='ltr' id='par_1_67' title="bbox 820 3792 2309 3864">
     <span class='ocr_line' id='line_1_67' title="bbox 820 3792 2309 3864; baseline 0.001 -19"><span class='ocrx_word' id='word_1_468' title='bbox 820 3796 928 3864; x_wconf 76' lang='lat' dir='ltr'><strong>(IO)</strong></span> <span class='ocrx_word' id='word_1_469' title='bbox 970 3792 1130 3845; x_wconf 83' lang='lat' dir='ltr'><strong>Nobis</strong></span> <span class='ocrx_word' id='word_1_470' title='bbox 1161 3792 1321 3843; x_wconf 78' lang='lat' dir='ltr'><strong>amice</strong></span> <span class='ocrx_word' id='word_1_471' title='bbox 1359 3803 1647 3847; x_wconf 81' lang='lat' dir='ltr'><strong>uterentur.</strong></span> <span class='ocrx_word' id='word_1_472' title='bbox 1683 3794 1844 3847; x_wconf 78' lang='lat' dir='ltr'><strong>Multa</strong></span> <span class='ocrx_word' id='word_1_473' title='bbox 1889 3792 2309 3847; x_wconf 80' lang='lat' dir='ltr'><strong>hahetRhodio—</strong></span> 
     </span>
    </p>
   </div>
   <div class='ocr_carea' id='block_1_68' title="bbox 746 3864 2302 3933">
    <p class='ocr_par' dir='ltr' id='par_1_68' title="bbox 746 3864 2302 3933">
     <span class='ocr_line' id='line_1_68' title="bbox 746 3864 2302 3933; baseline 0 -14"><span class='ocrx_word' id='word_1_474' title='bbox 746 3886 866 3922; x_wconf 84' lang='lat' dir='ltr'><strong>rum</strong></span> <span class='ocrx_word' id='word_1_475' title='bbox 930 3864 1157 3917; x_wconf 89' lang='lat' dir='ltr'><strong>militum</strong></span> <span class='ocrx_word' id='word_1_476' title='bbox 1209 3864 1458 3926; x_wconf 74' lang='lat' dir='ltr'><strong>Iti~toria,</strong></span> <span class='ocrx_word' id='word_1_477' title='bbox 1530 3866 1727 3918; x_wconf 85' lang='lat' dir='ltr'><strong>uuibos</strong></span> <span class='ocrx_word' id='word_1_478' title='bbox 1762 3864 2055 3933; x_wconf 80' lang='lat' dir='ltr'><strong>impensior</strong></span> <span class='ocrx_word' id='word_1_479' title='bbox 2109 3869 2195 3919; x_wconf 89' lang='lat' dir='ltr'><strong>illa</strong></span> <span class='ocrx_word' id='word_1_480' title='bbox 2253 3868 2302 3920; x_wconf 90' lang='lat' dir='ltr'><strong>in</strong></span> 
     </span>
    </p>
   </div>
   <div class='ocr_carea' id='block_1_69' title="bbox 747 3933 2305 3998">
    <p class='ocr_par' dir='ltr' id='par_1_69' title="bbox 747 3933 2305 3998">
     <span class='ocr_line' id='line_1_69' title="bbox 747 3933 2305 3998; baseline 0.001 -6"><span class='ocrx_word' id='word_1_481' title='bbox 747 3933 1377 3998; x_wconf 66' lang='lat' dir='ltr'><strong>Constantinopolitanae;</strong></span> <span class='ocrx_word' id='word_1_482' title='bbox 1410 3951 1471 3987; x_wconf 88' lang='lat' dir='ltr'><strong>ac</strong></span> <span class='ocrx_word' id='word_1_483' title='bbox 1504 3934 1835 3990; x_wconf 76' lang='lat' dir='ltr'><strong>Manuelem.</strong></span> <span class='ocrx_word' id='word_1_484' title='bbox 1872 3949 2059 3987; x_wconf 81' lang='lat' dir='ltr'><strong>eorum</strong></span> <span class='ocrx_word' id='word_1_485' title='bbox 2112 3938 2305 3989; x_wconf 84' lang='lat' dir='ltr'><strong>amici-</strong></span> 
     </span>
    </p>
   </div>
   <div class='ocr_carea' id='block_1_70' title="bbox 748 4004 2301 4066">
    <p class='ocr_par' dir='ltr' id='par_1_70' title="bbox 748 4004 2301 4066">
     <span class='ocr_line' id='line_1_70' title="bbox 748 4004 2301 4066; baseline 0.004 -12"><span class='ocrx_word' id='word_1_486' title='bbox 748 4014 817 4064; x_wconf 67' lang='grc' dir='ltr'><strong>πίει</strong></span> <span class='ocrx_word' id='word_1_487' title='bbox 852 4010 984 4061; x_wconf 74' lang='lat' dir='ltr'><strong>satis</strong></span> <span class='ocrx_word' id='word_1_488' title='bbox 1014 4004 1243 4066; x_wconf 69' lang='lat' dir='ltr'><strong>eluceat,</strong></span> <span class='ocrx_word' id='word_1_489' title='bbox 1276 4005 1529 4057; x_wconf 87' lang='lat' dir='ltr'><strong>nimirum</strong></span> <span class='ocrx_word' id='word_1_490' title='bbox 1562 4005 1600 4058; x_wconf 92' lang='lat' dir='ltr'><strong>l.</strong></span> <span class='ocrx_word' id='word_1_491' title='bbox 1642 4022 1693 4058; x_wconf 87' lang='lat' dir='ltr'><strong>tv</strong></span> <span class='ocrx_word' id='word_1_492' title='bbox 1740 4005 1829 4057; x_wconf 87' lang='lat' dir='ltr'><strong>ubi</strong></span> <span class='ocrx_word' id='word_1_493' title='bbox 1866 4007 2129 4060; x_wconf 74' lang='lat' dir='ltr'><strong>retexitur</strong></span> <span class='ocrx_word' id='word_1_494' title='bbox 2178 4023 2301 4060; x_wconf 87' lang='lat' dir='ltr'><strong>cum</strong></span> 
     </span>
    </p>
   </div>
   <div class='ocr_carea' id='block_1_71' title="bbox 747 4075 2302 4143">
    <p class='ocr_par' dir='ltr' id='par_1_71' title="bbox 747 4075 2302 4143">
     <span class='ocr_line' id='line_1_71' title="bbox 747 4075 2302 4143; baseline 0.003 -19"><span class='ocrx_word' id='word_1_495' title='bbox 747 4080 898 4133; x_wconf 61' lang='lat' dir='ltr'><strong>orbis</strong></span> <span class='ocrx_word' id='word_1_496' title='bbox 929 4075 1539 4137; x_wconf 70' lang='lat' dir='ltr'><strong>ConstantinOpolitanre</strong></span> <span class='ocrx_word' id='word_1_497' title='bbox 1570 4075 1781 4127; x_wconf 66' lang='lat' dir='ltr'><strong>obsidio</strong></span> <span class='ocrx_word' id='word_1_498' title='bbox 1833 4090 1927 4140; x_wconf 90' lang='lat' dir='ltr'><strong>per</strong></span> <span class='ocrx_word' id='word_1_499' title='bbox 1976 4077 2302 4143; x_wconf 82' lang='lat' dir='ltr'><strong>Bajazetem,</strong></span> 
     </span>
    </p>
   </div>
   <div class='ocr_carea' id='block_1_72' title="bbox 749 4144 2303 4213">
    <p class='ocr_par' dir='ltr' id='par_1_72' title="bbox 749 4144 2303 4213">
     <span class='ocr_line' id='line_1_72' title="bbox 749 4144 2303 4213; baseline -0.002 -12"><span class='ocrx_word' id='word_1_500' title='bbox 749 4163 860 4205; x_wconf 92' lang='lat' dir='ltr'><strong>tum</strong></span> <span class='ocrx_word' id='word_1_501' title='bbox 892 4144 1134 4202; x_wconf 87' lang='lat' dir='ltr'><strong>Corinthi</strong></span> <span class='ocrx_word' id='word_1_502' title='bbox 1187 4160 1248 4197; x_wconf 85' lang='lat' dir='ltr'><strong>ac</strong></span> <span class='ocrx_word' id='word_1_503' title='bbox 1300 4144 1507 4211; x_wconf 69' lang='lat' dir='ltr'><strong>Sparta:</strong></span> <span class='ocrx_word' id='word_1_504' title='bbox 1538 4162 1631 4213; x_wconf 88' lang='lat' dir='ltr'><strong>per</strong></span> <span class='ocrx_word' id='word_1_505' title='bbox 1678 4144 2021 4199; x_wconf 84' lang='lat' dir='ltr'><strong>Theodorum</strong></span> <span class='ocrx_word' id='word_1_506' title='bbox 2056 4160 2303 4201; x_wconf 89' lang='lat' dir='ltr'><strong>nostrum</strong></span> 
     </span>
    </p>
   </div>
   <div class='ocr_carea' id='block_1_73' title="bbox 748 4214 2306 4282">
    <p class='ocr_par' dir='ltr' id='par_1_73' title="bbox 748 4214 2306 4282">
     <span class='ocr_line' id='line_1_73' title="bbox 748 4214 2306 4282; baseline 0.001 -12"><span class='ocrx_word' id='word_1_507' title='bbox 748 4219 1007 4277; x_wconf 80' lang='lat' dir='ltr'><strong>vmnlitio,</strong></span> <span class='ocrx_word' id='word_1_508' title='bbox 1055 4224 1221 4282; x_wconf 89' lang='lat' dir='ltr'><strong>utque</strong></span> <span class='ocrx_word' id='word_1_509' title='bbox 1256 4214 1461 4280; x_wconf 71' lang='lat' dir='ltr'><strong>Sparta:</strong></span> <span class='ocrx_word' id='word_1_510' title='bbox 1491 4218 1777 4279; x_wconf 66' lang='lat' dir='ltr'><strong>episcopus</strong></span> <span class='ocrx_word' id='word_1_511' title='bbox 1813 4215 2129 4269; x_wconf 88' lang='lat' dir='ltr'><strong>Latinorum</strong></span> <span class='ocrx_word' id='word_1_512' title='bbox 2181 4220 2306 4271; x_wconf 91' lang='lat' dir='ltr'><strong>odio</strong></span> 
     </span>
    </p>
   </div>
   <div class='ocr_carea' id='block_1_74' title="bbox 745 4286 2309 4358">
    <p class='ocr_par' dir='ltr' id='par_1_74' title="bbox 745 4286 2309 4358">
     <span class='ocr_line' id='line_1_74' title="bbox 745 4286 2309 4358; baseline 0.005 -24"><span class='ocrx_word' id='word_1_513' title='bbox 745 4292 1017 4345; x_wconf 64' lang='lat' dir='ltr'><strong>abstiterit</strong></span> <span class='ocrx_word' id='word_1_514' title='bbox 1043 4324 1062 4358; x_wconf 18' lang='grc' dir='ltr'><em>,ν</em></span> <span class='ocrx_word' id='word_1_515' title='bbox 1096 4286 1488 4358; x_wconf 56' lang='lat' dir='ltr'><strong>commolisqtle</strong></span> <span class='ocrx_word' id='word_1_516' title='bbox 1522 4286 1824 4358; x_wconf 81' lang='lat' dir='ltr'><strong>Spartanis.</strong></span> <span class='ocrx_word' id='word_1_517' title='bbox 1874 4289 1939 4340; x_wconf 88' lang='lat' dir='ltr'><strong>ad</strong></span> <span class='ocrx_word' id='word_1_518' title='bbox 1994 4290 2309 4358; x_wconf 83' lang='lat' dir='ltr'><strong>rescinden-</strong></span> 
     </span>
    </p>
   </div>
   <div class='ocr_carea' id='block_1_75' title="bbox 748 4354 2309 4425">
    <p class='ocr_par' dir='ltr' id='par_1_75' title="bbox 748 4354 2309 4425">
     <span class='ocr_line' id='line_1_75' title="bbox 748 4354 2309 4425; baseline 0.002 -18"><span class='ocrx_word' id='word_1_519' title='bbox 748 4366 869 4413; x_wconf 61' lang='lat' dir='ltr'><strong>«&#39;am</strong></span> <span class='ocrx_word' id='word_1_520' title='bbox 909 4356 1270 4410; x_wconf 74' lang='lat' dir='ltr'><strong>venditionem</strong></span> <span class='ocrx_word' id='word_1_521' title='bbox 1302 4354 1641 4425; x_wconf 72' lang='lat' dir='ltr'><strong>Theodorum</strong></span> <span class='ocrx_word' id='word_1_522' title='bbox 1678 4356 1937 4421; x_wconf 67' lang='lat' dir='ltr'><strong>adegerit,</strong></span> <span class='ocrx_word' id='word_1_523' title='bbox 1964 4374 2084 4413; x_wconf 86' lang='lat' dir='ltr'><strong>cum</strong></span> <span class='ocrx_word' id='word_1_524' title='bbox 2117 4354 2309 4425; x_wconf 57' lang='lat' dir='ltr'><strong>Coi-in;</strong></span> 
     </span>
    </p>
   </div>
   <div class='ocr_carea' id='block_1_76' title="bbox 748 4423 2307 4490">
    <p class='ocr_par' dir='ltr' id='par_1_76' title="bbox 748 4423 2307 4490">
     <span class='ocr_line' id='line_1_76' title="bbox 748 4423 2307 4490; baseline -0.002 -7"><span class='ocrx_word' id='word_1_525' title='bbox 748 4431 874 4483; x_wconf 89' lang='lat' dir='ltr'><strong>thus</strong></span> <span class='ocrx_word' id='word_1_526' title='bbox 909 4429 1051 4481; x_wconf 80' lang='lat' dir='ltr'><strong>haud</strong></span> <span class='ocrx_word' id='word_1_527' title='bbox 1103 4434 1319 4490; x_wconf 68' lang='lat' dir='ltr'><strong>gravate</strong></span> <span class='ocrx_word' id='word_1_528' title='bbox 1377 4423 1616 4479; x_wconf 76' lang='lat' dir='ltr'><strong>Rhodios</strong></span> <span class='ocrx_word' id='word_1_529' title='bbox 1651 4427 1982 4481; x_wconf 67' lang='lat' dir='ltr'><strong>admitteret.</strong></span> <span class='ocrx_word' id='word_1_530' title='bbox 2021 4427 2150 4481; x_wconf 86' lang='lat' dir='ltr'><strong>Eam</strong></span> <span class='ocrx_word' id='word_1_531' title='bbox 2210 4423 2307 4489; x_wconf 66' lang='lat' dir='ltr'><strong>ego</strong></span> 
     </span>
    </p>
   </div>
   <div class='ocr_carea' id='block_1_77' title="bbox 746 4495 2311 4564">
    <p class='ocr_par' dir='ltr' id='par_1_77' title="bbox 746 4495 2311 4564">
     <span class='ocr_line' id='line_1_77' title="bbox 746 4495 2311 4564; baseline 0.001 -14"><span class='ocrx_word' id='word_1_532' title='bbox 746 4512 926 4564; x_wconf 73' lang='lat' dir='ltr'><strong>pntt-m</strong></span> <span class='ocrx_word' id='word_1_533' title='bbox 984 4513 1201 4550; x_wconf 80' lang='lat' dir='ltr'><strong>causam</strong></span> <span class='ocrx_word' id='word_1_534' title='bbox 1241 4496 1419 4551; x_wconf 70' lang='lat' dir='ltr'><strong>necati</strong></span> <span class='ocrx_word' id='word_1_535' title='bbox 1475 4495 1747 4549; x_wconf 63' lang='grc' dir='ltr'><strong>Μιιισιιιριί.Δ</strong></span> <span class='ocrx_word' id='word_1_536' title='bbox 1788 4498 2145 4553; x_wconf 70' lang='lat' dir='ltr'><strong>inter-dicente</strong></span> <span class='ocrx_word' id='word_1_537' title='bbox 2203 4498 2311 4551; x_wconf 80' lang='lat' dir='ltr'><strong>Ilo-</strong></span> 
     </span>
    </p>
   </div>
   <div class='ocr_carea' id='block_1_78' title="bbox 747 4565 2312 4635">
    <p class='ocr_par' dir='ltr' id='par_1_78' title="bbox 747 4565 2312 4635">
     <span class='ocr_line' id='line_1_78' title="bbox 747 4565 2312 4635; baseline 0.001 -16"><span class='ocrx_word' id='word_1_538' title='bbox 747 4583 905 4623; x_wconf 81' lang='lat' dir='ltr'><strong>manu</strong></span> <span class='ocrx_word' id='word_1_539' title='bbox 929 4567 1198 4633; x_wconf 77' lang='lat' dir='ltr'><strong>pontiﬁce.</strong></span> <span class='ocrx_word' id='word_1_540' title='bbox 1236 4582 1264 4619; x_wconf 90' lang='lat' dir='ltr'><strong>a</strong></span> <span class='ocrx_word' id='word_1_541' title='bbox 1297 4565 1503 4620; x_wconf 86' lang='lat' dir='ltr'><strong>Latinis</strong></span> <span class='ocrx_word' id='word_1_542' title='bbox 1533 4565 1755 4620; x_wconf 87' lang='lat' dir='ltr'><strong>subsidii</strong></span> <span class='ocrx_word' id='word_1_543' title='bbox 1789 4570 1868 4629; x_wconf 88' lang='lat' dir='ltr'><strong>(ut</strong></span> <span class='ocrx_word' id='word_1_544' title='bbox 1890 4568 2011 4631; x_wconf 83' lang='lat' dir='ltr'><strong>ejus</strong></span> <span class='ocrx_word' id='word_1_545' title='bbox 2038 4568 2217 4635; x_wconf 74' lang='lat' dir='ltr'><strong>negati</strong></span> <span class='ocrx_word' id='word_1_546' title='bbox 2241 4570 2312 4623; x_wconf 91' lang='lat' dir='ltr'><strong>sit</strong></span> 
     </span>
    </p>
   </div>
   <div class='ocr_carea' id='block_1_79' title="bbox 2410 3325 3976 3400">
    <p class='ocr_par' dir='ltr' id='par_1_79' title="bbox 2410 3325 3976 3400">
     <span class='ocr_line' id='line_1_79' title="bbox 2410 3325 3976 3400; baseline -0.005 -17"><span class='ocrx_word' id='word_1_547' title='bbox 2410 3332 2626 3400; x_wconf 80' lang='grc' dir='ltr'>μένους,</span> <span class='ocrx_word' id='word_1_548' title='bbox 2655 3333 2745 3381; x_wconf 79' lang='grc' dir='ltr'><strong>καὶ</strong></span> <span class='ocrx_word' id='word_1_549' title='bbox 2779 3332 2968 3399; x_wconf 72' lang='grc' dir='ltr'>φήμης</span> <span class='ocrx_word' id='word_1_550' title='bbox 3008 3329 3174 3396; x_wconf 72' lang='grc' dir='ltr'>οὔσης</span> <span class='ocrx_word' id='word_1_551' title='bbox 3216 3330 3342 3396; x_wconf 86' lang='grc' dir='ltr'><strong>περί</strong></span> <span class='ocrx_word' id='word_1_552' title='bbox 3374 3328 3555 3380; x_wconf 80' lang='grc' dir='ltr'>αὐτῶν</span> <span class='ocrx_word' id='word_1_553' title='bbox 3588 3329 3662 3394; x_wconf 80' lang='grc' dir='ltr'>μὴ</span> <span class='ocrx_word' id='word_1_554' title='bbox 3695 3325 3976 3394; x_wconf 48' lang='grc' dir='ltr'>παρβαί-</span> 
     </span>
    </p>
   </div>
   <div class='ocr_carea' id='block_1_80' title="bbox 2406 3419 3979 3489">
    <p class='ocr_par' dir='ltr' id='par_1_80' title="bbox 2406 3419 3979 3489">
     <span class='ocr_line' id='line_1_80' title="bbox 2406 3419 3979 3489; baseline -0.003 -15"><span class='ocrx_word' id='word_1_555' title='bbox 2406 3441 2518 3475; x_wconf 85' lang='grc' dir='ltr'>νειν</span> <span class='ocrx_word' id='word_1_556' title='bbox 2554 3424 2682 3483; x_wconf 80' lang='grc' dir='ltr'>τοὺς</span> <span class='ocrx_word' id='word_1_557' title='bbox 2711 3425 2928 3489; x_wconf 77' lang='grc' dir='ltr'>ὅρκους,</span> <span class='ocrx_word' id='word_1_558' title='bbox 2967 3422 3060 3473; x_wconf 75' lang='grc' dir='ltr'><strong>καὶ</strong></span> <span class='ocrx_word' id='word_1_559' title='bbox 3096 3422 3324 3485; x_wconf 69' lang='grc' dir='ltr'>δύναμιν</span> <span class='ocrx_word' id='word_1_560' title='bbox 3360 3420 3583 3488; x_wconf 73' lang='grc' dir='ltr'>ἔχοντας</span> <span class='ocrx_word' id='word_1_561' title='bbox 3615 3420 3808 3485; x_wconf 72' lang='grc' dir='ltr'>ἱκανὴν</span> <span class='ocrx_word' id='word_1_562' title='bbox 3844 3419 3979 3485; x_wconf 67' lang='grc' dir='ltr'>πρὸς</span> 
     </span>
    </p>
   </div>
   <div class='ocr_carea' id='block_1_81' title="bbox 2404 3512 3979 3586">
    <p class='ocr_par' dir='ltr' id='par_1_81' title="bbox 2404 3512 3979 3586">
     <span class='ocr_line' id='line_1_81' title="bbox 2404 3512 3979 3586; baseline -0.006 -18"><span class='ocrx_word' id='word_1_563' title='bbox 2404 3520 2465 3570; x_wconf 76' lang='grc' dir='ltr'><strong>τὸ</strong></span> <span class='ocrx_word' id='word_1_564' title='bbox 2497 3519 2828 3586; x_wconf 74' lang='grc' dir='ltr'>ζητούμενον</span> <span class='ocrx_word' id='word_1_565' title='bbox 2859 3515 3187 3582; x_wconf 85' lang='grc' dir='ltr'>τηνικαῦτα,</span> <span class='ocrx_word' id='word_1_566' title='bbox 3217 3515 3307 3566; x_wconf 72' lang='grc' dir='ltr'>καὶ</span> <span class='ocrx_word' id='word_1_567' title='bbox 3338 3514 3473 3579; x_wconf 71' lang='grc' dir='ltr'>πρὸς</span> <span class='ocrx_word' id='word_1_568' title='bbox 3500 3514 3566 3564; x_wconf 83' lang='grc' dir='ltr'><strong>τὰ</strong></span> <span class='ocrx_word' id='word_1_569' title='bbox 3590 3512 3819 3563; x_wconf 76' lang='grc' dir='ltr'>τοιαῦτα</span> <span class='ocrx_word' id='word_1_570' title='bbox 3844 3527 3979 3577; x_wconf 85' lang='grc' dir='ltr'>προ-</span> 
     </span>
    </p>
   </div>
   <div class='ocr_carea' id='block_1_82' title="bbox 2407 3606 3975 3678">
    <p class='ocr_par' dir='ltr' id='par_1_82' title="bbox 2407 3606 3975 3678">
     <span class='ocr_line' id='line_1_82' title="bbox 2407 3606 3975 3678; baseline -0.005 -15"><span class='ocrx_word' id='word_1_571' title='bbox 2407 3613 2613 3678; x_wconf 75' lang='grc' dir='ltr'>θύμους</span> <span class='ocrx_word' id='word_1_572' title='bbox 2671 3610 2832 3670; x_wconf 73' lang='grc' dir='ltr'>ὅντας</span> <span class='ocrx_word' id='word_1_573' title='bbox 2894 3609 3033 3678; x_wconf 75' lang='grc' dir='ltr'>ὑπὲρ</span> <span class='ocrx_word' id='word_1_574' title='bbox 3093 3609 3217 3670; x_wconf 74' lang='grc' dir='ltr'>τοὺς</span> <span class='ocrx_word' id='word_1_575' title='bbox 3274 3606 3498 3659; x_wconf 76' lang='grc' dir='ltr'>ἐκείνων</span> <span class='ocrx_word' id='word_1_576' title='bbox 3567 3606 3975 3675; x_wconf 77' lang='grc' dir='ltr'>ἰσχυροτέρους.</span> 
     </span>
    </p>
   </div>
   <div class='ocr_carea' id='block_1_83' title="bbox 2417 3796 3980 3863">
    <p class='ocr_par' dir='ltr' id='par_1_83' title="bbox 2417 3796 3980 3863">
     <span class='ocr_line' id='line_1_83' title="bbox 2417 3796 3980 3863; baseline 0 -16"><span class='ocrx_word' id='word_1_577' title='bbox 2417 3796 2636 3853; x_wconf 85' lang='lat' dir='ltr'><strong>suisset.</strong></span> <span class='ocrx_word' id='word_1_578' title='bbox 2670 3806 2960 3863; x_wconf 66' lang='lat' dir='ltr'><strong>antequam</strong></span> <span class='ocrx_word' id='word_1_579' title='bbox 3005 3798 3167 3850; x_wconf 86' lang='lat' dir='ltr'><strong>etiam</strong></span> <span class='ocrx_word' id='word_1_580' title='bbox 3197 3806 3596 3861; x_wconf 72' lang='lat' dir='ltr'><strong>repeterentur,</strong></span> <span class='ocrx_word' id='word_1_581' title='bbox 3633 3814 3695 3852; x_wconf 86' lang='lat' dir='ltr'><strong>ac</strong></span> <span class='ocrx_word' id='word_1_582' title='bbox 3744 3814 3864 3849; x_wconf 71' lang='lat' dir='ltr'><strong>mox</strong></span> <span class='ocrx_word' id='word_1_583' title='bbox 3911 3796 3980 3849; x_wconf 87' lang='lat' dir='ltr'><strong>ab</strong></span> 
     </span>
    </p>
   </div>
   <div class='ocr_carea' id='block_1_84' title="bbox 2416 3867 3975 3933">
    <p class='ocr_par' dir='ltr' id='par_1_84' title="bbox 2416 3867 3975 3933">
     <span class='ocr_line' id='line_1_84' title="bbox 2416 3867 3975 3933; baseline -0.002 -12"><span class='ocrx_word' id='word_1_584' title='bbox 2416 3867 2567 3921; x_wconf 91' lang='lat' dir='ltr'><strong>urbis</strong></span> <span class='ocrx_word' id='word_1_585' title='bbox 2599 3868 2881 3921; x_wconf 84' lang='lat' dir='ltr'><strong>obsidione</strong></span> <span class='ocrx_word' id='word_1_586' title='bbox 2917 3868 3091 3921; x_wconf 90' lang='lat' dir='ltr'><strong>soluta</strong></span> <span class='ocrx_word' id='word_1_587' title='bbox 3120 3884 3135 3929; x_wconf 86' lang='lat'><strong>;</strong></span> <span class='ocrx_word' id='word_1_588' title='bbox 3172 3869 3263 3920; x_wconf 88' lang='lat' dir='ltr'><strong>sed</strong></span> <span class='ocrx_word' id='word_1_589' title='bbox 3288 3880 3335 3920; x_wconf 86' lang='lat' dir='ltr'><strong>et</strong></span> <span class='ocrx_word' id='word_1_590' title='bbox 3362 3882 3581 3933; x_wconf 88' lang='lat' dir='ltr'><strong>operam</strong></span> <span class='ocrx_word' id='word_1_591' title='bbox 3612 3884 3766 3922; x_wconf 83' lang='lat' dir='ltr'><strong>suam</strong></span> <span class='ocrx_word' id='word_1_592' title='bbox 3801 3868 3975 3919; x_wconf 84' lang='lat' dir='ltr'><strong>eidem</strong></span> 
     </span>
    </p>
   </div>
   <div class='ocr_carea' id='block_1_85' title="bbox 2415 3937 3981 4004">
    <p class='ocr_par' dir='ltr' id='par_1_85' title="bbox 2415 3937 3981 4004">
     <span class='ocr_line' id='line_1_85' title="bbox 2415 3937 3981 4004; baseline -0.001 -14"><span class='ocrx_word' id='word_1_593' title='bbox 2415 3938 2786 3990; x_wconf 55' lang='lat' dir='ltr'><strong>instauranda:</strong></span> <span class='ocrx_word' id='word_1_594' title='bbox 2832 3938 3183 4002; x_wconf 83' lang='lat' dir='ltr'><strong>impendisse.</strong></span> <span class='ocrx_word' id='word_1_595' title='bbox 3231 3947 3545 4004; x_wconf 67' lang='lat' dir='ltr'><strong>tantumqnte</strong></span> <span class='ocrx_word' id='word_1_596' title='bbox 3576 3949 3802 3990; x_wconf 82' lang='lat' dir='ltr'><strong>conatos</strong></span> <span class='ocrx_word' id='word_1_597' title='bbox 3842 3937 3981 3989; x_wconf 83' lang='lat' dir='ltr'><strong>Fra-</strong></span> 
     </span>
    </p>
   </div>
   <div class='ocr_carea' id='block_1_86' title="bbox 2412 4007 3979 4073">
    <p class='ocr_par' dir='ltr' id='par_1_86' title="bbox 2412 4007 3979 4073">
     <span class='ocr_line' id='line_1_86' title="bbox 2412 4007 3979 4073; baseline -0.001 -13"><span class='ocrx_word' id='word_1_598' title='bbox 2412 4016 2543 4071; x_wconf 88' lang='lat' dir='ltr'><strong>tres,</strong></span> <span class='ocrx_word' id='word_1_599' title='bbox 2576 4009 2729 4061; x_wconf 88' lang='lat' dir='ltr'><strong>datas</strong></span> <span class='ocrx_word' id='word_1_600' title='bbox 2762 4007 3051 4059; x_wconf 78' lang='lat' dir='ltr'><strong>Theodoro</strong></span> <span class='ocrx_word' id='word_1_601' title='bbox 3087 4008 3341 4071; x_wconf 81' lang='lat' dir='ltr'><strong>pecunias</strong></span> <span class='ocrx_word' id='word_1_602' title='bbox 3369 4022 3429 4059; x_wconf 85' lang='lat' dir='ltr'><strong>ac</strong></span> <span class='ocrx_word' id='word_1_603' title='bbox 3477 4010 3713 4073; x_wconf 88' lang='lat' dir='ltr'><strong>pretiosa</strong></span> <span class='ocrx_word' id='word_1_604' title='bbox 3748 4008 3852 4061; x_wconf 85' lang='lat' dir='ltr'><strong>alia</strong></span> <span class='ocrx_word' id='word_1_605' title='bbox 3891 4024 3979 4059; x_wconf 89' lang='lat' dir='ltr'><strong>re-</strong></span> 
     </span>
    </p>
   </div>
   <div class='ocr_carea' id='block_1_87' title="bbox 2410 4078 3979 4145">
    <p class='ocr_par' dir='ltr' id='par_1_87' title="bbox 2410 4078 3979 4145">
     <span class='ocr_line' id='line_1_87' title="bbox 2410 4078 3979 4145; baseline -0.001 -17"><span class='ocrx_word' id='word_1_606' title='bbox 2410 4078 2612 4145; x_wconf 83' lang='lat' dir='ltr'><strong>cipere.</strong></span> <span class='ocrx_word' id='word_1_607' title='bbox 2643 4078 2813 4139; x_wconf 75' lang='lat' dir='ltr'><strong>Onam</strong></span> <span class='ocrx_word' id='word_1_608' title='bbox 2850 4078 3060 4130; x_wconf 86' lang='lat' dir='ltr'><strong>Manuel</strong></span> <span class='ocrx_word' id='word_1_609' title='bbox 3095 4086 3200 4129; x_wconf 88' lang='lat' dir='ltr'><strong>tam</strong></span> <span class='ocrx_word' id='word_1_610' title='bbox 3231 4078 3415 4131; x_wconf 89' lang='lat' dir='ltr'><strong>multis</strong></span> <span class='ocrx_word' id='word_1_611' title='bbox 3444 4078 3767 4145; x_wconf 70' lang='lat' dir='ltr'><strong>deprtedicat</strong></span> <span class='ocrx_word' id='word_1_612' title='bbox 3819 4078 3979 4131; x_wconf 79' lang='lat' dir='ltr'><strong>fabu-</strong></span> 
     </span>
    </p>
   </div>
   <div class='ocr_carea' id='block_1_88' title="bbox 2412 4147 3977 4215">
    <p class='ocr_par' dir='ltr' id='par_1_88' title="bbox 2412 4147 3977 4215">
     <span class='ocr_line' id='line_1_88' title="bbox 2412 4147 3977 4215; baseline 0.003 -18"><span class='ocrx_word' id='word_1_613' title='bbox 2412 4147 2540 4209; x_wconf 86' lang='lat' dir='ltr'><strong>lam,</strong></span> <span class='ocrx_word' id='word_1_614' title='bbox 2584 4157 2642 4201; x_wconf 90' lang='lat' dir='ltr'><strong>ut</strong></span> <span class='ocrx_word' id='word_1_615' title='bbox 2672 4147 2996 4201; x_wconf 85' lang='lat' dir='ltr'><strong>Theodorus</strong></span> <span class='ocrx_word' id='word_1_616' title='bbox 3029 4161 3133 4198; x_wconf 92' lang='lat' dir='ltr'><strong>nou</strong></span> <span class='ocrx_word' id='word_1_617' title='bbox 3170 4149 3391 4201; x_wconf 91' lang='lat' dir='ltr'><strong>omnino</strong></span> <span class='ocrx_word' id='word_1_618' title='bbox 3424 4148 3635 4201; x_wconf 87' lang='lat' dir='ltr'><strong>sincere</strong></span> <span class='ocrx_word' id='word_1_619' title='bbox 3662 4150 3832 4215; x_wconf 79' lang='lat' dir='ltr'><strong>egerit</strong></span> <span class='ocrx_word' id='word_1_620' title='bbox 3855 4165 3977 4201; x_wconf 76' lang='lat' dir='ltr'><strong>cum</strong></span> 
     </span>
    </p>
   </div>
   <div class='ocr_carea' id='block_1_89' title="bbox 2411 4215 3980 4285">
    <p class='ocr_par' dir='ltr' id='par_1_89' title="bbox 2411 4215 3980 4285">
     <span class='ocr_line' id='line_1_89' title="bbox 2411 4215 3980 4285; baseline 0.001 -17"><span class='ocrx_word' id='word_1_621' title='bbox 2411 4215 2656 4281; x_wconf 80' lang='lat' dir='ltr'><strong>Rhodiis,</strong></span> <span class='ocrx_word' id='word_1_622' title='bbox 2693 4219 3034 4283; x_wconf 75' lang='lat' dir='ltr'><strong>volneritque</strong></span> <span class='ocrx_word' id='word_1_623' title='bbox 3068 4224 3273 4269; x_wconf 88' lang='lat' dir='ltr'><strong>tantum</strong></span> <span class='ocrx_word' id='word_1_624' title='bbox 3308 4234 3401 4285; x_wconf 85' lang='lat' dir='ltr'><strong>per</strong></span> <span class='ocrx_word' id='word_1_625' title='bbox 3428 4233 3521 4270; x_wconf 85' lang='lat' dir='ltr'><strong>eos</strong></span> <span class='ocrx_word' id='word_1_626' title='bbox 3554 4230 3814 4269; x_wconf 75' lang='lat' dir='ltr'><strong>terrorem</strong></span> <span class='ocrx_word' id='word_1_627' title='bbox 3844 4218 3980 4270; x_wconf 85' lang='lat' dir='ltr'><strong>Tur-</strong></span> 
     </span>
    </p>
   </div>
   <div class='ocr_carea' id='block_1_90' title="bbox 2410 4288 3983 4355">
    <p class='ocr_par' dir='ltr' id='par_1_90' title="bbox 2410 4288 3983 4355">
     <span class='ocr_line' id='line_1_90' title="bbox 2410 4288 3983 4355; baseline 0 -15"><span class='ocrx_word' id='word_1_628' title='bbox 2410 4288 2490 4340; x_wconf 92' lang='lat' dir='ltr'><strong>cis</strong></span> <span class='ocrx_word' id='word_1_629' title='bbox 2526 4288 2767 4355; x_wconf 84' lang='lat' dir='ltr'><strong>injicere,</strong></span> <span class='ocrx_word' id='word_1_630' title='bbox 2806 4304 2913 4341; x_wconf 86' lang='lat' dir='ltr'><strong>non</strong></span> <span class='ocrx_word' id='word_1_631' title='bbox 2952 4301 3096 4346; x_wconf 86' lang='lat' dir='ltr'><strong>vere.</strong></span> <span class='ocrx_word' id='word_1_632' title='bbox 3127 4288 3267 4353; x_wconf 87' lang='lat' dir='ltr'><strong>quod</strong></span> <span class='ocrx_word' id='word_1_633' title='bbox 3307 4296 3421 4340; x_wconf 88' lang='lat' dir='ltr'><strong>erat</strong></span> <span class='ocrx_word' id='word_1_634' title='bbox 3456 4288 3505 4339; x_wconf 92' lang='lat' dir='ltr'><strong>in</strong></span> <span class='ocrx_word' id='word_1_635' title='bbox 3543 4288 3682 4352; x_wconf 84' lang='lat' dir='ltr'><strong>ipso,</strong></span> <span class='ocrx_word' id='word_1_636' title='bbox 3712 4290 3983 4348; x_wconf 84' lang='lat' dir='ltr'><strong>Pelopon-</strong></span> 
     </span>
    </p>
   </div>
   <div class='ocr_carea' id='block_1_91' title="bbox 2412 4358 3980 4426">
    <p class='ocr_par' dir='ltr' id='par_1_91' title="bbox 2412 4358 3980 4426">
     <span class='ocr_line' id='line_1_91' title="bbox 2412 4358 3980 4426; baseline 0 -17"><span class='ocrx_word' id='word_1_637' title='bbox 2412 4372 2547 4410; x_wconf 82' lang='lat' dir='ltr'><strong>neso</strong></span> <span class='ocrx_word' id='word_1_638' title='bbox 2586 4360 2810 4419; x_wconf 81' lang='lat' dir='ltr'><strong>donare,</strong></span> <span class='ocrx_word' id='word_1_639' title='bbox 2845 4366 2900 4409; x_wconf 91' lang='lat' dir='ltr'><strong>ut</strong></span> <span class='ocrx_word' id='word_1_640' title='bbox 2949 4365 3205 4422; x_wconf 85' lang='lat' dir='ltr'><strong>tanquam</strong></span> <span class='ocrx_word' id='word_1_641' title='bbox 3241 4359 3400 4409; x_wconf 87' lang='lat' dir='ltr'><strong>amici</strong></span> <span class='ocrx_word' id='word_1_642' title='bbox 3438 4371 3498 4407; x_wconf 87' lang='lat' dir='ltr'><strong>ac</strong></span> <span class='ocrx_word' id='word_1_643' title='bbox 3532 4358 3664 4409; x_wconf 83' lang='lat' dir='ltr'><strong>surii</strong></span> <span class='ocrx_word' id='word_1_644' title='bbox 3721 4360 3980 4426; x_wconf 75' lang='lat' dir='ltr'><strong>deinceps</strong></span> 
     </span>
    </p>
   </div>
   <div class='ocr_carea' id='block_1_92' title="bbox 2414 4427 3982 4495">
    <p class='ocr_par' dir='ltr' id='par_1_92' title="bbox 2414 4427 3982 4495">
     <span class='ocr_line' id='line_1_92' title="bbox 2414 4427 3982 4495; baseline -0.001 -16"><span class='ocrx_word' id='word_1_645' title='bbox 2414 4436 2658 4480; x_wconf 79' lang='lat' dir='ltr'><strong>tenerent</strong></span> <span class='ocrx_word' id='word_1_646' title='bbox 2692 4444 2753 4481; x_wconf 92' lang='lat' dir='ltr'><strong>ac</strong></span> <span class='ocrx_word' id='word_1_647' title='bbox 2790 4435 3115 4485; x_wconf 82' lang='lat' dir='ltr'><strong>tutarentur,</strong></span> <span class='ocrx_word' id='word_1_648' title='bbox 3161 4427 3301 4479; x_wconf 90' lang='lat' dir='ltr'><strong>haud</strong></span> <span class='ocrx_word' id='word_1_649' title='bbox 3338 4427 3538 4490; x_wconf 62' lang='lat' dir='ltr'><strong>possim</strong></span> <span class='ocrx_word' id='word_1_650' title='bbox 3592 4429 3823 4478; x_wconf 88' lang='lat' dir='ltr'><strong>omnino</strong></span> <span class='ocrx_word' id='word_1_651' title='bbox 3862 4445 3982 4495; x_wconf 84' lang='lat' dir='ltr'><strong>prn-</strong></span> 
     </span>
    </p>
   </div>
   <div class='ocr_carea' id='block_1_93' title="bbox 2418 4494 3978 4565">
    <p class='ocr_par' dir='ltr' id='par_1_93' title="bbox 2418 4494 3978 4565">
     <span class='ocr_line' id='line_1_93' title="bbox 2418 4494 3978 4565; baseline 0.002 -18"><span class='ocrx_word' id='word_1_652' title='bbox 2418 4496 2564 4558; x_wconf 90' lang='lat' dir='ltr'><strong>bare,</strong></span> <span class='ocrx_word' id='word_1_653' title='bbox 2594 4509 2685 4551; x_wconf 88' lang='lat' dir='ltr'><strong>aut</strong></span> <span class='ocrx_word' id='word_1_654' title='bbox 2710 4499 2843 4551; x_wconf 88' lang='lat' dir='ltr'><strong>satis</strong></span> <span class='ocrx_word' id='word_1_655' title='bbox 2874 4512 2902 4549; x_wconf 93' lang='lat' dir='ltr'><strong>e</strong></span> <span class='ocrx_word' id='word_1_656' title='bbox 2936 4494 3229 4548; x_wconf 85' lang='lat' dir='ltr'><strong>Christiani</strong></span> <span class='ocrx_word' id='word_1_657' title='bbox 3264 4497 3466 4565; x_wconf 84' lang='lat' dir='ltr'><strong>politici</strong></span> <span class='ocrx_word' id='word_1_658' title='bbox 3506 4494 3978 4565; x_wconf 17' lang='lat' dir='ltr'><strong>fideiexistimarc.</strong></span> 
     </span>
    </p>
   </div>
   <div class='ocr_carea' id='block_1_94' title="bbox 2420 4564 3982 4633">
    <p class='ocr_par' dir='ltr' id='par_1_94' title="bbox 2420 4564 3982 4633">
     <span class='ocr_line' id='line_1_94' title="bbox 2420 4564 3982 4633; baseline 0 -15"><span class='ocrx_word' id='word_1_659' title='bbox 2420 4565 2609 4619; x_wconf 86' lang='lat' dir='ltr'><strong>Fuerit</strong></span> <span class='ocrx_word' id='word_1_660' title='bbox 2660 4580 2807 4621; x_wconf 87' lang='lat' dir='ltr'><strong>certe</strong></span> <span class='ocrx_word' id='word_1_661' title='bbox 2856 4568 2944 4620; x_wconf 90' lang='lat' dir='ltr'><strong>illa</strong></span> <span class='ocrx_word' id='word_1_662' title='bbox 3009 4567 3161 4626; x_wconf 79' lang='lat' dir='ltr'><strong>fides,</strong></span> <span class='ocrx_word' id='word_1_663' title='bbox 3220 4564 3326 4619; x_wconf 82' lang='lat' dir='ltr'><strong>non</strong></span> <span class='ocrx_word' id='word_1_664' title='bbox 3387 4582 3548 4633; x_wconf 91' lang='lat' dir='ltr'><strong>quam</strong></span> <span class='ocrx_word' id='word_1_665' title='bbox 3596 4564 3842 4620; x_wconf 62' lang='lat' dir='ltr'><strong>(luceant</strong></span> <span class='ocrx_word' id='word_1_666' title='bbox 3904 4572 3982 4618; x_wconf 85' lang='lat' dir='ltr'><strong>vir</strong></span> 
     </span>
    </p>
   </div>
   <div class='ocr_carea' id='block_1_95' title="bbox 743 4615 3982 4704">
    <p class='ocr_par' dir='ltr' id='par_1_95' title="bbox 743 4615 3982 4704">
     <span class='ocr_line' id='line_1_95' title="bbox 743 4615 3982 4704; baseline -0.002 -13"><span class='ocrx_word' id='word_1_667' title='bbox 743 4615 1039 4691; x_wconf 46' lang='lat' dir='ltr'><strong>alia-ransa</strong></span> <span class='ocrx_word' id='word_1_668' title='bbox 1072 4642 1265 4704; x_wconf 63' lang='lat' dir='ltr'><strong>praeter</strong></span> <span class='ocrx_word' id='word_1_669' title='bbox 1303 4636 1627 4690; x_wconf 90' lang='lat' dir='ltr'><strong>discordiam</strong></span> <span class='ocrx_word' id='word_1_670' title='bbox 1685 4615 1852 4702; x_wconf 75' lang='lat' dir='ltr'><strong>ipsam</strong></span> <span class='ocrx_word' id='word_1_671' title='bbox 1885 4615 2223 4703; x_wconf 63' lang='lat' dir='ltr'><strong>Latinorum,</strong></span> <span class='ocrx_word' id='word_1_672' title='bbox 2252 4656 2314 4695; x_wconf 89' lang='lat' dir='ltr'><strong>ac</strong></span> <span class='ocrx_word' id='word_1_673' title='bbox 2347 4615 2391 4670; x_wconf 73' lang='grc' dir='ltr'><strong>θ</strong></span> <span class='ocrx_word' id='word_1_674' title='bbox 2418 4636 2628 4691; x_wconf 86' lang='lat' dir='ltr'><strong>amicus</strong></span> <span class='ocrx_word' id='word_1_675' title='bbox 2655 4653 2715 4689; x_wconf 78' lang='lat' dir='ltr'><strong>ae</strong></span> <span class='ocrx_word' id='word_1_676' title='bbox 2747 4636 2967 4691; x_wconf 71' lang='lat' dir='ltr'><strong>Grzrcus</strong></span> <span class='ocrx_word' id='word_1_677' title='bbox 2998 4636 3064 4688; x_wconf 79' lang='lat' dir='ltr'><strong>ab</strong></span> <span class='ocrx_word' id='word_1_678' title='bbox 3090 4634 3367 4703; x_wconf 65' lang='lat' dir='ltr'><strong>Areopago</strong></span> <span class='ocrx_word' id='word_1_679' title='bbox 3392 4615 3785 4690; x_wconf 62' lang='lat' dir='ltr'><strong>sincerissima:</strong></span> <span class='ocrx_word' id='word_1_680' title='bbox 3823 4637 3982 4690; x_wconf 82' lang='lat' dir='ltr'><strong>hOtno</strong></span> 
     </span>
    </p>
   </div>
   <div class='ocr_carea' id='block_1_96' title="bbox 744 4708 2306 4770">
    <p class='ocr_par' dir='ltr' id='par_1_96' title="bbox 744 4708 2306 4770">
     <span class='ocr_line' id='line_1_96' title="bbox 744 4708 2306 4770; baseline 0.004 -13"><span class='ocrx_word' id='word_1_681' title='bbox 744 4725 847 4768; x_wconf 82' lang='lat' dir='ltr'><strong>qua</strong></span> <span class='ocrx_word' id='word_1_682' title='bbox 900 4710 1182 4760; x_wconf 86' lang='lat' dir='ltr'><strong>laborabat</strong></span> <span class='ocrx_word' id='word_1_683' title='bbox 1228 4708 1399 4769; x_wconf 68' lang='lat' dir='ltr'><strong>Italia,</strong></span> <span class='ocrx_word' id='word_1_684' title='bbox 1449 4717 1669 4770; x_wconf 79' lang='lat' dir='ltr'><strong>excepta</strong></span> <span class='ocrx_word' id='word_1_685' title='bbox 1699 4710 1859 4760; x_wconf 82' lang='lat' dir='ltr'><strong>etiam</strong></span> <span class='ocrx_word' id='word_1_686' title='bbox 1909 4723 2097 4761; x_wconf 89' lang='lat' dir='ltr'><strong>eorum</strong></span> <span class='ocrx_word' id='word_1_687' title='bbox 2149 4712 2306 4765; x_wconf 90' lang='lat' dir='ltr'><strong>solita</strong></span> 
     </span>
    </p>
   </div>
   <div class='ocr_carea' id='block_1_97' title="bbox 745 4776 2309 4848">
    <p class='ocr_par' dir='ltr' id='par_1_97' title="bbox 745 4776 2309 4848">
     <span class='ocr_line' id='line_1_97' title="bbox 745 4776 2309 4848; baseline -0.001 -18"><span class='ocrx_word' id='word_1_688' title='bbox 745 4780 1020 4842; x_wconf 83' lang='lat' dir='ltr'><strong>tarditate,</strong></span> <span class='ocrx_word' id='word_1_689' title='bbox 1052 4794 1115 4830; x_wconf 85' lang='lat' dir='ltr'><strong>ac</strong></span> <span class='ocrx_word' id='word_1_690' title='bbox 1151 4793 1311 4844; x_wconf 89' lang='lat' dir='ltr'><strong>qttam</strong></span> <span class='ocrx_word' id='word_1_691' title='bbox 1338 4776 1542 4848; x_wconf 72' lang='lat' dir='ltr'><strong>Manto-.1</strong></span> <span class='ocrx_word' id='word_1_692' title='bbox 1579 4778 1909 4846; x_wconf 63' lang='lat' dir='ltr'><strong>perstringit,</strong></span> <span class='ocrx_word' id='word_1_693' title='bbox 1948 4780 2011 4831; x_wconf 87' lang='lat' dir='ltr'><strong>ad</strong></span> <span class='ocrx_word' id='word_1_694' title='bbox 2046 4779 2178 4833; x_wconf 83' lang='lat' dir='ltr'><strong>bella</strong></span> <span class='ocrx_word' id='word_1_695' title='bbox 2219 4797 2309 4848; x_wconf 74' lang='lat' dir='ltr'><strong>po-</strong></span> 
     </span>
    </p>
   </div>
   <div class='ocr_carea' id='block_1_98' title="bbox 746 4846 2305 4914">
    <p class='ocr_par' dir='ltr' id='par_1_98' title="bbox 746 4846 2305 4914">
     <span class='ocr_line' id='line_1_98' title="bbox 746 4846 2305 4914; baseline 0.002 -15"><span class='ocrx_word' id='word_1_696' title='bbox 746 4848 996 4912; x_wconf 71' lang='lat' dir='ltr'><strong>retzrina;</strong></span> <span class='ocrx_word' id='word_1_697' title='bbox 1056 4856 1190 4901; x_wconf 82' lang='lat' dir='ltr'><strong>ut&#39;et</strong></span> <span class='ocrx_word' id='word_1_698' title='bbox 1240 4847 1382 4913; x_wconf 69' lang='lat' dir='ltr'><strong>regis</strong></span> <span class='ocrx_word' id='word_1_699' title='bbox 1415 4846 1600 4901; x_wconf 68' lang='lat' dir='ltr'><strong>Gallia:</strong></span> <span class='ocrx_word' id='word_1_700' title='bbox 1661 4849 1909 4900; x_wconf 89' lang='lat' dir='ltr'><strong>morbum</strong></span> <span class='ocrx_word' id='word_1_701' title='bbox 1948 4858 2175 4909; x_wconf 84' lang='lat' dir='ltr'><strong>taceam.</strong></span> <span class='ocrx_word' id='word_1_702' title='bbox 2215 4846 2305 4914; x_wconf 80' lang='lat' dir='ltr'><strong>qui</strong></span> 
     </span>
    </p>
   </div>
   <div class='ocr_carea' id='block_1_99' title="bbox 747 4918 2304 4983">
    <p class='ocr_par' dir='ltr' id='par_1_99' title="bbox 747 4918 2304 4983">
     <span class='ocr_line' id='line_1_99' title="bbox 747 4918 2304 4983; baseline 0.004 -18"><span class='ocrx_word' id='word_1_703' title='bbox 747 4919 949 4983; x_wconf 79' lang='lat' dir='ltr'><strong>primus</strong></span> <span class='ocrx_word' id='word_1_704' title='bbox 985 4918 1125 4970; x_wconf 84' lang='lat' dir='ltr'><strong>foret</strong></span> <span class='ocrx_word' id='word_1_705' title='bbox 1162 4931 1224 4971; x_wconf 87' lang='lat' dir='ltr'><strong>ac</strong></span> <span class='ocrx_word' id='word_1_706' title='bbox 1274 4926 1436 4980; x_wconf 88' lang='lat' dir='ltr'><strong>caput.</strong></span> <span class='ocrx_word' id='word_1_707' title='bbox 1480 4918 1913 4981; x_wconf 79' lang='lat' dir='ltr'><strong>auxiliariorum,</strong></span> <span class='ocrx_word' id='word_1_708' title='bbox 1953 4934 2049 4979; x_wconf 92' lang='lat' dir='ltr'><strong>pro</strong></span> <span class='ocrx_word' id='word_1_709' title='bbox 2084 4920 2304 4982; x_wconf 79' lang='lat' dir='ltr'><strong>antiqua</strong></span> 
     </span>
    </p>
   </div>
   <div class='ocr_carea' id='block_1_100' title="bbox 748 4987 2307 5059">
    <p class='ocr_par' dir='ltr' id='par_1_100' title="bbox 748 4987 2307 5059">
     <span class='ocr_line' id='line_1_100' title="bbox 748 4987 2307 5059; baseline 0.003 -20"><span class='ocrx_word' id='word_1_710' title='bbox 748 4991 798 5039; x_wconf 85' lang='lat' dir='ltr'><strong>in</strong></span> <span class='ocrx_word' id='word_1_711' title='bbox 830 4988 1099 5059; x_wconf 73' lang='lat' dir='ltr'><strong>ejusmodi</strong></span> <span class='ocrx_word' id='word_1_712' title='bbox 1127 4987 1579 5059; x_wconf 53' lang='lat' dir='ltr'><strong>etpedijimiibus,</strong></span> <span class='ocrx_word' id='word_1_713' title='bbox 1608 4989 1783 5058; x_wconf 75' lang='lat' dir='ltr'><strong>gentis</strong></span> <span class='ocrx_word' id='word_1_714' title='bbox 1824 4988 2004 5059; x_wconf 85' lang='lat' dir='ltr'><strong>laude)</strong></span> <span class='ocrx_word' id='word_1_715' title='bbox 2028 5004 2125 5043; x_wconf 88' lang='lat' dir='ltr'><strong>nec</strong></span> <span class='ocrx_word' id='word_1_716' title='bbox 2159 4990 2307 5043; x_wconf 86' lang='lat' dir='ltr'><strong>aliud</strong></span> 
     </span>
    </p>
   </div>
   <div class='ocr_carea' id='block_1_101' title="bbox 747 5057 2304 5126">
    <p class='ocr_par' dir='ltr' id='par_1_101' title="bbox 747 5057 2304 5126">
     <span class='ocr_line' id='line_1_101' title="bbox 747 5057 2304 5126; baseline 0.004 -21"><span class='ocrx_word' id='word_1_717' title='bbox 747 5058 881 5109; x_wconf 74' lang='lat' dir='ltr'><strong>velle</strong></span> <span class='ocrx_word' id='word_1_718' title='bbox 915 5058 1058 5126; x_wconf 88' lang='lat' dir='ltr'><strong>quod</strong></span> <span class='ocrx_word' id='word_1_719' title='bbox 1095 5057 1257 5110; x_wconf 80' lang='lat' dir='ltr'><strong>refert</strong></span> <span class='ocrx_word' id='word_1_720' title='bbox 1308 5057 1538 5112; x_wconf 77' lang='lat' dir='ltr'><strong>Bzovius</strong></span> <span class='ocrx_word' id='word_1_721' title='bbox 1571 5074 1699 5114; x_wconf 89' lang='lat' dir='ltr'><strong>ann.</strong></span> <span class='ocrx_word' id='word_1_722' title='bbox 1748 5058 1902 5123; x_wconf 79' lang='grc'>1591,</span> <span class='ocrx_word' id='word_1_723' title='bbox 1954 5057 2018 5112; x_wconf 79' lang='lat' dir='ltr'><strong>ex</strong></span> <span class='ocrx_word' id='word_1_724' title='bbox 2076 5061 2304 5113; x_wconf 88' lang='lat' dir='ltr'><strong>historia</strong></span> 
     </span>
    </p>
   </div>
   <div class='ocr_carea' id='block_1_102' title="bbox 746 5128 2306 5192">
    <p class='ocr_par' dir='ltr' id='par_1_102' title="bbox 746 5128 2306 5192">
     <span class='ocr_line' id='line_1_102' title="bbox 746 5128 2306 5192; baseline 0.004 -15"><span class='ocrx_word' id='word_1_725' title='bbox 746 5128 961 5192; x_wconf 88' lang='lat' dir='ltr'><strong>politica</strong></span> <span class='ocrx_word' id='word_1_726' title='bbox 990 5128 1403 5190; x_wconf 86' lang='lat' dir='ltr'><strong>Constantinop.</strong></span> <span class='ocrx_word' id='word_1_727' title='bbox 1440 5129 1477 5181; x_wconf 94' lang='grc'>1.</span> <span class='ocrx_word' id='word_1_728' title='bbox 1511 5146 1549 5188; x_wconf 92' lang='lat' dir='ltr'><strong>t.</strong></span> <span class='ocrx_word' id='word_1_729' title='bbox 1581 5130 1655 5184; x_wconf 89' lang='lat' dir='ltr'><strong>ita</strong></span> <span class='ocrx_word' id='word_1_730' title='bbox 1685 5130 1786 5183; x_wconf 89' lang='lat' dir='ltr'><strong>sub</strong></span> <span class='ocrx_word' id='word_1_731' title='bbox 1828 5129 1968 5182; x_wconf 86' lang='lat' dir='ltr'><strong>diris</strong></span> <span class='ocrx_word' id='word_1_732' title='bbox 1993 5130 2306 5183; x_wconf 78' lang='lat' dir='ltr'><strong>interdixis-</strong></span> 
     </span>
    </p>
   </div>
   <div class='ocr_carea' id='block_1_103' title="bbox 744 5198 2301 5268">
    <p class='ocr_par' dir='ltr' id='par_1_103' title="bbox 744 5198 2301 5268">
     <span class='ocr_line' id='line_1_103' title="bbox 744 5198 2301 5268; baseline 0.002 -20"><span class='ocrx_word' id='word_1_733' title='bbox 744 5212 803 5268; x_wconf 84' lang='lat' dir='ltr'><strong>se</strong></span> <span class='ocrx_word' id='word_1_734' title='bbox 863 5198 1196 5268; x_wconf 82' lang='lat' dir='ltr'><strong>pontificem,</strong></span> <span class='ocrx_word' id='word_1_735' title='bbox 1232 5198 1375 5268; x_wconf 89' lang='lat' dir='ltr'><strong>quod</strong></span> <span class='ocrx_word' id='word_1_736' title='bbox 1424 5199 1469 5251; x_wconf 91' lang='lat' dir='ltr'><strong>is</strong></span> <span class='ocrx_word' id='word_1_737' title='bbox 1512 5200 1777 5253; x_wconf 89' lang='lat' dir='ltr'><strong>noluisset</strong></span> <span class='ocrx_word' id='word_1_738' title='bbox 1808 5200 2041 5253; x_wconf 82' lang='lat' dir='ltr'><strong>osculari</strong></span> <span class='ocrx_word' id='word_1_739' title='bbox 2086 5215 2301 5252; x_wconf 86' lang='lat' dir='ltr'><strong>crucem</strong></span> 
     </span>
    </p>
   </div>
   <div class='ocr_carea' id='block_1_104' title="bbox 745 5266 2305 5337">
    <p class='ocr_par' dir='ltr' id='par_1_104' title="bbox 745 5266 2305 5337">
     <span class='ocr_line' id='line_1_104' title="bbox 745 5266 2305 5337; baseline 0.003 -20"><span class='ocrx_word' id='word_1_740' title='bbox 745 5266 799 5318; x_wconf 82' lang='lat' dir='ltr'><strong>in</strong></span> <span class='ocrx_word' id='word_1_741' title='bbox 844 5267 1127 5337; x_wconf 83' lang='lat' dir='ltr'><strong>cujusdam</strong></span> <span class='ocrx_word' id='word_1_742' title='bbox 1162 5266 1539 5336; x_wconf 83' lang='lat' dir='ltr'><strong>eborepiscopi</strong></span> <span class='ocrx_word' id='word_1_743' title='bbox 1572 5271 1785 5323; x_wconf 88' lang='lat' dir='ltr'><strong>manica</strong></span> <span class='ocrx_word' id='word_1_744' title='bbox 1833 5270 2124 5335; x_wconf 76' lang='lat' dir='ltr'><strong>depictam.</strong></span> <span class='ocrx_word' id='word_1_745' title='bbox 2164 5269 2305 5322; x_wconf 83' lang='lat' dir='ltr'><strong>Nus-</strong></span> 
     </span>
    </p>
   </div>
   <div class='ocr_carea' id='block_1_105' title="bbox 740 5336 2301 5404">
    <p class='ocr_par' dir='ltr' id='par_1_105' title="bbox 740 5336 2301 5404">
     <span class='ocr_line' id='line_1_105' title="bbox 740 5336 2301 5404; baseline 0.007 -21"><span class='ocrx_word' id='word_1_746' title='bbox 740 5352 904 5401; x_wconf 86' lang='lat' dir='ltr'><strong>quam</strong></span> <span class='ocrx_word' id='word_1_747' title='bbox 949 5336 1093 5389; x_wconf 87' lang='lat' dir='ltr'><strong>euim</strong></span> <span class='ocrx_word' id='word_1_748' title='bbox 1130 5339 1248 5404; x_wconf 85' lang='lat' dir='ltr'><strong>ejus</strong></span> <span class='ocrx_word' id='word_1_749' title='bbox 1296 5340 1520 5393; x_wconf 71' lang='lat' dir='ltr'><strong>bzeresis</strong></span> <span class='ocrx_word' id='word_1_750' title='bbox 1556 5355 1741 5393; x_wconf 92' lang='lat' dir='ltr'><strong>rumor</strong></span> <span class='ocrx_word' id='word_1_751' title='bbox 1778 5339 2075 5393; x_wconf 85' lang='lat' dir='ltr'><strong>Manuelem</strong></span> <span class='ocrx_word' id='word_1_752' title='bbox 2109 5341 2301 5394; x_wconf 88' lang='lat' dir='ltr'><strong>saltem</strong></span> 
     </span>
    </p>
   </div>
   <div class='ocr_carea' id='block_1_106' title="bbox 742 5406 2304 5478">
    <p class='ocr_par' dir='ltr' id='par_1_106' title="bbox 742 5406 2304 5478">
     <span class='ocr_line' id='line_1_106' title="bbox 742 5406 2304 5478; baseline 0.006 -24"><span class='ocrx_word' id='word_1_753' title='bbox 742 5406 1008 5478; x_wconf 66' lang='lat' dir='ltr'><strong>aspersit:</strong></span> <span class='ocrx_word' id='word_1_754' title='bbox 1038 5418 1091 5460; x_wconf 94' lang='lat' dir='ltr'><strong>ut</strong></span> <span class='ocrx_word' id='word_1_755' title='bbox 1135 5416 1314 5461; x_wconf 90' lang='lat' dir='ltr'><strong>autem</strong></span> <span class='ocrx_word' id='word_1_756' title='bbox 1346 5410 1461 5461; x_wconf 84' lang='lat' dir='ltr'><strong>Itali</strong></span> <span class='ocrx_word' id='word_1_757' title='bbox 1492 5423 1555 5461; x_wconf 88' lang='lat' dir='ltr'><strong>ac</strong></span> <span class='ocrx_word' id='word_1_758' title='bbox 1582 5410 1822 5463; x_wconf 78' lang='lat' dir='ltr'><strong>Pontifex</strong></span> <span class='ocrx_word' id='word_1_759' title='bbox 1850 5410 1893 5461; x_wconf 91' lang='lat' dir='ltr'><strong>ei</strong></span> <span class='ocrx_word' id='word_1_760' title='bbox 1922 5411 2031 5463; x_wconf 91' lang='lat' dir='ltr'><strong>sint</strong></span> <span class='ocrx_word' id='word_1_761' title='bbox 2058 5410 2304 5478; x_wconf 83' lang='lat' dir='ltr'><strong>indigna-</strong></span> 
     </span>
    </p>
   </div>
   <div class='ocr_carea' id='block_1_107' title="bbox 744 5476 2301 5548">
    <p class='ocr_par' dir='ltr' id='par_1_107' title="bbox 744 5476 2301 5548">
     <span class='ocr_line' id='line_1_107' title="bbox 744 5476 2301 5548; baseline 0.004 -21"><span class='ocrx_word' id='word_1_762' title='bbox 744 5476 802 5548; x_wconf 83' lang='lat' dir='ltr'><strong>ti,</strong></span> <span class='ocrx_word' id='word_1_763' title='bbox 831 5476 1220 5548; x_wconf 78' lang='lat' dir='ltr'><strong>indignumque</strong></span> <span class='ocrx_word' id='word_1_764' title='bbox 1245 5480 1551 5545; x_wconf 84' lang='lat' dir='ltr'><strong>putaverint</strong></span> <span class='ocrx_word' id='word_1_765' title='bbox 1573 5482 1814 5548; x_wconf 88' lang='lat' dir='ltr'><strong>ipsorum</strong></span> <span class='ocrx_word' id='word_1_766' title='bbox 1838 5483 2062 5542; x_wconf 81' lang='lat' dir='ltr'><strong>auxilio,</strong></span> <span class='ocrx_word' id='word_1_767' title='bbox 2088 5482 2139 5532; x_wconf 93' lang='lat' dir='ltr'><strong>in</strong></span> <span class='ocrx_word' id='word_1_768' title='bbox 2164 5476 2301 5548; x_wconf 85' lang='lat' dir='ltr'><strong>quos</strong></span> 
     </span>
    </p>
   </div>
   <div class='ocr_carea' id='block_1_108' title="bbox 745 5546 2299 5617">
    <p class='ocr_par' dir='ltr' id='par_1_108' title="bbox 745 5546 2299 5617">
     <span class='ocr_line' id='line_1_108' title="bbox 745 5546 2299 5617; baseline 0.005 -21"><span class='ocrx_word' id='word_1_769' title='bbox 745 5546 1074 5601; x_wconf 78' lang='lat' dir='ltr'><strong>fraterlusis</strong></span> <span class='ocrx_word' id='word_1_770' title='bbox 1124 5547 1352 5601; x_wconf 80' lang='lat' dir='ltr'><strong>Rhodiis</strong></span> <span class='ocrx_word' id='word_1_771' title='bbox 1400 5546 1940 5617; x_wconf 24' lang='lat' dir='ltr'><strong>nupervotl&#39;eudisset.</strong></span> <span class='ocrx_word' id='word_1_772' title='bbox 1992 5566 2123 5603; x_wconf 85' lang='lat' dir='ltr'><strong>vero</strong></span> <span class='ocrx_word' id='word_1_773' title='bbox 2166 5546 2299 5604; x_wconf 80' lang='lat' dir='ltr'><strong>satis</strong></span> 
     </span>
    </p>
   </div>
   <div class='ocr_carea' id='block_1_109' title="bbox 743 5618 2303 5686">
    <p class='ocr_par' dir='ltr' id='par_1_109' title="bbox 743 5618 2303 5686">
     <span class='ocr_line' id='line_1_109' title="bbox 743 5618 2303 5686; baseline 0.004 -22"><span class='ocrx_word' id='word_1_774' title='bbox 743 5632 1043 5684; x_wconf 63' lang='lat' dir='ltr'><strong>vongruum</strong></span> <span class='ocrx_word' id='word_1_775' title='bbox 1080 5618 1249 5671; x_wconf 88' lang='lat' dir='ltr'><strong>videri</strong></span> <span class='ocrx_word' id='word_1_776' title='bbox 1285 5619 1474 5685; x_wconf 89' lang='lat' dir='ltr'><strong>possit.</strong></span> <span class='ocrx_word' id='word_1_777' title='bbox 1508 5619 1827 5685; x_wconf 88' lang='lat' dir='ltr'><strong>Quanquam</strong></span> <span class='ocrx_word' id='word_1_778' title='bbox 1881 5619 2093 5673; x_wconf 83' lang='lat' dir='ltr'><strong>Manuel</strong></span> <span class='ocrx_word' id='word_1_779' title='bbox 2132 5637 2197 5673; x_wconf 87' lang='lat' dir='ltr'><strong>ne</strong></span> <span class='ocrx_word' id='word_1_780' title='bbox 2224 5624 2303 5686; x_wconf 86' lang='lat' dir='ltr'><strong>ip—</strong></span> 
     </span>
    </p>
   </div>
   <div class='ocr_carea' id='block_1_110' title="bbox 741 5686 2300 5758">
    <p class='ocr_par' dir='ltr' id='par_1_110' title="bbox 741 5686 2300 5758">
     <span class='ocr_line' id='line_1_110' title="bbox 741 5686 2300 5758; baseline 0.004 -21"><span class='ocrx_word' id='word_1_781' title='bbox 741 5699 833 5758; x_wconf 59' lang='grc' dir='ltr'>ειδ</span> <span class='ocrx_word' id='word_1_782' title='bbox 864 5688 1083 5752; x_wconf 90' lang='lat' dir='ltr'><strong>quidem</strong></span> <span class='ocrx_word' id='word_1_783' title='bbox 1120 5686 1361 5742; x_wconf 79' lang='lat' dir='ltr'><strong>Rhodios</strong></span> <span class='ocrx_word' id='word_1_784' title='bbox 1390 5692 1606 5758; x_wconf 81' lang='lat' dir='ltr'><strong>gravius</strong></span> <span class='ocrx_word' id='word_1_785' title='bbox 1630 5691 1865 5744; x_wconf 80' lang='lat' dir='ltr'><strong>offensos</strong></span> <span class='ocrx_word' id='word_1_786' title='bbox 1900 5701 2186 5753; x_wconf 86' lang='lat' dir='ltr'><strong>monstrat,</strong></span> <span class='ocrx_word' id='word_1_787' title='bbox 2221 5695 2300 5744; x_wconf 89' lang='lat' dir='ltr'><strong>sic</strong></span> 
     </span>
    </p>
   </div>
   <div class='ocr_carea' id='block_1_111' title="bbox 742 5752 2299 5828">
    <p class='ocr_par' dir='ltr' id='par_1_111' title="bbox 742 5752 2299 5828">
     <span class='ocr_line' id='line_1_111' title="bbox 742 5752 2299 5828; baseline 0.005 -24"><span class='ocrx_word' id='word_1_788' title='bbox 742 5752 1059 5828; x_wconf 55' lang='lat' dir='ltr'><strong>Theodorus</strong></span> <span class='ocrx_word' id='word_1_789' title='bbox 1096 5773 1205 5809; x_wconf 78' lang='lat' dir='ltr'><strong>rem</strong></span> <span class='ocrx_word' id='word_1_790' title='bbox 1234 5752 1453 5812; x_wconf 63' lang='lat' dir='ltr'><strong>dextere</strong></span> <span class='ocrx_word' id='word_1_791' title='bbox 1480 5762 1608 5828; x_wconf 78' lang='lat' dir='ltr'><strong>egit.</strong></span> <span class='ocrx_word' id='word_1_792' title='bbox 1639 5760 1869 5813; x_wconf 87' lang='lat' dir='ltr'><strong>Historia</strong></span> <span class='ocrx_word' id='word_1_793' title='bbox 1900 5778 2117 5828; x_wconf 86' lang='lat' dir='ltr'><strong>quoque</strong></span> <span class='ocrx_word' id='word_1_794' title='bbox 2157 5764 2299 5813; x_wconf 77' lang='lat' dir='ltr'><strong>Itho-</strong></span> 
     </span>
    </p>
   </div>
   <div class='ocr_carea' id='block_1_112' title="bbox 739 5825 2297 5897">
    <p class='ocr_par' dir='ltr' id='par_1_112' title="bbox 739 5825 2297 5897">
     <span class='ocr_line' id='line_1_112' title="bbox 739 5825 2297 5897; baseline 0.006 -24"><span class='ocrx_word' id='word_1_795' title='bbox 739 5825 955 5897; x_wconf 89' lang='lat' dir='ltr'><strong>dioru_m</strong></span> <span class='ocrx_word' id='word_1_796' title='bbox 992 5829 1247 5893; x_wconf 82' lang='lat' dir='ltr'><strong>militum,</strong></span> <span class='ocrx_word' id='word_1_797' title='bbox 1278 5830 1481 5882; x_wconf 85' lang='lat' dir='ltr'><strong>reddita</strong></span> <span class='ocrx_word' id='word_1_798' title='bbox 1518 5825 1689 5884; x_wconf 49' lang='lat' dir='ltr'><strong>habet</strong></span> <span class='ocrx_word' id='word_1_799' title='bbox 1723 5848 1748 5883; x_wconf 90' lang='lat' dir='ltr'><strong>a</strong></span> <span class='ocrx_word' id='word_1_800' title='bbox 1798 5825 2055 5897; x_wconf 71' lang='lat' dir='ltr'><strong>Magistro</strong></span> <span class='ocrx_word' id='word_1_801' title='bbox 2083 5833 2297 5886; x_wconf 82' lang='lat' dir='ltr'><strong>cimolia</strong></span> 
     </span>
    </p>
   </div>
   <div class='ocr_carea' id='block_1_113' title="bbox 740 5894 2297 5971">
    <p class='ocr_par' dir='ltr' id='par_1_113' title="bbox 740 5894 2297 5971">
     <span class='ocr_line' id='line_1_113' title="bbox 740 5894 2297 5971; baseline 0.004 -25"><span class='ocrx_word' id='word_1_802' title='bbox 740 5908 863 5964; x_wconf 72' lang='lat' dir='ltr'><strong>qua:</strong></span> <span class='ocrx_word' id='word_1_803' title='bbox 893 5894 1209 5966; x_wconf 75' lang='lat' dir='ltr'><strong>ltnperatrix</strong></span> <span class='ocrx_word' id='word_1_804' title='bbox 1243 5899 1522 5955; x_wconf 71' lang='lat' dir='ltr'><strong>obsidione</strong></span> <span class='ocrx_word' id='word_1_805' title='bbox 1561 5918 1743 5971; x_wconf 72' lang='lat' dir='ltr'><strong>pressa</strong></span> <span class='ocrx_word' id='word_1_806' title='bbox 1791 5894 1931 5971; x_wconf 80' lang='lat' dir='ltr'><strong>apud</strong></span> <span class='ocrx_word' id='word_1_807' title='bbox 1966 5920 2087 5957; x_wconf 85' lang='lat' dir='ltr'><strong>cum</strong></span> <span class='ocrx_word' id='word_1_808' title='bbox 2137 5904 2238 5971; x_wconf 76' lang='grc' dir='ltr'>ιιιιιι</span> <span class='ocrx_word' id='word_1_809' title='bbox 2262 5923 2297 5951; x_wconf 85' lang='grc'><strong>;-</strong></span> 
     </span>
    </p>
   </div>
   <div class='ocr_carea' id='block_1_114' title="bbox 2413 4705 3979 4760">
    <p class='ocr_par' dir='ltr' id='par_1_114' title="bbox 2413 4705 3979 4760">
     <span class='ocr_line' id='line_1_114' title="bbox 2413 4705 3979 4760; baseline 0 -1"><span class='ocrx_word' id='word_1_810' title='bbox 2413 4705 2534 4759; x_wconf 83' lang='lat' dir='ltr'><strong>fidei</strong></span> <span class='ocrx_word' id='word_1_811' title='bbox 2570 4722 2633 4759; x_wconf 89' lang='lat' dir='ltr'><strong>ac</strong></span> <span class='ocrx_word' id='word_1_812' title='bbox 2664 4708 2885 4760; x_wconf 61' lang='lat' dir='ltr'><strong>Graeciae</strong></span> <span class='ocrx_word' id='word_1_813' title='bbox 2918 4705 3062 4758; x_wconf 88' lang='lat' dir='ltr'><strong>velut</strong></span> <span class='ocrx_word' id='word_1_814' title='bbox 3097 4706 3382 4760; x_wconf 81' lang='lat' dir='ltr'><strong>morientis</strong></span> <span class='ocrx_word' id='word_1_815' title='bbox 3416 4722 3522 4758; x_wconf 91' lang='lat' dir='ltr'><strong>nou</strong></span> <span class='ocrx_word' id='word_1_816' title='bbox 3579 4707 3861 4759; x_wconf 84' lang='lat' dir='ltr'><strong>modicum</strong></span> <span class='ocrx_word' id='word_1_817' title='bbox 3891 4708 3979 4759; x_wconf 86' lang='lat' dir='ltr'><strong>de-</strong></span> 
     </span>
    </p>
   </div>
   <div class='ocr_carea' id='block_1_115' title="bbox 2411 4776 3976 4843">
    <p class='ocr_par' dir='ltr' id='par_1_115' title="bbox 2411 4776 3976 4843">
     <span class='ocr_line' id='line_1_115' title="bbox 2411 4776 3976 4843; baseline 0.001 -18"><span class='ocrx_word' id='word_1_818' title='bbox 2411 4790 2531 4838; x_wconf 81' lang='lat' dir='ltr'><strong>cus,</strong></span> <span class='ocrx_word' id='word_1_819' title='bbox 2572 4778 2748 4830; x_wconf 77' lang='lat' dir='ltr'><strong>lilwllo</strong></span> <span class='ocrx_word' id='word_1_820' title='bbox 2779 4778 2924 4831; x_wconf 91' lang='lat' dir='ltr'><strong>edito</strong></span> <span class='ocrx_word' id='word_1_821' title='bbox 2956 4790 3126 4841; x_wconf 91' lang='lat' dir='ltr'><strong>nuper</strong></span> <span class='ocrx_word' id='word_1_822' title='bbox 3149 4776 3359 4843; x_wconf 72' lang='lat' dir='ltr'><strong>egregie</strong></span> <span class='ocrx_word' id='word_1_823' title='bbox 3387 4778 3642 4837; x_wconf 73' lang='lat' dir='ltr'><strong>ostendit,</strong></span> <span class='ocrx_word' id='word_1_824' title='bbox 3671 4778 3765 4829; x_wconf 78' lang='lat' dir='ltr'><strong>sed</strong></span> <span class='ocrx_word' id='word_1_825' title='bbox 3817 4792 3976 4842; x_wconf 80' lang='lat' dir='ltr'><strong>quam</strong></span> 
     </span>
    </p>
   </div>
   <div class='ocr_carea' id='block_1_116' title="bbox 2411 4846 3980 4913">
    <p class='ocr_par' dir='ltr' id='par_1_116' title="bbox 2411 4846 3980 4913">
     <span class='ocr_line' id='line_1_116' title="bbox 2411 4846 3980 4913; baseline -0.001 -16"><span class='ocrx_word' id='word_1_826' title='bbox 2411 4846 2577 4913; x_wconf 87' lang='lat' dir='ltr'><strong>aliqui</strong></span> <span class='ocrx_word' id='word_1_827' title='bbox 2612 4847 2813 4901; x_wconf 64' lang='lat' dir='ltr'><strong>Graecis</strong></span> <span class='ocrx_word' id='word_1_828' title='bbox 2844 4849 3232 4913; x_wconf 87' lang='lat' dir='ltr'><strong>improperant,</strong></span> <span class='ocrx_word' id='word_1_829' title='bbox 3278 4862 3339 4899; x_wconf 90' lang='lat' dir='ltr'><strong>ac</strong></span> <span class='ocrx_word' id='word_1_830' title='bbox 3372 4848 3528 4913; x_wconf 92' lang='lat' dir='ltr'><strong>cujus</strong></span> <span class='ocrx_word' id='word_1_831' title='bbox 3556 4861 3828 4913; x_wconf 88' lang='lat' dir='ltr'><strong>nusquam</strong></span> <span class='ocrx_word' id='word_1_832' title='bbox 3891 4847 3980 4896; x_wconf 67' lang='lat' dir='ltr'><strong>dv-</strong></span> 
     </span>
    </p>
   </div>
   <div class='ocr_carea' id='block_1_117' title="bbox 2411 4915 3975 4982">
    <p class='ocr_par' dir='ltr' id='par_1_117' title="bbox 2411 4915 3975 4982">
     <span class='ocr_line' id='line_1_117' title="bbox 2411 4915 3975 4982; baseline -0.003 -13"><span class='ocrx_word' id='word_1_833' title='bbox 2411 4916 2521 4969; x_wconf 85' lang='lat' dir='ltr'><strong>siut</strong></span> <span class='ocrx_word' id='word_1_834' title='bbox 2552 4919 2795 4971; x_wconf 92' lang='lat' dir='ltr'><strong>nonnulli</strong></span> <span class='ocrx_word' id='word_1_835' title='bbox 2834 4918 2932 4975; x_wconf 77' lang='lat' dir='ltr'><strong>rei,</strong></span> <span class='ocrx_word' id='word_1_836' title='bbox 2971 4926 3025 4967; x_wconf 90' lang='lat' dir='ltr'><strong>ut</strong></span> <span class='ocrx_word' id='word_1_837' title='bbox 3064 4915 3207 4966; x_wconf 91' lang='lat' dir='ltr'><strong>nulla</strong></span> <span class='ocrx_word' id='word_1_838' title='bbox 3258 4918 3481 4969; x_wconf 90' lang='lat' dir='ltr'><strong>omnino</strong></span> <span class='ocrx_word' id='word_1_839' title='bbox 3514 4931 3663 4982; x_wconf 78' lang='lat' dir='ltr'><strong>gens,</strong></span> <span class='ocrx_word' id='word_1_840' title='bbox 3716 4931 3779 4967; x_wconf 88' lang='lat' dir='ltr'><strong>ac</strong></span> <span class='ocrx_word' id='word_1_841' title='bbox 3830 4918 3975 4966; x_wconf 91' lang='lat' dir='ltr'><strong>omni</strong></span> 
     </span>
    </p>
   </div>
   <div class='ocr_carea' id='block_1_118' title="bbox 2410 4982 3973 5054">
    <p class='ocr_par' dir='ltr' id='par_1_118' title="bbox 2410 4982 3973 5054">
     <span class='ocr_line' id='line_1_118' title="bbox 2410 4982 3973 5054; baseline -0.002 -15"><span class='ocrx_word' id='word_1_842' title='bbox 2410 5001 2473 5039; x_wconf 79' lang='lat' dir='ltr'><strong>ex</strong></span> <span class='ocrx_word' id='word_1_843' title='bbox 2516 4996 2686 5054; x_wconf 83' lang='lat' dir='ltr'><strong>parte,</strong></span> <span class='ocrx_word' id='word_1_844' title='bbox 2723 4995 2881 5040; x_wconf 84' lang='lat' dir='ltr'><strong>vacat</strong></span> <span class='ocrx_word' id='word_1_845' title='bbox 2925 4984 3172 5039; x_wconf 91' lang='lat' dir='ltr'><strong>crimine.</strong></span> <span class='ocrx_word' id='word_1_846' title='bbox 3204 4982 3275 5037; x_wconf 92' lang='lat' dir='ltr'><strong>Ut</strong></span> <span class='ocrx_word' id='word_1_847' title='bbox 3312 4988 3359 5038; x_wconf 91' lang='lat' dir='ltr'><strong>vi</strong></span> <span class='ocrx_word' id='word_1_848' title='bbox 3401 4988 3653 5053; x_wconf 82' lang='lat' dir='ltr'><strong>quadam,</strong></span> <span class='ocrx_word' id='word_1_849' title='bbox 3712 4996 3879 5049; x_wconf 86' lang='lat' dir='ltr'><strong>atque</strong></span> <span class='ocrx_word' id='word_1_850' title='bbox 3910 4985 3973 5036; x_wconf 88' lang='lat' dir='ltr'><strong>ad</strong></span> 
     </span>
    </p>
   </div>
   <div class='ocr_carea' id='block_1_119' title="bbox 2408 5056 3981 5125">
    <p class='ocr_par' dir='ltr' id='par_1_119' title="bbox 2408 5056 3981 5125">
     <span class='ocr_line' id='line_1_119' title="bbox 2408 5056 3981 5125; baseline -0.001 -17"><span class='ocrx_word' id='word_1_851' title='bbox 2408 5059 2683 5111; x_wconf 86' lang='lat' dir='ltr'><strong>sedandos</strong></span> <span class='ocrx_word' id='word_1_852' title='bbox 2720 5058 3133 5125; x_wconf 87' lang='lat' dir='ltr'><strong>Spartianorum</strong></span> <span class='ocrx_word' id='word_1_853' title='bbox 3194 5058 3459 5111; x_wconf 88' lang='lat' dir='ltr'><strong>tumultus</strong></span> <span class='ocrx_word' id='word_1_854' title='bbox 3514 5056 3796 5107; x_wconf 84' lang='lat' dir='ltr'><strong>resciderit</strong></span> <span class='ocrx_word' id='word_1_855' title='bbox 3851 5070 3981 5106; x_wconf 81' lang='lat' dir='ltr'><strong>con-</strong></span> 
     </span>
    </p>
   </div>
   <div class='ocr_carea' id='block_1_120' title="bbox 2411 5125 3978 5191">
    <p class='ocr_par' dir='ltr' id='par_1_120' title="bbox 2411 5125 3978 5191">
     <span class='ocr_line' id='line_1_120' title="bbox 2411 5125 3978 5191; baseline -0.003 -15"><span class='ocrx_word' id='word_1_856' title='bbox 2411 5135 2667 5191; x_wconf 87' lang='lat' dir='ltr'><strong>tractum,</strong></span> <span class='ocrx_word' id='word_1_857' title='bbox 2710 5144 2816 5181; x_wconf 91' lang='lat' dir='ltr'><strong>non</strong></span> <span class='ocrx_word' id='word_1_858' title='bbox 2847 5130 3033 5179; x_wconf 85' lang='lat' dir='ltr'><strong>valens</strong></span> <span class='ocrx_word' id='word_1_859' title='bbox 3062 5125 3367 5189; x_wconf 85' lang='lat' dir='ltr'><strong>continere,</strong></span> <span class='ocrx_word' id='word_1_860' title='bbox 3418 5140 3574 5179; x_wconf 83' lang='lat' dir='ltr'><strong>nenw</strong></span> <span class='ocrx_word' id='word_1_861' title='bbox 3623 5127 3750 5189; x_wconf 91' lang='lat' dir='ltr'><strong>jure</strong></span> <span class='ocrx_word' id='word_1_862' title='bbox 3789 5125 3978 5189; x_wconf 86' lang='lat' dir='ltr'><strong>culpa-</strong></span> 
     </span>
    </p>
   </div>
   <div class='ocr_carea' id='block_1_121' title="bbox 2407 5195 3978 5267">
    <p class='ocr_par' dir='ltr' id='par_1_121' title="bbox 2407 5195 3978 5267">
     <span class='ocr_line' id='line_1_121' title="bbox 2407 5195 3978 5267; baseline -0.001 -20"><span class='ocrx_word' id='word_1_863' title='bbox 2407 5198 2567 5252; x_wconf 82' lang='lat' dir='ltr'><strong>verit.</strong></span> <span class='ocrx_word' id='word_1_864' title='bbox 2602 5199 2839 5267; x_wconf 81' lang='lat' dir='ltr'><strong>Corrigit</strong></span> <span class='ocrx_word' id='word_1_865' title='bbox 2873 5198 2988 5264; x_wconf 82' lang='lat' dir='ltr'><strong>ipse</strong></span> <span class='ocrx_word' id='word_1_866' title='bbox 3046 5196 3275 5267; x_wconf 80' lang='lat' dir='ltr'><strong>Manuel,</strong></span> <span class='ocrx_word' id='word_1_867' title='bbox 3314 5205 3373 5249; x_wconf 93' lang='lat' dir='ltr'><strong>ut</strong></span> <span class='ocrx_word' id='word_1_868' title='bbox 3436 5196 3681 5267; x_wconf 78' lang='lat' dir='ltr'><strong>nonnihil</strong></span> <span class='ocrx_word' id='word_1_869' title='bbox 3719 5195 3867 5247; x_wconf 87' lang='lat' dir='ltr'><strong>serio</strong></span> <span class='ocrx_word' id='word_1_870' title='bbox 3906 5196 3978 5246; x_wconf 91' lang='lat' dir='ltr'><strong>sit</strong></span> 
     </span>
    </p>
   </div>
   <div class='ocr_carea' id='block_1_122' title="bbox 2406 5263 3975 5336">
    <p class='ocr_par' dir='ltr' id='par_1_122' title="bbox 2406 5263 3975 5336">
     <span class='ocr_line' id='line_1_122' title="bbox 2406 5263 3975 5336; baseline -0.003 -15"><span class='ocrx_word' id='word_1_871' title='bbox 2406 5277 2641 5333; x_wconf 67' lang='lat' dir='ltr'><strong>gestum,</strong></span> <span class='ocrx_word' id='word_1_872' title='bbox 2680 5263 2871 5336; x_wconf 65' lang='lat' dir='ltr'><strong>agente</strong></span> <span class='ocrx_word' id='word_1_873' title='bbox 2898 5263 3205 5336; x_wconf 84' lang='lat' dir='ltr'><strong>Theodoro,</strong></span> <span class='ocrx_word' id='word_1_874' title='bbox 3245 5277 3303 5319; x_wconf 91' lang='lat' dir='ltr'><strong>ut</strong></span> <span class='ocrx_word' id='word_1_875' title='bbox 3332 5267 3504 5334; x_wconf 90' lang='lat' dir='ltr'><strong>reipsa</strong></span> <span class='ocrx_word' id='word_1_876' title='bbox 3559 5263 3975 5336; x_wconf 60' lang='lat' dir='ltr'><strong>Releponnesus</strong></span> 
     </span>
    </p>
   </div>
   <div class='ocr_carea' id='block_1_123' title="bbox 2407 5334 3977 5404">
    <p class='ocr_par' dir='ltr' id='par_1_123' title="bbox 2407 5334 3977 5404">
     <span class='ocr_line' id='line_1_123' title="bbox 2407 5334 3977 5404; baseline -0.001 -18"><span class='ocrx_word' id='word_1_877' title='bbox 2407 5350 2629 5391; x_wconf 89' lang='lat' dir='ltr'><strong>cessura</strong></span> <span class='ocrx_word' id='word_1_878' title='bbox 2662 5334 2805 5393; x_wconf 28' lang='lat' dir='ltr'><strong>cs‘Set</strong></span> <span class='ocrx_word' id='word_1_879' title='bbox 2834 5336 3079 5398; x_wconf 80' lang='lat' dir='ltr'><strong>llbodiis,</strong></span> <span class='ocrx_word' id='word_1_880' title='bbox 3113 5334 3214 5386; x_wconf 87' lang='lat' dir='ltr'><strong>nisi</strong></span> <span class='ocrx_word' id='word_1_881' title='bbox 3248 5337 3479 5404; x_wconf 88' lang='lat' dir='ltr'><strong>seipsam</strong></span> <span class='ocrx_word' id='word_1_882' title='bbox 3523 5350 3565 5404; x_wconf 88' lang='lat' dir='ltr'><strong>a</strong></span> <span class='ocrx_word' id='word_1_883' title='bbox 3588 5335 3837 5401; x_wconf 74' lang='lat' dir='ltr'><strong>Bajazete</strong></span> <span class='ocrx_word' id='word_1_884' title='bbox 3892 5344 3977 5385; x_wconf 88' lang='lat' dir='ltr'><strong>tu-</strong></span> 
     </span>
    </p>
   </div>
   <div class='ocr_carea' id='block_1_124' title="bbox 2405 5403 3976 5476">
    <p class='ocr_par' dir='ltr' id='par_1_124' title="bbox 2405 5403 3976 5476">
     <span class='ocr_line' id='line_1_124' title="bbox 2405 5403 3976 5476; baseline -0.003 -20"><span class='ocrx_word' id='word_1_885' title='bbox 2405 5408 2507 5459; x_wconf 86' lang='lat' dir='ltr'><strong>tari</strong></span> <span class='ocrx_word' id='word_1_886' title='bbox 2564 5420 2765 5476; x_wconf 83' lang='lat' dir='ltr'><strong>posset,</strong></span> <span class='ocrx_word' id='word_1_887' title='bbox 2800 5410 2878 5461; x_wconf 89' lang='lat' dir='ltr'><strong>vel</strong></span> <span class='ocrx_word' id='word_1_888' title='bbox 2907 5404 3233 5474; x_wconf 85' lang='lat' dir='ltr'><strong>superando,</strong></span> <span class='ocrx_word' id='word_1_889' title='bbox 3260 5403 3341 5476; x_wconf 81' lang='lat' dir='ltr'><strong>vel</strong></span> <span class='ocrx_word' id='word_1_890' title='bbox 3366 5403 3735 5471; x_wconf 79' lang='lat' dir='ltr'><strong>compellendo</strong></span> <span class='ocrx_word' id='word_1_891' title='bbox 3764 5404 3829 5454; x_wconf 88' lang='lat' dir='ltr'><strong>ad</strong></span> <span class='ocrx_word' id='word_1_892' title='bbox 3880 5418 3976 5468; x_wconf 79' lang='lat' dir='ltr'><strong>pa-</strong></span> 
     </span>
    </p>
   </div>
   <div class='ocr_carea' id='block_1_125' title="bbox 2404 5474 3977 5545">
    <p class='ocr_par' dir='ltr' id='par_1_125' title="bbox 2404 5474 3977 5545">
     <span class='ocr_line' id='line_1_125' title="bbox 2404 5474 3977 5545; baseline -0.002 -18"><span class='ocrx_word' id='word_1_893' title='bbox 2404 5489 2519 5527; x_wconf 87' lang='lat' dir='ltr'><strong>cem</strong></span> <span class='ocrx_word' id='word_1_894' title='bbox 2548 5474 2897 5545; x_wconf 26' lang='lat' dir='ltr'><strong>;‘Latinorum</strong></span> <span class='ocrx_word' id='word_1_895' title='bbox 2923 5494 2983 5530; x_wconf 84' lang='lat' dir='ltr'><strong>ne</strong></span> <span class='ocrx_word' id='word_1_896' title='bbox 3008 5476 3231 5529; x_wconf 78' lang='lat' dir='ltr'><strong>fratrum</strong></span> <span class='ocrx_word' id='word_1_897' title='bbox 3261 5474 3591 5545; x_wconf 82' lang='lat' dir='ltr'><strong>Rhodiorum</strong></span> <span class='ocrx_word' id='word_1_898' title='bbox 3615 5476 3743 5542; x_wconf 81' lang='lat' dir='ltr'><strong>jugo</strong></span> <span class='ocrx_word' id='word_1_899' title='bbox 3780 5483 3977 5545; x_wconf 67' lang='lat' dir='ltr'><strong>utpote:</strong></span> 
     </span>
    </p>
   </div>
   <div class='ocr_carea' id='block_1_126' title="bbox 2404 5543 3974 5612">
    <p class='ocr_par' dir='ltr' id='par_1_126' title="bbox 2404 5543 3974 5612">
     <span class='ocr_line' id='line_1_126' title="bbox 2404 5543 3974 5612; baseline -0.004 -14"><span class='ocrx_word' id='word_1_900' title='bbox 2404 5543 2869 5608; x_wconf 73' lang='lat' dir='ltr'><strong>(JhriStianorum,</strong></span> <span class='ocrx_word' id='word_1_901' title='bbox 2910 5548 3094 5601; x_wconf 89' lang='lat' dir='ltr'><strong>multis</strong></span> <span class='ocrx_word' id='word_1_902' title='bbox 3128 5547 3372 5612; x_wconf 85' lang='lat' dir='ltr'><strong>partibus</strong></span> <span class='ocrx_word' id='word_1_903' title='bbox 3426 5544 3655 5596; x_wconf 87' lang='lat' dir='ltr'><strong>&#39;l‘urcieo</strong></span> <span class='ocrx_word' id='word_1_904' title='bbox 3686 5558 3749 5594; x_wconf 86' lang='lat' dir='ltr'><strong>ac</strong></span> <span class='ocrx_word' id='word_1_905' title='bbox 3779 5543 3974 5594; x_wconf 82' lang='lat' dir='ltr'><strong>intule-</strong></span> 
     </span>
    </p>
   </div>
   <div class='ocr_carea' id='block_1_127' title="bbox 2404 5614 3973 5689">
    <p class='ocr_par' dir='ltr' id='par_1_127' title="bbox 2404 5614 3973 5689">
     <span class='ocr_line' id='line_1_127' title="bbox 2404 5614 3973 5689; baseline -0.003 -22"><span class='ocrx_word' id='word_1_906' title='bbox 2404 5614 2537 5669; x_wconf 79' lang='lat' dir='ltr'><strong>linm</strong></span> <span class='ocrx_word' id='word_1_907' title='bbox 2583 5623 2803 5689; x_wconf 79' lang='lat' dir='ltr'><strong>pra-lato</strong></span> <span class='ocrx_word' id='word_1_908' title='bbox 2833 5636 2845 5681; x_wconf 90' lang='lat'><strong>;</strong></span> <span class='ocrx_word' id='word_1_909' title='bbox 2879 5618 3023 5685; x_wconf 84' lang='lat' dir='ltr'><strong>quod</strong></span> <span class='ocrx_word' id='word_1_910' title='bbox 3083 5620 3295 5689; x_wconf 84' lang='lat' dir='ltr'><strong>utinam</strong></span> <span class='ocrx_word' id='word_1_911' title='bbox 3344 5618 3419 5667; x_wconf 81' lang='lat' dir='ltr'><strong>sic</strong></span> <span class='ocrx_word' id='word_1_912' title='bbox 3456 5614 3655 5666; x_wconf 69' lang='lat' dir='ltr'><strong>(ira-cis</strong></span> <span class='ocrx_word' id='word_1_913' title='bbox 3708 5615 3973 5689; x_wconf 76' lang='lat' dir='ltr'><strong>omnibus</strong></span> 
     </span>
    </p>
   </div>
   <div class='ocr_carea' id='block_1_128' title="bbox 2401 5683 3977 5757">
    <p class='ocr_par' dir='ltr' id='par_1_128' title="bbox 2401 5683 3977 5757">
     <span class='ocr_line' id='line_1_128' title="bbox 2401 5683 3977 5757; baseline -0.004 -18"><span class='ocrx_word' id='word_1_914' title='bbox 2401 5701 2539 5757; x_wconf 59' lang='lat' dir='ltr'><strong>C5301</strong></span> <span class='ocrx_word' id='word_1_915' title='bbox 2582 5683 2777 5753; x_wconf 66' lang='lat' dir='ltr'><strong>visum,</strong></span> <span class='ocrx_word' id='word_1_916' title='bbox 2807 5683 2905 5741; x_wconf 79' lang='lat' dir='ltr'><strong>nec</strong></span> <span class='ocrx_word' id='word_1_917' title='bbox 2945 5687 3300 5757; x_wconf 85' lang='lat' dir='ltr'><strong>quorumdam</strong></span> <span class='ocrx_word' id='word_1_918' title='bbox 3336 5698 3574 5739; x_wconf 83' lang='lat' dir='ltr'><strong>nostrum</strong></span> <span class='ocrx_word' id='word_1_919' title='bbox 3611 5684 3776 5757; x_wconf 79' lang='lat' dir='ltr'><strong>multa</strong></span> <span class='ocrx_word' id='word_1_920' title='bbox 3823 5683 3977 5757; x_wconf 78' lang='lat' dir='ltr'><strong>inso-</strong></span> 
     </span>
    </p>
   </div>
   <div class='ocr_carea' id='block_1_129' title="bbox 2405 5754 3977 5823">
    <p class='ocr_par' dir='ltr' id='par_1_129' title="bbox 2405 5754 3977 5823">
     <span class='ocr_line' id='line_1_129' title="bbox 2405 5754 3977 5823; baseline -0.008 -10"><span class='ocrx_word' id='word_1_921' title='bbox 2405 5756 2567 5813; x_wconf 72' lang='lat' dir='ltr'><strong>|ru=ia</strong></span> <span class='ocrx_word' id='word_1_922' title='bbox 2605 5780 2663 5815; x_wconf 85' lang='lat' dir='ltr'><strong>ac</strong></span> <span class='ocrx_word' id='word_1_923' title='bbox 2699 5754 2981 5816; x_wconf 75' lang='lat' dir='ltr'><strong>sacrorum</strong></span> <span class='ocrx_word' id='word_1_924' title='bbox 3038 5760 3239 5823; x_wconf 90' lang='lat' dir='ltr'><strong>illusio,</strong></span> <span class='ocrx_word' id='word_1_925' title='bbox 3276 5758 3551 5811; x_wconf 86' lang='lat' dir='ltr'><strong>nonnullis</strong></span> <span class='ocrx_word' id='word_1_926' title='bbox 3608 5754 3833 5807; x_wconf 81' lang='lat' dir='ltr'><strong>fecisset</strong></span> <span class='ocrx_word' id='word_1_927' title='bbox 3889 5755 3977 5802; x_wconf 83' lang='lat' dir='ltr'><strong>in-</strong></span> 
     </span>
    </p>
   </div>
   <div class='ocr_carea' id='block_1_130' title="bbox 2402 5848 2597 5885">
    <p class='ocr_par' dir='ltr' id='par_1_130' title="bbox 2402 5848 2597 5885">
     <span class='ocr_line' id='line_1_130' title="bbox 2402 5848 2597 5885; baseline 0.015 -3"><span class='ocrx_word' id='word_1_928' title='bbox 2402 5848 2597 5885; x_wconf 70' lang='lat' dir='ltr'><strong>\‘Ialllll.</strong></span> 
     </span>
    </p>
   </div>
  </div>
