4208 6444
189 459 294 522 2ἱ5

947 465 1347 524 TllEODORl
1393 465 1752 524 DESPO'IVE
1795 468 2184 528 LAUDATIO
2212 471 2613 530 FUNEBRIS.

3303 468 3409 529 216

194 572 366 626 Τοῦτο
389 572 541 634 τέλος
581 571 822 639 εἰληφὸς,
850 573 1090 641 τοσούτῳ
1129 575 1447 625 συνετέλεσε
1488 577 1553 642 τῇ
1589 575 1755 626 Πελο-
1785 575 1830 632 Α

1745 603 1755 613 -
1785 575 1830 632 Α
1863 588 1973 632 tum
2009 579 2364 649 PelopOnnesi
2382 578 2682 634 commodis
2710 577 2937 639 addidit,
2972 583 3239 644 quantum
3268 585 3407 625 tent-

195 669 469 737 ποννήσῳ,
494 669 602 738 ὅσῳ
633 684 697 734 γε
727 667 913 734 σαφῶς
944 671 971 720 ὁ
1007 671 1197 736 καιρὸς
1234 670 1422 731 ἔδειξε.
1459 669 1631 721 Τοῦτο
1655 669 1754 732 τὰς

193 759 418 824 ἐφίδους
448 758 557 810 τῶν
585 753 805 827 ἐχθρῶν
827 757 1038 818 καὶτὰς
1065 759 1333 823 εἰσϐολὰς,
1363 760 1485 810 ὅσον
1516 761 1547 826 ἡ
1588 761 1751 827 πεῖρα

193 849 562 918 παρέστησεν,
595 847 960 916 ἀπεσόσησεν.
989 847 1125 898 Οὔτε
1160 850 1268 916 γὰρ
1319 849 1578 915 στρατιὰν
1605 850 1754 915 ἀγεί-

195 955 311 1004 ρειν
338 938 565 1006 ίσχυράν
589 936 800 989 οἴκοθεν
827 933 971 1006 είχον
993 938 1041 988 οί
1064 935 1435 1003 γειτονοῦντες
1465 937 1750 1005 βάρϐαροι,

192 1027 316 1079 οὔτε
346 1029 420 1096 μὴ
453 1028 718 1096 πρότερον
750 1027 829 1089 είς
855 1028 990 1080 πολὺ
1025 1029 1494 1101 συναθροισθείσιν
1525 1029 1755 1090 ἐκείνοις

195 1118 426 1186 πλῆθος,
458 1119 556 1188 τὴν
607 1119 882 1187 ἡμετέραν
915 1119 1273 1187 κατατρέχειν
1305 1119 1450 1187 ἐξῆν,
1479 1119 1586 1171 δέει
1629 1118 1752 1179 τοὺς

193 1210 469 1269 τοιούτους
523 1208 884 1278 στρατιώτας
922 1211 981 1262 τὸ
1029 1209 1084 1261 δέ
1134 1210 1335 1277 πολλήν
1382 1226 1508 1262 τινα
1549 1211 1755 1277 ταύτην

199 1297 662 1366 συγκροτηθῆναι,
714 1300 809 1352 καὶ
863 1300 952 1352 διὰ
997 1299 1214 1369 χρόνου,
1259 1300 1349 1352 καὶ
1401 1299 1751 1368 πολλαχόθεν

196 1389 360 1442 τοῦτο
411 1389 522 1458 γὰρ
570 1390 977 1442 ὑπολέλειπται·
1016 1395 1109 1443 καὶ
1149 1391 1249 1452 τὰς
1297 1392 1530 1460 ὁμόρους
1574 1390 1756 1450 πόλεις

198 1482 407 1545 λαθεῖν,
435 1482 503 1534 δι’
531 1473 606 1534 ὦν
634 1483 666 1551 ή
713 1485 870 1551 φήμη
910 1483 1217 1551 μετεδίδοτο
1249 1483 1386 1550 πρδς
1426 1481 1522 1542 τὰς
1557 1478 1756 1549 ἡμετέ-

201 1589 323 1640 ρας,
363 1571 562 1641 μικροῦ
593 1571 702 1624 δεῖν
738 1569 888 1643 οἶμαι
913 1573 1195 1626 ἀδύνατον.
1227 1571 1524 1624 Γνωσθεῖσι
1556 1571 1611 1622 δέ
1646 1572 1756 1631 τοῖς

201 1664 416 1732 ἐχθροῖς
448 1665 645 1716 παθεῖν
674 1681 725 1717 τι
760 1665 960 1732 μᾶλλον
989 1664 1326 1725 συνέϐαινεν,
1359 1664 1389 1731 ἢ
1423 1663 1620 1730 δρᾶσαί
1653 1679 1754 1714 που

201 1754 466 1828 λυπῃρόν.
497 1755 673 1810 Τοῦτο
702 1755 879 1824 πολλῷ
924 1755 1133 1824 βέλτιον
1162 1757 1273 1815 τοῖς
1302 1754 1421 1806 τότε
1457 1757 1754 1820 συνήνεγκε

204 1846 545 1913 πράγμασιν,
569 1846 601 1914 ἢ
627 1847 713 1898 ὅτε
740 1846 941 1914 ταύτην
971 1846 1378 1912 ἐπανεκτήσατο
1401 1846 1428 1896 ό
1456 1843 1756 1910 θαυμάσιος

202 1937 413 2000 οὑτοσὶ,
447 1935 612 1988 πολύν
654 1953 776 1991 τινα
825 1938 1014 2007 χρόνον
1048 1937 1150 2005 ἥδη
1196 1933 1760 2003 προαποσπασθεῖσαν

203 2027 307 2095 τῆς
327 2030 436 2080 τῶν
465 2029 750 2098 Ῥωμαίων
772 2029 965 2098 ἀρχῆς.
989 2027 1159 2080 Τοῦτο
1180 2025 1280 2096 τὴν
1306 2026 1514 2078 ἐκείνου
1544 2023 1756 2091 σοφίαν,

205 2119 302 2170 καὶ
331 2118 428 2188 τὴν
459 2120 587 2188 περὶ
614 2121 681 2172 τὰ
706 2121 863 2172 κοινά
893 2119 1228 2187 ἐπιστήμην,
1260 2116 1596 2185 ὑψηλοτέραν
1626 2117 1760 2168 ἀπέ-

203 2207 377 2271 δειξεν
405 2208 558 2261 ούδέν
581 2205 763 2280 ἦττον,
796 2212 828 2278 ἦ
859 2211 946 2262 ὅτε
973 2208 1387 2276 θαυμαζόμενος
1417 2200 1569 2269 οὗτος
1592 2203 1657 2277 ἦν
1685 2208 1761 2276 τῷ

207 2300 444 2353 κτᾶσθαι
479 2301 664 2363 πόλεις
700 2300 911 2370 ἐτέρας.
948 2301 1121 2353 Ἐστι
1156 2301 1262 2368 γὰρ
1297 2301 1500 2366 καιρὸς
1531 2297 1758 2360 λαϐεῖν,

206 2391 307 2443 καί
336 2393 544 2459 καιρὸς
571 2393 808 2457 πάντως
835 2389 1145 2458 προέσθαι.
1170 2391 1278 2442 Καὶ
1300 2390 1458 2442 τοῦτο
1486 2389 1762 2458 Σολομὼν-

204 2499 352 2544 τειος
400 2483 547 2549 δόξα·
591 2486 640 2536 εί
700 2482 969 2551 μέμνηται
1018 2500 1101 2544 τις
1157 2481 1390 2545 ἐκείνου,
1446 2481 1521 2549 τῷ
1584 2478 1762 2547 καιρῷ

207 2572 387 2624 πάντα
415 2573 694 2642 νέμοντος.
722 2573 960 2643 Θάτερον
989 2573 1087 2641 μὲν
1121 2573 1232 2623 τοῖν
1267 2571 1598 2639 εἰρημένοιν·
1621 2569 1762 2634 λέγω

203 2663 270 2730 δὴ
308 2665 368 2714 τὸ
416 2664 512 2716 σὺν
559 2664 636 2732 τῷ
682 2664 856 2734 καιρῷ
905 2663 1112 2717 δοῦναιο
1159 2661 1382 2731 ὑψηλὸν,
1418 2660 1512 2713 καὶ
1546 2661 1604 2712 ού
1657 2661 1764 2714 τῶν

204 2755 440 2807 πολλῶν.

293 2848 447 2900 Ἐπεὶ
483 2846 590 2914 γὰρ
626 2847 844 2910 πάντως
863 2845 950 2921 Δείς
988 2845 1048 2898 τὸ
1079 2844 1252 2913 παρὸν
1283 2844 1332 2897 oi
1373 2844 1612 2901 πλεῖστοι
1645 2843 1763 2912 pu-

203 2955 372 2990 πουσι
407 2939 516 2992 τῶν
547 2937 869 3008 ἀνθρώπων,
903 2936 1295 3006 ὀλιγωροῦντες
1327 2936 1419 2988 τοῦ
1455 2935 1763 3002 μέλλοντος,

201 3031 286 3092 ὡς
318 3032 378 3082 ἐν
409 3030 586 3100 ἀδήλῳ
613 3031 824 3092 τούτοις
855 3030 1127 3096 κειμένου,
1153 3028 1403 3096 δηλονότι
1435 3026 1544 3077 τῶν
1567 3027 1765 3092 ὀλίγων

205 3123 328 3177 ἐστὶ
378 3123 575 3190 μικρὰν
615 3121 904 3189 ἀφαίρεσιν
950 3121 1204 3187 δέξασθαι
1257 3121 1364 3173 τῶν
1415 3120 1763 3187 ὑπαρχόντων

1857 685 1958 736 pus
1989 670 2332 736 postmodum
2357 671 2562 738 liquido
2593 667 2851 722 ostendit.
2892 664 2962 717 Ea
2998 681 3105 728 res,
3167 663 3402 716 hostium

1855 755 2198 810 incursiones
2217 771 2280 809 ac
2312 757 2642 820 invasiones,
2673 763 2934 824 quantum
2973 752 3218 818 probavit
3241 766 3410 818 expe-

1855 848 2073 910 rientia,
2097 849 2390 900 submovit.
2415 846 2600 916 Neque
2628 847 2769 900 enim
2819 842 2984 896 vicini
3021 840 3242 892 Barbari
3303 841 3410 892 for-

1857 948 1960 990 tem
1989 939 2120 993 satis
2153 956 2181 993 a
2208 957 2264 994 se
2281 942 2581 994 exercitum
2635 948 2886 1007 poterant
2907 950 3125 1004 cogere,
3155 950 3253 987 nec
3281 950 3412 987 vero

1859 1029 2192 1083 Rhodiorum
2215 1041 2357 1085 metu
2381 1031 2598 1095 licebat.
2620 1032 2788 1085 utnisi
2811 1048 3003 1099 magno
3018 1029 3166 1099 prius
3186 1042 3414 1080 numero

1859 1119 2094 1181 collecti,
2147 1119 2370 1173 ditionis
2401 1131 2598 1174 nostra:
2653 1131 2824 1178 terras
2886 1123 3230 1175 incursarent
3297 1138 3309 1170 :
3357 1128 3415 1168 nt

1859 1221 2036 1263 autem
2062 1225 2154 1278 per
2177 1218 2408 1274 tempus,
2433 1227 2491 1264 ac
2526 1227 2590 1264 ex
2622 1213 2805 1266 multis
2854 1212 3007 1277 locis,
3048 1212 3192 1280 quod
3245 1223 3414 1261 unum

1861 1301 2126 1368 reliquum
2144 1303 2525 1370 eratgrandem
2547 1303 2808 1370 ejusmodi
2825 1303 3121 1356 exercitum
3140 1309 3386 1368 cogerem
3401 1339 3413 1359 ,

1860 1407 2053 1459 resque
2084 1392 2272 1445 lateret
2303 1392 2541 1446 contines
2571 1395 2841 1459 civitates,
2881 1410 2976 1463 per
3001 1408 3139 1462 quas
3198 1390 3342 1443 fatua
3363 1391 3414 1441 in

1863 1495 2076 1535 nostras
2105 1481 2394 1534 derivanda
2433 1492 2598 1546 esset,
2626 1483 2676 1535 id
2710 1499 2835 1536 vero
2869 1485 3080 1550 Opinor,
3114 1481 3256 1532 factu
3318 1479 3418 1530 im-

1861 1573 2121 1640 possibile
2151 1582 2288 1626 erat.
2323 1572 2390 1626 Ut
2420 1583 2597 1626 autem
2626 1575 2806 1626 hostes
2862 1573 3062 1625 detecti
3096 1572 3225 1633 sint,
3262 1569 3418 1622 triste

1859 1665 2038 1732 potius
2067 1663 2268 1730 aliquid
2298 1661 2494 1726 ferant,
2530 1679 2692 1731 quam
2735 1662 2993 1727 fecerint._
3022 1661 3093 1714 Ea
3119 1676 3207 1714 res
3237 1660 3415 1726 majus

1861 1757 1986 1824 quid
2015 1764 2142 1808 tunc
2174 1757 2238 1808 ad
2266 1764 2594 1806 momentum
2629 1757 2790 1808 rebus
2817 1753 3068 1816 contulit,
3096 1767 3256 1819 quam
3289 1767 3414 1804 eum

1861 1849 1942 1900 vir
1964 1847 2250 1907 mirabilis,
2282 1862 2310 1899 a
2339 1847 2564 1900 Romani
2585 1847 2788 1913 pridem
2811 1845 3021 1912 imperii
3043 1844 3248 1896 ditione
3265 1843 3418 1894 avul—

1868 1955 1982 1994 sam
2015 1939 2312 2004 civitatem,
2342 1939 2516 1992 eidem
2551 1936 2767 2003 adjecit.
2797 1934 2867 1988 Ea
2911 1950 3017 1999 res,
3052 1934 3188 1986 nihil
3241 1933 3421 1984 minus

1866 2033 2155 2087 sublimem
2185 2030 2609 2084 admirandiviri
2649 2026 2995 2096 sapientiam,
3030 2023 3254 2091 ejuSque
3302 2022 3424 2072 uni-

1866 2126 2126 2178 versalem
2154 2123 2433 2178 scientiam
2466 2122 2719 2182 ostendit,
2749 2135 2910 2188 quam
2948 2133 3072 2172 cum
3094 2118 3254 2169 urbes
3279 2114 3416 2166 alias

1869 2231 1979 2268 sua:
2007 2214 2232 2270 ditionis
2259 2213 2403 2266 fecit.
2439 2212 2599 2264 Plane
2635 2226 2780 2270 vero,
2832 2208 3056 2276 Tempus
3109 2218 3184 2260 est
3243 2205 3425 2271 acqui-

1869 2307 2031 2365 rendi.
2060 2317 2259 2372 tempus
2286 2304 2691 2370 perdendi,quae
2706 2300 3013 2354 Salomonis
3032 2296 3294 2352 sententia
3319 2305 3422 2352 est,

1869 2401 1928 2452 nt
1951 2399 2075 2467 quis
2102 2398 2426 2456 meminerit,
2447 2411 2569 2448 cum
2603 2394 2686 2446 ille
2707 2392 2974 2448 universis
2999 2399 3209 2456 tempus
3233 2386 3425 2439 distri—

1867 2493 1981 2547 bnit
2011 2511 2022 2545 :
2044 2506 2374 2560 quamquam
2395 2489 2624 2541 duorum
2645 2486 2897 2548 alterum,
2927 2482 3056 2534 dare
3077 2479 3425 2534 seiliceteum

1869 2583 1940 2636 sit
1987 2591 2375 2650 opportunum,
2430 2584 2516 2632 res
2567 2574 2815 2630 sublimis
2859 2571 3023 2626 animi
3078 2569 3146 2623 sit
3185 2582 3248 2622 ac
3299 2581 3430 2634 pau-

1870 2687 2073 2727 σοι-ιω).

1943 2854 2078 2907 Cum
2124 2850 2267 2904 enim
2313 2849 2554 2915 plerique
2605 2846 2829 2900 omnino
2880 2840 3179 2911 respiciant
3222 2839 3289 2892 ad
3345 2853 3437 2892 res

1876 2952 2185 3015 praesentes,
2220 2940 2540 3006 futurasque
2579 2936 2853 3006 negligant
2881 2943 3138 3000 tanquam
3168 2930 3428 2990 incertas.

1877 3038 2062 3103 utique
2094 3047 2387 3103 paucorum
2419 3031 2510 3094 sit,
2539 3039 2596 3082 ut
2629 3042 2816 3097 parum
2839 3026 2967 3094 quid
3023 3023 3122 3078 sibi
3181 3018 3429 3076 subtrahi

1881 3128 2171 3196 patiantur.
2205 3139 2312 3192 quo
2347 3122 2644 3175 maximum
2670 3118 2799 3188 quid
2831 3117 3057 3170 necdum
3087 3129 3324 3183 praesens
3346 3129 3434 3165 ac-

201 3215 393 3274 αύτοῖς
426 3215 546 3266 ἀντὶ
581 3214 840 3282 μεγίστης
887 3213 1050 3281 μήπω
1097 3211 1399 3279 παρούσης.
1435 3210 1572 3262 Ἀλλ’
1612 3202 1760 3272 οὗτός
1795 3236 1841 3298 c

1795 3236 1841 3298 ο
1878 3221 2119 3274 cesserit.
2154 3217 2302 3272 Haud
2333 3218 2612 3270 enimvero
2646 3213 2710 3266 iis
2738 3213 2824 3264 ille
2843 3208 3311 3269 similishabebat.
3335 3207 3425 3272 qui

204 3321 270 3370 γε
291 3305 354 3355 οὐ
373 3303 491 3355 κατ’
513 3302 752 3366 ἐκείνους
781 3305 904 3365 τοὺς
929 3305 994 3355 τὰ
1020 3305 1074 3355 ἐν
1102 3304 1226 3354 ποσὶ
1255 3305 1416 3370 μόνον
1445 3301 1764 3370 βλέποντας,

205 3395 346 3448 ἀ).λά
378 3397 470 3449 καὶ
502 3396 563 3446 τὸ
595 3395 784 3464 μέλλον
815 3397 1140 3464 προεωρᾶτο
1171 3393 1330 3461 είπερ
1363 3411 1442 3453 τις
1474 3394 1651 3454 ἄλλος,
1678 3393 1769 3444 καὶ

207 3489 345 3557 περὶ
375 3487 591 3539 πάντων
618 3487 737 3552 ἐξῆ;
767 3487 1046 3555 ἐφρόντιζε
1082 3485 1189 3537 τῶν
1215 3487 1574 3553 πραγμάτων.
1607 3485 1771 3535 Ὅθεν

205 3578 641 3647 ἐξησθενηκυῖαν
695 3577 834 3646 ὁρῶν
887 3577 982 3646 τὴν
1033 3577 1187 3627 πόλιν
1237 3574 1314 3643 τῷ
1364 3573 1769 3644 πολιορκεῖσθαι

211 3670 416 3739 μακρῷ
449 3668 526 3737 τῷ
558 3668 757 3738 χρόνῳ,
787 3669 878 3719 καὶ
923 3669 981 3719 τὸ
1027 3667 1286 3735 ἐσόμενον
1334 3667 1550 3725 πάντως
1585 3665 1771 3732 ὥσπερ

208 3763 306 3815 ὑπ’
334 3761 459 3829 ὄψιν
488 3761 645 3829 ἔχων,
676 3760 749 3820 ὡς
774 3760 820 3812 oi
851 3759 1262 3827 πολιορκοῦντες
1298 3757 1566 3826 βάρϐαροι
1594 3772 1772 3824 παρα-

209 3857 510 3922 στήσονται
556 3855 653 3924 μὲν
690 3854 857 3922 αὐτὴν
885 3855 968 3907 ὀὐ
1008 3853 1144 3921 μετά
1194 3853 1360 3904 πολύν
1395 3869 1514 3903 τινα
1562 3853 1770 3918 χρόνον,

208 3947 663 4015 παραστήσονται
693 3945 748 3998 δέ
775 3943 990 4005 πλείους
1024 3943 1182 4003 εὐθὺς
1220 3941 1434 4010 ἐκείνης
1466 3941 1776 4010 κρατήσαν-

205 4054 328 4100 τες,
372 4037 463 4087 καὶ
496 4035 739 4104 χωρήσει
785 4034 844 4085 τὸ
878 4031 1048 4084 δεινὸν
1089 4032 1179 4082 ἐπὶ
1215 4029 1489 4081 πλεῖστον’
1532 4029 1776 4096 ἡγήσατο

205 4129 272 4178 τὸ
314 4126 521 4193 ταύτην
551 4121 839 4193 προέσθαι,
885 4121 1025 4188 ὑπὲρ
1054 4120 1145 4171 τοῦ
1183 4119 1256 4189 μὴ
1293 4118 1513 4178 πλείους
1560 4118 1775 4183 σύναμα

205 4221 414 4287 ταύτῃ.
461 4216 649 4284 κέρδος
695 4215 755 4266 ού
816 4213 1010 4282 μικρὸν
1065 4208 1346 4263 εἶναι’καὶ
1397 4208 1557 4276 ἐῴκει
1607 4207 1777 4258 ταῦτα

208 4308 476 4378 πράττων
501 4300 623 4367 τοῖς
642 4303 857 4376 σφοδρῷ
888 4301 1138 4371 ληφθεῖσι
1164 4300 1412 4362 κλύδωνι,
1433 4299 1480 4350 οἳ
1509 4299 1626 4360 ταῖς
1652 4298 1778 4348 ἐαυ-

208 4401 327 4453 τῶν
382 4399 537 4466 χερσὶ
586 4396 757 4449 πολλά
806 4395 914 4448 τῶν
969 4395 1267 4461 ἀγωγίμων
1323 4389 1775 4456 ἀποϐαλλόμενοι,

210 4493 414 4559 κέρδος
443 4490 542 4559 τὴν
579 4488 782 4558 ζημίαν
828 4485 1105 4556 ἡγοῦνταιο
1128 4485 1224 4551 ούχ
1258 4482 1445 4542 ἁπλῶς
1483 4481 1558 4550 τῷ
1604 4479 1780 4549 πράγ-

1871 3323 2079 3366 tantum
2115 3310 2296 3363 vident
2327 3309 2378 3359 in
2413 3308 2639 3375 pedibus
2663 3303 3002 3373 posita,quin
3032 3300 3198 3353 futuri
3226 3308 3283 3350 ut
3310 3298 3432 3364 quis

1869 3404 2007 3457 alius
2035 3400 2354 3470 praevidens,
2381 3398 2654 3452 universis
2677 3395 2933 3462 deinceps
2965 3405 3153 3446 curam
3187 3389 3420 3442 adhibe-

1873 3498 1979 3550 l~at.
2013 3495 2213 3550 Videns
2242 3495 2422 3562 itaque
2455 3493 2684 3545 fractam
2711 3488 2923 3541 viribus
2956 3485 3143 3539 urbem
3202 3498 3230 3534 a
3275 3481 3431 3545 longa

1869 3588 2172 3648 obsidione,
2194 3601 2254 3639 ac
2285 3585 2426 3654 quod
2457 3583 2696 3636 futurum
2725 3581 2952 3632 essetob
2974 3575 3161 3629 oculos
3186 3572 3389 3625 habens
3417 3589 3428 3633 ;

1871 3679 1988 3731 fore
2018 3679 2272 3732 nimirum
2307 3686 2364 3728 ut
2394 3673 2713 3728 obsidentes
2737 3669 2961 3724 Barbari
2992 3682 3054 3720 ea
3082 3665 3228 3718 brevi
3293 3662 3427 3729 poti-

1871 3778 2081 3832 rentur,
2107 3777 2269 3836 utqne
2287 3766 2462 3820 statim
2486 3779 2547 3817 ea
2586 3769 2913 3830 expugnata,
2937 3757 3128 3810 mirum
3170 3761 3430 3822 quantum

1875 3869 2224 3929 promovente
2287 3858 2468 3918 malo.
2515 3855 2695 3923 plures
2751 3853 2886 3906 alias
2939 3848 3147 3916 capturi
3197 3853 3377 3898 essent
3420 3859 3433 3904 ;

1875 3951 2015 4004 lucri
2045 3965 2150 4003 non
2177 3949 2371 4003 modici
2398 3946 2768 4000 accessionem
2788 3943 2903 4011 ejus
2936 3938 3433 4005 habuitjacturam,

1877 4052 1935 4096 ut
1965 4057 2031 4121 ne
2061 4041 2272 4107 majori,
2307 4041 2492 4107 plures
2523 4052 2626 4090 una
2659 4036 2953 4090 amitteret.
2984 4033 3056 4084 Ea
3081 4046 3244 4100 porro
3277 4028 3435 4081 moli-

1878 4119 2021 4187 tione
2050 4132 2113 4184 iis
2137 4130 2332 4185 similis
2357 4127 2662 4191 videbatur,
2692 4125 2784 4195 qui
2816 4139 3004 4192 magna
3032 4119 3266 4188 correpti
3305 4127 3438 4171 tem-

1878 4231 2109 4293 pestate,
2143 4236 2353 4274 merces
2388 4220 2588 4272 multas
2627 4212 3436 4281 manibusipsisalojactantes.

1876 4315 2143 4382 jacturam
2173 4311 2309 4364 lucri
2335 4309 2542 4362 ducunt
2574 4324 2586 4358 :
2618 4321 2724 4358 non
2745 4305 2867 4372 quia
2889 4317 2945 4355 re
2970 4301 3328 4362 delectentur,
3348 4297 3442 4349 sed

1881 4412 1940 4456 ut
1968 4418 2031 4456 ne
2054 4416 2263 4454 merces
2295 4408 2434 4453 totas
2466 4397 2697 4452 retinere
2740 4396 3006 4455 volentes,
3055 4405 3176 4442 cum
3232 4397 3442 4452 tempus

1887 4491 2226 4553 adversetur,
2257 4488 2398 4540 male
2430 4496 2572 4540 totas
2618 4485 2892 4538 amittant.
2943 4479 3310 4544 Quamobrem
3365 4477 3440 4526 nti

213 4555 354 4650 ματι
384 4555 688 4649 χαίροντες,
718 4555 948 4630 ἀλλ’ίῖνα
986 4575 1062 4644 μὴ
1084 4573 1144 4626 τὸ
1175 4575 1279 4625 πᾶν
1305 4563 1584 4632 ’ἐθέλοντες
1614 4570 1780 4638 ἐχειν,
1810 4555 1860 4612 Ῑ)

1810 4555 1860 4612 D
1889 4593 2044 4638 antea
2077 4582 2235 4649 longe
2258 4577 2665 4634 celeberrimam
2690 4574 2877 4627 urbem
2907 4571 3098 4624 multis
3118 4568 3441 4634 sumptibus,

211 4673 316 4724 τοῦ
362 4669 558 4736 καιροῦ
617 4669 752 4737 πρὸς
803 4665 1112 4721 τούναντίον
1165 4662 1509 4732 βιαζομένου,
1567 4661 1626 4711 τὸ
1677 4661 1782 4712 πᾶν

213 4756 415 4818 κακῶς
449 4757 811 4816 ἀπολέσωσιν.
835 4755 1016 4815 Ὥστε,
1044 4751 1295 4821 καθάπερ
1328 4750 1518 4817 τοπρὶν
1548 4746 1782 4817 εἰληφὼς

210 4848 458 4916 ταυτηνὶ
506 4847 606 4914 τὴν
659 4845 1035 4914 πολυύμνητον
1084 4842 1261 4903 πόλιν,
1317 4839 1638 4908 ἀναλώμασι
1687 4839 1785 4907 μὲν

213 4939 467 4999 πολλοῖς,
492 4937 701 4990 πλείοσι
724 4935 779 4992 δὲ
804 4937 1007 4998 πόνοις,
1027 4934 1287 4992 κινδύνοις
1308 4932 1361 4984 δέ
1380 4933 1460 4982 ὄτι
1487 4930 1786 4993 πλείστοις,

217 5031 408 5101 μέγας
441 5026 537 5091 ὣν,
575 5028 667 5080 καὶ
699 5027 990 5081 δέδεικταιο
1021 5025 1161 5076 οὕτω
1199 5024 1292 5074 καὶ
1337 5021 1480 5082 τότε,
1517 5017 1783 5080 δεδωκὼς,

210 5122 398 5189 ἡνίκα
446 5136 528 5183 τι,
568 5119 659 5171 καὶ
707 5112 788 5179 οἷς
821 5117 1006 5187 ἐχρῆν,
1049 5115 1143 5167 καὶ
1173 5114 1247 5175 ὡς
1281 5113 1378 5165 οὐκ
1416 5113 1481 5164 ἂν
1509 5108 1576 5182 ἦν
1613 5111 1786 5172 ἄλλως

214 5214 443 5283 βέλτιον
475 5211 786 5266 δεδωκέναι.
813 5211 940 5262 Ὅτε
969 5213 1078 5276 γὰρ
1108 5207 1206 5260 οὐκ
1231 5201 1298 5274 ἦν
1325 5204 1537 5272 ἐκείνην
1564 5203 1642 5254 ἐτι
1673 5203 1788 5253 δια-

214 5301 526 5365 σώζεσθαι,
559 5304 656 5355 καὶ
705 5302 820 5362 τοῖς
867 5300 1136 5368 Φρερίοις,
1182 5298 1274 5350 καὶ
1333 5295 1471 5360 μετά
1521 5291 1786 5362 λαμπρῶν

215 5395 604 5462 ὑποσχέσεων,
643 5391 857 5460 βοηθεῖν
900 5391 1029 5459 ἡμῖν
1060 5388 1300 5448 ἐκείνους
1342 5385 1514 5440 ἆπασι
1543 5385 1784 5452 τρόποις.

295 5487 480 5538 Πόσον
524 5483 614 5537 οὖν
649 5480 1024 5553 θαυμάζεσθαι
1069 5479 1296 5543 δίκαιος,
1331 5477 1378 5528 εί
1409 5477 1546 5544 ὅπερ
1573 5475 1791 5534 πάντως

213 5577 460 5648 ἔμελλεν
489 5577 547 5627 ἐν
575 5575 694 5636 ταῖς
738 5573 846 5625 τῶν
881 5570 1090 5639 ἐχθρῶν
1129 5567 1316 5638 χερσὶν
1354 5565 1596 5618 ἀπίστων
1622 5562 1789 5615 ὄντων

214 5666 480 5727 ἔσεσθαι,
518 5663 676 5716 τοῦτο
725 5663 898 5731 φίλοις
933 5661 1026 5714 καὶ
1076 5657 1419 5726 Χριστιανοῖς
1466 5653 1788 5720 ἐνεχείριστ,

217 5759 327 5811 καὶ
362 5755 537 5823 ταύτῃ
564 5769 627 5820 γε
659 5751 983 5822 συμμάχους
1018 5748 1216 5809 αὐτοὺς
1241 5744 1510 5811 ἐκτήσατο
1535 5742 1626 5792 τοῦ
1654 5744 1789 5810 πρὸς

217 5846 482 5907 ἐκείνους
515 5844 786 5913 πολέμου,
817 5843 923 5896 Καὶ
964 5842 1126 5894 πάλαι
1159 5841 1263 5907 γὰρ
1290 5837 1414 5896 τοὺς
1449 5833 1643 5901 ἄνδρας
1671 5832 1789 5884 τού-

1894 4667 2317 4737 impensiorique
2352 4665 2555 4725 labore,
2583 4678 2646 4716 ac
2679 4661 2930 4729 plurimis
2966 4657 3255 4711 defunctus
3297 4658 3444 4722 peri-

1888 4761 2026 4813 culis
2076 4760 2128 4811 in
2155 4757 2408 4810 ditionem
2439 4753 2730 4820 recipiens,
2750 4766 2870 4804 cum
2890 4758 3034 4802 esset
3060 4763 3306 4813 magnus,
3325 4761 3444 4796 sese

1889 4864 2142 4917 magnum
2174 4847 2414 4900 ostendit
2450 4863 2461 4898 :
2490 4845 2567 4898 sic
2585 4857 2803 4913 quoque
2830 4857 2923 4909 per
2957 4840 3006 4892 id
3039 4848 3276 4905 tempus.
3319 4852 3442 4890 cum

1891 4940 2148 5000 dedisset,
2175 4937 2392 5006 quando
2423 4952 2485 4989 ac
2507 4934 2706 5003 quibus
2732 4949 2826 5000 par
2853 4941 3016 4994 esset,
3048 4941 3208 4996 atque
3238 4937 3299 4980 ut
3329 4943 3442 4978 Inv-

1887 5033 1992 5085 lius
2023 5029 2223 5096 alioqui
2249 5044 2352 5080 non
2373 5035 2548 5095 posset
2578 5025 2713 5076 trahi
2738 5040 2750 5075 :
2776 5033 2886 5075 tum
2911 5021 3165 5073 nimirum
3197 5034 3318 5072 cum
3337 5032 3442 5069 non

1894 5130 2037 5173 esset
2063 5119 2366 5172 servando:
2393 5125 2556 5184 atque
2579 5116 2712 5167 adeo
2740 5113 3022 5186 fratribus,
3045 5111 3136 5178 qui
3160 5119 3212 5163 et
3231 5111 3445 5162 abunde

1890 5211 2190 5277 magniﬁcis
2216 5206 2725 5276 pollicitationibus,
2757 5204 2932 5256 modis
2964 5218 3022 5255 se
3047 5199 3303 5272 omnibus
3346 5217 3446 5252 no-

1894 5303 1975 5356 bis
2004 5301 2257 5370 deinceps
2286 5299 2644 5353 auxiliaturos
2679 5300 3002 5364 reciperent.

1961 5477 2134 5542 Quam
2161 5490 2289 5546 ergo
2323 5477 2446 5545 jure
2491 5474 2868 5539 admirandus,
2902 5481 2989 5526 -ut
3034 5473 3177 5541 quod
3225 5474 3447 5527 omnino

1894 5583 2174 5622 cessurum
2199 5574 2315 5619 erat
2337 5569 2388 5617 in
2421 5565 2654 5618 hostium
2679 5572 3022 5631 potestatem,
3058 5563 3218 5629 idque
3263 5561 3450 5615 inlide-

1892 5659 2047 5722 lium,
2078 5661 2179 5712 hoc
2211 5659 2299 5710 ille
2321 5657 2513 5710 amicis
2564 5671 2624 5709 ac
2650 5654 2977 5708 Christianis
3005 5653 3319 5716 crediderit,
3364 5664 3448 5704 at-

1895 5765 1998 5818 que
2031 5763 2090 5801 ea
2111 5763 2167 5801 re
2189 5748 2311 5802 belli
2339 5748 2390 5801 in
2405 5762 2497 5800 eos
2516 5747 2691 5800 socios
2710 5743 3144 5813 comparaverit?
3168 5741 3282 5795 Jam
3305 5744 3445 5796 enim

1895 5840 2022 5892 olim
2055 5839 2211 5892 nobis
2237 5853 2356 5892 Cum
2381 5838 2458 5890 cis
2483 5835 2832 5891 necessitudo
2861 5845 2994 5889 erat.
3024 5828 3180 5886 Unde
3207 5849 3327 5885 cum
3351 5833 3441 5883 uli-
