4208 6444
274 442 383 507 249

1055 447 1453 508 THEODORI
1502 450 1855 509 DESPtiTJZ
1896 456 2283 516 LAUDATIO
2317 461 2718 521 FUNEIlRlS.

3398 461 3503 526 27.0

260 558 614 628 βουληθέντες
662 558 725 611 ὲκ
775 558 884 613 τῶν
925 559 1023 628 τῆς
1068 562 1390 629 οἰκουμένης
1446 563 1650 631 μερῶν,
1683 564 1716 617 ἃ
1763 565 1865 632 δὴ,

1932 569 2064 621 nihil
2090 586 2270 639 opera:
2297 573 2464 639 magis
2496 575 2727 641 pretium
2764 574 3031 633 videatur.
3080 590 3245 645 quam
3298 577 3342 631 si
3398 594 3501 646 qua

260 650 539 720 σποράδην
585 649 847 703 οἰκοῦσιν·
882 651 1096 718 ἄνδρες,
1125 648 1204 713 οἷς
1236 653 1386 705 οὐδέν
1422 671 1473 704 τι
1509 654 1828 723 προύργιαί-

255 761 436 815 τερον,
471 747 501 813 ἢ
535 746 635 796 ὅσα
684 744 838 812 φέρει
893 748 1028 809 πρὸς
1076 744 1362 815 εὐψυχίαν,
1416 748 1507 797 καὶ
1540 746 1697 806 ὅπλα.
1736 750 1827 799 καὶ

253 837 637 903 γενναιότητα.
668 835 739 885 Τὸ
779 836 888 903 γάρ
943 835 1006 903 δὴ
1041 835 1295 889 τεθνάναι
1355 839 1450 889 σὺν
1510 837 1637 907 δόξῃ
1694 838 1827 891 πολὺ

256 930 467 998 βέλτιον
516 930 710 994 ἄγουσι
767 928 861 981 τοῦ
914 928 1219 999 τραπέντες
1280 930 1658 999 παρασχέσθαι
1714 934 1827 993 τοῖς

252 1019 469 1087 ἐχθροῖς
497 1021 616 1081 ταῖς
662 1020 752 1071 ἐπὶ
789 1020 899 1071 τῶν
930 1018 1117 1072 νώτων
1163 1020 1343 1072 αὐτῶν
1398 1021 1633 1089 πληγαῖς
1686 1027 1825 1090 εφη-

253 1110 473 1175 σθῆναι.
507 1112 730 1178 Ἔχουσι
774 1110 828 1163 δὲ
867 1111 958 1163 καὶ
996 1111 1205 1173 πόλεις,
1245 1111 1367 1165 οὔτε
1404 1114 1666 1182 σμικρὰς,
1701 1113 1824 1166 οὔτε

253 1204 452 1271 ῥαδίως
509 1202 943 1271 ἀριθμουμένας·
1005 1205 1097 1256 καὶ
1152 1205 1396 1274 χρήμαθ’
1448 1207 1530 1257 ὅτι
1588 1207 1821 1259 πλεῖστα

250 1296 587 1357 ἀναλίσκειν,
626 1296 723 1348 τάξ
765 1297 873 1347 ἀπὸ
918 1298 1124 1349 τούτων
1163 1298 1272 1350 τῶν
1308 1298 1515 1351 πόλεων
1542 1300 1820 1367 εἰσφορὰς,

248 1387 287 1441 ἃ
318 1388 381 1454 δὴ
406 1387 617 1449 τούτοις
648 1389 885 1441 δέδονται
914 1390 1043 1456 παρ’
1068 1392 1278 1459 ἀνδρῶν
1308 1392 1572 1459 θεοφιλῶν
1602 1396 1700 1463 μιᾷ
1728 1397 1822 1447 καὶ

253 1484 393 1554 μόνῃ
416 1485 695 1553 προφάσει
731 1483 989 1551 θεοφιλεῖ⁸
1029 1484 1172 1551 λέγω
1204 1485 1260 1537 δὲ
1295 1488 1394 1552 τὴν
1429 1486 1566 1553 πρὸς
1602 1488 1821 1549 ἀσεϐεῖς

250 1579 455 1643 μάχην.
490 1577 658 1628 Ταυτὶ
703 1576 765 1645 δὴ
809 1578 1180 1645 συνερχόμενα
1213 1578 1553 1648 ἐπιθυμῆσαι
1596 1581 1818 1644 Ῥοδίοις

247 1668 587 1736 προὺξένησε
623 1672 721 1735 τῆς
761 1669 1188 1748 Πελοποννήσου.

321 1761 394 1809 Οὐ
455 1760 560 1829 μὴν
592 1760 728 1811 ἀλλὰ
784 1762 1004 1812 κάκεῖνο
1062 1763 1287 1831 κέντρον
1345 1765 1562 1831 ἐγένετο
1611 1769 1677 1836 τῇ
1712 1768 1817 1819 τῶν

241 1852 490 1920 Φρερίων
542 1838 827 1923 ἐπιθυμίᾳ.
873 1856 933 1921 Oi
980 1860 1088 1925 γὰρ
1127 1858 1236 1910 τῶν
1286 1858 1590 1929 Ἕσπερτων
1634 1864 1815 1931 μεριῗλν

245 1946 511 2007 Γαλάται,
536 1948 627 1998 καὶ
662 1947 923 2013 Ἰσπανοὶ,
946 1953 1037 2001 καὶ
1068 1951 1382 2019 Βρεττανοὶ,
1412 1957 1504 2006 καὶ
1527 1956 1811 2007 συνελόντα

247 2039 443 2102 εἰπεῖν,
478 2039 523 2089 οἱ
546 2038 653 2091 τῶν
678 2039 923 2093 Λατίνων
954 2041 1214 2110 ἄρχοντες
1249 2044 1470 2107 πάντες,
1503 2050 1595 2099 καὶ
1627 2048 1692 2099 τά
1724 2049 1811 2100 ὑπ’

240 2132 485 2194 ἐκείνους
516 2131 668 2201 ἔθνη,
701 2132 977 2185 κινοῦνται
1019 2135 1121 2202 μὲν
1156 2135 1215 2187 οὐ
1247 2136 1387 2190 πάνυ
1417 2138 1617 2206 ῥαδίως
1642 2140 1717 2202 ώς
1744 2141 1809 2194 τὰ

239 2223 432 2275 πολλά·
459 2224 734 2277 κινοῦνται
760 2226 804 2277 δ’
831 2225 928 2278 οὖν
970 2227 1061 2279 καὶ
1093 2230 1333 2298 εὐχερῶς
1367 2231 1517 2283 ἐστιν
1548 2234 1659 2298 ὅτε,
1686 2250 1808 2301 σμι·

238 2318 383 2383 κρᾶς
411 2333 557 2378 τινος
599 2319 927 2386 προφάσεως
967 2319 1278 2387 λαϐόμενοι·
1318 2323 1408 2374 καὶ
1449 2326 1807 2392 ὁρμηθέντες,

236 2408 603 2461 δυσκάθεκτοι
658 2409 844 2461 λοιπον
897 2410 1155 2477 γίνονται.
1212 2413 1475 2465 Δύνανται
1524 2415 1581 2466 δὲ
1638 2416 1808 2467 πολλὰ

240 2500 621 2567 βουληθέντες·
655 2503 747 2554 καὶ
774 2502 922 2555 τοῦθ’
953 2506 980 2556 ό
1020 2506 1209 2573 χρόνος
1240 2508 1267 2557 ό
1300 2506 1589 2573 παρελθὼν
1622 2510 1807 2574 σαφῶς

237 2592 501 2655 πολλάκις
550 2595 917 2664 παρέστησεν.
957 2596 1149 2666 Ἑπῄει
1183 2598 1366 2650 τοίνυν
1408 2600 1521 2660 τοῖς
1560 2600 1809 2670 Φρερίοις

234 2687 483 2750 ἐλπίζειν
530 2688 596 2755 τῇ
651 2688 782 2755 παρ’
814 2688 1022 2740 ἑαυτῶν
1066 2690 1208 2757 ὁρμῇ
1250 2689 1375 2750 τοὺς
1406 2690 1637 2751 πολλοὺς
1678 2690 1803 2757 ἐφέ-

234 2778 460 2842 πεσθαι,
486 2778 581 2831 καὶ
612 2778 748 2846 μηδὲ
775 2780 901 2841 τοὺς
923 2780 1021 2849 τὴν
1052 2779 1297 2848 μεγάλην
1322 2780 1553 2851 δύναμιν
1581 2784 1803 2853 ἔχοντας

230 2872 295 2921 ὲν
328 2871 529 2940 ἡσυχίᾳ
570 2870 756 2923 λοιπὸν
792 2872 1159 2934 καθεδεῖσθαι,
1200 2872 1343 2944 θήρα
1375 2878 1466 2928 καὶ
1509 2878 1804 2946 τραπέζαις

229 2963 437 3023 αὐτοὺς
471 2962 745 3023 ἐκδόντας,
778 2963 871 3015 καί
918 2980 1029 3015 τισι
1065 2965 1187 3030 μεθ’
1217 2966 1395 3018 ὅπλων
1437 2968 1714 3035 ἁμίλλαις,
1743 2972 1803 3022 τὸ

234 3053 430 3120 μεῖζόν
474 3070 530 3104 τε
580 3055 658 3113 εἰς
690 3054 1004 3122 φιλοτιμίαν
1054 3056 1288 3119 ἐκείνοις
1333 3057 1515 3127 ἔργον,
1545 3062 1653 3112 κάκ
1692 3063 1800 3115 τῶν

229 3147 517 3215 προγόνων
549 3146 754 3198 ἄνωθεν
789 3148 1214 3215 κατερχόμενον.

310 3235 579 3298 ’11λπιζον
637 3238 820 3290 τοίνυν
883 3239 1101 3302 ἐκεῖνοι,
1161 3240 1252 3292 καὶ
1310 3241 1508 3310 κομιδῆ
1571 3243 1801 3311 βεϐαίως

227 3328 504 3399 ἐθάρρουν
537 3330 778 3398 μεγάλην
819 3331 1142 3397 ὲφελκύσειν
1184 3333 1394 3385 ἐκεῖθεν
1426 3336 1676 3403 δύναμιν,
1706 3339 1799 3389 καὶ

227 3420 573 3489 φανήσεσθαι
625 3422 898 3490 σπινθῆρα
948 3424 1008 3475 τὸ
1058 3426 1179 3478 κατ’
1206 3427 1405 3490 αὐτοὺς
1450 3431 1506 3480 ἐν
1557 3430 1678 3500 ὕλῃ,
1722 3434 1799 3493 εἰς

226 3512 408 3580 φλόγα
465 3513 730 3581 μεγίστην
788 3515 1095 3583 ἀναφθῆναι
1147 3517 1472 3587 δυναμένην,
1520 3524 1613 3572 καὶ
1658 3523 1798 3575 κατὰ

225 3604 454 3655 πάντων
478 3604 692 3655 ἀσεϐῶν
716 3605 1090 3675 ἀποϐήσεσθαι
1120 3608 1279 3661 τοῦτο
1303 3610 1364 3661 τὸ
1394 3611 1574 3681 ἔργον,
1607 3617 1671 3681 τῇ
1702 3614 1799 3679 τῆς

225 3696 505 3765 Κορίνθου
537 3697 809 3765 προφάσει
850 3700 1234 3769 γεγενημένον.
1268 3702 1501 3764 Τούτους
1544 3700 1634 3756 οὖν
1677 3705 1794 3757 ώδί-

226 3804 421 3847 νοντες
454 3790 579 3850 τοὺς
606 3789 925 3857 λογισμοὺς,
962 3793 1062 3844 οὐκ
1096 3792 1347 3845 ἐδύναντο
1383 3798 1633 3862 κατέγειν
1670 3798 1798 3849 έαυυ

224 3877 391 3939 τούς·
427 3879 544 3931 ἀλλ’
596 3880 826 3948 ἐπείπερ
874 3880 972 3933 οὐκ
1024 3882 1173 3949 ὲξῆν,
1225 3884 1344 3935 οὐδέ
1392 3902 1451 3951 γε
1500 3887 1683 3956 ῥᾴδιον
1733 3882 1798 3955 ἦν

224 3971 418 4031 αὐτοῖς
439 3972 503 4039 τῇ
531 3970 757 4039 δυνάμει
790 3973 1181 4042 χρησαμένοις,
1208 3976 1305 4045 τὴν
1340 3977 1435 4043 τῆς
1465 3977 1801 4047 Πελοποννή-

225 4080 329 4116 σου
376 4065 695 4117 δεσποτείαν
739 4066 983 4118 ἀκόντων
1015 4067 1173 4134 ὴμῶν
1211 4068 1416 4128 λαϐεῖν,
1455 4070 1799 4140 βουλεύονται

219 4156 318 4208 διά
363 4158 662 4226 χρημάτων
712 4157 886 4227 αὐτὴν
918 4159 1223 4228 κτήσασθαι
1272 4160 1467 4232 γνώμῃ
1502 4180 1559 4214 τε
1604 4166 1667 4231 τῇ
1707 4162 1796 4214 τοῦ

218 4252 515 4318 ἄρχοντος,
548 4249 642 4302 καὶ
673 4253 738 4320 τῇ
772 4252 1030 4319 ὑπηκόων
1062 4253 1327 4323 συνθήκη.
1362 4254 1426 4305 At
1466 4254 1574 4324 γὶιρ
1602 4255 1801 4322 ἡμέτε-

223 4360 320 4407 ραι
377 4340 717 4407 δυστιραγῐαι
784 4341 843 4392 τὸ
903 4342 1201 4409 τηνικαῦτα
1270 4344 1541 4411 ἐγχειρεῖν
1603 4345 1800 4405 αὐτοὺς

221 4432 469 4493 ἔπειθον,
504 4426 579 4484 ὧν
611 4433 731 4483 ὀὐδ’
776 4434 841 4485 ἂν
895 4434 1227 4503 ἐμέμνηντο,
1275 4435 1486 4503 βέλτιον
1522 4438 1663 4504 ἡμῖν
1692 4434 1799 4485 τῶν

222 4524 582 4591 πραγμάτων
628 4524 880 4591 ἐχόντων.
936 4525 1197 4592 Ἡγοῦντο
1248 4526 1347 4593 μὲν
1388 4522 1481 4577 οὖν
1531 4526 1799 4594 τολμηρον

1933 664 1997 715 ad
2024 666 2466 730 generositatem,
2490 682 2747 733 armaque
2761 682 2823 720 ac
2845 669 3226 721 strenuitatetn
3284 668 3489 724 ferunt.

1931 752 2113 822 Longe
2145 758 2287 809 enim
2318 760 2489 825 pluris
2522 759 2725 813 faciunt
2756 761 2991 828 gloriose
3038 762 3197 825 mori,
3240 778 3402 829 quam
3446 775 3501 813 ιιι

1930 848 1983 899 in
2012 848 2189 917 fugam
2221 852 2381 914 versi,
2407 853 2575 919 plagis
2603 854 2810 906 aversis
2839 855 3026 905 hostes
3057 870 3184 905 suos
3206 857 3495 908 delectent.

1929 934 2136 991 llalieut
2169 951 2349 993 autem
2381 942 2541 995 etiam
2577 944 2735 995 urth
2768 958 2865 996 nec
2894 944 3141 1008 exiguas.
3166 959 3261 995 nec
3296 961 3498 1005 pani-as

1928 1020 2173 1095 Numero,
2208 1042 2371 1101 atque
2401 1045 2454 1085 ttt
2483 1036 2740 1101 pecunias
2771 1036 3038 1103 plurimas
3059 1035 3273 1101 possint
3294 1037 3499 1100 impen-

1924 1125 2052 1176 dere
2078 1142 2091 1176 :
2115 1141 2307 1180 aerario
2332 1129 2561 1181 collecto
2582 1145 2644 1179 ex
2666 1144 2849 1180 earum
2871 1145 2922 1179 ιιι
2941 1129 3085 1178 hium
3115 1128 3357 1183 tributis.
3381 1132 3466 1195 pio

1926 1232 2045 1268 rttm
2076 1218 2355 1270 hominum
2382 1220 2627 1286 religiosa
2655 1220 3051 1274 muniticentia.
3088 1222 3251 1271 unius
3295 1236 3355 1269 ιιι·
3403 1239 3462 1267 sn

1924 1309 2028 1362 lius
2064 1310 2339 1375 religionis
2364 1326 2511 1378 ergo,
2537 1310 2737 1363 eisdem
2760 1311 3035 1363 Concessis
3062 1312 3183 1361 helli
3239 1311 3493 1362 nintirunt

1920 1405 2160 1457 sultsidio
2183 1405 2443 1457 adversus
2462 1404 2706 1456 intideles
2730 1420 2789 1456 ac
2816 1406 3037 1471 impios.
3063 1404 3185 1456 l|.t-c
3219 1421 3345 1455 sane
3371 1424 3490 1455 t‘tltll

1919 1504 2340 1561 concurrerent,
2362 1496 2667 1549 ambiendae
2691 1497 3059 1565 Peloponnesi
3081 1512 3242 1550 causa
3263 1496 3494 1550 Rhodiis

1918 1588 2163 1641 fuerunt.

1989 1769 2090 1821 Sed
2119 1780 2171 1822 et
2203 1769 2254 1821 td
2284 1778 2539 1837 przeterea
2578 1769 2653 1822 illi
2710 1768 2958 1823 Fratrum
2992 1770 3274 1836 cupiditati
3315 1773 3493 1825 calces

1918 1862 2148 1915 addehat
2189 1876 2201 1910 :
2252 1876 2445 1929 nempe
2498 1860 2720 1915 Oeridui
2766 1861 2989 1925 Galatm,
3038 1861 3369 1932 Hispanique
3432 1880 3496 1918 ac

1923 1953 2184 2015 Britanni.
2215 1963 2398 2021 atque,
2457 1962 2515 2006 ut
2559 1955 2725 2006 verbo
2762 1954 2961 2017 dicam,
3021 1957 3338 2008 Latinorum
3367 1958 3492 2009 ltui-

1924 2048 2061 2098 vvrsi
2125 2047 2420 2113 principes,
2476 2046 2665 2112 eisque
2726 2046 2985 2112 subjectae
3040 2050 3310 2108 nationes,
3347 2049 3490 2101 haud

1920 2141 2139 2207 quidem
2177 2138 2333 2191 facile
2386 2139 2702 2205 plerumque
2748 2140 3072 2201 excitantur,
3114 2142 3205 2193 sed
3235 2150 3282 2193 et
3322 2157 3497 2209 quan-

1920 2231 2093 2299 doque
2118 2232 2339 2282 miniuta
2373 2231 2615 2295 quwdmn
2640 2232 2857 2283 occasio
2885 2229 3039 2283 facile
3068 2234 3489 2298 provocat-erit:

1918 2327 2080 2378 semel
2119 2339 2243 2375 vero
2299 2323 2537 2385 exvitali,
2570 2324 2772 2390 impetu
2822 2322 3075 2387 deinceps
3134 2324 3398 2388 feruntur,
3435 2336 3493 2378 ut

1917 2426 2188 2485 nequeant
2236 2417 2427 2469 teneri.
2465 2415 2629 2468 Porro
2658 2427 2712 2468 ut
2749 2415 2933 2475 velint,
2970 2417 3137 2469 multa
3201 2430 3431 2483 possunt
3474 2437 3487 2481 ;

1915 2511 2079 2577 idque
2112 2511 2308 2576 srepius
2332 2520 2509 2561 actum
2542 2518 2753 2576 tempus
2799 2509 3002 2576 liquido
3035 2510 3292 2563 ostendit.
3323 2510 3489 2563 Suhi-

1920 2602 2011 2654 ltat
2059 2602 2239 2668 itaque
2272 2598 2577 2663 Fratribus,
2614 2600 2726 2653 fore
2757 2610 2812 2653 ιιι
2848 2603 3033 2667 plures
3064 2618 3252 2654 eorum
3288 2605 3489 2657 incita-

1918 2696 2120 2747 tionem
2170 2701 2557 2760 sequerentnr,
2594 2708 2693 2746 nec
2726 2694 2815 2760 qui
2844 2709 3035 2759 magna
3078 2694 3342 2761 pollerent
3375 2696 3485 2747 vir-

1919 2796 2057 2847 tute,
2095 2800 2153 2838 se
2189 2786 2445 2851 deinceps
2478 2786 2749 2837 venationi
2787 2801 2848 2837 ac
2877 2786 3107 2844 mensis,
3154 2785 3487 2855 ludicrisque

1922 2893 2201 2931 armorum
2235 2878 2627 2930 certaminibus
2683 2878 2960 2937 dedentes,
2992 2879 3106 2931 otio
3153 2879 3483 2942 desiderent,

1917 2973 2113 3037 quibus
2168 2968 2342 3033 majus
2376 2972 2438 3019 ad
2466 2968 2687 3037 gloriam
2744 2968 2979 3027 facinus,
3012 2970 3079 3019 ah
3103 2968 3235 3035 ipsis
3268 2970 3489 3035 majori-

1916 3065 2018 3117 hus
2059 3078 2118 3116 ac
2150 3063 2275 3115 olim
2310 3062 2574 3122 solemne,
2601 3062 2932 3130 postliminio
2958 3062 3179 3115 rediret.

1980 3240 2281 3306 Sperahant
2310 3255 2457 3308 ergo.
2488 3256 2548 3293 ac
2587 3241 2749 3292 multa
2788 3240 2979 3293 fiducia
3013 3255 3334 3309 persuasum
3386 3241 3489 3294 Ita-

1910 3333 2130 3391 heltant,
2173 3347 2420 3397 magnam
2473 3348 2531 3383 se
2584 3333 2707 3385 inde
2763 3334 3040 3386 exeituros
3102 3334 3381 3392 virtutem,
3421 3349 3485 3387 ac

1906 3422 2042 3487 fore,
2084 3432 2141 3476 ut
2181 3427 2323 3492 quo-l
2368 3426 2627 3492 gerebant
2684 3426 2961 3489 negotium
3005 3424 3254 3476 scintilla:
3306 3424 3483 3477 simile

1902 3516 2181 3568 videretur
2230 3525 2367 3567 natm
2401 3515 2620 3569 accendi
2661 3516 2713 3567 in
2746 3514 3018 3566 ﬂammam
3074 3515 3392 3573 maximam,
3418 3530 3484 3567 ac

1901 3610 2102 3677 sylvatn
2149 3609 2455 3668 absumere,
2493 3618 2655 3674 utque
2687 3623 2713 3659 a
2747 3608 3009 3659 Corintho
3042 3617 3216 3670 empta
3249 3606 3485 3668 tnolitin,

1903 3682 1953 3754 ἰιι
1990 3702 2232 3753 inﬁdeles
2260 3714 2446 3753 omnes
2478 3700 2761 3751 recideret.
2803 3699 2909 3752 llos
2945 3713 3074 3763 ergo
3109 3698 3483 3765 parturientes

1902 3793 2287 3860 cogitationum
2320 3801 2499 3845 motus
2536 3806 2590 3843 se
2617 3792 2710 3849 ipsi
2735 3792 3092 3842 continerene
3115 3789 3483 3855 lnihant.Qnia

1904 3892 2082 3937 tamen
2129 3883 2268 3936 haud
2332 3885 2547 3943 licebat,
2580 3898 2679 3936 nec
2716 3898 2843 3934 vero
2890 3892 3007 3934 erat
3040 3896 3125 3935 res
3185 3880 3381 3943 facilis,
3422 3892 3483 3934 ut

1904 3978 2139 4045 potentia
2178 3983 2411 4033 utentes,
2446 3975 2627 4025 invitis
2683 3972 2837 4031 nobis
2901 3970 3257 4037 Peloponnesi
3308 3971 3486 4021 donti-

1906 4067 2053 4118 nium
2096 4067 2437 4119 vindicarent
2469 4106 2482 4129 ,
2516 4065 2801 4119 consilium
2843 4068 3051 4121 ineunt.
3090 4072 3140 4113 ιιι
3171 4074 3459 4118 numerata

1905 4161 2153 4225 pecunia,
2180 4173 2303 4211 cum
2332 4159 2449 4225 ejus
2480 4159 2738 4225 principis
2773 4155 3049 4207 voluntate
3085 4162 3196 4204 tum
3232 4154 3483 4206 subdito‘

1904 4262 2019 4299 rum
2049 4263 2296 4310 assensu,
2332 4263 2443 4300 suae
2472 4248 2663 4299 ditioni
2696 4247 3022 4314 adiungant.
3046 4244 3247 4299 Rerum
3276 4246 3479 4312 quippe.

1906 4350 2211 4391 nostrarum
2234 4340 2557 4392 misi-rabilis
2583 4348 2773 4398 status,
2797 4339 2845 4390 id
2866 4353 2954 4391 eus
2975 4349 3107 4392 tunc
3127 4339 3326 4391 audere
3352 4337 3481 4389 fecit

1902 4432 2043 4499 quod
2094 4447 2157 4484 eo
2182 4432 2388 4483 meliori
2427 4446 2492 4483 ne
2527 4431 2579 4482 in
2638 4441 2868 4482 mentem
2902 4430 3121 4497 quidem
3184 4440 3471 4480 venturum

1904 4531 2065 4576 esset.
2115 4522 2481 4573 Tenterarhrn
2544 4520 2762 4586 quidem
2799 4522 3107 4580 videbatur,
3142 4531 3199 4572 ιιι
3247 4520 3346 4585 ipsi
3384 4534 3477 4585 per

218 4620 467 4681 ἐξειπεῖν
504 4615 724 4683 ἀμέσως
756 4617 816 4667 τὸ
862 4616 1135 4685 βούλημα·
1186 4618 1325 4687 πλὴν
1370 4618 1429 4668 τὸ
1477 4618 1544 4669 δι’
1593 4617 1793 4685 ἑτέρων
1830 4623 1865 4675 ῐ]

1902 4630 1978 4676 se,
2011 4612 2158 4665 nullo
2211 4612 2406 4674 medio,
2436 4612 2721 4663 Consilium
2764 4611 3061 4662 edicerent.
3108 4608 3244 4673 Quia
3302 4620 3479 4661 tamen

218 4710 461 4779 φράζειν
489 4708 735 4759 κίνδυνον
766 4707 890 4777 ἕχον
921 4710 1143 4771 ειδότες,
1180 4704 1313 4779 ἦχον
1349 4709 1503 4760 αὐτοὶ
1533 4708 1683 4777 παρὰ
1709 4707 1800 4760 τὸν

212 4800 496 4866 δεσπότην
542 4799 641 4849 οὐκ
690 4799 817 4850 ἄνευ
850 4799 1027 4859 δέους·
1072 4800 1163 4850 καὶ
1210 4798 1287 4867 τῷ
1334 4798 1426 4851 τοῦ
1477 4799 1799 4868 πράγματος

212 4891 407 4957 ἀδήλῳ
448 4886 787 4956 βαλλόμενοι,
829 4891 990 4955 μόγις
1040 4888 1376 4957 ἐδυνήθησαν
1424 4888 1796 4954 ἐξαγγέλλειν,

213 4978 295 5032 ὧν
330 4978 477 5046 ἕνεχ’
510 4974 665 5050 ἧκον.
700 4976 936 5042 Ἀξιοῦσι
964 4979 1027 5047 δὴ
1060 4980 1275 5047 πρῶτον
1315 4980 1433 5049 μὲν,
1458 4982 1504 5032 εί
1548 4981 1624 5048 μὴ
1658 4981 1799 5033 κατά

218 5076 459 5141 γνώμην
508 5070 718 5137 λέγοιεν
770 5070 937 5140 αὐτῷ,
991 5071 1172 5124 δοῦναι
1210 5072 1537 5143 συγγνώμην
1590 5073 1794 5137 αὐτοῖς,

216 5163 421 5231 ἀγαθῷ
460 5162 708 5232 λογισμῷ
748 5162 1118 5232 κινουμένοις·
1156 5161 1347 5212 ἔπειτα
1394 5162 1488 5213 καὶ
1521 5161 1793 5230 δεύτερον,

210 5257 542 5324 ἀπόρρητον
583 5254 718 5321 παρ’
766 5253 943 5320 ἐαυτῷ
988 5253 1238 5321 κατέχειν
1290 5253 1349 5305 τὸ
1398 5252 1791 5323 ῥηθησόμενον,

210 5352 317 5399 καὶ
375 5348 577 5414 τρίτον,
633 5344 828 5397 θάττον
879 5344 1301 5413 ἀποκρίνασθαι,
1365 5347 1475 5397 εἴτε
1536 5344 1793 5412 πράττειν

211 5438 541 5511 βουληθείη,
594 5437 701 5489 εἴτε
742 5439 837 5506 μή.
870 5438 1058 5490 Ταῦτα
1088 5439 1141 5489 δὲ
1186 5438 1395 5490 ἐκείνου
1426 5438 1628 5499 δόντος,
1659 5439 1707 5489 οἱ
1739 5439 1792 5489 δὲ

211 5534 433 5592 εὐθέως
466 5530 726 5598 ἐχώρουν·
754 5530 815 5582 οὐ
849 5534 1030 5595 μέντοι
1070 5531 1188 5580 κατ’
1218 5530 1436 5581 εὐθεῖαν
1460 5532 1551 5581 καὶ
1587 5529 1787 5591 ἁπλῶς,

209 5623 339 5677 ἀλλ’
376 5622 564 5689 ὦτπερ
612 5622 914 5683 ὲλικοειδῶς
950 5622 1329 5690 πορευόμενοι,
1361 5621 1659 5689 ἐπειρῶντο
1692 5621 1789 5682 τὴν

211 5710 395 5765 αὐτοῦ
420 5710 661 5763 διάνοιαν
686 5711 961 5772 κλέπτειν,
1000 5712 1047 5760 εἰ
1083 5710 1189 5777 ἄρα
1224 5704 1521 5778 κεκμηκώς
1552 5709 1664 5759 ἐστι
1697 5710 1790 5760 καὶ

211 5803 643 5869 ἀπαγορεύσας,
702 5804 793 5854 xa'l.
855 5802 1082 5871 βούλοιτ’
1138 5803 1202 5853 ἂν
1252 5800 1629 5868 ἀπαλλαγῆναι
1682 5801 1789 5851 τῶν

215 5894 513 5954 δυσιερῶν
539 5899 630 5948 καὶ
660 5896 1033 5949 ἐπικινδύνων.
1066 5896 1173 5947 Καὶ
1204 5895 1361 5946 τοῦτο
1392 5892 1787 5955 προγινώςκεεν

1905 4705 2047 4758 haud
2086 4705 2326 4773 periculo
2366 4718 2560 4756 vacare
2596 4710 2865 4771 putarent,
2904 4713 2958 4753 ut
2997 4717 3089 4769 per
3126 4704 3262 4755 alios
3307 4703 3478 4769 expli-

1903 4808 2106 4862 carent,
2160 4797 2371 4863 ipsimet
2420 4796 2699 4863 despotaen
2743 4796 2963 4857 adeunt,
2997 4809 3309 4863 quanquam
3368 4810 3473 4845 non

1901 4889 2125 4941 omnino
2175 4899 2314 4939 metu
2342 4886 2505 4938 soluti
2543 4904 2555 4949 ;
2593 4886 2767 4953 deque
2798 4887 2871 4937 rei
2901 4887 3109 4937 incerto
3141 4897 3338 4937 eventu
3382 4900 3480 4935 an-

1904 4982 2089 5042 xii,vix
2124 4981 2336 5031 tandem
2370 4977 2560 5031 efferre
2618 4987 2865 5052 possunt.
2911 4994 3141 5044 quarunt
3193 4993 3358 5030 causa
3386 4994 3477 5029 ve-

1902 5071 2306 5126 nissent.Porro
2330 5074 2563 5139 primunt
2591 5080 2779 5138 rogant
2803 5070 3033 5132 veniam,
3060 5081 3119 5121 ut
3143 5070 3270 5137 quid
3296 5070 3478 5121 minus

1899 5182 1962 5219 ex
1998 5166 2180 5218 animo
2212 5165 2469 5228 dixerint,
2506 5172 2763 5230 tanquam
2813 5164 2901 5229 qui
2942 5162 3110 5229 prolto
3146 5162 3311 5213 animi
3358 5176 3472 5226 pro-

1900 5260 2079 5325 posito
2138 5264 2367 5323 agantur
2402 5272 2413 5307 :
2455 5264 2568 5306 ttnn
2631 5257 2791 5307 etiam
2853 5254 3117 5315 secundo,
3155 5262 3209 5305 ut
3241 5250 3379 5316 apud
3421 5266 3475 5303 sv

1897 5363 2153 5402 arcanum
2177 5358 2374 5411 teneat,
2400 5346 2543 5414 quod
2569 5347 2851 5397 dicendum
2894 5344 2962 5395 sit
2996 5360 3010 5407 ;
3055 5346 3213 5395 tertio
3245 5344 3475 5409 denique

1899 5451 1955 5494 ut
1982 5442 2091 5493 cito
2132 5442 2479 5507 respondeat,
2517 5456 2642 5489 nntn
2678 5452 2790 5489 rem
2832 5437 2957 5488 velit
3011 5434 3145 5497 ﬁeri,
3180 5450 3369 5486 necne.
3404 5432 3477 5485 Ut

1897 5541 2073 5584 autem
2115 5532 2197 5583 his
2231 5532 2319 5583 ille
2376 5529 2684 5588 annuissct,
2748 5528 3052 5596 procedunt
3102 5527 3281 5579 statim
3322 5543 3333 5587 ;
3371 5539 3475 5575 ucn

1895 5631 2072 5675 tamen
2112 5633 2256 5674 recta
2303 5636 2365 5674 ac
2414 5620 2754 5686 simpliciter,
2796 5620 2885 5672 sed
2936 5618 3085 5670 velut
3132 5631 3225 5684 per
3264 5630 3466 5667 cuneos

1894 5730 1957 5767 ac
1990 5714 2289 5777 anfractus,
2321 5713 2437 5780 ejus
2469 5713 2607 5764 clam
2651 5712 2893 5763 animum
2929 5710 3111 5763 venari
3150 5706 3493 5762 tentabant;-

1894 5822 2017 5856 tnnn
2076 5808 2288 5858 tandem
2342 5803 2584 5857 defectus
2637 5812 2800 5863 esset,
2833 5816 2896 5856 ac
2944 5817 3093 5868 spem
3146 5799 3461 5868 ahjecisset,

1894 5899 2157 5954 velletque
2216 5895 2427 5948 lilt‘t‘at'i
2478 5910 2503 5947 tt
2539 5894 2715 5951 malis.
2750 5908 2812 5947 ac
2854 5908 2935 5945 res
2972 5894 3021 5945 in
3065 5902 3177 5945 tuto
3236 5906 3455 5948 nouere.
