4208 6444
734 455 837 521 251

1911 463 2309 527 MANUELIS
2353 468 2796 530 PAL/EOLOGI

3845 481 3955 543 252

730 574 995 630 Volebant
1037 585 1218 631 autem
1254 592 1314 631 ea
1348 579 1621 646 praesrire,
1652 589 1710 633 ut
1750 592 1970 649 possent
2004 585 2105 638 laeti
2141 586 2279 639 inire
2318 594 2351 647 Α
2384 589 2392 639 ἐ

2318 594 2351 647 Α
2384 588 2678 653 ἐϐούλοντο,
2705 590 2778 652 ὡς
2805 590 2869 643 ἂν
2891 590 3059 659 ἔχοιεν
3083 590 3412 661 θρύπτεσθαι
3428 591 3521 644 ἐπὶ
3545 595 3641 657 τὰς
3657 597 3959 666 συμὸἀσεις

737 676 910 734 parta,
942 666 1069 718 dum
1114 668 1183 722 ita
1215 668 1413 722 habere
1448 683 1858 737 cognoscerent,
1903 675 1976 727 uti
2019 691 2081 729 ex
2130 678 2291 730 rebus

726 768 790 805 ac
842 764 1142 823 temporum
1186 758 1430 811 molestia
1473 757 1787 815 habiturum
1823 763 2091 831 conjicere
2136 777 2292 834 puta-

730 842 881 898 bant.

801 931 935 997 Quia
976 949 1105 987 vero
1144 934 1311 990 latere
1376 952 1479 991 non
1521 949 1730 1006 poterat
1767 942 1940 996 virum
1984 946 2149 1000 mu'ta
2205 961 2294 999 or-

2395 680 2659 743 ἐλθόντες.
2693 684 2741 735 εί
2795 686 2969 749 γνοῖεν
3010 682 3136 735 ὄντα
3184 684 3447 749 τοιοῦτον,
3486 680 3596 737 οἷον
3642 687 3707 740 ἐκ
3754 707 3811 741 τε
3852 691 3962 743 τῶν

2395 773 2735 839 πραγμάτων
2783 775 2876 826 καὶ
2919 774 3016 842 τῆς
3058 774 3167 826 τῶν
3208 775 3416 845 καιρῶν
3454 776 3755 840 ἐπιθέσεως
3806 783 3960 832 ἐτεκ-

2398 863 2677 933 μαὲροντο.

2477 956 2627 1007 Ἐπεὶ
2653 954 2697 1008 δ’
2719 955 2820 1007 οὐκ
2848 951 2915 1025 ἦν
2939 956 3164 1009 δυνατὸν
3193 957 3393 1022 λαθεῖν,
3456 960 3636 1022 πόθεν,
3669 964 3762 1014 τὸν
3790 963 3962 1032 πολλῇ

732 1032 914 1076 natum
949 1025 1255 1091 prudentia,
1284 1043 1380 1082 nec
1439 1031 1653 1086 modica
1715 1049 1895 1089 rerum
1957 1042 2292 1106 experientia
2389 1074 2394 1084 ι

2389 1048 2499 1115 «μὲν
2566 1046 2778 1099 συνέσει
2844 1048 3281 1115 κεκοσμημένον,
3346 1050 3514 1119 πολλῇ
3572 1052 3627 1104 δέ
3695 1025 3963 1123 ἐμπεερὲξ

732 1114 1033 1181 pneditum.
1063 1132 1174 1184 quo
1202 1118 1314 1172 haec
1346 1119 1571 1186 ferrent,
1602 1125 1854 1195 detegunt
1876 1129 2147 1198 deinceps,
2181 1148 2294 1187 rem

731 1212 898 1257 totam
962 1206 1315 1273 explicantes.
1352 1214 1480 1280 quid
1516 1215 1683 1267 animi
1714 1233 1776 1269 ac
1810 1219 2102 1276 voluntatis
2134 1225 2297 1278 habe-

733 1306 897 1351 rent:
954 1308 1011 1349 ιιι
1065 1300 1232 1353 totius
1268 1302 1617 1371 Peloponnesi
1657 1308 2013 1377 principatum
2054 1316 2298 1381 accipere

736 1387 918 1453 velint,
951 1391 1220 1455 siquidem
1274 1394 1437 1449 libi-at
1476 1399 1708 1460 tradere,
1740 1402 1975 1471 velitque
2004 1404 2159 1459 facile
2178 1423 2301 1475 pro-

736 1478 908 1531 vincia
940 1482 1317 1548 excedere,cui
1348 1485 1620 1556 deinceps,
1645 1497 1721 1545 tot
1747 1493 2024 1546 confertim
2052 1496 2295 1559 malis,a'd

734 1584 819 1634 ea,
854 1585 973 1639 qure
1021 1574 1278 1630 continua
1319 1580 1747 1644 praecessissent,
1778 1585 1996 1638 cumulo
2045 1587 2300 1657 ingruen—

735 1661 902 1726 tibus,
941 1666 1228 1730 praesidere
1260 1683 1363 1720 non
1401 1681 1596 1736 posset.
1630 1672 1850 1727 Multam
1878 1691 2004 1744 ergo
2060 1683 2300 1745 perunhe

734 1753 842 1806 vim
873 1754 1117 1822 polliciti,
1141 1772 1204 1811 ac
1233 1761 1378 1812 omni
1406 1763 1565 1815 modo
1593 1765 1709 1833 ejus
1740 1768 1956 1822 familia:
1984 1784 2048 1822 co
2072 1771 2291 1823 mnolis

735 1846 1049 1911 aunixuros,
1090 1863 1188 1902 nec
1212 1849 1336 1903 ullis
1369 1853 1590 1908 omissis
1630 1856 1831 1923 quibus
1886 1859 1938 1910 in
1976 1861 2297 1913 sententiam

2398 1137 2671 1204 κομῶντα,
2738 1138 3179 1191 ἀποκιλύπτουσι
3244 1139 3449 1203 ).οιπ“›ν,
3496 1142 3958 1204 διαπετιννύντες

2398 1229 2507 1281 πᾶν
2536 1228 2849 1297 πρόϐλημα,
2878 1230 2975 1300 τὴν
3006 1230 3182 1281 αὐτῶν
3213 1229 3471 1300 βούλησίν
3498 1250 3555 1285 τε
3592 1234 3686 1285 καὶ
3708 1233 3963 1301 γνώμηνο

2399 1321 2474 1382 ὡς
2508 1313 2617 1370 εἷεν
2666 1319 2920 1385 δέξασθαι
2956 1320 3205 1383 θέλοντες
3260 1324 3440 1375 πᾶσαν
3489 1322 3588 1393 τὴν
3635 1320 3823 1393 ἀρχὴν
3856 1324 3960 1389 τῆς

2399 1411 2833 1480 Πελοποννήσου,
2862 1412 2907 1463 εἰ
2941 1411 3187 1478 βούλοιτό
3213 1428 3275 1477 γε
3301 1414 3475 1464 τοῖσδε
3504 1414 3767 1482 παρέχειν
3793 1415 3965 1481 αὐτὴν

2400 1505 2625 1566 ἐκεῖνος,
2658 1503 2753 1561 καὶ
2784 1498 2956 1572 οὗπερ
2987 1503 3087 1556 ούκ
3121 1504 3295 1571 ἰσχύει
3327 1503 3633 1568 δεσπόζειν,
3670 1505 3864 1558 τούτου
3902 1523 3961 1572 γε

2400 1595 2600 1663 ῥᾳδίως
2635 1593 2936 1659 ὑπεξιέναι,
2978 1595 3187 1646 πολλῶν
3229 1595 3340 1649 τῶν
3384 1598 3733 1650 ἀπευκταέων
3766 1597 3964 1665 ἀθρόον

2401 1687 2627 1737 ἐπεισπε
2638 1685 2839 1737 σόντων
2864 1686 2975 1747 τοῖς
3001 1685 3366 1755 προλαϐοῦσιν
3391 1688 3713 1757 ἐπαλλήλοις
3745 1688 3961 1748 δεινοῖς.

2403 1776 2601 1843 Συχνόν
2628 1772 2721 1827 οὖν
2748 1775 3167 1845 ὑπισχνούμενοι
3192 1776 3524 1845 καταθήσειν
3556 1776 3840 1845 ὶργύριον,
3870 1779 3965 1829 καὶ

2396 1866 2779 1935 λυσιτελήσειν
2812 1867 3030 1920 ἅπαντα
3078 1867 3277 1936 τρόπον
3330 1870 3494 1919 παντὶ
3541 1866 3619 1935 τῷ
3656 1868 3829 1934 γένει,
3872 1870 3963 1919 καὶ

734 1948 959 2003 possent
1017 1940 1253 2002 trahere.
1314 1946 1531 1997 tandem
1580 1958 1791 2013 rogant,
1827 1957 1885 2001 ut
1928 1950 2108 2003 edicat
2169 1952 2296 2018 quid
2333 1986 2368 2040 Β

2333 1986 2368 2040 Β
2406 1954 2571 2024 μηδὲν
2600 1954 3001 2023 παραλιπόντες
3036 1950 3116 2017 οἷς
3145 1955 3353 2007 πείθειν
3381 1950 3547 2024 εἶχον,
3580 1957 3960 2021 τελευτῶντες,

740 2028 982 2081 videatur
1011 2046 1038 2083 e
1072 2047 1128 2085 re
1177 2036 1451 2087 communi
1490 2054 1503 2099 ;
1546 2036 1597 2089 in
1632 2054 1748 2106 quae
1790 2040 1948 2093 verba
1983 2039 2181 2093 faciunt
2214 2043 2295 2095 di—

738 2120 890 2173 cendi
949 2124 1130 2176 finem.
1165 2124 1540 2191 llespondente
1575 2130 1689 2194 illo,
1719 2132 1770 2183 in
1808 2133 2117 2186 crastinum
2143 2135 2210 2185 ab
2233 2150 2298 2187 eo

740 2212 1022 2267 audituros
1064 2230 1077 2267 :
1110 2231 1206 2267 nec
1235 2217 1377 2269 enim
1416 2219 1637 2273 decebat
1665 2229 1721 2274 ιιι
1752 2221 1831 2276 sic
1861 2222 2165 2278 inconsulte
2211 2242 2300 2279 re—

741 2305 1032 2368 sponderet
1064 2322 1078 2358 :
1115 2306 1363 2361 abierunt
1411 2308 1486 2361 illi
1507 2310 1630 2372 laeti.
1666 2315 1810 2380 quod
1842 2329 1949 2368 non
1993 2315 2302 2383 primo'sta-

742 2394 838 2444 tim
871 2408 1191 2462 congressu,
1216 2398 1292 2451 rei
1329 2413 1475 2466 spem
1503 2417 1717 2456 omnem
1745 2405 2104 2473 abjiciendam
2129 2409 2300 2462 dixis-

744 2492 848 2542 set.
910 2498 973 2537 ac
1035 2500 1101 2538 ne
1163 2487 1480 2544 inconcessa
1533 2504 1947 2559 przesumerent.
1983 2496 2300 2566 Quanquam

743 2580 829 2625 est
866 2574 1008 2639 quod
1045 2575 1130 2629 hic
1174 2578 1436 2632 miremur
1468 2598 1482 2635 :
1514 2576 1610 2649 par
1656 2585 1800 2637 enim
1848 2595 1987 2651 erat,
2029 2599 2088 2641 ut
2133 2591 2303 2659 magis

746 2663 974 2732 injectas
1002 2682 1180 2723 moras
1207 2670 1433 2726 moleste
1464 2671 1688 2737 ferrent,
1727 2677 1974 2747 quodque
1998 2694 2103 2734 non
2122 2684 2303 2737 statim

749 2756 899 2809 firma
933 2774 1056 2827 spes
1089 2758 1226 2814 facta
1258 2774 1399 2816 esset
1428 2764 1503 2817 rei
1539 2766 1907 2825 conﬁciendae.

819 2946 956 3011 Quia
995 2956 1123 3003 tunc
1164 2952 1308 3005 enim
1362 2953 1692 3012 difﬁcillimis
1738 2966 1798 3012 ut
1855 2975 2091 3027 unquam
2146 2965 2308 3021 rebus

751 3040 1022 3101 utebatur,
1057 3049 1173 3094 erat
1205 3044 1427 3097 omnino
1479 3054 1536 3098 ut
1592 3059 1740 3101 certo
1772 3050 2100 3104 confiderent
2136 3053 2311 3108 liben-

754 3130 961 3184 tissime
985 3140 1363 3199 suscepturum
1393 3150 1581 3187 eorum
1611 3152 1888 3194 sermones
1921 3156 1936 3204 ;
1970 3143 2094 3209 quia
2123 3152 2303 3198 tamen

752 3222 839 3287 qui
873 3227 1208 3278 occasionem
1265 3228 1405 3281 nacti
1440 3243 1468 3281 a
1501 3239 1738 3298 tempore
1762 3247 1822 3285 ac
1857 3237 2038 3298 rebus,
2068 3250 2163 3303 pro
2191 3236 2309 3291 tali-

2399 2044 2644 2113 εὖχονται
2677 2046 2733 2096 τὸ
2766 2048 2920 2113 κοινῇ
2962 2048 3206 2098 συκοῖσον
3230 2045 3395 2098 αύτδν
3427 2049 3624 2111 εἰπεῖν,
3659 2050 3755 2100 καὶ
3794 2065 3965 2101 καταο

2398 2138 2619 2190 λύουσιν
2663 2137 2910 2190 ἐνταυθοῖ
2950 2140 3041 2191 τὸν
3072 2138 3255 2205 λόγον.
3288 2138 3553 2192 Κάκείνου
3596 2141 3734 2208 πρὸς
3769 2141 3970 2201 αὐτοὺς

2400 2228 2706 2299 εἰρηκότος,
2737 2228 2793 2290 ἐς
2828 2227 3017 2296 αὔριον
3057 2227 3390 2281 ἀκούσεσθαι
3430 2230 3560 2296 παρ’
3596 2229 3793 2291 αὑτοῦ,
3837 2230 3969 2298 μηδὲ

2402 2322 2510 2385 γὰρ
2557 2317 2623 2370 ἂν
2673 2317 2907 2383 πρέπειν
2938 2317 3089 2386 αὐτῷ
3118 2318 3349 2370 οὑτωσὶν
3395 2319 3688 2380 ἀσκέπτως
3726 2320 3969 2386 ἀποκρί-

2400 2406 2612 2468 νασθαι,
2644 2408 2692 2459 oi
2735 2406 2779 2457 δ’
2813 2406 3065 2467 ἀπιόντες
3103 2406 3341 2476 ἔχαιρον,
3374 2408 3452 2475 τῷ
3479 2408 3552 2477 μὴ
3592 2408 3691 2477 τὴν
3724 2407 3958 2477 πρώτην

2401 2496 2588 2558 αὐτοῖς
2616 2498 2822 2549 ἐκεῖνον
2853 2498 3029 2549 εἰπεῖν
3057 2496 3400 2549 παντάπασιν
3428 2497 3838 2563 ἀπογινώσκειν
3871 2495 3965 2549 τοῦ

2404 2583 2749 2653 πράγματος,
2785 2586 2881 2637 καὶ
2926 2585 3191 2654 μηδαμῶς
3241 2587 3355 2647 τοῖς
3400 2584 3715 2650 ἀνεφίκτοις
3758 2586 3972 2652 ἐπιχει-

2407 2675 2541 2743 ρεῖν.
2576 2673 2685 2726 Καί
2714 2691 2795 2726 τοι
2826 2673 2973 2739 ἀξιον
3020 2674 3258 2728 ἐνταῦθα
3303 2675 3602 2743 θαυμάσαι.
3643 2676 3973 2728 Τούναντίον

2404 2766 2513 2853 γάρ
2536 2765 2728 2833 ἐχρῆν,
2756 2767 2821 2836 τῇ
2849 2764 3082 2834 ἀναϐολῇ
3112 2766 3440 2833 δυσχερᾶναι
3469 2766 3599 2829 τοὺς
3619 2765 3847 2835 ἄνδρας,
3875 2770 3976 2820 καὶ

2404 2854 2484 2923 τῷ
2519 2853 2594 2924 μὴ
2626 2854 2848 2923 βεϐαίας
2874 2854 3092 2917 ἐλπίδας
3122 2854 3283 2915 εὐθὺς
3312 2854 3520 2910 λαϐεῖν.

2489 2945 2708 3014 Ἐπειδὴ
2741 2945 2851 3014 γὰρ
2885 2947 3091 3008 ἐκεῖνος
3124 2944 3202 3014 τῷ
3226 2943 3531 3012 τηνικαῦτα
3564 2945 3979 3013 χαλεπωτάτοκ

2408 3035 2567 3107 εἴπερ
2600 3037 2730 3091 ποτέ
2769 3040 2879 3099 τοῖς
2915 3038 3237 3106 πράγμασιν
3282 3037 3566 3106 ἐκέχρητο,
3603 3037 3712 3089 ἔδει
3754 3038 3979 3100 πάντως

2408 3128 2605 3189 αὐτοὺς
2633 3127 2877 3197 θαρρεῖν,
2901 3128 2976 3195 ὡς
3005 3127 3390 3195 ἀσμενέστατα
3412 3126 3657 3191 δέξεσθαι
3682 3127 3811 3190 τοὺς
3837 3129 3980 3197 παρ’

2410 3219 2588 3273 αὐτῶν
2614 3219 2826 3285 λόγους.
2860 3220 2921 3272 Oi
2949 3218 3029 3283 δὲ,
3057 3219 3131 3280 ὡς
3160 3219 3323 3282 ἐοικε,
3361 3218 3424 3271 τὸ
3457 3218 3557 3288 μέν
3587 3218 3679 3273 ἐπὶ
3705 3220 3984 3281 τοιούτοις

756 3315 854 3367 lius
886 3315 1002 3368 ausi
1033 3326 1219 3371 essent
1267 3319 1415 3373 adire
1444 3328 1608 3386 atque
1640 3323 1813 3388 affari,
1845 3324 2099 3379 inflexum
2140 3342 2303 3395 repu-
2331 3314 2374 3372 ο
2408 3325 2418 3360 τ

2331 3314 2374 3372 C
2408 3308 2732 3379 προσελθεῖν
2766 3308 2862 3361 καλ⁵
2894 3307 3247 3377 διαλεχθῆναι
3274 3306 3548 3376 τολμῆσαι
3578 3306 3688 3359 ἀπὸ
3726 3306 3821 3358 τοῦ
3851 3322 3985 3359 και-

758 3416 937 3460 tantes
964 3422 1025 3460 ac
1062 3409 1547 3465 tolerantissimum
1580 3414 1679 3467 viri
1719 3416 1978 3476 animum.
2014 3421 2312 3473 comentio-

755 3513 981 3565 sumun
1012 3515 1074 3552 ac
1112 3514 1388 3569 asperum,
1442 3503 1599 3572 plane
1647 3507 1909 3572 putabant
1955 3506 2089 3571 fore,
2139 3520 2195 3562 ut
2232 3518 2314 3564 te-

758 3591 1058 3645 meritatem
1095 3607 1158 3645 ac
1197 3594 1410 3646 inanem
1449 3595 1673 3662 gloriam
1707 3597 1903 3652 decoro
1935 3614 1996 3652 ac
2026 3600 2140 3653 utili
2174 3616 2313 3668 pra:-

762 3680 1004 3732 ltabcnda
1036 3689 1266 3747 putaret.
1306 3680 1510 3735 Idcirco
1548 3681 1795 3738 lubentes
1834 3696 2158 3752 acceperunt
2182 3700 2315 3738 con-

761 3769 1007 3821 stitnlum
1050 3771 1367 3836 terminum,
1425 3770 1679 3839 quodque
1746 3788 1851 3826 non
1896 3775 2075 3828 statim
2137 3775 2202 3828 ab
2251 3788 2316 3828 eo

762 3862 1319 3930 attdissent.quwrere
1350 3863 1456 3923 lupi
1482 3863 1614 3915 alas.
1651 3864 1743 3916 Sic
1768 3878 1898 3933 ergo
1924 3865 2162 3920 confusis
2204 3867 2319 3918 ani-

764 3954 892 4019 mis,
925 3954 1073 4008 dubii
1106 3954 1179 4019 de,
1226 3953 1409 4008 futuro
1438 3954 1514 4007 rei
1561 3954 1684 4017 line,
1724 3956 1994 4009 abierunt.
2037 3957 2127 4010 Ille
2156 3973 2318 4026 porro

763 4063 954 4100 eorum
1013 4047 1344 4100 voluntatem
1424 4047 1738 4115 alacresque
1786 4048 1838 4101 in
1899 4065 2009 4103 rem
2082 4050 2318 4115 animos,

766 4142 959 4209 ingens
992 4140 1228 4192 oblatum
1279 4150 1449 4202 ratus,
1499 4141 1703 4208 gratias
1755 4139 1969 4193 Christo
2014 4141 2317 4195 auxilianti.

768 4232 913 4285 Sane
948 4231 1163 4299 quidem
1203 4230 1253 4283 in
1294 4245 1388 4284 eos
1418 4230 1603 4284 audire
1630 4239 1975 4299 erumpentes
2018 4248 2320 4297 sermones,

769 4324 1040 4392 impendio
1065 4324 1423 4386 desid:-rabat,
1455 4338 1515 4376 ea
1540 4338 1597 4377 se
1635 4324 1939 4387 occasione,
1972 4338 2066 4377 vos
2100 4338 2323 4390 sperans

769 4419 1121 4472 liberaturum
1159 4430 1188 4468 a
1223 4402 1577 4483 praesentibus
1636 4416 1814 4477 malis,
1859 4429 1923 4468 ac
1973 4416 2061 4479 iis,
2106 4430 2226 4483 quae
2267 4415 2321 4468 in

769 4511 1050 4579 procinctu
1088 4508 1333 4561 timorem
1379 4506 1646 4561 faciebant
1676 4524 1689 4560 :
1722 4505 1863 4574 quod
1907 4506 2064 4574 plane
2094 4507 2162 4559 ita
2199 4519 2323 4559 eve-

770 4602 873 4663 nit.
930 4599 1112 4654 divina
1197 4597 1411 4652 coalitus
1465 4598 1635 4665 gratia
1698 4609 1954 4651 conatum
2012 4596 2320 4663 adjuvante.

771 4692 925 4756 Quod
958 4702 1137 4743 tamen
1180 4703 1276 4743 eos
1306 4687 1378 4741 rei
1409 4688 1633 4756 cupidos
1675 4688 1861 4747 sciret.
1929 4685 2144 4738 nolebat
2188 4699 2324 4752 pra:-

774 4783 1011 4849 tendere,
1048 4790 1109 4835 ut
1152 4795 1218 4834 ne
1249 4779 1351 4834 hoc
1386 4781 1602 4849 gloriari
1652 4779 1825 4839 daret,
1881 4786 2134 4845 tanquam
2179 4776 2328 4827 vidc-

772 4889 925 4931 retur
984 4875 1098 4943 ipse
1138 4870 1416 4932 invitasse,
1464 4869 1539 4922 uti
1598 4870 1737 4921 solet
1774 4869 1826 4921 in
1858 4869 1925 4920 iis
1956 4881 2096 4935 quos
2126 4866 2329 4919 scimus

772 4965 1107 5019 defunctorie
1160 4963 1310 5016 velle.
1360 4960 1512 5026 Quod
1560 4961 1742 5028 itaque
1787 4960 1839 5012 in
1868 4960 2006 5014 votis
2056 4966 2190 5019 erat.
2233 4971 2331 5011 nec

777 5057 1011 5112 habebat
1040 5067 1096 5109 ut
1125 5054 1384 5113 efﬁceret.
1424 5060 1482 5107 ut
1533 5052 1790 5105 nimirum
1848 5051 2056 5118 priores
2110 5048 2185 5101 illi
2219 5066 2245 5099 a
2274 5060 2332 5101 se

778 5152 1101 5218 inciperent,
1134 5147 1236 5200 hoc
1268 5154 1458 5211 sponte
1497 5144 1696 5197 factum
1728 5143 1942 5207 videns,
1975 5154 2093 5195 eam
2136 5139 2211 5193 rei
2241 5155 2332 5191 ex-

776 5243 1129 5311 peditionem,
1174 5235 1249 5290 uti
1307 5249 1402 5301 par
1461 5243 1597 5295 erat,
1647 5233 1999 5301 providentiae
2056 5227 2328 5296 ascripsit.

776 5331 889 5386 Nisi
933 5345 1064 5386 sane
1095 5344 1183 5383 res
1234 5328 1380 5381 bene
1401 5340 1466 5380 ac
1499 5339 1564 5379 ex
1614 5324 1798 5377 animo
1856 5324 2023 5377 beatae
2064 5318 2337 5374 memoriae

777 5425 895 5478 viro
926 5420 1305 5485 successisset,
1340 5419 1534 5473 merito
1561 5417 1767 5471 veritus
1796 5430 1973 5489 essem
2014 5413 2094 5468 sic
2124 5410 2337 5479 simpli-

776 5519 937 5578 citer,
976 5514 1051 5578 uti
1100 5514 1351 5582 superius
1401 5526 1531 5566 usus
1574 5524 1714 5569 sum,
1745 5507 1903 5561 verba
1932 5518 2192 5573 usurpare
2224 5519 2239 5555 :
2276 5516 2339 5555 ac

780 5622 954 5674 neque
998 5610 1116 5673 ejus
1148 5604 1345 5657 bonum
1378 5601 1701 5656 desiderium
1728 5597 1976 5659 dicturus
2015 5610 2163 5649 erant
2198 5611 2212 5647 :
2246 5594 2340 5647 bo-

770 5700 935 5762 num,
993 5697 1237 5765 inquam,
1269 5704 1330 5749 ut
1378 5701 1587 5763 spectes
1620 5702 1853 5759 tempus,
1892 5703 2013 5743 cum
2066 5700 2175 5754 quo
2215 5692 2342 5737 sunt

779 5788 961 5842 omnia
1010 5787 1197 5840 bona:
1244 5799 1342 5838 nec
1401 5797 1528 5833 vero
1576 5789 1635 5833 ut
1665 5780 1852 5849 ingens
1912 5775 2041 5828 illud
2102 5774 2338 5827 oblatum

778 5878 1197 5935 existimandum
1234 5882 1379 5932 csstt
1416 5891 1430 5941 ;
1463 5873 1602 5944 qnoJ
1646 5870 1850 5927 scilicet
1904 5867 2119 5921 Fratres
2177 5863 2278 5932 ipsi
2311 5879 2340 5917 a

2416 3398 2509 3469 ροῦ
2541 3401 2636 3451 καὶ
2675 3397 2784 3450 τῶν
2834 3398 3178 3468 πραγμάτων
3225 3397 3502 3463 λαϐόντες,
3533 3397 3595 3450 τδ
3628 3398 3701 3451 ρδὲ
3752 3397 3986 3459 ἀκλινὲς

2414 3490 2510 3543 καὶ
2570 3489 3049 3559 καρτερικώτατον
3116 3489 3326 3542 ἐκείνου
3388 3488 3690 3556 φιλόνεικὸν
3756 3505 3816 3540 τε
3877 3490 3987 3541 καὶ

2417 3580 2652 3651 σκληρὸν
2684 3582 3026 3650 νομίσαντες,
3046 3578 3215 3652 ᾤοντο
3238 3577 3513 3650 δήπουθεν
3533 3582 3692 3633 αὐτὸν
3713 3580 3773 3633 τὸ
3802 3580 3989 3634 abea-

2414 3671 2500 3734 δές
2546 3689 2604 3723 τε
2641 3672 2734 3724 καὶ
2769 3669 3043 3736 κενόδοξον
3080 3672 3173 3724 τοῦ
3213 3670 3379 3723 καλοῦ
3430 3688 3488 3723 τε
3534 3672 3628 3724 καὶ
3663 3671 3988 3739 συμφέρον-

2416 3780 2507 3827 τος
2558 3764 3023 3834 προτιμήσεσθαι.
3074 3764 3183 3816 Καὶ
3227 3763 3315 3818 διὰ
3348 3762 3507 3815 τοῦτο
3552 3765 3651 3831 τὴν
3700 3762 3989 3833 ἀναϐολὴν

2417 3856 2800 3925 ησμενίσαντο,
2850 3856 2946 3907 καὶ⁵
2993 3855 3054 3908 τὸ
3104 3856 3180 3924 μὴ
3236 3856 3459 3917 τούτους
3494 3854 3791 3922 ἀκηκοέναι
3838 3853 3989 3924 παρ’

2418 3945 2606 4007 αὐτοῦ,
2639 3945 2801 3998 λύκου
2837 3945 3011 4013 πτερὰ
3044 3944 3246 4013 ζητεῖν.
3281 3944 3343 3998 Οί
3377 3944 3475 4011 μὲν
3506 3939 3597 3997 οὖν
3631 3943 3799 4003 οὕτως
3826 3943 3994 4013 ἐχου-

2418 4053 2509 4099 τες
2538 4036 2980 4105 συγκεχυμένους
3003 4036 3127 4098 τοὺς
3157 4034 3474 4103 λογισμοὺς,
3507 4036 3633 4103 περὶ
3663 4033 3753 4087 τοῦ
3780 4033 3991 4096 τέλους

2420 4125 2877 4195 ἀμφιϐάλλοντες,
2905 4123 3247 4193 ἀπήλλαξαν
3277 4125 3303 4175 ὁ
3332 4123 3387 4175 δέ
3412 4122 3510 4193 τὴν
3542 4122 3741 4175 τούτων
3776 4122 3994 4193 βούλῃ-

2424 4236 2529 4284 σιν,
2566 4219 2659 4271 καὶ
2688 4218 2749 4271 τὸ
2781 4218 2907 4284 περὶ
2942 4219 3173 4286 πρᾶγμα
3208 4214 3522 4284 προθύμους
3556 4212 3712 4274 εἶναι,
3740 4213 3898 4282 ἐρμα
3912 4234 3995 4267 ιον

2422 4310 2792 4379 ἡγησάμενος,
2839 4307 3176 4375 ἀνωμολόγει
3228 4307 3455 4376 χάριτας
3498 4306 3577 4374 τῷ
3621 4306 3993 4373 συνεργοῦντι

2424 4400 2656 4469 Σωτῆρι.
2699 4398 2995 4467 Ἐπεθύμει
3026 4398 3128 4463 μὲν
3157 4398 3263 4466 γὰρ
3294 4399 3500 4457 ἐκεῖνος
3526 4398 3602 4457 είς
3632 4397 3824 4448 τούσδε
3858 4400 3997 4460 τοὺς

2423 4488 2614 4556 λόγους
2642 4488 2838 4551 ἐλθεῖν,
2866 4488 3101 4549 ἐλπίζων
3132 4486 3238 4538 ἀπὸ
3259 4486 3465 4538 τούτων
3495 4487 3639 4554 ὑμᾶς
3666 4487 3997 4549 ἀπαλλάξαι

2424 4578 2743 4646 δυνήσεσθαι
2796 4576 2905 4629 τῶν
2956 4592 3017 4628 τε
3052 4576 3355 4646 παρόντων,
3383 4575 3489 4626 τῶν
3533 4577 3578 4627 θ’
3613 4578 3998 4645 ὑφορωμένων

2427 4669 2636 4722 δεινῶν*
2678 4668 2866 4735 ὥσπερ
2915 4665 3006 4720 οὖν
3058 4667 3154 4743 καὶ
3198 4665 3444 4732 γέγονεν,
3488 4666 3778 4734 οὐρανόθεν
3836 4666 3998 4726 θείας

2427 4760 2647 4829 χάριτος
2697 4758 3183 4827 συνεφαπτομένης
3211 4756 3306 4809 τοῦ
3354 4758 3772 4825 ἐγχειρήματος.
3814 4756 4000 4807 Γινώο

2431 4868 2572 4905 σκων
2600 4852 2644 4905 δ’
2669 4853 2815 4920 ὅμως
2857 4851 3097 4912 ἐκείνους
3137 4850 3461 4917 ἐφιεμένους
3493 4847 3583 4899 τοῦ
3636 4847 3999 4914 πράγματος,

2428 4943 2529 4995 οὑκ
2566 4942 2812 4993 ἐϐούλετο
2844 4942 3148 5009 προτεῖναι,
3181 4941 3275 4993 καὶ
3311 4939 3488 5007 ταύτῃ
3541 4937 3724 4989 δοῦναι
3756 4937 4004 4998 τούτους

2431 5031 2800 5092 πλεονεκτεῖν,
2833 5028 2909 5098 τῷ
2943 5030 3123 5082 δοκεῖν
3168 5025 3630 5095 παρακαλεῖσθαι’
3656 5024 3746 5076 ὑπ’
3798 5026 4003 5089 αὑτοῦ,

2430 5121 2458 5173 ὃ
2480 5123 2648 5173 ποιεῖν
2669 5118 2941 5187 εἰώθαμεν
2969 5118 3183 5169 ἐπὶτῶν
3215 5116 3290 5186 μὴ
3317 5117 3456 5168 πάνυ
3480 5113 4007 5184 προθύμως.”οπερ

2433 5213 2611 5265 τοίνυν
2649 5209 2901 5263 ἐϐούλετο
2941 5208 3063 5278 μέν,
3103 5208 3202 5261 οὐκ
3252 5204 3366 5276 εἶχε
3401 5207 3446 5259 δ’
3481 5207 3627 5268 ὅπως
3667 5204 4004 5274 ἐργάσεται,

2434 5304 2575 5370 λέγω
2615 5302 2678 5372 δὴ
2708 5302 2766 5352 τὸ
2796 5300 3011 5361 κείνους
3054 5298 3304 5368 πρώτους
3339 5296 3691 5366 ἐνάρξασθαι,
3726 5295 3882 5348 τοῦτ’
3911 5297 4011 5351 αὑ-

2435 5398 2670 5466 τόματον
2701 5394 2824 5447 ἰδὼν
2852 5392 3251 5462 παραγεγονὸς,
3278 5391 3376 5460 τὴν
3407 5389 3677 5452 εικολίαν,
3706 5385 3765 5441 εὖ
3802 5389 4007 5450 ποιῶν,

2435 5492 2501 5558 τῇ
2530 5488 2619 5540 τοῦ
2652 5486 2787 5538 Θεοῦ
2818 5485 3047 5554 προνοίᾳ
3076 5483 3374 5550 λελόγιστο.
3409 5479 3548 5548 Ἐγὼ
3572 5481 3614 5532 δ’
3642 5482 3689 5530 εί
3719 5479 3795 5547 μὴ
3824 5479 4012 5540 καλῶς

2437 5582 2497 5634 τὸ
2528 5581 2759 5649 πρᾶγμα
2787 5576 2970 5644 ἐξέϐη,
3005 5576 3095 5627 καὶ
3130 5574 3272 5627 κατὰ
3303 5572 3448 5637 νοῦν,
3482 5572 3676 5639 ἐκείνῳ
3708 5570 3782 5638 τῷ
3828 5588 4016 5639 μακα-

2443 5673 2588 5743 ρίτῃ,
2630 5668 2852 5722 ἐδεδίειν
2885 5668 2949 5719 ἀν
2985 5667 3210 5729 εἰκότως
3234 5664 3451 5725 -ἀπλῶς
3485 5665 3595 5724 τοῖς
3639 5661 3821 5726 λόγοις
3874 5662 4015 5732 χρή-

2443 5764 2662 5823 σασθαι,
2699 5759 2772 5821 ὼς
2801 5758 2864 5828 δὴ
2892 5756 3218 5823 ’προσλαϐὼν
3249 5755 3591 5824 ἐχρησάμηνο
3620 5753 3712 5804 καὶ
3742 5749 3879 5802 οὒτε
3918 5754 4016 5815 τὴν

2445 5854 2740 5922 ἐπιθυμίαν
2788 5849 2998 5916 ἐκείνου
3043 5848 3141 5917 τὴν
3181 5845 3389 5916 ἀγαθὴν
3423 5841 3575 5898 εἷπον
3626 5843 3712 5896 ἄν·
3764 5840 3922 5906 λέγω
3961 5838 4016 5889 δὲ
