4208 6444
189 446 293 507 257

967 439 1362 500 TIIEODORI
1398 437 1756 497 DESPUTI’E
1789 435 2178 495 LAUDATIO
2223 434 2631 493 FUNEltRlS.

3301 430 3410 491 258

196 556 478 624 ὑμετέρων
505 554 801 621 ἐξέπεμπε,
845 554 1029 613 κακῶς
1076 553 1169 603 καὶ
1227 552 1400 619 λέγων
1431 552 1525 602 καὶ
1555 548 1746 611 ποιῶν,
1784 552 1819 605 Α
1854 562 1858 593 l

1784 552 1819 605 Α
1854 555 1909 597 ut
1950 544 2075 611 quis
2108 553 2346 596 vestrum
2373 544 2689 612 legationen‘i
2719 543 2784 596 de
2810 558 2939 611 pace
2968 543 3032 596 ad
3062 556 3187 595 eum
3208 540 3408 593 obiret.

192 646 334 711 ἀνὴρ
368 641 748 711 ὑδριστὴςῶν.
778 643 850 693 Τὸ
894 643 995 709 μὲν
1020 637 1112 692 οὖν
1158 640 1318 707 ἔργον
1347 640 1441 691 σὺν
1494 638 1613 706 Θεῷ
1653 638 1749 687 πέ-

191 751 292 804 ρας
313 733 526 801 εἰλήφει
560 733 743 784 καλόν”
774 732 868 785 καὶ
893 730 1035 798 ἅπερ
1070 730 1359 800 εὐχόμεθα,
1407 731 1645 796 γέγονεν.
1688 728 1746 780 Ὀ

188 824 244 877 δὲ
282 823 457 884 καλῶς
480 823 857 891 ἐργασάμενος
885 820 1064 889 σωτὴρ
1108 821 1173 873 ἂν
1198 820 1284 889 εἴη
1314 820 1405 871 καὶ
1430 816 1747 885 ὀνομάζοιτο

189 916 307 976 τοῖς
336 915 428 967 ὑπ’
454 914 621 967 αὑτοῦ
651 913 1038 982 σεσωσμένοιςο
1067 913 1157 965 καὶ
1175 912 1379 981 τιμῷτο
1410 906 1538 976 παρ’
1573 909 1749 960 αὐτῶν

193 1010 332 1074 μετὰ
361 1006 421 1058 τδ
470 1006 642 1064 Θεῖον.
687 1003 933 1067 εἰκότως,
978 1004 1071 1056 καὶ
1120 1004 1217 1064 τὰς
1261 1003 1497 1068 μείζους,
1549 1000 1750 1060 αἵτινές

190 1097 312 1149 ποτ’
337 1098 403 1151 ἂν
454 1094 562 1149 εἷεν
591 1097 621 1165 ἢ
654 1095 954 1165 νομίζοιντο
992 1094 1122 1164 παρ’
1165 1094 1492 1163 ἀνθρώποις,
1538 1090 1752 1155 δέξαιτο

188 1207 214 1240 τ
228 1206 373 1259 ιμας.

263 1369 419 1436 Ἔχει
467 1384 549 1429 τις
602 1367 731 1435 ἡμῖν
800 1365 1095 1435 προφέρειν
1152 1363 1251 1433 τὴν
1302 1363 1505 1434 σκηνὴν
1543 1363 1638 1416 καὶ
1684 1362 1745 1414 τὸ

189 1458 552 1525 προσωπεῖον.
588 1458 658 1509 0)
690 1459 795 1525 μήν
830 1472 890 1521 γε
926 1457 1031 1525 ὅτῳ
1068 1456 1284 1525 μέτεστι
1318 1456 1430 1507 νοῦ·
1464 1454 1576 1507 οὐδ’
1603 1455 1658 1515 ὃς
1679 1453 1743 1506 ἂν

184 1545 294 1601 οἶδε
328 1548 534 1617 κρίνειν
558 1548 752 1617 ὀρθῶς,
786 1546 995 1616 βλέπων
1028 1548 1125 1615 οὐχ
1160 1548 1343 1609 ἁπλῶς
1370 1548 1448 1608 είς
1481 1547 1575 1609 τὰς
1603 1546 1743 1614 πρά-

187 1639 323 1702 ξεις,
364 1638 479 1691 ἀλλ’
533 1642 611 1701 είς
660 1642 757 1708 τὴν
800 1638 894 1691 τοῦ
950 1639 1279 1707 πράττοντος
1338 1639 1599 1706 γνώμην·
1651 1639 1745 1692 καὶ

184 1731 325 1792 ὅλως
356 1747 437 1797 γε,
468 1731 537 1782 δι’
559 1724 633 1784 ὧν
667 1728 732 1782 ἂν
761 1731 846 1798 εῖη
900 1730 1063 1782 καλὸν
1094 1734 1326 1798 φανῆναι
1384 1730 1444 1780 τὸ
1471 1728 1620 1790 τέλος
1653 1728 1747 1780 καὶ

188 1821 266 1887 μὴ
293 1818 557 1879 τοιοῦτον,
592 1820 638 1869 εί
680 1818 760 1869 δεῖ
805 1816 1082 1886 συντόμως
1126 1819 1321 1869 εἰπεῖν.
1373 1818 1443 1867 Οὐ
1494 1817 1600 1884 γὰρ
1630 1816 1657 1867 ὅ
1682 1833 1743 1883 γε

186 1908 379 1975 λέληθέ
404 1924 557 1969 τινας
587 1897 986 1976 πραττόμενον,
1009 1905 1152 1958 τοῦτ’
1184 1905 1344 1967 εὐθὺς
1376 1905 1433 1957 ἐν
1460 1922 1565 1957 τινι
1607 1905 1741 1973 μέμ-

184 2000 300 2066 ψει·
332 1999 445 2051 ἀλλ’
478 1998 590 2050 ἐστι
618 2000 710 2051 καὶ
744 1998 1011 2067 κρυϐῆναι
1041 1998 1223 2059 καλὸν,
1271 2000 1376 2049 κὰκ
1404 1997 1511 2049 τῶν
1552 1997 1742 2065 κομιδῆ

185 2091 550 2159 φιλουμένων,
574 2090 691 2143 δέον
714 2090 773 2142 δν
808 2091 952 2143 οὔτω
995 2090 1269 2158 γενέσθαι.
1326 2090 1413 2151 Ὠς
1450 2091 1558 2159 γὰρ
1593 2088 1744 2141 οὐδὲν

184 2180 340 2251 οἶμαι
371 2183 557 2245 καλὸν,
587 2184 680 2235 καὶ
713 2182 820 2235 τῶν
851 2182 923 2246 ὡς
972 2185 1207 2252 μάλιστα
1246 2183 1424 2235 καλῶν
1470 2198 1747 2253 μεμαρτυ-

184 2274 465 2341 ρημένων,
494 2272 586 2326 ἐὰν
618 2273 691 2343 μὴ
724 2274 927 2337 καλῶς,
959 2276 986 2325 δ
1015 2292 1170 2341 φασι,
1199 2276 1442 2343 γένηται·
1483 2271 1622 2326 οὕτω
1651 2273 1745 2325 καὶ

181 2367 369 2422 atina
396 2364 554 2429 καλὰ,
577 2358 651 2416 ὧν
673 2363 738 2416 ἄν
754 2382 836 2426 τις
857 2367 990 2433 μετᾶ
1013 2367 1179 2432 καλῆς
1203 2366 1437 2426 διανοίας
1453 2365 1743 2434 ἐφάψαιτο,

183 2465 238 2515 εἴ
266 2482 350 2525 τις
376 2465 435 2526 ἐς
463 2458 562 2534 τὴν
583 2458 738 2516 τοῦτο
771 2459 999 2529 γνώμην
1028 2460 1199 2530 δρῲή.
1245 2461 1349 2512 Καὶ
1388 2460 1557 2530 ταῦτα
1602 2459 1745 2525 λέγω

182 2556 316 2623 περὶ
344 2555 451 2606 τῶν
497 2556 663 2621 φίλων
687 2570 699 2582 ·
732 2555 860 2622 περὶ
884 2551 991 2623 γὰρ
1024 2553 1134 2605 τῶν
1170 2552 1383 2622 ἐχθρῶν
1432 2552 1484 2604 τί
1515 2552 1620 2622 χρὴ
1649 2553 1745 2605 καὶ

183 2646 392 2712 λέγειν,
428 2644 521 2707 οὒς
550 2645 615 2712 ἢν
664 2645 949 2713 ἀπατήσας
980 2646 1329 2713 τροπώσηταί
1362 2660 1444 2704 τις
1477 2646 1625 2713 νόμῳ
1654 2660 1749 2695 πο-

181 2739 379 2805 λέμου,
444 2737 647 2806 μᾶλλον
701 2739 1025 2801 ἐπαινεῖται,
1078 2738 1109 2806 ἢ
1171 2738 1418 2805 φανερῶς
1468 2740 1746 2803 κρατήσας

181 2828 403 2894 αὑτῶν;
461 2828 681 2889 ἐκείνως
718 2828 816 2896 μὲν
871 2830 980 2897 γὰρ
1029 2826 1227 2896 ζημίας
1262 2829 1386 2881 ἄνευ
1435 2831 1465 2897 ἡ
1520 2828 1641 2895 νίκη
1670 2826 1748 2894 τῷ

182 2917 501 2987 στρατηγίξν
533 2918 673 2969 οὕτω
699 2918 754 2969 δὲ
792 2917 1020 2979 πολλοὺς
1046 2920 1256 2986 ἀνάγκη
1286 2918 1391 2968 τῶν
1438 2916 1582 2967 ίοίων
1612 2918 1749 2967 ἀπο-

181 3011 397 3063 ϐαλεῖν.
431 3011 537 3061 Καί
570 3027 657 3079 μοι
686 3011 822 3078 πρὸς
850 3010 1023 3063 ταῦτα
1066 3012 1451 3078 συμμαρτυρεῖ
1480 3010 1572 3060 καὶ
1605 3009 1746 3059 ίστο-

182 3100 280 3169 ρία
305 3102 396 3153 καὶ
438 3100 675 3169 ποίησις,
712 3102 806 3152 καὶ
837 3102 997 3167 γέμει
1026 3099 1135 3151 τῶν
1183 3099 1437 3153 τοιούτων
1467 3101 1500 3169 ἦ
1538 3118 1596 3152 τε
1632 3101 1749 3171 ἱερὰ

1854 636 2017 690 Scitis
2049 649 2185 703 quos
2212 647 2473 694 vestrum,
2508 635 2647 688 male
2673 635 2852 686 vvrbis
2883 649 2945 685 ac
2981 634 3139 687 rebus
3172 632 3410 692 habitus,

1852 728 1933 780 vir
1987 728 2415 779 contumeliosus
2476 728 2740 779 emiserit.
2780 724 2886 778 Res
2939 738 3088 792 ergo,
3120 724 3226 774 Deo
3273 724 3412 774 bene

1852 818 2093 885 auspice,
2132 818 2330 869 bonum
2404 819 2609 885 accepit
2662 818 2843 877 linem,
2894 814 3201 877 evenitque,
3267 813 3408 879 quod

1853 905 2228 974 precabantur.
2270 906 2374 970 Qui
2409 924 2569 975 porro
2596 909 2673 961 sic
2705 909 2837 960 bene
2872 922 2981 958 rem
2998 905 3184 974 gessit,
3215 918 3403 957 eorum

1857 1000 2049 1054 merito
2072 1001 2256 1053 audiat
2298 1002 2554 1065 salvator,
2604 1000 2801 1069 quibus
2837 1015 2955 1054 eam
2987 1000 3214 1053 salutem
3248 997 3407 1061 fecit;

1854 1103 2014 1159 atque
2056 1104 2175 1159 post
2210 1092 2374 1144 Deum
2410 1094 2477 1145 ab
2521 1092 2599 1146 eis
2658 1094 2975 1154 honorctur,
3037 1092 3402 1155 niajoresque,

1859 1192 1915 1233 ut
1947 1182 2038 1234 ulli
2088 1184 2223 1235 tales
2277 1184 2557 1235 hominum
2600 1183 2779 1234 studio
2811 1181 3009 1234 fuerint
3039 1194 3276 1247 unquam
3318 1187 3411 1229 aut

1853 1282 2131 1342 putentur,
2176 1276 2411 1331 honores
2433 1274 2681 1341 accipiat.

1923 1364 2003 1417 Sit
2035 1380 2159 1418 vero
2198 1367 2290 1432 qui
2332 1377 2591 1434 opponat.
2637 1365 2870 1433 quadam
2936 1378 3045 1415 rem
3092 1361 3409 1431 deceptione

1849 1464 2052 1525 gestam
2092 1472 2153 1511 ac
2184 1472 2274 1524 per
2302 1472 2543 1509 scenam.
2566 1456 2717 1508 llaud
2742 1454 3015 1507 enimvero
3042 1456 3236 1521 utqttis
3264 1468 3409 1504 same

1851 1545 1915 1597 sit
1950 1547 2147 1598 mentis
2188 1560 2251 1598 ac
2311 1554 2455 1599 recte
2491 1547 2815 1597 sententiam
2870 1544 3014 1597 ferre
3074 1544 3213 1598 sciat
3263 1560 3277 1608 ;
3315 1544 3405 1612 qui

1854 1635 2135 1696 nimirum,
2171 1635 2365 1688 nedum
2418 1637 2739 1704 simpliciter
2764 1638 2815 1689 in
2858 1651 2941 1689 res
2982 1651 3102 1704 quae
3136 1644 3394 1704 aguntur,

1853 1726 1945 1780 sed
1977 1737 2031 1779 et
2061 1727 2274 1779 abunde
2306 1730 2358 1779 in
2394 1728 2630 1779 animum
2674 1729 2907 1797 agentis,
2956 1742 3020 1781 ac
3072 1728 3298 1781 omnino
3350 1735 3407 1779 ιιι

1851 1819 2015 1871 verbo
2045 1818 2247 1881 dicam,
2302 1818 2355 1871 in
2419 1835 2504 1881 ea,
2555 1820 2753 1887 quibus
2813 1820 2933 1873 linis
2979 1820 3173 1872 habeat
3236 1819 3404 1872 videri

1847 1910 2041 1974 bonus,
2078 1920 2172 1962 aut
2207 1925 2311 1962 non
2340 1912 2541 1974 bonus,
2596 1911 2972 1980 aspiciendum
3006 1913 3226 1965 sentiat.
3296 1909 3407 1964 Nec

1846 2001 1989 2053 enim
2031 2001 2185 2070 Cujus
2214 2002 2433 2068 gerendi
2469 2004 2609 2056 ratio
2644 2009 2905 2072 quosdam
2932 2004 3083 2067 latet,
3112 2006 3162 2056 in
3193 2002 3401 2057 crimen

1847 2093 2025 2146 statim
2080 2095 2378 2148 vocandum
2400 2096 2471 2149 sit
2502 2112 2516 2148 :
2558 2096 2688 2159 quin
2724 2097 2788 2150 iis
2813 2112 3048 2165 quoque,
3087 2111 3223 2165 quos
3252 2095 3407 2149 valde

1846 2184 2047 2237 amicos
2082 2185 2365 2249 habemus,
2392 2200 2783 2255 nonnunquam
2815 2186 3098 2240 consilium
3131 2186 3405 2238 occultare

1847 2282 2088 2342 praastet.
2124 2272 2192 2326 Ut
2236 2274 2379 2326 enim
2420 2274 2552 2327 nihil
2577 2275 2800 2341 bonum,
2861 2277 2941 2329 vel
2980 2275 3025 2329 si
3079 2276 3229 2329 dicas
3285 2290 3406 2343 qua:

1848 2364 2081 2417 maxime
2111 2373 2373 2432 putantur
2408 2367 2566 2421 bona.
2594 2366 2695 2419 nisi
2751 2376 2806 2419 ut
2851 2366 3026 2429 aiunt,
3062 2366 3198 2420 bene
3250 2367 3342 2419 llat
3392 2382 3403 2416 :

1848 2459 1927 2512 sic
1972 2468 2025 2512 et
2076 2459 2257 2513 omnia
2317 2460 2455 2513 bona
2512 2461 2843 2523 existimem,
2884 2469 3037 2513 utea
3081 2460 3203 2529 quis
3264 2460 3407 2512 bono

1848 2550 2033 2604 animo
2050 2552 2400 2619 aggrediatur
2442 2568 2456 2615 ;
2490 2552 2939 2621 quodhinquam,
2963 2553 3029 2606 ad
3087 2554 3204 2619 ejus
3237 2550 3406 2604 animi

1848 2642 2185 2711 propositum
2242 2643 2456 2695 attinet.
2520 2641 2645 2695 llwc
2707 2643 2853 2708 dico,
2907 2644 3049 2712 quod
3104 2652 3309 2711 spectat
3341 2645 3405 2695 ad

1849 2736 2103 2790 amicos:
2151 2736 2277 2803 quid
2343 2735 2485 2787 enim
2535 2735 2602 2788 de
2634 2735 2884 2789 hostibus
2922 2736 3065 2789 dicto
3127 2736 3200 2789 sit
3252 2750 3406 2803 Opus,

1847 2844 1985 2897 quos
2017 2828 2213 2897 utquis
2235 2827 2450 2880 licentia
2470 2827 2661 2880 bellica
2686 2826 3038 2895 decipiensiu
3072 2827 3254 2895 fugam
3288 2837 3411 2895 agat

1850 2920 2167 2987 fundatque,
2204 2919 2462 2986 majorem
2496 2930 2860 2987 consequatur
2914 2920 3163 2987 gloriam,
3244 2936 3406 2988 quam

1852 3018 1909 3062 ut
1941 3019 2130 3078 aperto
2178 3020 2350 3063 marte
2401 3011 2720 3073 decernens,
2773 3010 3012 3063 obtineat
3062 3013 3205 3079 quod
3265 3015 3410 3080 prior

1855 3099 2069 3165 quidem
2108 3100 2352 3159 victoria,
2399 3098 2542 3151 nulla
2575 3098 3123 3167 jacturaimperatori
3157 3110 3407 3163 constt-t;

182 3191 384 3261 Γραφὴ
406 3192 500 3243 καὶ
527 3194 591 3243 τὰ
614 3192 721 3243 τῶν
755 3193 1000 3262 ῥητόρων
1029 3193 1119 3244 καὶ
1138 3192 1441 3260 φιλοσόφων
1459 3195 1752 3261 ,συγγράμ-
1777 3197 1822 3259 α

1742 3197 1822 3259 -ρ
1855 3190 1919 3242 ad
1990 3190 2344 3257 posteriorem
2396 3198 2576 3242 autem
2639 3204 2864 3243 necesse
2924 3190 3118 3243 habeat
3184 3208 3404 3245 suorum

184 3300 359 3351 ματα.
395 3282 517 3334 Ὀτι
545 3282 599 3333 δὲ
623 3282 715 3333 καὶ
742 3282 876 3348 πρὸς
911 3283 1035 3343 τοὺς
1066 3282 1164 3333 οὐκ
1192 3283 1413 3351 ἐχθροὺς
1447 3283 1603 3344 ὄντας
1634 3284 1745 3345 ἔξει

183 3392 274 3425 στι
304 3372 545 3425 τοιοῦτόν
574 3389 628 3424 τι
670 3372 949 3440 πράττειν,
988 3374 1015 3425 ὁ
1060 3372 1171 3441 βίος
1218 3367 1370 3436 οὗτος
1422 3373 1565 3436 ἄπας
1600 3374 1744 3427 συνί-

183 3478 402 3529 στησιν.
428 3459 582 3514 Οὕτω
614 3461 720 3529 γὰρ
745 3460 838 3512 καὶ
867 3462 1060 3530 ἰατροὶ,
1080 3462 1172 3513 καὶ
1197 3462 1393 3523 πάντες
1419 3459 1497 3523 οἷς
1529 3462 1745 3531 βοηθεῖν

180 3558 339 3606 ἐστιν
386 3552 565 3623 ἔργον,
616 3552 873 3614 πολλάκις
922 3553 1360 3620 διαπράττονται,
1396 3552 1457 3604 τὸ
1503 3555 1745 3605 συνοῖσον

180 3643 546 3711 ἐργαζόμενοι
582 3644 757 3696 πάντα
787 3646 1021 3714 τρόπον·
1054 3645 1147 3695 καὶ
1180 3643 1359 3712 εὕροις
1391 3645 1456 3697 ἂν
1504 3645 1744 3712 ζητήσας

183 3736 513 3802 προσωπεῖα
545 3734 934 3803 περιθεμένους
968 3735 1067 3786 οὐκ
1116 3734 1331 3800 ὀλίγους
1375 3734 1482 3785 τῶν
1512 3735 1748 3803 ἀρίστων

178 3824 418 3893 ἀνδρῶν,
439 3824 582 3875 ὥστε.
610 3825 880 3893 μεγίστων
901 3824 996 3877 καὶ
1020 3825 1301 3894 προδήλων
1332 3825 1514 3877 κακῶν
1551 3825 1682 3894 ρυσθ
1696 3827 1752 3892 ἧ-

179 3930 297 3978 ναι,
337 3915 433 3965 καί
464 3932 566 3965 που
599 3916 693 3966 καὶ
734 3918 917 3982 τυχεῖν
947 3915 1190 3981 ἀγαθῶν,
1235 3916 1401 3984 χωρὶς
1435 3915 1527 3967 τοῦ
1560 3933 1752 3982 πειρα-

181 4007 353 4073 θῆναι
403 4006 590 4057 δεινῶν
634 4006 876 4067 ἐκείνους
909 4007 1034 4070 τοὺς
1067 4008 1126 4059 οὐ
1183 4007 1366 4069 κακῶς
1399 4006 1751 4077 ἐξηπατημέ-

178 4116 333 4161 νους,
367 4097 552 4165 φίλους
586 4113 650 4164 γε
676 4096 855 4154 ὄντας.

1852 3280 2034 3348 plures
2068 3282 2334 3334 amittere.
2364 3280 2544 3333 Habeo
2570 3282 2765 3334 asserti
2799 3292 3057 3349 patronos
3092 3297 3212 3334 cum
3234 3282 3410 3336 histo-

1853 3372 2012 3436 riam,
2054 3380 2164 3424 tum
2207 3374 2407 3440 poesim
2435 3388 2449 3437 ;
2477 3383 2710 3441 suntque
2742 3372 2896 3441 plena
2931 3372 3197 3441 ejusmodi
3224 3388 3410 3427 exem-

1854 3462 1954 3529 plis
1976 3477 2097 3514 cum
2132 3462 2413 3529 Scriptura
2442 3478 2618 3523 sacra,
2666 3471 2780 3515 tum
2818 3471 3097 3517 oratorum
3136 3480 3199 3517 ac
3224 3464 3403 3533 philo-

1852 3556 2145 3620 sophorum
2184 3554 2409 3619 scripta.
2464 3550 2529 3605 Ut
2559 3562 2738 3607 autem
2793 3553 2846 3606 in
2905 3569 2998 3608 eos
3044 3569 3256 3623 quoque
3315 3555 3407 3623 qui

1851 3659 1957 3695 non
1992 3655 2117 3701 sunt
2148 3645 2329 3697 hostes
2353 3643 2555 3711 aliquid
2596 3644 2865 3712 ejusmodi
2917 3647 3188 3700 committi
3222 3646 3411 3709 possit,

1848 3736 2136 3786 universus
2170 3734 2349 3787 szeeuli
2396 3748 2529 3787 usus
2584 3736 2890 3790 conﬁrmat.
2931 3736 3022 3790 Sic
3066 3737 3210 3790 enim
3252 3736 3410 3789 etiam

1849 3826 2067 3884 medici,
2105 3839 2167 3878 ac
2218 3825 2457 3879 universi
2491 3825 2682 3894 juvare
2747 3826 3032 3887 habentes,
3095 3827 3235 3880 haud
3287 3842 3413 3879 raro

1850 3918 2105 3981 habeant,
2142 3918 2274 3969 nihil
2310 3933 2417 3968 non
2452 3928 2695 3985 agentes,
2730 3926 2787 3969 ut
2818 3918 2961 3985 quod
2995 3919 3067 3971 sit
3124 3920 3278 3979 utile,
3332 3918 3409 3969 fa—

1852 4011 1999 4063 ciant
2038 4018 2247 4077 ;atque
2301 4016 2359 4061 ut
2408 4008 2632 4075 adjicias
2684 4008 2948 4071 animum,
3006 4010 3250 4061 invenias
3302 4025 3407 4059 nun

1854 4116 2055 4169 paucos
2086 4099 2231 4152 viros
2295 4098 2552 4166 optimos,
2598 4114 2852 4165 persnnas
2890 4109 3253 4159 assumentt-s,
3309 4114 3415 4163 quo

179 4193 286 4248 sibi
324 4193 464 4245 bene
491 4192 743 4259 deceptos
764 4190 968 4244 amicos
1014 4204 1043 4243 a
1071 4190 1323 4243 maximis
1347 4204 1409 4243 ac
1455 4190 1754 4258 perspicuis
1798 4193 1954 4246 malis
2017 4192 2231 4261 possint
2296 4191 2525 4259 eripere.
2582 4198 2742 4257 atque
2803 4203 2859 4243 ut
2940 4191 3013 4243 ilti
3060 4192 3272 4245 tandem
3315 4194 3415 4245 uli-

179 4283 409 4353 quando
440 4284 699 4337 malorum
718 4283 957 4352 periculo
972 4284 1231 4351 exempti,
1259 4285 1400 4336 bona
1446 4286 1745 4338 obtineant.

256 4379 337 4429 Οὐ
374 4374 481 4444 μὴν
510 4375 643 4427 ἀλλὰ
673 4376 768 4427 καὶ⁸
799 4374 1026 4437 πολλούς
1054 4392 1205 4436 τινας
1235 4375 1475 4442 ἀγαθοὺς
1505 4377 1597 4427 καὶ
1630 4377 1753 4430 νοῦν

181 4469 419 4537 ἔχοντας
473 4467 605 4529 ῖδοις
672 4467 740 4519 ἂν
791 4466 999 4536 ἑτέροις
1061 4466 1459 4536 παραινοῦντας
1528 4468 1755 4521 τοιαῦτα

1932 4375 2037 4430 Sed
2070 4385 2121 4427 et
2150 4374 2291 4426 viros
2324 4374 2506 4441 plures
2538 4372 2675 4442 frugi
2729 4389 2791 4427 ac
2824 4375 3109 4443 prudentia
3153 4386 3419 4441 praestau-

1863 4477 1962 4526 tes.
1991 4466 2234 4532 litecipsa
2269 4466 2389 4517 aliis
2406 4466 2693 4517 consulere
2734 4466 2938 4529 videas,
2975 4482 3094 4518 cum
3135 4483 3217 4518 res
3240 4468 3412 4522 ferat:

181 4562 480 4629 πράττειν,
512 4556 653 4609 οὕτω
684 4557 882 4626 δεῆσαν
910 4573 921 4584 ·
961 4558 1053 4609 καὶ
1081 4556 1147 4609 αὖ
1178 4559 1394 4627 ἐτέρους
1444 4556 1582 4609 οὕτω
1618 4558 1750 4611 θαυ-
1787 4592 1830 4645 D

1749 4594 1750 4597 η
1787 4592 1830 4645 D
1861 4560 2047 4628 sicque
2081 4557 2217 4609 alios
2265 4556 2520 4609 demit-ari
2552 4557 2643 4624 qui
2678 4557 2757 4610 sic
2803 4558 3033 4625 egerint,
3076 4569 3133 4610 ut
3164 4570 3210 4611 et
3267 4573 3411 4627 gesta

186 4650 478 4720 μάζοντας
528 4649 655 4709 τοὺς
704 4650 1151 4717 ἐργασαμένους,
1189 4648 1262 4710 ὡς
1312 4649 1403 4700 καὶ⁸
1458 4651 1747 4717 συγγραφῇ

184 4740 536 4810 παραδοῦναι
561 4740 631 4792 τὰ
657 4739 1042 4807 πεπραγμένα.
1090 4739 1218 4791 Ὅτε
1265 4739 1444 4790 τοίνυν
1473 4738 1625 4791 ταῦθ’
1658 4738 1748 4790 οὓ-

179 4850 295 4895 τως
330 4832 466 4899 ἔχει,
501 4831 595 4883 καὶ
635 4828 863 4891 πολλοὺς
898 4830 1214 4897 κεκτήμεθα
1240 4811 1350 4881 τῶν
1389 4848 1445 4882 τε
1477 4831 1755 4899 νεωτέρων

180 4924 282 4977 καὶ
312 4920 425 4973 τῶν
470 4918 840 4989 παλαιοτέρων
874 4918 1084 4982 πολλοῖς
1127 4937 1236 4972 τισι
1272 4921 1491 4988 τρόποις
1528 4938 1757 4991 συνηγο-

185 5015 426 5082 ροῦντας
461 5010 539 5077 τῷ
582 5011 1159 5081 πράγματι,,δηλονότι
1194 5012 1253 5061 τὸ
1287 5014 1556 5081 ἡμέτερον
1599 5014 1757 5064 τοῦτο

178 5107 403 5175 δρᾶμα,
444 5103 641 5172 ἄριστα
686 5102 784 5171 μὲν
825 5101 1123 5171 διανοηθὲν,
1170 5102 1365 5168 ἄριστα
1396 5102 1449 5154 δὲ
1492 5103 1753 5171 πραχοὲν,

178 5199 390 5265 ἄριστα
416 5194 471 5245 δὲ
506 5188 699 5258 ἐκὸἁν,
730 5195 791 5245 οὐ
825 5194 987 5261 μόνον
1009 5190 1262 5244 οὐδὲν⁶ἂν
1294 5194 1517 5254 είκίτως
1547 5194 1756 5255 δέξαιτο

182 5288 427 5357 μέμψιν,
458 5284 589 5336 ἀλλὰ
614 5285 707 5336 καὶ
744 5283 867 5342 τοὺς
903 5283 1123 5348 μείζους
1174 5284 1452 5341 ἐπαίνους.
1500 5284 1757 5353 Ὠφέλησε

182 5380 287 5445 μὲν
330 5378 441 5443 γὰρ
470 5375 638 5442 ὑμᾶς,
664 5373 864 5441 sane:
894 5373 948 5426 δὲ
977 5375 1103 5434 τοὺς
1134 5372 1385 5441 ἐχθροὺς,
1418 5376 1542 5437 τοὺς
1587 5377 1639 5428 δὲ
1675 5379 1761 5443 φί-

179 5471 315 5529 λους
350 5466 500 5519 οὐδὲν
533 5465 861 5534 ἐζημίωσεν.
918 5464 1093 5515 Ὀκνῶ
1124 5466 1229 5533 γὰρ
1257 5465 1451 5527 εἰπεῖν,
1485 5466 1559 5527 ὡς
1590 5467 1681 5517 καί
1709 5485 1759 5520 τι

183 5558 653 5630 προσεκέρδανον,
675 5558 829 5608 αὐτοὶ
857 5557 952 5621 μὲν
971 5555 1119 5615 ὅντες
1141 5558 1190 5606 οί
1216 5556 1306 5616 τὰ,
1330 5556 1574 5620 δαπάνας
1602 5576 1760 5627 ποιη-

185 5654 429 5718 62.1.1.3th
454 5648 563 5699 τῶν
606 5646 863 5709 ὁπλιτῶν,
910 5646 1017 5696 τῶν
1054 5649 1316 5714 τριήρων,
1344 5647 1451 5697 τῶν
1482 5648 1655 5700 ἄλλων
1689 5642 1761 5701 ὧν

182 5740 483 5796 ἐϐούλοντο
536 5739 785 5790 πάντωνο
832 5738 983 5789 αὐτοὶ
1017 5738 1073 5789 δὲ
1111 5738 1269 5789 πάλιν
1321 5740 1368 5789 οἱ
1425 5739 1762 5807 λογιζόμενοι

186 5833 426 5894 ταύτας,
472 5831 543 5891 ὡς
600 5826 665 5898 ἦν
720 5828 903 5891 αὐτοῖς
962 5827 1328 5896 βουλομένης,
1366 5828 1541 5898 ἆτττ;ρ
1600 5832 1763 5898 ἡμεῖς

1858 4652 1911 4704 in
1940 4647 2360 4704 commentarios
2401 4646 2658 4701 referant.
2685 4650 2818 4700 Cum
2853 4648 2931 4700 sic
2960 4665 3087 4715 ergo
3117 4651 3227 4702 haec
3250 4651 3416 4703 halm-

1855 4752 1969 4805 aut,
2001 4742 2263 4809 multique
2301 4741 2457 4795 nobis
2498 4755 2620 4793 cum
2647 4742 2994 4801 recentiores,
3035 4750 3147 4792 tum
3182 4743 3413 4808 antiqui,

1858 4832 2042 4885 multis
2098 4831 2459 4898 astipuleutur
2517 4829 2714 4891 modis,
2772 4828 2988 4896 planum
3042 4829 3120 4891 lit,
3173 4840 3412 4881 nostram

1859 4923 2123 4985 fabulam,
2159 4923 2365 4991 optime
2401 4921 2619 4990 quidem
2671 4919 3041 4980 adiuventam,
3107 4922 3416 4988 optimeque.

1859 5014 2053 5076 lusam,
2086 5014 2398 5080 optimoque
2430 5012 2783 5065 nihilominus
2817 5020 3013 5063 eventu
3065 5026 3417 5064 consumma-

1860 5104 2217 5165 tam,uedum
2252 5101 2384 5153 nulli
2409 5104 2602 5153 merito
2655 5099 3069 5167 reprehensioni
3123 5099 3414 5151 obnoxiam

1859 5197 2052 5257 videri,
2078 5195 2167 5247 sed
2188 5204 2237 5247 ct
2264 5193 2541 5260 pneelaris
2573 5193 2823 5245 laudibus
2853 5207 2975 5244 esse
3032 5190 3277 5257 dignam.
3307 5188 3415 5243 Vo-

1863 5290 1945 5341 bis
1972 5302 2104 5341 sane
2130 5286 2418 5339 commodo
2442 5284 2566 5348 fuit,
2600 5284 2849 5337 hostibus
2868 5292 3048 5336 autem
3072 5284 3293 5345 damno,
3324 5298 3422 5335 nec

1862 5382 2155 5447 quidquam
2191 5378 2427 5445 denique
2453 5377 2647 5430 amicis
2672 5376 3025 5429 detrimento.
3057 5374 3207 5443 Piget
3241 5375 3412 5435 enim,

1866 5481 1995 5524 utet
2032 5471 2170 5524 lucri
2206 5470 2413 5539 aliquid
2442 5480 2749 5537 reportasse
2774 5470 2951 5521 dicam
2983 5487 2995 5520 :
3036 5472 3127 5535 qui
3158 5468 3257 5535 ipsi
3285 5482 3422 5533 quas

1866 5560 2121 5615 fecissent
2147 5574 2410 5627 expensas
2452 5560 2503 5610 itt
2555 5557 2823 5626 stipendia
2860 5558 3113 5620 militum,
3173 5557 3422 5610 triremes

1865 5651 2207 5704 adornaudas
2255 5667 2318 5704 ac
2366 5650 2632 5718 reliquum
2700 5650 2822 5701 helli
2868 5661 3209 5718 apparatum,
3263 5663 3423 5715 quem

1866 5744 2191 5805 Voluisscnt,
2218 5758 2317 5795 suo
2357 5744 2702 5811 postmodum
2746 5743 3013 5794 arbitratu
3044 5749 3424 5807 computantes

1872 5834 2192 5902 receperint,
2232 5835 2385 5887 nobis
2424 5836 2627 5901 integre
2653 5833 3022 5894 reddentibus,
3062 5847 3117 5883 at:
3157 5846 3221 5883 ne
3255 5834 3421 5883 inissa
