4208 6444
165 448 260 515 261

942 448 1339 511 TllEODORI
1385 442 1743 507 DESPOT/E
1781 439 2176 502 LAUDATIO
2200 438 2615 501 FUNEBHIS.

3289 440 3397 505 282

167 564 418 631 τιμῆσαι.
460 562 710 615 Συνοίσον
737 562 794 616 δέ
824 561 966 631 λέγω
996 562 1091 616 νῦν
1120 564 1179 616 τὸ
1215 566 1272 616 ἐν
1312 565 1423 623 τοῖς
1457 562 1728 632 βλάπτου-
1756 559 1807 619 Α

1756 559 1807 619 Α
1833 558 2002 622 tione,
2036 571 2140 611 nou
2177 556 2408 611 valentis
2427 571 2522 624 per
2544 556 2775 625 seipsam
2803 554 3007 609 servari
3040 556 3394 618 incolumem;

172 665 258 700 σιν
304 642 489 719 ἦττον.
528 648 665 703 Οῠτε
716 650 896 705 τοίνυν
948 650 1044 703 τοῦ
1074 651 1350 719 δράματος
1382 652 1566 710 ἕνεκα.
1609 650 1732 702 οὔτε

182 739 283 806 τῆς
311 739 491 802 αίτίας
517 740 586 793 δι’
613 742 678 811 ἢν
708 739 770 793 τὸ
810 741 1017 809 δρᾶμα.
1053 741 1314 809 μέμψαιτ’
1358 742 1424 794 ἄν
1454 759 1534 802 τις
1573 741 1733 794 αὐτὸν

170 828 390 890 δικαίως
418 844 432 859 ·
464 830 662 883 οὐκοῦν
680 830 789 883 οὐδ’
808 831 946 900 ὅπερ
966 830 1235 897 ἐϐούλετο,
1264 832 1330 902 ἢν
1354 831 1601 902 ἀποτύχῃ
1633 832 1733 899 τῆς

171 919 382 988 ἀγαθῆς
414 921 650 983 ἐλπίδος.
691 919 942 992 Ὠσπερεὶ
970 923 1078 993 γὰρ
1109 923 1208 992 ήδη
1243 923 1731 992 κεφαλαιούμενος,

175 1010 411 1064 συνελὼν
446 1012 514 1065 τὰ
546 1014 673 1080 περὶ
707 1013 872 1066 τῶνδε
926 1016 1319 1085 προειρημένα,
1363 1015 1635 1085 πυθοίμην
1668 1017 1733 1070 ἂν

170 1103 346 1172 ἡδέως
390 1105 593 1166 παντὸς
632 1104 835 1167 εἰδότος
878 1107 946 1158 τὰ
992 1106 1113 1158 τότε
1150 1109 1470 1177 πράγματα,
1516 1110 1606 1161 καὶ
1646 1108 1731 1161 νοῦ

174 1192 401 1261 μετρίου
435 1194 781 1263 μετέχοντος,
808 1195 861 1246 τί
893 1212 1024 1248 ποτε
1056 1196 1244 1250 τοῦτον
1280 1199 1447 1267 ἐχρῆν
1482 1200 1730 1268 ποιεῖν,ἢ

170 1282 224 1333 τί
255 1285 347 1335 καὶ
378 1283 771 1351 συμὸουλεύειν
804 1289 913 1348 τοῖς
942 1286 1128 1353 αὑτοῦ,
1161 1287 1299 1355 μετὰ
1328 1290 1388 1340 τὸ
1422 1290 1601 1343 πάντα
1636 1289 1735 1357 μὲν

170 1373 511 1441 ἐργάσασθαι
542 1376 609 1427 τὰ
652 1376 843 1429 δέοντα
893 1378 1094 1441 καλῶς,
1126 1379 1321 1431 ἀνῦσαι
1350 1379 1405 1431 δὲ
1441 1381 1605 1448 μηδὲν
1644 1380 1735 1431 δυ-

172 1465 430 1531 νηθῆναι,
472 1466 671 1535 πολλῆς
706 1468 805 1536 μὲν
833 1466 1000 1538 οὔσης
1027 1469 1307 1539 δυνάμεως
1347 1473 1455 1534 τοῖς
1498 1472 1734 1539 ἐχθροῖς,

172 1555 374 1623 πολλῆς
414 1556 468 1607 δὲ
501 1555 617 1623 ἅμα
655 1559 1004 1627 κακοηθεία·,
1051 1562 1144 1612 καὶ
1173 1560 1449 1628 γοητείας,
1476 1563 1570 1613 καὶ
1600 1563 1738 1614 πάν-

171 1663 282 1699 των
323 1648 421 1713 μὲν
467 1647 759 1716 Ἱλλυριῶν,
799 1652 893 1702 καὶ
913 1649 1135 1715 Μυσῶν,
1166 1652 1259 1702 καὶ
1286 1651 1606 1719 Τριῦα).λῶν
1631 1653 1731 1722 ἤδη

172 1722 626 1807 κεκρατημένων,
672 1742 928 1809 στρατιᾶς
958 1740 1014 1793 δὲ
1062 1742 1160 1809 τῆς
1188 1743 1387 1813 πολλῆς
1415 1745 1472 1795 ἐν
1497 1744 1737 1797 Νικοπό-

172 1828 256 1879 λει
287 1830 749 1900 καταὸληθείσης,
776 1831 874 1901 τὴν
904 1833 965 1882 ἐκ
1001 1833 1246 1886 Παιόνων
1275 1835 1439 1902 λέγω,
1473 1840 1567 1889 καὶ
1599 1837 1736 1888 Κελ-

169 1918 304 1983 τῶν,
331 1921 424 1971 καὶ
455 1920 705 1973 Γαλατῶν
744 1922 850 1973 τῶν
882 1923 1151 1993 ἐσπερίων
1184 1927 1625 1995 συνειλεγμένηνο
1658 1922 1732 1982 ὧν
1769 1905 1806 1959 Β

170 2010 237 2076 δὴ
284 2012 499 2065 πάντων
528 2012 780 2083 ἔςρριττον
818 2018 909 2067 καὶ
952 2017 1090 2083 μόνα
1126 2018 1191 2070 τὰ
1230 2017 1466 2086 ὀνόματα
1496 2020 1554 2071 τὸ
1595 2019 1729 2089 βιλιρ⁶

172 2102 405 2171 ϐαρικδν
436 2106 579 2157 ἆπαν
605 2124 619 2138 ·
653 2109 744 2159 καὶ
773 2107 881 2159 τῶν
915 2108 1015 2177 μὲν
1061 2110 1495 2178 συμμαχούντων
1526 2112 1730 2181 ἀτυχη-

173 2196 405 2258 σάντων,
433 2196 464 2265 ἢ
498 2198 591 2249 καὶ
619 2198 961 2265 ἡττηθέντων
991 2199 1148 2251 ἐνίων
1178 2202 1410 2272 κακίστη
1441 2204 1616 2271 μοίρᾳ.
1635 2203 1729 2254 καὶ

170 2290 230 2337 ἐν
259 2290 473 2358 ἠπείρῳ
501 2290 595 2342 καὶ
629 2291 685 2341 ἐν
715 2289 984 2360 θαλάσσῃ,
1014 2293 1136 2361 ἐμοί⁸
1165 2292 1220 2345 δέ
1248 2280 1354 2345 τῶν
1387 2295 1730 2363 πραγμάτων

169 2379 495 2447 ἐληλυθέναι
550 2380 851 2433 δοκούντων
880 2381 967 2434 ἐπ’
1014 2384 1236 2452 ἔσχατον
1290 2384 1398 2435 τῶν
1447 2385 1633 2438 δεινῶν
1665 2389 1730 2454 τῇ

166 2471 476 2541 τηλικαύτῃ
516 2473 784 2543 συνδρομῇ
814 2474 921 2526 τῶν
953 2477 1159 2539 κακῶν,
1193 2475 1287 2528 καὶ
1338 2476 1510 2529 ταῦτα
1542 2478 1733 2546 χρόνον

166 2561 231 2613 οὖ
253 2608 256 2609 ν
272 2581 315 2613 ω
344 2563 548 2631 συχνόν.

245 2654 643 2722 Συμϐουλεύειν
661 2654 765 2708 ἔδει
792 2658 903 2718 τοῖς
926 2657 1112 2716 αὐτοῦ.
1139 2661 1295 2724 φαῖεν
1324 2660 1386 2713 ἄν
1408 2676 1549 2723 τινες
1583 2660 1731 2722 ἴσως,

169 2747 271 2797 καὶ
302 2747 389 2797 διὰ
420 2748 638 2799 πάντων
686 2748 899 2814 ἐνάγειν
931 2750 1127 2812 αὐτοὺς
1166 2753 1243 2811 είς
1275 2749 1454 2813 τοῦτο,
1482 2752 1732 2814 δέξασθαι

169 2836 402 2904 θελῆσαι
440 2838 735 2908 προθύμως
789 2840 877 2891 τὸν
930 2840 1069 2909 ὑπὲρ
1118 2842 1396 2902 εὐσεϐείας
1444 2844 1533 2895 καὶ
1577 2844 1735 2913 δόξης

169 2929 430 2994 θάνατον,
481 2932 643 2983 αὐτόν
693 2949 752 2999 γε
810 2933 1025 3003 πρῶτον
1081 2934 1363 3003 πρόθυμον
1420 2935 1546 2987 ὅντα
1604 2939 1735 3004 πρὸς

168 3020 353 3071 τοῦτο.
397 3020 713 3090 Ὑπέρευγε.
768 3025 875 3075 Καὶ
905 3025 956 3075 τί
985 3024 1103 3076 ποτ’
1127 3020 1195 3094 ἦν
1225 3025 1392 3077 ποιῶν
1424 3026 1613 3096 ἕτερον
1645 3027 1737 3077 τὸν

169 3109 383 3178 προτοῦ
432 3114 608 3165 πάντα
641 3114 850 3183 χρόνον,
879 3115 982 3177 ἓως
1016 3116 1133 3179 ἐξὸν
1165 3111 1232 3186 ἦν
1265 3115 1413 3185 αὐτῷ
1454 3119 1547 3168 καὶ
1598 3135 1736 3184 συμ-

1835 648 1911 702 uti
1944 647 2055 715 jam
2090 647 2352 715 probasse
2386 648 2647 713 arbitror,
2680 647 2955 700 universis
3006 647 3127 700 aliis
3182 648 3396 701 Fratres

1835 736 2190 807 pra'tulisset.
2234 735 2333 791 llic
2382 752 2549 806 porro
2597 738 2719 791 dico
2758 737 2913 801 utile,
2959 737 3101 806 quod
3143 738 3196 790 in
3240 740 3396 790 malis

1837 830 1909 884 sit
1939 829 2119 883 minus
2146 844 2374 884 nocens.
2410 828 2594 897 Neque
2620 830 2752 899 ergo
2784 838 2840 883 ut
2873 837 3088 897 spectes
3130 830 3393 891 fabulam,

1835 937 1973 977 neve
2006 931 2066 975 ut
2092 923 2209 988 ejus
2240 936 2463 975 causam
2492 923 2686 975 merito
2706 922 2829 989 quis
2851 922 2968 975 viro
3000 921 3251 975 detrahat
3276 937 3397 987 ;cr-

1837 1029 1906 1083 go
1937 1028 2112 1080 neque
2162 1013 2291 1067 illud
2328 1014 2598 1081 vituperet
2628 1014 2769 1081 quod
2803 1016 3055 1067 versabat
3086 1015 3297 1074 animo,
3338 1027 3395 1066 ut

1835 1119 1927 1171 spe
1962 1105 2100 1157 bona
2129 1103 2424 1157 frustratus
2454 1114 2619 1158 esset.
2652 1105 2811 1157 Velut
2834 1104 2978 1158 enim
3009 1121 3218 1159 summa
3249 1105 3399 1159 colli-

1837 1209 1991 1262 gens,
2043 1210 2163 1263 quae
2195 1194 2298 1248 hoc
2354 1196 2618 1248 hactenus
2666 1195 2776 1248 dixi
2815 1207 3158 1264 argumento,
3206 1197 3398 1249 lubens

1834 1299 2069 1352 quaeram
2106 1285 2173 1338 ab
2199 1285 2346 1338 omni
2382 1301 2572 1355 gnara,
2607 1298 2665 1346 ut
2708 1301 2797 1339 res
2832 1296 2961 1339 tunc
3011 1287 3297 1349 haberent,
3334 1301 3397 1339 ac

1834 1376 1918 1428 vel
1951 1376 2220 1428 modicum
2255 1376 2539 1443 prudentia
2568 1386 2780 1438 ornato,
2811 1377 2937 1444 quid
2979 1392 3101 1429 eum
3134 1391 3234 1444 par
3260 1387 3401 1429 esset

1836 1463 2036 1529 facere,
2072 1466 2285 1533 quodve
2318 1466 2435 1519 suis
2463 1467 2595 1519 dare
2634 1466 2948 1527 consilium,
2984 1467 3075 1520 ubi
3107 1466 3220 1534 jam
3258 1482 3396 1534 pra:-

1837 1560 1980 1614 stitis
2025 1560 2302 1623 omnibus,
2338 1561 2383 1613 si
2430 1576 2536 1629 qua
2579 1576 2759 1629 operae
2790 1562 3026 1629 pretium
3060 1562 3395 1623 viderentur,

1837 1652 1971 1705 nihil
2008 1665 2185 1705 tamen
2224 1651 2484 1705 valuisset
2526 1654 2820 1714 coniicere,
2862 1666 2926 1705 ac
2955 1667 3077 1706 cum
3126 1651 3265 1705 vires
3299 1652 3398 1706 ho-

1837 1746 1997 1799 stium
2025 1745 2268 1813 ingentes
2301 1754 2503 1807 essent,
2538 1744 2822 1812 multaque
2856 1743 2929 1795 illi
2968 1743 3174 1797 astutia
3201 1758 3263 1796 ac
3287 1744 3401 1796 eal-

1838 1835 2045 1888 liditate
2068 1844 2251 1888 essent
2282 1834 2518 1901 pratditi,
2552 1834 2777 1902 jamque
2806 1834 2969 1903 Illyrii
3002 1848 3214 1897 omnes,
3239 1833 3401 1902 Mysi-

1842 1940 1949 1995 que
1992 1940 2056 1979 ac
2080 1923 2310 1977 Triballi
2349 1925 2589 1993 superati
2619 1925 2872 1988 fuissent,
2902 1927 3202 1992 ingensque
3226 1939 3400 1977 caesus

1840 2017 2116 2071 exercitus
2149 2016 2211 2069 ad
2233 2015 2555 2083 Nicepolim,
2594 2030 2658 2068 ex
2694 2014 3310 2081 Panuoniis,Celtisque
3338 2028 3402 2066 ac

1844 2109 2089 2161 occiduis
2132 2107 2341 2161 Gatatis
2402 2106 2478 2175 (l)
2530 2106 2815 2166 collectus,
2861 2119 3098 2173 quorum
3148 2104 3395 2157 omnium

1846 2200 1985 2251 nuda
2010 2213 2226 2266 quoque
2252 2201 2467 2250 nomina
2492 2197 2708 2249 Barbari
2735 2197 2990 2260 horrent;
3017 2211 3139 2248 cum
3168 2194 3403 2262 denique

1845 2293 1977 2347 socii
2007 2292 2146 2344 haud
2184 2300 2465 2344 uterentur
2499 2304 2757 2359 prospera
2794 2287 3031 2353 fortuna,
3069 2301 3133 2341 ac
3178 2285 3400 2354 quidam

1844 2382 2006 2435 etiam
2036 2383 2173 2435 mala
2207 2390 2376 2444 sorte,
2417 2390 2556 2433 terra
2587 2394 2651 2433 ac
2683 2379 2816 2432 mari
2862 2377 3098 2447 superati
3130 2376 3402 2439 fuissent;

1847 2474 2087 2543 mihique
2121 2482 2271 2528 tanto
2304 2476 2569 2525 malorum
2622 2486 2897 2525 concursu
2949 2486 3037 2524 res
3064 2470 3129 2522 ad
3159 2478 3403 2523 extrema

1843 2581 1938 2634 per
1968 2566 2189 2633 longum
2222 2565 2271 2617 id
2303 2566 2548 2618 deducta}
2579 2571 2793 2632 tempus
2817 2561 3153 2614 viderentur.

1921 2657 2070 2715 Erat,
2102 2656 2351 2722 inquiunt
2387 2654 2575 2722 aliqui.
2607 2651 3001 2706 consulendum
3030 2650 3165 2707 suis.
3191 2664 3252 2703 ac
3286 2662 3406 2701 tuo-

1846 2750 1932 2803 dis
1958 2749 2213 2801 omnibus
2260 2747 2340 2800 eis
2372 2744 2735 2809 suadendum,
2782 2752 2840 2795 ut
2884 2746 3093 2795 alacres
3136 2741 3273 2793 mori
3310 2753 3407 2805 pro

1844 2843 2047 2911 pietate
2082 2840 2324 2902 mallent,
2358 2852 2482 2890 cum
2518 2838 2727 2905 primus
2755 2844 2808 2889 et
2847 2836 2961 2903 ipse
2993 2834 3188 2887 alacris
3215 2846 3404 2884 exem-

1845 2936 1931 3002 plo
1958 2934 2188 3000 praeiret.
2218 2930 2358 2983 Belle
2380 2929 2620 2997 quidem.
2650 2928 2789 2992 Quid
2814 2927 3093 2981 enimvero
3118 2924 3267 2977 aliud
3292 2931 3408 2974 toto

1835 3035 1954 3104 jam
1988 3036 2109 3079 acto
2130 3033 2317 3093 egerat
2344 3033 2604 3090 tempore,
2625 3020 2864 3088 quandiu
2892 3019 3185 3071 licuitcum
3206 3032 3407 3069 consu-

1844 3120 1954 3171 lere
1981 3118 2181 3185 optima
2218 3131 2464 3183 quaeque,
2496 3124 2607 3167 tum
2638 3112 2834 3181 agere?
2873 3109 2975 3165 Sed
3010 3119 3062 3163 et
3102 3108 3408 3170 blanditiis,

169 3200 479 3263 ϐουλεύειν,
532 3207 628 3258 καὶ
674 3208 935 3278 πράττειν
964 3208 1031 3262 τά
1076 3224 1136 3275 γε
1173 3209 1436 3263 δοκοῦντα
1471 3214 1737 3279 κράτιστα
1768 3222 1810 3279 (ζ

1768 3222 1810 3279 (ζ
1844 3209 2036 3276 inquit,
2073 3215 2187 3260 erat
2219 3205 2503 3269 utendum,
2536 3204 2851 3271 optimaque
2903 3200 3205 3255 meonomia
3249 3210 3405 3253 erant

166 3290 353 3359 εἷναις
395 3298 554 3348 Ἀλλὰ
600 3297 696 3349 καὶ
754 3298 1019 3360 θωπείαις
1050 3301 1307 3368 χρῆσθαι,
1341 3304 1524 3370 φησὶν,
1556 3303 1741 3371 ἐχρῆν,

167 3390 272 3437 καὶ
308 3389 690 3456 ὑπισχνεῖσθαι
738 3390 947 3457 μεγάλα
981 3391 1098 3460 μετ’
1127 3393 1445 3461 οἰκονομίας
1490 3394 1740 3463 ἀρίστης.

170 3480 288 3531 Καὶ
320 3478 439 3540 πῶς
476 3480 540 3532 ἂν
573 3475 641 3550 ἧν
670 3481 831 3533 αὑτὸν
860 3482 1062 3555 ἑτέρως
1092 3484 1322 3552 χρῆσθαι
1356 3466 1474 3547 ταῖς
1509 3485 1747 3552 συμῦου-

166 3570 335 3635 ).α.ῖς;
371 3571 572 3634 Ἔστω,
604 3570 766 3639 φησίν
789 3586 803 3601 ⁸
836 3570 943 3625 ἔδει
977 3573 1032 3625 δὲ
1076 3570 1143 3626 αὖ
1207 3576 1427 3627 κάκεῖνο
1473 3576 1743 3643 φορτικώ-

166 3678 336 3729 τερον
356 3661 538 3723 αὐτοῖς
566 3660 926 3728 ἐπιτίθεσθαι,
955 3663 1047 3715 καί
1073 3682 1176 3716 που
1208 3665 1602 3733 προσαπειλεῖν
1628 3666 1747 3717 ἐπι-

165 3753 448 3820 τιμῶντα,
495 3754 821 3817 ὀνειδίζοντα
880 3756 979 3807 καὶ
1031 3754 1253 3821 βοῶντα,
1304 3759 1398 3808 καὶ
1457 3757 1631 3809 πάντα
1679 3757 1748 3808 τὰ

165 3843 407 3894 τοιαῦτα
441 3841 698 3894 ποιοῦντα
732 3844 873 3913 μετὰ
908 3845 1108 3911 πολλῆς
1138 3848 1236 3912 τῆς
1263 3840 1748 3915 ὑπερϐολῆς.Ἀλλ’

164 3935 294 4003 ᾔδει
339 3933 557 4001 βλάψων
608 3934 868 3996 ἐπιεικῶς
897 3950 910 3965 ·
959 3935 1170 4005 ὀνήσων
1202 3936 1257 3988 δὲ
1288 3935 1538 4002 οὐδαμῶς
1570 3951 1582 3966 ο
1626 3937 1747 3988 ὅθεν

162 4026 231 4078 τὸ
293 4024 633 4093 τραχύτερον
687 4025 977 4094 φάρμακον
1033 4024 1351 4097 τραύμασιν
1400 4027 1605 4097 ὀργῶσι
1648 4028 1749 4081 καὶ

165 4116 614 4183 φλεγμαίνουσιν
643 4115 741 4167 οὐκ
772 4116 1006 4183 ἐπέθηκε
1033 4117 1353 4185 τηνικαῦτα,
1382 4118 1581 4188 προτοῦ
1615 4121 1747 4170 πολ⁴

165 4206 336 4267 idm;
386 4203 597 4267 ἐπιθεὶς
651 4206 1036 4275 συμφερόντως
1083 4209 1217 4275 μετὰ
1251 4207 1575 4277 θαυμαστῆς
1626 4208 1748 4260 ἐπι-

165 4298 425 4365 στήμης.
462 4297 525 4349 'l'i
554 4295 668 4360 οὖν,
698 4290 741 4348 ὦ
771 4297 889 4355 τὰν,
938 4296 1125 4367 ιτερον
1172 4300 1308 4365 πρὸς
1338 4298 1472 4351 Θεοῦ
1505 4300 1751 4367 παρῆκεν

163 4391 391 4449 ἐκεῖνος
439 4386 547 4439 τῶν
602 4402 663 4453 γε
711 4387 939 4439 δεόντων
994 4388 1339 4458 πεπρᾶχθαις
1393 4387 1751 4441 ’Υπενδοῦναι

161 4482 399 4540 τούτοις
456 4494 537 4531 σοι
595 4478 744 4530 δοκεῖ
798 4476 1077 4547 βέλτιστον
1137 4474 1321 4543 εἶναι,
1371 4480 1480 4532 τῶν
1536 4480 1749 4533 ἀσεϐῶν

1850 3315 2044 3367 magna
2073 3299 2317 3367 qtta‘dam
2345 3297 2729 3367 promittenda.
2767 3294 2868 3359 Qui
2896 3309 3025 3346 vero
3065 3294 3220 3346 aliter
3252 3302 3408 3367 pote-

1849 3402 1932 3447 rat
1958 3391 2295 3445 consulere?
2331 3391 2481 3453 Esto,
2514 3388 2688 3456 inquit
2718 3403 2732 3439 :
2769 3388 2870 3440 hoc
2898 3402 3114 3456 quoque
3146 3386 3409 3452 adjicien-

1846 3484 1969 3535 dum
1991 3493 2128 3545 erat,
2151 3491 2229 3542 ut,
2251 3482 2494 3549 inquam,
2522 3479 2806 3533 molestior
2834 3480 3133 3548 ingrueret,
3159 3494 3220 3532 ac
3244 3494 3412 3547 quan-

1846 3576 2025 3642 doque
2060 3575 2223 3627 etiatu
2272 3572 2585 3639 increpans,
2620 3574 2796 3625 minas
2830 3572 3173 3640 adjungeret,
3204 3586 3406 3636 expro-

1849 3666 2049 3727 braret,
2087 3666 2368 3724 clamaret.
2403 3678 2466 3716 ac
2496 3662 2766 3731 ejusmodi
2796 3664 2979 3716 omnia
3024 3662 3192 3714 multo
3220 3676 3409 3713 exces-

1846 3770 1907 3808 su
1935 3764 2241 3821 praestaret.
2265 3753 2461 3807 Verum
2487 3762 2713 3806 noverat
2743 3754 2855 3806 ιιωο
2881 3768 3106 3821 prorsus
3138 3754 3407 3813 nocitura,

1835 3863 1909 3906 ,ac
1939 3862 2006 3901 ne
2050 3847 2334 3900 minimum
2384 3844 2686 3914 profutura.
2737 3845 3104 3910 Quamobrem
3148 3845 3412 3898 abstinuit

1847 3938 2124 3991 austerius
2149 3947 2275 3989 tunc
2298 3936 2597 3989 remedium
2625 3936 2959 4002 exasperatis
2988 3951 3050 3988 ac
3074 3934 3410 3988 inﬂammato

1850 4028 2075 4087 humore
2107 4025 2441 4081 tumentibus
2474 4026 2647 4094 plagis
2680 4026 2961 4090 adhibere,
2993 4026 3083 4095 qui
3112 4040 3252 4093 Sthe
3277 4024 3405 4078 olim

1850 4121 2082 4174 mirabili
2109 4132 2223 4173 arte
2249 4117 2539 4172 commodo
2564 4118 2920 4172 adhibuisset.
2948 4117 3085 4183 Quid
3113 4132 3238 4186 ergo
3265 4117 3410 4169 aliud

1844 4213 2024 4277 sodes,
2048 4226 2141 4279 per
2163 4209 2326 4263 Deum
2354 4208 2604 4265 Otuisisse
2626 4211 2891 4275 videatur,
2919 4225 3103 4263 eorum
3136 4225 3255 4277 qua;
3279 4224 3414 4275 piae-

1849 4313 1994 4358 stare
2024 4310 2166 4357 esset
2200 4315 2381 4369 operm
2422 4300 2702 4368 pretium?
2745 4302 2872 4355 idne
2924 4301 3189 4369 optimum
3232 4313 3409 4369 putes.

1849 4401 1909 4447 ut
1958 4392 2253 4446 inlidelium
2278 4392 2408 4462 jugo
2432 4393 2624 4459 subjici
2653 4393 2894 4447 sineret?
2939 4393 2994 4446 ld
3021 4408 3153 4448 vero
3182 4393 3270 4447 ille
3297 4410 3416 4446 om-

1852 4483 2003 4534 nium
2042 4481 2340 4550 pessimum
2372 4481 2762 4544 arbitrabatur,
2793 4496 3001 4549 suaque
3031 4496 3256 4550 prorsus
3286 4495 3411 4535 cum

164 4569 528 4636 ὑποταγῆναι
562 4566 748 4637 ζυγῷς
790 4568 949 4620 Ἀλλὰ
982 4570 1237 4622 κάκιστόν
1266 4588 1323 4623 τε
1353 4574 1567 4626 πάντων
1591 4572 1748 4626 τοῦτο
1776 4548 1826 4608 D

1776 4548 1827 4608 ι)
1855 4548 2069 4635 virtute,
2096 4581 2206 4625 tum
2239 4585 2469 4639 persona
2490 4571 2769 4638 indignum
2802 4588 2815 4624 :
2846 4548 3283 4626 Christianorum
3310 4589 3411 4631 an-

160 4662 343 4723 αὑτθις
387 4656 626 4727 ἐνομιζε,
674 4658 771 4711 καὶ
804 4658 900 4727 τῆς
939 4658 1076 4720 ἰδίας
1110 4661 1309 4730 ἀρετῆς
1343 4661 1439 4713 καὶ
1487 4664 1580 4715 τοῦ
1614 4666 1748 4733 σχή-

164 4770 353 4818 ματος
411 4750 612 4811 τελέως
662 4749 891 4819 ἀπᾷδον.
946 4748 1108 4801 Ἀλλὰ
1140 4752 1530 4820 Χριστιανικὴν
1575 4755 1747 4823 ἀρχὴν

157 4842 464 4905 δέξασθαι,
494 4842 526 4910 ἢ
567 4841 661 4893 xui.
689 4842 800 4901 τοῖς
850 4839 1041 4891 ι’ἑθεσιν⁸
1066 4839 1246 4891 αὐτῶν
1274 4841 1497 4907 ἄμεινον
1535 4844 1747 4911 συμΰιίμ

1857 4672 1961 4716 tem
1994 4659 2275 4729 imperium
2321 4662 2525 4725 subire,
2564 4660 2707 4728 quod
2756 4669 2807 4714 et
2847 4662 3018 4730 magis
3049 4677 3234 4715 eorum
3279 4679 3415 4722 con-

1855 4761 2071 4818 grueret
2113 4751 2375 4814 moribus,
2432 4752 2680 4818 satisque
2741 4753 2962 4806 haberet
3004 4754 3067 4805 ad
3122 4753 3417 4813 auxilium.

1856 4842 2013 4908 longe
2044 4842 2331 4909 Optimum.
2362 4842 2500 4907 Quia
2525 4844 2668 4894 enim
2700 4843 2835 4895 mala
2866 4846 3289 4911 exsuperabat”,
3315 4860 3415 4897 nec

161 4934 377 4987 σεσθαι
408 4932 620 4999 ἔμελλε,
643 4931 895 5001 καὶπρὸς
924 4930 983 4983 τδ
1023 4930 1235 4999 βοηθεῖν
1265 4932 1607 5001 ἐξαρκέσειν,
1637 4936 1755 5003 ἄρι-

161 5027 279 5078 στά
314 5041 407 5090 γε.
453 5021 671 5093 Ἐπειδὴ
712 5024 821 5091 γὰρ
852 5023 920 5075 τὰ
968 5023 1066 5090 μὲν
1095 5022 1245 5075 δεινὰ
1276 5023 1569 5092 ὑπερέσχε,
1601 5025 1758 5076 δυνα-

159 5118 264 5169 τὸν
297 5116 359 5167 δὲ
396 5115 497 5165 οὐκ
541 5111 607 5181 ἦν
641 5114 850 5165 πείθειν
887 5113 1083 5172 αὐτοὺς
1132 5112 1415 5181 ἐκεῖνον,ἢ
1457 5113 1755 5182 βιάσασθαι

158 5206 303 5264 τοὺς
360 5202 529 5253 πάλαι
582 5203 880 5271 προγόνους
930 5200 1300 5270 μιμήσασθαι,
1348 5201 1491 5253 δυοῖν
1528 5201 1759 5271 θάτερον

159 5295 599 5356 ὑπολέλειπται,
626 5294 657 5363 ἢ
694 5294 789 5364 τὴν
819 5293 923 5345 τῶν
955 5292 1212 5362 Τούρκων
1244 5294 1443 5363 ἀρχὴν,
1481 5294 1513 5363 ἢ
1549 5296 1645 5363 τὴν
1675 5296 1754 5347 εί-

1855 4932 1969 4986 ﬁeri
1994 4943 2221 5001 poterat,
2262 4944 2320 4987 ut
2341 4950 2434 4987 eos
2461 4934 2549 4986 ille
2575 4934 2626 4985 iu
2656 4935 2984 4987 sententiam
3011 4937 3273 4997 traheret,
3299 4948 3418 4988 aut-

1850 5039 1917 5078 ve
1952 5027 2016 5077 ad
2045 5025 2313 5092 majorum
2356 5041 2583 5080 suorum
2625 5026 2981 5079 imitationem
3015 5037 3255 5096 cogeret,
3284 5029 3419 5081 duo-

1852 5128 1973 5167 rum
1999 5115 2229 5168 alterum
2258 5123 2375 5167 erat
2416 5114 2712 5183 reliquum,
2742 5125 2920 5167 utaut
2954 5114 3286 5180 Turrorum,
3322 5127 3416 5170 aut

1853 5203 1996 5271 quod
2043 5204 2383 5269 dicebamus,
2436 5205 2879 5259 Christianorum
2944 5206 3191 5260 subirent
3242 5207 3420 5275 impe-

1854 5296 2018 5348 rium.
2055 5295 2348 5349 Videbatur
2374 5312 2503 5367 ergo
2530 5299 2705 5350 modis
2728 5298 2983 5352 omnibus
3007 5309 3262 5366 prtestare
3289 5298 3417 5351 Fra-

238 5493 331 5562 (Ι)
394 5486 557 5562 Celtis
595 5503 654 5539 ac
687 5488 918 5562 ogoiduis
950 5486 1176 5539 Calatis.
1233 5487 1489 5562 Eamdem
1526 5496 1741 5555 gentem

155 5556 465 5626 intelligit.
494 5573 685 5625 nempe
714 5556 917 5620 Gallos,
954 5572 1184 5625 quorum
1218 5558 1380 5610 ardor
1412 5558 1462 5610 in
1516 5573 1580 5610 eo
1613 5573 1747 5623 prae-

152 5635 240 5688 lio
276 5628 512 5685 enituit.
550 5636 607 5679 ut
637 5627 925 5679 ambiet-int
954 5626 1111 5693 pritni
1148 5641 1380 5693 pugnam
1403 5628 1744 5680 committere

153 5696 657 5762 obtinuerintque.
701 5696 793 5748 sed
851 5697 997 5747 exitu
1041 5710 1229 5763 parum
1280 5697 1541 5759 secundo,
1582 5710 1745 5761 quem

154 5766 402 5823 Manuel
430 5767 515 5818 hic
540 5765 872 5832 perstringit,
898 5766 1099 5832 aliique
1116 5780 1237 5817 cum
1272 5767 1463 5818 nostri.
1482 5775 1591 5815 tum
1614 5764 1753 5815 'l‘ur-

152 5842 274 5895 cici
312 5836 641 5902 Scriptores,
676 5837 922 5903 pluribus
955 5843 1197 5888 narrant.
1228 5834 1423 5903 lgttm‘i!
1465 5834 1748 5902 δολπηινς

1851 5500 2009 5561 capto
2043 5490 2240 5547 Jeanni
2300 5490 2638 5563 Nivernensi,
2694 5492 2871 5545 Caroli
2910 5492 3093 5547 Galliae
3133 5494 3272 5562 regis
3323 5508 3418 5563 pa-

1852 5562 2033 5623 trueli,
2080 5579 2241 5630 quem
2282 5564 2327 5615 is
2359 5562 2601 5614 subsidio
2654 5564 2875 5626 miserat
2923 5563 3289 5631 Sigismundo.
3331 5562 3417 5618 iob

1852 5640 2215 5684 reverentiam
2266 5632 2544 5695 sanguinis
2581 5633 2730 5699 regii.
2772 5648 2835 5685 ac
2869 5634 3110 5699 quinque
3147 5632 3418 5697 capitibus

1856 5714 2078 5752 suorum
2114 5703 2370 5753 donatum
2425 5701 2575 5754 abire
2611 5703 2882 5769 permisit,
2915 5702 3137 5771 reliquis
3188 5702 3419 5771 captivis

1855 5770 1972 5823 dire
2005 5770 2288 5823 iugulatis.

1896 5770 1972 5823 ire
1997 5770 2288 5838 jttgulatis.
3037 5770 3045 5771 ί
3260 5770 3267 5771 ί
3464 5790 3467 5791 '
