4208 6444
199 436 306 502 931

988 440 1384 501 THEODORi
1420 440 1780 502 DESPOTJS
1824 441 2207 503 ιΑυοΑΤιο
2247 439 2656 502 FUNEBRIS.

3348 441 3452 503 292

197 545 402 626 μακρῷ
436 553 718 624 τιῖ›’χρὸνῳ
741 552 1171 606 καταναλώσασα
1201 553 1232 621 ἢ
1267 552 1332 605 τὰ
1397 553 1611 620 μεγάλα
1639 552 1767 622 τρό-
1794 610 1796 618 Α

1875 553 2069 622 majori
2132 555 2290 622 longe
2342 553 2708 607 admiratione
2763 551 2988 620 dignum
3038 549 3238 614 effecit,
3287 567 3451 616 quam

193 665 359 714 παια,
396 649 432 704 ἀ
483 664 566 701 σοι
629 646 898 727 λαμπρῷς
937 646 1047 699 ἀπὸ
1073 646 1184 698 τῶν
1235 647 1446 715 ἐχθρῶν
1505 646 1764 727 ἔστηκεν,

191 739 464 809 οίομένων
521 756 616 792 σου
646 722 946 815 κρατήσειν
981 739 1124 792 πάνυ
1158 738 1378 807 ῥαδίως,
1425 737 1521 792 ἅτε
1556 722 1640 806 μὴν
1663 722 1766 791 κα-

192 831 307 894 λῶς
357 831 600 896 εἰδότων,
657 832 781 883 ὅσον
809 829 979 900 ἀρετὴ
1021 830 1244 898 σιδήρου
1283 831 1376 884 καὶ
1407 829 1766 898 πολυχειρίας

190 924 318 976 ἐστὶ
349 925 603 978 καλλίων.
657 923 806 993 Λῦτη
868 940 926 976 σε
971 923 1358 992 λαμπρότερον
1393 921 1592 990 ἔφηνεν
1642 921 1766 991 ἢτδ

189 1018 354 1083 γένος
382 1017 480 1072 καὶ
508 1016 566 1069 τὺ
599 1017 807 1086 σχῆμα,
843 1015 938 1069 καὶ
978 1015 1012 1085 ἡ
1045 1014 1366 1068 ἐπανθοῦσα
1417 1015 1495 1083 τῷ
1545 1010 1766 1085 σώματι

191 1109 379 1178 χάρις,
410 1110 504 1163 καὶ
549 1109 612 1160 τὸ
642 1107 751 1160 τῶν
777 1105 1112 1174 εὐεργεσιῶν
1146 1105 1372 1175 πλῆθος.
1414 1100 1450 1159 ὃ.
1482 1105 1763 1174 πανταχοῦ

189 1201 299 1270 γῆς
333 1201 571 1271 ὕμνηται
596 1217 612 1231 ο
645 1203 692 1254 εί
727 1201 783 1253 δὲ
813 1198 1235 1268 συγχωροίμεθα
1268 1193 1475 1265 λέγειν,
1525 1201 1619 1252 καὶ
1641 1197 1765 1252 ’1ὼὸ

192 1293 410 1346 ἐκείνου
439 1292 943 1362 καρτερικὼτερον,
973 1291 1068 1344 τοῦ
1098 1291 1173 1354 ὡς
1211 1291 1432 1360 ἀληθῶς
1467 1292 1754 1359 μακαρίου

188 1384 260 1436 δι’
299 1384 581 1452 ὑπομονὴν
598 1383 910 1451 γεγονότος,
937 1383 1004 1453 ἢν
1019 1383 1159 1453 ὑπὲρ
1191 1384 1398 1445 πάντας
1427 1383 1761 1448 ἐπεδείξατο.

187 1477 572 1545 κατατμηθεὶς
626 1480 685 1528 τ),
718 1478 880 1543 σῶμα
911 1477 1101 1538 δεινῶς
1133 1476 1310 1530 ἅπανο
1341 1476 1398 1529 ὃς
1459 1474 1764 1545 ἐθαυμάζε-

185 1584 248 1620 το
287 1565 386 1635 μέν
420 1568 480 1618 τὸ
518 1565 737 1634 πρῶτον
782 1566 870 1619 διὰ
925 1561 1154 1619 πλοῦτον
1205 1565 1638 1635 ὑπερϐάλλοντα,
1669 1568 1764 1620 καὶ

184 1659 301 1711 ἀπὸ
339 1659 447 1711 τῶν
477 1659 653 1726 ἔργων
684 1660 882 1723 αὐτῶν,
908 1660 1091 1726 πολλῷ
1108 1659 1164 1712 δὲ
1202 1661 1405 1726 μᾶλλον
1462 1661 1763 1728 μετέπειτα

185 1751 383 1804 τοῦτον
415 1749 734 1814 ἀποδαλὼν,
771 1752 864 1803 καὶ
886 1752 1175 1821 συμφορὰς
1223 1751 1468 1814 ὑποστάς
1498 1746 1762 1821 ἀνδρείως

183 1845 265 1906 ὠς
298 1844 476 1904 οὐδεὶς
547 1845 757 1912 ἔτερος.
815 1846 940 1898 Ἐπὶ
996 1846 1104 1914 γὰρ
1154 1846 1386 1914 κοπρὶας
1427 1847 1760 1914 καθήμενος,

1873 664 1995 718 qua:
2034 650 2319 716 magnifica
2355 657 2557 713 tropa-a
2621 645 2848 699 devictis
2898 645 3148 699 hostibus
3196 644 3454 712 praet-lare

1876 741 2177 803 erexisses,
2205 753 2328 792 cum
2367 747 2417 791 te
2449 739 2548 801 illi,
2579 738 2886 793 nescientes
2915 752 3077 804 quam
3107 739 3279 816 virtus
3307 737 3454 788 ferro

1873 849 1934 888 ac
1966 847 2256 886 nmneroso
2290 832 2530 886 exercitu
2587 831 2918 900 przepolleat,
2973 830 3130 884 facile
3159 827 3450 884 admodum

1871 936 2225 993 superaturos
2262 925 2664 978 existimarem.
2706 923 2802 978 llic
2827 929 2880 976 te
2912 923 3265 978 illustriorem
3300 925 3450 983 fecit,

1870 1031 2036 1085 quam
2064 1031 2234 1083 genus
2271 1028 2336 1070 ac
2368 1014 2624 1083 dignitas,
2661 1014 2945 1080 affusaqne
3000 1014 3216 1079 corpori
3253 1017 3453 1081 gratia,

1871 1123 1971 1163 nec
2002 1122 2108 1160 non
2134 1108 2296 1161 multa
2330 1109 2420 1161 illa
2454 1114 2566 1160 toto
2593 1110 2724 1160 orbe
2754 1104 3024 1162 celebrata
3050 1105 3447 1166 beneficentia;

1872 1199 1964 1254 sed
1998 1211 2050 1254 et
2076 1198 2212 1253 Jobo
2249 1199 2361 1262 illo,
2397 1207 2456 1252 ut
2495 1198 2659 1252 liceat
2689 1198 2894 1261 dicere,
2938 1198 3172 1252 reddidit
3207 1198 3455 1251 toleran-

1872 1295 2085 1357 tiorcm,
2108 1295 2226 1347 viro
2253 1293 2439 1359 utique
2461 1307 2556 1360 per
2577 1291 2890 1360 patientiam
2909 1290 3087 1354 beato,
3106 1291 3264 1356 cuius
3285 1306 3450 1358 supra

1872 1386 2125 1439 mortales
2159 1401 2350 1438 omnes
2377 1394 2488 1439 tom
2519 1385 2637 1438 dire
2671 1399 2898 1451 corpore
2929 1383 3205 1437 concisus.
3261 1383 3452 1448 specl-

1872 1494 1994 1532 men
2037 1479 2185 1531 dedit
2213 1477 2448 1545 ;quique
2465 1492 2586 1530 cum
2609 1478 2843 1544 primum
2867 1477 2937 1528 ob
2951 1475 3290 1528 abundantes
3311 1473 3450 1524 divi-

1871 1572 1974 1626 tias
2003 1585 2156 1625 aeres
2181 1571 2436 1638 praeclare
2458 1581 2640 1638 gestas
2691 1568 3038 1622 admirationi
3085 1568 3299 1628 fuisset,
3328 1566 3450 1619 lon-

1867 1681 1931 1732 ge
1966 1665 2305 1732 postmodum
2339 1664 2556 1730 majori,
2585 1664 2649 1719 iis
2676 1665 2912 1728 amissis,
2940 1663 3061 1724 fuit,
3083 1678 3144 1714 ac
3163 1670 3448 1729 postquam

1867 1758 2383 1826 summa'quadam.
2427 1765 2485 1810 ut
2542 1756 2666 1824 quis
2700 1757 2861 1818 allus,
2909 1753 3251 1814 fortitudine,
3299 1753 3450 1804 cala-

1869 1848 2085 1901 mitates
2117 1847 2400 1901 sustinuit.
2430 1845 2562 1900 Nam
2590 1847 2784 1900 sedens
2818 1846 2868 1899 in
2905 1856 3174 1907 stercore,
3215 1860 3278 1898 ex
3305 1844 3449 1896 mul-

183 1937 282 1989 τὸν
312 1939 512 2004 πικρὸν
543 1939 644 2005 μὲν
674 1938 1033 2008 πολλαχόθεν,
1067 1939 1278 2008 μακρὸν
1301 1937 1370 1994 δέ.
1389 1938 1608 1991 δίαυλον
1639 1939 1764 2006 ἠνυ-

1868 1939 1936 1992 tis
1967 1953 2212 1990 amarum
2251 1937 2576 2007 longumque
2611 1938 2851 1992 Stadium
2886 1936 3144 1998 confecit,
3186 1946 3447 2004 tanquam

185 2041 311 2088 σεν,
342 2026 534 2097 ὥσπερ
567 2028 629 2080 οὐ
668 2030 829 2096 σῶμα
861 2030 1068 2099 φορῶν,
1103 2030 1218 2082 ἀλλ’
1251 2031 1309 2082 ἐν
1356 2030 1616 2100 χρώμασι
1672 2046 1763 2096 γε·

183 2119 535 2188 γραμμένος,
568 2119 599 2186 ἢ
628 2119 891 2188 χαλκοῦς,
917 2121 950 2190 ἢ
1009 2118 1291 2191 σιδηροῦς,
1322 2119 1356 2189 ἦ
1387 2133 1472 2183 τις
1517 2119 1760 2190 ἀδαμάν-

183 2227 338 2272 τινος
407 2213 670 2281 ὸνδριάςσ
728 2212 756 2264 ὃ
810 2218 902 2265 καὶ
954 2215 1156 2282 μᾶλλον
1209 2215 1478 2283 προσήκει
1537 2213 1756 2281 λέγειν·

187 2302 388 2356 ἔπειτα
437 2303 524 2356 διά
579 2304 641 2356 τὸ
724 2299 864 2368 είδος
939 2306 1392 2374 ἐπιγραφόμενος
1446 2306 1759 2376 ἄνθρωπος.

187 2395 479 2463 ’Ἐλαμψεν
499 2396 596 2464 μὲν
616 2392 710 2449 οὖν
737 2397 846 2450 ἀπὸ
876 2398 984 2450 τῶν
1014 2397 1201 2451 παθῶν
1228 2399 1454 2466 ἄμεινον
1476 2399 1507 2469 ἢ
1539 2401 1636 2466 τῆς
1664 2415 1783 2465 μυ·-

187 2488 317 2555 ρίας
334 2490 577 2550 εὐποιίας
597 2490 832 2554 ἐκείνης,
854 2492 949 2544 καὶ
973 2490 1083 2545 τῶν
1101 2489 1279 2545 ἄλλων
1300 2490 1522 2560 ἀγαθῶν
1541 2492 1722 2561 ἔργων
1744 2505 1759 2520 ⁶

179 2581 253 2649 τῇ
289 2578 336 2632 δ’
364 2580 617 2652 ἀστραπῇ
652 2583 749 2650 τῆς
771 2582 949 2651 ψυχῆς
975 2583 1178 2652 χρυσὸν
1205 2583 1307 2654 μὲν
1325 2583 1516 2637 ἔσϐεσε
1549 2585 1751 2647 πάντα,

180 2669 376 2737 λίτους
403 2672 458 2726 δὲ
513 2673 755 2742 διαυγτῖς
797 2679 890 2729 καὶ
951 2676 1163 2744 τιμίους
1195 2678 1352 2731 οὐδὲν
1374 2678 1532 2740 ὄντας
1562 2677 1750 2743 ἔδειξε.

260 2767 432 2820 Ταῦθ’
461 2769 594 2835 ἡμῖν
622 2771 683 2821 ἐκ
713 2769 808 2822 τοῦ
846 2772 1187 2839 παρήκοντος
1211 2773 1452 2840 εἰρήσθω
1489 2774 1618 2840 περὶ
1661 2774 1756 2824 αὐ-

179 2859 310 2914 τοῦ.
344 2858 626 2928 Προῦργου
657 2862 714 2914 δὲ
746 2864 855 2924 τοῖς
891 2862 1217 2933 θεολήπτοις
1249 2865 1530 2932 ἐξεγένετο
1554 2864 1754 2931 λέγειν,

180 2955 237 3008 οἶ
307 2957 402 3024 καὶ
436 2955 695 3025 σιδηροῦν
755 2957 920 3011 αὑτὸν
949 2943 1314 3027 ὀνομάζουσιν
1372 2961 1463 3012 ἐπὶ
1491 2961 1759 3030 καρτερίᾳ

180 3045 339 3116 ὑπὲρ
375 3049 499 3110 τοὺς
550 3048 770 3102 πώποτε
827 3052 1237 3122 γεγενημένους
1273 3051 1571 3122 ἀνδρείους.
1610 3052 1759 3105 Ἔδει

179 3157 249 3208 γε
286 3141 399 3208 γάρ
450 3155 530 3205 σε,
563 3143 784 3195 πάντων
814 3141 1031 3212 ἄριστε,
1081 3144 1182 3216 τῆς
1211 3145 1436 3199 ἐκείνων
1471 3147 1754 3215 εὐμοιρείν

1871 2043 1978 2083 non
2008 2037 2248 2096 gestaret
2276 2043 2494 2097 corpus,
2522 2027 2616 2085 sed
2647 2038 2789 2083 esset
2820 2029 3000 2098 imago
3045 2028 3323 2082 coloribus
3366 2027 3452 2095 pi-

1871 2129 1981 2186 cta,
2010 2137 2226 2176 teneare
2257 2131 2352 2177 aut
2376 2121 2551 2176 ferrea
2586 2120 2667 2175 vel
2706 2121 3058 2176 adamantina
3092 2131 3270 2175 Statua
3301 2122 3449 2190 quod

1866 2223 1921 2266 et
1967 2197 2360 2283 congruentius
2408 2213 2640 2275 dicatur,
2679 2215 2766 2267 cui
2827 2214 3170 2282 postmodum
3233 2224 3453 2280 propter

1869 2304 2093 2373 figttram
2137 2305 2375 2360 hominis
2430 2321 2625 2359 nomen
2693 2307 3012 2374 inscriptum
3051 2317 3213 2360 esset.
3281 2308 3450 2359 Plane

1865 2414 1997 2453 vero
2025 2398 2340 2467 pra'clarius
2361 2399 2453 2454 ille
2476 2399 2744 2453 alliciente
2768 2399 2977 2461 morbo,
3001 2415 3162 2468 quam
3192 2401 3259 2452 ab
3282 2399 3413 2453 innu
3430 2427 3449 2442 ο

1869 2488 2117 2544 mirabili
2156 2489 2241 2542 illa
2292 2490 2644 2546 beneficentla
2701 2490 2944 2557 effulsit,
3006 2492 3311 2560 mentisque
3345 2494 3447 2544 lul-

1869 2597 2002 2652 gare
2072 2581 2192 2635 auri
2230 2596 2446 2635 omnem
2509 2581 2770 2649 fulgorem
2833 2584 3119 2644 exstinxit,
3148 2597 3212 2636 ac
3275 2581 3446 2651 pellu-

1867 2675 2022 2729 cidus
2051 2675 2434 2743 pretiososque
2461 2675 2669 2743 lapides
2697 2671 2830 2728 nihil
2862 2691 2983 2730 esse
3005 2677 3263 2739 ostendit.

1927 2767 2048 2822 Haec
2083 2768 2240 2822 nobis
2277 2768 2536 2823 hactenus
2576 2770 2643 2823 de
2687 2771 2804 2822 viro
2834 2770 3036 2822 eximio
3057 2786 3152 2837 pro
3183 2768 3441 2824 facultate

1855 2860 1968 2914 sint
1987 2860 2148 2914 dicta.
2175 2861 2368 2929 Operze
2389 2877 2515 2916 vero
2537 2861 2770 2931 pretium
2792 2863 2996 2924 evenit,
3015 2874 3071 2916 ut
3095 2863 3256 2917 afflati
3281 2879 3308 2916 a
3336 2864 3446 2916 l).-o

1859 2951 2110 3006 homines
2144 2952 2209 3007 de
2229 2969 2293 3006 eo
2316 2954 2580 3017 dicerent,
2600 2955 2690 3023 qui
2713 2966 2765 3008 et
2786 2954 3021 3009 ferreum
3053 2956 3324 3025 appellant
3347 2972 3444 3023 pro

1859 3045 2300 3115 tolerantia,qua
2329 3046 2658 3101 mortalibus
2684 3048 2965 3107 omnibus.
3012 3048 3168 3115 siqui
3202 3063 3442 3116 unquam

1860 3135 2028 3192 fortes
2048 3136 2289 3202 fuerunt,
2323 3139 2482 3208 longe
2505 3136 2898 3207 praecellentior
2929 3139 3051 3194 fuit.
3079 3138 3293 3194 Utinam
3316 3155 3444 3192 vero

181 3235 295 3306 ἤδη
323 3237 594 3304 γλώττης,
631 3238 726 3291 καὶ
759 3235 868 3291 τότ’
893 3237 959 3291 ἂν
991 3238 1211 3300 πάντως
1251 3237 1431 3301 καλῶς
1489 3239 1660 3307 ἐφάνη
1699 3237 1759 3290 τὸ
1787 3255 1796 3297 t

1866 3236 1920 3281 tu
1951 3242 2191 3297 quoque,
2221 3227 2466 3282 virorum
2489 3217 2717 3298 Optime,
2739 3245 2926 3284 eorum
2954 3231 3442 3301 feliciter-linguam
3489 3306 3494 3312 ο

179 3329 338 3380 κατὰ
370 3329 453 3386 σὲ.
480 3328 554 3391 ὡς
589 3327 683 3381 νῦν
718 3346 781 3395 γε
828 3329 921 3381 ὑπ’
960 3330 1174 3382 ἐκείνου
1235 3329 1556 3400 πλεονεκτῇ,
1592 3330 1764 3397 γὶῶτ-

179 3437 288 3473 ταν
314 3420 414 3488 τὴν
445 3418 586 3488 ἐμὴν
629 3421 1092 3489 ἐγκωμιάζουσαν
1124 3423 1262 3492 ἔχων
1294 3422 1498 3490 ἀσθενῆ
1527 3424 1765 3490 καὶγήῖ-

181 3530 304 3578 νον,
370 3512 583 3564 ἐκείνου
639 3514 737 3582 τὴν
789 3514 1047 3581 οὐράνιον
1093 3518 1187 3566 καὶ
1237 3515 1468 3584 ἰσχυράν
1525 3514 1761 3582 ἔχοντος.

193 3603 349 3656 Ἀλλ’
384 3597 529 3656 οὗτοι
552 3605 650 3672 μέν
685 3621 744 3656 σε
772 3606 1156 3658 ἐπαινέσονται
1189 3608 1340 3674 παρά
1365 3608 1443 3674 τῷ
1472 3605 1613 3675 Θεῷ,
1639 3623 1766 3674 κρο-

181 3696 436 3749 τούντων
470 3695 567 3764 μὲν
603 3696 709 3748 τῶν
764 3697 1037 3764 ἀγγέλων,
1097 3699 1382 3765 σειομένου
1414 3698 1472 3750 δὲ
1527 3699 1621 3751 τοῦ
1654 3700 1764 3753 τῶν

185 3788 486 3854 μακαρίων
519 3787 749 3854 θεάτρου
773 3802 786 3817 ·
825 3789 958 3858 παρ’
986 3789 1148 3857 ἡμῶν
1201 3790 1259 3844 δὲ
1307 3790 1450 3842 ἔστω
1505 3809 1587 3842 σοι
1618 3789 1765 3842 τοῦτ’

180 3877 479 3947 ἐγκώμιον
506 3880 709 3947 τρόπον
735 3877 949 3948 ἔτερον.
993 3883 1074 3934 ὅτι
1110 3883 1317 3952 σφόδρα
1347 3899 1407 3934 σε
1446 3882 1765 3952 βουλόμενοι

179 3972 389 4035 δεῖξαι,
431 3971 579 4032 ὅστις
603 3969 722 4022 ποτ’
760 3967 908 4049 ἦσθα
943 3973 1071 4034 τοὺς
1123 3976 1363 4043 τρόπους
1389 3992 1447 4027 τε
1511 3975 1609 4027 καὶ
1666 3976 1766 4044 τὴν

182 4065 523 4132 καρτερίαν,
555 4064 614 4116 οὐ
648 4063 810 4132 μόνον
839 4065 899 4117 οὐ
952 4066 1232 4135 δυνάμεθα
1275 4067 1387 4120 τῶν
1442 4069 1550 4119 σῶν
1582 4067 1766 4118 καλῶν

179 4154 507 4222 ἐφικέσθαι,
560 4155 676 4207 ἀλλ’
730 4155 843 4208 οὐδ’
888 4157 1055 4225 ἐγγύς
1089 4175 1192 4210 που
1248 4159 1520 4225 γενέσθαι,
1557 4158 1590 4225 ἢ
1635 4157 1767 4223 γοῦν

185 4249 441 4316 μετρίως
473 4248 779 4318 λειφθῆναι.
832 4250 1119 4320 Ἐχὼμεθα
1153 4251 1209 4304 δὲ
1232 4251 1326 4305 τοῦ
1362 4253 1589 4314 σκοποῦ,
1615 4253 1673 4304 σὲ
1690 4250 1767 4319 τῷ

181 4344 293 4409 τῆς
319 4341 604 4408 ὑπομονῆς
639 4341 919 4412 ἀγάλματι
954 4345 1296 4413 παραθέντες
1317 4362 1331 4378 ο
1359 4332 1481 4400 οὐδὲ
1509 4345 1620 4416 γὰρ
1640 4344 1770 4413 φθό-

182 4451 283 4496 νος
312 4435 371 4483 ὲν
399 4434 639 4501 ἀγαθοῖς.

1866 3327 2058 3374 nactus
2077 3334 2246 3386 esses,
2269 3332 2493 3389 tumque
2509 3324 2731 3376 Omnino
2751 3339 2836 3376 res
2859 3332 2982 3388 tuae,
3002 3325 3194 3392 quales
3216 3324 3448 3389 habent,

1864 3416 2264 3470 clarescerent:
2295 3417 2374 3470 uti
2412 3419 2576 3472 modo
2600 3399 2892 3488 cjuslonge
2934 3421 3100 3477 rebus
3145 3423 3441 3478 deteriores

1865 3506 2309 3578 apparent,quod
2328 3524 2423 3566 eas
2462 3514 2670 3567 cceles'ti
2719 3529 2782 3569 ac
2821 3515 2995 3568 valida
3039 3514 3223 3580 lingua
3265 3515 3446 3570 dilau-

1863 3602 2048 3668 dante,
2069 3599 2338 3658 inlirmam
2358 3619 2530 3659 meam
2553 3620 2615 3659 ac
2641 3615 2938 3670 terrenam,
2960 3618 3176 3662 tuarum
3200 3611 3312 3677 ipse
3331 3610 3449 3662 lau-

1864 3695 2126 3749 datricem
2172 3697 2396 3752 sortitus
2433 3699 2530 3751 sis.
2554 3698 2846 3753 Enimvero
2896 3699 2973 3753 illi
3000 3711 3050 3753 te
3093 3701 3236 3768 apud
3280 3701 3446 3756 Deum

1867 3785 1978 3839 sint
2004 3787 2299 3854 laudaturi,
2323 3788 2706 3858 plaudentibus
2724 3776 2954 3860 angelis,
2986 3801 3208 3858 totoque
3257 3791 3448 3861 beato-

1836 3910 1839 3912 -
1867 3895 1986 3934 rum
2005 3881 2310 3936 admirante
2327 3891 2494 3937 coetu.
2517 3885 2554 3936 A
2578 3883 2736 3939 nobis
2760 3892 2963 3948 autem,
2993 3885 3093 3938 hoc
3120 3885 3212 3938 tibi
3239 3885 3343 3938 alia
3359 3901 3452 3937 ra-

1869 3972 2346 4028 tioueencomiutn
2396 3976 2639 4039 accedat,
2669 3986 2867 4030 utcmn
2893 3977 3045 4030 valde
3087 3977 3369 4043 cupiamus
3393 3985 3450 4031 te

1866 4063 2174 4124 ostendere,
2192 4065 2372 4133 qualis
2393 4066 2639 4150 moribus
2658 4082 2721 4120 ac
2739 4067 3003 4120 malorum
3029 4067 3313 4122 tolerantia
3333 4066 3447 4121 fue-

1868 4157 1965 4218 ris,
1984 4155 2180 4209 nedum
2201 4157 2426 4210 omnino
2443 4156 2583 4210 bona
2609 4167 2699 4211 tua
2717 4158 2934 4226 assequi
2953 4173 3055 4213 non
3076 4164 3376 4216 Vulcanius.
3395 4169 3458 4211 at.

1867 4261 2044 4314 neque
2070 4248 2301 4315 propius
2331 4248 2396 4301 ad
2429 4248 2516 4300 illa
2540 4248 2822 4310 accedere,
2841 4260 2932 4302 aut
2955 4265 3084 4304 vero
3100 4267 3204 4303 non
3232 4250 3304 4302 ita
3321 4265 3454 4314 pro-

1869 4339 1955 4392 cul
1980 4339 2193 4394 abesse.
2219 4339 2387 4394 Porro
2410 4340 2733 4396 insistamus
2749 4357 2936 4412 scopo,
2964 4345 3037 4396 tui
3064 4344 3206 4396 illum
3232 4360 3453 4411 compa-

1869 4429 2134 4484 rationem
2151 4432 2448 4498 exigentes,
2473 4447 2595 4484 cum
2621 4433 2739 4485 viro
2763 4434 2814 4485 in
2839 4435 3116 4500 patientia:
3138 4435 3452 4502 th‘lltpl'tlli

1869 4522 2142 4577 universis
2157 4526 2452 4592 proposito:
2471 4524 2612 4576 bona
2628 4525 2826 4594 quippe
2840 4526 3212 4582 invidiamnon
3228 4529 3450 4585 habent.

281 4610 468 4680 Ῥἧμα
533 4615 633 4682 μὲν
662 4615 758 4670 οῦν
809 4619 920 4671 οὔδ’
981 4623 1146 4683 αὐτος
1182 4611 1768 4693 προΐεωλγογγυσμὼ

1945 4614 2090 4669 Sane
2137 4631 2236 4670 nec
2299 4618 2414 4685 ipse
2447 4619 2668 4671 verbum
2710 4620 2929 4688 aliquod
2985 4623 3276 4688 protulisti,
3303 4625 3456 4691 quod

180 4706 347 4774 ἔχον.
389 4706 571 4760 Καὶτί
603 4726 746 4778 φημι
773 4713 1135 4778 γογγυσμόνς
1176 4715 1340 4766 ὁπότε
1373 4715 1437 4785 δὴ
1474 4716 1568 4770 καὶ
1609 4719 1767 4785 χάρι-

176 4814 312 4863 τοις·Δ
353 4797 438 4848 ὅτι
507 4798 772 4863 πλείστας
817 4804 1191 4871 ἀνωμολόγεις
1215 4805 1293 4875 τῷ
1343 4810 1772 4877 συγχωρήσαντι

179 4890 300 4957 τὴν
333 4889 493 4940 νόσον
522 4892 814 4960 ἐνσκῆψαι.
850 4893 951 4948 Καὶ
1004 4900 1050 4948 εί
1091 4899 1164 4966 μὴ
1216 4899 1437 4967 δοκοίην
1481 4917 1774 4970 παραφρο-

183 4984 320 5033 νεῖν
353 4981 464 5032 ἀπὸ
491 4981 588 5034 τοῦ
615 4987 750 5053 πρὸς
776 4986 836 5038 σὲ
885 4990 1131 5054 μανικῶς
1164 4989 1333 5057 ἔχειν,
1377 4992 1776 5061 ἰσχυρισαίμην

181 5074 259 5127 ἄν
299 5087 365 5124 σε
410 5072 801 5144 καθαρώτερον
844 5079 1058 5130 ἐκείνου
1105 5079 1335 5148 τάνδρὸς
1377 5080 1581 5134 ειδέναι
1617 5081 1777 5150 χάρις

175 5183 293 5226 τας
322 5168 387 5231 τῇ
427 5167 671 5235 προνοίᾳ.
703 5166 842 5222 Πολὺ
867 5171 974 5238 γὰρ
1008 5167 1076 5241 ἦν
1114 5173 1174 5224 τὺ
1203 5172 1430 5234 εὐσεϐὲς
1459 5172 1772 5242 ὑπερφυῶς

182 5259 354 5323 ταρὰ
392 5255 476 5307 σοί
569 5256 680 5309 τῶν
723 5259 780 5311 δὲ
819 5261 998 5328 μελῶν
1027 5279 1123 5316 σου
1175 5267 1620 5333 νενεκρωμένων,
1657 5265 1773 5328 πῶς

179 5347 235 5400 δ’
280 5344 352 5398 ἂν
397 5345 704 5415 ὑποσταίην
732 5349 825 5401 τὸν
879 5351 1042 5420 λόγον
1070 5355 1083 5406 !
1113 5354 1210 5407 καὶ
1255 5354 1367 5406 τῶν
1411 5355 1634 5424 ἄρθρων
1690 5355 1778 5424 βε-

180 5437 562 5506 6λαμμὲνων,
596 5439 913 5509 ἀνδριάντος
979 5447 1330 5515 ἰσχυρότεροξ
1363 5447 1662 5516 ἀνεφάνης.
1683 5457 1694 5466 “
1724 5451 1772 5501 εἰ

180 5536 294 5588 καὶ
327 5533 394 5583 τὸ
428 5531 588 5598 σῶμα
612 5533 687 5602 μὴ
717 5535 1020 5602 δυνάμενον
1069 5537 1316 5605 ἀντέχειν
1342 5537 1480 5606 πρὸς
1508 5538 1573 5590 τὰ
1599 5538 1771 5599 δεινὰ,

182 5625 559 5693 ἀνηλίσκετο,
589 5626 651 5676 ἐκ
676 5627 798 5694 χοδς
823 5629 922 5695 τὴν
960 5627 1223 5681 σύστασιν
1259 5630 1402 5698 ἔχον.
1441 5630 1649 5681 Ἐκεῖνο
1673 5629 1772 5696 μὲν

178 5719 312 5785 γὰρ
347 5711 487 5768 ἆκον
519 5715 835 5786 ἡττώμενον
870 5714 939 5788 ἦν
968 5735 980 5748 '
1010 5722 1043 5788 ὴ
1095 5721 1152 5773 δὲ
1195 5719 1364 5790 ψυχὴ,
1405 5721 1525 5772 ἐπεὶ
1563 5720 1638 5789 μὴ
1686 5720 1774 5774 οἵα

182 5828 250 5862 τε
319 5807 639 5875 βιασθῆναι,
668 5808 821 5860 οὐδὲν
856 5810 964 5862 ἀπὸ
1000 5815 1101 5876 τῆς
1149 5814 1300 5863 νόσου
1333 5811 1770 5878 παρεϐλὰπτετο.

183 5898 418 5965 “dits-1;
452 5897 608 5960 Ἦτις
631 5914 694 5966 γε
726 5901 820 5952 καὶ
843 5899 1199 5972 λαμπροτζρα
1225 5904 1535 5968 καθίστατο,
1570 5904 1770 5973 χρυσοῦ

1875 4723 2122 4761 murmur
2161 4709 2402 4763 haberet.
2437 4709 2575 4774 Quid
2616 4726 2865 4764 murmur
2895 4715 3056 4776 dico,
3091 4729 3215 4767 cum
3249 4724 3302 4768 et
3333 4731 3456 4782 grs—

1877 4801 1978 4854 tias
1998 4795 2364 4867 amplissimas
2391 4801 2462 4865 ei,
2493 4803 2652 4870 cujus
2673 4814 2805 4857 nutu
2829 4809 3050 4858 morbus
3075 4820 3446 4872 grassaretur.

1879 4892 2146 4945 bal-eres?
2175 4891 2248 4946 Ac
2283 4892 2386 4946 nisi
2421 4907 2519 4960 pro
2551 4894 2652 4947 mei
2683 4896 2735 4948 in
2767 4905 2817 4948 te
2847 4900 3050 4951 amoris
3095 4912 3263 4953 msu-o
3305 4900 3453 4955 inea;

1878 4997 1981 5034 nus
2011 4982 2222 5046 videor,
2260 4985 2453 5052 purius
2485 4996 2534 5040 te
2564 4986 2681 5040 viro
2737 4988 2940 5043 eximio
3002 4995 3205 5059 gratias
3269 4995 3452 5060 egisse.

1875 5075 2236 5144 providentia:
2285 5078 2569 5131 affirmem.
2606 5079 2797 5144 Magna
2833 5082 2976 5136 enim
3016 5084 3260 5152 quaedam
3309 5087 3447 5154 apud

1877 5175 1930 5221 te
1963 5169 2292 5236 religiosilas
2327 5170 2628 5224 obtinebat.
2665 5171 2830 5227 Plane
2857 5175 3251 5230 emorieutibus
3280 5194 3454 5231 mem-

1880 5260 2016 5323 bris,
2042 5276 2074 5312 ο
2113 5263 2387 5327 quomodo
2444 5277 2754 5317 sermonem
2789 5267 3129 5319 sustineam!
3191 5268 3446 5338 laesisque.

1877 5351 2143 5412 articulis,
2186 5361 2364 5406 statua
2401 5353 2596 5406 fortior
2629 5355 2930 5420 videbaris;
2987 5371 3298 5426 quanquam
3325 5376 3446 5413 cor-

1877 5458 1978 5510 pus
2039 5444 2195 5496 malis
2229 5445 2428 5512 impar,
2479 5455 2665 5514 utpote
2721 5446 3018 5499 conflatum
3074 5463 3138 5502 ex
3208 5451 3449 5517 pulvere.

1871 5539 2281 5591 absumebatur.
2332 5535 2466 5591 Illud
2538 5539 2755 5606 quidem
2830 5542 3024 5596 nolens
3084 5544 3445 5599 vincebatur:

1878 5637 1934 5681 at
1970 5630 2186 5681 animus
2212 5631 2332 5697 cogi
2368 5630 2606 5690 nescius.
2642 5625 2781 5682 nihil
2834 5646 2861 5682 a
2893 5633 3080 5687 morbo
3131 5635 3447 5690 laede-batur.

1878 5720 1980 5784 Qui
2007 5721 2149 5772 enim
2179 5721 2202 5774 ?
2233 5737 2354 5780 nam
2396 5725 2560 5774 etiam
2597 5723 2752 5774 liehat
2783 5725 3076 5790 illustrior,
3107 5736 3365 5797 tanquam
3400 5730 3446 5782 si

1880 5827 2070 5862 aurum
2107 5812 2157 5862 in
2217 5813 2336 5878 igne
2393 5825 2656 5867 versetur.
2720 5815 2868 5868 Haud
2931 5817 3182 5881 equidem
3257 5822 3451 5875 lubt-us

1879 5907 2246 5971 attictc'oa-ur,
2281 5907 2471 5961 lubens
2525 5918 2704 5962 tamen
2741 5917 2943 5964 luctat
2991 5916 3150 5978 mala,
3189 5931 3282 5969 nec
3341 5917 3445 5971 nisi
