4208 6444
214 443 327 509 285

997 450 1395 520 THEODORI
1438 452 1801 523 DESPOT/E
1842 460 2233 523 LAUDATIO
2271 458 2678 524 FUNEBRIS.

3347 465 3452 533 286

217 564 446 633 ρασχεῖν
470 564 723 630 ἰκτίνοις,
759 568 859 622 δσα
889 570 952 640 δὴ
980 573 1258 641 νομίζοιτο
1282 576 1422 646 πρὸς
1453 577 1779 648 ὶπικουρίαν
1810 586 1849 642 Α

1852 632 1855 641 ,
1887 580 2237 634 refectionem
2274 579 2599 649 negligeres,
2627 594 2690 633 ac
2722 593 2972 632 somnum
3022 580 3089 633 ab
3117 581 3289 635 oculis
3322 583 3452 637 sub-

214 653 556 721 ἐξαρκέσειν.
598 659 817 728 ἀμελῶν
854 663 953 729 μέν
983 682 1087 717 που
1116 670 1324 730 σιτίων,
1363 667 1533 723 ὕπνον
1566 670 1622 722 δὲ
1642 672 1781 724 ἀπο-

216 742 396 797 σοσῶν
418 746 525 798 τῶν
541 748 612 817 ὀμ
620 751 828 818 μάτων,
851 755 946 835 καὶ
968 755 1106 819 δλως
1125 748 1231 810 τῶν
1250 759 1347 811 τοῦ
1378 759 1629 830 σώματος
1649 760 1784 815 πάνυ

214 834 328 883 των
360 839 747 907 καταφρονῶν,
766 834 958 910 ῶσπερ
982 844 1263 912 ὑγιαίνων,
1290 849 1383 900 καὶ
1408 849 1674 918 σφριγῶν,
1691 855 1783 905 καὶ

214 926 521 997 δυνάμενος
549 929 827 998 ἀλλεσθαι,
859 933 952 986 καὶ
1002 936 1143 1005 ὑπὲρ
1193 938 1302 992 τῶν
1334 939 1478 1005 πάνυ
1506 942 1780 1011 μεγίστων

212 1017 643 1088 ἀγωνιζόμενος.

282 1100 349 1159 ⁵0
370 1112 427 1163 δὲ
452 1114 713 1182 παρεῖχεν
734 1116 1160 1187 ἐκπλήττεσθαι,
1188 1123 1269 1175 δτι
1305 1124 1402 1178 καὶ
1439 1122 1548 1178 τῶν
1577 1126 1781 1197 ἰατρῶν

210 1194 465 1266 βοώντων
496 1206 571 1268 ὼς
606 1209 825 1279 σεαυτῷ
887 1212 1073 1281 σαφῶς
1128 1214 1410 1284 πολεμεῖς,
1473 1221 1547 1288 μὴ
1600 1194 1779 1274 πάντα

208 1292 443 1366 δεύτερα
477 1298 710 1368 θέμενος
740 1305 852 1356 τῶν
875 1303 1219 1373 βοηθούντων
1242 1308 1318 1377 τῷ
1340 1310 1576 1377 σώματι,
1616 1312 1781 1373 αὐτὸς

206 1388 367 1441 οὐδὲν
402 1385 570 1460 ἦττον
600 1396 827 1463 ἐνεργὸς
858 1392 1025 1466 ἦσθα.
1076 1391 1337 1470 ’Υπεῖχες
1368 1404 1477 1471 γὰρ
1515 1408 1629 1467 τοῖς
1666 1407 1779 1459 ἀδι-

208 1482 502 1549 κουμένοις
535 1478 739 1551 μᾶλλον
776 1489 843 1543 τά
873 1484 986 1544 ὦτα
1113 1496 1229 1556 τοῖς
1260 1496 1590 1565 παραινοῦσι
1639 1498 1778 1566 πρὸς

205 1573 445 1638 ὑγίειαν.
488 1579 774 1649 Ἐρῤιψά;,
801 1600 906 1636 που
947 1586 1041 1637 καὶ
1075 1585 1182 1638 τῶν
1238 1589 1441 1656 χειρῶν
1476 1588 1778 1657 ὀνησούσας

208 1667 479 1738 ἰατρείας,
521 1674 664 1742 ὑπὲρ
713 1676 1063 1748 δικαιοσύνης
1107 1678 1537 1750 ἀγωνιζόμενος,
1604 1676 1776 1737 Τοῦτο

207 1756 319 1827 γάρ
393 1761 671 1830 ἀνόμιζες,
739 1766 916 1833 ὀρθῶς
973 1768 1379 1838 διανοούμενος,
1431 1773 1775 1845 ἀλεξιτήριον

207 1852 506 1920 φάρμακον
533 1855 787 1922 γίνεσθαι
816 1864 884 1927 τῇ
917 1862 1091 1932 ψυχῇ,
1142 1864 1209 1934 ἢν
1244 1865 1343 1917 οὐκ
1374 1866 1560 1935 ἠξίους
1592 1884 1771 1938 παρα-

1887 688 2161 737 moveres,
2214 673 2553 742 omninoque
2602 672 2853 743 corporis
2907 673 3087 725 omnia
3137 676 3446 739 commoda,

1888 768 2149 831 tanquam
2184 778 2374 824 sanus,
2400 778 2466 820 ac
2501 772 2689 832 vegeto
2712 778 2962 832 corpore.
2998 773 3304 832 potensque
3356 779 3448 830 ge-

1890 855 2049 920 stire,
2086 870 2150 909 ac
2183 855 2330 909 velut
2353 863 2452 926 pro
2499 856 2752 911 maximis
2792 858 2953 913 rebus
2979 866 3253 911 certamen
3278 863 3447 921 esset,

1882 946 1957 999 ita
1988 960 2291 1015 spcrneres.

1958 1128 2064 1183 Sed
2092 1137 2145 1182 et
2170 1128 2301 1182 illud
2336 1127 2687 1196 stupendum,
2722 1137 2779 1181 ut
2812 1130 2866 1181 et
2894 1129 3121 1182 medicis
3154 1128 3448 1182 clamanti-

1884 1219 2008 1283 b'th,
2049 1216 2158 1272 vim
2184 1229 2235 1272 te
2273 1216 2367 1273 tibi
2403 1215 2582 1288 palam
2627 1210 2830 1282 facere,
2862 1220 2953 1288 qui
2993 1234 3098 1271 non
3128 1219 3311 1272 omnia
3346 1234 3445 1271 ne-

1882 1309 2141 1365 cessariis
2173 1310 2421 1379 cerporis
2446 1312 2752 1365 commodis
2785 1312 3163 1379 posthaberes,
3203 1310 3320 1379 ipse
3362 1309 3446 1362 ni-

1880 1400 1992 1455 bilo
2027 1402 2209 1455 secius
2242 1401 2391 1468 operi
2428 1401 2674 1455 intentus
2714 1414 2888 1455 esses.
2925 1401 3139 1469 Quippe
3167 1401 3444 1454 faciliores

1880 1506 2043 1544 aures
2072 1491 2526 1544 accommodabas
2549 1484 2786 1560 querelis
2810 1490 3130 1558 patientium
3165 1490 3444 1557 injuriam,

1878 1586 2041 1650 Quam
2069 1581 2416 1636 mouentibus
2448 1597 2570 1636 esse
2594 1582 2991 1636 consulendum
3017 1580 3227 1633 afﬂictae
3254 1579 3441 1633 saluti.

1880 1672 1961 1725 Ab
1992 1671 2125 1738 ipsis
2156 1669 2269 1726 fere
2304 1670 2613 1741 projeceras
2645 1670 2923 1733 manibus,
2959 1670 3001 1725 si
3034 1686 3140 1740 qua
3176 1668 3442 1723 medendo

1879 1762 2221 1823 viderentur,
2257 1762 2347 1831 qui
2386 1771 2663 1817 certamen
2716 1764 2915 1818 inisses
2964 1777 3067 1832 pro
3104 1763 3336 1831 justitia.
3386 1760 3441 1814 Id

1878 1855 2022 1908 enim
2051 1855 2221 1922 probo
2248 1863 2378 1907 sane
2398 1854 2626 1909 consilio
2649 1865 3009 1909 averruncum
3037 1856 3233 1907 animae
3265 1868 3443 1907 reme-

207 1942 549 1998 ϐλάπτεσθαι
585 1949 678 2001 τοῦ
718 1952 973 2016 σώματος
1002 1930 1191 2008 ἕνεκα.
1222 1930 1409 2009 Ἦσθα
1442 1954 1535 2013 οὖν
1566 1930 1771 2028 ἀήττη-
1804 1930 1847 1985 Β

1876 1948 2025 2001 dium
2059 1948 2312 2015 putabas,
2350 1948 2437 2002 cui
2472 1949 2695 2003 nolebas
2726 1950 2973 2017 corporis
3008 1948 3246 2004 studium
3282 1947 3444 2017 quid-

205 2040 299 2095 τος
330 2034 386 2086 ἐν
414 2037 529 2098 τοῖς
570 2028 925 2104 δεινοτάτοις,
963 2045 1056 2095 καὶ
1095 2044 1193 2097 οὒκ
1228 2045 1349 2109 aia;
1384 2048 1770 2117 τυραννεῖσθαι

202 2127 266 2179 τὸ
321 2132 575 2197 κρεῖττον
629 2133 735 2185 ὑπὸ
780 2134 874 2188 τοῦ
916 2138 1254 2208 φαυλοτέρου
1282 2154 1297 2169 ·
1359 2140 1387 2191 6
1437 2140 1700 2211 ἀθλητὴς.
1744 2138 1772 2196 6

207 2225 463 2294 στερρὸς,
519 2227 547 2278 6
596 2226 812 2295 ἀδάμας
846 2218 946 2300 τὴν
979 2224 1181 2300 ψυχὴν,
1215 2234 1242 2284 6
1290 2231 1391 2302 τὴν
1438 2236 1589 2304 ἰσχὺν
1624 2233 1773 2298 σιδη-

207 2315 359 2383 ροῦς,
400 2317 455 2368 εί
492 2333 575 2380 τις
633 2322 714 2382 είς
766 2321 827 2373 τὸ
870 2323 1020 2389 παρά
1070 2326 1153 2377 σοὶ
1202 2326 1485 2395 πρόθυμον
1522 2327 1767 2397 ἀφορῲη,

202 2410 302 2461 Stat
328 2409 425 2478 τὴν
450 2409 695 2479 ἔμφυτον
722 2416 1067 2483 προαίρεσιν,
1112 2418 1209 2469 οὐκ
1237 2420 1316 2479 εἰς
1343 2420 1440 2483 τὰς
1462 2420 1555 2473 τοῦ
1583 2420 1773 2489 σώμα-

199 2518 297 2564 τος
329 2501 638 2567 ἀσθενείας,
664 2502 751 2569 αἷς
769 2502 836 2575 ἦν
860 2509 1075 2577 ἀνάγκη
1093 2510 1243 2562 τοὶθ⁹
1266 2512 1610 2573 ὑπενδοῦναι,
1644 2510 1771 2565 σύν-

200 2590 363 2647 θετον
392 2594 452 2649 δν
493 2600 586 2651 καὶ
627 2597 843 2667 θνητόν.
885 2600 1102 2656 Μᾶλλον
1135 2603 1212 2670 δὲ,
1247 2605 1295 2656 εἰ
1326 2603 1421 2657 καὶ
1455 2608 1535 2669 εἰς
1562 2606 1769 2669 ταύτας

196 2695 287 2745 τις
316 2688 565 2761 ἀφορῷη,
589 2692 1088 2763 ὕπερθαυμάσεταί
1136 2713 1196 2749 σε
1222 2697 1324 2766 τῆς
1356 2699 1767 2767 γενναιότητος.

198 2780 282 2833 Τά
312 2783 421 2851 γὰρ
480 2784 734 2853 ἀφόρητα
781 2786 979 2858 ἔφερες
1017 2788 1207 2859 ὥσπερ
1244 2788 1407 2844 ἄλλου
1440 2791 1764 2862 πάσχοντος,

196 2870 233 2942 ἢ
256 2871 393 2942 δναρ
423 2874 597 2929 ταῦτα
617 2874 781 2947 ὀρῶν.

266 3134 377 3197 Καὶ
434 3144 541 3216 μὴν
577 3144 991 3219 περιιστάμενοι
1040 3169 1098 3206 σε
1167 3154 1357 3209 πολλοί
1403 3158 1512 3210 τῶν
1566 3161 1763 3230 ἐπιτη-

1873 2055 2035 2109 quam
2066 2040 2285 2095 obesse.
2310 2037 2466 2093 Malis
2492 2040 2673 2109 itaque
2696 2041 3035 2109 gravissimis
3064 2040 3331 2107 pulsatus,
3361 2040 3443 2092 in-

1874 2130 2203 2199 superabilis
2236 2144 2375 2191 eras,
2409 2112 2510 2184 nec
2537 2131 2616 2182 tui
2649 2131 2971 2183 deteriorem
3008 2138 3217 2197 partem
3243 2128 3290 2181 ei
3320 2141 3442 2196 qua

1871 2235 1954 2279 est
1975 2224 2151 2292 potior
2171 2224 2219 2277 vi
2244 2222 2475 2291 quadam
2500 2223 2768 2278 dominari
2792 2222 3048 2277 siuebas:
3080 2237 3112 2276 ο
3137 2230 3190 2275 ιιι
3210 2222 3436 2285 athleta,

1874 2314 2092 2368 firmum
2125 2322 2337 2383 pectus,
2380 2316 2565 2368 animo
2592 2316 2839 2377 adamas,
2874 2316 3073 2369 robore
3116 2315 3348 2379 ferreus,
3380 2322 3440 2367 ut

1873 2406 1997 2474 quis
2029 2406 2080 2459 in
2114 2406 2281 2460 animi
2319 2417 2468 2461 tuum
2503 2407 2633 2461 illud
2678 2409 3045 2477 propositum,
3081 2409 3439 2473 iunatamque

1872 2497 2227 2563 voluntatem,
2267 2514 2375 2552 non
2418 2506 2476 2553 ut
2529 2499 2583 2552 in
2637 2500 2886 2569 corporis
2922 2499 3135 2553 infirma
3180 2500 3433 2568 aspiciat,

1870 2593 2071 2660 quibus
2097 2591 2223 2647 illud
2257 2597 2468 2655 cedere,
2496 2609 2596 2662 pro
2629 2610 2723 2649 sua
2756 2596 3109 2648 concretione
3142 2610 3204 2646 ac
3228 2603 3437 2646 morta-

1871 2684 2020 2739 litate
2060 2700 2342 2741 necessum
2380 2694 2519 2741 erat.
2554 2686 2667 2741 lmo
2700 2694 2757 2740 ut
2789 2686 2840 2739 iu
2876 2687 2964 2739 illa
2999 2687 3250 2755 aspiciat,
3284 2696 3431 2739 tuam

1871 2778 2017 2831 illam
2051 2780 2473 2847 generositatem
2518 2780 2745 2833 omnino
2794 2779 3117 2832 admiretur.
3158 2778 3231 2830 Ita
3281 2778 3429 2833 enim

1872 2869 2010 2922 mala
2042 2870 2407 2924 intolerabilia
2436 2871 2774 2935 sustinebas,
2812 2878 3073 2939 tanquam
3110 2871 3249 2923 alius
3275 2880 3432 2939 pate-

1872 2971 2045 3025 retur,
2098 2974 2161 3015 ac
2200 2962 2347 3015 velut
2393 2962 2446 3014 in
2499 2961 2707 3017 somnis
2754 2976 2819 3017 ac
2873 2962 3018 3016 nudo
3069 2968 3286 3031 spectro
3321 2974 3430 3014 non

1870 3066 1994 3105 vera
2030 3054 2261 3107 videres.

1940 3143 2047 3199 Sed
2080 3154 2132 3199 et
2173 3145 2468 3200 necessarii
2506 3147 2694 3216 plures
2730 3146 2869 3201 lecto
2910 3146 3258 3213 circumfusi,
3291 3160 3432 3215 quos

192 3224 379 3302 δείων,
402 3232 478 3291 ὧν
507 3242 626 3302 ταῖς
662 3243 853 3313 χερσὶν
882 3246 1257 3316 ἔθεραπεύετό
1310 3266 1407 3303 σου
1448 3251 1608 3321 σῶμα
1658 3224 1761 3307 πάιν
1791 3264 1835 3325 c

1870 3253 1986 3293 rum
2024 3239 2281 3295 manibus
2330 3255 2535 3308 aegrum
2586 3240 2823 3295 curabas
2873 3256 3094 3309 corpus,
3140 3248 3429 3310 postquam

195 3338 354 3398 σχον,
383 3332 505 3385 ἀντὶ
536 3333 645 3385 τῶν
673 3338 1023 3391 πεπονθότων
1057 3356 1141 3393 σοι
1172 3340 1353 3412 μελῶν
1388 3343 1767 3412 ὑπηρετουμέ-

190 3431 325 3505 νιον,
359 3424 516 3490 μόλις
560 3429 691 3481 ποτέ
742 3445 860 3493 πως
908 3428 1227 3501 αἰσθόμενοι
1279 3438 1341 3487 τδ
1382 3436 1623 3503 σφοδρὸν,
1655 3438 1765 3491 τῶν

188 3502 399 3569 όδυνῶν
454 3519 579 3571 ὅσον
616 3518 780 3589 (οὐδὲ
817 3522 927 3590 γὰρ
961 3522 1230 3589 ὲδείκνυς,
1290 3502 1445 3587 εἰδὼς
1504 3502 1765 3596 λυπήσων

192 3609 407 3678 σφόδρα
462 3610 797 3678 φιλοῦντας),
842 3612 940 3682 οὐχ
987 3608 1090 3666 οἷοί
1124 3614 1172 3667 τ’
1203 3610 1344 3685 ἦσαν
1401 3616 1670 3686 ἀδακρυτὶ
1698 3612 1764 3671 τὰ

186 3701 368 3755 διονθ⁹
396 3702 736 3771 ὑπουργετνο
781 3705 917 3757 ἀλλά
951 3707 1110 3774 χερσὶ
1156 3707 1255 3775 μὲν
1292 3708 1552 3769 παίοντες
1606 3710 1764 3777 στέρ-

188 3811 281 3857 να,
325 3795 560 3849 άστακτὶ
594 3794 650 3846 δὲ
681 3794 1030 3863 δακρύοντες,
1057 3795 1321 3866 τοῦδαφος
1351 3796 1581 3867 εὗρεχον
1602 3816 1616 3829 ·
1662 3800 1760 3852 καὶ

181 3886 346 3939 ταῦθ’
382 3887 685 3955 ἐπράττετο
735 3882 889 3955 σιγῇ,
945 3889 1019 3958 μή
1058 3906 1117 3941 σε
1152 3890 1476 3956 λυπήσωσιν
1514 3892 1761 3954 ἄκοντες,

182 3977 517 4045 αἰσθόμενον
547 3971 744 4038 αὐτοὺς
782 3970 922 4047 ὑπὲρ
952 3978 1045 4032 σοῦ
1085 3981 1483 4045 λυπουμένους.
1542 3983 1760 4050 Πέφυκε

182 4070 303 4137 γὰρ
325 4065 385 4121 τὸ
436 4058 630 4135 φιλοῦν
682 4069 896 4139 χαίρειν
942 4088 1003 4123 τε
1049 4072 1349 4141 χαιρόντων
1401 4073 1509 4124 τῶν
1566 4073 1757 4140 φίλων,

179 4156 285 4211 καὶ
305 4156 633 4224 ἀνιωμένοις
655 4157 866 4222 τούτοις
916 4160 1305 4229 συνάχθεσθαι.
1358 4162 1499 4215 Ἀλλ’
1538 4163 1663 4215 ιπεί
1698 4179 1757 4215 σε

177 4249 361 4301 ταῦτα
386 4250 487 4302 οὐκ
521 4249 806 4317 ἐλάνθανε,
854 4252 974 4315 πῶς
1024 4254 1135 4321 γάρ
1164 4270 1180 4318 ;
1214 4254 1474 4321 οὐδεμίαν
1541 4253 1756 4325 σεαυτῷ

180 4341 554 4412 παραμυθίαν
591 4342 819 4406 ἐδίδους,
860 4343 963 4406 ἕως
1012 4345 1209 4406 αὐτοὺς
1252 4346 1490 4409 ἁπέλυες
1521 4347 1618 4399 σὺν
1670 4347 1761 4398 εὖ·

180 4428 381 4504 θυμία.
415 4434 601 4487 Δεινὸν
629 4435 738 4503 γὰρ
762 4425 895 4503 ᾤου,
924 4435 1100 4488 δεινὸν
1134 4435 1184 4487 εἰ
1218 4436 1301 4488 σοί
1338 4439 1439 4504 μὲν
1471 4437 1612 4507 νόσῳ
1652 4439 1759 4491 πά-

179 4536 371 4596 σχοντι
411 4516 520 4577 οἶδε
562 4526 969 4595 συνιλγήσουσι
1024 4517 1115 4579 διὰ
1144 4527 1204 4580 τδ
1231 4529 1358 4598 περὶ
1391 4532 1450 4581 σὲ
1477 4529 1742 4598 μεμηνὺς,

1868 3328 2078 3383 defecta
2105 3331 2349 3385 membra
2385 3332 2436 3385 id
2481 3333 2727 3401 obsequii
2762 3341 3042 3400 negarent,
3078 3335 3165 3388 ubi
3199 3335 3282 3386 vix
3313 3343 3435 3386 tana-

1867 3423 1986 3476 dem
2023 3422 2272 3477 dolorum
2306 3424 2436 3489 vim,
2461 3434 2664 3493 quanta
2688 3436 2836 3481 esset
2869 3428 3252 3495 cognovissent
3281 3427 3424 3495 (non

1864 3512 2012 3569 enim
2053 3515 2409 3579 ostendebas,
2464 3518 2557 3585 qui
2585 3532 2695 3571 rem
2745 3517 2927 3573 charis
2956 3517 3111 3572 valde
3142 3519 3423 3573 molestam

1866 3606 2083 3675 scires),
2120 3606 2265 3661 haud
2297 3608 2555 3678 deinceps
2588 3612 2894 3664 necessaria
2936 3612 3196 3682 obsequia
3229 3612 3331 3665 nisi
3370 3613 3424 3665 iu

1865 3696 2138 3767 lacrymas
2170 3700 2396 3754 resoluti
2442 3711 2690 3769 poterant
2724 3713 3005 3772 prarstare,
3048 3705 3141 3758 sed
3178 3704 3428 3758 manibus

1870 3791 2164 3847 tundentes
2196 3802 2408 3862 pectus,
2447 3809 2508 3847 ac
2537 3794 2767 3847 ubertim
2815 3796 3179 3866 laerymarum
3220 3795 3425 3863 perfusi

1868 3879 2065 3942 imbre,
2100 3882 2277 3936 solum
2325 3883 2674 3951 irrigabaut:
2716 3886 2861 3953 quod
2919 3888 3096 3954 ipsum
3138 3888 3429 3955 gerebatur

1863 3972 2102 4036 silentio,
2133 3988 2200 4028 ue
2239 3982 2291 4028 te
2325 3974 2483 4029 inviti
2526 3977 2941 4040 contristarent,
2980 3994 3119 4047 quos
3148 3980 3223 4032 tui
3263 3992 3426 4033 causa

1861 4064 2181 4119 contristari
2218 4066 2412 4121 scires.
2447 4068 2638 4122 Solent
2687 4070 2832 4124 enim
2884 4070 3045 4123 atuiei
3083 4072 3430 4138 congau‘lerd

1861 4156 2229 4223 gaudentibus
2257 4158 2473 4223 amicis,
2503 4174 2567 4214 ac
2608 4175 2731 4214 eum
2770 4162 2961 4216 iisdem
2998 4163 3248 4217 tristibus
3280 4162 3429 4231 paria

1859 4254 1941 4301 ter
1971 4246 2203 4302 tristari.
2236 4248 2376 4314 Quia
2417 4251 2699 4304 enimvero
2744 4260 2797 4305 te
2833 4252 2946 4305 lucc
2980 4268 3087 4305 non
3139 4254 3377 4305 latebant
3413 4268 3427 4305 :

1859 4340 1953 4409 qui
1980 4340 2126 4393 enim
2157 4341 2512 4409 potuissent?
2544 4343 2750 4396 nullum
2779 4343 2873 4396 tibi
2907 4344 3246 4398 concedebas
3276 4345 3423 4396 leva-

1859 4447 2002 4495 men,
2036 4433 2212 4487 douec
2258 4434 2680 4503 azquauimiores
2731 4438 2900 4491 factos
2953 4450 2983 4489 ι
3019 4447 3068 4490 te
3098 4436 3421 4490 dimisisses.

1856 4521 2033 4577 Grave
2066 4524 2334 4593 siquidem
2384 4526 2610 4580 omnino
2646 4528 2897 4594 putabas,
2939 4537 2998 4580 ut
3043 4527 3268 4581 affectus
3309 4529 3424 4595 ipse

175 4621 347 4680 αὐτὸς
376 4610 433 4670 δὲ
472 4612 696 4680 τούτους
728 4612 936 4687 σφόδρα
970 4617 1166 4686 φιλῶν,
1204 4620 1390 4682 ἐάσεις
1416 4623 1473 4673 ὲν
1508 4620 1588 4691 τῷ
1612 4616 1751 4692 ὑπὲρ
1787 4626 1829 4686 D

1859 4628 1922 4668 ac
1951 4629 2116 4682 aeger,
2148 4614 2215 4668 ab
2254 4615 2568 4684 impensiori
2594 4619 2800 4671 amoris
2834 4620 2881 4671 vi
2920 4619 3015 4672 tibi
3045 4620 3421 4685 condulentes,

175 4710 275 4763 σοῦ
316 4711 571 4778 πάσχειν.
630 4710 727 4763 Διά
774 4710 971 4775 ταῦτα,
1011 4710 1121 4764 τῶν
1152 4713 1444 4783 ἀφορήτων
1474 4730 1533 4765 σε
1596 4721 1751 4767 συνε-

172 4801 393 4872 χουσῶν
448 4802 675 4863 ὀδυνῶν,
734 4803 922 4871 ἠρέμα
963 4819 1079 4863 πως
1146 4804 1310 4867 αὐτὸς
1346 4804 1569 4873 μειδιῶν
1608 4804 1750 4873 μετά

171 4886 276 4961 τῆς
331 4891 582 4959 ἐμφύτου
647 4892 1001 4962 σεμνότητος,
1066 4894 1311 4963 ῥήμασιν
1351 4894 1530 4964 ἡδίοσι
1586 4894 1751 4965 ῥόδων

171 4984 383 5045 αὐτοὺς
447 4983 715 5047 επαττες·
774 4979 870 5039 καὶ
926 4987 1057 5056 ῥᾷον
1118 4986 1265 5056 ἔχειν
1303 4987 1747 5057 ἰσχυριζόμενος,

177 5078 327 5146 μετά
363 5078 751 5147 χρηστοτέρων
781 5078 1018 5131 ἐλπίδων
1038 5080 1223 5133 οἴκαδε
1253 5080 1467 5143 πάντας
1516 5080 1751 5149 ἐξέπεμο

176 5187 308 5232 πες.
341 5168 534 5240 Ταύτῃ
556 5186 637 5221 τοι
679 5172 771 5222 καὶ
798 5173 859 5223 τδ
885 5172 1015 5241 περὶ
1052 5172 1109 5224 σὲ
1140 5172 1350 5225 πάντων
1377 5172 1605 5241 φίλτρον
1632 5172 1751 5243 διη-

174 5257 355 5319 νεκῶς
380 5259 655 5324 ἔπεδίδου,
685 5260 1083 5329 θαυμαζόντων
1114 5280 1207 5315 σου
1238 5262 1339 5331 τὴν
1388 5264 1751 5335 γενναιότητα

174 5353 276 5405 καὶ
307 5352 399 5404 τὸν
428 5353 507 5415 είς
530 5352 730 5415 αὐτοὺς
758 5353 958 5421 ἔρωτα.

244 5533 440 5594 Οὕτως
465 5535 493 5585 6
521 5532 634 5599 βίος
673 5549 756 5588 σοι
800 5537 905 5596 ua,-
932 5536 1085 5605 ἀγὼν
1119 5538 1261 5607 ὑπὲρ
1290 5538 1493 5607 ἀρετῆς
1524 5538 1617 5591 καὶ
1656 5539 1747 5592 τιΰ

173 5626 541 5691 γιγνομένου,
588 5628 684 5679 καί
724 5644 821 5681 σου
860 5629 919 5682 τδ
963 5631 1073 5698 ,ρῶς
1098 5631 1403 5700 ἐξέλαμψεν
1430 5626 1747 5701 ἔμπροσθεν

174 5716 287 5766 τῶν
320 5714 652 5785 ἀνθρώπιον,
696 5718 755 5771 εὖ
808 5721 1085 5783 ποιοῦντος
1155 5723 1255 5791 μὲν
1280 5725 1406 5784 τοὺς
1444 5726 1590 5785 σοὺς.
1624 5725 1747 5777 ὅσον

172 5807 277 5858 οὐκ
309 5807 374 5858 ἂν
405 5802 475 5875 ἦν
522 5807 773 5877 βέλτιον,
808 5813 1104 5878 κρατοῦντι)
1175 5814 1229 5865 δὲ
1282 5815 1389 5867 τῶν
1445 5816 1743 5883 πολεμίων,

176 5893 301 5948 ὅσον
342 5897 407 5947 ἐκ
437 5896 548 5949 τῶν
574 5896 753 5968 ἔργων
785 5900 960 5969 ἐφάνη
989 5916 997 5927 ·
1032 5903 1213 5955 γαίτιοι
1248 5906 1346 5958 κά.»
1376 5905 1523 5973 αὐτῷ
1558 5904 1633 5971 τῷ
1664 5920 1744 5956 νοε-

1857 4722 1998 4768 quos
2028 4715 2191 4774 supra
2222 4707 2442 4761 modum
2474 4707 2706 4764 haberes
2734 4710 2947 4773 charos,
2986 4712 3061 4764 tui
3110 4727 3242 4779 ergo
3285 4712 3422 4765 allici

1857 4798 2089 4854 sineres.
2120 4798 2512 4864 Quamobrem,
2547 4816 2708 4870 quem
2741 4802 2962 4855 dulorcs
2992 4804 3317 4857 iutolcraudi
3350 4810 3427 4857 tea-

1855 4900 2071 4956 nerent,
2095 4891 2276 4959 quiete
2304 4907 2367 4947 ac
2392 4892 2597 4947 blande
2624 4894 2808 4948 innata
2835 4896 2923 4948 illa
2951 4896 3214 4949 modestia
3243 4897 3425 4949 subri-

1854 4983 2013 5047 dens,
2046 4984 2229 5039 verbis
2260 5000 2425 5053 supra
2459 5000 2613 5040 rosas
2650 4986 2990 5042 dulcioribus
3040 5004 3135 5041 eos
3165 5001 3419 5053 asperge-

1852 5074 1972 5140 bas,
1994 5074 2379 5145 aliirmansque
2404 5078 2580 5132 lenius
2605 5078 2825 5142 habere,
2854 5081 3139 5133 meliorum
3171 5095 3264 5149 spe
3310 5083 3423 5146 p'c-

1853 5182 1954 5221 nos
1977 5183 2165 5223 omnes
2196 5169 2416 5223 domum
2451 5172 2794 5227 remittebas.
2842 5173 2957 5238 Qua
2994 5189 3049 5226 re
3090 5172 3333 5225 omnium
3367 5174 3418 5227 in

1853 5261 1905 5309 te
1932 5258 2138 5312 amoris
2183 5258 2265 5313 vis
2290 5258 2494 5329 jugiter
2523 5263 2849 5331 augebatur,
2884 5277 3007 5317 cum
3047 5274 3188 5315 tuam
3222 5263 3295 5316 illi
3339 5264 3422 5315 iu-

1852 5348 2189 5414 genuitatem
2227 5364 2291 5406 ac
2337 5363 2581 5407 amorem
2618 5354 2670 5407 in
2719 5355 2867 5423 ipsus
2915 5356 3287 5409 vehementius
3319 5358 3417 5407 ςιιιδ
3512 5354 3515 5357 ’

1852 5440 2208 5495 mirarentur.

1931 5530 2025 5585 Sic
2077 5534 2173 5586 tibi
2224 5534 2329 5587 vita
2363 5543 2474 5589 tota
2527 5545 2803 5591 certamen
2837 5552 2934 5605 pro
2988 5538 3203 5597 virtute,
3246 5553 3306 5589 τις·
3350 5551 3414 5589 -o

1851 5627 1997 5695 quod
2029 5639 2173 5680 esset
2201 5642 2380 5695 operte
2414 5629 2647 5695 pretium
2680 5628 2802 5691 fuit,
2842 5642 3104 5697 tuumque
3165 5631 3293 5682 illul
3328 5634 3413 5683 lu-

1852 5736 1973 5773 nteu
2009 5720 2179 5773 eluxit
2203 5736 2385 5773 coram
2422 5722 2757 5787 hominibus,
2794 5726 2881 5790 qui
2920 5732 3039 5775 tuos
3076 5729 3317 5792 quidem,
3358 5740 3416 5781 ut

1854 5820 2087 5876 lltultteul
2123 5811 2336 5873 melius,
2360 5810 2722 5863 demerercris
2752 5826 2813 5863 ac
2855 5811 3012 5863 bonis
3041 5828 3286 5877 augeres.
3317 5812 3416 5863 im.

1850 5913 1963 5959 sles
1990 5914 2169 5957 autem
2197 5904 2367 5958 victor
2390 5916 2704 5971 Superstes,
2729 5913 2991 5972 quantum
3014 5901 3220 5972 liquido
3252 5916 3413 5969 epeia
