4208 6444
224 458 333 521 293

1006 455 1406 517 THEODORI
1441 456 1804 519 DESPOTAS
1847 460 2233 520 LAUDATIO
2273 460 2685 524 FUNEBRIS.

3350 463 3458 527 295

300 568 459 623 Εἶεν·
496 568 609 637 ἐγὼ
638 569 695 623 δὲ
751 570 805 621 τί
836 572 1155 639 χρήσωμαι;
1189 570 1444 640 Τέτρωκε
1473 572 1581 642 γάρ
1622 573 1656 642 ὴ
1693 575 1793 625 οὐκ
1824 616 1829 631 .

1968 571 2058 625 Sic
2092 588 2237 626 vero.
2274 573 2384 641 Ego
2416 584 2595 627 autem
2628 571 2757 641 quid
2790 574 2987 642 agam?
3021 573 3233 644 Quippe
3270 592 3459 628 thtlln-

227 665 409 732 ἀγαθὴ
442 664 601 731 τύχη,
637 665 729 715 καὶ
758 663 818 713 τὸ
849 663 1031 729 ἄλγος,
1085 663 1160 724 ὼς
1206 664 1487 731 ἀφόρητον
1513 680 1527 695 ο
1564 663 1626 715 οὐ
1685 664 1792 733 μὴν

232 758 451 810 ἰάσεταί
480 772 564 821 γε,
603 754 1090 825 ὥσπερἋχιλλεύς
1128 772 1256 807 ποτε
1310 756 1577 823 Τήλεφον.
1612 755 1793 823 Οὔσης

228 850 273 901 δ’
306 851 530 901 ἀνιάτου
557 850 654 915 τῆς
691 846 928 916 πληγῆς,
963 847 1057 898 καὶ
1087 846 1246 899 τοῦτο
1302 849 1599 914 πρόσεστιν
1660 847 1792 915 ἡμῖν

230 940 292 992 τὸ
338 939 552 1009 ἀνώμαὲ
568 957 645 991 ον.
680 940 754 990 Τὸ
787 939 893 1008 γάρ
943 938 1216 1006 ἀφόρητον
1250 939 1407 991 τοῦτο
1474 938 1646 998 πάθος
1683 938 1791 1005 βιά-

226 1032 382 1095 ζεται
407 1034 507 1101 μὲν
532 1033 852 1102 τραγῳδεῖν,
890 1034 984 1085 καὶ
1012 1032 1139 1092 τοὺς
1170 1031 1530 1097 γιγνομένους
1561 1030 1791 1099 θρήνους

233 1125 563 1186 συντιθέναι,
620 1125 761 1191 ὑπὲρ
818 1124 1023 1193 ζημίας
1090 1124 1188 1190 μὲν
1222 1122 1431 1191 κοινῆς,
1490 1122 1687 1190 ζημίας
1735 1121 1791 1173 δὲ

229 1219 379 1279 ίδίως
414 1218 571 1284 ἐμοί·
607 1217 777 1285 ἑτέρῳ
815 1216 870 1267 δὲ
905 1217 1068 1269 πάλιν
1105 1216 1291 1283 τρόπῳ
1351 1215 1791 1282 προσαναγκάζει

225 1313 357 1379 σιγῇ
417 1309 700 1377 δακρύειν,
756 1309 968 1378 νάρκην
1022 1308 1117 1360 καὶ
1167 1307 1433 1375 νέκρωσιν
1506 1306 1788 1373 ἐμποιοῦν.

225 1402 374 1469 Πρὸς
402 1400 494 1453 οὖν
521 1402 802 1469 ἀμφότεροι
834 1398 1109 1452 συνωθοῦν
1139 1397 1275 1464 πρὸς
1304 1398 1595 1458 οὐδέτερον·
1617 1394 1791 1447 ἐλθεῖν

222 1494 433 1545 δεδωσι.
470 1494 544 1543 Τὸ
576 1494 687 1561 γάρ
722 1492 857 1559 πρὸς
887 1492 1152 1543 τάναντία.
1180 1492 1322 1542 κατὰ
1353 1488 1554 1541 ταυτὸν
1589 1487 1790 1556 πορεύ-

223 1589 385 1638 εσθαι
435 1585 755 1654 βιαζόμενον
790 1584 888 1651 τὴν
938 1582 1072 1650 πρὸς
1132 1581 1371 1649 ἑκάτερά
1434 1598 1549 1641 πως
1605 1579 1791 1646 ἄφιξιν

220 1679 427 1747 εἴργει.
491 1676 649 1728 Οὕτω
707 1674 955 1727 ποικίλον
1002 1673 1062 1725 τὸ
1119 1672 1442 1741 τυραννοῦν,
1476 1671 1572 1722 καὶ
1607 1670 1793 1722 κακῶν

219 1771 507 1821 ἐπέκεινα.
556 1768 763 1835 Τυφλοῖ
824 1766 931 1834 γὰρ
963 1764 1107 1833 μάλα
1148 1766 1277 1825 τοὺς
1319 1763 1638 1831 λογισμοὺς,
1696 1764 1789 1814 καὶ

220 1864 485 1931 ταράττει
532 1861 631 1928 τὴν
663 1860 924 1921 διάνοιαν,
959 1860 1054 1911 καὶ
1084 1860 1277 1926 συγχεῖ
1328 1875 1442 1919 πως
1500 1858 1593 1909 καὶ
1647 1858 1790 1926 κυκᾷ

226 1954 413 2006 πάντα
442 1952 589 2005 νοῦν.

294 2043 435 2096 Ἀλλ’
483 2037 527 2096 ὧ
574 2043 669 2095 καὶ
724 2040 1107 2110 θαυμαζόμενε
1154 2040 1248 2093 καὶ
1316 2039 1631 2108 φιλούμενε,
1688 2040 1789 2108 οὐχ

214 2137 369 2196 ὅπως
408 2137 495 2187 ὅτε
526 2133 744 2202 περιῆς,
785 2131 922 2183 ἀλλὰ
959 2135 1054 2183 καὶ
1089 2130 1184 2182 νῦν
1216 2133 1510 2198 μεταστάς,
1539 2133 1634 2184 καὶ
1658 2132 1794 2201 μᾶλ-

214 2227 310 2279 λον
344 2226 438 2278 νῦν
477 2225 507 2292 ἦ
540 2224 646 2293 πρὸ
678 2222 796 2275 τοῦο
835 2223 903 2275 τά
956 2223 1064 2289 γὰρ
1092 2222 1273 2287 ἀγαθά
1304 2222 1575 2289 κρυϐἐντᾳ
1612 2225 1790 2275 ποθει-

214 2319 419 2387 νότερα
451 2316 595 2383 φιλεῖ
622 2315 890 2382 γίνεσθαι·
916 2314 969 2365 τί
994 2315 1055 2383 δή
1090 2332 1216 2367 ποτε
1242 2314 1420 2367 κανὼν
1443 2314 1789 2382 δικαιοσὺνης

216 2411 526 2479 ὑπάρχων,
578 2407 676 2476 ἐμέ
722 2424 838 2469 πως
899 2406 1084 2474 (οφθης
1137 2407 1448 2476 ἠδικηκώς;
1518 2408 1627 2460 Καὶ
1680 2411 1787 2478 γὰρ

214 2497 387 2557 αὐτὸς
415 2493 662 2547 ἀπελθὼν
684 2497 820 2547 ὅπου
868 2512 931 2561 γε
980 2497 1198 2559 πάντως
1232 2496 1536 2566 ἀφιξόμεθα
1564 2500 1785 2564 πάντες,

216 2590 323 2657 ἐμὲ
358 2590 585 2641 κατόπιν
623 2587 797 2639 ἐλθεῖν
826 2588 1066 2656 ἀφῆκας,
1104 2588 1197 2641 καὶ
1230 2589 1401 2658 ταύτῃ
1430 2609 1519 2659 μοι
1550 2593 1638 2643 τὸν
1673 2592 1787 2657 βίον

212 2679 461 2731 ἀϐίωτον
516 2680 609 2729 καὶ
668 2677 846 2743 πάντη
878 2678 1261 2747 χαλεπώτατον
1288 2678 1515 2747 ἔφηνας.
1564 2682 1635 2732 Οὐ
1680 2680 1785 2749 μὴν

210 2770 361 2822 ἀλλά
393 2773 482 2822 καὶ
506 2770 666 2831 αὐτὸς
694 2770 929 2837 ἐμαυτὸν
964 2771 1200 2839 ἠδίκηκα
1243 2773 1444 2841 τρόπον
1470 2772 1678 2841 ἕτερον,
1710 2775 1784 2842 μὴ

210 2860 490 2927 πρότερόν
541 2874 634 2909 σου
685 2858 775 2910 τὸν
828 2859 940 2927 βίον
991 2860 1293 2913 ἀπολιπών.
1334 2862 1484 2913 Ἔδει
1533 2865 1643 2932 γὰρ
1692 2865 1787 2919 καὶ

213 2951 433 3023 βέλτιον
481 2945 549 3019 ἦν
603 2951 746 3017 ἐμοὶ,
788 2949 861 3019 μὴ
906 2948 1012 3015 ,σοῦ
1067 2951 1160 3004 τοῦ
1222 2953 1488 3021 νεωτέρου
1530 2954 1785 3021 γενέσθαι

208 3041 502 3109 δεύτερον,
547 3041 682 3111 πρὸς
731 3040 793 3093 τὸ
828 3042 1164 3110 μεταστῆναι
1208 3042 1397 3096 τῶνδε.
1431 3044 1573 3096 Ἀλλ’
1622 3044 1788 3111 ἔφθα-

212 3134 323 3195 σάς
358 3150 420 3199 γε
450 3134 619 3201 ἡμᾶς,
650 3134 723 3191 ὼς
751 3133 853 3185 οὐκ
885 3131 1082 3200 ὢφελεο
1132 3136 1228 3185 καὶ
1264 3136 1447 3203 ἡμεῖς,
1476 3136 1551 3199 ὼς
1586 3136 1781 3201 ἔοικεν,

1898 666 2033 716 ravit
2061 665 2198 718 mala
2228 664 2466 728 fortuna,
2499 666 2782 736 dolorque,
2812 670 2912 720 lien
2945 683 3108 733 quam
3144 667 3460 722 intolerabi-

1897 758 1962 811 lis
1987 758 2000 810 ί
2029 772 2128 811 nec
2168 769 2369 817 tamen.
2412 760 2491 812 uti
2524 761 2803 828 quondam
2853 759 3151 829 Telephum
3198 763 3310 816 Ach
3338 763 3456 825 lles,

1894 858 2149 903 sanatura
2178 850 2270 902 sit.
2301 849 2470 903 Porro
2500 860 2679 904 autem
2717 852 3004 905 insanabili
3034 852 3187 920 plaga
3225 854 3322 906 hoc
3361 871 3458 905 no-

1895 940 1978 993 bis
2006 940 2224 993 cumulo
2259 940 2523 1005 iuaequale
2573 941 2801 1000 accedit.
2862 938 2996 992 Nam
3030 941 3189 994 dolor
3235 943 3379 1007 quid-
3406 956 3454 994 ut

1894 1044 1993 1097 pro
2027 1028 2353 1083 intolerabili
2385 1045 2482 1083 sua
2513 1031 2779 1098 gravitate
2807 1032 2925 1083 dire
2958 1030 3245 1084 lamentari
3288 1033 3454 1095 cogit,

1894 1136 1957 1173 ac
2000 1136 2122 1175 cum
2172 1120 2404 1188 jactura:
2438 1122 2769 1188 communis,
2826 1133 2936 1175 tum
2988 1138 3121 1176 meae
3161 1124 3458 1191 singularis

1894 1228 2081 1277 eausa,
2122 1214 2187 1265 ad
2243 1214 2584 1283 pangendant
2633 1214 2862 1266 naeniam
2895 1229 3194 1282 congruam
3234 1216 3403 1279 adigit
3442 1232 3454 1266 :

1896 1303 2145 1371 idemque
2171 1318 2362 1356 rursus
2388 1303 2489 1356 alia
2521 1303 2751 1365 ratione,
2786 1312 3056 1371 torporem
3086 1304 3361 1371 ingerens,
3397 1316 3456 1357 ac

1895 1392 2041 1444 velut
2092 1406 2347 1452 enecans,
2382 1393 2607 1446 silentio
2660 1394 2845 1461 lugere
2896 1394 3111 1445 abunde
3155 1394 3453 1460 compellit.

1892 1479 1994 1544 Qui
2028 1495 2159 1549 ergo
2190 1480 2256 1533 ad
2288 1490 2581 1549 utrumque
2612 1483 2923 1550 compellat,
2952 1491 3202 1534 neutrum
3240 1498 3342 1534 ass:
3364 1484 3454 1548 qui

1892 1574 2042 1626 sinit.
2078 1572 2231 1633 Quod
2256 1573 2401 1625 enim
2433 1588 2528 1641 per
2568 1574 2706 1627 idem
2741 1584 2957 1642 tempus
2987 1574 3326 1627 contrarium
3354 1578 3456 1626 itct'

1890 1664 2104 1731 insequi
2138 1664 2302 1733 cogit,
2333 1674 2391 1718 ut
2420 1665 2486 1719 ad
2522 1674 2774 1719 neutrum
2810 1671 3160 1735 perveniatur
3186 1666 3336 1720 facit.
3366 1667 3457 1722 Sic

1893 1756 2103 1807 varium
2137 1765 2220 1809 est
2251 1756 2392 1823 quod
2426 1757 2531 1809 vim
2562 1757 2718 1820 facit,
2759 1773 2823 1810 ac
2848 1773 3188 1825 exsuperans
3226 1760 3451 1811 malum.

1896 1845 2058 1900 Valde
2082 1848 2226 1900 enim
2257 1848 2522 1901 rationem
2553 1859 2737 1911 caecat,
2774 1864 2836 1902 ac
2875 1852 3059 1902 turbat
3095 1850 3450 1913 intellertum,

1892 1940 2248 2007 animumque
2280 1948 2449 1993 totum
2484 1940 2632 1993 velut
2661 1941 2851 1992 miscet
2879 1949 3041 2008 atque
3073 1939 3380 1993 confundit.

1960 2032 2274 2097 Enimvero,
2308 2048 2339 2084 ο
2385 2032 2804 2087 admirationem
2842 2035 3046 2102 pariter
3090 2049 3154 2087 ac
3209 2049 3451 2089 amorem

1892 2123 2116 2188 habens,
2174 2124 2373 2177 nedum
2429 2139 2551 2177 cum
2600 2139 2723 2177 eras
2772 2128 2880 2179 vita
2933 2127 3365 2194 superstes,sed
3401 2137 3455 2181 et

1890 2216 2051 2268 modo
2073 2222 2363 2283 postquam
2393 2221 2444 2268 in
2480 2217 2614 2270 vivis
2642 2232 2763 2272 esse
2799 2218 3052 2273 desiisti.
3087 2221 3309 2288 jamque
3338 2236 3455 2273 am-

1890 2308 2031 2375 plius
2066 2324 2226 2376 quam
2261 2317 2379 2361 toto
2415 2319 2562 2362 retro
2591 2320 2870 2379 tempore:
2918 2313 3097 2381 majus
3122 2314 3321 2382 quippe
3353 2315 3451 2369 de-

1887 2398 2144 2453 siderium
2200 2400 2515 2455 abscondita
2565 2401 2704 2455 bona
2754 2403 2953 2457 habent
2984 2404 3170 2459 ciere:
3205 2415 3263 2460 ut
3315 2407 3449 2475 quid

1890 2507 2077 2545 norma
2128 2493 2399 2546 exsistens
2428 2495 2674 2563 justitiae,
2709 2509 2793 2548 me
2822 2493 3045 2549 fratrem
3098 2498 3247 2552 visus
3288 2514 3347 2553 es
3372 2501 3454 2551 in~

1884 2584 2027 2650 juria
2077 2582 2369 2637 allecisse?
2399 2584 2718 2639 Concedens
2762 2586 2909 2639 enim
2949 2603 3056 2654 quo
3090 2598 3305 2655 oportet
3329 2606 3451 2642 om.

1887 2674 2017 2726 nino
2041 2674 2408 2728 concedamus
2441 2689 2653 2736 omnes,
2688 2690 2883 2742 meque
2932 2687 3079 2729 retro
3112 2687 3163 2729 te
3199 2679 3349 2745 sequi
3378 2680 3450 2733 si-

1888 2782 2040 2826 nens,
2070 2768 2232 2819 vitam
2289 2783 2373 2820 me
2424 2784 2529 2821 non
2567 2770 2780 2821 vitalem
2814 2786 2875 2822 ac
2922 2786 3150 2837 prorsus
3176 2773 3451 2827 IIIOllSliS'

1885 2860 2079 2911 simam
2124 2859 2306 2913 vivere
2357 2857 2554 2915 fecisti.
2586 2858 2706 2921 Sed
2742 2872 2793 2914 et
2836 2862 2961 2913 mihi
2997 2864 3108 2929 ipse
3143 2878 3237 2929 per
3284 2865 3467 2923 alium,

1886 2952 2104 3005 modum
2126 2946 2381 3020 injuriam
2409 2951 2532 3015 feci,
2564 2952 2657 3021 qui
2685 2968 2789 3009 non
2829 2966 2877 3006 te
2908 2955 3056 3022 prior
3089 2957 3225 3009 vivis
3266 2972 3453 3011 excesv-

1886 3043 2071 3097 serim.
2101 3042 2206 3097 Par
2235 3044 2433 3113 quippe
2463 3058 2525 3097 ac
2564 3044 2692 3097 mihi
2719 3046 3084 3113 prmstabilius
3125 3060 3264 3107 erat,
3288 3059 3343 3099 ut
3384 3062 3451 3102 ne

1887 3135 2208 3203 migratione
2231 3153 2258 3189 a
2280 3136 2620 3204 vitajuniore
2642 3144 2690 3190 te
2712 3138 2979 3205 posterior
2998 3139 3203 3191 ﬁerem.
3221 3139 3286 3192 At
3305 3139 3447 3193 enim

210 3226 521 3295 ἀχώριστοί
556 3242 649 3278 σου
688 3225 936 3291 λέγοντες
964 3224 1208 3291 ἔσεσθαι,
1257 3227 1609 3297 ἠλέγχθημεν
1659 3221 1829 3297 ψευ-(

1886 3228 2025 3292 quod
2058 3226 2282 3280 minime
2330 3242 2546 3295 mquum
2595 3236 2735 3292 erat,
2767 3242 2867 3279 nos
2903 3229 3233 3295 prmvenisti,
3267 3231 3451 3283 volenv

210 3320 460 3386 δόμεναι.
500 3316 669 3377 Αὐτὸς
700 3316 809 3384 γάρ
832 3315 975 3386 ᾤχου
1006 3316 1141 3384 πρὸς
1164 3316 1316 3382 Θεὸν,
1347 3318 1502 3384 ἀφεὶς
1536 3320 1594 3371 τὸ
1626 3321 1783 3386 σῶμα

210 3411 281 3478 τῇ
321 3410 417 3475 τῇ·
446 3408 607 3473 ἡμεῖς
642 3404 685 3457 δ’
718 3405 948 3457 ἐνταῦθα
998 3405 1352 3474 διατρίσομεν
1386 3406 1488 3461 έτν
1523 3411 1685 3477 ἐχρῆν
1726 3410 1784 3462 δδ

208 3500 336 3567 ἅμα
362 3499 439 3567 τῷ
469 3498 724 3561 δέξασθαι
750 3498 847 3566 τὴν
883 3497 1142 3565 ἀγγελίαν
1167 3500 1264 3569 τὴν
1296 3499 1542 3571 πρώτην,
1571 3500 1643 3564 ὼς
1676 3503 1783 3571 ἄρα

213 3607 305 3642 σοι
370 3591 428 3640 τὸ
484 3588 704 3657 πνεῦμα
752 3588 1096 3657 ἀπελήλυθε,
1134 3592 1227 3643 καὶ
1280 3592 1476 3654 αὐτοὺς
1527 3594 1586 3644 τὸ
1624 3594 1782 3661 σῶμα

208 3681 631 3749 ἀποθεμένους,
679 3679 858 3749 κούφῃ
907 3683 997 3733 καὶ
1050 3685 1322 3753 γυμνῇτῇ
1362 3683 1507 3753 ψυχῇ
1544 3685 1640 3753 τὴν
1686 3684 1782 3753 σὴν

210 3770 459 3824 κατόπιν
506 3768 720 3820 διώκειν
743 3810 756 3833 ,
789 3769 863 3832 ὡς
891 3768 1063 3839 ταύτῃ
1093 3787 1155 3837 γε
1186 3772 1282 3840 τὴν
1316 3772 1577 3841 ταχίστην
1615 3790 1783 3826 κατα-

207 3860 512 3919 λαϐόντας,
543 3859 807 3926 διηνεκῶς
843 3858 1029 3929 ἐκείνῃ
1056 3859 1572 3929 συνεῖναι.Ἑλέγχει
1602 3862 1782 3914 τοίνυν

206 3953 273 4004 τὸ
300 3953 560 4021 πρᾶγμα,
580 3949 652 4009 ὼς
683 3950 882 4018 μᾶλλόν
900 3967 961 4017 γε
980 3950 1190 4017 ἐδείχθη
1203 3969 1300 4020 μεν
1326 3952 1577 4019 φιλόζωοί
1607 3971 1664 4004 τε
1690 3954 1783 4007 καὶ

207 4044 593 4112 φιλοσώματοι
628 4044 911 4107 περιόντες
953 4043 1046 4094 σοῦ
1081 4042 1330 4105 θανόντος
1367 4044 1398 4113 ἢ
1438 4044 1655 4113 ἀληθεῖς
1689 4045 1783 4100 καὶ

202 4137 556 4205 φιλάδελφοι.
596 4134 810 4188 Ἐκεῖνο
866 4136 930 4203 δὴ
987 4136 1304 4203 λογίζεσθαι
1369 4137 1517 4206 χρὴ,
1572 4138 1643 4200 ὠς
1693 4137 1782 4208 ἄρ’

200 4230 390 4297 ἐχρῆν
419 4244 486 4293 με
530 4228 623 4278 καὶ
673 4225 819 4278 τοῦτ’
856 4225 1007 4290 ίδεῖν,
1054 4227 1081 4278 ὃ
1127 4228 1188 4296 δὴ
1223 4228 1316 4280 καὶ
1350 4232 1532 4298 χεῖρον
1574 4228 1783 4284 πολλῶν

200 4320 493 4372 θανάτων.
558 4316 809 4378 Εὑσεϐὦς
858 4319 966 4386 γὰρ
1010 4320 1302 4387 νοουμένου
1354 4318 1446 4371 τοῦ
1500 4321 1780 4388 ῥήματος,

198 4414 507 4483 ἑπέπρωτό
539 4429 627 4481 μοι
655 4415 746 4463 καὶ
770 4411 886 4464 τόδε
911 4411 969 4463 τὸ
992 4411 1271 4480 δυστυχὲς,
1297 4413 1395 4480 τὴν
1425 4411 1511 4468 διά
1553 4412 1610 4463 σὲ
1648 4412 1783 4480 πλη-

196 4509 315 4575 γὴν
378 4505 479 4574 ἤδη
517 4504 795 4569 δέξασθαι,
829 4503 929 4571 τὴν
962 4503 1130 4564 ὅντως
1170 4521 1232 4572 γε
1267 4505 1486 4572 καιρίαν
1531 4506 1624 4558 καὶ
1657 4504 1778 4573 μεί-

198 4600 313 4661 ζω,
383 4596 477 4647 ἐπὶ
537 4595 759 4657 πολλαῖς
813 4610 871 4648 τε
930 4596 1022 4647 καὶ
1082 4597 1305 4663 πικραῖς
1356 4594 1776 4664 προλαϐοῦσαις.

194 4686 376 4740 ’τοῦθ’
409 4686 483 4749 ὡς
534 4685 711 4741 ἔοικεν
754 4687 1042 4755 ἁμαρτιῶν
1088 4688 1220 4757 ἡμῖν
1264 4691 1412 4739 ἐστιν
1469 4687 1777 4754 εῖσπραξις,

199 4782 356 4848 πρὶς
398 4779 465 4848 ἢν
497 4780 558 4833 οὐ
582 4779 696 4834 δέον
728 4778 1069 4847 άφηνιάξειν.
1102 4777 1254 4831 Ἐπεὶ
1282 4778 1336 4830 δὲ
1366 4777 1506 4830 οὕτω
1535 4777 1779 4830 δέδοκται

190 4874 286 4942 τῷ
324 4874 507 4941 [Ιατρλ⁸
546 4872 647 4941 μὲν
703 4873 843 4925 κατὰ
877 4873 1055 4940 χάριν,
1087 4871 1322 4942 δεσπότῃ
1351 4872 1407 4923 δὲ
1442 4872 1585 4923 κατὰ
1617 4876 1778 4937 φὺτιν

195 4969 308 5020 καὶ
357 4965 643 5033 κηδεμόνι,
680 4966 739 5016 ὲν
770 4967 902 5017 πᾶσι
934 4965 1031 5034 μὲν
1062 4965 1222 5033 χάριν
1249 4964 1453 5026 είδότες
1476 4963 1781 5015 διατελέσο-

197 5074 341 5129 μεν·
387 5058 465 5126 τῷ
497 5056 541 5111 δ’
571 5056 639 5112 αὖ
692 5057 868 5125 καιρῷ
913 5060 1003 5109 καὶ
1049 5060 1115 5126 τῇ
1146 5056 1426 5126 συμφορᾷ,
1458 5056 1580 5106 ὅσον
1608 5054 1775 5119 εἰκὸς,

185 5150 593 5218 ἀποδώσομεν,
629 5148 816 5217 ὥσπερ
851 5152 980 5218 ἡμῖν
1014 5149 1255 5216 ἐφικτόν.

281 5415 349 5465 Ὠ
402 5412 619 5482 ἡμέρας
669 5411 1021 5479 άποφράδοςί
1078 5410 1373 5481 δυστυχοῦς
1433 5411 1507 5474 ὡς
1558 5411 1776 5480 άληθῶς

182 5509 357 5575 ὥρας
385 5546 398 5569 ,
448 5507 505 5556 ὲν
616 5504 703 5567 σὺ,
743 5504 957 5556 πάντων
1002 5504 1223 5570 φίλτατε
1252 5544 1267 5569 ,
1309 5505 1467 5573 μόνος
1524 5522 1612 5573 μοι
1680 5522 1778 5557 κα-

180 5598 525 5666 ταλειφθεὶς
565 5654 575 5663 ,
612 5596 889 5663 ἀδελφῶν,
948 5595 1213 5665 μετέστης
1242 5634 1259 5659 ,
1325 5597 1778 5666 προαπελθόντων

185 5695 311 5763 μὲν
440 5690 720 5757 συγγενῶν
748 5729 763 5751 ,
846 5688 1216 5759 προαπελθόντ
1226 5706 1301 5742 ων

184 5780 656 5851 προαπεὶθόντος
703 5781 758 5832 δὲ
799 5780 890 5833 τοῦ
941 5779 1144 5849 πατρὸς
1169 5819 1184 5844 ,
1234 5779 1327 5830 καὶ
1359 5780 1448 5830 ἐπὶ
1485 5780 1639 5834 πᾶσι.
1673 5799 1770 5848 μη-

176 5872 336 5943 ’πρὸς
396 5870 665 5943 ἀρίστης,
719 5870 785 5942 ὴν
836 5871 917 5934 τίς
972 5871 1071 5923 οὐκ
1113 5865 1230 5923 ὀἶδε
1285 5867 1461 5943 ψυχὴ-λ
1512 5871 1767 5941 ἄντικρυς

1413 5690 1467 5740 δὲ
1558 5690 1725 5756 φίλων
1760 5730 1774 5751 ,

1889 3330 2074 3387 tesque
2107 3318 2408 3370 indivuisos
2436 3332 2463 3369 a
2492 3326 2543 3371 te
2586 3318 2757 3371 videri
2806 3319 3096 3373 mendaces
3127 3321 3447 3388 coarguisti.

1888 3409 1967 3462 Tu
2007 3410 2226 3477 quidem
2273 3423 2471 3477 c0rpus
2532 3409 2850 3476 relinquens
2906 3411 3093 3472 humo,
3151 3411 3215 3463 ad
3281 3411 3448 3466 Deum

1886 3501 2085 3562 abiisti,
2117 3516 2239 3554 cum
2266 3516 2365 3555 nos
2420 3504 2686 3553 hactenus
2714 3500 2766 3553 in
2805 3510 2943 3553 terra
2978 3516 3259 3554 versemur
3287 3522 3298 3555 :
3354 3519 3450 3571 jar

1888 3602 2069 3645 autem
2129 3601 2267 3649 erat.
2325 3592 2500 3659 primo
2556 3592 2735 3644 statim
2821 3593 3015 3644 nuntio
3078 3602 3319 3660 accepto,
3394 3602 3449 3646 ut

1886 3682 2108 3737 abiisset
2157 3683 2245 3735 ille
2311 3692 2435 3735 tuus
2485 3682 2730 3750 spiritus,
2801 3691 2859 3733 ut
2900 3689 2954 3734 et
3013 3696 3110 3735 nos
3203 3683 3448 3747 deposilo

1885 3790 2113 3843 ecrpore
2139 3813 2153 3838 ,
2187 3775 2401 3842 levique
2456 3775 2629 3826 anima
2661 3788 2724 3826 ac
2776 3773 2918 3826 nuda
2948 3814 2963 3836 ,
3012 3789 3151 3841 pone
3177 3784 3321 3827 tuam
3359 3792 3447 3827 se.

1885 3879 2192 3931 queremur,
2236 3878 2345 3928 quo
2396 3862 2476 3915 sic
2519 3862 2700 3914 statim
2750 3872 3124 3931 assequeutes,
3168 3866 3286 3923 e§us
3332 3863 3445 3931 jugi

1885 3955 2164 4006 consortio
2202 3953 2528 4005 frueretnur.
2569 3952 2765 4004 Herum
2797 3952 2978 4020 itaque
3028 3955 3347 4021 probatione
3384 3956 3446 4006 li-

1885 4054 2032 4113 quet,
2096 4045 2187 4113 qui
2234 4054 2451 4097 mortuo
2490 4053 2542 4095 te
2589 4044 2909 4111 superstites
2950 4044 3142 4108 simus,
3191 4047 3313 4098 vitae
3348 4060 3447 4102 nos

1887 4136 2033 4204 ipsos
2051 4150 2114 4188 ac
2146 4135 2393 4203 corporis
2424 4136 2757 4188 amantiores
2803 4135 3140 4196 exhibuisse,
3162 4153 3324 4202 quam
3353 4153 3443 4191 ve-

1884 4242 2036 4282 races
2068 4242 2130 4280 ac
2155 4225 2342 4279 fratris
2368 4238 2634 4279 amantes.
2675 4226 2780 4280 Sed
2814 4235 2867 4280 et
2910 4225 3039 4279 illud
3071 4230 3442 4297 cogitandum,

1884 4320 2119 4373 aliorum
2160 4321 2379 4373 cumulo
2416 4320 2517 4373 huc
2571 4334 2788 4388 quoque
2824 4336 2909 4374 me
2958 4322 3155 4374 malum
3191 4322 3445 4379 habuisse

1886 4412 2202 4475 videndum,
2234 4411 2416 4464 multis
2449 4412 2579 4464 illttd
2613 4413 2879 4467 mortibus
2909 4414 3150 4467 deterius
3179 4415 3440 4474 futurum,

1889 4503 1957 4556 Ut
2000 4501 2142 4554 enim
2198 4502 2283 4569 pie
2344 4503 2566 4554 verbum
2624 4503 2880 4571 accipias,
2940 4506 3038 4557 hoc
3072 4506 3199 4558 mihi
3232 4522 3443 4574 quoque

1886 4592 2170 4647 infortunii
2226 4591 2337 4647 fato
2367 4593 2644 4646 decretum
2675 4604 2812 4658 erat,
2846 4604 2903 4647 ut
2959 4595 3025 4647 ad
3064 4598 3264 4649 multas
3296 4614 3445 4651 acer.

1878 4685 2083 4755 basque
2123 4685 2333 4753 priores
2365 4684 2569 4754 plagas,
2606 4686 2747 4739 hanc
2799 4687 2961 4739 modo
2987 4687 3063 4740 tui
3096 4703 3286 4751 causa,
3318 4704 3443 4742 vere

1880 4776 2025 4829 illam
2046 4774 2301 4847 letbalem
2338 4789 2401 4827 ac
2434 4776 2692 4844 majorem
2726 4777 2949 4845 reliquis
2977 4779 3303 4846 acciperem.
3346 4779 3441 4833 Vi-

1878 4869 2067 4921 deatur
2098 4868 2214 4926 [nec
2236 4869 2390 4921 nobis
2416 4884 2445 4923 a
2483 4867 2589 4921 Deo
2623 4879 2969 4937 peccatorum
3014 4871 3215 4924 indicta
3250 4873 3441 4937 ηιιειιιι,

1879 4959 2141 5013 adversus
2156 4975 2314 5025 quam
2332 4974 2438 5013 non
2461 4960 2530 5014 sit
2551 4960 2914 5015 renitendum.
2938 4960 3233 5029 Postquam
3257 4972 3439 5015 autem

1879 5050 2100 5118 placuit,
2129 5048 2274 5102 Patri
2315 5050 2530 5118 quidem
2564 5059 2623 5101 ut
2656 5053 2884 5117 gratiam
2918 5060 3159 5117 spectes,
3210 5052 3443 5106 Domino

1878 5150 2056 5193 autem
2092 5155 2153 5193 ac
2182 5140 2437 5203 curatori,
2473 5152 2528 5192 ut
2556 5148 2824 5203 naturam,
2877 5139 2929 5192 iu
2963 5143 3216 5195 omnibus
3240 5144 3443 5198 erimus

1878 5234 2080 5299 gratias
2124 5244 2379 5301 agentes;
2429 5248 2753 5301 rursumque
2783 5234 3011 5300 tempori
3039 5250 3099 5287 ac
3123 5234 3440 5300 t'alamilali,

1896 5325 2041 5393 quod
2099 5340 2273 5393 operm
2320 5327 2552 5393 pretium
2577 5325 2671 5388 sit,
2697 5341 2791 5391 pro
2846 5326 3100 5378 facultate
3133 5327 3439 5384 reddemus.

1949 5414 1993 5469 Ο
2024 5415 2419 5484 inauspicatam
2452 5415 2632 5469 dietnl
2668 5416 2960 5469 infaustam
3006 5432 3188 5469 revera
3222 5418 3439 5482 horam,

1880 5508 1931 5561 iu
1959 5524 2063 5577 qua
2101 5519 2181 5573 tu,
2235 5506 2475 5560 omnium
2507 5507 2890 5562 charissintttm
2935 5518 3117 5575 caput,
3156 5511 3245 5577 qui
3291 5510 3441 5561 solus

1880 5602 2107 5654 fratrum
2148 5599 2371 5655 relictus
2407 5614 2580 5662 esses,
2618 5599 2686 5651 ab
2742 5599 2994 5652 humanis
3026 5600 3288 5667 migrasti,
3316 5614 3439 5651 cum

1879 5692 2091 5761 cognati
2153 5693 2306 5760 prius
2374 5691 2685 5755 obiissent;
2743 5691 3010 5745 obiissent
3059 5706 3187 5744 vero
3255 5690 3436 5754 ιιιιιὶοί,

1879 5797 2133 5851 essetque
2160 5783 2268 5851 jam
2303 5782 2590 5836 drlunctus
2627 5792 2799 5850 pater,
2836 5798 2899 5836 ac
2929 5783 3167 5835 omnium
3198 5782 3439 5847 cumulo,

1878 5874 2133 5931 defuncta
2170 5875 2375 5945 pariter
2437 5884 2584 5932 esset
2630 5887 2801 5932 mater
2836 5875 3038 5946 οιιιίιυιι
3067 5890 3080 5940 ;
3113 5890 3274 5945 quam
3317 5875 3439 5944 quis
