4208 6444
782 441 893 506 2θῦ

1948 442 2002 500 Μ
2021 444 2050 498 λ
2065 439 2346 499 NUEIJS
2429 442 2866 504 PAI..-EOI.(‘G!

3937 457 4038 522 2‘6

777 555 994 609 nesciat
1028 553 1183 621 pl..ne
1208 551 1450 604 relictam
1486 549 1628 604 velut
1669 552 1927 611 animam,
1965 568 2086 603 eum
2121 545 2346 619 publicis

2461 555 2880 622 ὑπολειφθεῖσαν
2913 561 3020 621 τοῖς
3067 577 3122 612 τε
3169 566 3401 626 κοινοῖ;,
3451 568 3545 618 καὶ
3595 566 3704 626 τοῖς
3750 571 4036 637 ἡμετέροις

777 649 962 708 rebus,
997 657 1108 699 tum
1148 647 1367 701 nostris.
1403 656 1458 698 ut
1501 647 1585 697 vix
1621 662 1727 698 non
1759 647 1861 700 illa:
1889 656 2114 699 morture
2146 648 2345 698 relictae

775 740 906 802 sint,
941 749 998 791 ut
1040 754 1156 789 eam
1181 738 1535 792 amisissent?
1584 738 1628 792 Ο
1657 754 1816 807 quam
1856 754 1999 792 nunc
2058 740 2228 792 multa
2263 754 2347 790 me

775 846 840 882 ac.
889 833 1024 882 bona
1085 846 1386 899 magnaque
1451 831 1635 884 sentio
1665 830 1986 895 cognatione
2038 829 2344 882 nudatum!

772 921 1092 989 Quanquam
1134 924 1279 975 enim
1314 923 1402 976 illa
1437 924 1642 991 pridem
1676 926 1787 991 jam
1817 927 1883 977 ad
1909 922 2076 974 Deum
2110 921 2346 976 commi-

773 1025 1005 1081 grasset,
1046 1023 1102 1067 ιιι
1128 1025 1306 1069 tamen
1340 1017 1625 1069 abundans
1659 1017 1790 1069 mihi
1827 1016 2084 1070 solatium
2123 1015 2348 1067 relictus

773 1110 1092 1174 superabas,
1131 1124 1224 1175 per
1260 1110 1441 1162 omnia
1468 1109 1815 1162 admirabilis
1845 1108 2121 1163 exsistens
2152 1123 2166 1160 :
2202 1121 2349 1159 nunc

775 1216 900 1254 vero
927 1209 1015 1253 tua
1045 1201 1133 1252 illa
1162 1201 1356 1270 sagitta
1410 1201 1635 1254 cumulo
1664 1201 1942 1270 ingruens,
1978 1199 2192 1254 tametsi
2229 1200 2346 1267 ipsa

774 1308 870 1359 per
895 1308 953 1345 se
981 1292 1261 1347 suﬂiciens
1303 1293 1552 1361 perdere,
1585 1293 1805 1347 abunde
1841 1302 2019 1346 tamen
2054 1305 2245 1345 omnes
2281 1293 2349 1342 ab

776 1383 883 1435 illis
919 1384 1104 1451 plagas
1135 1384 1263 1436 mihi
1303 1383 1583 1437 reiricavit
1637 1383 2062 1450 renovavitque:
2103 1381 2349 1448 quinimo

774 1459 937 1528 etiam
971 1476 1206 1543 amplius
1230 1476 1466 1528 irritavit
1488 1490 1551 1527 ac
1578 1475 1850 1544 prioribus
1876 1473 2178 1526 deteriores
2199 1471 2347 1525 fecit.

774 1563 931 1618 Nunc
981 1580 1116 1619 vero
1152 1566 1335 1620 multis
1384 1581 1447 1618 ac
1502 1565 1810 1633 omnigenis
1839 1565 2160 1618 vulneribus
2199 1579 2352 1616 com-

774 1668 1032 1724 punCtus,
1066 1657 1343 1724 quomodo
1397 1657 1652 1723 deinceps
1683 1655 1804 1709 vita:
1845 1655 2106 1723 reliquias
2134 1655 2352 1708 vivam?

775 1748 967 1802 Nonne
1006 1749 1174 1817 liquet
1226 1758 1282 1801 ut
1313 1748 1530 1810 acerbe,
1576 1758 1635 1799 ut
1687 1746 1932 1813 moleste,
1984 1747 2216 1800 utomni
2238 1747 2351 1799 fere

777 1843 942 1894 animi
972 1857 1035 1894 ac
1063 1842 1308 1910 corporis
1362 1842 1604 1910 privatus
1631 1855 1795 1894 sensu
1844 1854 1907 1893 ac
1937 1855 2041 1908 qua
2097 1840 2220 1909 quis
2244 1840 2348 1892 ho-

773 1937 872 1989 stis
905 1949 965 1986 ac
1001 1933 1213 1986 invidus
1273 1944 1461 1986 contra
1515 1947 1615 1985 nos
1643 1933 1853 1986 ratione
1884 1931 2192 1999 optaverit?

842 2026 886 2078 Ο
912 2041 1162 2078 amarum
1197 2025 1346 2078 illum
1383 2025 1676 2087 muutium,
1713 2023 1807 2090 qui
1834 2039 1932 2092 per
1969 2038 2131 2076 aures
2161 2023 2215 2076 in
2251 2037 2346 2075 cor

774 2117 1084 2183 incurrens,
1115 2133 1239 2171 cum
1292 2117 1422 2169 illud
1460 2119 1645 2170 statim
1679 2115 1983 2177 concussit,
2019 2124 2131 2168 tum
2167 2117 2345 2168 maxi-

775 2224 861 2260 ma
919 2218 1069 2277 parte
1129 2217 1442 2261 emortuum
1501 2206 1768 2259 reddidit!
1845 2204 1926 2260 Tu
1989 2206 2210 2273 quidem
2278 2206 2343 2258 ad

773 2310 1046 2352 amantem
1111 2299 1314 2367 pariter
1385 2314 1449 2352 ac
1479 2307 1762 2350 vocantem
1827 2295 2175 2356 concessisti,
2228 2295 2346 2362 ejus

771 2396 939 2447 viri-it
967 2409 991 2446 s
1025 2393 1244 2460 praemia
1300 2399 1682 2459 percepturus,
1744 2403 1848 2455 qua
1898 2389 2219 2458 dignitatem
2250 2403 2344 2442 or-

772 2488 945 2549 nasti;
1011 2486 1157 2537 hunc
1196 2493 1378 2536 autem
1420 2483 1685 2535 mundum
1721 2481 1840 2549 ejus
1867 2482 2240 2548 pulcherrimo
2270 2482 2345 2534 ci-

770 2580 935 2633 melio
960 2578 1218 2646 privasti;
1274 2587 1344 2642 te,
1408 2576 1652 2642 inquam,
1690 2590 1753 2626 ac
1788 2586 1880 2626 tuo
1912 2573 2155 2627 auxilio:
2190 2586 2344 2627 εει-ιε-

771 2685 890 2722 rum
947 2669 1102 2721 malis
1149 2669 1336 2719 animo
1368 2665 1531 2734 sigilli
1591 2663 1764 2718 instar
1799 2665 1852 2716 in
1888 2679 2009 2717 cera
2044 2664 2344 2732 impressis,

771 2760 998 2813 hierebit
1049 2760 1201 2826 plaga
1253 2758 1527 2810 memoria:
1557 2755 1878 2808 immobilis.
1910 2754 2178 2819 Quidnam
2217 2770 2346 2822 c:go

771 2855 877 2904 vita
914 2854 1006 2915 s't,
1061 2851 1264 2903 homini
1309 2862 1565 2918 perpesso
1603 2847 1754 2909 talia,
1795 2847 2034 2916 taliaque
2088 2861 2253 2916 super
2287 2862 2346 2902 se

771 2945 1042 3013 reputanti
1077 2959 1139 2997 ac
1169 2943 1402 3012 negotiis
1433 2941 1666 3010 publicis
1697 2940 1718 2992 ?

840 3121 954 3176 Una
992 3134 1200 3172 mecum
1232 3117 1454 3186 lugeant
1498 3115 1656 3172 miles
1698 3114 1902 3183 pariter
1948 3127 2012 3166 ac
2045 3117 2340 3175 mercator,

770 3213 959 3280 virque
990 3210 1254 3279 agricola,
1293 3219 1458 3277 atque
1487 3207 1810 3266 monachus,
1845 3221 1942 3260 nec
1973 3220 2080 3257 non
2109 3205 2334 3285 presby:

771 3313 818 3358 ιρ-
843 3322 870 3365 ·,
899 3318 1102 3371 pauper
1124 3302 1285 3355 simul
1315 3315 1379 3353 ac
1401 3301 1573 3362 dives,
1596 3300 1888 3366 omnisque
1917 3309 2049 3350 aetas
2077 3312 2142 3349 ac
2177 3298 2336 3348 ordo.

767 3394 978 3463 Quippe
1035 3401 1312 3461 superstes
1351 3392 1461 3457 ille,
1510 3407 1610 3444 cett
1648 3391 1898 3457 qumdam
1942 3389 2116 3457 palam
2153 3388 2333 3438 anima

767 3489 1034 3541 universis
1089 3496 1235 3551 erat;
1273 3500 1449 3552 eoque
1481 3485 1744 3553 migrans,
1774 3493 2021 3535 mortuos
2053 3481 2275 3548 reliquit
2305 3493 2332 3531 a

764 3581 962 3650 quibus
1004 3578 1274 3631 discessit.
1328 3576 1589 3629 Militibus
1630 3577 1844 3643 quidem
1880 3574 2166 3627 victoriam
2201 3586 2338 3639 pra»

767 3673 1165 3739 Iiebat;quibus
1199 3671 1402 3738 ubique
1430 3671 1614 3722 socius
1654 3679 1823 3734 esset,
1862 3668 1951 3720 ubi
1990 3665 2214 3734 periculi
2255 3665 2337 3717 vis

765 3766 1000 3824 maxima
1028 3744 1256 3830 vigebat,
1286 3763 1428 3828 quod
1454 3762 1540 3814 ille
1595 3761 1804 3828 primus
1842 3759 2037 3813 adiret.
2081 3757 2341 3810 Mercato-

763 3857 916 3909 ribus
944 3855 1078 3908 lucri
1109 3869 1271 3906 causa
1301 3864 1437 3916 erat,
1464 3854 1533 3906 ob
1559 3866 1768 3921 pacem,
1799 3866 1961 3918 quam
1980 3850 2179 3919 partim
2210 3864 2339 3915 pru-

763 3941 974 4001 dentia,
1036 3941 1231 4009 partim
1270 3955 1548 3993 armorum
1602 3941 1651 3992 vi
1705 3940 2018 4006 praestabat.
2059 3939 2330 4007 Agricolis

762 4037 980 4090 arandae
1017 4045 1175 4088 terrze
1200 4034 1369 4087 libera
1395 4051 1488 4102 per
1518 4050 1641 4087 eum
1683 4033 1912 4089 facultas
1948 4034 2132 4098 ﬁebat,
2165 4049 2328 4100 quam

757 4139 941 4191 neque
978 4125 1064 4188 iis,
1093 4139 1218 4176 cum
1251 4125 1478 4177 necdum
1511 4124 1599 4176 ille
1634 4123 1920 4186 calcasset,
1952 4124 2166 4177 calcare
2207 4123 2328 4176 lice-

756 4215 874 4271 bat.
908 4217 1039 4280 Quis
1088 4226 1264 4269 autem
1296 4215 1386 4270 illo
1427 4216 1616 4283 majori
1672 4217 1974 4270 monachos
2012 4231 2075 4268 ac
2099 4217 2328 4285 presby-

757 4320 909 4363 teros
957 4310 1164 4361 honore
1199 4308 1469 4362 habebat?
1522 4310 1647 4375 quis
1674 4325 1803 4362 vero
1843 4309 2174 4362 luculentius
2214 4309 2328 4372 illo,

760 4419 870 4472 quo
901 4419 1030 4456 cura
1070 4405 1224 4456 vacui
1253 4414 1470 4470 possent
1492 4403 1629 4456 tueri
1662 4405 1932 4465 ordinem,
1960 4404 2284 4472 suggerebat
2311 4403 2334 4456 2
2367 4441 2410 4497 D
2441 4403 2595 4496 τάξιν

761 4494 906 4549 Nihil
938 4510 1206 4566 pauperes
1237 4496 1582 4549 emcndicare
1637 4495 1943 4562 oportebat,
1971 4497 2172 4563 quippe
2194 4511 2331 4563 quos

760 4591 881 4658 cjus
910 4590 1090 4644 adhuc
1122 4589 1266 4643 domi
1303 4589 1671 4643 muniﬁcentia
1702 4598 2018 4658 occuparet.
2049 4591 2119 4641 At
2157 4604 2332 4658 neque

761 4683 972 4736 divitiis
1012 4695 1230 4750 quoque
1265 4681 1544 4735 afﬂuentes
1591 4683 1858 4735 demereri
1910 4682 2226 4735 omittebat.
2260 4685 2332 4736 Se

762 4777 960 4844 quippe
1002 4776 1224 4842 putabat
1246 4780 1457 4840 decere,
1498 4784 1555 4829 ιιι
1593 4777 1878 4830 universos
1923 4776 2200 4831 beneﬁciis
2229 4777 2331 4830 im-

760 4870 1006 4939 pertiret.
1056 4868 1225 4936 Egere
1261 4883 1495 4936 namque
1526 4869 1606 4922 vel
1639 4871 1785 4935 ipsos
1833 4870 2210 4937 0pulentioras
2240 4885 2334 4923 su-

763 4959 1076 5012 blimiorum
1129 4959 1294 5019 dono,
1327 4975 1455 5027 qua,
1491 4958 1766 5028 inquiunt,
1820 4960 2050 5025 ratione,
2084 4962 2137 5013 in
2174 4964 2330 5029 aquis

761 5059 908 5111 nata,
957 5051 1238 5105 caelestem
1279 5050 1510 5103 imbrem
1565 5053 1939 5105 necessarium
2003 5054 2219 5116 habent,
2272 5064 2331 5114 ut

761 5141 996 5194 fructum
1049 5140 1246 5194 ferant.
1307 5141 1409 5206 Qui
1449 5142 1528 5195 sic
1581 5156 1711 5209 ergo
1737 5143 1803 5196 ad
1843 5142 2097 5212 praefatos
2133 5159 2327 5198 omnes

762 5232 1003 5294 haberet,
1037 5231 1202 5285 ulline
1242 5247 1298 5284 se
1326 5247 1697 5297 communem,
1734 5250 1856 5287 cum
1892 5251 2025 5289 usus
2060 5236 2328 5304 deposce-

761 5335 864 5389 ret,
889 5326 1160 5394 negabat?
1192 5324 1342 5379 Haud
1369 5327 1549 5395 plane,
1578 5328 1718 5379 haud
1747 5329 1967 5396 inquam
1997 5347 2009 5382 :
2037 5331 2128 5381 sed
2154 5331 2334 5384 omni-

756 5416 860 5470 bus
876 5418 1162 5484 expeditus
1200 5429 1314 5470 erat
1337 5435 1397 5472 ac
1430 5430 1799 5488 comparatus,
1826 5437 1928 5488 qua
1963 5422 2087 5489 quis
2117 5424 2328 5477 ratione

756 5523 824 5561 ne
851 5511 930 5560 vel
975 5508 1063 5560 uni
1118 5510 1400 5562 duntaxat.
1465 5510 1562 5564 Ubi
1621 5515 1900 5565 enimvero
1957 5525 2105 5567 tanta
2153 5518 2336 5570 bona?

755 5597 873 5651 Una
911 5611 1112 5664 tecum,
1142 5601 1217 5652 uti
1254 5615 1376 5652 eum
1417 5607 1691 5666 oneraria,
1731 5621 1867 5672 quas
1894 5617 2068 5676 zealat
2103 5625 2327 5675 merces,

752 5689 844 5755 qtti
872 5689 1046 5741 bonus
1074 5706 1246 5749 esse-5,
1276 5692 1552 5746 abierunt.

822 5779 866 5833 0
900 5781 1072 5832 diram
1109 5784 1395 5850 caliginem
1434 5801 1497 5837 ac
1525 5799 1694 5841 atram
1729 5800 1852 5842 noct
1876 5806 1961 5853 πε,
2003 5809 2120 5860 quze
2155 5796 2321 5850 multa

752 5874 973 5944 quidem
1011 5879 1307 5932 acerbitate
1344 5882 1506 5934 vitam
1546 5884 1788 5953 impleat,
1825 5889 1892 5937 sit
1940 5902 2066 5940 veto
2106 5905 2318 5960 semper

2377 3099 2414 3119 α

2454 648 2804 714 πράγμασιν,
2834 648 2869 700 ἃ.
2913 654 3199 721 μονονουχὶ
3226 657 3393 722 νεκρὰ
3427 659 3758 727 κατελείφθη
3783 701 3795 721 ,
3831 662 4038 728 ταύτην

2451 735 2862 804 ἁφαιρεθέντα;
2910 740 2974 790 Ὢ
3019 742 3130 804 πῶς
3184 745 3278 796 νῦν
3333 747 3666 816 αἰσθάνομαι
3701 749 3800 816 τῆς
3841 766 4040 815 συγχε-

2453 823 2603 884 νείας
2641 831 3095 897 γεγυμνωμένος,
3128 832 3228 900 τῆς
3268 836 3469 903 πολλῆς
3514 853 3572 888 τε
3605 840 3699 888 καὶ
3741 839 3924 907 καλῆς
3949 841 4037 889 καὶ

2455 916 2746 986 μεγάληςι
2786 920 2850 973 Εἰ
2906 921 3016 989 γὰρ
3064 925 3158 978 καὶ
3217 926 3388 980 παλαι
3448 929 3843 1000 ἀποδεδήμηκε
3901 933 4038 1000 πρὶς

2450 1009 2586 1060 Θεὸν
2618 1012 2827 1081 ἐκείνη,
2866 1014 3003 1068 ἀλλά
3052 1015 3116 1069 σύ
3164 1035 3257 1086 μοι
3295 1022 3650 1091 παραμύθιον
3686 1023 3874 1075 ἱκανὸν
3914 1025 4040 1076 ὑπο-

2453 1100 2687 1171 λέλειψο,
2724 1108 2899 1161 πάντα
2931 1109 3236 1178 θαυμάσιος
3265 1114 3359 1168 ὢν·
3389 1117 3450 1168 τὸ
3481 1119 3574 1170 σὸν
3591 1119 3645 1171 δὲ
3677 1118 3834 1188 βέλος
3856 1122 4044 1170 ἐπεισ-

2453 1201 2620 1252 πεσὸν
2651 1201 2778 1271 ήδη,
2812 1204 2995 1256 καίτοι
3029 1207 3121 1256 καὶ
3157 1208 3316 1273 μόνον
3345 1209 3552 1278 ἀρκοῦν
3604 1212 3818 1277 ὀλέσαι,
3849 1215 4040 1273 πασας

2459 1313 2551 1363 μοι
2587 1295 2682 1357 τὰς
2715 1299 2774 1360 ἐξ
2820 1298 3046 1352 ἐκείνοιν
3079 1300 3294 1369 πληγὰς
3328 1304 3554 1368 ἀνεξανέ
3585 1323 3644 1357 τε
3685 1309 3780 1358 καὶ
3813 1309 4046 1358 ἀνεκαί-

2456 1404 2596 1450 νισε,
2634 1389 2837 1455 μᾶλλον
2879 1389 2936 1442 δὲ
2973 1393 3450 1460 προσπαροξύναν,
3492 1398 3586 1447 καὶ
3637 1399 3854 1467 χείρους
3892 1401 4042 1467 ἥπερ

2454 1472 2597 1547 ἦσαν
2631 1481 2944 1549 εἰργάσατο.
2980 1483 3088 1534 Καὶ
3126 1485 3220 1536 νῦν
3255 1488 3614 1549 κατάστικτοέ
3641 1489 3715 1540 ὢν
3746 1491 4037 1560 τραύματι

2457 1570 2672 1631 πολλοῖς
2719 1573 2812 1622 καὶ
2861 1573 3251 1641 παντοδαποῖς,
3281 1578 3397 1641 πῶς
3430 1579 3540 1645 ἐγὼ
3582 1579 3847 1649 βιώσομαι
3880 1583 4040 1635 τοῦδε

2455 1661 2548 1715 τοῦ
2591 1662 2708 1732 βίου
2763 1666 2825 1716 τὸ
2878 1667 3168 1733 λείψανονς
3225 1670 3293 1720 Ἥ
3334 1669 3518 1734 δῆλον,
3559 1672 3634 1734 ὡς
3681 1674 3936 1741 πικρῶς,
3966 1675 4039 1735 ὡς

2457 1755 2729 1822 ἀνιαρῶς,
2770 1755 2845 1814 ὡς
2901 1757 3101 1829 μικροῦ
3158 1763 3559 1829 πεπηρωμένος
3611 1766 3707 1816 καὶ
3757 1765 3889 1817 νοῦν
3945 1769 4041 1819 καὶ

2459 1842 2740 1912 αἴσθησιν,
2779 1846 2874 1897 καὶ
2913 1845 3107 1916 ὥσπερ
3141 1850 3208 1902 ἀν
3233 1865 3316 1912 τις
3351 1851 3477 1903 καθ’
3517 1853 3679 1922 ἡμῶν
3712 1855 3910 1924 ἐχθρὸς
3942 1858 4040 1908 καὶ

2456 1932 2752 2001 βάσκαινος
2784 1934 2990 2004 ηὖξατο
3013 1954 3028 2001 ;

2527 2025 2590 2075 Ὦ
2634 2027 2838 2094 πικρᾶς
2894 2027 3157 2094 ἀγγελίας
3202 2029 3451 2099 ἐκείνης,
3481 2032 3606 2102 ἥτις
3654 2036 4040 2105 εἰσδραμοῦσα

2450 2114 2537 2174 διὰ
2572 2116 2682 2168 τῶν
2713 2117 2870 2170 ὤτων
2900 2120 2983 2181 είς
3023 2121 3122 2190 τὴν
3178 2123 3409 2191 καρδίαν
3432 2164 3447 2188 ,
3477 2126 3621 2178 ἐσειέ
3653 2145 3715 2179 τε
3749 2129 3927 2198 αὐτὴν
3961 2133 4042 2182 εὑ-

2453 2208 2572 2271 θίις,
2608 2210 2704 2260 καὶ
2739 2211 2798 2262 τὸ
2853 2212 3108 2264 πλεῖστον
3146 2216 3311 2283 μέρος
3343 2217 3545 2286 νεκρὰν
3588 2220 3909 2286 είργὰαατο.
3968 2223 4038 2274 Σὺ

2453 2300 2552 2368 μὲν
2581 2301 2929 2370 ἁπελήλυθας
2981 2305 3120 2373 πρὸς
3172 2307 3264 2357 τὸν
3314 2307 3575 2374 φιλοῦντά
3628 2328 3684 2363 τε
3726 2314 3824 2363 καὶ
3864 2315 4036 2365 καλι-

2452 2409 2645 2457 σαντα,
2683 2395 2990 2461 ληψόμενος
3023 2397 3162 2466 γέρα
3199 2399 3298 2467 τῆς
3344 2402 3572 2469 ἀρετῆς,
3612 2404 3678 2455 δι’
3706 2400 3774 2473 ἦς
3816 2407 3880 2457 τδ
3911 2409 4039 2476 σκῆ·

2452 2501 2528 2552 μα
2571 2488 2969 2555 κεκόσμηκας·
3025 2490 3318 2566 ἀφῄρηκας
3377 2493 3432 2546 δὲ
3491 2496 3647 2564 τήνδε
3688 2499 3788 2566 τὴν
3835 2500 3946 2567 γῆν
3978 2502 4035 2552 τὸ

2449 2579 2735 2631 κάλλιστον
2771 2574 2845 2633 ὧν
2887 2584 3194 2652 ἐκτήσατο,
3231 2587 3459 2650 σαυτὸν,
3519 2591 3613 2641 καὶ
3664 2591 3764 2660 τὴν
3807 2594 4036 2646 smmu-

2450 2672 2572 2740 ρἀν
2601 2673 2696 2742 τὴν
2746 2674 2868 2740 σήν·
2907 2679 3058 2744 μενεῖ
3107 2693 3169 2742 γε
3226 2679 3607 2747 ἀμετάστατος
3660 2685 3919 2757 ήπληγὴ
3967 2693 4032 2758 τῇ

2453 2766 2664 2833 μνήμῃ,
2718 2766 2826 2819 τῶν
2885 2767 3165 2836 δυσχερῶν
3219 2771 3276 2821 ὲν
3333 2774 3399 2841 τῇ
3449 2772 3595 2843 ψυχῇ
3637 2778 4031 2837 τυπωοέντων,

2460 2859 2777 2926 καθαπερεὶ
2815 2861 3050 2928 σφραγὶς
3082 2863 3138 2913 ὲν
3169 2863 3347 2932 κηρῷ.
3381 2865 3444 2917 Τί
3475 2867 3566 2919 οὖν
3609 2869 3674 2920 ἂν
3716 2871 3803 2935 εἴη
3839 2873 3904 2922 τὲ,
3938 2873 4035 2941 ζῇν

2449 2948 2724 3018 ἀνίρὼπῳ
2757 2952 2984 3004 τοιαῦτα
3039 2953 3138 3019 μὲν
3200 2957 3488 3025 πάσχοντι,
3525 2961 3752 3012 τοιαῦτα
3794 2963 3849 3012 δὲ
3903 2966 4031 3028 περὶ

2452 3040 2620 3092 αὐτοῦ
2659 3043 2754 3092 καὶ
2793 3043 2905 3094 τῶν
2946 3044 3144 3097 κοινῶν
3184 3045 3524 3119 λογιζομένῳ
3567 3055 3959 3120 πραγμάτων;

2521 3127 2860 3197 Ὀδυρέαθων
2894 3132 2992 3182 σὺν
3026 3132 3148 3194 ἐμοὶ
3182 3137 3272 3186 καὶ
3303 3141 3664 3209 στρατιώτης,
3710 3143 3809 3194 καὶ
3858 3145 4031 3212 ἔμπο-

2455 3237 2568 3287 ρος,
2612 3223 2700 3272 καὶ
2745 3224 3019 3292 γεωργὸς,
3070 3227 3165 3280 καὶ
3204 3230 3459 3298 μοναχὸς,
3499 3235 3593 3284 καὶ
3629 3237 4029 3306 πρεσεύτερο·.

2451 3315 2620 3379 πένης
2661 3332 2718 3366 τε
2749 3318 2840 3369 καὶ
2883 3318 3162 3382 πλούσιος,
3197 3323 3290 3374 καὶ
3317 3324 3464 3376 πᾶσα
3498 3325 3707 3394 ἡλικία,
3740 3333 3840 3382 καὶ
3879 3335 4030 3384 nis-:2

2449 3405 2622 3469 τάξις.
2658 3408 2903 3471 Ἐκεῖνος
2963 3411 3073 3478 γὰρ
3138 3415 3218 3464 ἔτι
3272 3416 3484 3485 περιὼν
3531 3419 3678 3490 ψυχή
3725 3440 3808 3484 τις
3859 3428 4030 3478 πᾶσιν

2451 3501 2713 3568 ἄντικρυς
2750 3498 2816 3571 ἦν
2839 3519 2851 3533 ·
2885 3505 2978 3556 καὶ
3011 3506 3282 3569 ἀπελθὼν,
3317 3513 3545 3579 νεκροὺς
3575 3515 3818 3585 ἀφῆκεν,
3856 3513 3933 3572 ὧν
3964 3539 4027 3595 γε

2446 3595 2650 3665 διέστη.
2691 3597 3061 3667 Στρατιώταις
3113 3602 3212 3670 μὲν
3266 3605 3435 3662 ὲδίδτυ
3486 3611 3663 3680 νικᾷν,
3719 3610 4030 3683 ξυμπαριῖιν

2449 3705 2507 3740 τε
2543 3689 2759 3753 τούτοις
2815 3696 3064 3762 πανταχῆ
3098 3695 3224 3747 ἔνθα
3280 3697 3444 3762 πολὺς
3479 3703 3504 3753 ὁ
3546 3703 3791 3766 κίνδυνος
3847 3709 4029 3774 ἔντιμ’-

2451 3781 2598 3847 ζετο,
2643 3783 2738 3835 καὶ
2775 3783 2966 3837 τοῦτον
3016 3786 3234 3856 πρῶτος
3273 3791 3701 3862 ἀναδεχόμενος·
3753 3799 4027 3866 ἐμπόροις

2447 3877 2504 3929 δὲ
2552 3878 2855 3948 κερδαένειν
2887 3881 2946 3931 ὲκ
2982 3880 3080 3947 τῆς
3117 3885 3340 3952 εἰρήνης
3384 3885 3450 3954 ἢν
3491 3887 3746 3958 ἐχορήγει
3784 3894 3902 3952 τοῖς
3936 3894 4027 3945 ὑπ’

2446 3967 2611 4020 αὐτὸν
2657 3969 2784 4022 τοτὲ
2816 3973 2916 4039 μὲν
2947 3976 3227 4042 φρονήσει,
3262 3977 3384 4029 τοτὲ
3413 3978 3468 4029 δὲ
3499 3979 3707 4043 ὅπλοις·
3739 3989 4020 4052 γεωργοῖς

2444 4061 2544 4127 τὴν
2578 4063 2682 4131 γῆν
2720 4063 2908 4130 ἀροῦν,
2943 4067 3009 4134 ἣν
3056 4067 3174 4121 οὐδὲ
3222 4073 3414 4122 πατεῖν
3445 4072 3570 4141 ἐξῆν
3604 4077 3771 4143 μήπω
3803 4081 4018 4148 ταύτην

2445 4153 2612 4206 αὐτοῦ
2650 4157 3015 4225 πατήσαντος.
3050 4162 3330 4231 Μοναχοὺς
3365 4168 3457 4221 καὶ
3488 4168 3906 4239 πρεσϐυτέρους
3940 4175 4022 4226 τίς

2447 4245 2549 4315 μὲν
2585 4247 2772 4300 τοῦτου
2826 4251 3028 4317 μᾶλλον
3063 4254 3244 4322 ἐτίμα·
3283 4256 3367 4318 τίς
3396 4258 3450 4309 δὲ
3480 4260 3586 4327 πρὸ
3613 4261 3768 4313 τοῦδε
3805 4283 3850 4314 τ·
3875 4267 4020 4328 ύτίιις

2445 4343 2677 4418 παρεῖχε
2716 4343 2813 4405 τὰς
2859 4345 3133 4413 ἀφορμὰς,
3176 4349 3243 4399 δι’
3290 4343 3364 4400 ὧν
3418 4348 3483 4402 ἂν
3535 4352 3620 4417 εἴη
3677 4359 3874 4423 τηρεῖν
3922 4361 4020 4426 τὴν

2622 4435 2905 4502 φροντίδος
2960 4438 3126 4501 ἀνευ;
3170 4440 3407 4507 Πένησιν
3444 4443 3545 4496 οὐκ
3581 4446 3835 4498 ἐπαιτεῖν
3883 4451 4014 4502 ἔδει·

2440 4522 2670 4591 ἔφθανεν
2698 4528 2807 4594 γὰρ
2838 4527 3037 4592 αὐτοὺς
3067 4531 3133 4584 τὰ
3164 4533 3296 4601 παρ’
3335 4534 3503 4588 αὑτοῦ
3551 4537 3691 4590 οἴκοι
3721 4542 4014 4607 μένοντας.

2437 4613 2514 4669 Οὐ
2561 4617 2670 4686 μὴν
2700 4617 2835 4671 ἀλλά
2870 4621 2962 4671 καὶ
2990 4620 3116 4684 τοὺς
3145 4623 3361 4694 πλούτῳ
3385 4628 3673 4694 κομῶντας
3703 4633 4016 4701 εὐεργετῶν

2437 4706 2498 4757 οὑ
2528 4707 2895 4778 πσρέτρεχεν.
2939 4709 3156 4778 Ἢγεῖτο
3190 4717 3298 4784 γὰρ
3334 4719 3572 4786 πρέπειν
3614 4721 3766 4791 αὖτῷ
3805 4727 4016 4787 πάντας

2436 4795 2495 4850 εὖ
2527 4799 2717 4851 παθεῖν
2751 4801 2884 4871 παρ’
2912 4802 3078 4855 αὑτοῦ
3104 4820 3115 4832 ·
3145 4805 3352 4861 δεῖσθαι
3403 4810 3512 4879 γὰρ
3560 4813 3653 4865 καὶ
3682 4817 3810 4877 τοὺς
3850 4820 4015 4870 εὐπο-

2439 4881 2860 4961 ρωτέρους’τῆς
2909 4895 3114 4963 δωρεᾶς
3170 4898 3286 4950 τῶν
3347 4900 3716 4972 ὑψηλοτέρων,
3752 4910 4014 4980 καθάπερ

2435 4981 2504 5032 τὰ
2561 4984 2811 5051 φυόμενά
2864 5003 3032 5050 φασιν
3076 4990 3130 5039 ὲν
3161 4992 3273 5053 τοῖς
3307 4990 3463 5045 ὕδασι
3507 4995 3614 5046 τῶν
3639 4997 3736 5048 ἀπ’
3768 5000 4011 5068 οὐρανοῦ

2439 5072 2637 5139 ὑετῶν,
2676 5077 2724 5127 εί
2767 5076 3016 5142 μέλλοιεν
3063 5082 3232 5131 οἴσειν
3293 5085 3528 5151 καρπόν.
3583 5085 3744 5139 Οὕτω
3779 5089 3838 5142 δὲ
3871 5095 4011 5158 πρὸς

2439 5163 2647 5227 πάντας
2675 5166 2815 5234 ἔχων
2845 5170 2971 5230 τοὺς
3012 5170 3530 5238 εἰρημένους,εστιν
3562 5177 3668 5245 ὅτῳ
3707 5182 3781 5249 μὴ
3815 5187 4010 5249 παρεῖ-

2437 5273 2529 5323 χεν
2559 5257 2722 5308 αὑτὸν
2753 5259 2956 5325 κοινὸν,
2990 5263 3132 5313 κατὰ
3180 5264 3238 5315 τὸ
3284 5265 3487 5316 καλοῦν
3513 5268 3612 5334 τῆς
3641 5271 3836 5337 χρείας
3862 5290 3874 5333 ;
3905 5275 4009 5326 (βῦ-

2439 5362 2659 5413 μενουν,
2699 5347 2953 5416 οὐδαμῶς
2981 5363 2994 5377 ⁸
3048 5350 3167 5402 ἀλλ’
3205 5351 3412 5407 ἅπασιν
3469 5353 3688 5424 ὑπῆρχε
3742 5357 4008 5412 διατελῶν

2437 5436 2777 5502 εὐάρμοστός
2817 5454 2876 5489 τε
2933 5439 3029 5491 καὶ
3087 5439 3380 5510 εὔρυθμος,
3433 5442 3622 5514 ὥσπερ
3661 5448 3762 5498 οὐκ
3817 5451 3885 5501 ἄν
3926 5471 4009 5511 τις

2437 5529 2517 5579 ἑνί
2555 5546 2631 5598 τῳ
2663 5529 2832 5598 μόνῳ.
2879 5530 2986 5582 Ποῦ
3018 5532 3081 5598 δὴ
3116 5533 3290 5587 ταῦτα
3323 5537 3387 5587 τὰ
3417 5537 3595 5598 καλάς
3638 5539 4008 5594 Συναποδεότ-

2439 5639 2578 5689 μηκε
2610 5623 2684 5690 τῷ
2724 5623 2897 5693 καλῷ,
2944 5624 3133 5697 ὥσπερ
3161 5630 3347 5683 ὁλκάδι
3390 5634 3492 5684 τινὶ
3529 5634 3595 5686 τά
3638 5634 3695 5686 ἐν
3731 5639 3868 5708 αὐτῇ
3919 5659 4008 5693 χο-

2439 5716 2732 5782 μιζὸμενα.

2512 5809 2575 5857 Ὢ
2607 5810 2781 5877 δεινῆς
2813 5811 3010 5878 ἀχλύος
3064 5815 3156 5864 καὶ
3215 5820 3600 5886 σκοτομαίνης,
3656 5821 3849 5886 ἀῃδὶατ
3907 5827 4006 5874 μὲν

2433 5897 2638 5967 πολλῆς
2705 5903 2798 5968 τὴν
2857 5906 3134 5966 ἡμετέραν
3189 5911 3547 5974 innati-oar:
3583 5909 3732 5963 ζωὶην
3785 5909 4002 5961 διακεί-
