4208 6444
210 483 320 545 ΞὙῚ

993 479 1400 544 THEODORI
1442 476 1800 540 DESPOT/E
1847 477 2236 539 LAUDATIO
2277 477 2682 540 FUNEBRIS.

3339 480 3446 542 298

220 601 424 670 σούσης
459 600 513 653 δὲ
568 601 731 671 μέχρι
767 600 1006 663 παντόςῖ
1050 601 1114 653 Ὢ
1149 601 1377 668 νεφέλης
1413 598 1652 670 ζοφερᾶς
1685 602 1780 652 καὶ
1810 606 1854 660 Α

1810 606 1854 660 Α
1885 599 2188 653 duratura!
2226 599 2271 653 0
2301 599 2656 669 (aliginosam
2698 599 3033 669 densamque
3085 600 3310 667 nubem,
3339 617 3443 672 qua

216 693 476 761 παχείας,
504 693 734 762 ἀφείσης
781 692 1060 761 χάλαζαν,
1096 691 1376 762 βλάψασαν
1423 692 1548 761 ἑξῆς
1601 693 1779 745 πᾶσαν

221 785 486 856 βλάστην,
523 788 620 839 καὶ
659 787 768 839 πᾶν
819 785 1022 855 ὡραῖον
1047 824 1060 848 ,
1112 785 1207 838 καὶ
1247 783 1421 853 λήϊον,
1456 786 1548 836 καὶ
1588 783 1778 852 φυτὸν,

216 878 315 935 καὶ
345 874 482 936 ὅλως
514 876 638 928 ὅσον
665 875 727 926 ἑκ
755 874 858 942 γῆς
884 876 963 936 είς
999 877 1189 944 χρείαν
1233 875 1265 939 ἦ
1303 875 1635 945 παραψυχήν
1667 876 1778 928 ἐστι

211 969 327 1025 τοῖς
349 967 700 1036 ἀνθρώποιςὶ
731 968 794 1019 ’Ὦ
829 967 1057 1035 βροντῆς
1085 967 1485 1034 ἀποτροπαίου,
1519 967 1781 1036 σεισάσης

212 1038 343 1107 νοῦν
374 1053 452 1124 τῷ
497 1057 760 1125 πατάγῳί
808 1057 871 1110 Ὦ
918 1057 1183 1122 τυφῶνος,
1210 1056 1519 1126 ὀφθαλμοὺς
1554 1059 1780 1128 καρδίας

210 1144 578 1212 πηρῶσαντος
605 1146 618 1198 l
655 1145 718 1196 Ὢ
751 1145 1035 1214 κεραυνῶν
1064 1148 1337 1215 φοϐερῶν,
1369 1148 1534 1212 ὀξέως
1578 1151 1780 1217 φρένας

206 1237 655 1309 λυμηναμένωνι
711 1238 776 1292 Ὠ
824 1242 1150 1312 πρηστῆρος
1212 1243 1480 1311 ὀλεθρίου,
1539 1246 1780 1307 διανοίας

206 1330 689 1399 ἀποτεφροῦντοςῖ
731 1333 794 1384 Ὢ
847 1333 1082 1402 πληγῆς,
1125 1335 1292 1405 λῆρον
1341 1336 1626 1406 δεικνύσης
1674 1339 1780 1390 πᾶν

205 1420 572 1492 ἀλεξητήριον
602 1423 934 1494 φάρμακονῖ
973 1427 1038 1479 Ὠ
1068 1444 1158 1496 μοι
1193 1427 1445 1488 πένθους,
1479 1429 1648 1497 πέρας
1680 1429 1780 1481 οὐκ

205 1511 460 1581 ἔχοντοςῖ
501 1513 562 1565 Ὢ
594 1513 743 1583 ζωῆς
776 1516 837 1569 οὐ
880 1518 1144 1587 φορητῆς,
1179 1520 1224 1570 εί
1265 1517 1340 1587 μὴ
1376 1518 1446 1571 δι’
1475 1519 1777 1582 εὐσέϐειαν,

203 1604 285 1666 ὡς
340 1607 439 1657 οὐκ
491 1605 567 1658 ἐτ’
598 1606 656 1658 ὄν
701 1607 894 1674 ἐφετὸν
949 1610 1008 1662 τὸ
1067 1610 1187 1680 ζῇν,
1236 1611 1361 1681 ἐμοὶ
1408 1611 1508 1680 μὲν
1543 1611 1778 1680 μάλιστα

204 1698 451 1750 πάντων
510 1697 701 1751 ἔπειτα
756 1701 850 1752 καὶ
896 1702 1062 1754 πᾶσιν
1115 1703 1367 1767 ἐκείνοις,
1419 1703 1615 1764 οἵτινές
1659 1721 1776 1767 σου⁹

200 1789 328 1857 φίλε
365 1788 524 1854 Θεοῦ,
563 1791 662 1860 τὴν
694 1789 857 1860 φύσιν
894 1792 970 1854 ὡς
1000 1793 1284 1863 ἐξαίρετος
1326 1794 1563 1864 ᾔδεσανῖ
1603 1794 1778 1847 Τοῦτο

197 1875 272 1948 ῆν
311 1878 419 1948 ἀρα
469 1881 655 1932 ἐκεῖνα
701 1881 771 1932 τὰ
819 1879 1100 1951 πόρρωθεν
1142 1883 1422 1951 μηνύοντα
1471 1882 1776 1951 μεταϐολὴν

1885 692 2094 759 grando
2139 690 2304 745 missa
2367 691 2599 761 depluit,
2664 707 2824 746 omne
2855 693 3107 763 deinceps
3147 695 3446 764 deperdens

1883 796 2127 849 germen,
2151 797 2473 852 omnemque
2498 783 2754 849 fructum,
2777 799 2841 840 ac
2866 797 3096 854 segetes,
3123 802 3445 858 omnemque

1883 873 2157 936 arborem,
2203 889 2266 928 ac
2297 875 2340 928 si
2382 875 2512 944 quid
2548 879 2769 931 omnino
2809 887 2953 933 terra
2985 880 3255 948 germinat
3301 882 3444 948 quod

1885 967 2136 1021 humanae
2171 968 2291 1022 vita:
2323 967 2606 1038 refrigerio
2631 971 2732 1025 sit!
2762 970 2805 1026 0
2835 972 3178 1041 deprecabile
3218 976 3445 1038 tonitru,

1885 1057 2029 1124 quod
2063 1057 2301 1111 animum
2330 1057 2542 1127 fragore
2573 1063 2879 1116 concussit!
2913 1064 2954 1115 0
2999 1063 3317 1133 typhonem,
3355 1065 3445 1134 qui

1883 1145 2072 1199 oculos
2103 1148 2282 1201 cordis
2306 1149 2559 1202 caecavit!
2597 1147 2642 1203 0
2671 1150 2935 1205 horrenda
2965 1151 3214 1219 fulmina,
3247 1155 3445 1224 quibus

1884 1236 2065 1290 statim
2103 1253 2254 1293 mens
2316 1240 2515 1294 oblaesa
2551 1243 2657 1294 sit!
2708 1240 2752 1295 0
2781 1243 3074 1298 exitiosum
3110 1256 3444 1313 praesterem,

1883 1329 2096 1384 animos
2135 1331 2564 1387 incinerantem!
2598 1332 2640 1387 0
2671 1335 2903 1404 plagam,
2951 1338 3252 1392 remedium
3286 1354 3444 1393 omne

1883 1433 2263 1484 averruncum,
2318 1438 2489 1492 nugas
2531 1427 2944 1480 ostendenteml
2989 1429 3032 1482 Ο
3068 1429 3272 1483 luctum
3311 1432 3444 1484 mihi

1882 1511 2190 1566 infinitum!
2235 1511 2279 1568 0
2317 1515 2504 1577 vitam,
2533 1517 2634 1570 nisi
2667 1518 2788 1571 solo
2809 1520 3045 1588 pietatis
3084 1521 3307 1588 intuitu,
3345 1523 3442 1577 mi-

1881 1605 2026 1658 nime
2084 1604 2391 1674 ferendam,
2445 1611 2587 1679 quod
2636 1612 2777 1667 haud
2815 1615 2950 1669 ultra
2983 1616 3036 1670 in
3070 1618 3210 1673 votis
3242 1619 3444 1674 haben-

1880 1696 2008 1750 dum
2042 1698 2114 1754 sit
2144 1703 2366 1768 vivere;
2398 1718 2520 1757 cum
2552 1706 2822 1775 prarcipue
2847 1709 3001 1774 mihi,
3035 1719 3144 1765 tum
3181 1712 3290 1767 illis
3322 1715 3444 1766 uni-

1881 1791 2080 1857 versis,
2143 1795 2234 1861 qui
2267 1806 2437 1857 tuam,
2478 1796 2652 1851 amice
2685 1798 2802 1863 Dei,
2836 1800 3072 1855 indolem
3102 1813 3443 1871 perspectam

1881 1881 2166 1947 haberent,
2199 1901 2357 1952 quam
2402 1886 2607 1941 eximia
2660 1900 2822 1943 esset.
2876 1892 3002 1947 Erat
3039 1894 3139 1949 hoc
3170 1896 3325 1964 plane
3356 1898 3442 1950 illa

201 1972 554 2040 πραγμάτων
611 1973 702 2024 επὶ
760 1973 827 2026 τὰ
886 1973 1072 2044 χείρω.
1140 1975 1330 2044 Ἡμεῖς
1377 1976 1433 2028 δὲ
1482 1951 1848 2044 βλέποντεςΒ

1803 1951 1848 2010 Β
1875 1983 2091 2028 ostensa
2114 1993 2230 2044 quae
2249 1978 2483 2034 futuram
2521 1998 2700 2037 rerum
2725 1986 2776 2038 in
2816 1987 3058 2042 deterius
3083 1991 3438 2043 mutationem

199 2063 519 2134 ὲπηδῶμεν,
560 2064 879 2134 νομίζοντες
927 2064 1146 2118 ἔσεσθαι
1207 2067 1268 2118 τὸ
1316 2067 1487 2119 δεινὸν
1521 2068 1611 2124 ἐπὶ
1647 2067 1775 2130 τοὺς

199 2157 437 2226 ἐχθροὺς
464 2197 478 2219 ,
538 2157 692 2210 ἐνίων
744 2159 900 2212 τοῦτο
955 2163 1396 2232 μαντευομένων.
1442 2162 1576 2214 Νυνὶ
1607 2163 1651 2215 δ’
1681 2163 1776 2214 ἑκ-

197 2251 400 2311 ϐἀντος
432 2249 527 2302 τοῦ
587 2251 759 2305 κακοῦ
810 2253 933 2306 καθ’
990 2253 1184 2322 ἡμῶν,
1237 2255 1329 2307 καὶ
1378 2255 1770 2325 καθαψαμένου

200 2344 530 2410 περιφανῶς
563 2343 806 2410 πάντων,
844 2343 918 2407 ὡς
965 2346 1116 2410 ὄντος
1164 2348 1260 2415 μὲν
1293 2346 1435 2401 οὕτω
1489 2349 1772 2416 μεγίστου,

194 2434 352 2497 ὄντος
401 2436 457 2488 δὲ
506 2435 651 2490 οὕτω
695 2437 917 2506 πικροῦ,
951 2439 1103 2501 ὄντος
1139 2439 1196 2491 δὲ
1223 2439 1579 2509 ἀδιορθὼτου,
1611 2442 1765 2494 οὐδὲν

195 2528 333 2581 ἄλλο
359 2527 613 2580 λείπεται
654 2529 684 2598 ἢ
717 2531 815 2597 ζῇν
847 2531 902 2582 ὲν
940 2531 1222 2599 ἀθυμίαις,
1249 2533 1684 2600 ὀλοφυρομένους
1710 2551 1769 2586 τε

193 2621 296 2672 καὶ
342 2619 677 2682 πενθοῦντας
712 2622 806 2673 τὸν
853 2622 1031 2675 πάντα
1084 2623 1294 2693 χρόνον.
1330 2626 1404 2677 Οὐ
1459 2626 1566 2694 μήν
1598 2642 1660 2692 γε
1703 2626 1772 2678 δι’

192 2712 415 2762 ἐκεῖνον
474 2711 655 2775 αὐτὸν,
707 2711 763 2773 ὃς
810 2710 919 2765 τῶν
973 2715 1252 2784 ἡμετέρων
1279 2715 1483 2768 τούτων
1517 2717 1761 2768 ἀπαλλαο

192 2808 340 2867 γεῖς,
385 2800 669 2869 τελμάτων
700 2819 760 2854 τε
796 2803 889 2856 καὶ
931 2803 1095 2871 ζόφου
1145 2804 1340 2857 πολλοῦ
1390 2808 1557 2874 μηδὲν
1583 2809 1768 2877 διαφε-

198 2895 430 2961 ρῦντων,
467 2892 601 2960 πρὸς
645 2894 745 2963 τὴν
792 2895 1012 2964 αἰθρίαν
1039 2896 1254 2966 ὲκείνην
1283 2898 1380 2967 τὴν
1409 2898 1643 2968 ἄληκτον
1673 2901 1767 2952 καὶ

191 2985 296 3054 τὴν
321 2983 514 3053 ἀγήρω
550 2985 695 3053 ζωὴν
729 2985 950 3053 μετέϐη·
987 2987 1101 3049 πῶς
1154 2989 1261 3056 γάρ
1290 3005 1302 3052 ;
1360 2988 1495 3041 ἀλλά
1521 2989 1587 3042 δι’
1619 2991 1766 3059 ἡμᾶς

192 3075 420 3139 αὐτοὺς,
453 3076 503 3127 οἳ
534 3076 620 3127 διά
674 3075 835 3146 μόνον
880 3078 940 3128 τὸ
992 3080 1235 3144 πενθεῖν,
1289 3080 1363 3143 ὡς
1415 3081 1582 3146 ἔοικε,
1611 3100 1771 3134 κατε-

192 3166 531 3235 λείφθημεν.
582 3169 693 3221 Καὶ
743 3169 827 3221 ὅτι
874 3170 1030 3222 ταῦθ’
1077 3169 1249 3232 οὕτως
1303 3172 1436 3242 ἔχει,
1472 3174 1766 3246 σκοπῶμεν

196 3260 600 3329 ἀκριϐέστερον
629 3261 825 3331 ταύτῃ.

283 3349 526 3412 Ἐκεῖνος
583 3351 740 3419 ὴμῶν
792 3352 1051 3417 διαστὰς,
1102 3353 1368 3426 τετύχηκε
1440 3361 1537 3428 μὲν
1591 3361 1762 3415 Θεοῦ·

194 3442 582 3510 ἐγγέγραπται
639 3441 694 3494 δὲ
751 3444 828 3512 τῷ
886 3445 992 3496 τῶν
1045 3448 1332 3518 μακαρίων
1380 3452 1547 3521 χορῷ,
1583 3455 1639 3505 ὲν
1687 3450 1769 3517 οἷς

194 3533 392 3585 πολλοὶ
423 3534 518 3586 καὶ
553 3533 662 3585 τῶν
694 3534 842 3603 αὑτῷ
874 3538 1278 3605 προσηκόντων
1325 3545 1507 3612 πατήρ
1538 3561 1594 3595 τε
1628 3546 1763 3598 πᾶν·

189 3639 259 3674 τα
319 3623 544 3687 ἀγαθὸς,
601 3624 696 3677 καὶ
750 3626 934 3695 μήτηρ
974 3628 1125 3680 οὐδὲν
1153 3630 1347 3696 ἥττων·
1377 3633 1516 3684 οὓτω
1559 3637 1662 3705 γάρ
1698 3654 1764 3706 με

197 3714 382 3767 πείθει
413 3714 640 3786 θαρρεῖν
687 3717 746 3769 τὸ
778 3719 908 3788 παρ’
941 3721 1122 3783 αὐτοῖς
1174 3723 1417 3787 εὐσεϐὲς,
1451 3729 1544 3778 καὶ
1571 3729 1628 3781 τὸ
1656 3730 1764 3782 τῶν

196 3805 421 3873 τρόπων
452 3801 629 3870 εὐθέςο
659 3801 858 3879 ἀρίστη
901 3828 958 3863 τε
1013 3813 1330 3884 ἀδελφότης,
1360 3818 1455 3870 καὶ
1484 3822 1763 3888 προγόνων

191 3895 412 3964 ὃμιὲος,
445 3897 543 3949 καὶ⁵
577 3899 674 3950 οὐκ
705 3899 877 3965 ὀλίγοι
907 3900 1012 3953 τῶν
1043 3903 1228 3970 φίλων.
1273 3907 1332 3957 El
1365 3909 1491 3973 γοῦν
1531 3913 1621 3963 καὶ
1655 3913 1763 3964 τῶν

191 3988 491 4056 ἐρωμένων
529 3988 686 4057 ἡμῶν
718 3990 1077 4061 κεχώρισται,
1135 3990 1217 4058 οἷς
1279 3997 1458 4052 συνὼν
1501 4001 1759 4070 ἡδόμενος

189 4074 447 4143 διετέλει,
481 4079 615 4131 ἀλλά
648 4080 709 4132 τὸ
745 4085 982 4136 συνεῖναι
1031 4086 1217 4137 τοῦτον
1255 4091 1366 4149 τοῖς
1403 4090 1623 4157 φύσασι,
1660 4097 1754 4144 καὶ

192 4169 419 4232 πολλοῖς
446 4171 558 4224 τῶν
580 4175 862 4241 συγγενῶν
904 4176 997 4226 καὶ
1034 4177 1300 4246 συνήθων,
1346 4181 1502 4249 ἡμῶν
1535 4199 1597 4249 γε
1627 4187 1760 4237 πάν-

190 4280 304 4323 τως
333 4261 430 4330 οὐχ
477 4263 688 4332 ἥττοσι,
735 4265 826 4318 καὶ⁵
859 4267 993 4334 πρός
1028 4284 1090 4334 γε
1139 4269 1219 4321 ἐτι
1281 4274 1389 4334 τοῖς
1443 4278 1756 4344 μακαρίοις,

191 4352 291 4402 καὶ
333 4353 431 4403 σὺν
464 4352 648 4415 αὐτοῖς
685 4353 758 4423 τῷ
789 4353 930 4426 Θεῷ,
964 4356 1143 4426 πολλῴ
1191 4358 1255 4411 ἂν
1290 4361 1435 4430 ἣδιον
1465 4363 1636 4431 τούτῳ
1669 4368 1760 4433 γέ-

190 4458 342 4492 νοιτο
385 4440 478 4492 τοῦ
526 4442 645 4511 μεθ’
676 4445 832 4512 ἡμῶν
883 4444 1040 4512 εἶναι,
1071 4449 1124 4500 ετ
1168 4467 1227 4517 γε
1267 4454 1358 4504 καὶ
1383 4457 1757 4524 παραϐάλλειν

191 4532 318 4593 ἐξόν
357 4536 524 4585 ἐστιν.
562 4534 722 4602 Ἡμῖν
774 4536 828 4588 δὲ
876 4539 1081 4592 τούτων
1131 4541 1492 4610 ζημιωθείσιν
1524 4551 1675 4601 οὐδέν
1704 4569 1754 4602 τι

1875 2066 2081 2134 pridem
2115 2069 2517 2139 significabant.
2555 2075 2662 2129 Nos
2686 2093 2849 2146 porro
2881 2079 3124 2134 videntes
3171 2081 3440 2150 gestieba-

1875 2172 2017 2222 nius,
2055 2160 2148 2229 qui
2205 2167 2568 2230 quorumdam
2626 2171 2875 2236 persuasi
2904 2171 3197 2238 vaticiniis,
3235 2175 3439 2228 malum

1874 2250 1924 2302 in
1981 2252 2166 2306 hostes
2230 2258 2541 2312 vertendum
2630 2270 2963 2329 putaremUs.
3045 2263 3199 2320 Nunc
3257 2275 3438 2321 autem

1870 2353 2158 2411 postquam
2191 2345 2317 2400 illud
2352 2349 2404 2401 in
2436 2365 2534 2405 nos
2575 2353 2777 2420 evenit,
2820 2371 3116 2427 omnesque
3152 2360 3352 2428 palam,
3382 2371 3440 2415 ut

1869 2437 2011 2504 quod
2046 2437 2116 2490 ita
2169 2441 2489 2508 maximum,
2536 2445 2608 2499 ita
2644 2447 2923 2511 acerbum,
2953 2465 3016 2503 ac
3050 2450 3166 2506 sine
3197 2453 3440 2509 remedio

1867 2529 2119 2592 exsistat,
2154 2530 2415 2599 all‘ecerit,
2463 2535 2597 2589 nihil
2651 2537 2795 2593 aliud
2836 2541 3103 2610 reliquum
3144 2553 3246 2607 est,
3275 2561 3436 2614 quam

1871 2629 1927 2671 ut
1960 2619 2206 2688 lugentes
2231 2638 2294 2678 ac
2315 2625 2697 2693 lamentantes,
2731 2639 2907 2686 totum
2934 2635 3192 2705 deinceps
3223 2645 3437 2706 tempus

1869 2709 1921 2762 in
1966 2715 2226 2768 maestitia
2277 2719 2532 2774 vivamus
2561 2737 2573 2774 :
2617 2737 2723 2775 non
2755 2725 2974 2792 quidem
3008 2740 3232 2797 propter
3259 2730 3434 2796 illum,

1867 2803 1960 2870 qui
2000 2805 2068 2858 ab
2124 2807 2376 2865 humanis
2432 2811 2573 2879 istis,
2628 2817 2713 2869 vix
2748 2819 3046 2888 quidquam
3085 2837 3319 2891 acmno,
3372 2842 3436 2880 ac

1869 2894 2035 2946 multa
2059 2897 2309 2966 caligine,
2335 2901 2571 2959 diversis
2597 2906 2882 2974 liberatus,
2911 2914 2974 2963 ad
3010 2913 3434 2971 indefectihilem

1864 2986 2030 3050 Illam,
2061 3003 2123 3042 ac
2157 2992 2295 3046 senii
2336 2997 2574 3051 nesciam
2610 3003 2958 3057 serenitatem
3021 3008 3294 3062 transivit.
3330 3009 3434 3076 Qui

1869 3079 2012 3132 enim
2050 3079 2120 3133 ita
2150 3086 2466 3151 possimus?
2495 3091 2593 3144 sed
2633 3104 2850 3164 propter
2877 3113 2975 3152 nos
3005 3099 3173 3167 ipsos,
3204 3104 3296 3172 qui
3321 3105 3435 3159 sola

1882 3189 2046 3228 causa
2079 3175 2294 3246 lugendi
2329 3181 2610 3238 videamur
2633 3188 2824 3242 relicti.
2860 3192 2949 3246 Sic
2981 3203 3158 3249 autem
3189 3213 3303 3252 rem
3346 3199 3437 3253 ha-

1793 3290 1835 3349 c
1869 3265 2017 3328 bere,
2053 3284 2145 3337 per
2172 3272 2315 3326 hunc
2343 3276 2557 3329 modum
2579 3283 2888 3337 accuratius
2917 3290 3290 3355 exquiramus.

1945 3358 2035 3412 Ille
2082 3361 2149 3412 ab
2186 3362 2420 3419 humana
2450 3373 2849 3427 consuetudine
2881 3375 3171 3445 abjunctus
3195 3422 3209 3446 ,
3267 3383 3433 3440 Deum

1876 3462 2207 3508 consecutus
2234 3465 2313 3508 est
2342 3475 2353 3520 ;
2389 3457 2596 3527 fuitque
2619 3461 2914 3532 inscriptus
2940 3468 3218 3526 beatorum
3242 3476 3431 3542 choro,

1871 3541 2012 3593 inter
2038 3558 2175 3611 quos
2208 3549 2361 3600 multi
2391 3560 2517 3602 sunt
2559 3552 2676 3620 cjus
2717 3559 2965 3625 cognati;
3013 3577 3133 3616 cum
3172 3575 3325 3633 pater
3352 3572 3435 3624 vir

1869 3631 2127 3696 optimus,
2192 3643 2304 3688 tum
2337 3649 2508 3691 mater
2566 3642 2698 3695 nihil
2736 3645 2825 3698 illo
2875 3649 3133 3706 deterior.
3163 3631 3252 3710 Sic
3284 3661 3429 3714 enim

1868 3720 2118 3776 fiduciam
2153 3724 2278 3779 facit
2309 3743 2496 3781 eorum
2530 3733 2723 3799 pietas,
2762 3752 2823 3789 ac
2868 3755 3078 3796 morum
3112 3750 3381 3805 rectitudo
3412 3771 3426 3806 :

1867 3814 2069 3880 optima
2135 3832 2354 3886 quoque.
2411 3819 2641 3875 fratrum
2713 3830 3011 3899 sodalitas,
3066 3851 3129 3890 ac
3196 3855 3423 3897 avorum

1867 3906 2050 3969 turba,
2118 3911 2386 3978 amicique
2423 3917 2622 3980 plures.
2665 3918 2986 3990 Quanquam
3023 3943 3152 3999 ergo
3185 3948 3213 3985 a
3248 3937 3424 4001 nobis,

1865 4013 1999 4064 quos
2041 4015 2227 4053 amore
2280 4019 2717 4076 proscquerctur,
2757 4028 2817 4067 ac
2848 4033 3081 4084 quorum
3116 4024 3428 4083 delcctaba-

1867 4098 1952 4140 tur
1986 4095 2417 4158 consuetudine,
2468 4098 2630 4154 fuerit
2682 4118 3001 4175 separatus;
3063 4118 3207 4182 quod
3242 4129 3420 4177 tamen

1863 4194 1986 4233 cum
2051 4186 2390 4250 parentibus,
2430 4192 2725 4262 multisque
2782 4212 3138 4266 cognatorum
3167 4224 3230 4263 ac
3262 4212 3423 4268 fami-

1862 4271 2098 4337 liariurn,
2135 4277 2266 4329 nihil
2295 4281 2519 4335 omnino
2552 4285 2712 4339 nobis
2743 4288 3114 4352 deterioribus
3148 4311 3309 4370 agat;
3353 4308 3419 4359 ad

1863 4363 1975 4419 hrcc
2029 4382 2154 4420 vero
2190 4384 2311 4423 cum
2346 4372 2534 4438 beatis,
2571 4378 2795 4448 ipsoque
2831 4384 3052 4455 insuper
3101 4392 3230 4457 Deo,
3266 4397 3423 4468 longe

1863 4456 2049 4525 utique
2088 4458 2388 4526 jucundius
2449 4464 2662 4534 habeat,
2698 4487 2862 4540 quam
2895 4487 2952 4530 ut
2987 4456 3295 4541 versaretur
3327 4456 3422 4545 no-

1861 4547 2089 4612 biscum,
2128 4559 2184 4603 ut
2227 4552 2390 4606 ullam
2424 4557 2499 4610 rei
2536 4567 3002 4630 comparationem
3036 4572 3173 4628 inire
3223 4582 3421 4636 conde-

190 4624 586 4691 παραπλήσιον
623 4625 959 4693 συμϐέϐηκε.
1013 4629 1167 4690 Τίνος
1201 4631 1309 4698 γὰρ
1341 4632 1406 4683 ἂν
1440 4637 1531 4686 καὶ
1574 4636 1753 4705 τύχοι·
1783 4623 1832 4682 D

195 4729 301 4738 ..-η
330 4712 556 4738 ..Χ-..ἒ-λ-
590 4715 795 4738 ι..-ι..-..
845 4715 1032 4738 D_\_!_,
1060 4734 1075 4738 _
1100 4736 1111 4738 _
1140 4736 1149 4738 _
1218 4721 1301 4738 Αιυκ
1431 4723 1443 4738 ι
1559 4726 1610 4738 ιιι
1686 4728 1696 4738 ι

1783 4623 1832 4682 D
1861 4646 2012 4691 ceat:
2052 4641 2207 4693 nobis
2229 4652 2427 4711 autem,
2461 4648 2552 4714 qui
2586 4650 2777 4705 horum
2801 4654 3096 4716 fecerimus
3120 4666 3416 4738 jacturam,

192 4729 302 4780 μεν
330 4712 556 4781 τάνδρὸς
589 4715 798 4765 ἐκείνου
843 4715 1152 4784 βελτίονος;
1206 4721 1373 4788 Δῆλον
1415 4723 1488 4785 ὡς
1519 4726 1750 4787 οὐδενός·

192 4807 317 4867 πῶς
360 4808 488 4876 γὰρ,
524 4807 614 4860 τοῦ
671 4809 918 4879 μηδαμοῦ
959 4812 1147 4878 ὄντος;
1194 4816 1331 4867 Ἀλλ’
1359 4818 1479 4869 οὐδὲ
1511 4820 1754 4890 λυπηρὸν

188 4897 390 4965 ἐκείνῳ
424 4898 784 4967 συμϐήσεται,
821 4901 966 4969 ζωῆς
1013 4905 1109 4971 τῆς
1147 4907 1450 4973 ἀπεράντου
1485 4927 1754 4983 μετεςχη-

189 4989 338 5048 κότι,
386 4987 481 5039 καὶ
512 4987 670 5056 δόξης
702 4985 792 5052 αὖ,
833 4992 932 5042 καὶ
962 4996 1190 5062 τρυφῆς,
1235 4995 1453 5065 ἀλήκτῳ
1484 4997 1583 5068 βίῳ
1615 5017 1752 5070 συμ-

195 5077 529 5131 ϐαινουσῶν.
569 5075 731 5146 Ἥμῖν
760 5078 808 5130 δ’
839 5080 1082 5134 ακοῦσιν
1112 5084 1192 5135 ἐτι
1232 5087 1292 5136 τὸ
1325 5087 1502 5154 σῶμα,
1542 5089 1753 5142 πολλῶν

190 5165 387 5218 κακῶν
440 5165 615 5218 αῖτιον
666 5163 819 5220 εἶπεν
875 5169 942 5222 ἀν
995 5172 1240 5238 Πλάτων,
1296 5177 1509 5239 πολλοῖς
1543 5180 1751 5251 ἀνάγκη

197 5255 502 5325 μίγνυσθαι
529 5260 642 5322 τοῖς
675 5259 890 5326 δεινοῖς,
917 5254 991 5313 ὧν
1029 5263 1078 5314 οί
1118 5268 1486 5332 μεταστάντες
1509 5272 1752 5337 ἀπηλλά-

187 5365 396 5418 γησαν,

261 5614 336 5666 Οὺ
371 5612 530 5680 μόνον
557 5613 734 5666 τοίνυν
763 5617 1108 5685 ἀπήλλακται
1138 5623 1464 5693 δυσχερειῶν
1491 5629 1572 5681 ὅτι
1605 5631 1752 5683 πλεί-

189 5725 358 5770 στων,
393 5705 456 5766 ἃς
503 5707 717 5774 ἀνάγκη
754 5708 843 5759 τὸν
877 5711 1067 5781 θνητὸν
1103 5721 1438 5782 περινοστεῖν
1469 5721 1618 5774 τόνδε
1665 5725 1753 5776 κό-

190 5813 353 5862 σμον·
385 5795 518 5847 ἀλλά
548 5797 640 5848 καὶ
700 5797 808 5848 τῶν
839 5801 1086 5853 ἐνταυθοῖ
1118 5806 1297 5858 καλῶν
1333 5808 1750 5878 ὀνομαζομένων

189 5887 371 5955 πολλῷ
408 5889 733 5952 κρειττόνων
763 5892 1047 5960 τετύχηκε,
1104 5897 1182 5947 Ti
1235 5902 1336 5967 γὰρ
1380 5904 1491 5952 ἐκεῖ
1526 5906 1661 5957 κα.λά
1690 5924 1746 5958 τε

428 5982 692 6040 ΡΔτιιυι..
737 5985 850 6044 Gtt.
897 5987 1086 6049 CLVI.

1862 4729 1995 4782 nihil
2023 4732 2286 4798 ejusmodi
2321 4738 2522 4792 evenit.
2558 4739 2689 4793 Nam
2725 4747 2850 4812 quid
2886 4749 2956 4804 rei
2990 4729 3261 4820 possimus
3288 4729 3421 4815 con;

1858 4822 2032 4888 sequi,
2070 4833 2127 4876 ut
2163 4824 2292 4878 illud
2324 4828 2438 4881 viro
2499 4836 2755 4899 prtestet?
2803 4837 2994 4908 Liquet
3036 4850 3257 4904 omnino
3307 4869 3417 4908 non

1859 4926 2015 4978 posse
2064 4915 2382 4984 quidquam.
2440 4921 2718 4985 Quomodo
2770 4930 2934 4994 cnim,
2987 4950 3105 4988 cum
3162 4942 3295 4995 nihil
3350 4948 3420 5001 sit

1861 5000 2006 5053 tale?
2038 5003 2106 5056 At
2147 5021 2320 5074 neque
2353 5010 2504 5062 triste
2536 5014 2665 5079 quid
2700 5015 2775 5067 illi
2807 5020 3088 5088 acciderit,
3116 5029 3208 5093 qui
3242 5000 3418 5089 factus

1858 5091 1925 5141 sit
1953 5091 2219 5161 particeps
2256 5095 2680 5156 interminabilis
2718 5106 2861 5171 vitae,
2911 5091 3204 5185 gloriaeque
3242 5131 3295 5175 et
3318 5140 3415 5176 vo-

1858 5177 2097 5247 luptatis,
2156 5200 2274 5252 quae
2312 5189 2430 5240 vitae
2468 5190 2540 5242 illi
2580 5193 2629 5245 in
2655 5177 2935 5253 lefectibili
2994 5177 3248 5275 congruae
3283 5213 3414 5268 sint.

1857 5269 2022 5325 Nobis
2059 5285 2243 5329 autem
2273 5279 2366 5346 qui
2394 5297 2591 5349 corpus
2648 5287 2823 5341 adhuc
2847 5291 3182 5350 domicilium
3220 5301 3417 5356 habea-

1856 5379 2000 5427 mus,
2061 5371 2204 5433 quod
2232 5372 2384 5424 Plato
2408 5376 2644 5442 plurium
2681 5380 2947 5434 malorum
2978 5401 3199 5442 causam
3234 5399 3417 5462 appel-

1855 5453 2010 5522 lavit,
2050 5474 2269 5516 necesse
2320 5466 2390 5518 sit
2426 5468 2609 5522 multis
2635 5470 2899 5537 implicari
2945 5479 3122 5542 malis,
3156 5497 3184 5534 a
3218 5486 3430 5551 quibus"

1855 5546 2096 5603 defuncti
2120 5553 2320 5608 saecqu
2350 5566 2478 5609 sunt
2505 5559 2741 5614 liberati.

1927 5638 2128 5692 Nedum
2192 5659 2318 5713 erga
2349 5663 2378 5700 a
2411 5649 2673 5705 molestiis
2719 5655 2967 5722 plurimis
3007 5660 3264 5719 liberatus
3311 5678 3411 5734 est,

1855 5746 1992 5798 quas
2029 5750 2250 5791 necesse
2289 5748 2372 5793 est
2420 5745 2681 5798 mundum
2719 5748 2861 5804 hunc
2893 5756 3294 5823 corruptibilem
3321 5761 3418 5814 ob-

1856 5825 2062 5890 vagari,
2101 5828 2190 5880 sed
2241 5841 2291 5883 et
2318 5832 2457 5885 bona
2523 5838 2721 5890 nostris
2768 5840 2844 5894 sic
2893 5848 3216 5909 nuncupatis
3258 5850 3417 5920 longe

1856 5915 2065 5980 potiora
2090 5919 2314 5989 adeptus
2334 5935 2431 5978 est.
2458 5924 2586 5989 Quae
2635 5931 2776 5983 enim
2808 5949 2921 5986 aevo
2946 5937 3036 5989 illo
3052 5939 3272 6006 pulchra
3291 5956 3415 5996 sunt

2955 6029 3019 6087 10
